3934 6316
121 110 380 149 Τ⁵

314 355 421 416 593

1156 359 1581 418 REFUTATIO
1622 359 1999 420 EPISTOLE
2033 359 2260 422 REGIS
2302 361 2683 422 ARMENLE.

3433 369 3534 430 5M

383 462 450 530 γ’.
479 462 584 515 Καὶ
612 462 774 530 σαφὲς
809 463 995 516 τούτου
1046 467 1412 535 παράδειγμα,
1446 472 1490 520 εί
1524 468 1695 530 θέλεις
1751 484 1874 520 συνο

2045 467 2095 520 5.
2129 467 2191 519 Ει
2221 469 2534 534 przcclarnm
2593 469 2816 538 hujusce
2863 472 2936 526 rei
2995 474 3325 542 exemplum,
3373 477 3533 532 dum-

311 553 467 622 ορᾷν,
498 547 598 606 ὦδε
627 569 638 581 ·
666 554 1078 622 Προκείσθωσαν
1104 555 1194 606 οὖν
1218 557 1457 624 χρύσινοι
1496 561 1642 628 τρεῖς
1663 599 1678 620 ,
1722 560 1751 611 6
1794 555 1872 620 εἷς

309 643 607 713 ἐμϐληθεὶς
639 647 791 713 πυρὶ.
825 646 919 698 καὶ
943 647 1210 714 κυρωθεὶς
1241 649 1455 714 ἐγένετο
1483 647 1610 718 πῦρ,
1640 663 1872 718 μεμενη·

310 733 425 799 κὼς
457 736 673 806 χρυσὸς,
706 731 814 800 οἷος
858 733 943 808 ἦν.
997 739 1069 791 Σὺ
1105 735 1196 792 οὖν
1229 741 1276 791 εί
1308 740 1454 808 θείης
1495 743 1550 794 ὲν
1579 742 1735 811 μέρει
1775 743 1874 810 μὲν

307 827 438 890 τοὺς
464 827 655 891 ἄλλους
679 829 772 882 δύο
801 829 1108 898 χρυσίνους,
1148 831 1206 882 ὲν
1245 832 1398 900 μέρει
1439 818 1495 884 δὲ
1523 832 1747 896 πολλοὺς
1777 833 1872 887 ἀν-

307 917 520 990 θρακας
551 916 826 990 πυρίνους,
858 917 974 974 εἶτα
1005 922 1093 974 τὸν
1125 922 1380 991 χρύσινον
1404 923 1495 974 τὸν
1533 923 1868 993 πυρωθέντα,

307 1008 538 1080 καὶπῦρ
569 1010 858 1079 γινόμενον
893 1001 1107 1081 μεταξὺ
1148 1011 1256 1065 τῶν
1283 1013 1459 1067 ἄλλων
1481 1011 1576 1067 δύο
1607 1015 1873 1084 χρυσίνων

306 1100 530 1153 καὶτῶν
565 1100 870 1170 ἀνθράκων,
898 1103 990 1156 τὸν
1017 1103 1270 1172 διάμεσω
1293 1104 1390 1156 ἑὰν
1428 1104 1596 1176 θεάσῃ
1622 1105 1873 1175 χρύσινον

303 1189 509 1259 ιχοντα-
523 1191 624 1261 τήν
651 1208 708 1245 τε
737 1191 900 1260 φύσιν
917 1193 1027 1247 τῶν
1047 1194 1221 1248 ἀλλων
1240 1193 1334 1248 δύο
1355 1194 1620 1266 χρυσίνων
1639 1195 1870 1261 τελείαν,

301 1283 585 1338 τουτέστιν
628 1284 755 1338 δντα
807 1287 1028 1355 χρυσδν,
1076 1286 1151 1349 ὡς
1175 1290 1286 1339 τοῖν
1317 1268 1460 1340 δυοῖν
1513 1287 1739 1339 ἑκείνοιν
1761 1289 1874 1339 τοῖν

301 1374 581 1442 χρυσίνοιν
610 1376 885 1445 ἑκάτερον,
909 1376 1003 1430 καὶ
1026 1378 1138 1430 τῶν
1167 1377 1453 1446 ἀνθράκων
1483 1377 1664 1446 φύσιν,
1687 1375 1873 1446 ἐπειδὴ

303 1454 423 1536 πῦρ
459 1467 628 1550 εστιν,
681 1465 870 1538 ὥσπερ
921 1467 1028 1522 τῶν
1059 1469 1234 1523 ἄλλων
1264 1469 1552 1538 ἀνθράκων
1607 1467 1870 1531 ικαστος⁹

301 1557 400 1608 τὸν
432 1556 595 1610 αὐτὸν
626 1557 687 1626 δὴ
718 1558 913 1627 τρόπον
938 1560 965 1611 6
994 1559 1161 1621 ἀΐδιος
1215 1559 1341 1621 Υίδς
1371 1559 1428 1625 ἐξ
1454 1557 1684 1629 ούρανοῦ
1709 1575 1874 1610 κατα-

300 1646 430 1711 ϐὰς,
465 1649 561 1718 οὐχ
601 1649 896 1703 ὑπόστασιν
951 1649 1010 1714 ἐξ
1058 1649 1235 1720 ἡμῶν,
1281 1650 1415 1703 ἀλλὰ
1469 1650 1567 1719 τὴν
1601 1647 1874 1719 ἡμετέραν

300 1737 469 1802 φύσιν
497 1738 678 1800 ἔλαϐε,
717 1739 809 1792 καὶ
832 1739 1052 1808 γέγονεν
1075 1743 1148 1804 ὼς
1179 1737 1258 1806 εἷς
1287 1741 1346 1808 ἐξ
1373 1742 1550 1812 ἡμῶν,
1573 1742 1647 1805 ὼς
1673 1744 1701 1795 6
1731 1741 1872 1804 θεῖος

299 1829 599 1894 ἀπόστολος
636 1830 844 1894 Παῦλος
873 1831 1040 1898 λέγει,
1069 1831 1462 1899 πεπειρᾶσθαι
1495 1830 1645 1885 κατὰ
1676 1831 1872 1887 πάντα

300 1919 439 1973 καθ’
469 1919 760 1990 ἡμετέραν
782 1923 1092 1991 ὁμοιότητα
1118 1922 1296 1992 χωρίς
1340 1923 1643 1990 ἁμαρτίας.
1680 1923 1872 1977 Τοίνυν

297 2006 400 2061 οὖν
435 2011 464 2062 6
493 2011 663 2072 ἀΐδιος
715 2011 840 2073 Υίὺς
869 2011 982 2080 ἔχει
1012 2012 1113 2081 τήν
1139 2029 1199 2064 τε
1247 2011 1340 2065 τοῦ
1393 2011 1608 2082 Πατρὸς
1651 2013 1744 2066 καὶ
1776 2012 1868 2065 τοῦ

301 2099 461 2162 ἀγίου
486 2101 818 2170 Πνεύματος,
848 2102 915 2172 ἢν
934 2101 1021 2156 άεὶ
1039 2105 1257 2172 προεῖχε
1278 2102 1462 2170 φύσιν,
1479 2101 1578 2171 τὴν
1596 2103 1870 2173 ἡμετέραν

298 2188 650 2259 ἀνθρωπίνην
710 2191 872 2259 φύσιν
913 2195 1048 2259 μετὰ
1079 2193 1173 2244 καὶ
1221 2190 1318 2261 τὴν
1349 2189 1541 2245 ἑαυτοῦ
1573 2192 1867 2262 σάρκωσιν,

302 2280 406 2344 μία
435 2281 694 2352 ὑπάρχων
722 2281 786 2346 ἐκ
807 2284 902 2352 τῆς
935 2282 1098 2350 ἁγίας
1135 2281 1367 2351 Τριάδος
1398 2281 1716 2347 ὑπόστασις,
1771 2283 1869 2352 τῆς

297 2372 466 2438 ἁγίας
520 2373 746 2442 Τριάδος
790 2373 1110 2444 προσθήκην
1134 2374 1235 2427 οὐκ
1282 2372 1690 2444 είσδεξαμένης.
1724 2374 1785 2427 Et
1813 2373 1869 2428 δὲ

297 2461 460 2516 τοῦτο
487 2464 720 2535 φανερὸν
771 2464 866 2518 καὶ
915 2466 1029 2526 τοῖς
1059 2465 1227 2535 μικρὰ
1276 2463 1591 2534 δυναμένοις
1641 2467 1869 2537 συνορᾷν

297 2547 471 2618 εστιν,
493 2555 574 2608 ὅτι
611 2555 710 2625 τὴν
739 2553 968 2608 σεαυτοῦ
1005 2553 1180 2621 δόξαν,
1218 2555 1317 2625 τὴν
1338 2558 1467 2626 περὶ
1499 2557 1627 2627 μιᾶς
1655 2557 1870 2626 φύσεως

299 2645 397 2701 τοῦ
431 2647 692 2716 Χριστοῦ,
713 2645 837 2701 οὗτε
862 2647 974 2701 τῶν
996 2648 1306 2702 ἀποστόλων
1325 2651 1354 2703 6
1372 2649 1531 2720 χορὸς
1559 2651 1868 2722 παρειδίδω⁸

299 2754 422 2803 κεν,
457 2736 580 2792 οὗτε
609 2738 718 2809 μὴν
738 2741 793 2791 ai
820 2739 972 2804 ἀγιαι
1007 2741 1158 2808 τρεῖς
1206 2738 1432 2802 σύνοδοι,
1477 2739 1535 2792 αί
1590 2741 1731 2796 κατὰ
1759 2740 1870 2793 δια-

300 2829 506 2899 φόρους
532 2830 756 2898 καιροὺς
787 2829 914 2898 παρ’
940 2830 1178 2883 εὐσεϐῶν
1200 2829 1462 2899 βασιλέων
1488 2831 1711 2902 προνοίᾳ
1734 2832 1867 2884 Θεοῦ

302 2921 799 2990 συναθροισθεῖσαι,
831 2915 918 2982 αἷς
947 2922 1036 2974 καὶ
1059 2922 1221 2984 αύτδς
1248 2920 1335 2974 διά
1361 2920 1456 2974 τοῦ
1491 2921 1584 2975 σοῦ
1606 2921 1867 2993 γράμμα-

242 3044 252 3051 ν
297 3029 393 3076 τος
419 3012 818 3084 συνομολογεῖς,
854 3013 946 3066 καὶ
978 3013 1236 3084 ἀποδέχῃ,
1271 3014 1392 3066 ἐπεὶ
1423 3014 1739 3083 καθαιρέσει
1770 3014 1867 3082 μὲν

1978 560 2136 611 modo
2157 559 2208 611 id
2241 574 2346 612 non
2380 576 2594 626 renuas,
2625 562 2716 615 tibi
2747 562 2957 617 habeto.
2982 565 3102 619 Sint
3132 567 3283 619 aurei
3325 567 3534 621 nummi

1975 659 2082 703 tres
2113 668 2124 702 :
2166 665 2304 704 unus
2337 651 2389 704 in
2423 651 2595 719 ignem
2629 652 2905 721 conjectns
2935 667 2986 708 et
3020 657 3220 727 ignitus
3253 657 3426 713 factus
3454 668 3537 713 est

1976 739 2134 806 ignis,
2169 755 2451 794 remanens
2471 741 2520 795 id
2552 743 2692 811 quod
2718 743 2868 812 prius
2890 756 3005 798 erat
3033 761 3244 799 aurum.
3272 747 3350 799 'l‘u
3379 763 3538 816 porro

1975 832 2018 886 si
2083 833 2389 900 seposueris
2446 835 2582 890 alios
2633 837 2771 892 duos
2802 853 3056 893 nummos
3103 855 3299 896 aureos
3338 843 3388 894 in
3428 856 3535 896 una

1975 931 2145 990 parte,
2174 932 2227 976 et
2271 938 2335 976 ex
2371 923 2475 977 alia
2506 926 2706 981 multos
2740 929 3005 984 carbones
3043 930 3260 1000 ignitos,
3300 942 3537 999 postmo-

1973 1013 2101 1066 dum
2161 1013 2386 1094 ignitum
2419 1013 2567 1071 illum
2608 1031 2857 1078 aureum,
2882 1027 2935 1072 et
2983 1020 3160 1090 ignem
3185 1021 3296 1089 jam
3336 1022 3538 1076 factum

1975 1105 2116 1158 inter
2147 1105 2282 1160 alios
2311 1108 2448 1162 duos
2491 1124 2687 1164 aureos
2716 1121 2768 1166 et
2795 1111 3059 1166 carbones
3088 1114 3373 1183 eonjicias.
3425 1131 3538 1170 me-

1973 1191 2121 1244 dium
2142 1207 2422 1246 nununum
2453 1209 2675 1250 aureum
2705 1196 2996 1252 intueberis
3025 1208 3271 1254 naturam
3304 1200 3537 1256 aliorum

1973 1280 2203 1338 duorum
2262 1299 2548 1339 aureorum
2612 1286 2893 1341 habentem
2932 1287 3244 1355 perfectam,
3278 1300 3537 1359 tanquam

1973 1371 2066 1441 qui
2113 1387 2304 1426 aurum
2335 1383 2436 1438 est,
2478 1376 2934 1444 quemadmodum
2964 1387 3018 1430 et
3063 1379 3171 1432 duo
3214 1379 3302 1432 alii
3365 1381 3537 1447 aurei,

1973 1463 2269 1518 carbonum
2297 1480 2517 1534 quoque
2548 1477 2823 1531 naturam,
2853 1469 3068 1536 quando
3097 1469 3234 1539 ignis
3268 1481 3370 1534 est,
3402 1471 3541 1526 sient

1973 1564 2027 1609 et
2079 1571 2143 1610 ex
2195 1556 2315 1612 aliis
2353 1557 2695 1614 carbonibus.
2722 1559 2980 1628 quilibet.
3022 1559 3137 1612 Non
3185 1561 3289 1614 alia
3330 1562 3540 1616 ratione

1973 1647 2336 1715 sempiternus
2371 1646 2537 1704 Filius
2572 1649 2636 1704 de
2659 1647 2799 1704 coelo
2829 1642 3162 1705 descendens
3188 1667 3292 1706 non
3325 1667 3353 1704 a
3384 1652 3539 1708 nobis

1978 1735 2332 1805 bypostasim,
2369 1741 2460 1794 sed
2486 1751 2728 1794 naturam
2757 1742 2986 1809 accepit,
3019 1753 3066 1795 et
3101 1741 3285 1798 factus
3306 1755 3387 1798 est
3412 1757 3535 1797 tan-

1975 1843 2135 1898 quam
2169 1844 2308 1884 unus
2330 1844 2394 1883 ex
2435 1831 2614 1886 nobis.
2652 1831 2715 1885 Et
2749 1831 2962 1886 divinus
3012 1833 3209 1887 Paulus
3254 1835 3534 1903 apostolus

1973 1919 2596 1996 asseverat,‘tentatum
2650 1923 2812 1991 fuisse
2879 1939 2968 1991 per
3023 1925 3201 1978 omnia
3252 1926 3540 1978 secundum

1974 2017 2206 2061 nostram
2231 2009 2626 2065 similitudinem
2662 2013 2851 2082 absque
2883 2024 3093 2081 peccato
3124 2015 3162 2067 ³.
3199 2014 3364 2084 igitur
3398 2032 3537 2070 sem-

1972 2100 2216 2169 pitsrnus
2278 2099 2447 2156 Filius
2497 2104 2658 2158 habet
2717 2086 2892 2160 i’atris
2940 2115 2992 2160 et
3047 2107 3284 2176 Spiritus
3337 2109 3536 2170 sancti.

1972 2208 2132 2262 quam
2160 2208 2368 2263 semper
2391 2204 2545 2251 antea
2572 2196 2904 2266 possederat,
2923 2207 3197 2260 naturam,
3216 2205 3270 2252 et
3298 2207 3539 2252 nostram

1973 2284 2284 2351 humanam,
2314 2295 2430 2353 post
2464 2302 2616 2342 suam
2645 2287 3075 2342 incarnationem
3100 2327 3115 2352 ,
3146 2303 3268 2342 cum
3312 2289 3382 2342 sit
3431 2305 3536 2344 una

1971 2385 2170 2432 sancte
2213 2375 2490 2434 Trinitatis
2534 2380 2860 2449 hypostasis,
2890 2381 3039 2434 nullo
3083 2389 3287 2454 sanctae
3326 2378 3539 2434 Triadis

1970 2465 2357 2522 additamenta.
2385 2468 2438 2521 ιιι
2489 2469 2532 2523 si
2582 2469 2653 2524 ita
2685 2478 2787 2532 est,
2834 2469 3180 2523 manifestum
3229 2469 3298 2524 sit
3323 2469 3410 2533 iis,
3443 2472 3534 2539 qui

1970 2557 2164 2628 pusilla
2188 2557 2349 2612 etiam
2372 2571 2566 2625 capere
2602 2565 2849 2627 possunt,
2895 2567 3042 2612 tuam
3083 2558 3148 2612 de
3197 2574 3301 2612 una
3333 2557 3537 2614 Christi

1971 2657 2166 2705 natura
2206 2647 2546 2711 sententiam,
2585 2663 2759 2718 neque
2788 2647 3156 2718 apostolorum
3187 2656 3408 2714 emtum,
3441 2664 3538 2702 ne-

1970 2727 2073 2808 que
2102 2748 2212 2793 tres
2235 2747 2451 2794 sanctas
2486 2739 2721 2809 synodos
2745 2737 2977 2793 diversis
3012 2738 3348 2807 temporibus
3374 2753 3402 2792 a
3434 2738 3539 2807 piis

1971 2827 2391 2897 imperatoribus
2414 2827 2594 2883 divina
2627 2825 2968 2882 Providentia
2996 2836 3371 2898 congregatas,
3401 2841 3539 2896 quas

1970 2927 2022 2974 et
2051 2919 2163 2987 ipse
2191 2934 2285 2990 per
2309 2929 2454 2974 tuam
2490 2919 2772 2988 epistolam
2805 2920 3017 2988 recipis,
3051 2928 3104 2975 et
3143 2919 3330 2973 eodem
3378 2929 3538 2989 atque

1971 3025 2071 3065 nos
2134 3009 2317 3065 animo
2379 3009 2762 3079 voluntateque
2818 3010 3050 3078 probas,
3101 3007 3406 3062 tradidisse.
3456 3009 3537 3062 Ad

299 3109 403 3176 τῆς
449 3105 543 3160 τοῦ
614 3107 845 3174 Ἀρείου,
907 3107 1000 3158 καί
1038 3106 1396 3167 Μακεδονίου,
1452 3106 1545 3160 καὶ
1577 3105 1869 3175 Νεστορίου

1972 3100 2292 3156 refellendas
2337 3099 2584 3171 equidem
2616 3099 2752 3164 Arii,
2778 3098 3072 3156 Macedonii
3100 3107 3154 3153 et
3180 3097 3409 3154 Nestorii
3443 3113 3536 3152 ve-

303 3199 623 3263 κακοδοξίας
648 3199 860 3268 πρῶτον
886 3197 1092 3250 σύνοδοι
1139 3197 1635 3266 συναγηγερμέναι,
1685 3198 1736 3249 ai
1773 3197 1869 3264 μὲν

302 3289 568 3359 πρότεραι
618 3289 710 3341 δύο
754 3289 851 3358 τὴν
915 3290 1006 3340 ἰπὶ
1077 3289 1325 3358 θεολογίᾳ
1369 3289 1534 3358 ὀρθὴν
1583 3276 1870 3357 ὁμολογίαν

301 3380 616 3450 έτράνωσάν
641 3397 699 3433 τε
735 3379 827 3432 καὶ
853 3379 1166 3441 ὲθέσπισαν,
1213 3379 1306 3431 τοῦ
1345 3381 1870 3450 ὁμολογεῖνάληθῶς

231 3469 234 3471 “
276 3468 394 3522 ’τὸν
421 3469 592 3523 ἀΐδιον
624 3470 748 3522 Υίὸν
777 3471 870 3522 καὶ
899 3469 1070 3536 Λόγον
1103 3469 1195 3521 τοῦ
1218 3470 1352 3521 Θεοῦ
1388 3471 1481 3522 καὶ
1523 3470 1751 3540 Πατρδς,
1778 3473 1870 3523 καὶ

300 3561 365 3614 τὸ
394 3560 617 3631 Πνεῦμα
645 3560 705 3612 τὸ
728 3560 882 3627 am
915 3561 1176 3629 δμοούσια
1196 3560 1273 3626 τῷ
1301 3561 1473 3630 Πατρὶ
1510 3561 1602 3614 καὶ
1633 3562 1869 3630 δμοφυῆ,

301 3651 400 3706 καὶ
427 3652 527 3721 τῆς
543 3651 712 3720 αὐτῆς
739 3651 832 3704 καὶ
861 3653 990 3720 μιᾶς
1010 3652 1282 3720 θεότητος,
1314 3651 1572 3715 ίσοκλεῶς
1596 3651 1670 3722 τῷ
1699 3651 1870 3722 Πατρὶ

302 3741 394 3794 τὸν
422 3734 555 3794 Υίδν
609 3739 699 3792 καὶ
751 3739 812 3792 τὺ
869 3741 1022 3805 ἅγιον
1084 3741 1311 3808 Πνεῦμα
1347 3741 1614 3811 μετέχειν,
1651 3743 1742 3794 καὶ
1776 3743 1870 3794 ἕνα

301 3831 436 3886 Θεὸν
463 3831 532 3883 τά
560 3831 684 3901 τρία
733 3830 994 3895 δοξάζειν,
1027 3832 1129 3884 κᾶν
1182 3832 1307 3900 τρία
1355 3834 1470 3893 ταῖς
1514 3832 1738 3901 ἰδιότησι
1774 3849 1869 3884 πι-

305 3923 580 3992 στεύηται,
597 3922 691 3975 καὶ⁷
714 3922 1004 3993 μηδέτερον
1025 3926 1104 3987 είς
1126 3925 1330 3993 κτίσμα
1352 3924 1556 3995 τούτων
1588 3925 1867 3991 κατάγειν.

302 4007 472 4071 Δῦται
493 4011 550 4065 δὲ
575 4012 704 4082 περὶ
730 4014 857 4082 μιᾶς
881 4013 1091 4082 φύσεως
1120 4013 1213 4067 τοῦ
1238 4015 1379 4067 κατά
1403 4014 1636 4085 Χριστὸν
1669 4031 1872 4085 μυστη-

307 4101 422 4176 ρίου
443 4102 694 4173 οὐδαμῶς
722 4105 1014 4157 ὲθέσπισάν
1041 4123 1099 4157 τε
1125 4105 1220 4158 καὶ
1247 4103 1470 4175 ὥρισαν.
1516 4105 1579 4158 Ἥ
1602 4105 1658 4159 δὲ
1682 4106 1870 4176 πρώτη

307 4192 406 4264 μιν
428 4195 486 4246 ὲν
507 4191 738 4263 Ἐφέσῳ,
756 4193 911 4263 τρίτη
935 4192 991 4245 δὲ
1020 4194 1154 4262 πρὸς
1181 4196 1299 4256 ταῖς
1343 4193 1494 4248 δυσὶν
1522 4195 1871 4265 οίκουμενικὴ

305 4283 436 4351 ἀγία
458 4283 693 4348 σύνοδος,
721 4283 858 4354 αὕτη
886 4284 985 4353 μὲν
1008 4285 1110 4353 τὴν
1124 4285 1218 4337 τοῦ
1245 4285 1538 4353 Νεστορίου
1558 4285 1872 4351 κακοδοξίαν

306 4373 737 4445 θριαμϐεύσασα,
768 4375 887 4443 ἥτις
917 4375 1007 4427 τὸν
1038 4375 1132 4428 ἕνα
1159 4377 1388 4446 Χριστὸν
1414 4378 1505 4429 καὶ
1544 4377 1745 4448 Κύριον
1777 4377 1869 4432 καὶ

305 4465 438 4518 Θεδν
466 4465 620 4533 ἡμῶν
669 4466 748 4528 είς
797 4466 892 4520 δύο
921 4467 1068 4529 υίοῦς
1112 4468 1206 4519 καὶ
1237 4467 1330 4520 δύο
1360 4467 1623 4537 πρόσωπα
1644 4487 1870 4524 κατατε-

309 4559 429 4627 μεῖν
455 4556 738 4627 ἐτόλμησε,
766 4557 858 4609 καὶ
884 4557 985 4627 τὴν
1015 4557 1292 4624 πάναγνον
1321 4560 1412 4610 καὶ
1457 4559 1618 4626 ἁγίαν
1660 4559 1868 4630 Παρθέ-

306 4664 396 4700 νον
427 4648 715 4700 Θεοτόκον
757 4647 941 4700 καλεῖν
991 4649 1526 4718 ἀπηρυθριασμένως
1580 4652 1607 4701 6
1639 4650 1872 4714 δείλαιος

299 4737 405 4791 οὐκ
432 4735 604 4807 ἠξίου,
661 4737 858 4808 μᾶλλον
892 4739 989 4808 μὲν
1038 4736 1132 4794 οὖν
1159 4742 1686 4808 Χριστοτόκον,·ὼς
1717 4741 1870 4810 ψιλὸν

307 4826 590 4896 ἄνθρωπον
613 4830 972 4899 γεννήσασαν.
999 4830 1106 4893 Τάς
1135 4833 1243 4901 γὰρ
1274 4831 1368 4885 δύο
1389 4833 1576 4900 φύσεις
1600 4832 1690 4886 τοῦ
1741 4834 1870 4903 Ἐμ-

312 4915 573 4986 μανουὴλ,
591 4917 648 4982 ἐξ
674 4911 856 4971 ὤνκαὶ
883 4919 942 4971 ὲν
968 4913 1102 4981 αἷςδ
1131 4922 1359 4990 Χριστὸς
1383 4921 1682 4993 ὲθεωρεῖτο,
1699 4923 1865 4992 ἤγουν

307 5005 408 5075 τὴν
423 5005 670 5075 θεότητα,
693 5009 853 5076 φημὶ,
888 5009 982 5063 καὶ
999 5011 1097 5080 τὴν
1118 5011 1524 5080 ἀνθρωπότητα,
1556 5012 1658 5065 άνὰ
1701 5013 1863 5082 μέρος

309 5096 498 5160 τιθεὶς,
530 5097 624 5150 καὶ
660 5099 1035 5162 ίδιοσυστάτως
1061 5103 1266 5163 ταύτας
1315 5103 1611 5171 ὁμολογῶν,
1642 5104 1734 5156 καὶ
1764 5105 1866 5172 φύ·

263 5228 268 5234 .
312 5203 392 5239 σιν
411 5187 736 5257 άπρόσωπον
778 5190 852 5260 μὴ
904 5190 1158 5257 δοξάζων,
1202 5195 1295 5246 καὶ
1332 5193 1418 5248 διὰ
1438 5195 1593 5247 τοῦτο
1615 5195 1736 5248 ὅσαι
1773 5195 1870 5263 μὲν

309 5278 366 5330 ai
381 5278 592 5346 φύσεις,
619 5281 849 5334 τοσαῦτα
875 5283 968 5335 καὶ
999 5283 1068 5336 τά
1096 5283 1358 5354 πρόσωπα
1391 5286 1749 5352 συνεισάγων,
1777 5285 1869 5339 καὶ

313 5368 563 5439 σχετικὴν
590 5369 780 5423 ἕνωσιν
801 5371 895 5425 τοῦ
919 5371 1053 5425 Θεοῦ
1089 5375 1262 5442 Λόγου
1297 5377 1430 5446 πρὸς
1455 5377 1546 5430 τὸν
1562 5379 1624 5429 ὲκ
1648 5375 1864 5443 Μαρίας

311 5459 633 5528 γεννηθέντα
654 5461 939 5531 ὡμολόγει.
967 5465 1257 5536 Τοιγάρτοι
1293 5468 1481 5520 τοῦτον
1539 5466 1863 5535 ἀναθεματί-

314 5564 468 5616 σασα,
500 5550 751 5605 ἐθέσπισέ
786 5569 846 5604 τε
881 5555 974 5606 καὶ
1018 5557 1262 5627 ἐκύρωσε
1294 5557 1390 5626 τὴν
1419 5558 1540 5612 καθ’
1570 5559 1863 5610 ὑπόστασιν

417 5729 436 5759 ³
469 5725 631 5784 llcbr.
661 5746 736 5795 IV,
777 5729 861 5783 15.

1972 3207 2133 3247 sanas
2154 3192 2436 3262 opiniones
2471 3191 2572 3246 illa!
2607 3201 2811 3248 coactae
2845 3200 2997 3254 sunt,
3032 3191 3220 3261 primze
3250 3192 3370 3244 dim:
3409 3205 3538 3259 pro-

1970 3282 2259 3338 fessionem
2291 3283 2357 3337 de
2381 3283 2486 3338 Deo
2514 3294 2715 3338 rectam
2760 3291 3160 3353 exposuerunt,
3202 3291 3254 3335 et
3280 3281 3536 3336 decreve-

1970 3384 2116 3439 runt,
2145 3384 2202 3429 ut
2229 3389 2414 3430 omnes
2463 3389 2587 3430 vere
2619 3375 2967 3444 proﬁtentur,
3021 3373 3408 3442 sempiternum
3447 3370 3537 3426 Fi-

1970 3465 2099 3519 lium
2135 3475 2187 3519 ct
2213 3463 2446 3519 Verbum
2475 3463 2567 3519 Dei
2612 3473 2665 3519 et
2691 3464 2888 3530 Patris,
2924 3478 3132 3518 necnon
3188 3471 3241 3517 et
3288 3458 3539 3518 saucium

1973 3557 2233 3626 Spiritum
2295 3557 2533 3626 ejusdem
2583 3556 2831 3615 essentia:
2878 3563 3192 3623 naturaeque
3241 3569 3362 3608 esse
3409 3567 3548 3608 cum

1970 3649 2150 3715 Patre,
2177 3660 2228 3704 et
2277 3650 2518 3722 eamdem
2550 3658 2603 3703 et
2625 3665 2787 3704 unam
2832 3647 3165 3700 divinitatem
3200 3646 3391 3714 aequali
3421 3646 3536 3714 glo-

1972 3743 2047 3797 ria
2086 3758 2206 3798 cum
2250 3741 2406 3796 Patre
2438 3741 2632 3795 Filium
2687 3750 2741 3795 et
2784 3741 3043 3808 Spiritum
3087 3747 3335 3793 sanetum
3367 3739 3533 3806 parti-

1970 3834 2169 3902 cipare,
2198 3843 2251 3886 et
2280 3847 2447 3886 unum
2476 3830 2640 3884 Deum
2685 3830 2787 3884 tria
2819 3829 2930 3882 hare
2961 3828 3226 3892 confiteri,
3268 3826 3392 3882 licet
3417 3840 3536 3895 pro-

1971 3925 2290 3995 prietalihus
2320 3924 2423 3978 tria
2453 3938 2573 3978 esse
2626 3924 2934 3984 credantur,
2963 3930 3017 3974 et
3044 3936 3105 3974 ex
3161 3921 3248 3972 bis
3279 3928 3543 3973 neutrum-

1971 4017 2036 4070 a.|
2071 4024 2346 4069 creaturas
2370 4013 2600 4068 deferre.
2636 4012 2701 4066 Et
2731 4013 2810 4066 ha:
2838 4015 2904 4065 de
2929 4026 3036 4065 una
3068 4020 3259 4064 natura
3295 4009 3532 4080 mysterii

1971 4109 2266 4162 secundum
2293 4107 2566 4175 Christum
2592 4104 2723 4158 nihil
2749 4103 3115 4166 sanciverunt,
3161 4111 3253 4154 aut
3283 4102 3535 4155 deiinive-

1973 4209 2117 4250 rnnt.
2171 4195 2347 4251 Prima
2409 4206 2585 4248 autem
2650 4193 2939 4263 Ephesina,
2994 4191 3085 4245 sed
3142 4191 3295 4244 tertia
3345 4190 3533 4244 ordine

1973 4287 2305 4342 (Pettmcnica
2342 4294 2527 4340 sancta
2557 4285 2816 4354 synodus,
2847 4282 3079 4336 Nestorii
3114 4281 3302 4335 hmresi
3343 4279 3529 4333 debel-

1975 4380 2117 4442 lata,
2162 4379 2252 4446 qui
2286 4392 2451 4430 unum
2509 4376 2781 4428 Christum
2811 4383 2863 4427 et
2917 4371 3201 4425 Dominum
3259 4380 3312 4423 et
3366 4368 3530 4421 Deum

1973 4479 2217 4523 nostrum
2262 4469 2314 4520 in
2363 4467 2499 4520 duos
2534 4465 2692 4528 ﬁlios,
2735 4471 2788 4516 et
2817 4462 2953 4516 duas
3007 4475 3267 4530 personas
3295 4460 3533 4513 dividere

1971 4575 2178 4622 ausus,
2229 4555 2786 4610 immaculatissimam
2843 4562 3198 4620 sanctamque
3257 4551 3529 4620 Virginem

1968 4651 2205 4705 vocitare
2239 4649 2518 4716 Deiparam
2555 4644 2915 4698 inverecunde
2949 4642 3112 4695 nimis
3143 4642 3301 4694 miser
3345 4656 3532 4694 renue-

1968 4741 2077 4803 bat,
2113 4740 2204 4794 sed
2236 4740 2414 4808 potius
2446 4738 2853 4803 C/tristiparam,
2880 4744 3160 4800 tanquam,
3195 4747 3314 4799 qua:
3334 4745 3527 4800 purmn

1967 4831 2240 4886 hominem
2266 4829 2540 4899 genuisset
2572 4845 2584 4878 :
2619 4840 2851 4892 namque
2884 4825 3018 4886 duas
3045 4822 3412 4876 Emmanuelis
3437 4837 3529 4873 na-

1973 4932 2143 4985 turas,
2165 4937 2227 4973 es
2276 4919 2472 4989 quibus
2502 4925 2554 4970 et
2575 4917 2626 4969 in
2662 4915 2859 4984 quibus
2889 4914 3162 4968 Christum
3198 4911 3522 4977 contempla—

1972 5026 2112 5071 mur,
2138 5008 2385 5063 deitatem
2416 5018 2604 5073 nempe
2627 5013 2680 5056 et
2722 5002 3104 5055 humanitatem
3134 5014 3227 5067 per
3256 5013 3311 5051 se
3342 5011 3525 5048 unam-

1969 5115 2241 5173 quamque
2274 5109 2553 5164 separans,
2583 5101 2636 5146 et
2657 5105 2810 5160 mque
2845 5105 2908 5144 ac
2933 5091 2975 5143 si
3009 5091 3222 5158 propria
3256 5086 3526 5156 hypostasi

1968 5193 2328 5249 subsisterent
2359 5199 2696 5248 asseverans,
2726 5192 2777 5236 et
2800 5181 3002 5246 absque
3029 5193 3252 5247 persona
3281 5186 3525 5227 naturam

1970 5283 2172 5338 nullam
2197 5291 2514 5348 agnoscens,
2545 5285 2599 5329 et
2646 5283 2924 5342 propterea
2962 5278 3035 5322 tot
3083 5280 3355 5334 personas,
3393 5277 3526 5334 quot

1970 5383 2123 5432 erant
2154 5379 2376 5431 naturae.
2410 5369 2778 5426 introdueens,
2808 5361 3102 5415 secundum
3154 5357 3524 5410 habitudinem

1972 5464 2226 5520 unionem
2252 5460 2340 5514 Dei
2370 5460 2526 5514 Verbi
2558 5456 2621 5511 ad
2653 5470 2797 5516 enm,
2827 5452 2915 5520 qui
2944 5463 3003 5502 ex
3042 5445 3204 5498 Maria
3231 5455 3524 5514 prognatus

1973 5566 2109 5622 erat,
2140 5553 2436 5616 asserebat,
2469 5549 2712 5608 eumdem
2748 5545 3081 5602 anathemate
3141 5537 3302 5603 feriit,
3332 5539 3518 5594 decre-
