3934 6316
558 453 662 517 595
844 468 849 473 ·
1800 460 2089 526 meam;
2130 466 2530 531 BYZANTINI
2558 489 2559 493 ι
3663 454 3758 536 5'96

554 660 787 715 cundum
842 661 1166 731 hypostasim
1221 662 1449 715 duarum
1494 671 1846 724 naturarum.
1897 663 2113 720 deitatis

554 748 758 803 scilicet
790 759 841 804 et
870 750 1238 813 humanitatis.
1294 754 1344 805 in
1378 768 1485 820 uno
1516 751 1751 827 Christo,
1782 771 1886 808 una
1917 772 2109 824 nempe

510 887 514 891 .
554 840 827 911 hypostasi
860 842 1155 895 observari.
1212 842 1366 895 Nullo
1397 844 1576 914 itaque
1618 846 1778 899 modo
1807 858 1999 915 saneta
2021 866 2110 919 sy-

552 930 748 996 nli'tlus,
771 932 965 998 vesani
984 932 1212 987 Nestorii
1237 934 1567 1001 opinionem,
1593 950 1711 1004 quze
1739 936 1872 991 duas
1889 937 1940 990 in
1962 937 2113 991 Chri-

552 1026 637 1071 sto
677 1034 932 1086 personas
954 1022 1247 1084 astrnebat,
1282 1024 1668 1089 condemnans,
1690 1042 1850 1079 unam
1880 1030 1929 1080 in
1953 1027 2109 1083 Chri—

552 1118 638 1162 sto
698 1120 944 1163 naturam
1007 1127 1225 1180 prorsus
1275 1116 1619 1168 asserendam
1674 1131 1792 1171 esse
1845 1118 2106 1172 decernit.

552 1198 761 1254 Etenim
798 1217 969 1271 neque
996 1200 1376 1271 prima‘sancta
1403 1207 1657 1275 synodus,
1680 1222 1800 1277 quae
1822 1216 1929 1263 tres
1958 1218 2112 1263 natu-

554 1305 645 1344 ras
674 1290 728 1344 in
754 1292 970 1355 divinis,
1001 1308 1121 1363 quae
1150 1303 1263 1349 erat
1294 1295 1405 1347 Arii
1433 1296 1638 1363 opinio,
1679 1299 1917 1363 sustulit,
1947 1301 2113 1367 proti-

553 1396 657 1434 nus
716 1390 771 1437 et
830 1382 1054 1447 triadem
1121 1384 1476 1453 hypostaseon
1549 1387 1848 1456 denegavit.
1915 1389 2004 1443 Sic
2060 1399 2112 1442 et

554 1468 825 1537 Ephesina
855 1473 1008 1525 tertia
1056 1474 1295 1543 synodus
1345 1476 1411 1529 de
1456 1477 1667 1529 duabus
1724 1479 2105 1547 hypnstasilms

553 1561 870 1621 sententiam
885 1565 1225 1619 anathemate
1245 1567 1460 1629 feriens,
1484 1584 1587 1622 non
1612 1569 1792 1624 statim
1812 1578 1864 1621 et
1889 1578 2109 1623 natura—

555 1667 674 1707 rum
707 1652 1070 1719 diversitatem
1103 1657 1497 1713 condemnavit.
1537 1659 1793 1724 Quinimo
1844 1660 1907 1713 ad
1942 1661 2110 1715 stabi-

553 1737 784 1796 liendam
818 1744 1113 1799 secundum
1151 1746 1476 1816 hypostasim
1505 1757 1559 1802 et
1580 1749 1919 1803 essentiah-m
1954 1750 2111 1802 unio-

554 1847 675 1885 nem
717 1843 1034 1891 naturarum
1074 1837 1237 1894 unius
1273 1837 1497 1903 Christi,
1525 1839 1741 1893 deitatis
1779 1848 1830 1893 et
1865 1840 2112 1894 Immani-

442 608 445 613 .
553 570 737 638 vitque
789 579 843 625 et
899 573 1175 627 constituit
1228 573 1482 626 unionem
1534 574 1875 647 essentialem
1918 586 1973 630 et
2021 594 2105 631 se-

2211 584 2301 634 καὶ
2324 581 2557 650 οὑσιὼδη
2613 583 2804 637 ἕνωσιν
2834 584 2938 637 τῶν
2974 584 3066 637 δύο
3102 586 3336 653 φύσεων,
3370 588 3465 655 τῆς
3492 586 3756 657 θεότητος.

2212 672 2373 739 λέγω.
2407 673 2499 725 καὶ
2564 673 2657 741 τῆς
2689 673 3103 745 ἁνθρωπότητος
3156 676 3212 725 ὲν
3267 674 3344 744 τῷ
3397 676 3475 726 ἑνὶ
3526 675 3758 745 Χριστῷ,

2210 765 2375 833 ἦγουν
2396 767 2459 833 τῇ
2495 767 2592 836 μιᾷ
2629 766 2921 819 ὑποστάσει
2947 765 3285 837 θεωρεῖσθαι.
3321 767 3583 837 Οὐδαμῶς
3611 766 3756 835 οὖνὴ

2209 857 2508 927 ἀναιροῦσα
2529 837 2655 925 ἁγία
2683 859 2895 922 σύνοδος
2922 860 2981 912 τὸ
3010 858 3103 911 τοῦ
3138 858 3533 928 ματαιόφρονος
3554 858 3749 911 Νεστο-

2212 950 2328 1019 ρίου
2354 948 2625 1019 φρόνημα,
2642 949 2701 1001 τὸ
2721 948 2939 1013 δοξάζον
2977 950 3067 1003 ἐπὶ
3090 947 3321 1018 Χριστοῦ
3345 948 3438 1001 δύο
3466 948 3751 1017 πρόσωπα.

2212 1039 2517 1102 συνεισάγει
2566 1027 2859 1105 ὲξάπαντος
2910 1039 2969 1093 τὸ
3020 1041 3149 1107 μίαν
3201 1038 3361 1108 φύσιν
3388 1040 3484 1115 ἐπὶ.
3528 1039 3760 1108 Χριστοῦ

2208 1131 2507 1199 ὁμολογεῖν.
2540 1130 2772 1201 Καὶγὰρ
2802 1131 2892 1182 ἐπὶ
2920 1120 3017 1198 τῆς
3047 1128 3343 1196 θεολογίας,
3395 1129 3491 1199 οὐχ
3538 1132 3568 1197 ἡ
3608 1131 3760 1180 ἀναιο

2214 1221 2377 1287 ροῦσα
2405 1220 2598 1292 πρώτη
2628 1220 2759 1289 ἁγία
2791 1221 3001 1284 σύνοδος
3024 1221 3083 1274 τδ
3110 1221 3324 1291 τρισσὸν
3347 1220 3444 1289 τῆς
3476 1220 3761 1289 ὁμολογίας

2208 1313 2316 1364 τῶν
2347 1312 2561 1379 φύσεων
2613 1313 2674 1364 τὸ
2724 1312 2818 1365 τοῦ
2862 1312 3075 1382 Ἀρείου
3128 1312 3402 1381 φρόνημα,
3436 1311 3534 1386 ἤδη
3584 1310 3676 1361 καὶ
3706 1310 3765 1359 τὸ

2207 1403 2428 1472 τρισσὸν
2473 1402 2575 1471 τῆς
2632 1402 2978 1465 ὑποστάσεως
3033 1403 3244 1473 ἀνῄρει.
3307 1399 3489 1463 Οὕτως
3519 1402 3670 1468 κὼή
3707 1402 3765 1451 ἔν

2222 1494 2428 1562 Ἐφέσῳ
2456 1494 2581 1562 ἁγία
2610 1495 2766 1565 τρίτη
2801 1493 3013 1556 σύνοδος
3045 1491 3485 1561 ἀναθεματίσασα
3518 1491 3576 1543 τὸ
3595 1492 3765 1544 διττ“.ν

2208 1586 2315 1638 τῶν
2344 1584 2691 1639 ὑποστάσεων
2719 1584 2991 1655 φρόνημα,
3035 1585 3135 1637 οὑκ
3182 1584 3282 1654 ἧῖη
3313 1584 3405 1636 καὶ
3450 1575 3510 1634 τδ
3535 1580 3644 1634 τῶν
3667 1580 3764 1649 φύ-

2211 1693 2347 1728 σεων
2373 1675 2624 1747 διάφορον
2648 1676 2845 1730 ἀνεῖλε.
2878 1674 3155 1742 Μενοῦνγε
3183 1674 3316 1743 πρὸς
3347 1670 3635 1743 βεϐαίωσιν
3667 1670 3765 1739 τῆς

2210 1769 2331 1822 καθ’
2357 1768 2648 1821 ὑπόστασιν
2682 1768 2774 1821 καὶ
2800 1766 3091 1828 οὑσιώδους
3123 1764 3365 1829 ἐνὼσεως
3409 1762 3518 1817 τῶν
3553 1762 3766 1831 νςύσεων

2208 1859 2303 1913 τοῦ
2343 1860 2460 1921 ἑνὸς
2492 1858 2752 1929 Χριστούς
2784 1850 2927 1928 φημὶ
2945 1858 2999 1909 δὲ
3027 1857 3123 1926 τῆς
3155 1854 3405 1925 θεότητος
3439 1854 3532 1908 καὶ
3556 1854 3765 1923 ἀνθρωο

556 1923 699 1988 tatis.
724 1924 959 1980 hominis
984 1927 1287 1996 exemptum
1319 1930 1617 1997 usurpavit,
1650 1931 1741 1999 qui
1786 1947 1848 1984 ex
1897 1931 2106 1987 duabus

2213 1952 2467 2023 πότητος,
2492 1923 2585 2007 καὶ
2606 1953 2698 2006 τόν
2728 1923 3158 2022 τινα-ἰάνθρωπον
3188 1923 3579 2020 ὑποδείγματος
3604 1948 3767 2019 χάριν

553 2013 785 2078 naturis,
843 2029 1105 2085 corporea
1158 2027 1321 2087 atque
1378 2020 1688 2088 incorporea
1728 2020 2025 2085 conﬂatus,
2057 2022 2112 2074 in

553 2099 764 2160 duabus
794 2108 1000 2161 naturis
1022 2109 1418 2175 consideratur,
1452 2111 1575 2165 licet
1632 2126 1735 2165 una
1776 2096 1981 2168 tantum
2020 2112 2113 2183 hy-

552 2198 786 2265 postasis
814 2198 883 2253 sit
910 2200 1219 2269 quicunque
1250 2203 1427 2256 homo.
1455 2203 1519 2257 Et
1544 2205 1791 2273 quamvis
1811 2205 2111 2274 exemplum

552 2288 617 2342 de
653 2288 869 2344 homine
901 2291 1211 2359 particulari
1260 2309 1363 2347 non
1395 2295 1446 2346 in
1487 2294 1738 2349 omnibus
1779 2295 2112 2368 assimilatur

555 2377 739 2435 unioni
766 2376 999 2445 Christi,
1050 2396 1115 2434 eo
1152 2390 1327 2436 tamen
1378 2382 1717 2438 solummodo
1747 2384 1813 2438 ad
1867 2386 2109 2439 insanam

551 2462 783 2522 Nestorii
826 2468 1130 2536 Opinionem
1170 2471 1513 2526 refeilendam
1548 2488 1643 2527 usa
1666 2482 1767 2535 est.
1806 2475 1895 2543 qui
1937 2474 2107 2544 palam

552 2553 853 2614 aﬂirmabat
884 2557 1082 2611 nullam
1108 2574 1229 2614 esse
1257 2560 1460 2629 absque
1494 2562 1708 2632 prepria
1744 2579 1970 2631 persona
2016 2581 2111 2618 na—

551 2636 754 2708 turam,
780 2646 1005 2714 ﬁerique
1054 2663 1160 2703 non
1204 2663 1381 2717 posse,
1415 2660 1473 2704 ut
1513 2652 1632 2705 duae
1673 2662 1879 2708 natura:
1915 2670 2110 2708 secun-

552 2733 679 2786 dum
713 2734 1040 2803 hypostasim
1071 2744 1123 2789 et
1154 2739 1693 2804 essentialiterunitm
1728 2742 1779 2797 in
1805 2758 1909 2797 una
1943 2743 2108 2814 hypo-

550 2824 681 2878 stasi
716 2824 1092 2889 observentur,
1137 2842 1258 2896 qua:
1307 2844 1413 2883 non
1461 2830 1696 2887 inferant
1722 2842 1776 2887 et
1804 2835 1937 2890 duas
1986 2850 2108 2903 per-

551 2929 734 2977 sonas,
766 2916 911 2982 quod
965 2909 1217 2972 unionem
1277 2921 1590 2987 scltetiram,
1643 2924 1758 2978 sive
1792 2926 2106 2981 secundum

551 3005 945 3065 habitudinem.
998 3006 1180 3069 efficit.
1228 3010 1457 3081 ideoque
1511 3013 1651 3067 duo;
1695 3014 1833 3074 ﬁlios
1872 3030 1939 3084 ει,
1970 3017 2109 3071 duos

548 3097 798 3153 Christos
823 3099 985 3155 miser
1011 3101 1421 3169 depraedieabat.
1466 3098 1616 3162 Hanc
1669 3108 1857 3162 falsam
1893 3110 2104 3177 opinio-

549 3203 672 3242 nem
706 3188 988 3255 dirimens,
1035 3191 1266 3248 hominis
1295 3197 1601 3265 exemplum
1656 3201 1956 3266 usurpavit.
1997 3199 2108 3253 lmo

548 3281 832 3351 plerosque
860 3282 1091 3339 deiferos
1126 3284 1313 3342 Patres
1360 3288 1415 3342 in
1468 3300 1654 3347 sancta
1693 3294 1846 3346 tertia
1900 3294 2107 3364 synodo

546 3371 815 3442 Ephesina
840 3375 996 3430 divus
1024 3377 1260 3447 Cyrillus
1296 3380 1346 3433 in
1392 3383 1628 3438 medium
1660 3384 1905 3447 adduxit,
1938 3386 2107 3440 stabi-

546 3465 683 3521 liens
706 3468 1000 3522 secundum
1038 3470 1366 3539 hypostasim
1420 3474 1673 3530 Unionem
1712 3477 1762 3529 in
1796 3467 1903 3530 una
1938 3479 2106 3547 hypo-

546 3558 699 3619 stasi.
731 3558 821 3626 qui
857 3568 939 3613 est
967 3559 1217 3616 Christus
1249 3563 1302 3618 in
1331 3563 1559 3621 diversis
1617 3568 1824 3621 naturis
1871 3569 2105 3636 agnitus.

545 3646 699 3712 Quod
734 3662 862 3701 vero
895 3648 948 3701 in
985 3638 1215 3704 diversis
1247 3653 1451 3713 naturis
1495 3655 1826 3722 agnoscitur.
1884 3660 2109 3711 omnino

546 3738 601 3790 in
639 3726 744 3792 illis
764 3748 864 3800 est.
902 3739 956 3794 in
984 3741 1181 3809 quibus
1202 3744 1534 3812 agnoscitur.
1561 3746 1695 3801 Cum
1729 3748 1906 3815 itaque
1936 3750 2107 3803 ora'io

543 3830 996 3886 demonstraverit
1015 3833 1081 3888 de
1115 3849 1219 3887 una
1251 3830 1449 3892 Christi
1478 3847 1665 3891 natura
1690 3840 2104 3904 confessionem,

544 3932 721 3985 neque
751 3922 817 3972 ab
856 3921 1114 3989 apostolis
1132 3921 1300 3977 fuisse
1322 3934 1607 3989 assertam,
1630 3941 1803 3994 neque
1833 3942 1862 3981 a
1899 3930 2104 3983 sanetis

545 4009 718 4064 tribus
745 4010 966 4080 synodi:
997 4014 1420 4079 constabilitam,
1461 4016 1663 4072 frustra
1693 4018 1824 4073 falsa
1850 4020 2107 4076 fabularis

542 4104 855 4167 eninitians,
890 4119 1010 4159 eam
1054 4121 1082 4159 a
1136 4109 1339 4164 sanctis
1386 4111 1645 4178 apostolis
1674 4112 1948 4176 traditam,
1983 4122 2034 4165 et
2075 4130 2103 4165 a

543 4194 744 4247 sanctis
777 4184 949 4248 tribus
1014 4198 1236 4266 synodis
1300 4198 1468 4254 fuisse
1510 4202 1927 4256 confirmatam:
1979 4196 2101 4257 nam

543 4288 718 4341 oratio
750 4288 928 4353 potius
959 4298 1271 4359 naturarum
1303 4292 1669 4348 diversitatem
1702 4298 1754 4350 in
1804 4314 1918 4351 uno
1946 4298 2103 4351 Chri-

544 4384 630 4432 sto
659 4381 1083 4447 reprzesentavit.
1134 4383 1269 4437 Illud
1326 4395 1504 4451 au_tem
1566 4402 1782 4441 rursum
1839 4404 2101 4453 asserere,

543 4471 643 4522 etsi
692 4470 932 4523 nonnulli
964 4488 1027 4524 ex.
1065 4474 1163 4525 hac
1215 4478 1468 4529 sententia
1524 4494 1715 4547 nempe
1768 4480 2099 4545 afﬁrmante,

2213 2044 2593 2117 προσείληφεν,
2655 2044 2714 2108 δς
2748 2046 2810 2098 ἐκ
2840 2042 2933 2097 δύο
2968 2043 3063 2114 μὲν
3092 2042 3329 2111 φύσεων,
3387 2040 3641 2111 σώματός
3685 2056 3764 2105 τε,

2214 2136 2375 2206 φημὶ,
2421 2135 2515 2189 καὶ
2554 2135 2866 2205 ἀσωμάτου,
2918 2134 3017 2205 τὴν
3069 2133 3313 2187 σύνθεσιν
3342 2131 3560 2203 ἔσχηκε.
3592 2131 3686 2184 καὶ
3712 2131 3772 2182 ἐν

2210 2223 2303 2278 δύο
2348 2223 2542 2292 φύσεσι
2586 2224 2891 2295 θεωρεῖται,
2932 2222 3030 2300 μία
3082 2239 3167 2286 τις
3222 2222 3518 2284 ὑπόστασις
3566 2215 3701 2273 οὖσα
3741 2220 3769 2271 δ

2213 2314 2525 2368 καθέκαστα
2554 2313 2859 2386 ἄνθρωπος.
2897 2314 3006 2368 Καὶ
3026 2313 3088 2368 οὑ
3112 2312 3252 2367 κατὰ
3283 2314 3459 2369 πάντα
3495 2308 3770 2381 ἐξομοιού-

2215 2422 2377 2475 μενον
2407 2405 2469 2458 τὸ
2503 2406 2854 2477 παράδειγμα
2884 2405 2977 2460 τοῦ
3012 2421 3156 2470 τινος
3186 2402 3476 2475 ἀνθρώπου
3510 2403 3645 2473 πρὸς
3670 2401 3770 2471 τὴν

2212 2496 2352 2549 κατά
2405 2495 2638 2565 Χριστὸν
2667 2494 2881 2561 ἕνωσιν,
2923 2496 3061 2550 ἀλλά
3123 2496 3284 2567 μόνον
3340 2496 3477 2566 πρὸς
3530 2493 3625 2565 τὴν
3673 2492 3771 2546 τοῦ

2211 2587 2505 2659 Νεστορίου
2533 2586 2820 2641 κακόνοιαν
2855 2588 3269 2657 ἀποτεινομένη,
3303 2586 3361 2651 δς
3390 2585 3598 2657 τρανῶς
3633 2583 3771 2652 ἔφα-

2213 2695 2332 2742 σκε,
2363 2678 2437 2748 μὴ
2462 2661 2600 2731 εἶναι
2647 2672 2807 2747 φύσιν
2856 2679 3022 2749 χωρὶς
3077 2677 3277 2731 οἰκείου
3331 2676 3642 2749 προσώπου,
3673 2671 3771 2726 καὶ

2212 2761 2472 2822 ἀδύνατόν
2499 2770 2645 2823 ἔστιν
2678 2769 2806 2823 ἰδεῖν
2833 2768 2925 2823 δύο
2963 2768 3152 2843 φύσεις
3184 2767 3306 2821 καθ’
3334 2767 3651 2827 ὑπόστασιν,
3672 2763 3769 2818 καὶ

2212 2859 2483 2923 οὑσιωδῶς
2527 2859 2811 2928 ὴνωμὲνας
2858 2859 2916 2912 ὲν
2953 2860 3074 2930 μιᾷ-
3102 2856 3413 2918 ὑποστάσει,
3447 2854 3519 2927 μὴ
3552 2862 3773 2907 συνεισ-

2211 2948 2449 3016 αγούσας
2474 2949 2565 3002 καὶ
2594 2947 2687 3001 δύο
2710 2950 2997 3020 πρόσωπα,
3028 2950 3161 3020 ὅπερ
3184 2949 3325 3001 ποιεῖ
3349 2945 3601 3017 σχετικὴν
3631 2944 3771 2996 ἑνω-

2214 3056 2315 3097 σιν.
2355 3039 2445 3091 καὶ
2490 3039 2577 3093 διὰ
2623 3039 2780 3092 τοῦτο
2830 3039 2921 3093 δύο
2947 3040 3117 3103 υἱοὺς,
3158 3039 3249 3091 καὶ
3283 3039 3376 3091 δύο
3421 3037 3710 3108 Χριστοὺς,
3747 3036 3777 3089 ὑ

2210 3131 2438 3194 δείλαιος
2461 3132 2745 3201 ἐκήρυττε.
2780 3132 2957 3202 Ταύτῃ
2986 3149 3064 3185 τοι
3090 3132 3202 3186 τὴν.
3216 3130 3381 3202 ψευδῆ
3428 3129 3583 3194 δόξαν
3612 3128 3775 3183 ἀναι-

2138 3264 2177 3318 c
2212 3220 2381 3294 ροῦσα
2428 3223 2507 3293 τῷ
2539 3240 2681 3286 τινος
2727 3223 3013 3295 ἀνθρώπου
3043 3223 3443 3318 παραδείγματι
3472 3222 3773 3318 ἐχρησατο.

2224 3314 2381 3367 Ἀλλά
2426 3316 2519 3369 καὶ
2550 3313 2775 3379 πολλοὺς
2821 3314 2928 3369 τῶν
2963 3314 3236 3384 θεοφόρων
3276 3312 3533 3384 Πατέρων
3561 3312 3641 3374 είς
3670 3311 3778 3382 τὴν

2212 3409 2330 3460 κατ’
2366 3407 2597 3475 Ἔφεσον
2625 3406 2786 3475 ἁγίαν
2814 3406 3003 3478 τρίτην
3048 3406 3264 3461 σύνοδον
3304 3404 3715 3477 προκεκόμικεν
3746 3405 3779 3457 6

2210 3501 2266 3550 ὲν
2313 3498 2486 3566 ἁγίοις
2542 3497 2826 3567 Κύριλλος,
2876 3496 3138 3551 συνιστῶν
3175 3496 3272 3568 τὴν
3322 3495 3442 3549 καθ’
3466 3496 3780 3549 ὑπόστασιν

2211 3590 2402 3642 ἕνωσιν
2441 3590 2497 3642 ὲν
2549 3580 2647 3659 μιᾷ
2693 3588 3006 3654 ὑποστάσει,
3059 3589 3133 3655 δςη
3182 3591 3329 3641 ἑστιν
3364 3589 3393 3640 ὁ
3426 3586 3661 3658 Χριστὸς
3716 3586 3783 3638 ιν

2208 3680 2484 3750 διαφόροις
2532 3678 2725 3748 φύσεσι
2778 3680 3197 3751 γνωριζόμενος.
3232 3668 3307 3731 Th
3331 3676 3377 3730 δ’
3411 3679 3469 3731 ιν
3490 3677 3783 3747 διαφόροις

2213 3772 2405 3836 φύσεσι
2438 3768 2836 3841 γνωριζόμενον
2872 3768 3086 3832 πάντως
3125 3768 3218 3821 καὶ
3249 3768 3307 3821 ιν
3327 3766 3563 3829 ἐκείναις
3597 3768 3779 3831 ιστὶν,

2209 3864 2269 3914 ἐν
2293 3856 2380 3923 αἷς
2396 3861 2488 3913 καὶ
2505 3859 2847 3931 γνωρίζεται.
2881 3860 3036 3913 Ἐπεὶ
3059 3854 3152 3912 οὖν
3171 3857 3201 3911 δ
3223 3857 3379 3926 λόγος
3402 3856 3781 3928 παριστησεν,

2207 3951 2288 4002 ὅτι
2326 3948 2423 4019 τὴν
2454 3948 2581 4017 περὶ
2608 3949 2737 4017 μιᾶς
2789 3947 3001 4014 φύσεως
3048 3944 3142 3998 τοῦ
3195 3943 3430 4016 Χριστοῦ
3457 3941 3776 4013 ὁμολογίαν,

2207 4037 2330 4090 οὔτε
2374 4050 2456 4100 τις
2504 4037 2612 4089 τῶν
2641 4036 2952 4090 ἀποστόλων
2985 4035 3225 4105 εἴρηκεν,
3267 4031 3392 4086 οὔτε
3438 4032 3543 4103 μὴν
3574 4033 3643 4085 ιιι
3663 4032 3779 4084 τῶν

2210 4130 2376 4197 ἁγίων
2401 4126 2566 4198 τριῶν
2595 4127 2824 4183 συνόδων
2858 4125 3178 4196 ἐϐεϐαιώθη,
3201 4124 3396 4194 Μάτην
3435 4122 3779 4192 ψευδοεπεῐς,

2209 4222 2401 4287 λέγων,
2456 4221 2648 4289 ὅτιπερ
2692 4218 2756 4271 ὲκ
2795 4218 2901 4270 τῶν
2931 4217 3099 4283 ἁγίων
3124 4213 3436 4269 ἀποστόλων
3472 4210 3775 4283 παρεδόθη,

2208 4317 2271 4367 ὲκ
2320 4314 2376 4367 δὲ
2403 4313 2508 4365 τῶν
2535 4311 2704 4378 ἁγίων
2728 4294 2899 4381 τριῶν
2926 4309 3157 4363 συνόδων
3184 4304 3487 4376 ιδεδαιώθη
3505 4322 3519 4337 ·
3552 4297 3779 4373 δλόγος

2206 4405 2314 4475 γάρ
2347 4403 2543 4475 μᾶλλον
2577 4401 2683 4455 τῶν
2711 4400 2924 4470 φύσεων
2953 4399 3013 4455 τὺ
3039 4400 3293 4471 διάφορον
3318 4401 3376 4452 ἑν
3404 4396 3483 4469 τῷ
3521 4398 3615 4475 ἑνὶ,
3633 4398 3777 4469 Χρι-

2208 4494 2317 4566 στῷ
2347 4494 2674 4565 παρέστησε.
2708 4493 2781 4546 Τὸ
2804 4492 2861 4545 δὲ
2891 4490 3051 4545 πάλιν
3080 4491 3380 4562 είρηκόναι,
3402 4490 3454 4543 ει
3488 4489 3589 4544 καί
3611 4504 3778 4552 τινες

544 4560 708 4613 unius
739 4576 859 4613 esse
890 4572 1094 4617 natura:
1112 4564 1384 4620 Christum
1416 4578 1539 4635 post
1564 4569 1836 4634 unionem,
1862 4572 2101 4640 transfu-

2211 4560 2521 4655 ἐκ-ταύτης
2546 4560 2733 4657 (ἤγουν
2761 4585 2856 4656 τῆς
2885 4584 3065 4659 δόξης,
3087 4560 3187 4653 τῆς
3218 4583 3481 4653 λεγούσης
3505 4583 3633 4652 μιᾶς
3667 4581 3779 4651 φύεν

543 4660 744 4717 gerunt,
780 4651 843 4704 ad
879 4666 970 4705 eos
1001 4654 1222 4719 scilicet,
1273 4658 1363 4725 qui
1403 4658 1538 4713 duas
1572 4670 1789 4715 naturas
1821 4663 2098 4718 Christum

546 4742 743 4794 habere
767 4752 883 4809 post
906 4744 1157 4799 unionem
1192 4749 1530 4816 proﬁtentur,
1558 4767 1820 4819 quosnam
1846 4754 2102 4822 ignoran-

544 4833 629 4885 tiae
657 4834 911 4888 terminos
959 4851 1065 4891 non
1097 4841 1430 4907 exsuperat?
1458 4841 1589 4907 Quis
1619 4844 1758 4897 enim
1806 4843 1911 4898 non
1954 4847 2102 4900 novit

436 4974 443 4981 _
542 4934 744 4987 partem
770 4938 799 4976 a
832 4934 963 4987 toto,
991 4928 1169 4984 minus
1195 4944 1221 4982 a
1258 4932 1567 4988 multesimo
1589 4935 1883 4991 decedere?
1905 4937 1966 4991 Et
1996 4954 2102 4993 non

543 5022 749 5066 nontra.
782 5013 1119 5083 Quapropter
1143 5019 1234 5086 qni
1264 5030 1455 5075 vestrm
1488 5028 1927 5094 suntsententize,
1959 5028 2002 5082 si
2033 5032 2099 5082 ad

541 5117 656 5165 eos,
688 5103 781 5171 qui
832 5115 1030 5170 nostra:
1060 5118 1202 5174 sunt,
1261 5124 1663 5181 comparentur,
1700 5118 1978 5172 minimam
2019 5130 2104 5173 at-

541 5209 645 5263 que
680 5193 917 5250 inﬁmam
945 5190 1438 5269 partenroccupare
1463 5209 1882 5275 comperientur.
1921 5208 2099 5274 Quare

486 5312 489 5315 -
541 5286 793 5343 indecore
815 5286 928 5355 agis
954 5288 1140 5343 dicens
1185 5306 1285 5347 nos
1315 5310 1380 5348 ex
1424 5311 1596 5350 vestra
1646 5300 1908 5354 sententia
1942 5302 2099 5356 aufu-

542 5376 700 5443 gisse.
727 5366 897 5442 Quin,
922 5386 978 5432 ut
1009 5380 1187 5447 potius
1221 5384 1407 5438 verum
1459 5387 1664 5454 dicam,
1714 5405 1811 5445 vos
1861 5405 1891 5444 a
1939 5393 2096 5446 nobis

543 5466 872 5523 decessiStis.
990 5460 995 5463 ’

613 5666 665 5717 4.
708 5666 854 5719 lnl’ra
886 5670 1043 5723 etiam
1082 5670 1133 5725 in
1163 5672 1387 5740 epistola
1420 5682 1507 5728 tua
1543 5676 1732 5731 nolens
1770 5688 2010 5733 sanctam
2044 5690 2096 5735 et

544 5760 899 5813 universalem
930 5764 1188 5831 synodum
1214 5766 1513 5830 admittere,
1534 5784 1691 5837 quam
1720 5787 1815 5827 nos
1848 5773 1987 5827 inter
2017 5789 2098 5829 re-

542 5843 721 5914 liquas
772 5851 907 5905 alias
953 5867 1167 5913 sarctas
1219 5868 1325 5913 tres
1384 5861 1615 5926 synodos
1650 5876 2091 5935 annumeramus,

2212 4697 2346 4742 σεως
2362 4674 2498 4732 εἶναι
2516 4678 2606 4732 τδν
2631 4677 2859 4749 Χριστὸν
2884 4676 3021 4747 μετά
3043 4676 3141 4746 τὴν
3158 4673 3378 4745 ῑνωσιν)
3396 4674 3772 4742 ἀπέδρασαν,

2208 4770 2282 4833 ὡς
2309 4768 2466 4840 δῆθεν
2488 4770 2611 4832 τοὺς
2631 4769 2722 4821 δύο
2756 4760 2944 4836 φύσεις
2964 4766 3052 4819 τὸν
3078 4765 3311 4838 Χριστὸν
3338 4764 3481 4835 ἔχειν
3508 4765 3645 4835 μετὰ
3670 4768 3776 4835 τὴν

2212 4862 2403 4916 ἕνωσιν
2424 4858 2833 4931 ὁμολογοῦντας,
2860 4858 2919 4923 ἐξ
2948 4858 3124 4923 αὑτῶν
3146 4856 3586 4927 ἀποδεδρακέναι,
3604 4858 3773 4921 ποίας

2211 4956 2448 5026 ἀμαθίας
2475 4953 2774 5022 ἀνάμεστον
2802 4952 2899 5004 οὑκ
2925 4950 2990 5003 ἂν
3008 4949 3093 5027 εἴη
3114 4966 3128 5012 ;
3151 4949 3245 5011 Τίς
3275 4949 3383 5018 γάρ
3413 4950 3473 5002 οὑ
3507 4949 3771 5009 σύνοιδεν,

2210 5048 2291 5101 ὅτι
2318 5046 2377 5099 τὸ
2413 5046 2579 5117 μέρος
2616 5046 2678 5095 ἐκ
2710 5041 2801 5095 τοῦ
2828 5040 2972 5108 ὅλου,
3002 5034 3061 5092 τὸ
3092 5039 3369 5107 ὀλιγοστὸν
3405 5040 3468 5093 ἐκ
3509 5039 3598 5092 τοῦ
3637 5039 3773 5093 πολ.

2210 5139 2398 5191 λοστοῦ
2426 5136 2665 5206 ἀποδρᾷν
2693 5133 2914 5187 εἴωθενο
2950 5134 3010 5185 οὑ
3048 5131 3151 5201 μὴν
3183 5130 3455 5201 ἐμπαλιν;
3486 5132 3571 5183 Διὸ
3593 5132 3648 5184 οί
3672 5130 3769 5204 τῆς,

2210 5227 2478 5297 ὑμετέρας
2501 5224 2657 5294 δόξης
2686 5222 2822 5291 πρὸς
2842 5220 2967 5282 τοὺς
2999 5219 3096 5289 τὴν
3134 5220 3406 5289 ἡμετέραν
3436 5219 3770 5290 πρεσϐεύον-

2206 5334 2306 5380 τας
2349 5320 2396 5370 εἰ
2426 5315 2843 5387 παραϐληθεῐεν,
2886 5312 2948 5367 τὸ
2975 5311 3247 5378 ὀλιγοστὸν
3274 5311 3339 5365 ἂν
3365 5301 3468 5380 κςιῖ
3488 5313 3772 5382 ἐλάχιστον

2209 5411 2397 5481 μόριον
2427 5409 2638 5479 ἔχοντες
2674 5410 2909 5477 φανεῑεν.
2962 5409 3123 5463 Ὥστε
3151 5409 3211 5461 οὑ
3240 5408 3321 5462 δεῖ
3370 5405 3773 5476 ἀποφαίνεσθαί

2208 5518 2287 5567 σε,
2321 5504 2465 5572 ἡμᾶς
2494 5502 2909 5572 ἀποδεδρακέναι
2934 5504 2997 5555 ὲκ
3018 5502 3115 5571 τῆς
3139 5500 3405 5573 ὑμετέρας
3427 5502 3596 5572 δόξης,
3625 5498 3773 5553 ἀλλὰ

2213 5593 2410 5664 μᾶλλον
2440 5593 2665 5663 τάληθὲς
2694 5595 2886 5657 εἰπεῖν,
2923 5594 3061 5663 ὑμᾶς
3098 5594 3155 5658 ἐξ
3185 5594 3359 5664 ἡμῶν.

2278 5684 2339 5740 δ’.
2371 5686 2730 5757 Παρακατιὼν
2759 5689 2815 5741 δὲ
2842 5690 2899 5739 ἐν
2934 5688 3011 5759 τῷ
3040 5687 3326 5758 γράμματί
3353 5703 3468 5753 σου,
3505 5686 3588 5738 καὶ
3619 5685 3771 5736 ἀπο-

2196 5778 2479 5833 δυσπετῶν
2519 5780 2653 5849 πρὸς
2702 5780 2797 5847 τὴν
2828 5782 3095 5849 ἀποδοχὴν
3126 5782 3221 5850 τῆς
3258 5780 3418 5845 ἁγίας
3456 5778 3545 5831 καὶ
3577 5779 3772 5828 οἰκου-

2209 5868 2431 5939 μενικῆς
2464 5869 2727 5938 τετάρτης
2751 5869 2988 5938 συνόδου,
3014 5866 3100 5923 διὰ
3132 5870 3190 5923 τδ
3233 5868 3375 5939 ἡμᾶς
3404 5865 3770 5937 συναρίθμιον
