3934 6316
322 450 433 515 597

1161 455 1589 518 REFUTATIO
1613 460 1990 523 EPISTOLIE
2028 467 2257 532 REGIS
2297 474 2687 537 ARMENIZE.

3432 486 3537 548 598

321 558 552 629 ποιῆσαι
584 558 661 627 τῷ
689 558 904 628 ἀριθμῷ
945 560 1287 616 τῶν·λοιπῶν
1347 566 1515 631 ἁγίων
1552 572 1717 639 τριῶν
1747 591 1874 626 συν-

1978 579 2131 645 quasi
2155 596 2218 635 ex
2245 584 2547 639 rationabili
2575 601 2738 641 causa
2769 601 2886 642 eam
2920 604 3139 659 respuas
3167 591 3360 647 similia
3403 597 3539 650 scri-

319 647 485 708 ὀξων,
522 650 616 700 καὶ
638 647 824 717 ὥσπερ
859 649 918 714 ὲξ
941 649 1159 717 εὐλόγου
1178 653 1349 716 αἰτίας
1373 655 1574 727 ταύτην
1593 661 1880 716 ἀπαναινό-

324 753 511 804 μενος,
569 738 744 790 τοιάδε
793 740 1053 808 γράφεις*
1091 737 1231 794 076a
1270 743 1404 810 μὲν,
1451 746 1540 800 ὅτι
1582 752 1692 803 οὐκ
1749 751 1880 806 ἐστι

324 829 729 897 κεκρυμμένος
783 832 869 896 εὶς
924 831 1077 902 ὑμᾶς
1119 836 1151 886 ό
1183 837 1399 901 τρόπος
1438 836 1548 905 τῆς
1600 841 1880 910 τετάρτης

321 920 613 983 συνόδου,
645 921 732 974 ὅτι
757 923 826 975 ἐν
854 922 932 988 τῷ
959 924 1244 993 γράμματι
1281 928 1469 996 αὐτῆς
1505 931 1544 998 ἡ
1579 931 1878 1002 ἀγιωσύνη

321 1025 446 1064 σου
473 1011 741 1081 ἐμνήσθη
787 1009 1010 1083 ταύτην
1043 1017 1158 1084 τὴν
1196 1020 1480 1084 σύνοδον,
1528 1024 1624 1078 καὶ
1667 1025 1881 1090 ἔταξεν

223 1086 228 1100 ²
316 1101 521 1169 αὐτὴν
533 1104 682 1170 μετὰ
712 1102 830 1157 τῶν
859 1106 1084 1160 λοιπῶν
1111 1109 1284 1177 τριῶν
1315 1113 1615 1182 συνόδων,
1651 1118 1746 1172 καὶ
1790 1086 1882 1173 ds-

317 1194 419 1244 .let
451 1193 550 1246 καί
578 1194 735 1263 ἡμᾶς
776 1197 1001 1265 ταύτην
1028 1198 1326 1268 δέχεσθαι,
1354 1202 1434 1271 ἢν
1458 1208 1571 1259 οὐκ
1597 1206 1878 1272 ἐδέξαντο

320 1284 383 1335 οι
411 1282 662 1351 Πατέρες
691 1286 874 1354 ἡμῶν,
904 1287 1040 1340 οὔτε
1072 1291 1126 1342 οἱ
1152 1289 1505 1348 διδάσκαλοι
1537 1296 1720 1364 ἡμῶν,
1752 1288 1879 1352 ἐστι-

205 1419 210 1423 .
320 1373 607 1443 στάμενοι
647 1379 759 1444 τὴν
789 1383 1158 1448 κενοφωνίαν
1182 1381 1368 1450 αὐτῆς
1402 1385 1469 1438 ἐκ
1505 1387 1624 1440 τῶν
1651 1389 1880 1443 λοιπῶν

321 1463 502 1530 τριῶν
526 1467 818 1533 συνόδων,
859 1469 976 1523 τῶν
1016 1471 1515 1542 διαγνωσθέντων,
1561 1479 1657 1531 καὶ
1702 1497 1879 1548 κηρυέ

321 1554 561 1617 ξάντων
583 1558 702 1625 ὅλῳ
729 1559 807 1624 τῷ
841 1562 1046 1630 κόσμῳ
1075 1564 1181 1617 τὸν
1204 1565 1309 1617 ἕνα
1329 1567 1583 1634 Χριστὸν
1609 1570 1706 1623 καὶ
1744 1572 1880 1624 nor

320 1645 422 1696 καὶ
459 1647 691 1714 Κύριον,
747 1650 1036 1706 ἑνωθέντα
1076 1654 1143 1707 ἐκ
1172 1653 1277 1708 δύο
1307 1657 1567 1723 φύσεων,
1613 1661 1878 1729 ἀσυγχύ-

319 1753 458 1802 τως,
505 1739 603 1792 καὶ
646 1740 960 1808 ἀτρέπτως,
996 1743 1095 1797 καί
1145 1745 1507 1814 ἀχωρΙστως,
1549 1750 1658 1817 τῆς
1690 1750 1878 1820 αὐτῆς

1982 669 2066 725 bis
2101 689 2115 725 :
2159 669 2254 725 Sat
2295 676 2412 728 novi
2444 678 2583 744 apud
2607 694 2694 732 vos
2724 694 2826 732 non
2869 696 2980 734 esse
3026 683 3084 734 in
3109 685 3313 738 occulto
3339 693 3540 753 quarti:

1981 761 2164 828 synodi
2198 764 2427 833 modum,
2459 767 2611 834 cujus
2636 772 2888 824 sanctitas
2934 777 3024 824 tua
3048 773 3103 824 in
3139 773 3363 841 epistola
3395 791 3539 830 men-

1982 851 2172 904 tionem
2196 854 2423 923 induxit,
2445 873 2659 927 eamque
2689 877 2792 913 una
2825 877 2943 914 cum
2971 862 3090 916 aliis
3138 864 3303 916 tribus
3328 868 3538 934 synodis

1981 943 2252 997 collocavit
2279 961 2299 999 :
2338 950 2577 1019 cupitque
2629 966 2720 1004 nos
2753 968 2867 1005 eam
2902 956 3158 1022 recipere,
3188 959 3347 1026 quam
3379 973 3541 1028 neque

1978 1030 2189 1096 Patres,
2212 1051 2369 1106 neque
2390 1039 2626 1095 doctores
2651 1043 2814 1096 nostri
2845 1055 3164 1112 receperunt,
3185 1048 3400 1100 scientes
3424 1063 3540 1100 eam

1979 1125 2099 1178 aliis
2136 1128 2300 1190 tribus
2330 1132 2564 1198 synodis,
2599 1149 2715 1201 qua:
2750 1134 3187 1203 determinarunt,
3226 1147 3272 1191 et
3299 1140 3538 1194 universo

1982 1223 2239 1269 terrarum
2263 1220 2378 1273 orbi
2401 1229 2822 1293 promulgarunt,
2852 1242 3012 1278 unum
3069 1226 3337 1280 Christum
3358 1239 3408 1282 et
3438 1228 3537 1282 Fi—

1978 1304 2107 1357 lium
2159 1315 2207 1359 et
2241 1306 2521 1362 Dominum
2563 1312 2766 1364 unitum
2795 1328 2857 1365 ea:
2880 1312 3080 1366 duabus
3114 1317 3319 1378 naturis
3357 1315 3539 1368 incon-

1980 1393 2114 1463 fuse,
2163 1381 2558 1454 iiumutabitihr
2634 1413 2682 1455 et
2752 1404 3194 1469 inseparabiliter,
3240 1405 3435 1458 absona
3477 1421 3541 1458 ac

1978 1482 2180 1537 diversa
2210 1488 2491 1549 censuisse,
2511 1504 2628 1541 cum
2663 1499 2865 1544 asserat
2894 1492 3029 1544 duas
3062 1501 3282 1546 naturas
3320 1494 3546 1568 divisas,

1977 1580 2027 1623 et
2049 1562 2457 1640 operationes,et
2479 1577 2795 1644 voluntates,
2829 1578 3073 1632 Nestorio
3106 1583 3228 1649 ipsi.
3262 1583 3396 1635 duas
3422 1600 3539 1650 per-

1977 1680 2132 1718 sonas
2159 1667 2204 1718 si
2243 1669 2496 1736 excipias,
2533 1673 2889 1733 consentiens;
2918 1671 3008 1725 ille
3023 1675 3156 1726 enim
3189 1673 3381 1741 fatetur
3402 1675 3536 1728 duas

1976 1772 2244 1825 personas,
2279 1761 2510 1829 synodus
2548 1778 2727 1826 unam,
2792 1764 2964 1832 sicque
3015 1764 3321 1819 orthodoxis
3358 1766 3536 1832 furum

257 1899 272 1908 .
319 1827 592 1882 συνόδου
619 1831 705 1894 εις
727 1829 833 1886 δύο
857 1836 1070 1901 φύσεις
1095 1840 1536 1907 κεχωρισμένας
1556 1843 1873 1912 λεγούσης,

319 1915 420 1943 μαι
458 1918 743 1943 λη--,,,1..-
815 1923 907 1943 --.Α
973 1930 1022 1943 Αγ
1049 1929 1068 1943 α
1095 1927 1109 1943 ι
1326 1931 1339 1943 ι
1568 1932 1580 1943 ι
1845 1934 1870 1943 -

1978 1849 2177 1917 faciens
2226 1851 2376 1917 quasi
2421 1867 2525 1903 non
2576 1854 2864 1906 consentiat
2921 1852 3190 1908 Nestorio.
3240 1856 3538 1921 Admiratio

319 1915 422 1969 καὶ
453 1918 767 1987 ἐνεργείας,
811 1923 908 1976 καί
966 1927 1264 1994 θελήσεις,
1305 1931 1750 2000 όμοφωνήσασα
1798 1934 1879 2001 τῷ

237 2044 240 2048 .
318 2006 639 2076 Νεστορίῳ,
690 2011 856 2079 πλὴν
889 2017 975 2079 είς
1024 2016 1095 2070 τὰ
1140 2017 1251 2072 δύο
1292 2021 1608 2087 πρόσωπα·
1644 2024 1876 2080 ἐκείνου

313 2097 436 2164 μὲν
468 2097 752 2167 λέγοντος
775 2103 885 2157 δύο
925 2107 1231 2173 πρόσωπα,
1275 2110 1464 2179 αὐτῆς
1492 2112 1561 2165 δὲ
1604 2113 1877 2177 δοξαζού·

317 2202 442 2255 σης
467 2188 554 2256 ἐν,
595 2192 692 2245 καὶ
744 2194 842 2248 διὰ
868 2196 1041 2250 τοῦτο
1088 2199 1231 2263 τοὺς
1260 2201 1615 2268 όρθοδόξους
1657 2205 1874 2272 χλευὰ-

318 2295 506 2345 σασα,
539 2282 627 2337 ὅτι
661 2287 731 2338 οὐ
757 2289 1068 2356 συμφωνεῖ
1098 2290 1176 2355 τῷ
1217 2285 1532 2360 Νεστορίῳ.
1568 2294 1874 2363 Θαυμάζειν

323 2388 418 2439 μοι
478 2371 654 2427 ἔπεισι
694 2377 916 2431 τοιαῦτα
954 2381 1250 2449 γράφοντός
1288 2400 1381 2436 σου
1408 2401 1422 2414 ·
1457 2385 1576 2436 οὑδὲ
1610 2387 1717 2455 γὰρ
1752 2405 1874 2439 συν-

319 2463 481 2531 ῆκας,
511 2465 586 2529 ὥς
617 2468 678 2535 γέ
716 2486 805 2547 μοι
850 2469 1104 2526 Boni-tit):
1148 2473 1254 2533 τῶν
1286 2474 1393 2526 σῶν
1443 2478 1722 2546 ῥημάτων,
1771 2479 1871 2547 τῆς

322 2553 484 2616 ἀνἀς
525 2545 791 2626 τετάρτης
848 2559 1062 2612 συνόδου
1118 2562 1178 2613 τό
1218 2579 1280 2614 τε
1328 2545 1569 2633 βούλημα
1630 2568 1721 2619 καὶ
1776 2545 1874 2637 τὴν

320 2647 725 2715 πραγματείαν.
756 2650 1003 2719 Οὐδαμοὺ
1032 2651 1136 2722 γὰρ
1166 2654 1411 2721 φαίνεται
1443 2657 1479 2725 ἡ
1497 2657 1716 2726 τοιαύτη
1745 2660 1875 2726 ἁγία

322 2733 558 2800 σύνοδος,
590 2735 682 2787 δύο
711 2734 904 2809 φύσεις,
935 2743 1340 2812 κεχωρισμένας
1386 2744 1760 2808 ίδιοσυστάτως
1786 2745 1875 2798 οὑ-

322 2839 444 2888 σας,
473 2827 566 2878 καὶ
590 2826 711 2878 καθ’
734 2828 928 2892 ἑαυτὰς
954 2831 1054 2883 ἀνὰ
1091 2832 1253 2901 μέρος
1281 2835 1628 2905 ὑπαρχούσας
1659 2838 1756 2891 ἐπὶ
1780 2835 1873 2889 τοῦ

321 2915 466 2968 κατά
506 2914 735 2986 Χριστὸν
773 2922 1068 2990 μυστηρίου
1115 2923 1430 2990 δοξάζουσα,
1473 2929 1520 2978 εί
1559 2928 1650 2979 καὶ
1676 2926 1875 2999 ἀδίκως

321 3005 452 3075 παρ’
481 3006 634 3076 ὑμῶν
670 3015 1095 3079 συκοφαντεῖται,
1131 3015 1328 3082 μᾶλλον
1369 3018 1465 3086 μὲν
1491 3018 1583 3071 οὖν
1616 3019 1713 3083 τὰς
1743 3023 1872 3093 παρ’

319 3095 554 3167 ἑκάτερα
588 3098 685 3167 τῆς
711 3101 1031 3178 μεσότητος,
1065 3105 1227 3174 ἡγουν
1255 3106 1352 3176 τῆς
1390 3104 1666 3178 ἀληθείας,
1695 3111 1872 3178 δόξας,

1977 1953 2108 1994 sane
2133 1956 2217 1995 me
2241 1949 2402 2007 tenet,
2459 1951 2509 1996 te
2549 1942 2744 1996 similia
2785 1945 3039 1999 scribere.
3070 1944 3254 2015 Neque
3281 1947 3421 2000 enim
3452 1948 3536 2001 in-
3615 1949 3626 2013 ξ

1977 2030 2191 2099 telligis,
2220 2040 2277 2085 ut
2300 2032 2412 2101 ipse
2435 2023 2499 2087 εὶ
2525 2033 2631 2089 tuis
2646 2034 2820 2109 verbis
2839 2034 3090 2104 coniicio,
3117 2047 3317 2092 sancta:
3331 2047 3539 2106 quarta:

1974 2121 2163 2191 synodi
2192 2138 2366 2192 neque
2391 2125 2749 2193 propositum,
2777 2141 2954 2196 neque
2981 2142 3223 2196 scapum.
3259 2128 3535 2198 Siquidem

1975 2220 2160 2267 sancta
2198 2214 2309 2268 haec
2331 2214 2569 2284 synodus
2614 2214 2749 2270 duas
2784 2225 3007 2272 naturas
3035 2232 3101 2271 ex
3147 2233 3204 2272 se
3235 2219 3537 2274 subsisten-

1975 2309 2056 2358 tes
2121 2305 2516 2374 separatimque
2560 2306 2881 2362 exsistentes
2925 2308 2978 2361 in
3031 2309 3228 2363 Christi
3281 2312 3545 2378 mysterio-

1974 2407 2250 2462 nunquam
2284 2393 2473 2457 tenuit,
2509 2393 2634 2448 licet
2655 2410 2752 2449 vos
2785 2395 2932 2449 illam
2961 2410 3068 2449 non
3102 2395 3221 2450 sine
3249 2397 3536 2452 calumniae

1975 2484 2268 2552 ignominia
2299 2484 2689 2553 criminamini,
2726 2486 2971 2556 quinimo
3001 2487 3142 2542 inter
3161 2497 3402 2542 extrema
3428 2504 3536 2543 me-

1973 2571 2120 2626 dium
2153 2574 2390 2628 veritatis
2419 2573 2687 2630 duntaxat
2732 2590 2984 2644 sequens,
3018 2591 3301 2632 excessum
3340 2588 3393 2634 et
3435 2581 3533 2635 de-

1975 2663 2195 2727 iectum,
2233 2680 2352 2734 quae
2406 2674 2532 2720 sunt
2586 2681 2616 2720 e
2676 2666 2856 2720 medio
2903 2667 3247 2736 diverticula,
3302 2656 3548 2742 ideoque

1975 2753 2109 2807 falsa
2156 2754 2494 2823 abjudicans,
2533 2758 2766 2810 medium
2802 2758 2981 2810 locum
3034 2748 3390 2826 occupantem
3417 2776 3534 2814 sem

1974 2844 2194 2897 tentiam
2233 2845 2440 2899 veritati
2474 2846 2714 2900 innixam
2748 2849 3133 2903 constabilivit.
3166 2848 3535 2914 Quemadmo-

1973 2932 2101 2987 dum
2139 2935 2282 2988 enim
2310 2935 2382 3009 ‘in
2447 2936 2647 2990 divinis
2704 2937 2940 2991 medium
2988 2941 3192 2994 obtinet
3223 2956 3407 2995 verum
3443 2957 3534 2996 ca-

1974 3025 2184 3079 tholica:
2209 3033 2262 3080 et
2314 3027 2620 3094 apostolicae
2656 3026 2908 3083 Ecclesia:
2927 3029 3141 3099 dogma,
3179 3029 3249 3084 ita
3279 3046 3533 3088 excessus

1975 3124 2028 3171 et
2055 3114 2293 3171 defectus
2332 3116 2548 3171 falsum.
2592 3116 2694 3183 Qui
2725 3134 2981 3188 namque,
3010 3129 3227 3189 propter
3278 3122 3531 3192 hyposta-

319 3188 466 3255 φημὶ
491 3188 575 3257 δὴ·
609 3188 698 3243 τὸν
736 3191 1068 3262 πλεονασμὸν
1095 3197 1187 3249 καὶ
1230 3197 1325 3266 τὴν
1354 3198 1577 3265 ἔνδειαν,
1607 3203 1872 3272 ἐκτροπὰς

1975 3219 2102 3258 seon
2135 3205 2356 3259 triadem
2388 3221 2453 3259 ac
2473 3206 3210 3274 diversitatem,‘naturarum
3241 3211 3367 3266 item
3400 3213 3529 3266 tria-

318 3276 485 3338 οὔσας
519 3279 618 3349 τῆς
665 3282 975 3361 μεσότητος,
1014 3286 1106 3338 καὶ
1145 3286 1230 3339 διὰ
1274 3289 1430 3342 τοῦτο
1456 3291 1667 3358 ψευδεῖς
1711 3292 1873 3358 οὑσας

320 3365 773 3440 ἐξοστρακίσασα,
797 3374 893 3444 τὴν
924 3377 1093 3446 μέσην
1130 3379 1280 3443 τάξιν
1306 3380 1529 3449 ἔχουσαν
1545 3383 1722 3447 δόξαν,
1745 3386 1875 3455 ἀλη-

322 3458 474 3519 Θείας
521 3461 783 3531 ἔχομένην
825 3465 1105 3540 ἐκράτυνε.
1151 3470 1256 3520 Καὶ
1294 3472 1400 3541 γὰρ
1435 3473 1619 3543 ὥσπερ
1649 3475 1740 3526 ἐπὶ
1779 3477 1876 3545 τῆς

257 3591 266 3596 ς
322 3547 654 3619 θεολογίαςή
690 3555 918 3625 μεσότης
944 3557 1187 3626 φαίνεται
1221 3561 1414 3629 ἔχουσα
1441 3565 1668 3634 τάληθὲς
1703 3566 1894 3636 δόγμα.

324 3637 426 3706 τῆς
463 3640 758 3712 καθολικῆς
811 3646 902 3697 καὶ
941 3647 1302 3718 ἀποστολικῆς
1355 3653 1700 3725 Ἐκκλησίας,
1745 3659 1772 3709 ό
1817 3658 1874 3710 δὲ

322 3728 660 3800 πλεονασμὸς
693 3733 786 3785 καὶ
822 3736 854 3804 ἡ
883 3735 1056 3789 ἔνδεια
1099 3740 1158 3791 τὸ
1194 3739 1381 3808 ψεῦδος
1413 3745 1497 3812 (ὃς
1533 3746 1641 3814 γὰρ
1692 3749 1778 3800 διὰ
1817 3750 1877 3802 τὸ

567 3819 672 3909 τῆς
707 3822 1052 3889 ὑποστάσεως
1081 3830 1173 3880 καὶ
1200 3830 1470 3909 διάφορον,
1503 3838 1595 3889 καὶ
1635 3839 1696 3889 τὸ
1727 3857 1876 3909 τρισ-

267 3900 270 3901 7
322 3909 418 3963 σὺν
455 3899 576 3964 ’τῶν
610 3901 825 3983 φύσεων
871 3917 1129 3984 δοξάσειε,
1181 3924 1266 3974 ναὶ
1302 3899 1421 3992 μην
1462 3928 1554 3979 καὶ
1600 3928 1658 3990 ὃς
1700 3899 1788 3982 διά
1816 3932 1876 3984 τὸ

321 4001 522 4056 ἐνιαῖον
549 3999 648 4072 τῆς
693 3993 926 4074 φύσεως,
969 4011 1060 4062 καὶ
1093 4011 1152 4063 τὸ
1193 4013 1477 4080 μοναδικδν
1514 4018 1609 4086 τῆς
1639 4021 1875 4074 ὑποστά-

324 4108 463 4156 σεως
507 4097 1035 4168 συνιισφέροι,’τάχα
1081 4118 1169 4167 μοι
1219 4103 1364 4155 δοκεῖ
1396 4105 1490 4156 καὶ
1517 4111 1584 4178 τῇ
1623 4109 1872 4180 ἀληθείᾳ,

323 4186 390 4254 τῇ
423 4185 565 4238 κατὰ
597 4186 929 4257 πλεονασμὸν
972 4191 1067 4243 καὶ
1097 4191 1302 4246 ἔνδειαν
1329 4195 1455 4267 δόξῃ
1507 4199 1890 4267 νενοσηκέναι.’

326 4273 503 4343 Ὅπερ
541 4273 806 4330 πιπονθεν
833 4278 1047 4348 Ἀρειός
1079 4297 1139 4332 τε
1181 4280 1274 4333 καὶ
1307 4281 1587 4348 Σαϐέλλιος
1621 4288 1649 4339 6
1688 4287 1874 4353 Λίϐυς,

326 4363 396 4417 τὰ
434 4365 498 4417 ὲκ
522 4363 810 4436 διαμέτρου
851 4368 1015 4427 κακὰ,
1060 4371 1154 4422 καὶ
1188 4372 1420 4442 όμότιμα
1466 4372 1563 4442 τὴν
1601 4375 1873 4430 ἀσέϐειαν.

341 4454 403 4508 Ἦ
448 4454 506 4508 δὲ
538 4455 635 4524 τῆς
683 4457 934 4526 ἀληθείας
967 4460 1082 4520 όδδς
1131 4461 1264 4531 μέση
1315 4479 1396 4524 τις
1445 4459 1598 4525 οὖσα,
1628 4466 1722 4517 καὶ
1783 4468 1876 4520 τοῦ

332 4546 427 4615 μὲν
456 4546 516 4598 τὸ
552 4549 769 4616 τρισσὸν
813 4549 919 4601 τῶν
967 4552 1199 4625 φύσεων,
1230 4552 1321 4604 τοῦ
1362 4554 1418 4605 δὲ
1461 4554 1873 4626 τδ,συγχυτικὸν

331 4639 417 4688 καὶ
456 4637 742 4706 μοναδικδν
788 4642 886 4709 τῆς
920 4640 1259 4704 ὑποστάσεως
1305 4644 1751 4714 ἐξοστρακίσασα,
1781 4648 1875 4700 ἕνα

325 4725 495 4789 Θεὸν,
551 4727 715 4796 ἤγουν
768 4729 896 4797 μίαν
947 4730 1133 4783 οὐσίαν
1187 4733 1279 4784 καὶ
1346 4734 1538 4801 φύσιν,
1600 4737 1692 4788 καὶ
1730 4739 1876 4803 τρεῖς

329 4817 649 4888 ὑτιοστάσεις
701 4821 1014 4888 ὁμοουσίους
1059 4824 1148 4876 ἐπὶ
1191 4825 1287 4891 τῆς
1342 4824 1616 4896 θεολογίας
1667 4829 1876 4903 τρανῶς

328 4906 720 4976 ἀνακηρύττει.·
759 4908 931 4981 Ὅπερ
975 4912 1208 4978 εὑσεόὦς
1269 4916 1302 4984 ὴ
1345 4915 1473 4983 ἁγία
1538 4919 1630 4970 καὶ
1695 4921 1877 4971 οἰκου-

331 4997 523 5068 μενικὴ
586 4999 776 5069 πρώτη
828 5002 1043 5066 σύνοδος
1089 5005 1338 5058 ὲθέσπισέ
1392 5025 1452 5059 τε
1510 5010 1601 5061 καὶ
1661 5010 1872 5080 ὦρισε)·

331 5089 416 5140 τὸν
447 5089 612 5140 αὑτὸν
663 5089 726 5160 δὴ
778 5093 974 5170 τρόπον
1012 5097 1106 5147 καὶ
1152 5097 1241 5146 ἐπὶ
1271 5096 1369 5165 τῆς
1410 5099 1568 5165 ἁγίας
1616 5101 1878 5170 τετάρτης

332 5179 548 5231 συνόδου
598 5180 818 5252 Θεωρεῖν
846 5183 1039 5239 ἔνεστι.
1076 5185 1182 5238 T06
1218 5189 1324 5258 γὰρ
1361 5189 1652 5260 Νεστορίου
1699 5191 1786 5244 διὰ
1819 5191 1880 5244 τὸ

330 5267 508 5321 δισσὸν
533 5270 630 5337 τῆς
658 5273 941 5340 ὁμολογίας
967 5277 1075 5328 τῶν
1100 5277 1330 5340 φύσεων.
1366 5280 1459 5332 καὶ
1495 5280 1555 5332 τὸ
1581 5281 1758 5333 δισσὸν
1781 5282 1878 5351 τῆς

330 5358 676 5424 ὑποστάσεως
702 5364 1025 5430 εἰσάγοντος,
1057 5369 1149 5419 καὶ
1183 5369 1269 5420 διὰ
1296 5368 1454 5422 τοῦτο
1483 5359 1580 5424 δύο
1613 5372 1758 5434 υἱοὺς
1787 5373 1878 5424 ἐπὶ

295 5449 426 5531 ῡτῆς
451 5451 758 5521 οἰκονομίας
787 5455 1116 5520 δοξάζοντος,
1141 5459 1231 5510 τοῦ
1253 5477 1313 5526 γε
1341 5462 1445 5528 μὴν
1474 5462 1760 5531 Εὑτυχοῦς,
1786 5464 1880 5516 καὶ

287 5505 316 5551 μ
387 5505 424 5516 .-
632 5505 645 5521 .
741 5505 756 5515 -
857 5505 893 5516 -κ
921 5505 993 5519 τη
1018 5505 1116 5520 μιν
1153 5505 1227 5510 -η
1263 5505 1311 5526 .-
1341 5505 1440 5528 Γνϊ
1474 5505 1760 5531 -η-νΑ--ν
1789 5505 1880 5516 ην·-

335 5537 644 5608 Διοσκόρου,
676 5541 772 5593 καὶ
800 5543 1034 5611 Σεϐήρου
1064 5547 1158 5597 καὶ
1198 5548 1293 5614 τῆς
1325 5549 1458 5615 ἀμφ’
1485 5551 1642 5600 αὑτὸν
1674 5566 1882 5618 συμμο-

337 5629 477 5696 ρίας,
507 5630 592 5683 διὰ
622 5632 682 5683 τὸ
713 5633 909 5685 ὲνιαῖον
937 5634 1031 5701 τῆς
1065 5637 1428 5700 ὑποστάσεως,
1461 5638 1629 5689 καὶτὸ
1668 5639 1882 5707 μοναδι-

337 5718 430 5771 κδν
455 5720 552 5788 τῆς
594 5720 808 5789 φύσεως
840 5721 1112 5789 λέγοντος·
1153 5725 1381 5793 φανερὸν
1420 5726 1696 5793 δήπουθεν,
1733 5729 1812 5779 ὄτι
1850 5729 1881 5779 '6

336 5812 439 5877 μὲν
465 5815 527 5881 τῇ
578 5813 718 5865 κατὰ
770 5814 1094 5883 πλεονασμὸν
1121 5817 1306 5885 ψευδεῖ
1343 5815 1463 5885 δόξῃ
1517 5819 1819 5888 νενόσηκεν,
1854 5822 1879 5870 ὁ

1967 3293 2087 3348 dem
2120 3295 2472 3364 persenserit,
2503 3287 2583 3350 vel
2625 3307 2847 3366 prapter
2875 3307 3078 3352 naturae
3120 3301 3376 3355 unitatem
3418 3304 3529 3356 sin-

1964 3385 2146 3454 gulare
2176 3386 2334 3438 etiam
2381 3386 2730 3455 hypostaseos
2783 3387 3165 3449 introduxerit.
3199 3406 3280 3445 tne
3305 3391 3352 3444 is
3393 3385 3538 3445 mihi

1962 3474 2174 3527 videtur
2200 3490 2226 3527 a
2253 3459 2496 3529 veritatis
2532 3478 2789 3545 opinione
2839 3479 2890 3531 in
2936 3494 3019 3544 ea,
3053 3495 3172 3548 quae
3207 3495 3270 3536 ex
3300 3496 3537 3536 excessu-

1963 3574 2016 3618 et
2046 3565 2254 3619 defectu
2283 3567 2636 3635 consequitur
2656 3607 2671 3630 ,
2725 3568 2962 3624 falsitate
2992 3573 3227 3640 graviter
3254 3573 3526 3626 aberrare.

1963 3655 2114 3722 Quod
2147 3657 2380 3726 perpessi
2413 3666 2539 3711 sunt
2581 3657 2743 3713 Arius
2797 3670 2851 3714 et
2897 3659 3024 3714 Afer
3071 3660 3360 3730 Sabellius,
3387 3663 3526 3716 mala

1962 3761 2025 3799 ex
2050 3745 2310 3799 diametro
2359 3761 2416 3800 se
2455 3747 2686 3802 invicem
2724 3749 3089 3813 adversantia,
3128 3751 3315 3820 juncta
3346 3760 3527 3806 tamen

1965 3838 2252 3906 impietate.
2279 3837 2380 3892 Sed
2419 3840 2659 3894 veritatis
2688 3840 2999 3904 via-media,
3032 3852 3086 3894 et
3123 3840 3285 3910 hujus
3315 3841 3526 3909 quidem

1964 3927 2135 3981 triade
2189 3936 2527 3992 naturarum,
2579 3929 2725 3984 illius
2767 3929 2998 3984 contunso
3058 3945 3122 3986 ac
3175 3932 3529 4001 hypostaseos

1965 4019 2224 4086 singulari
2269 4020 2607 4089 proscriptis,
2655 4037 2822 4074 unum
2862 4020 3052 4085 Deum,
3108 4037 3269 4076 unam
3323 4022 3529 4079 scilicet

1961 4107 2272 4169 essentiam,
2302 4117 2356 4160 et
2378 4117 2648 4170 naturam,
2671 4117 2725 4162 et
2773 4120 2881 4163 tres
2921 4109 3164 4178 ejusdem
3191 4120 3400 4167 natura:
3426 4113 3526 4182 hy-

1962 4208 2204 4266 postascs
2230 4198 2282 4252 in
2311 4198 2509 4253 divinis
2544 4200 2719 4268 palam
2747 4199 3093 4270 depraedicat,
3125 4203 3268 4270 quod
3292 4203 3379 4271 pie
3399 4216 3528 4256 san-

1960 4296 2046 4340 cla
2097 4297 2148 4340 et
2187 4288 2518 4342 tecumenica
2563 4288 2738 4357 prima
2780 4289 3015 4360 synodus
3063 4290 3300 4345 decrevit
3348 4301 3402 4345 et
3433 4290 3529 4346 dc-

1963 4377 2288 4441 terminavit.
2325 4378 2499 4433 Simili
2553 4380 2760 4434 ratione
2788 4390 2842 4435 et
2869 4381 2937 4436 de
2982 4387 3165 4435 saneta
3197 4389 3388 4450 quarta
3440 4390 3530 4452 s‘y-

1962 4469 2104 4523 nodo
2130 4469 2621 4538 philosOphandum
2674 4479 2776 4526 est.
2821 4469 3274 4539 Namﬁestorio,
3313 4482 3530 4541 propter

1977 4557 2242 4625 geminam
2269 4567 2536 4621 naturam,
2569 4557 2836 4629 geminam
2871 4559 3034 4612 etiam
3083 4545 3412 4628 hypostasim
3449 4559 3529 4614 in-

1981 4645 2315 4708 troducente,
2366 4644 2594 4714 ideoque
2624 4646 2761 4701 duos
2794 4645 2933 4701 ﬁlios
2966 4647 3020 4701 in
3050 4649 3352 4702 teconomia
3386 4657 3530 4702 asse-

1978 4744 2128 4790 rente
2157 4753 2170 4790 :
2197 4735 2437 4806 Eutyche
2473 4750 2600 4791 vero
2619 4751 2682 4791 ac
2724 4736 2997 4803 Dioscoro,
3040 4751 3250 4792 necnon
3303 4736 3522 4802 Severo,

1977 4827 2206 4896 aliisque
2234 4828 2472 4896 ejusdem
2493 4828 2754 4883 doctrina:
2779 4827 3142 4891 consortibus,
3171 4836 3390 4895 pr0pter
3409 4827 3526 4879 uni-

1980 4927 2144 4972 tatem
2177 4919 2498 4989 hypostasis,
2545 4919 2818 4989 singulare
2854 4932 3069 4988 quoque
3123 4929 3326 4970 natura:
3357 4918 3526 4969 t‘aten-

1979 5011 2141 5074 tibus,
2175 5009 2517 5064 manit‘estum
2564 5018 2670 5075 est,
2728 5009 2872 5062 hunc
2923 5007 3134 5076 quidem
3183 5023 3245 5061 ex
3279 5021 3520 5066 excessu,

1979 5103 2111 5156 alios
2140 5116 2202 5154 ex
2233 5099 2440 5154 defectu
2485 5099 2623 5152 mala
2653 5098 2902 5167 opinione
2941 5095 3231 5150 laborasse.
3263 5093 3362 5145 Sed
3394 5092 3524 5145 deti-

1980 5188 2111 5242 nitio
2131 5197 2330 5243 sancta:
2362 5184 2816 5241 Chalcedonensis
2845 5183 3031 5254 synodi
3063 5182 3290 5235 mediam
3322 5181 3522 5234 verita-

1979 5279 2047 5332 tis
2093 5279 2231 5332 viam
2258 5278 2518 5346 ingressa,
2548 5283 2897 5342 sanctamque
2923 5282 2976 5325 et
3003 5269 3390 5325 (ecumenicam
3411 5269 3523 5336 pri-

1981 5357 2120 5420 mam
2151 5366 2410 5436 synodum
2434 5375 2636 5426 secuta,
2667 5377 2789 5431 quae
2845 5361 3068 5414 mediam
3099 5356 3337 5411 veritatis
3381 5358 3520 5409 viam

1980 5455 2356 5518 cOnstahilivit,
2387 5453 2616 5507 absurda
2644 5466 2808 5520 penes
2836 5459 3088 5507 extrema,
3120 5444 3314 5512 duplex
3332 5460 3523 5512 nempe

1981 5547 2350 5616 hypostaseos,
2411 5543 2552 5612 quod
2583 5542 2718 5596 duos
2753 5541 2890 5592 ﬁlios
2919 5536 3045 5588 facit
3093 5542 3143 5586 et
3174 5539 3309 5586 duos
3362 5534 3522 5587 Chri-

1980 5646 2108 5699 stos,
2141 5635 2281 5704 quod
2318 5643 2398 5688 est
2448 5648 2541 5702 per
2562 5647 2859 5701 excessum,
2896 5629 3002 5680 imo
3031 5634 3084 5678 et
3107 5623 3396 5689 defectum,
3430 5624 3519 5691 qui

1981 5737 2195 5796 propter
2224 5717 2491 5792 singulare
2516 5720 2834 5790 hypostasis,
2866 5726 3071 5767 natura
3103 5727 3315 5781 quoque
3348 5713 3523 5767 unita-

1983 5827 2087 5869 tem
2125 5815 2360 5876 exhibet,
2390 5810 2682 5879 corrigens,
2708 5804 2941 5861 veritatis
2965 5804 3124 5870 viam,
3144 5817 3260 5881 qua:
3285 5802 3516 5857 medium
