3934 6316
469 225 480 233 ’
585 242 687 303 599

1831 238 2120 301 NICET/E
2160 239 2524 308 ΕΥΖᾹΝΤΙΝ
2537 248 2556 306 ἰ

3699 242 3799 309 600

579 361 810 421 occupat
835 351 1199 415 conﬁrmavit,
1252 356 1302 405 et
1335 352 1509 418 palam
1542 352 1828 407 confitetur
1855 352 1908 405 in
1941 353 2105 406 union

2242 352 2298 402 δὲ
2321 358 2385 427 τῇ
2412 358 2532 410 κατ’
2560 344 2779 411 ἔνδειαν.
2808 358 2869 411 Ἥ
2891 358 2946 410 δὲ
2970 358 3068 428 τῆς
3098 360 3155 411 ἐν
3175 357 3472 428 Χαλκηδόνι
3489 357 3650 424 ἁγίας
3680 371 3797 409 συν-

580 449 777 502 tlhristi
819 448 1115 503 secundum
1149 447 1498 516 hypostasim,
1534 448 1669 502 duas
1699 457 1920 501 naturas
1946 461 2144 501 conve-

2245 446 2365 528 όδομ
2401 447 2723 518 θεσμοθεσία
2764 449 2934 519 μέσην
2964 450 3080 502 ὁδὸν
3110 451 3206 519 τῆς
3234 450 3488 520 ἀληθείας
3514 448 3794 517 βαδίσασα,

581 542 726 595 uisse
753 542 982 610 partium
1020 542 1193 595 locum
1221 542 1271 593 in
1319 557 1427 596 uno
1450 540 1664 596 Christo
1700 540 2056 603 continentes,
2088 557 2111 595 c

2244 541 2339 591 καὶ
2368 541 2715 610 μιμησαμένη
2748 542 2844 610 τὴν
2870 541 3030 609 ἁγίαν
3053 541 3145 593 καὶ
3171 540 3550 609 οίκουμενικὴν
3572 538 3796 608 πρώτην

580 646 741 684 unam
771 631 1101 700 hypostasim
1126 647 1139 682 :
1167 628 1382 698 quando
1402 629 1634 684 medium
1666 629 1868 697 aliquid
1899 629 2111 684 obtinea

2245 627 2480 692 σύνοδον,
2528 630 2648 700 ἥτις
2697 630 2794 701 τὴν
2844 630 3012 702 μέσην
3064 631 3182 684 ὁδὸν
3231 631 3326 699 τῆς
3374 630 3628 699 ἀληθείας
3681 627 3795 680 ἐσε-

575 735 698 775 cum
741 721 996 775 extremis
1023 735 1331 782 commune,
1366 729 1419 775 et
1448 723 1500 776 in
1531 721 1713 790 aliquo
1734 721 1966 786 diﬂ‘erat,
2000 730 2052 774 et
2086 722 2136 773 in

573 811 773 877 quibus
803 825 926 864 cum
946 824 1167 864 excessu
1204 811 1561 876 disconvenit,
1607 827 1731 866 cum
1762 811 1971 866 defectu
2002 827 2130 865 oon-

573 901 793 966 cordat;
828 901 879 954 in
914 902 1112 970 quibus
1153 911 1330 957 autem
1360 919 1387 956 a
1436 901 1646 957 defectu
1684 904 1977 968 discordat,
2014 919 2136 961 cum

571 1005 797 1046 excessu
821 992 1092 1046 convenit.
1133 990 1372 1061 Exempli
1404 1008 1564 1048 causa
1593 1010 1605 1047 :
1640 993 1893 1049 Ecclesiae
1929 996 2133 1063 opinio,

567 1092 692 1147 quas
712 1077 780 1131 ab
806 1079 943 1134 Aria.
979 1080 1277 1133 secundum
1322 1089 1546 1134 naturas
1576 1081 1844 1144 dissentit,
1873 1096 1995 1136 cum
2033 1081 2132 1136 Sa-

565 1169 730 1238 bellio
760 1185 921 1232 unam
959 1182 1202 1224 naturam
1224 1179 1496 1225 asserente
1526 1173 1828 1238 consentit;
1862 1188 1980 1242 qua:
2009 1188 2131 1228 cum

568 1259 804 1313 Sabellio
833 1270 1035 1330 pugnat
1090 1261 1387 1314 secundum
1446 1261 1720 1330 singulare
1759 1273 1812 1316 et
1842 1262 2130 1317 confusum

455 1393 461 1400 .
565 1351 887 1421 hypostasis,
919 1368 1023 1406 non
1064 1353 1316 1407 abhorret
1341 1353 1406 1406 ab
1427 1352 1555 1407 Ario
1579 1349 1876 1407 secundum
1907 1355 2130 1419 triadcm

565 1443 945 1512 hypostaseon-.
990 1446 1081 1498 Sic
1109 1445 1274 1498 etiam
1333 1445 1746 1498 discurrentium
1786 1455 1869 1500 est
1898 1446 1951 1499 in
1981 1459 2130 1500 teco-

562 1537 741 1589 nomia
772 1535 1044 1590 de-media
1075 1537 1182 1599 \ia,
1217 1537 1463 1590 veritatis
1499 1550 1690 1603 nempe
1724 1539 2044 1590 sententiam
2075 1539 2128 1592 in

559 1627 742 1693 aliquo
771 1641 893 1679 cum
917 1626 1172 1680 extremis
1201 1626 1550 1690 concordare,
1597 1625 1650 1680 in
1680 1627 1863 1696 aliquo
1892 1627 2126 1690 diﬂ‘erre,

558 1713 686 1767 etin
723 1711 922 1784 quibus
938 1715 1112 1768 diﬂcrt
1145 1715 1211 1768 ab
1242 1729 1488 1781 excessu,
1512 1732 1633 1771 rum
1667 1717 1874 1773 defectu
1902 1729 2130 1774 conco‘r-

557 1805 710 1868 dare,
752 1807 805 1858 in
837 1807 1107 1875 quibusa
1137 1806 1370 1868 defectu,
1432 1822 1556 1862 cum
1606 1823 1854 1863 excessu.
1913 1809 1993 1864 Sit
2031 1825 2128 1879 pro

556 1899 825 1967 exemplo.
859 1898 1134 1952 Punantur
1166 1899 1473 1967 opiniones,
1505 1900 1762 1967 Nestorii,
1800 1901 2044 1970 inquam,
2075 1909 2128 1956 et

556 1987 892 2058 Eutychetis,
935 1999 987 2044 et
1018 1989 1222 2052 Severi,
1255 2006 1484 2060 quarum
1529 1992 1698 2047 altera
1735 1993 1872 2048 duas
1905 2006 2127 2049 naturas

553 2090 608 2133 et
637 2080 773 2134 duas
805 2094 1066 2148 personas
1113 2081 1310 2135 fatetur
1332 2121 1346 2146 ,
1377 2083 1543 2136 altera
1575 2099 1737 2138 unam
1789 2097 2035 2140 naturam
2072 2097 2127 2143 et

554 2187 718 2226 unam
751 2173 1083 2243 hypostasim
1114 2173 1326 2226 asserit.
1371 2171 1710 2229 Manifestum
1733 2176 1875 2231 iceter
1916 2192 2009 2233 eas
2041 2193 2125 2232 se-

552 2264 789 2320 cundum
807 2280 1090 2320 excessum
1109 2273 1270 2333 atque
1293 2265 1560 2320 defectum
1578 2266 1802 2322 nimium
1837 2269 2120 2335 interesse,

551 2356 823 2425 siquidem
862 2372 1046 2411 earum
1083 2355 1393 2426 longissime
1418 2356 1633 2418 diversa
1671 2358 1806 2413 ratio
1827 2367 1928 2422 est,
1962 2361 2123 2415 nihil-

549 2461 656 2515 quu
681 2453 783 2507 est,
806 2459 918 2514 quo
944 2454 1158 2510 natura,
1191 2446 1271 2498 vel
1295 2445 1597 2515 hypostasis
1625 2446 1762 2500 inter
1788 2462 1846 2501 se
1880 2463 2122 2504 commu-

549 2539 751 2592 nicent.
778 2538 956 2603 Quare
981 2545 1292 2592 assnmatur
1339 2551 1402 2590 ea
1451 2523 1680 2606 opinio,
1710 2553 1832 2607 quae
1877 2539 2116 2595 medium

547 2629 796 2684 veritatis
825 2640 1080 2699 occupat;
1115 2645 1177 2684 ea
1205 2631 1428 2686 omnino
1481 2631 1535 2685 in
1569 2631 1751 2699 aliquo
1785 2647 1908 2686 cum
1937 2646 2113 2688 extre-

548 2723 654 2778 tnis
679 2716 970 2776 convenire
999 2723 1177 2782 debet.
1214 2730 1268 2777 et
1309 2722 1359 2775 iu
1409 2724 1590 2792 aliquo
1627 2725 1952 2794 discrepare,
1983 2741 2034 2783 et
2063 2730 2115 2784 in

547 2813 750 2882 quibus
775 2814 843 2867 ab
864 2828 1091 2868 excessu
1110 2813 1474 2877 disconvenit,
1500 2830 1622 2869 cum
1650 2816 1862 2872 defectu
1886 2834 2116 2874 consen-

545 2907 670 2972 tire,
701 2906 753 2959 in
776 2905 974 2976 quibus
1002 2905 1234 2960 defectui
1259 2920 1362 2959 non
1398 2908 1714 2972 concordat,
1743 2924 1864 2963 cum
1889 2926 2112 2966 excessu

2242 719 2464 784 σαίωσε,
2494 722 2588 774 καὶ
2609 722 2748 792 αὕτη
2784 723 2851 775 τὰ
2882 723 3008 793 παρ’
3037 723 3272 792 ἑκάτερα
3308 720 3500 785 ἄτοπα,
3527 720 3586 772 τὸ
3615 718 3797 772 δισσὸν

2239 811 2348 865 τῶν
2373 812 2740 879 ὑποστάσεων,
2769 816 2901 884 ὅπερ
2928 818 3071 869 ποιεῖ
3111 814 3204 868 δύο
3246 815 3392 877 υῐοὺς
3424 813 3517 866 καὶ
3552 810 3644 865 δύο
3679 827 3794 880 χρι-

2241 905 2418 970 στοὺς,
2448 905 2475 958 ὃ
2518 907 2632 958 ἐστι
2680 907 2817 961 κατὰ
2847 907 3199 977 πλεονασμὸν,
3248 906 3380 961 ἀλλὰ
3411 903 3520 975 μὴν
3555 904 3646 956 καὶ
3700 902 3792 970 τὴν

2239 994 2468 1062 ἔνδειαν,
2499 999 2635 1067 ὅπερ
2658 997 2745 1050 διά
2774 999 2832 1050 τὺ
2863 989 3060 1051 ἑνιαῒον
3089 997 3186 1068 τῆς
3225 997 3570 1058 ὑποστάσεως
3594 996 3664 1065 τῇ
3696 994 3793 1062 φό-

2239 1103 2321 1139 σει
2363 1088 2424 1140 τὸ
2462 1087 2744 1157 μοναδικὸν
2800 1090 3000 1152 δίδωσι,
3033 1089 3130 1159 τήν
3173 1088 3342 1159 μέσην
3386 1086 3538 1152 τάξιν
3567 1085 3792 1153 ἔχουσαν

2235 1176 2352 1231 ὁδὸν
2397 1176 2651 1247 ἀληθείας
2696 1179 2976 1248 ἐκράτυνε,
3026 1177 3118 1231 καὶ
3156 1174 3514 1246 ἀνακηρύττει
3558 1175 3652 1227 ἐπὶ
3699 1173 3793 1241 τῆς

2235 1265 2356 1319 καθ’
2388 1266 2682 1319 ὑπόστασιν
2709 1266 2950 1327 ὲνὼσεως
2983 1265 3077 1318 τοῦ
3122 1264 3354 1333 Χριστοῦ
3380 1264 3472 1315 δύο
3499 1262 3690 1330 φύσεις
3729 1261 3800 1314 τᾶ

2235 1356 2574 1424 συνελθόντα,
2610 1359 2788 1428 μερῶν
2817 1357 2965 1421 τάξιν
2994 1357 3180 1425 ἔχοντα
3213 1358 3269 1406 ὲν
3302 1355 3377 1426 τῷ
3425 1356 3502 1407 ἑνὶ
3547 1352 3789 1424 Χριστῷ,

2235 1449 2365 1516 μίαν
2389 1447 2444 1500 δὲ
2483 1448 2580 1518 τὴν
2621 1448 2934 1501 ὑπόστασιν.
2980 1445 3195 1514 Ἐπειδὴ
3239 1446 3270 1515 ἡ
3314 1444 3542 1514 μεσότης
3591 1444 3690 1495 ὲπί
3740 1459 3788 1492 τι

2231 1539 2477 1593 κοινωνεῖ
2500 1541 2609 1601 τοῖς
2634 1538 2844 1607 ἄκροις,
2876 1538 2967 1591 καὶ
3003 1538 3094 1590 ἐπί
3123 1554 3174 1590 τι
3203 1536 3470 1605 διαφέρει,
3501 1533 3591 1587 καὶ
3627 1536 3690 1586 εν
3711 1528 3789 1593 οἷς

2230 1627 2546 1698 διαφέρεται
2564 1629 2640 1699 τῷ
2669 1629 3008 1700 πλεονασμῷ,
3045 1630 3289 1682 κοινωνεῖ
3314 1629 3375 1697 τῇ
3400 1627 3592 1697 ἐνδείᾳ,
3621 1626 3682 1676 ἐν
3711 1618 3787 1684 οἷς

2229 1719 2284 1772 δὲ
2331 1720 2642 1790 διαφέρεται
2687 1723 2751 1790 τῇ
2789 1719 2985 1789 ὶνδείᾳ,
3028 1721 3272 1773 κοινωνεί
3318 1717 3392 1786 τῷ
3443 1713 3784 1783 πλεονασμῷ.

2229 1804 2354 1862 Οἷὸν
2378 1808 2428 1862 τί
2452 1827 2619 1878 φημι”
2655 1810 2725 1861 Τὸ
2757 1811 2854 1879 τῆς
2892 1809 3210 1878 Ἐκκλησίας
3239 1809 3514 1878 φρόνημα,
3535 1804 3786 1873 διαφερό-

2229 1915 2391 1968 μενον
2422 1899 2496 1969 τῷ
2525 1898 2617 1952 τοῦ
2660 1900 2865 1970 Ἀρείου
2905 1899 3043 1953 κατὰ
3073 1899 3168 1960 τὰς
3207 1899 3415 1966 φύσεις,
3448 1898 3691 1950 κοινωνεῖ
3711 1894 3786 1962 τῷ

2227 1988 2536 2057 Σαϐελλίου,
2566 1990 2641 2060 τῷ
2684 1991 2811 2059 μὲαν
2855 1990 3017 2058 φύσιν
3055 1989 3330 2055 δοξάζειν·
3363 1987 3455 2040 τοῦ
3484 1985 3538 2038 δὲ
3575 1987 3637 2054 δὴ
3677 1986 3781 2037 Σα-

2226 2079 2436 2132 δελλίου
2465 2080 2851 2152 διαφερόμενον
2882 2083 3021 2135 κατὰ
3055 2083 3114 2134 τὸ
3156 2081 3438 2149 μοναδικὸν
3465 2079 3557 2132 καὶ
3588 2095 3785 2148 συγχυ‹

2225 2171 2373 2224 τικὺν
2409 2172 2507 2241 τῆς
2555 2171 2924 2235 ὑποστάσεως,
2973 2174 3275 2242 συμφρονεῖ
3316 2171 3393 2241 τῷ
3437 2170 3530 2223 τοῦ
3572 2169 3782 2236 Ἀρείου

2225 2262 2363 2315 κατὰ
2417 2264 2477 2315 τὸ
2529 2261 2749 2333 τρισσὸν
2787 2263 2894 2317 τῶν
2951 2265 3318 2317 ὑποστάσεων.
3364 2261 3551 2325 Οὕτως
3606 2261 3782 2313 ἔνεστι

2223 2356 2444 2408 σκοπεῖν
2503 2354 2593 2408 καὶ
2620 2355 2709 2407 ἐπὶ
2741 2354 2840 2424 τῆς
2870 2356 3177 2425 οἰκονομίας
3214 2355 3311 2426 τὴν
3347 2356 3518 2425 μέσην
3548 2352 3662 2406 έδὺν
3686 2352 3782 2420 τῆς

2219 2446 2477 2516 ἀληθείας
2520 2445 2695 2512 δόξαν,
2735 2448 2826 2500 ὲπί
2868 2465 2916 2498 τι
2963 2449 3236 2500 κοινωνεῖν
3285 2449 3379 2500 καὶ
3429 2444 3781 2516 διαφέρεσθαι

2219 2539 2330 2600 τοῖς
2366 2538 2552 2609 ἄκροις
2574 2554 2588 2568 °
2641 2539 2732 2591 καὶ
2763 2533 2926 2601 ἐνόἷς
2959 2538 3270 2607 διαφέρεται
3313 2537 3389 2607 τῷ
3436 2535 3780 2604 πλεονασμῷ,

2220 2631 2466 2680 κοινωνεῖ
2498 2631 2562 2699 τῇ
2596 2629 2794 2700 ἐνδείᾳ,
2836 2632 2892 2682 ὲν
2924 2624 3003 2693 οἷς
3040 2629 3095 2681 δὲ
3134 2629 3444 2700 διαφέρεται
3476 2630 3542 2699 τῇ
3583 2626 3775 2696 ἐνδείᾳ,

2218 2722 2464 2773 κοινωνεῖ
2484 2720 2559 2789 τῷ
2587 2719 2923 2790 πλεονασμῷ.
2947 2715 3068 2772 Οἷόν
3094 2737 3145 2774 τι
3166 2720 3307 2786 λέγω
3328 2735 3342 2747 ’
3363 2717 3781 2788 Προκείσθωσαν

2217 2809 2386 2874 δόξαι,
2422 2808 2512 2861 τοῦ
2546 2810 2859 2880 Νεστορίου,
2894 2809 3059 2879 φημὶ,
3098 2811 3190 2862 καὶ
3223 2808 3515 2878 Ειῦτυχοῦς,
3555 2807 3647 2860 καὶ
3679 2807 3775 2858 Σι-

2219 2899 2387 2968 σήρου
2410 2901 2483 2969 ,ἡ
2519 2901 2613 2968 μὲν
2651 2899 2743 2953 δύο
2787 2900 2974 2968 φύσεις
3011 2901 3105 2952 καὶ
3136 2899 3228 2952 δύο
3281 2899 3544 2969 πρόσωπα
3573 2897 3774 2963 κηρίτ·

544 2996 821 3066 eonjungi.
857 2993 1003 3052 Talis
1039 3005 1124 3050 est
1166 3007 1365 3050 sanctae
1409 3007 1616 3067 quarta:
1667 3000 1855 3070 synodi
1897 3011 2111 3056 st-nten-

2217 3007 2407 3054 τουσα,
2441 2990 2474 3059 ἡ
2515 2990 2570 3043 δὲ
2626 2991 2756 3060 μίαν
2790 2991 2951 3060 φύσιν
2990 2990 3083 3042 καὶ
3126 2990 3253 3059 μίαν
3287 2989 3585 3041 ὑπόστασιν
3627 2986 3777 3050 δοξά-

545 3089 640 3148 tia,
681 3087 736 3140 in
765 3084 982 3142 Christo
1019 3087 1156 3139 duas
1207 3095 1430 3141 naturas
1482 3096 1532 3142 et
1565 3105 1727 3142 unam
1781 3090 2108 3161 Ιιγμυδῑιμίιη

544 3177 868 3238 enuntians,
901 3191 1020 3244 quze
1070 3191 1098 3228 a
1155 3173 1404 3231 Neslorio
1442 3180 1740 3234 secundum
1775 3181 2107 3251 hypustasim

542 3266 870 3322 dissentiens
895 3266 1006 3335 (ille
1033 3266 1175 3319 enim
1215 3267 1372 3331 duas,
1415 3267 1528 3321 hrcc
1571 3286 1730 3323 unam
1779 3271 2105 3341 proﬁtetur),

540 3373 665 3411 cum
719 3355 960 3425 Eutyche
1000 3367 1159 3423 atque
1190 3357 1391 3412 Severo
1419 3362 1708 3424 consentit,
1753 3363 1897 3430 quod
1925 3374 1975 3418 et
2007 3365 2107 3432 ipsi

543 3460 707 3499 unam
762 3445 1090 3515 hypostasim
1131 3445 1476 3502 conﬁtentur.
1530 3448 1633 3503 Sed
1686 3467 1900 3506 rursum
1936 3469 1964 3507 a
1994 3455 2108 3507 Dio-

541 3520 811 3599 scotopet
845 3535 1100 3606 Eutyche,
1144 3547 1198 3590 et
1227 3535 1426 3593 Severo
1465 3539 1878 3597 disconveniens
1914 3559 2106 3600 secun-

539 3631 669 3686 dum
701 3639 947 3685 naturam
973 3666 991 3694 ,
1033 3629 1179 3698 quod
1213 3629 1291 3683 illi
1320 3645 1482 3684 unam
1517 3640 1765 3688 naturam
1797 3634 1850 3689 in
1882 3651 2102 3692 (nconc-

540 3721 648 3775 mia
696 3728 964 3784 asserant,
1017 3719 1106 3773 illa
1138 3718 1297 3784 duas,
1341 3735 1449 3773 non
1484 3719 1712 3781 dissidet
1759 3738 1788 3777 a
1835 3722 2102 3792 Nestorio,

538 3811 635 3880 qui
665 3811 798 3866 duas
830 3810 1209 3866 tantummodo
1259 3821 1481 3867 naturas
1525 3812 1576 3866 in
1635 3812 1851 3871 Christo
1900 3818 2098 3886 posuit.

540 3902 820 3971 Nemoque
856 3917 920 3956 ex
964 3916 1029 3957 eo
1066 3901 1208 3970 quod
1262 3901 1314 3955 in
1350 3902 1530 3967 aliquo
1573 3904 1695 3972 quis
1739 3909 2101 3964 communicat

539 4009 663 4047 cum
700 3992 823 4055 alio,
850 3991 1070 4044 omnino
1099 4007 1220 4044 cum
1270 4006 1334 4045 eo
1378 3993 1780 4049 communicare
1824 3997 2096 4065 opinetur,

538 4094 592 4140 et
618 4073 876 4152 tanquam
903 4097 1004 4136 una
1031 4083 1349 4138 sentientem
1377 4097 1520 4148 eum,
1549 4086 1638 4153 qui
1682 4086 1735 4140 in
1771 4088 1952 4157 aliquo
1977 4105 2097 4143 cum

537 4177 795 4245 quopiam
855 4173 1034 4233 sentit.
1070 4173 1121 4226 in
1153 4173 1340 4228 eodem
1401 4174 1614 4237 habeat,
1663 4186 1823 4246 atque
1860 4195 2097 4235 exsecre-

539 4276 653 4330 tur;
692 4261 1128 4332 quandoquidem
1160 4270 1213 4315 et
1255 4277 1378 4317 vera
1411 4263 1666 4323 Ecclesiae
1716 4267 1918 4336 opinio,
1955 4270 2093 4337 quod

2218 3081 2405 3143 ζουσα.
2450 3081 2684 3150 Φανερὸν
2734 3082 2814 3132 ὅτι
2863 3082 3001 3134 κατὰ
3045 3077 3384 3148 πλεονασμὸν
3429 3077 3524 3130 καὶ
3574 3077 3775 3131 ἔνδειαν

2217 3170 2426 3222 ἔσονται
2463 3171 2831 3239 ἀντικείμεναι
2852 3188 2865 3202 ο
2899 3172 3054 3241 είπερ
3087 3172 3152 3223 τὰ
3183 3170 3381 3223 οὑτωσὶ
3417 3171 3591 3238 πάντη
3623 3167 3772 3221 ἀντί-

2217 3279 2444 3323 κεινται,
2474 3264 2564 3314 καὶ
2596 3262 2850 3332 οὐδεμίαν
2883 3263 3169 3316 κοινωνίαν
3214 3261 3427 3330 φύσεως
3481 3261 3512 3331 ἢ
3544 3259 3773 3313 ὑποστά-

2214 3370 2350 3418 σεως
2375 3356 2510 3425 πρὸς
2535 3354 2768 3426 ἀλλήλας
2813 3354 3124 3422 κέκτηνται.
3153 3353 3358 3406 Οὐκοῦν
3404 3353 3661 3422 ληφθήτω
3692 3366 3774 3414 τις

2213 3446 2421 3515 δόξα,ὴ
2471 3436 2532 3498 τδ
2566 3447 2727 3514 μέσον
2763 3447 2863 3515 τῆς
2907 3442 3160 3515 ἀληθείας
3208 3445 3404 3514 ἔχουσα
3433 3459 3448 3473 ⁸
3495 3441 3635 3513 αὕτη
3682 3438 3773 3496 οὖν

2211 3539 2304 3591 ἐπί
2334 3557 2386 3592 τι
2419 3541 2528 3602 τοῖς
2560 3540 2745 3608 ἄκροις
2777 3539 3118 3609 έποφείλεται
3150 3541 3444 3601 κοινωνεῖν,
3477 3538 3570 3590 καὶ
3602 3536 3694 3588 ἐπί
3721 3552 3770 3587 τι

2209 3631 2504 3701 διαφέρειν,
2534 3631 2625 3684 καὶ
2647 3632 2704 3684 ὲν
2731 3626 2808 3694 οἷς
2834 3631 3146 3700 διαφέρεται
3177 3628 3253 3700 τῷ
3286 3626 3628 3698 πλεονασμῷ,
3660 3645 3769 3680 κοι-

2211 3726 2397 3776 νωνεῖν
2423 3727 2485 3793 τῇ
2518 3723 2713 3793 ἐνδείᾳ,
2744 3723 2802 3775 ὲν
2828 3718 2906 3785 οἷς
2929 3723 2982 3775 δὲ
3000 3723 3310 3791 διαφέρεται
3339 3723 3403 3791 τῇ
3435 3720 3629 3788 ἐνδείᾳ,
3658 3736 3768 3770 κοι-

2209 3815 2394 3866 νωνεῖν
2439 3812 2512 3882 τῷ
2568 3812 2907 3882 πλεονασμῷ.
2937 3814 3172 3883 Τοιαύτη
3210 3815 3295 3876 τίς
3341 3814 3453 3865 ἐστι
3487 3812 3577 3864 καὶ
3608 3813 3640 3880 ἡ
3676 3813 3766 3881 τῆς

2209 3906 2368 3971 ἁγίας
2420 3906 2691 3973 τετάρτης
2732 3906 2947 3958 συνόδου
3002 3907 3093 3958 ἐπὶ
3139 3905 3398 3977 Χριστοῦ,
3442 3905 3532 3957 δύο
3578 3904 3766 3974 φύσεις

2206 3998 2299 4060 καὶ
2335 3996 2460 4065 μίαν
2494 3996 2788 4049 ὑπόστασιν
2835 3997 3196 4066 κηρύττουσα,
3246 3997 3367 4066 ἥτις
3404 3996 3764 4066 διαφερομένη

2204 4088 2282 4158 τῷ
2318 4087 2595 4157 Νεστορίῳ
2647 4090 2785 4144 κατὰ
2821 4089 2915 4160 τ’ὴν
2946 4088 3241 4141 ὑπόστασιν
3275 4088 3374 4155 (ὅτι
3410 4089 3435 4140 ό
3463 4088 3559 4156 μὲν
3591 4086 3760 4154 δύο,ή

2203 4178 2259 4231 δὲ
2286 4177 2418 4246 μίαν
2452 4178 2754 4248 κηρύττει),
2779 4182 3022 4232 κοινωνεῖ
3049 4178 3125 4248 τῷ
3153 4180 3377 4246 Εὐτυχεῖ
3407 4180 3496 4230 καὶ
3520 4172 3760 4246 Σιὸήρῳ,

2204 4270 2346 4322 κατὰ
2375 4269 2432 4322 τὸ
2474 4269 2601 4339 μίαν
2636 4273 2926 4324 ὑπόστασιν
2959 4273 3236 4341 ὁμολογεῖν
3266 4271 3361 4322 καὶ
3395 4270 3610 4332 αὑτούς.
3656 4269 3760 4322 [ld-

538 4357 590 4410 in
626 4357 809 4424 aliquo
841 4369 961 4407 cum
987 4353 1241 4408 extremis
1268 4355 1578 4423 concordat,
1598 4358 1725 4411 Ario
1749 4367 1798 4411 et
1841 4358 2094 4425 Sabellio,

2216 4371 2283 4414 ttv
2311 4362 2356 4415 δ’
2379 4361 2447 4415 αὖ
2471 4363 2835 4434 διαφερομένη
2861 4364 2934 4431 τῷ
2951 4365 3242 4433 Διοσκόρῳ,
3270 4364 3360 4416 καὶ
3391 4363 3636 4430 Εὑτυχεί,
3672 4361 3761 4415 καὶ

540 4458 598 4500 ιιι
640 4443 815 4500 oratio
846 4443 1234 4513 comprobavit,
1281 4446 1674 4514 proscribetur.
1712 4446 1776 4501 Et
1813 4449 1937 4519 quis
1969 4460 2090 4504 tan-

537 4549 646 4591 tam
687 4535 1080 4604 blasphemiam
1111 4535 1247 4589 ferre
1274 4535 1503 4605 p‘oteriti
1539 4535 1662 4590 Pari
1693 4540 1904 4594 ratione
1934 4551 1987 4596 et
2026 4543 2091 4598 de

534 4636 721 4680 sancta
755 4636 945 4694 quarta
991 4624 1197 4695 synodo
1248 4625 1331 4694 pie
1385 4625 1761 4681 disserendttm
1815 4639 1916 4685 est.
1957 4632 2094 4698 Quia

534 4715 807 4771 consentit
839 4714 890 4767 in
946 4714 1126 4782 aliquo
1163 4729 1287 4769 cum
1332 4713 1599 4777 Nestorio,
1655 4713 1844 4772 ideone
1895 4729 1947 4774 et
1985 4737 2093 4776 una

534 4824 657 4862 cum
689 4821 754 4860 eo
787 4805 987 4860 sentire
1015 4803 1296 4860 dicemus?
1327 4811 1529 4873 Apage.
1591 4803 1716 4862 Haec
1776 4809 1958 4880 itaque
1998 4828 2089 4884 sy-

534 4896 709 4952 nodus
767 4897 864 4950 hoc
890 4894 1049 4950 modo
1091 4894 1316 4949 mediam
1367 4895 1610 4950 veritatis
1657 4897 1797 4953 viam
1838 4901 2094 4973 evulgans

532 5007 638 5046 non
695 4997 778 5046 est
817 4990 1062 5059 improbo
1103 4988 1365 5050 consilio,
1415 4997 1467 5043 et
1513 5004 1723 5045 summa
1759 4991 2094 5063 ignoratione

532 5082 930 5152 calumnianda,
971 5080 1451 5149 abjudicandaque,
1485 5082 1577 5134 sed
1612 5085 1910 5154 potius.nbi
1943 5089 2092 5156 prius

533 5185 737 5232 rectum
765 5175 933 5244 ipsius
976 5175 1165 5241 dogma
1206 5172 1485 5242 amplexus
1535 5172 1720 5241 fueris,
1774 5181 2093 5236 exosculan-

532 5267 630 5332 da,
679 5263 1196 5332 annumerandaque
1244 5278 1362 5317 cum
1408 5263 1530 5318 aliis
1560 5267 1763 5322 sanctis
1794 5270 1966 5326 tribus
1998 5287 2091 5343 sy-

533 5351 707 5413 nodis,
737 5353 900 5420 quod,
932 5359 987 5401 ut
1013 5350 1187 5403 oratio
1217 5349 1772 5413 demonstravitmihil
1820 5373 1927 5425 pra:
1972 5361 2092 5416 aliis

533 5446 736 5502 sanctis
760 5446 928 5497 tribus
961 5444 1178 5512 synodis
1199 5443 1504 5512 innovavitf;
1535 5448 1799 5516 quinimo,
1832 5451 1875 5504 si
1907 5466 2089 5509 verum

534 5534 694 5591 fateri
740 5537 1012 5598 volumus,
1078 5535 1260 5590 eadem
1316 5551 1556 5605 prorsus,
1601 5555 1860 5612 arqueque
1909 5546 2090 5600 omnia

2205 4451 2426 4523 Σεσήρῳ
2450 4453 2593 4506 κατὰ
2620 4453 2719 4521 τὴν
2758 4453 2918 4522 φύσιν
2951 4456 3050 4523 (ὅτι
3083 4457 3129 4507 oi
3168 4455 3264 4522 μὲν
3315 4454 3440 4524 μίαν
3484 4454 3642 4521 φύσιν
3673 4452 3760 4506 ἐπὶ

2202 4545 2302 4614 τῆς
2329 4545 2640 4615 οἰκονομίας
2670 4545 3048 4616 κηρύττουσιν,
3082 4548 3113 4616 ἡ
3144 4547 3195 4600 δὲ
3239 4547 3376 4613 δύο),
3411 4551 3659 4602 κοινωνεῖ
3690 4547 3761 4618 τῷ

2202 4635 2498 4705 Νεστορίῳ,
2540 4636 2680 4688 κατὰ
2708 4635 2768 4687 τὸ
2798 4636 2894 4696 τὰς
2935 4636 3026 4688 δύο
3065 4637 3156 4690 καὶ
3199 4638 3356 4706 μόνον
3385 4638 3574 4706 φύσεις
3603 4639 3756 4705 δοξά-

2204 4725 2316 4790 ζειν
2345 4726 2434 4780 έπὶ
2469 4727 2725 4797 Χριστοῦ.
2756 4728 2860 4780 Καὶ
2896 4728 2956 4780 οὑ
2988 4728 3067 4781 δεῖ
3096 4731 3158 4780 ὲκ
3180 4729 3271 4781 τοῦ
3315 4731 3453 4783 κατά
3482 4749 3531 4784 τι
3566 4750 3754 4784 κοινω-

2201 4820 2331 4884 νεῖν,
2385 4819 2481 4873 καὶ
2533 4818 2595 4873 τὸ
2637 4820 2820 4882 ἁπλῶς
2850 4823 3123 4873 κοινωνεῖν
3173 4821 3502 4890 λογίζεσθαι.
3550 4824 3644 4876 καὶ
3690 4824 3756 4885 ὡς

2200 4909 2472 4979 ὁμόφρονα
2519 4909 2804 4965 τδν”κατά
2851 4928 2902 4964 τι
2953 4910 3312 4964 κοινωνοῦντα
3364 4930 3502 4978 τινι,
3567 4915 3756 4966 ταυτὸν

2198 4999 2391 5069 ἐκείνῳ
2444 5000 2750 5068 λογίζεσθαι
2789 5000 2879 5053 καὶ
2938 5001 3322 5070 μυσάττεσθαι.
3362 5003 3516 5055 Ἐπεὶ
3559 5005 3652 5056 καὶ
3704 5003 3757 5056 τὸ

2196 5091 2392 5162 ἀληθὲς
2415 5093 2666 5162 φρόνημα
2686 5093 2786 5160 τῆς
2825 5092 3166 5163 Ἐκκλησίας,
3193 5093 3324 5145 διότι
3356 5095 3448 5147 ἐπι
3478 5113 3523 5147 τι
3567 5113 3756 5150 κοινωι

2195 5185 2276 5234 νεῖ
2303 5185 2408 5244 τοῖς
2435 5183 2644 5250 ἄκροις,
2690 5183 2902 5254 Ἀρείῳ,
2933 5185 3094 5253 φημὶ,
3123 5167 3540 5256 καὶ,Σα6ελλίη›,
3577 5187 3756 5248 καθὼς

2193 5274 2221 5324 ὁ
2259 5273 2412 5337 λόγος
2462 5272 2817 5343 παρέστησεν,
2850 5276 3382 5345 ἀποκηρυχθήσεται.
3417 5277 3523 5328 Καὶ
3560 5277 3647 5340 τίς
3694 5277 3754 5332 ἂν

2195 5361 2392 5432 ὑποίση
2410 5361 2468 5412 τὸ
2502 5361 2846 5433 βλάσφημονς
2877 5366 3087 5417 Οὑτωσὶ
3131 5366 3221 5418 καὶ
3260 5365 3352 5418 ἐπὶ
3386 5367 3484 5435 τῆς
3516 5367 3575 5421 έν
3605 5367 3751 5422 Χαλ-

2195 5453 2374 5524 κηδόνι
2423 5453 2580 5520 ἁγίας
2631 5457 2896 5527 τετάρτης
2955 5457 3171 5511 συνόδου
3229 5457 3466 5521 εὑσεόὦς
3523 5462 3753 5530 συνορᾷν

2195 5545 2397 5600 ἔνεστι·
2430 5546 2558 5602 διότι
2586 5552 2830 5603 κοινωνεῖ
2857 5550 2950 5604 ὲπί
2974 5568 3024 5604 τι
3067 5549 3145 5620 τῷ
3170 5551 3462 5622 Νεστορίῳ,
3495 5551 3595 5623 ἤδη
3621 5553 3750 5622 opas
