3934 6316
669 473 772 537 503
1897 471 2183 532 NICETJ'J
2217 471 2616 538 BYZANTINI
3607 527 3612 530 _
3738 470 3810 528 6M

667 579 1002 650 cupabimus,
1053 579 1298 633 omnibus
1346 580 1541 633 nostris
1567 582 1901 634 naturalibus
1938 583 2206 650 passioni-

2258 582 2530 655 λὲξουσαν
2561 565 2647 632 ’τὰ
2677 579 2876 647 φυσικά
2911 578 3054 647 πάθη
3105 576 3257 646 ἡμῶν
3308 577 3400 630 καὶ
3443 577 3718 646 ἰδιώματα.
3746 583 3811 630 At:

668 675 765 726 bus
819 683 976 740 atque
1003 673 1413 740 proprietatibus
1453 675 1765 726 obnoxiam.
1813 674 2205 743 Proptert-aquc

2305 672 2462 725 τοῦτο
2501 689 2584 724 τοι
2642 672 2777 741 ἔφη’
2811 669 2968 725 Κατὰ
3014 668 3208 722 πάντα
3256 668 3460 737 ὅμοιον
3509 668 3653 736 ἡμῖν
3683 671 3816 733 χωρίς

666 764 817 824 dixit,
850 761 946 813 Per
973 765 1144 816 omnia
1169 763 1384 816 similem
1414 765 1558 816 nobis
1589 763 1775 831 absque
1800 776 2027 831 peccato.
2066 764 2206 818 [iuro

2306 763 2610 830 ἁμαρτίας.
2659 761 2823 814 Πάλιν
2864 761 2909 812 δ’
2941 757 3007 813 αὖ
3036 761 3117 812 ὅτι
3144 761 3252 819 τοῖς
3273 759 3379 812 ἀπὸ
3414 757 3702 826 Νεστορίου
3719 758 3813 807 6:0-

669 865 762 902 ειη
819 864 946 902 vero
977 866 1096 902 cum
1149 850 1476 905 Nestorianis
1503 868 1607 904 non
1665 853 1892 918 placeret
1930 852 2204 921 De'param

2304 854 2456 914 τόκος
2489 853 2588 904 οὐκ
2607 851 2778 904 ἐδόκει
2816 853 2847 920 ἡ
2875 851 3138 919 ἄχραντος
3188 845 3325 899 εἶναι
3365 847 3658 917 Παρθένος,
3690 862 3817 911 προσ-

660 954 780 991 esse
811 939 1205 992 immaculatam
1235 937 1780 1008 Virginem,subdidit
1811 959 1824 992 :
1851 945 1980 994 Ante
2013 943 2208 995 sa'cula

2307 941 2469 1010 ἔθηκε
2490 957 2504 971 ⁸
2562 942 2671 995 Τὸν
2702 942 2815 1007 πρὸ
2847 940 3072 994 αίών“ων
3107 940 3175 992 ἐκ
3240 937 3344 991 τοῦ
3384 936 3615 1002 Πατρὸς
3646 952 3817 1002 γεννη-

661 1042 726 1080 ea:
756 1027 910 1080 Patre
963 1030 1222 1097 genitum,
1274 1032 1546 1097 postremis
1585 1048 1699 1085 vero
1738 1032 1916 1085 diebus
1974 1035 2208 1086 eumdem

2307 1033 2504 1097 Oérta;
2536 1033 2626 1086 ἐπ’
2653 1033 2923 1100 ἐσχάτων
2953 1030 3020 1083 δὲ
3048 1030 3163 1083 τῶν
3185 1028 3416 1098 ἡμερῶν
3443 1029 3548 1080 τὸν
3578 1027 3749 1079 αὐτὸν
3766 1027 3817 1079 δι’

662 1130 867 1183 propter
911 1136 1002 1172 nos
1039 1129 1086 1172 et
1139 1130 1367 1173 nostram
1411 1121 1634 1174 salutem
1674 1138 1739 1175 ea:
1777 1121 1953 1175 Maria
2001 1122 2209 1192 Virgine

2308 1114 2462 1191 ἡμᾶς
2496 1123 2592 1175 καὶ
2641 1122 2738 1175 διὰ
2765 1122 2874 1188 τὴν
2897 1120 3184 1188 ἡμετέραν
3209 1119 3506 1186 σωτηρίαν
3531 1118 3600 1170 ἐκ
3632 1119 3819 1183 Μαρίας

661 1219 710 1260 et
773 1210 996 1277 Dcipara
1035 1219 1340 1280 prognatum
1377 1213 1659 1266 secundum
1709 1214 2106 1266 humanitatem.
2146 1213 2210 1267 Et

2308 1213 2418 1282 τῆς
2443 1213 2740 1280 Παρθένου
2767 1213 2863 1264 καὶ
2891 1212 3176 1264 Θεοτόκου
3196 1209 3552 1277 γεννηθέντα
3574 1207 3716 1259 κατὰ
3737 1208 3819 1270 τὴν

663 1314 834 1367 pauca
861 1299 970 1352 haec
998 1315 1060 1353 ex
1087 1310 1274 1369 quarta
1307 1301 1536 1372 synodo,
1560 1317 1624 1356 ne
1645 1303 1935 1370 prolixiora
1967 1303 2206 1367 aﬂ'cram,

2308 1293 2749 1369 ἀνθρωπότήτα.
2787 1301 2894 1352 Καὶ
2926 1299 3094 1354 ταῦτα
3122 1300 3220 1368 μὲν
3256 1298 3409 1364 ὀλίγα
3443 1300 3504 1349 ἐκ
3537 1298 3635 1364 τῆς
3663 1300 3819 1365 τεταρ-

663 1391 795 1444 satis
824 1391 953 1446 sint.
986 1389 1190 1444 Poterit
1223 1405 1350 1446 vero
1373 1392 1597 1462 quilibet
1630 1391 1798 1446 multo
1828 1395 2001 1463 plura,
2040 1396 2084 1448 si
2118 1411 2211 1449 v0-

2309 1409 2406 1460 της
2442 1391 2655 1443 συνόδου
2703 1391 2788 1443 διὰ
2829 1390 2890 1442 τὸ
2924 1389 3095 1459 μῆκος
3132 1387 3225 1440 τοῦ
3277 1389 3432 1455 λόγου
3455 1404 3466 1416 ·
3519 1386 3642 1438 ἐπεὶ
3682 1388 3821 1437 ἔνεστι

661 1479 845 1541 luerit,
871 1496 934 1533 ex
962 1495 1023 1533 ea
1051 1480 1326 1549 colligere,
1357 1483 1556 1550 quibus
1586 1482 1856 1536 constabit
1889 1487 2207 1552 compertis-

2310 1483 2530 1534 πλεῖστα
2555 1483 2672 1544 ὅσα,
2704 1483 2756 1533 et
2773 1498 2857 1543 τις
2887 1480 3152 1550 βούλεται,
3195 1480 3254 1545 ἐξ
3290 1479 3455 1548 αὐτῆς
3479 1477 3822 1542 ἀναλέγεσθαι,

666 1571 822 1635 sime,
855 1571 997 1624 nulla
1027 1571 1080 1625 in
1112 1587 1171 1626 re
1196 1586 1227 1625 ει
1279 1574 1452 1627 tribus
1508 1573 1712 1630 sanctis
1739 1575 1956 1645 synodis
2003 1575 2209 1630 discre-

2310 1575 2366 1626 ἐν
2396 1567 2475 1636 οἷς
2497 1573 2796 1644 τρανότατα
2836 1572 3080 1639 φαίνεται
3122 1574 3241 1632 ταῖς
3293 1572 3470 1640 τρισὶν
3505 1571 3684 1637 ἁγίαις
3727 1587 3824 1621 σνν-

663 1677 842 1730 passe,
877 1665 969 1717 sed
1013 1664 1066 1716 in
1097 1665 1350 1720 omnibus
1393 1666 1734 1733 concordem,
1764 1668 2008 1721 eumdem
2042 1663 2213 1731 unum

2310 1664 2449 1726 όδοις
2502 1664 2638 1717 κατὰ
2669 1663 2830 1732 μηδὲν
2871 1662 3272 1732 διαφωνήσασα,
3327 1662 3440 1713 ἀλλ’
3485 1661 3679 1723 causa;
3717 1664 3827 1712 κατὰ

662 1752 957 1818 Christum,
982 1761 1035 1808 et
1053 1754 1356 1817 Dominum,
1377 1765 1429 1810 et
1459 1757 1623 1810 Deum
1649 1766 1890 1812 nostrum
1913 1758 2210 1827 professam

2311 1755 2486 1806 πάντα
2514 1753 2796 1823 γενομένη,
2827 1753 2915 1805 τὸν
2944 1753 3106 1805 αὐτὸν
3141 1752 3236 1804 ἕνα
3261 1752 3494 1821 Χριστὸν
3529 1751 3621 1804 καὶ
3659 1751 3827 1820 Κύριον

665 1858 729 1897 ex
761 1843 989 1906 duabus,
1023 1853 1079 1900 et
1121 1845 1175 1899 in
1206 1844 1418 1901 duabus
1469 1846 1694 1910 naturis,
1731 1855 1787 1901 ct
1828 1847 2212 1920 duasnaturas

2313 1844 2405 1896 καὶ
2428 1842 2558 1896 Θεὸν
2588 1843 2743 1913 ἡμῶν
2773 1841 3049 1913 κηρύττει,
3074 1843 3138 1895 ἐκ
3165 1842 3256 1896 δύο
3284 1842 3517 1909 φύσεων,
3545 1842 3639 1892 καὶ
3665 1843 3719 1892 ὲν
3741 1841 3828 1900 δύο,

665 1942 790 2001 post
843 1935 1117 1998 unionem,
1145 1945 1385 1988 extrema
1423 1949 1453 1988 a
1494 1935 1667 1989 medio
1707 1935 1882 2004 inepta
1912 1937 2207 1990 absurdita~

2275 1937 2286 1986 ι
2315 1935 2409 1986 καὶ
2444 1934 2535 1987 δύο
2567 1935 2756 2001 φύσεις
2789 1929 2927 1986 εἶναι
2952 1933 3090 2001 μετὰ
3121 1933 3216 2002 τὴν
3238 1934 3448 1997 ἕνωσιν,
3482 1933 3574 1984 καὶ
3605 1932 3698 1994 τὰς
3722 1933 3828 1999 παρ’

665 2033 873 2093 tesque,
905 2041 1238 2096 qumcunque
1269 2026 1371 2078 illze
1402 2026 1620 2089 fuerint,
1661 2028 1843 2096 procul
1868 2028 2210 2091 amandasse,

2314 2024 2548 2092 ἑκάτερα
2579 2021 2676 2092 τῆς
2729 2023 3021 2093 μεσότητος
3062 2023 3308 2084 ἀτοπίας,
3338 2023 3460 2075 ὗσαι
3507 2022 3573 2076 ἂν
3603 2022 3696 2075 καὶ
3727 2019 3829 2082 εἷεν,

665 2117 1046 2186 mansisseque
1101 2117 1154 2170 in
1187 2117 1431 2173 veritatis
1471 2119 1648 2173 medio
1680 2121 1886 2172 lirmam
1941 2128 2101 2187 atque
2132 2120 2212 2173 in-

2352 2113 2702 2182 Ξοστρακίζει.
2738 2114 2832 2167 καὶ
2867 2115 3014 2182 μένει
3045 2114 3236 2184 βεὸαία
3257 2116 3348 2167 καλ⁵
3375 2113 3762 2183 άμετακίνητος
3790 2117 3834 2165 ἐν

664 2220 1008 2269 concussam.
1067 2203 1159 2260 llis
1189 2221 1217 2260 a
1244 2214 1435 2276 quarta
1468 2218 1656 2262 sancta
1689 2210 1896 2277 synodo
1925 2210 2213 2278 ipsissimis

2360 2207 2377 2273 τι
2410 2207 2508 2273 τῆς
2545 2203 2799 2272 ἀληθείας
2848 2203 3124 2273 μεσότητι.
3165 2201 3347 2256 Ταῦτα
3381 2205 3530 2272 παρὰ
3571 2205 3670 2274 τῆς
3699 2206 3836 2271 ἁγίας
3907 2225 3913 2282 ἰ

665 2296 843 2351 verbis
873 2298 1119 2363 sancitis,
1158 2299 1456 2355 enuntiatis
1513 2310 1564 2354 ct
1592 2301 1940 2370 promulgatis
1970 2302 2034 2354 de
2058 2302 2215 2378 gliri-

2360 2297 2574 2365 ιτάρτης
2631 2295 2847 2348 συνόδου
2896 2296 3084 2358 αὑταῖς
3139 2295 3344 2359 λέξεσιν
3400 2296 3703 2366 ὁρισθέντα,
3763 2298 3836 2348 καὶ
3909 2289 3913 2332 ῗ

665 2385 734 2440 sti
764 2388 1038 2452 mysterio,
1073 2386 1349 2457 quisnam,
1380 2389 1672 2451 dummodo
1696 2406 1800 2444 non
1832 2392 2035 2446 delirus
2060 2401 2215 2447 estet

2362 2387 2708 2454 ιφωνηοέντα,
2749 2386 2842 2438 καὶ
2873 2385 3206 2454 κηρυχθέντα
3241 2389 3367 2455 περὶ
3411 2387 3505 2438 τοῦ
3544 2388 3682 2440 κατὰ
3725 2389 3836 2456 Χριο
3909 2391 3915 2416 ³

663 2485 844 2529 mente
875 2488 1083 2546 captus.
1143 2480 1470 2534 asseverabit
1530 2491 1775 2549 quartam
1816 2482 2078 2551 synodum
2110 2498 2214 2537 una

2315 2476 2436 2527 στὸν
2463 2474 2781 2543 μυστηρίου,
2811 2474 2891 2536 τίς
2915 2477 3059 2526 ἐστιν
3086 2475 3163 2538 ὃς,
3196 2475 3290 2528 καὶ
3328 2475 3497 2543 ὑγιεῖς
3534 2475 3633 2539 τὰς
3662 2479 3837 2544 φρένας

664 2582 788 2620 cum
813 2565 1062 2622 Nestorio
1079 2571 1298 2634 sentire,
1317 2571 1463 2624 illius
1481 2570 1611 2624 lalsa
1635 2573 1888 2641 Opinione
1912 2574 2217 2643 deceptam?

2371 2583 2470 2633 inv,
2511 2566 2721 2645 φήσειε,
2751 2565 2846 2635 τὴν
2889 2566 3154 2635 τετάρτην
3187 2556 3401 2618 σῦνοδον
3437 2568 3755 2635 συμφρονεῖν
3780 2565 3840 2632 τῷ
3917 2593 3924 2648 ὲ

667 2657 799 2710 Illud
844 2659 1022 2725 potius
1052 2660 1467 2715 asseverantium
1525 2671 1630 2727 est,
1662 2663 1731 2717 ab
1760 2663 1945 2717 eadem
1989 2665 2214 2719 anathe-

2370 2656 2609 2723 εστορίῳ,
2654 2655 2836 2726 καὶτῇ
2881 2655 2975 2707 ἀπ’
3009 2653 3169 2708 αὑτοῦ
3222 2656 3509 2727 κακοδοξίᾳ
3552 2657 3838 2721 συναπάγεο

668 2757 811 2801 mate
832 2748 986 2812 ictos,
1013 2758 1066 2804 et
1097 2749 1432 2816 Dioscorum,
1477 2760 1530 2806 et
1578 2751 1905 2819 Nestorium,
1943 2764 1996 2810 et
2052 2755 2214 2829 Euty-

2315 2745 2470 2810 σθαι;
2506 2746 2702 2814 μᾶλλον
2734 2745 2833 2815 μὲν
2859 2741 2951 2798 οὖν
2979 2744 3082 2797 ὑπὸ
3108 2746 3308 2814 ταύτης
3336 2746 3434 2813 τῆς
3482 2745 3696 2798 συνόδου
3729 2746 3841 2797 ἀνσ-

669 2836 846 2902 cliem,
877 2852 938 2891 ex
977 2839 1241 2894 diametro
1267 2855 1386 2896 sese
1422 2839 1786 2909 adversantia,
1822 2846 1915 2900 sed
1945 2845 2216 2914 impietate

2316 2839 2705 2909 ϐεματισθέντα
2743 2839 2835 2892 τόν
2871 2857 2930 2892 τε
2965 2839 3268 2910 Διόσκορον,
3302 2843 3395 2893 καὶ
3428 2841 3736 2910 Νεστόριον,
3768 2843 3846 2892 καὶ

670 2926 808 2981 mala
833 2928 1005 2996 paria.

2315 2930 2578 2998 Εὐτυχέα,
2631 2931 2699 2983 τὰ
2744 2932 2807 2984 ἐκ
2845 2930 3137 3000 διαμέτρου
3185 2931 3328 2984 κακὰ
3365 2933 3457 2984 καὶ
3501 2932 3735 3000 ὁμάττμα
3764 2935 3851 2999 τὴν

2316 3019 2590 3073 ἀσὲὁειαν.
3281 3089 3284 3092 ,

740 3107 792 3162 6.
825 3107 1052 3174 Quando
1082 3124 1208 3164 vero
1255 3119 1307 3165 te
1354 3109 1549 3180 duplex
1588 3121 1901 3167 naturarum
1933 3115 2133 3179 turbat,
2167 3125 2220 3170 et

2387 3109 2460 3171 ς’.
2492 3112 2550 3162 Εἰ
2579 3110 2635 3162 δέ
2668 3126 2726 3162 σε
2745 3109 2804 3162 τδ
2828 3110 3004 3163 δισσὸν
3029 3111 3134 3163 τῶν
3163 3111 3373 3178 φύσεων
3406 3112 3744 3180 ἔκταράττει,
3771 3113 3852 3163 καὶ
3921 3126 3926 3180 1

671 3199 880 3252 numeri
940 3200 1467 3256 dnaIiS'enuntiatio
1525 3205 1705 3257 statim
1740 3205 1833 3259 tibi
1868 3220 2047 3258 rerum
2085 3206 2220 3259 divi-

2318 3202 2351 3269 ή
2376 3201 2474 3270 τῆς
2502 3201 2687 3263 δυάδος
2714 3201 2808 3252 τοῦ
2845 3199 3077 3270 ἀριθμοῦ
3119 3199 3424 3269 ἑκφὼνησις
3464 3202 3771 3269 παραυτίκα
3804 3202 3857 3252 τὸ

669 3288 874 3341 sionem
905 3289 1163 3358 suggerit,
1201 3290 1547 3360 opinarisqne
1571 3307 1784 3346 omnem
1817 3308 2098 3348 numerum
2127 3310 2219 3363 per

2319 3269 2640 3360 διῃρημένον
2664 3291 2769 3343 τῶν
2797 3292 3132 3359 πραγμάτων
3162 3291 3444 3361 ὑποτίθησί
3492 3309 3549 3343 σε
3579 3295 3738 3353 νοεῖν,
3771 3293 3855 3342 καὶ

672 3391 792 3431 sese
838 3378 1192 3434 subsistentes
1253 3381 1514 3446 indicare,
1553 3382 1798 3451 ignavius
1831 3384 2015 3452 potius
2056 3399 2216 3455 quam

2318 3383 2526 3453 λογίζῃ,
2550 3384 2629 3436 ὅτι
2667 3385 2772 3446 πᾶς
2800 3383 3022 3452 άριομὸς
3071 3381 3177 3435 τῶν
3211 3383 3584 3435 ίδιοσυστάτων
3617 3385 3856 3451 πραγμά-

673 3467 985 3533 prudcnter.
1044 3470 1485 3536 determincmns,
1547 3473 1638 3526 sed
1684 3473 1938 3541 breviter,
1986 3490 2218 3544 quonam

2318 3490 2423 3525 των
2457 3473 2570 3525 ἐστὶ
2609 3473 2918 3541 δηλωτικὸς,
2959 3471 3342 3541 ἀμαθαίνοντὸς
3368 3474 3479 3524 ἐστι
3523 3472 3692 3532 τοῦτο,
3727 3473 3856 3540 ἥπερ

670 3558 830 3611 modo
868 3552 932 3612 de
965 3559 1175 3613 binario
1214 3569 1266 3614 et
1296 3562 1502 3630 reliquo
1527 3565 1672 3616 omni
1702 3579 1927 3618 numero
1954 3566 2222 3634 exquisita

2320 3565 2538 3627 εἰδότος.
2586 3563 2792 3616 Οὐκοῦν
2835 3563 3192 3633 διορισώμεθα
3232 3563 3317 3614 διὰ
3349 3562 3610 3632 βραχέων,
3643 3563 3757 3624 πῶς
3789 3562 3858 3613 δεῖ

669 3648 907 3717 cognitio
939 3650 1120 3704 haberi
1171 3653 1357 3720 possit.
1388 3652 1654 3732 Numerus
1694 3654 1978 3723 dupliciter
2003 3655 2220 3720 dicitur,

2323 3655 2449 3724 περὶ
2474 3654 2656 3716 δυάδος
2697 3654 2788 3705 καὶ
2826 3652 2914 3705 τοῦ
2956 3651 3140 3704 λοιποῦ
3164 3652 3361 3712 παντὸς
3402 3651 3635 3719 ἀριθμοῦ
3667 3651 3857 3718 ἀκριϐῆ

671 3739 809 3793 alius
838 3740 1175 3808 simpliciter,
1198 3752 1252 3796 et
1283 3759 1376 3811 per
1422 3759 1481 3798 se
1503 3743 1648 3798 solus
1676 3764 1687 3798 :
1715 3746 1856 3798 alius
1885 3747 1938 3799 in
1965 3747 2224 3800 relatione

2322 3745 2525 3798 ἔννοιαν
2556 3745 2716 3814 ἔχειν.
2752 3745 2811 3797 '0
2839 3743 2945 3812 γὰρ
2977 3743 3204 3813 ἀριθμὸς
3235 3742 3424 3804 διττῶς
3449 3742 3685 3810 λέγεται,
3715 3744 3743 3792 ὁ
3772 3741 3858 3809 μέν

669 3839 723 3882 et
756 3832 916 3885 rebus
938 3833 1332 3898 consideratur,
1365 3836 1815 3903 quemadmodum
1863 3838 2044 3891 album
2081 3838 2222 3892 albe-

2322 3853 2401 3898 τις
2432 3831 2610 3895 ἁπλῶς
2641 3836 2736 3888 καὶ
2769 3833 2884 3887 καθ’
2912 3834 3119 3897 ἑαυτὸν,
3145 3835 3173 3886 ὁ
3202 3833 3258 3884 δὲ
3296 3834 3353 3884 ὲν
3378 3832 3558 3901 σχέσει
3603 3833 3694 3884 καὶ
3730 3833 3859 3899 πρά-

671 3919 853 3974 dinem
906 3930 957 3975 et
983 3922 1233 3977 albedine
1265 3925 1546 3993 praeditum
1571 3934 1743 3980 notat.
1779 3925 1979 3980 Natura
2011 3928 2222 3979 numeri

2324 3942 2496 3993 γματι
2537 3923 2927 3992 Θεωρούμενος,
2969 3921 3158 3996 ὥσπερ
3190 3921 3400 3984 λευκδν,
3448 3921 3483 3990 ἡ
3518 3937 3574 3972 τε
3612 3921 3862 3987 λευκότης

673 4026 769 4079 per
792 4027 850 4066 se
885 4027 1055 4080 neque
1088 4015 1400 4084 coniungit,
1432 4028 1608 4085 neque
1632 4017 1847 4081 dividit,
1879 4033 2052 4086 neque
2080 4018 2222 4072 enim

2323 4016 2415 4066 καὶ
2471 4014 2531 4065 τὺ
2573 4012 3017 4083 λελευκασμένον.
3073 4012 3218 4080 Αὐτὴ
3261 4011 3440 4064 τοίνυν
3479 4012 3512 4080 ὴ
3569 4011 3728 4077 φύσις
3778 4011 3860 4062 τοῦ

657 4101 836 4154 'Iiabet
861 4115 949 4157 res
981 4103 1081 4157 sibi
1115 4103 1384 4172 subjectus
1417 4122 1430 4160 :
1458 4120 1580 4158 nam
1615 4120 1873 4161 numerus
1903 4106 2015 4175 ipse
2043 4122 2138 4175 per
2166 4123 2210 4160 ει

2322 4103 2553 4172 ἀριθμοῦ
2581 4102 2703 4156 m0"
2734 4103 2930 4171 ἑαυτὴν
2954 4101 3074 4155 οὔτε
3097 4101 3373 4159 συνάπτει,
3404 4099 3525 4152 οὔτε
3551 4100 3776 4168 διαιρεῖ·
3807 4100 3860 4150 οὗ

674 4202 851 4259 neque
876 4190 1112 4258 c0pulat,
1137 4205 1308 4260 neque
1343 4200 1575 4261 separat,
1601 4193 1692 4248 sed
1724 4202 2015 4263 utrumque
2031 4193 2227 4248 admit-

2323 4193 2430 4260 γὰρ
2458 4192 2570 4261 ἔχει
2603 4192 2933 4261 ὑποκείμενα
2961 4191 3280 4262 πράγματα.
3321 4190 3430 4242 Καὶ
3452 4187 3557 4256 γάρ
3587 4191 3615 4239 ὀ
3641 4187 3861 4256 ἀριθμὸς

676 4285 758 4345 t’t,
779 4283 867 4334 tali
891 4281 967 4334 vel
986 4282 1076 4335 tali
1120 4292 1382 4351 respectu,
1409 4284 1566 4338 veluti
1597 4284 1858 4345 binarius,
1877 4292 1930 4338 et
1947 4295 2226 4351 quaterna-

2324 4285 2483 4347 αὐτὸς
2511 4284 2632 4336 καθ’
2656 4283 2863 4346 ἑαυτὸν,
2892 4281 3012 4334 οὔτε
3047 4280 3325 4343 συνάπτει,
3357 4277 3479 4330 οὔτε
3511 4278 3726 4346 διαιρεῖ,
3756 4279 3858 4330 ἀλλ’

673 4372 787 4424 rius
805 4387 1077 4435 numerus,
1101 4373 1143 4425 si
1169 4374 1398 4427 unitates
1413 4375 1690 4442 respicias,
1719 4389 1782 4426 ex
1805 4374 1998 4442 quibus
2013 4389 2226 4441 compo-

2324 4375 2607 4445 ἀμφότερα
2641 4361 2848 4443 δέχεται
2876 4375 2940 4441 τῇ
2974 4373 3099 4442 ποιᾷ
3130 4371 3330 4439 σχέσει.
3355 4364 3526 4438 Οἷονή
3548 4369 3695 4432 δυὰς,
3725 4370 3859 4436 καὶὴ

677 4462 914 4522 nitur,in
935 4477 1027 4516 eas
1044 4463 1325 4529 dividitur;
1351 4465 1394 4518 si
1420 4466 1674 4517 unitatem
1707 4463 1894 4516 borum
1929 4464 2145 4533 qumris,
2163 4478 2224 4516 ex

2323 4467 2539 4536 τετρὰς,
2563 4466 2610 4516 εί
2632 4465 2726 4533 μὲν
2742 4464 2835 4526 τὰς
2856 4463 3082 4533 μονάδας
3103 4462 3343 4530 θεωρεῖς,
3362 4461 3418 4525 ἐξ
3436 4455 3510 4512 ὧν
3527 4461 3860 4530 συνέστηκεν,

676 4551 746 4606 iis
761 4553 1099 4621 componitur
1116 4571 1129 4607 :
1144 4554 1250 4608 duo
1263 4555 1525 4619 etenimfet
1546 4553 1674 4611 duo.
1690 4553 1732 4606 si
1755 4553 1825 4608 ita
1843 4553 2080 4614 fuerit,in
2096 4568 2226 4622 qua-

2327 4559 2404 4618 εἰς
2420 4555 2618 4618 ταύτας
2637 4556 2939 4620 διαιρεῖται·
2962 4554 3011 4605 εἰ
3030 4553 3084 4606 δὲ
3107 4552 3202 4620 τὴν
3230 4552 3427 4620 μονάδα
3447 4551 3649 4602 τούτων
3672 4552 3863 4618 ζητεῖς,

621 4667 626 4678 ·
679 4654 804 4698 tuor
821 4646 950 4708 abit,
974 4655 1202 4713 quatuor
1219 4662 1344 4700 vero
1367 4647 1416 4698 in
1437 4645 1543 4697 duo
1572 4645 1744 4698 etduo
1761 4645 2033 4716 dividitur.
2051 4645 2174 4710 Qua]

2325 4649 2388 4698 ἐκ
2407 4645 2606 4700 τούτων
2631 4646 2954 4698 συνάπτεται
2973 4658 2988 4672 ⁸
3020 4643 3111 4694 δύο
3145 4643 3250 4711 γὰρ
3285 4643 3375 4693 καὶ
3397 4642 3508 4700 δύο,
3531 4644 3579 4693 εἰ
3600 4641 3768 4709 τύχοι,
3791 4642 3862 4700 είς

677 4733 1014 4789 νιιτῑδςὶηιυιη
1038 4736 1197 4791 fuerit
1221 4749 1462 4790 naturam
1484 4736 1688 4788 numeri
1710 4736 1840 4788 nihil
1859 4735 2224 4804 praescriptum

2324 4737 2562 4807 τέσσαρα
2582 4737 2924 4798 συνάπτεται,
2940 4734 3004 4784 τά
3024 4733 3079 4784 δὲ
3103 4733 3338 4800 τέσσαρα
3354 4731 3533 4793 εἱςδύο
3563 4733 3651 4782 καὶ
3671 4731 3762 4782 δύο
3789 4727 3862 4779 δι-

681 4821 897 4886 habere,
931 4840 1101 4893 neque
1124 4839 1448 4892 separatum,
1469 4838 1639 4891 neque
1663 4824 1894 4884 unitum,
1931 4824 2023 4878 sed
2051 4824 2101 4876 in
2143 4839 2226 4876 re-

2325 4830 2573 4896 αιρεῖται.
2600 4826 2762 4878 Ὥστε
2786 4824 2982 4885 παντὸς
3012 4821 3369 4890 ἀληθέστερον
3397 4822 3570 4872 εἰπεῖν
3597 4821 3690 4887 τὴν
3714 4819 3867 4887 φύσιν

679 4927 800 4967 rum
830 4916 1108 4984 complexu
1139 4928 1192 4970 et
1214 4903 1597 4983 compositione
1614 4915 1815 4970 subire.
1838 4915 2028 4970 Inscite
2049 4917 2227 4984 itaque

2324 4919 2416 4972 τοῦ
2444 4918 2672 4987 ἀριθμοῦ
2699 4917 2862 4986 μηδὲν
2879 4914 3254 4985 ἀφωρισμένον
3277 4912 3437 4980 ἔχειν,
3465 4913 3598 4980 μήτε
3627 4912 3684 4963 τὸ
3705 4927 3869 4980 κεχω-

680 5007 1024 5075 improbcque
1041 5005 1480 5062 determinaveris
1496 5015 1738 5059 naturam
1754 5007 1960 5060 numeri
1979 5022 2227 5060 necessa-

2329 5009 2597 5079 ρισμένον,
2632 5009 2766 5074 μήτε
2799 5005 2858 5058 τὸ
2891 5005 3186 5076 ἡνωμένον,
3219 5006 3275 5056 ὲν
3305 5004 3360 5056 δὲ
3391 5005 3456 5072 τῇ
3482 5003 3590 5053 τῶν
3622 5003 3869 5072 πραγμά-

681 5095 764 5146 rio
791 5109 966 5150 rerum
985 5097 1304 5149 divisionem
1330 5095 1603 5164 subsequi,
1629 5106 1680 5150 et
1701 5113 1806 5150 non
1834 5112 2012 5149 rerum
2041 5097 2222 5161 unita‘,

2325 5118 2427 5151 των
2486 5098 2748 5166 ὲπιπλοκῇ
2828 5097 2920 5150 καὶ
3003 5096 3245 5148 συνθέσει
3303 5094 3459 5146 τοῦτο
3531 5095 3867 5160 ὑφίστασθαι.

681 5193 774 5237 aut
805 5185 988 5241 divisa:
1029 5197 1233 5240 natur-.e
1273 5202 1577 5248 numerum,
1610 5197 1666 5241 ut
1693 5199 1821 5255 quot
1852 5188 1959 5241 sint
1990 5187 2228 5257 subjecta

2339 5188 2566 5256 Ἀμαοὲς
2613 5185 2705 5240 οὖν
2739 5191 2799 5240 τὸ
2830 5191 2896 5257 τῇ
2949 5187 3105 5256 φύσει
3159 5185 3254 5238 τοῦ
3293 5184 3523 5255 ἀριθμοῦ
3569 5185 3869 5250 ἀναγκαὲως

682 5275 1039 5340 innotescant,
1087 5277 1298 5343 signum
1347 5286 1602 5343 statuere,
1638 5294 1759 5334 cum
1819 5281 1920 5333 alia
1980 5281 2136 5346 ratio,
2175 5291 2228 5334 et

2326 5281 2421 5348 τὴν
2463 5280 2720 5349 διαίρεσιν
2764 5280 2870 5332 τῶν
2904 5279 3240 5349 πραγμάτιον
3286 5277 3510 5329 ἕπεσθαι
3548 5275 3871 5343 νομοθετεῖν,

683 5380 788 5420 non
844 5381 1099 5419 numerus
1158 5382 1220 5419 ea
1270 5368 1572 5422 sulnlividat
1616 5380 1667 5423 et
1716 5370 1946 5438 copulet.
1989 5371 2228 5438 Namque

2326 5372 2459 5422 ἀλλὰ
2487 5371 2559 5438 μὴ
2575 5375 2638 5440 τῇ
2661 5371 2766 5425 τῶν
2792 5362 3122 5441 πραγμάτων
3146 5369 3394 5440 ήνωμένῃ
3417 5386 3500 5435 γε.
3521 5367 3553 5437 ἢ
3577 5368 3873 5436 διῃρημένη

685 5457 867 5510 decem
903 5455 1057 5508 ulnus
1103 5455 1229 5525 ligni
1267 5460 1528 5524 continui,
1562 5461 1606 5514 si
1641 5461 1710 5514 ita
1745 5461 1926 5522 fuerit,
1973 5462 2227 5524 dicimus,

2328 5460 2507 5526 φῦσει,
2538 5461 2628 5512 τὸν
2657 5461 2886 5530 ἀριθμὸν
2913 5463 3136 5528 σημεῖον
3165 5461 3434 5513 ποιεῖσθαι
3460 5461 3554 5513 τοῦ
3581 5461 3748 5514 ποοοῦ
3773 5462 3875 5512 τῶν

685 5561 792 5599 non
839 5559 1062 5600 numero
1110 5547 1404 5604 dividentes
1453 5553 1726 5617 unionem,
1769 5569 1888 5621 qua:
1939 5554 1992 5606 in
2046 5555 2226 5606 decem

2330 5551 2719 5619 ἑποκειμένων,
2741 5552 2897 5604 άλλου
2932 5551 3093 5620 λόγου
3123 5553 3217 5604 καὶ
3235 5553 3295 5604 οὐ
3332 5552 3421 5604 τοῦ
3447 5553 3680 5622 ἀριθμοῦ
3703 5553 3876 5604 ταῦτα

685 5633 929 5686 ulnarum
960 5633 1101 5702 ligno
1120 5648 1238 5701 est;
1268 5647 1602 5708 rursumque
1631 5641 1813 5692 decem
1849 5641 2057 5694 modios
2101 5642 2226 5693 dum

2327 5638 2652 5707 διαιροῦντος
2695 5643 2782 5692 καὶ
2819 5642 3195 5703 συνάπτοντος.
3255 5643 3360 5694 Καὶ
3398 5642 3503 5712 γὰρ
3531 5643 3662 5696 δέκα
3690 5645 3879 5711 πήχεις

687 5725 937 5787 dicimus,
972 5727 1172 5782 divisos
1216 5744 1309 5783 eos
1355 5733 1712 5799 agnoscimus.
1741 5731 1811 5784 lta
1857 5747 1940 5787 res
1976 5748 2033 5785 se
2073 5731 2230 5783 habet

2328 5730 2555 5799 λέγομεν
2584 5731 2678 5783 τοῦ
2716 5733 2986 5801 συνεχοῦς,
3021 5734 3066 5784 εἰ
3115 5733 3285 5801 τύχοι,
3327 5730 3506 5795 ξύλου,
3543 5734 3604 5785 οὐ
3647 5735 3880 5786 συνδιαι-

690 5824 736 5866 cl
773 5815 931 5870 rebus
965 5817 1014 5870 in
1042 5819 1176 5876 aliis.
1205 5822 1258 5875 Si
1286 5838 1535 5878 numerus
1561 5823 1624 5874 de
1649 5822 1853 5877 naturis
1887 5823 2222 5890 prmdicctur,

2333 5822 2544 5888 ροῦντες
2575 5823 2645 5888 τῷ
2677 5823 2890 5892 ἀριθμῷ
2923 5824 3010 5876 καὶ
3043 5822 3135 5892 τὴν
3169 5825 3385 5890 ἑνότητα
3412 5824 3511 5893 τὴν
3543 5826 3600 5876 ἐν
3631 5824 3704 5892 τῷ
3732 5824 3883 5892 δεξια-
