3934 6316
681 329 783 394 6οἹ

1944 324 2233 384 ΝΙΟΕΤίΕ
2276 323 2674 386 ΒΥΖᾹΝΤΙΝΙ

3802 335 3885 394 Οὔ(

681 455 791 493 non
840 452 934 506 per
962 450 1079 491 snse
1115 433 1485 488 evsistentiam
1528 432 1819 486 habebunt.
1852 431 2024 496 Quare
2070 433 2241 485 matti—

2348 435 2500 485 κείαν
2539 433 2775 502 ὕπαρξιν
2801 434 3192 499 ἐπιδείκνυται,
3229 435 3322 489 καὶ
3355 436 3746 508 ἀριθμούμενα
3785 439 3899 506 λύῃ,

682 529 880 583 festum
916 530 968 580 tit
991 568 1005 590 ,
1035 543 1136 580 non
1184 540 1399 578 omnem
1445 538 1730 579 numerum
1770 537 1857 576 res
1896 539 1995 590 per
2023 538 2080 577 se
2109 524 2240 577 sub-

681 623 935 675 sistentes
968 619 1226 672 indicare.
2088 604 2094 612 ’

2352 524 2445 575 καί
2486 525 2673 594 τρόπῳ
2705 525 2802 592 τῆς
2848 525 3128 595 διαφορᾶς,
3165 525 3429 596 διαίρεσιν
3475 526 3572 579 τοῦ
3633 528 3900 598 ἀνθρώπω

2345 615 2444 666 οὐκ
2473 616 2776 680 εἰσάγουσι.
2812 616 2966 685 Μέρη
3000 617 3097 684 μὲν
3124 617 3230 686 γὰρ
3267 618 3479 689 ρηρεῖεν
3509 618 3827 687 ἀνθρώπου,
3856 641 3898 672 0.:

679 712 847 780 δήπου
882 709 980 778 μὲν
1027 709 1119 761 καί
1149 709 1268 780 καθ’
1296 708 1463 762 ἑαυτά
1502 709 1599 778 τὴν
1631 708 1862 780 ὓπαρξιν
1897 709 2037 781 ἔχει.
2075 711 2234 761 Ὢττε
2276 707 2456 775 δῆλον,
2484 710 2565 762 ὅτι
2593 711 2652 762 οὐ
2677 711 2780 772 πᾶς
2807 709 3035 780 ἀριθμὸς
3055 710 3162 763 τῶν
3225 711 3612 765 ἰδιοσυστάτων
3674 719 3909 781 apri-ai;

678 825 786 859 των
816 806 930 859 ἐστί
957 805 1270 876 δηλωτικός.

694 904 712 924 ³
755 897 806 948 7.
839 896 976 950 Cum
1011 906 1190 949 autem
1223 903 1481 962 praeterea
1543 903 1767 964 propter
1792 895 2112 950 divisionem
2148 911 2247 950 na-

681 996 921 1041 turarum
946 997 999 1041 ct
1026 987 1434 1056 proprietatum,
1483 997 1726 1041 sanctam
1779 999 1831 1042 et
1860 989 2247 1042 meumeuieam

680 1085 932 1146 quartam
958 1076 1224 1145 synodum
1250 1074 1537 1129 criminose
1565 1076 1941 1138 calumniaris,
1969 1077 2125 1145 quasi
2155 1077 2246 1132 illa

682 1167 917 1236 probans
950 1165 1085 1219 duas
1137 1174 1360 1220 naturas
1405 1175 1458 1220 et
1493 1165 1846 1234 proprietates
1899 1175 2239 1227 naturarum,

683 1256 1013 1312 omnimodis
1046 1272 1169 1313 cum
1195 1243 1446 1310 Nestor-io
1480 1257 1784 1318 conveniat,
1813 1267 2129 1310 naturarum
2161 1257 2244 1310 di-

681 1351 944 1405 visionem
971 1349 1338 1414 introducens,
1361 1358 1748 1418 proptereaque
1780 1364 1884 1402 non
1919 1364 2042 1403 esse
2103 1351 2244 1405 hanc

681 1440 945 1508 synodum
983 1456 1010 1492 a
1047 1439 1202 1502 nobis
1255 1439 1636 1509 recipiendam,
1688 1454 1783 1493 nos
1827 1440 2238 1508 respondentes,

681 1544 737 1588 et
762 1535 1046 1589 divisionis
1096 1533 1547 1604 proprietatisque
1581 1535 1841 1590 rationem
1867 1536 2237 1604 explanantes,

679 1622 912 1677 dicimus
957 1621 1156 1677 Christi
1210 1631 1453 1684 naturas,
1510 1623 1760 1678 deitatem
1805 1639 1996 1693 nempe
2047 1634 2100 1679 et
2146 1626 2240 1679 bu-

633 1762 637 1767 .
681 1715 1021 1778 manitatem,
1058 1730 1122 1769 ex
1175 1715 1375 1783 quibus
1401 1723 1454 1768 et
1489 1716 1540 1769 in
1573 1715 1770 1784 quibus
1801 1717 2020 1771 unicum
2071 1719 2232 1785 hypo-

683 1813 895 1858 staseos
928 1802 1091 1857 veluti
1129 1811 1301 1857 totum
1345 1804 1798 1872 contemplemur,
1831 1804 1874 1858 si
1921 1804 2041 1872 quis
2081 1803 2238 1858 intel-

2348 1777 2443 1872 τῆς
2473 1777 2819 1864 ὑποστάσεως
2866 1777 2940 1864 ὧς
2983 1777 3101 1864 ὅλος
3151 1801 3536 1870 ἐνθεωρεῐται,
3595 1803 3644 1854 εἰ
3691 1802 3790 1872 μὲν

681 1893 821 1948 lectu
852 1903 904 1948 et
954 1894 1185 1957 ratione,
1213 1894 1592 1963 proprietates,
1624 1893 1865 1962 inquam,
1890 1909 2011 1949 cum
2033 1896 2242 1950 naturis

681 1981 947 2045 diviserit,
980 1997 1086 2035 non
1120 1996 1249 2036 vero
1298 1983 1615 2036 exsistentia
1649 1992 1702 2036 et
1750 1992 1893 2047 actu,
1944 1999 2117 2053 neque
2150 1985 2230 2038 ab-

677 2069 866 2134 surde,
915 2084 1089 2139 neque
1141 2070 1407 2125 inerudite
1453 2069 1671 2137 fecerit;
1725 2071 1826 2127 hoc
1867 2073 2034 2138 enim,
2085 2083 2142 2128 ut
2170 2074 2240 2129 ita

684 2161 879 2226 dicam,
905 2176 1096 2216 omnes
1124 2161 1313 2219 Patres
1354 2175 1535 2233 aperte
1564 2164 1824 2220 clamant.
1865 2165 2003 2220 Audi
2037 2166 2241 2235 Grego-

683 2249 822 2304 rium
850 2249 1181 2322 Theoiogum
1215 2253 1480 2308 dicentem
1515 2271 1529 2308 :
1563 2255 1694 2308 Cum
1725 2265 1930 2310 natura:
1958 2257 2238 2328 cogitatio.

686 2341 837 2395 nibus
885 2352 1219 2412 separantur,
1274 2337 1676 2399 subdividuntur
1720 2356 1770 2399 et
1801 2347 2035 2411 nomina,
2082 2349 2240 2418 quasi

690 2431 913 2498 diceret,
955 2435 1097 2503 quod
1132 2436 1452 2505 cogitatione
1495 2437 1758 2492 asseritur
1788 2439 1848 2492 tit
1881 2439 1964 2493 ad'
1990 2438 2241 2494 dih‘eren-

683 2523 814 2576 tiam
843 2523 1147 2590 divisionis,
1179 2541 1301 2596 qua:
1343 2535 1468 2581 actu
1528 2536 1583 2582 et
1626 2528 1941 2584 exsistentia
1973 2540 2075 2594 est,
2096 2546 2238 2600 eam,

685 2630 849 2686 quam
883 2615 1201 2686 longissime
1238 2617 1557 2687 abjicientes
1597 2627 1720 2674 artu
1752 2619 1968 2690 quidem
2015 2629 2239 2679 naturas

683 2721 806 2760 esse
841 2715 894 2761 et
923 2707 1028 2762 diei
1060 2708 1298 2780 tradunt,
1329 2709 1523 2764 barum
1548 2725 1673 2765 vero
1699 2710 2019 2768 divisionem
2043 2713 2240 2782 cogita-

686 2796 834 2860 tione
853 2805 1183 2866 aceeperunt
1215 2817 1228 2852 :
1264 2813 1381 2868 quae
1406 2799 1568 2854 rebus
1598 2800 1729 2868 ipsis
1758 2799 1931 2855 divisa
1957 2814 2062 2855 non
2088 2809 2235 2864 sunt,

687 2890 942 2952 tauquam
979 2883 1146 2938 divisa
1183 2885 1390 2941 ratione
1419 2899 1787 2957 supponentes
1810 2898 2026 2959 propter
2049 2890 2239 2944 immu-

687 2969 900 3022 tabilem
938 2970 1245 3037 unitornm,
1285 2975 1447 3027 etiam
1494 2985 1612 3043 post
1662 2977 1940 3041 unionem,
1985 2978 2237 3032 differen-

686 3061 814 3114 tiam
850 3071 902 3114 et
941 3066 1361 3132 proprietatem;
1412 3076 1466 3119 ut
1494 3066 1604 3135 jam
1663 3069 1867 3121 clarum
1899 3069 1988 3135 sit,
2033 3069 2135 3123 dici
2173 3070 2238 3124 de

687 3153 898 3207 naturis
929 3165 981 3207 et
1011 3156 1431 3225 proprietatibus
1461 3158 1804 3224 divisionem,
1837 3176 1958 3229 quae
1979 3177 2042 3214 ex
2081 3162 2239 3228 intel-

685 3242 825 3295 lectu
852 3254 952 3309 est,
983 3260 1157 3314 neque
1187 3247 1238 3299 in
1285 3262 1557 3316 quoquam
1593 3263 1624 3302 a
1669 3265 1794 3303 vero
1852 3253 2242 3319 aberrabimus,

686 3330 814 3385 licet
842 3331 908 3385 de
960 3349 1022 3387 ea
1051 3343 1237 3387 sancta
1267 3344 1318 3388 et
1366 3336 1702 3392 oecumenica
1762 3347 1952 3404 quarta
2009 3341 2245 3409 synodus

689 3413 823 3474 nihil
847 3421 1105 3487 tradidit;
1141 3425 1496 3481 nihilominus
1527 3443 1625 3482 nos
1649 3428 1879 3482 dicimus
1909 3447 1920 3480 :
1949 3445 2071 3483 cum
2101 3431 2244 3484 enim

687 3510 1044 3582 integritatem
1074 3513 1374 3584 bypostasis
1393 3518 1588 3574 Christi
1608 3528 1818 3574 contem
1828 3520 2058 3590 plamur,
2078 3531 2247 3575 totum

653 3653 656 3656 .
693 3603 878 3657 animo
910 3605 1201 3674 agitamus,
1233 3608 1446 3676 quando
1471 3619 1639 3668 totum
1671 3626 1734 3663 ex
1767 3613 2010 3679 partibus
2046 3611 2247 3666 conﬂa-

693 3700 886 3755 tnr,et
925 3695 975 3748 in
1026 3697 1266 3765 partibus
1298 3699 1694 3762 consideratur,
1755 3710 1807 3754 et
1860 3711 1971 3755 tum
2033 3703 2250 3772 potissi-

695 3799 841 3837 mum
899 3801 1020 3839 cum
1083 3802 1147 3839 ex
1195 3787 1550 3843 dissimilibus
1607 3792 1968 3866 componitur,
2022 3795 2250 3848 servatis

693 3889 890 3944 nempe
945 3875 1232 3931 inconfuse
1280 3879 1525 3947 partibus
1584 3881 1634 3933 in
1676 3881 1892 3948 unione,
1947 3885 2162 3951 quando
2199 3893 2254 3938 et

692 3973 906 4032 partes,
960 3982 1081 4034 quae
1140 3968 1193 4020 in
1235 3978 1354 4045 toto
1400 3979 1555 4036 sunt,
1610 3971 1771 4026 totius
1819 3982 2154 4042 reputantur,
2203 3983 2255 4027 et

695 4057 1050 4123 proprietates
1117 4059 1350 4126 partium
1407 4060 1573 4115 totius
1634 4063 2060 4129 reputabuntur,
2134 4064 2257 4119 licet

696 4148 928 4213 partium
963 4152 1175 4218 propria
1208 4165 1386 4205 sermo
1408 4153 1730 4220 cogitatione
1755 4154 2000 4210 dividens
2021 4156 2251 4225 judicat.

702 4237 866 4292 Verbi
905 4243 1076 4308 gratia
1107 4260 1119 4294 :
1156 4241 1318 4297 Visus
1360 4246 1411 4298 in
1445 4247 1703 4310 sensoriu,
1738 4247 1895 4302 oculo
1922 4263 2113 4316 nempe
2142 4249 2256 4304 ﬁeri

699 4332 858 4397 solet,
887 4334 967 4388 sic
998 4334 1158 4388 etiam
1200 4336 1496 4392 ambulatio
1523 4338 1574 4392 in
1601 4340 1875 4404 cruribus,
1905 4341 1997 4395 sed
2023 4358 2131 4396 non
2173 4344 2257 4397 di-

698 4424 873 4479 cimus
903 4436 997 4479 aut
1023 4429 1242 4481 oculum
1275 4430 1478 4496 videre,
1507 4441 1602 4485 aut
1627 4447 1786 4487 crura
1809 4431 2124 4500 ambulare;
2158 4435 2246 4488 sed

2355 4435 2540 4504 ὅρασις
2574 4434 2629 4482 ὲν
2663 4429 2740 4498 τῷ
2775 4427 3133 4497 αἰσθητηρίῳ,
3167 4428 3333 4495 ἤγουν
3382 4424 3458 4494 τῷ
3484 4423 3759 4492 ὀφθαλμῷ,
3799 4423 3850 4471 πέ

701 4512 884 4578 homo,
916 4516 1007 4584 qui
1038 4532 1100 4570 ea
1137 4527 1390 4586 tanquam
1415 4530 1597 4587 partes
1623 4521 1880 4590 possidet,
1911 4522 2094 4577 videre
2122 4524 2254 4578 dici-

701 4616 789 4660 tur
834 4615 889 4661 et
921 4608 1215 4663 ambulare.
1259 4610 1453 4666 Eodem
1502 4611 1660 4665 modo
1715 4620 1768 4665 et
1808 4613 1873 4664 de
1917 4611 2119 4666 Christi
2154 4613 2254 4683 by-

701 4700 934 4766 postasi:
960 4715 1185 4768 namque
1221 4701 1284 4754 ad
1309 4703 1668 4772 integritatem
1701 4703 1842 4754 illius
1867 4704 2061 4756 mentis
2083 4703 2252 4757 aciem

705 4791 924 4859 ligentes
956 4790 1181 4846 dicimus
1208 4791 1456 4861 Ejusdem
1484 4797 1644 4846 unius
1671 4802 1871 4846 sancta:
1899 4792 2112 4848 Triadis
2138 4793 2254 4846 Filii

705 4880 798 4933 Dei
825 4891 1029 4937 suntet
1063 4899 1149 4937 res
1171 4885 1484 4938 mirabiliter
1506 4893 1687 4951 gestae,
1722 4891 1776 4935 et
1799 4886 2098 4953 passiones.
2138 4885 2252 4938 Etsi

706 4971 998 5023 secundum
1029 4973 1187 5025 aliam
1221 4982 1422 5041 partem
1461 4971 1738 5040 passiones
1778 4973 1941 5036 Subit,
1997 4974 2249 5027 humani-

707 5071 868 5114 tatem
891 5060 1116 5126 scilicet,
1139 5063 1437 5117 secundum
1465 5062 1624 5114 aliam
1662 5062 1794 5116 mira
1825 5065 2006 5125 etIieit,
2036 5076 2093 5118 ut
2121 5066 2258 5133 ejus-

705 5154 825 5210 dem
861 5156 1066 5239 naturae
1127 5171 1250 5208 cum
1301 5155 1410 5208 Deo
1449 5163 1501 5208 et
1549 5153 1722 5219 Patre,
1779 5167 1833 5209 et
1895 5157 2093 5224 Spiritu
2152 5167 2254 5211 est.

711 5243 917 5299 Rursus
940 5255 1138 5314 partes,
1176 5261 1235 5297 ex
1267 5245 1460 5311 quibus
1506 5255 1672 5298 totum
1710 5248 2076 5310 constituitur,
2129 5264 2259 5301 Cun-

708 5337 934 5390 servatis
969 5337 1074 5389 illis
1105 5334 1388 5388 inconfose
1423 5336 1472 5386 in
1509 5337 1705 5391 unione
1736 5340 2164 5399 considerantes,
2199 5348 2252 5391 et

709 5427 1065 5483 differentiam
1092 5428 1146 5479 in
1177 5427 1375 5479 unione
1415 5426 1764 5494 invenientes,
1803 5431 1891 5482 ubi
1937 5445 2062 5481 vero
2109 5429 2260 5482 (ησυ-

666 5513 676 5518 ’
710 5520 908 5582 rentia,
944 5520 1139 5573 ibidem
1177 5519 1398 5571 omnino
1419 5526 1471 5571 et
1498 5534 1755 5575 numerus
1778 5522 2158 5583 introducitur,
2187 5531 2263 5573 tot

713 5611 947 5666 dicimus
964 5621 1139 5675 partes
1155 5625 1294 5672 esse,
1320 5611 1524 5666 ratione
1543 5611 1896 5675 diSCl‘illliﬂiS,
1923 5629 2022 5666 nec
2046 5629 2073 5665 a
2096 5628 2260 5678 suopo

721 5701 1050 5756 aberramus.
1104 5701 1544 5770 Quandoquidem
1575 5704 1703 5759 u‘nio
1732 5713 1813 5757 est
1870 5720 2079 5769 eorum,
2141 5719 2259 5772 quzc

2426 892 2490 956 ζ’.
2536 889 2754 962 Ἐπειδὴ
2796 890 2851 942 δὲ
2897 889 2989 943 καὶ
3024 889 3150 960 περὶ
3199 889 3515 962 διαιρέσεως
3559 890 3670 943 τῶν
3707 891 3898 959 φύσεωι

2355 984 2448 1036 καὶ
2491 983 2599 1035 τῶν
2633 982 2909 1053 ἰδιοτήτων
2932 981 3122 1050 μῶμον
3155 981 3394 1049 συνῆψας
3429 983 3495 1051 τῇ
3539 982 3673 1052 άγία
3711 984 3803 1036 καὶ
3839 969 3909 1036 οῖς

2354 1091 2451 1127 κου
2463 1077 2656 1145 μενικῇ
2706 1076 2942 1146 τετάρτῃ
2998 1074 3221 1142 συνόδῳ,
3254 1074 3328 1136 ὡς
3359 1072 3519 1143 δῆθεν
3550 1073 3791 1141 λέγουσα
3825 1076 3899 1128 δύο

2352 1166 2542 1234 φύσεις
2590 1165 2683 1218 καὶ
2725 1165 2992 1236 ἰδιότητας
3033 1164 3141 1217 τῶν
3175 1164 3414 1234 φύσεων,
3453 1165 3760 1229 ἐξάπαντος
3787 1184 3898 1235 συμ-

2350 1259 2516 1323 φωνεῖ
2536 1254 2614 1325 τῷ
2637 1254 2927 1326 Νεστορίῳ,
2951 1256 3207 1326 διαίρεσιν
3225 1256 3332 1308 τῶν
3356 1255 3570 1324 φύσεων
3592 1258 3894 1324 ἐμποιοῦσα,

2348 1347 2443 1398 καὶ
2477 1345 2563 1398 διά
2594 1345 2751 1399 τοῦτο
2794 1346 2893 1397 οὐκ
2921 1345 3062 1398 ἔστιν
3089 1346 3391 1399 άποδεκτὲα
3429 1344 3564 1415 αὕτη
3624 1349 3658 1416 ἡ
3707 1346 3896 1408 σύνοδος

2347 1436 2478 1507 παρ’
2527 1436 2708 1507 ήμῶν,
2744 1436 3309 1506 ὑπεραπολογούμενοι
3330 1433 3444 1502 οὖν,
3473 1439 3566 1490 καὶ
3595 1438 3896 1506 διασαφοῦν-

2343 1544 2430 1590 τες
2461 1527 2554 1579 τὸν
2586 1528 2714 1596 περὶ
2756 1527 3070 1597 διαιρέσεως
3119 1528 3214 1582 καὶ
3285 1528 3545 1597 ἰδιότητος
3592 1528 3775 1596 λόγον,
3813 1548 3894 1596 ςι-

2346 1621 2464 1690 μὲν,
2513 1620 2613 1684 τὰς
2640 1620 2829 1689 φύσεις
2869 1620 2964 1673 τοῦ
3007 1619 3265 1690 Χριστοῦ,
3301 1621 3470 1690 ἧγουν
3501 1621 3647 1692 φημί
3672 1621 3773 1691 τὴν
3799 1623 3896 1673 Θεό-

2339 1728 2475 1781 τητα
2520 1710 2613 1764 καὶ
2645 1713 2744 1780 τὴν
2777 1710 3188 1782 ἀνθρωπότητα,
3228 1711 3288 1774 ἐξ
3344 1705 3420 1764 ὧν
3446 1712 3538 1764 καὶ
3573 1713 3634 1764 ὲν
3659 1705 3750 1774 αῖς
3783 1714 3808 1765 ό
3831 1708 3895 1773 εἰς

3876 1857 3892 1870 5!

2342 1890 2559 1960 ἐπινοίᾳ
2610 1905 2694 1952 τις
2735 1888 2828 1942 καί
2859 1886 2936 1956 τῷ
2970 1889 3111 1958 λόγῳ
3147 1889 3247 1952 τὰς
3282 1890 3550 1957 ἰδιότητας
3616 1888 3759 1958 μετὰ
3805 1890 3894 1940 τῶν

2343 1980 2556 2049 φύσεων
2587 1980 2803 2051 διαιρεῖ,
2841 1981 2936 2032 καὶ
2984 1979 3082 2050 οὐχ
3112 1979 3339 2049 ὑπάρξει
3385 1979 3478 2032 καὶ
3511 1980 3786 2050 ἐνεργείᾳ,
3812 1981 3893 2032 οὐκ

2341 2069 2446 2134 ἔξω
2483 2069 2576 2123 τοῦ
2621 2070 2826 2133 εἰκότος
2871 2071 3139 2139 ποιήσειεο
3165 2069 3322 2123 τοῦτο
3370 2070 3478 2140 γὰρ
3520 2070 3713 2139 σχεδὸν
3746 2072 3896 2121 εἰπεῖν

2341 2159 2540 2221 πάντες
2587 2159 2638 2212 οἰ
2675 2158 2917 2228 Πατέρες
2971 2158 3267 2228 διαρρήδην
3305 2158 3633 2228 κεκράγασι.
3664 2158 3776 2210 Καὶ
3805 2160 3891 2224 γὰρ

2339 2250 2640 2320 Γρηγορίου
2667 2249 2761 2302 τοῦ
2791 2249 3050 2317 Θεολόγου
3099 2248 3329 2303 ἄκουσον
3381 2249 3656 2316 λέγοντος·
3707 2248 3891 2302 Ἠνίια

2338 2345 2449 2415 γὰρ
2472 2348 2529 2398 al
2551 2346 2766 2414 φύσεις
2788 2345 3118 2399 διίστανται
3143 2343 3270 2410 ταῖς
3295 2345 3610 2409 ἐπινοίαις,
3640 2345 3888 2396 συνδιαι-

2331 2439 2578 2506 ροῦνται
2605 2438 2698 2490 καί
2731 2437 2803 2490 τὰ
2823 2438 3098 2506 ὀνόματα,
3129 2436 3205 2499 ὡς
3231 2430 3372 2488 εἶναι
3409 2436 3562 2505 τὺζτῇ
3589 2436 3801 2504 ἐπινοίᾳ
3822 2437 3886 2485 λε-

2337 2530 2586 2600 γόμενον,
2619 2533 2754 2599 πρδς
2787 2529 3188 2598 άντιδιαστολὴν
3231 2531 3329 2600 τῆς
3361 2528 3480 2580 κατ’
3515 2528 3798 2595 ἐνέργειαν
3813 2527 3890 2578 καὶ

2340 2617 2572 2692 ὕπαρξιν
2621 2621 2963 2691 διαιρέσεως,
3004 2622 3068 2692 ἢν
3094 2621 3168 2684 ὡς
3200 2622 3545 2692 πορρωτάτω
3578 2620 3888 2685 ἀποπεμψά-

2340 2727 2488 2780 μενοι
2517 2712 2582 2778 τῇ
2634 2710 2732 2778 μὲν
2769 2707 3016 2779 θυεργεία
3045 2709 3141 2770 τὰς
3170 2707 3358 2776 φύσεις
3407 2703 3549 2759 εἷναί
3581 2702 3642 2757 τε
3687 2705 3779 2755 καί
3809 2720 3891 2753 κα-

2337 2801 2543 2854 λεῖσθαί
2588 2817 2738 2869 φασι,
2765 2799 2861 2869 τὴν
2915 2801 2968 2851 δὲ
3002 2797 3202 2852 τούτων
3240 2797 3500 2866 διαίρεσιν
3530 2795 3653 2848 κατ’
3675 2796 3894 2847 ἐπίνοιαν

2337 2892 2563 2960 ἔλαϐον,
2594 2893 2662 2945 τὰ
2728 2891 2802 2961 μὴ
2865 2890 3163 2960 διῃρημένα
3212 2890 3321 2950 τοῖς
3368 2887 3687 2956 πράγμασιν
3736 2885 3805 2945 ὡς
3831 2885 3892 2933 δι-

2339 2984 2591 3057 ῃρημένα
2627 2982 2702 3052 τῷ
2758 2981 2898 3049 λόγῳ
2953 2979 3346 3046 ὑποτιθέμενοι,
3403 2976 3491 3028 διὰ
3525 2978 3622 3045 τὴν
3651 2975 3891 3045 ἄτρεπτον

2339 3074 2446 3126 τῶν
2481 3071 2903 3135 ἐνωθέντων,καὶ
2938 3070 3071 3139 μετὰ
3103 3069 3198 3139 τὴν
3219 3068 3782 3136 ἔνωσιν,διαφοράντε
3817 3073 3909 3119 nr

2349 3163 2773 3232 ἰδιότητα.⁹Ὠστε
2789 3162 2946 3230 δῆλόν
2971 3162 3083 3214 ἐστι
3109 3159 3287 3226 λέγειν
3309 3158 3401 3211 ὲπί
3449 3157 3557 3210 τῶν
3583 3157 3792 3231 φύσεων
3817 3159 3889 3207 καὶ

2342 3254 2450 3308 τῶν
2474 3254 2746 3323 ἰδιοτήτων
2766 3245 3043 3320 διαίρεσιν,
3065 3249 3160 3321 τὴν
3182 3251 3299 3303 κατ’
3321 3250 3562 3301 ἐπίνοιαν
3590 3248 3887 3314 λεγομένην,

2348 3346 2443 3398 καὶ
2494 3345 2645 3398 οὐδὲν
2674 3344 2766 3397 τοῦ
2825 3344 3028 3406 είκότος
3057 3341 3525 3412 άποσφαλοίμεοα,
3557 3343 3606 3393 εἰ
3645 3343 3736 3392 καὶ
3787 3341 3891 3407 περὶ

2345 3436 2546 3504 ταύτης
2574 3437 2607 3503 ἡ
2633 3435 2760 3502 ἁγία
2779 3435 2868 3486 καὶ
2894 3433 3239 3502 οἰκουμενικὴ
3261 3433 3494 3502 τετάρτη
3528 3432 3738 3494 σύνοδος
3759 3432 3888 3484 οῦδὲν

2347 3526 2676 3596 ἐξεφώνησε,
2711 3526 2846 3594 πλὴν
2877 3520 2968 3578 οὖν
3020 3527 3180 3594 ἡμεῖς
3201 3527 3448 3594 λέγομεν.
3471 3526 3638 3578 Ὅταν
3683 3524 3788 3591 γὰρ
3826 3525 3887 3582 εἰς

2346 3620 2442 3688 τὴν
2463 3619 2688 3687 ὀλότητα
2713 3618 2808 3685 τῆς
2825 3617 3021 3685 κατὰιΧ
3031 3617 3208 3686 ριστὸν
3231 3617 3579 3677 ὑποστάσεως
3595 3614 3884 3682 ἀποϐλέψω-

2351 3724 2472 3776 μεν,
2516 3708 2576 3760 τὸ
2625 3707 2743 3759 ὃλον
2773 3706 3228 3772 ἀνασκοποῦντες,
3260 3705 3445 3775 ἐπειδὴ
3485 3706 3544 3758 τὸ
3581 3705 3697 3757 ὅλον
3727 3705 3785 3755 ἐκ
3809 3720 3909 3782 μεη

2355 3798 2462 3868 ρῶν
2519 3797 2822 3865 σύγκειται,
2867 3797 2958 3849 καὶ
2994 3797 3052 3849 ἐν
3087 3799 3194 3858 τοῖς
3231 3796 3423 3864 μέρεσι
3472 3795 3771 3863 θεωρεῖται,
3812 3795 3882 3844 καὶ

2355 3889 2588 3958 μάλιστα
2619 3888 2746 3941 ὅταν
2795 3887 2853 3950 ἐξ
2896 3886 3304 3956 ἀνομοιομερῶν
3342 3887 3641 3953 οσύγκειται
3682 3887 3740 3936 τὸ
3765 3885 3880 3936 ὅλον.

2316 3979 2674 4048 -σωζομένων
2722 3979 2961 4045 δηλονότι
3023 3976 3340 4046 άσυγχύτως
3372 3976 3480 4028 τῶν
3525 3975 3705 4045 μερῶν
3750 3978 3800 4027 ἐν
3833 3977 3880 4040 τῇ

2355 4069 2561 4130 ἑνὼσει,
2594 4068 2777 4137 ἐπειδὴ
2814 4069 2880 4120 τὰ
2913 4067 3049 4137 μέρη
3078 4069 3134 4118 ὲν
3159 4067 3236 4136 τῷ
3265 4065 3370 4136 ὅλῳ
3420 4066 3784 4135 ἐνυπάρχοντα
3809 4063 3880 4114 τοῦ

2357 4163 2481 4214 ὅλου
2539 4160 2864 4228 λογίζονται,
2901 4159 2992 4211 καὶ
3029 4158 3098 4209 τὰ
3145 4156 3409 4226 ἰδιώματα
3462 4156 3570 4207 τῶν
3611 4155 3783 4227 μερῶν
3808 4153 3880 4204 τι]

2356 4252 2478 4305 ὅλου
2505 4251 2934 4318 λογισθήσονται,
2969 4249 3016 4298 εἰ
3062 4246 3154 4298 καὶ
3189 4246 3296 4298 τῶν
3323 4237 3503 4314 μερῶν
3532 4245 3605 4305 ὡς
3639 4243 3740 4294 ἴδια
3767 4237 3878 4292 εἶναι

2357 4345 2385 4395 ὁ
2410 4344 2560 4408 λόγος
2590 4344 2652 4407 τῇ
2682 4339 2891 4408 ἐπινοίᾳ
2917 4336 3142 4406 διαιρῶν
3180 4337 3374 4406 κρίνει·
3404 4331 3514 4388 οἶόν
3567 4336 3618 4386 τί
3648 4351 3795 4403 φημι·
3831 4333 3876 4382 Ἠ

3799 4422 3876 4458 ρέ-

2357 4517 2788 4589 φυκεεγίνεσοαι,
2838 4517 3091 4585 ὡσαύτως
3134 4515 3188 4567 δὲ
3244 4514 3332 4566 καὶ
3372 4516 3404 4582 ἡ
3449 4513 3650 4581 βάδισις
3695 4515 3748 4564 ἐν
3786 4513 3874 4570 τοῖς

2357 4611 2622 4662 σκέλεσιν*
2658 4609 2770 4660 ἀλλ’
2803 4607 2861 4659 οὐ
2895 4607 3140 4675 λέγομεν,
3171 4607 3251 4658 ὅτι
3292 4606 3320 4656 ὁ
3348 4604 3619 4673 ὀφθαλμὸς
3641 4604 3748 4671 ὁρᾷ,
3771 4603 3796 4669 ἦ
3822 4601 3875 4649 τὰ

2358 4699 2520 4768 σκέλη
2555 4698 2779 4768 βαδίζει,
2799 4698 2909 4750 ἀλλ’
2941 4697 3222 4765 ἄνθρωπος
3249 4696 3276 4747 ὁ
3303 4696 3473 4747 ταῦτα
3503 4695 3638 4764 ἔχων
3667 4694 3732 4753 ὡς
3757 4692 3872 4760 μέρη

2356 4792 2572 4857 λέγεται
2603 4789 2818 4858 βλέπειν
2867 4788 2958 4840 καί
3017 4787 3269 4856 βαδίζειν.
3306 4787 3516 4838 Οὑτωσί
3563 4785 3653 4837 καὶ
3682 4783 3761 4836 ἐπὶ
3793 4782 3871 4847 τῆς

2359 4882 2702 4942 ὑποστάσεως
2724 4878 2814 4931 τοῦ
2842 4877 3097 4947 Χριστοῦ.
3134 4879 3303 4930 Ὅταν
3332 4877 3434 4944 γὰρ
3453 4876 3530 4938 εἰς
3562 4874 3656 4942 τὴν
3683 4872 3870 4937 ὀλότητει

2358 4974 2522 5040 αὐτῆς
2539 4971 2843 5040 βλέπωμεν,
2872 4969 3117 5036 λέγομεν,
3153 4966 3323 5018 Αὑτοῦ
3349 4963 3440 5016 τοῦ
3472 4963 3589 5025 ἑνὸς
3620 4962 3708 5030 τῆς
3740 4960 3869 5024 ἁγίας

2359 5064 2606 5132 Τριάδος,
2653 5061 2897 5113 τουτέστι
2947 5058 3038 5111 τοῦ
3088 5054 3216 5110 Υἱοῦ
3262 5055 3354 5107 τοῦ
3396 5053 3555 5114 Θεοῦ,
3597 5052 3695 5104 εἰσί
3731 5052 3786 5102 τά
3822 5064 3866 5100 τε

2360 5155 2631 5224 Θαύματα,
2670 5154 2763 5205 καὶ
2795 5151 2860 5203 τὰ
2910 5150 3080 5218 πάθη,
3117 5149 3164 5199 εἰ
3216 5147 3306 5200 καί
3356 5145 3472 5198 κατ’
3503 5145 3630 5198 ἄλλο
3658 5144 3795 5212 μέρος
3817 5141 3869 5191 τὰ

2361 5247 2506 5315 πάθη
2537 5245 2850 5314 ἀναδέχεται
2886 5243 3024 5296 κατὰ
3062 5243 3122 5292 τὸ
3163 5238 3522 5307 ἀνθρώπινον,
3559 5237 3674 5289 κατ’
3701 5235 3805 5288 ἄλλο
3827 5232 3867 5284 δὲ

2361 5338 2427 5390 τὰ
2479 5338 2675 5404 σημεῖα
2728 5334 2889 5395 ποιεῖ,
2922 5331 2996 5394 ὡς
3048 5329 3359 5400 όμοούσιος,
3390 5325 3632 5396 δηλονότι
3674 5324 3742 5392 τῷ
3775 5321 3869 5389 Θεῴ

2362 5430 2455 5480 καὶ
2486 5426 2680 5495 Πατρί,
2724 5427 2814 5476 καί
2843 5425 2919 5493 τῷ
2947 5421 3246 5491 Πνεύματι.
3277 5419 3443 5472 Ὅταν
3473 5417 3517 5469 δ’
3563 5415 3630 5469 αὖ
3656 5415 3868 5470 πάλινεῂ

2362 5519 2427 5570 τὰ
2469 5518 2630 5586 μέρη,
2664 5516 2722 5578 ἐξ
2763 5509 2836 5568 ὧν
2869 5514 2929 5566 τὸ
2976 5514 3092 5566 ὅλον
3123 5511 3418 5578 σύγκειται.
3463 5506 3764 5576 σωζομένων
3794 5506 3843 5555 αὑ

2363 5609 2471 5662 τῶν
2498 5609 2735 5678 δηλονότι
2785 5605 3103 5676 ἀσυγχύτους
3149 5604 3207 5656 ὲν
3246 5605 3311 5672 τῇ
3357 5601 3551 5654 ἐνώσει
3605 5598 3869 5663 σκοπῶμεν.

2366 5703 2457 5756 καὶ
2505 5703 2602 5768 τῆς
2639 5701 2898 5769 διαφορᾶς
2925 5700 2982 5753 ἐν
3012 5699 3075 5767 τῇ
3104 5694 3313 5762 ἑνώσει,
3340 5690 3727 5760 εὖρισκομὲνης
3753 5686 3868 5756 (ὅπου
