3934 6316
44 293 124 355 ἱῧτ)

916 294 1348 357 BEFUTATIO
1372 260 1752 358 EPISTOLtE
1781 298 2009 361 REGIS
2044 300 2432 364 ARMENI/E.

3143 317 3252 385 (illi

49 407 67 456 Ξ
111 401 368 476 διαφορὰ,
407 399 525 456 ἐκεῖ
556 402 772 468 πάντως
807 403 896 458 καὶ
928 405 955 457 ό
997 405 1226 476 ἀριθμὸς
1273 407 1588 474 συνεισάγει

1693 410 1758 463 ad
1784 411 1990 480 aliquid
2015 421 2144 468 sunt
2175 431 2187 469 :
2221 418 2352 470 unio
2378 417 2524 472 enim
2547 433 2758 488 eorum,
2798 432 2918 492 qua?
2969 425 3251 498 uniuntur,

42 501 124 570 αι)
146 516 158 527 ·
187 499 434 570 δηλονότι
474 501 606 569 τόσα
639 501 869 572 λέγομεν
920 502 988 556 τὰ
1021 501 1162 572 μέρη
1210 503 1475 573 ὑπάρχειν
1509 503 1587 573 τῷ

42 593 160 661 tim)
199 590 304 660 τῆς
349 591 634 662 διαφορᾶς,
681 592 776 647 καὶ
818 593 967 646 οὐδὲν
1000 593 1326 663 σφάλλομεν.
1370 593 1588 663 Ἐπειδὴ

42 699 53 752 λ
86 682 188 750 μὲν
221 682 415 747 ινωσις
442 682 550 736 τῶν
586 683 722 754 πρός
768 683 821 736 τί
864 685 1000 737 ἐστι.
1032 684 1142 736 Καὶ
1186 683 1292 755 γὰρ
1326 684 1360 754 ἡ
1398 683 1590 744 ἓνωσις

42 774 336 843 ,νουμένων
391 775 535 827 ἐστὶν
589 775 815 839 ἓνωσις,
864 775 956 829 καὶ
999 776 1067 828 τὰ
1097 774 1360 844 ἑνούμενα
1399 774 1591 830 ἑνώσει

40 865 284 917 ενοῧνται·
321 865 578 928 ὡσαύτως
609 865 664 919 δὲ
698 866 790 919 καὶ
827 865 886 918 τὸ
915 865 1032 919 ὅλον
1052 904 1067 930 ,
1110 863 1292 936 μερῶν
1325 866 1463 930 ὅλον,
1496 866 1591 918 καὶ

40 961 81 1010 ri
120 959 265 1029 μέρη
295 958 418 1010 ὅλου
475 959 634 1028 μέρη.
689 959 770 1011 Τὰ
823 958 878 1011 δὲ
921 958 1053 1028 πρός
1103 975 1178 1022 τι,
1233 958 1326 1011 ἐὰν
1365 957 1591 1028 Θάτερον

40 1049 277 1120 μυέεργείᾳ
322 1045 390 1122 ᾗ,
437 1052 528 1102 καὶ
563 1050 621 1101 τὸ
678 1050 862 1121 ἕτερον
909 1049 1148 1120 δηλονότι
1209 1046 1268 1114 ἐξ
1324 1050 1588 1119 ἀνάγκης.

40 1141 183 1190 Ἐπεὶ
217 1139 315 1192 οὖν
341 1143 374 1210 ὴ
401 1141 539 1194 κατὰ
576 1141 807 1211 Χριστὸν
835 1139 1022 1211 όλότης
1048 1140 1139 1193 καὶ
1170 1143 1203 1210 ἡ
1223 1141 1413 1203 ἔνωσις
1439 1141 1590 1208 ὲντρ-

38 1231 140 1299 rel;
174 1231 436 1299 πρόσεστι
486 1232 577 1284 καὶ
607 1231 675 1284 τὰ
705 1231 846 1301 μέρη
876 1231 1130 1301 ἐνεργείᾳ
1150 1230 1384 1294 ἔσονται,
1427 1212 1521 1283 καὶ
1551 1232 1583 1300 ἡ

38 1322 220 1372 τούτων
277 1321 531 1390 διαφορά.
581 1322 643 1374 Ei
692 1320 749 1374 δὲ
796 1318 952 1373 τοῦτο
994 1321 1211 1391 ἀληθὲς,
1259 1319 1448 1391 ὥσπερ
1499 1319 1592 1374 οὖν

38 1417 106 1464 ταὶ
134 1412 360 1483 ἁληθὶς,
402 1415 429 1465 ό
467 1412 541 1483 μὴ
574 1412 847 1484 ὁμολογῶν
870 1412 938 1465 τὰ
962 1412 1104 1483 μέρη
1144 1413 1276 1466 τόσα
1310 1408 1467 1478 εἶναι,
1502 1413 1593 1482 δη·-

36 1505 186 1571 ιονζτι
216 1505 342 1557 οὐδε
386 1503 445 1557 τὸ
471 1504 592 1558 ὅλον
631 1505 854 1575 φήσειεν
902 1505 968 1557 ἂν
995 1499 1156 1565 εἶναι,
1189 1504 1324 1557 ἀλλὰ
1352 1503 1458 1556 τῶν
1494 1520 1591 1574 με·

36 1600 124 1652 νῶν
171 1598 274 1667 τῆς
318 1597 582 1666 διαφορᾶς
612 1595 1029 1666 ἀναιρουμένης,
1059 1596 1151 1649 καὶ
1192 1595 1254 1647 τὸ
1296 1595 1416 1648 ὅλον
1463 1595 1593 1664 φθα-

36 1691 269 1756 βήσεται.
304 1688 412 1740 Καὶ
443 1686 523 1750 τίς
552 1686 616 1739 ἂν
647 1687 710 1740 οὑ
743 1687 961 1757 συνήσει
993 1686 1052 1739 τὸ
1089 1686 1322 1752 ἄτοπονς
1352 1683 1607 1755 Φανερὸν

34 1785 138 1847 ιρι,
169 1782 256 1832 ὅτι
308 1782 421 1832 ὅσοι
455 1777 554 1848 τὴν
601 1777 729 1846 μίαν
779 1777 1077 1831 ὑπόστασιν
1109 1776 1202 1830 τοῦ
1235 1774 1472 1848 Χριστοῦ
1508 1775 1585 1838 ὡς

1689 499 1818 552 unio
1835 509 1937 567 est,
1956 507 2141 571 etque:
2155 505 2441 573 uniuntur,
2463 511 2660 566 unione
2676 515 2951 571 uniuntur.
2975 517 3065 572 Sic
3085 521 3249 575 etiam

1689 597 1856 644 totum
1879 591 2114 660 partium
2139 601 2310 648 totum
2343 603 2447 661 est,
2475 607 2525 652 et
2555 608 2735 668 partes
2761 603 2924 658 totius
2946 616 3144 674 partes.
3176 607 3253 664 Ea

1687 695 1845 750 porro
1870 696 1991 751 quae
2021 683 2086 737 ad
2122 684 2324 754 aliquid
2349 698 2496 752 sunt,
2533 692 2577 745 si
2611 707 2780 747 unum
2804 710 2870 749 ex
2900 696 2965 750 iis
2987 706 3108 752 actu
3143 703 3254 763 est,

1689 785 1912 826 necesse
1929 785 2032 839 est,
2066 783 2118 828 et
2143 775 2370 830 alterum
2392 791 2530 834 esse.
2557 779 2693 835 Cum
2739 783 2917 854 itaque
2935 785 3138 844 Christi
3168 786 3254 844 in-

1690 863 1910 934 tegritas
1967 874 2022 921 et
2063 867 2195 946 unio
2241 878 2363 922 actu
2397 879 2499 935 est,
2530 881 2691 927 erunt
2725 881 2779 928 et
2821 885 3002 946 partes
3034 882 3257 934 omnino

1688 964 1835 1018 actu,
1866 964 1918 1010 et
1942 943 2128 1010 eorum
2155 958 2464 1012 discrimen.
2503 959 2612 1016 Hoc
2646 965 2690 1018 si
2723 943 2908 1021 verum
2929 979 3030 1032 est,
3064 985 3258 1039 quem-

1688 1044 1978 1101 admodum
2026 1063 2210 1102 verutn
2277 1059 2378 1112 est.
2447 1053 2538 1120 qui
2581 1069 2688 1108 non
2743 1058 3029 1113 confitetur
3077 1047 3258 1130 partes

1691 1143 1770 1189 tot
1798 1151 1937 1203 esse,
1971 1152 2150 1207 neque
2178 1148 2348 1193 totum
2374 1139 2653 1197 fatebitur
2683 1160 2823 1210 esse,
2870 1150 2962 1203 sed
3014 1151 3248 1219 partium

1652 1250 1657 1254 ι
1691 1225 1992 1282 dilicrentia
2026 1229 2258 1297 sublata,
2292 1239 2461 1286 totum
2485 1248 2702 1303 quoque
2731 1238 2990 1293 destruet.
3032 1241 3092 1296 Et
3123 1243 3252 1312 quis

1692 1317 1990 1373 absurdum
2054 1321 2129 1375 rei
2179 1321 2532 1394 ineptumque
2561 1342 2667 1381 non
2700 1331 2914 1397 capiet?
2950 1330 3102 1387 Patet
3149 1335 3256 1392 ita-

1691 1425 1794 1479 que
1816 1426 1930 1475 eos,
1955 1411 2049 1481 qui
2081 1427 2244 1466 unam
2271 1414 2476 1471 Christi
2503 1418 2857 1488 bypostasim,
2883 1425 3048 1478 veluti
3078 1434 3253 1481 totum

1691 1501 1960 1574 quoddam
2006 1523 2070 1560 ex
2142 1508 2342 1564 deitate
2394 1519 2447 1564 et
2502 1509 2854 1569 humanitate
2894 1519 3252 1586 compositum

1692 1596 2038 1665 profitentur,
2075 1609 2255 1668 partes
2287 1601 2422 1657 duas
2452 1603 2660 1658 scilicet
2686 1614 2907 1662 naturas
2938 1611 3252 1666 necessario

1691 1685 1956 1751 fassuros,
1994 1687 2118 1744 licet
2145 1704 2239 1744 vos
2263 1691 2314 1744 id
2351 1691 2623 1748 abnuatis.
2674 1693 2826 1759 Quod
2876 1706 3062 1751 saneta
3092 1697 3256 1756 Chal-

1689 1776 2009 1830 cedonensis
2048 1781 2285 1848 synodus
2314 1781 2488 1850 palam
2524 1785 2904 1854 promulgavit.
3073 1776 3085 1786 ’

34 1875 130 1926 ιλον
166 1890 220 1925 τι
255 1875 322 1926 ὲκ
363 1871 612 1942 Θεότητος
660 1871 752 1924 καὶ
787 1869 1220 1942 Ιὰνθρωπότητος
1288 1869 1649 1940 συγκειμένην
1681 1868 2024 1940 ὁμολογοῦσι,
2069 1873 2162 1924 καὶ
2205 1873 2275 1926 τὰ
2307 1873 2458 1945 ’μέρη
2507 1875 2600 1928 δύο
2636 1877 2824 1945 φύσεις
2871 1879 3076 1937 εἴποιεν
3100 1881 3166 1936 ἂν
3195 1883 3257 1951 ἑξ

34 1968 285 2035 ινάγκης,
317 1967 420 2019 κᾶν
454 1966 612 2036 ὑμεῖς
647 1964 724 2036 μὴ
777 1963 1060 2038 βούλησρε,
1107 1965 1240 2033 ὅπερ
1275 1965 1308 2033 ἡ
1350 1965 1408 2016 ὲν
1447 1962 1748 2032 Χαλκηδόνι
1781 1963 1909 2030 ἁγία
1951 1963 2173 2028 σύνοδος
2205 1967 2420 2035 τρανῶς
2453 1965 2780 2039 ὲξεφὼνησε.

84 2058 152 2130 η’.
183 2060 263 2112 Τὸ
291 2059 348 2112 δὲ
385 2059 542 2114 πάλιν
582 2059 885 2126 λέγειν.ὅτι
921 2057 989 2113 Ἦ
1034 2055 1278 2126 τετάρτη
1319 2055 1582 2120 σύνοδος

1753 2054 1810 2110 8.
1840 2055 2108 2111 Prteterea
2153 2057 2288 2112 illud
2349 2061 2496 2124 item,
2556 2069 2796 2129 quartam
2849 2063 3106 2130 synodum
3147 2065 3254 2120 una

32 2149 332 2218 συμφωνεῖ
355 2149 433 2215 τῷ
456 2150 778 2217 Νεστορίῳ,
810 2149 898 2203 ὅτι
929 2147 1038 2202 δύο
1059 2148 1276 2217 φύσεις
1299 2147 1588 2213 λέγουσα,

32 2242 294 2308 κάκεῖνος
327 2241 608 2306 ὡσαύτως
635 2241 742 2294 δύο
768 2240 982 2309 φύσεις
1010 2229 1200 2307 λέγων
1219 2277 1234 2302 ,
1273 2235 1591 2304 ὀμοφρονεῖ

32 2335 94 2399 τῷ
149 2333 476 2400 Λέστορίῳ.
532 2331 708 2398 Πλὴν
751 2329 1132 2398 διαφέρονται
1192 2330 1281 2394 είς
1350 2329 1422 2380 τὰ
1474 2325 1584 2380 δύο

30 2423 332 2490 πρόσωπα,
370 2419 605 2473 ἀκείνου
636 2419 759 2490 ’μὲν
806 2419 1093 2488 λέγοντος
1138 2418 1246 2473 δύο
1275 2418 1587 2485 πρόσωπα,

30 2510 205 2577 αὐτῆς
253 2509 322 2563 δὲ
354 2506 723 2576 δοξαζούσης
765 2507 867 2561 ἔν’
916 2507 1015 2561 καί
1062 2508 1160 2562 διὰ
1217 2507 1392 2562 τοῦτο
1447 2506 1590 2574 τοὺς

30 2598 384 2666 έρθοδόεους
421 2597 802 2674 χλευάσασα,
862 2598 952 2652 ὅτι
1013 2599 1086 2652 οὐ
1133 2597 1472 2667 συμφρονεῖ
1509 2598 1590 2662 τῷ

30 2690 354 2758 Νεστοριφ,
410 2687 634 2742 αὐτόθεν
693 2688 1079 2759 φανερωτάτην
1129 2689 1244 2758 ἔχει
1304 2690 1403 2758 τὴν
1466 2689 1589 2742 tril-

31 2781 181 2850 ληψιν
243 2781 311 2832 tu
387 2776 481 2831 τοῦ
556 2795 648 2832 σου
719 2778 914 2847 λόγου,
983 2779 1065 2832 ὅτι
1139 2779 1238 2848 οὐχ
1298 2780 1592 2849 ὁμοφρονεϊ

32 2874 100 2942 τῷ
160 2871 475 2944 Νεστορίῳ,
533 2869 714 2934 καθὼς
764 2871 1076 2940 ψευδοεπῶν
1125 2875 1473 2941 κατηγορεῖς.
1523 2871 1588 2924 Ei

33 2969 129 3036 γὰρ
175 2966 205 3018 δ
235 2967 336 3034 μὶν
380 2965 472 3018 δύο
520 2966 784 3034 πρόσωπα
828 2963 1059 3029 δοξάζει,
1093 2963 1332 3034 δηλονότι
1367 2964 1588 3028 καὶτὰς

28 3057 113 3108 δύο
135 3056 330 3126 φύσεις
363 3054 774 3126 κεχωρισμένας
823 3053 1220 3116 ίδιοσυστάτους
1252 3052 1415 3116 οὓσας
1453 3055 1583 3122 ὁμο·-

28 3148 185 3214 λογεῖ,
215 3147 306 3201 διά
341 3163 422 3200 τοι
447 3146 605 3198 τοῦτο
633 3147 726 3198 καὶ
745 3145 842 3215 τὴν
873 3144 1067 3198 ἕνωσιν
1099 3144 1303 3198 τούτων
1333 3145 1588 3213 σχετικὴν

30 3240 187 3307 λέγει.
235 3238 300 3290 Ἦ
329 3237 384 3290 δὲ
412 3236 544 3305 ἁγία
573 3235 807 3298 σύνοδος,
841 3235 914 3298 ὡς
946 3236 1011 3288 σὺ
1046 3235 1170 3306 φὴς,
1205 3235 1266 3288 ἓν
1299 3235 1586 3303 πρόσωπον

31 3327 115 3379 καὶ
157 3325 290 3396 μίαν
321 3324 616 3378 ὑπόστασιν
665 3322 1017 3388 θεσπίζουσα,
1061 3321 1300 3393 φανερὸν
1347 3324 1432 3375 ὅτι
1485 3322 1585 3383 τὰς

1693 2161 1812 2200 cum
1862 2143 2111 2200 Nestorio
2142 2150 2354 2210 sentire.
2389 2150 2527 2218 quod
2558 2151 2692 2204 duas
2719 2165 2940 2206 naturas
2969 2153 3204 2222 fateatur
3232 2171 3253 2209 :

1687 2237 1932 2291 similiter
1960 2239 2120 2303 etiam
2168 2255 2287 2292 cum
2331 2240 2574 2295 Nestorio
2601 2244 2918 2297 concordare
2958 2246 3254 2316 quicunque

1691 2327 1826 2380 duas
1880 2339 2103 2383 naturas
2153 2329 2352 2398 fatetur
2382 2346 2401 2386 :
2431 2333 2485 2386 in
2515 2351 2575 2388 eo
2610 2339 2968 2391 tantummodo
3016 2339 3251 2409 (li/ferre,

1685 2421 1823 2487 quod
1851 2421 1940 2474 ille
1963 2420 2116 2486 duas,
2152 2423 2384 2490 synodus
2419 2441 2578 2477 unum
2607 2437 2813 2480 tantum
2853 2445 3131 2497 personam
3166 2441 3246 2484 te-

1688 2517 1830 2570 neat,
1863 2517 1914 2562 et
1949 2524 2042 2577 per
2068 2508 2122 2562 id
2157 2509 2337 2577 fucum
2367 2513 2673 2566 orthodoxi:
2708 2514 2911 2581 fecisse,
2943 2515 3163 2582 jactans
3190 2532 3246 2570 se

1687 2612 1719 2649 a
1753 2596 2006 2651 Nestorlo
2033 2597 2332 2664 dissentire,
2362 2613 2428 2652 ex
2481 2609 2570 2652 tua
2620 2601 2790 2668 ipsius
2826 2601 3072 2654 oratione
3099 2615 3254 2670 aper-

1688 2689 1896 2744 tissime
1931 2689 2194 2744 refellitur
2215 2729 2230 2756 ,
2263 2692 2753 2760 comprobaturque
2792 2705 2910 2745 eam
2940 2706 2968 2744 a
3001 2689 3254 2745 Nestorio
3343 2723 3346 2729 ι

1691 2781 2016 2849 discrepare,
2056 2781 2156 2835 etsi
2195 2779 2310 2850 ipse
2359 2779 2496 2834 falso
2523 2795 2640 2834 eam
2680 2781 3007 2836 criuiuaris.
3040 2781 3250 2834 Etenim

1687 2869 1992 2926 Nestorium
2024 2871 2161 2926 duas
2207 2880 2429 2925 naturas
2474 2872 2871 2927 existimantem
2929 2871 3107 2940 palam
3167 2879 3252 2925 est

1686 2962 1822 3016 duas
1854 2972 2077 3016 naturas
2103 2962 2348 3017 diversas
2395 2979 2490 3032 per
2540 2977 2597 3016 se
2648 2962 3006 3018 subsistentes
3050 2962 3246 3018 fateri:
3346 2990 3352 2998 -
3448 2950 3455 2957 ’

1687 3052 2134 3130 ideoqueeorutn
2196 3055 2451 3106 unionem
2517 3053 2813 3107 secundum
2877 3053 3247 3107 habitudinem

1688 3141 1866 3199 vecat.
1907 3144 2101 3198 Sancta
2161 3159 2289 3198 vero
2317 3146 2578 3215 synodus,
2616 3155 2670 3199 ut
2704 3155 2755 3200 tu
2794 3147 2892 3210 ais,
2930 3161 3089 3199 unam
3124 3148 3246 3215 per-

1685 3250 1876 3291 sonam
1911 3247 1964 3290 et
2023 3251 2183 3290 unam
2222 3238 2559 3307 bypostasim
2599 3238 2869 3302 sanciens,
2923 3237 3059 3292 duas
3091 3244 3251 3291 natu-

1691 3339 1782 3379 ras
1811 3325 1863 3378 in
1925 3340 2031 3378 una
2081 3321 2310 3394 persona
2357 3340 2451 3394 per
2503 3327 2796 3380 eset-mium
2846 3335 2900 3379 et
2952 3326 3250 3380 secundum

30 3406 209 3483 φύσεις
231 3417 291 3469 ιν
340 3414 416 3488 τῷ
443 3415 522 3468 ἑνὶ
551 3401 827 3484 προσώπῳ
864 3413 1134 3478 οὑσιωδῶς
1167 3415 1261 3467 καὶ
1302 3411 1424 3468 καθ’
1454 3411 1587 3465 ὑπό-

1693 3417 2023 3486 ltypostasim
2081 3403 2278 3480 unitas,
2320 3427 2378 3469 ut
2424 3417 2538 3485 ipse
2572 3418 2700 3470 mibi
2735 3419 3057 3487 persuadeo,
3093 3434 3244 3473 asse—

31 3523 207 3561 στασιν
232 3506 516 3578 ήνωμίνας
538 3507 672 3576 φαίη
698 3506 784 3561 ἄν·
819 3507 877 3559 οὑ
903 3505 1010 3577 γὰρ
1031 3505 1096 3560 ἂν
1125 3506 1299 3569 ἄλλως
1330 3505 1583 3575 ἐγχωρεῖ,

29 3598 113 3650 δύο
143 3596 332 3666 φύσεις
369 3597 549 3665 λέγειν
578 3597 634 3650 ιν
666 3596 748 3649 ἐνὶ
783 3595 1058 3667 προσώπῳ
1102 3597 1198 3650 καὶ
1233 3598 1332 3667 μιᾷ
1358 3599 1424 3666 τῇ
1456 3596 1587 3649 ὑπο-

33 3690 226 3752 macet,
273 3688 323 3742 εί
360 3676 434 3758 μὴ
485 3685 608 3742 καθ’
645 3686 941 3742 ὑπόστασιν
978 3687 1073 3740 καὶ
1114 3686 1386 3749 οὺσιωδῶς
1415 3687 1586 3757 ἥνων-

30 3798 128 3834 ται.
180 3781 244 3836 Ei
289 3779 346 3833 δὲ
377 3778 555 3845 τοῦτο,
591 3779 822 3850 φανερὸν
845 3778 1110 3832 δέδεικται
1146 3780 1211 3832 ἑκ
1243 3777 1339 3831 τοῦ
1371 3777 1464 3831 σοῦ
1495 3778 1584 3831 λό-

30 3888 139 3938 γου,
186 3872 268 3925 ὅτι
299 3872 358 3924 οὐ
399 3870 809 3941 κεχωρισμένας
840 3871 939 3933 τὰς
965 3869 1154 3938 φύσεις
1182 3870 1276 3925 καὶ
1303 3869 1401 3932 τὰς
1434 3869 1584 3939 ἐνερ-

33 3964 172 4029 γείας
223 3963 319 4016 ἐπὶ
363 3962 600 4032 Χριστοῦ
651 3961 861 4034 λέγειή
904 3963 1036 4031 ἁγία
1081 3964 1176 4017 καὶ
1225 3960 1581 4032 οίκουμενικὴ

36 4055 258 4124 τετάρτη
314 4053 567 4119 σύνοδος,
619 4053 734 4108 ἀλλ’
766 4054 1050 4125 ἠνωμένας
1103 4053 1226 4107 καθ’
1263 4053 1580 4106 ὑπόστασιν.

37 4145 135 4196 Καὶ
161 4144 338 4208 ᾶλλως
384 4144 445 4196 τδ
470 4143 621 4197 αὑτό·
683 4144 745 4196 Ei
783 4144 870 4196 διὰ
919 4144 1017 4214 τὴν
1044 4144 1235 4197 ῑνωσιν
1263 4143 1358 4197 καὶ
1392 4145 1580 4214 μόνην,

35 4235 164 4301 Mrta
203 4233 270 4305 δὴ
313 4235 411 4305 τὴν
461 4233 582 4288 καθ’
623 4234 919 4289 ὑπόστασιν
943 4274 957 4299 ,
1012 4235 1063 4287 oi
1101 4234 1200 4303 τῆς
1260 4221 1582 4304 Ἐκκλησίας

34 4322 272 4393 τρόφιμοι
309 4323 658 4396 διαφέρονται
682 4321 774 4394 τῷ“
803 4323 1101 4391 Νεστορίῳ,
1135 4320 1318 4386 καθὼς
1337 4328 1445 4383 ,καὶ
1471 4324 1498 4375 ό
1523 4326 1580 4376 ὲν

33 4417 193 4481 ἁγίοις
226 4413 492 4484 Κύριλλος
523 4415 863 4483 φάσκει,-καὶ
901 4415 962 4466 οὐ
983 4408 1072 4467 διὰ
1099 4411 1197 4475 τὰς
1225 4413 1319 4466 δύο
1367 4412 1578 4482 φύσεις,

36 4507 89 4557 σὺ
130 4505 183 4558 δὲ
221 4505 382 4567 αὐτὸς
430 4504 584 4574 ἔφης,
640 4505 722 4556 ὅτι
777 4505 810 4574 ὴ
865 4503 1078 4566 σύνοδος
1103 4502 1455 4572 διαφέρεται
1504 4503 1617 4572 τῷ·

34 4595 298 4664 Νεστορίῳ
326 4594 468 4648 κατὰ
494 4595 553 4646 τὸ
587 4592 644 4648 ἓν
683 4595 990 4662 πρόσωπον,
1038 4591 1132 4646 καὶ
1183 4592 1251 4646 τὰ
1291 4592 1402 4656 δύο,
1442 4593 1578 4662 ὅπερ

36 4689 164 4738 ποιεῖ
197 4685 259 4737 τὸ
295 4685 393 4754 μὲν
428 4683 507 4749 ἓν,
537 4684 648 4738 τῶν
682 4683 896 4752 φύσεων
929 4683 1026 4753 τὴν
1057 4683 1270 4748 ἕνωσιν,
1304 4685 1370 4736 τὰ
1395 4683 1452 4736 δὲ
1483 4683 1579 4736 δύο

33 4777 115 4844 τὴν
145 4775 428 4845 διαίρεσιν·
462 4773 694 4844 φανερὸν
738 4774 819 4826 ὅτι
853 4774 992 4828 κατὰ
1019 4772 1078 4826 τὸ
1103 4773 1262 4844 ὀρθὸν
1307 4775 1406 4843 τῆς
1449 4773 1574 4826 Ἕκα

35 4866 248 4934 uincla;
289 4865 604 4935 διαφέρεται
635 4865 668 4935 ἡ
709 4864 925 4927 σύνοδος
957 4864 1036 4934 τῷ
1086 4865 1386 4935 Νεστορίῳ.
1422 4865 1484 4918 Ei
1518 4864 1575 4916 δὲ

30 4955 189 5018 τοῦτο,
244 4954 484 5026 δηλονότι
514 4954 634 5007 οὐδὲ
685 4958 980 5026 συμφωνεῖ.
1017 4954 1237 5017 ’Δδίκως
1279 4954 1386 5025 ἄρα
1426 4955 1575 5024 παρὰ

34 5045 112 5096 σού
144 5049 581 5113 συκοφαντεῖται.
619 5045 727 5098 Καὶ
760 5046 840 5099 ὅτι
875 5045 1028 5099 τοῦτο
1059 5046 1275 5116 ἀληθὲς,
1307 5045 1580 5115 κυρίλλου

31 5137 250 5190 ἄκουσον
271 5136 405 5206 πρὸς
441 5136 695 5204 Εὑλόγιον
722 5137 788 5188 δι’
817 5136 1104 5204 ἐπιστολῆς
1132 5130 1320 5199 αὑταῖς
1349 5135 1576 5200 λέξεσινο

42 5227 560 5302 Ἐπιλαμόἁνονταί
576 5244 734 5293 τινες
751 5227 858 5294 τῆς
868 5227 1175 5292 ἐκθέσεως,
1195 5225 1274 5294 ἢν
1286 5223 1572 5294 πέποίηνο

31 5333 110 5370 τοι
130 5321 178 5371 oi
221 5319 582 5372 Ἀνατολικοί
602 5335 615 5349 ο
653 5321 752 5372 καί
783 5334 964 5388 φασι·
1005 5317 1108 5372 Διὰ
1136 5318 1192 5370 τί
1217 5317 1325 5372 δύο
1356 5319 1570 5386 φύσεις

30 5409 416 5476 ὀνομαζόντων
458 5409 676 5473 αὐτῶν,
718 5410 1009 5479 ἠνέσχετο
1064 5409 1161 5462 καί
1190 5410 1494 5477 ’ἐπῄνεσεν
1540 5413 1572 5464 ὁ

29 5497 123 5563 τῆς
155 5499 638 5568 Ἀλεξανδρείας;
658 5503 721 5554 οι
746 5499 812 5552 δὲ
840 5503 909 5554 τὰ
933 5502 1254 5569 Νεστορίου
1277 5500 1568 5568 φρονοῦν-

30 5605 110 5654 τες
157 5591 411 5659 λέγουσι
455 5593 733 5646 κάκεῖνον
775 5592 929 5644 οὕτω
959 5591 1220 5660 φρονεῖν,
1269 5591 1566 5658 συναρπά·

30 5677 207 5754 τινας
235 5683 378 5751 τοὺς
408 5685 520 5740 οὐκ
551 5685 781 5749 εἰδότας
811 5684 876 5738 τὸ
900 5683 1153 5751 ἀκριϐές.
1189 5681 1310 5750 Χρὴ
1351 5678 1417 5732 δὲ
1447 5680 1569 5745 τοῖς

1607 4733 1652 4790 D

1690 3518 1942 3562 veralura
1972 3517 2054 3563 est
2080 3527 2092 3561 :
2123 3523 2297 3577 neque
2325 3508 2468 3563 enim
2505 3508 2620 3563 ﬁeri
2671 3517 2846 3578 potest
2914 3508 3049 3567 duas
3080 3517 3245 3563 natu-

1689 3614 1778 3653 ras
1810 3599 1864 3653 in
1897 3613 2004 3652 una
2031 3614 2265 3669 persona
2329 3608 2384 3653 et
2419 3615 2526 3654 una
2562 3601 2838 3670 bypostasi
2883 3600 3086 3666 dicere,
3139 3599 3246 3655 nisi

1685 3705 1763 3744 ea:
1819 3692 2116 3745 secundum
2159 3690 2488 3761 liypostasim
2531 3702 2585 3744 et
2617 3691 2907 3746 essentiam
2961 3691 3241 3745 un‘iantur.

1686 3782 1837 3848 Quod
1867 3781 1911 3836 si
1948 3782 1996 3834 id
2031 3783 2230 3836 nemini
2257 3781 2482 3835 dubium
2513 3789 2614 3841 est,
2643 3794 2709 3834 ex
2758 3791 2845 3834 tua
2897 3780 3067 3849 ipsius
3127 3794 3244 3834 ora-

1687 3875 1832 3928 tione
1854 3875 2278 3937 demonstratur,
2312 3886 2416 3925 non
2436 3879 2719 3940 separatas
2765 3880 2986 3924 naturas
3011 3879 3063 3923 et
3087 3879 3242 3925 actus

1686 3966 1739 4019 in
1763 3965 1980 4019 Christo
2005 3966 2184 4017 dicere
2205 3970 2446 4017 sanctam
2492 3971 2544 4014 et
2571 3959 2958 4014 meumeuicam
2990 3970 3238 4029 quartam

1684 4055 1972 4126 synodum,
2022 4052 2116 4106 sed
2165 4052 2345 4105 unitas
2373 4049 2669 4105 secundum
2732 4049 3084 4118 liypostasim;
3121 4049 3238 4103 Alia

1682 4145 1845 4200 etiam
1865 4144 2076 4197 ratione
2101 4142 2152 4195 id
2173 4143 2309 4196 idem
2338 4142 2618 4211 probatur.
2651 4139 2704 4193 Si
2732 4147 2950 4208 prepter
2976 4139 3232 4194 unionem

1683 4233 1880 4299 solam,
1901 4231 2020 4287 eam
2052 4233 2334 4297 duntaxat,
2366 4245 2487 4299 qua:
2547 4229 2846 4284 secundum
2897 4229 3230 4299 liypostasim

1681 4333 1783 4390 est,
1808 4333 1861 4378 et
1890 4339 1996 4378 non
2028 4335 2245 4393 propter
2278 4323 2412 4377 duas
2441 4330 2664 4377 naturas
2714 4319 2968 4376 Ecclesia:
3023 4321 3228 4375 alumni

1682 4431 1806 4472 eum
1842 4413 2090 4469 Nestorio
2119 4415 2466 4474 altercamur,
2519 4423 2578 4465 ut
2621 4419 2843 4466 sanctus
2881 4409 3113 4480 Cyrillus
3146 4424 3234 4464 re-

1682 4507 1806 4572 fert,
1841 4515 1897 4561 tu
1925 4521 2141 4575 quoque
2181 4507 2298 4574 ipse
2357 4503 2636 4557 aliirmasti
2691 4501 2957 4572 synodum
2992 4501 3059 4554 de
3107 4501 3232 4568 per-

1681 4611 1815 4652 sona
1850 4595 2004 4649 unica
2045 4605 2098 4649 et
2156 4595 2278 4647 bina
2333 4608 2455 4646 eum
2512 4592 2761 4646 Nestor-io
2819 4591 2964 4644 litem
3015 4589 3232 4652 habere,

1681 4702 1909 4758 quarum
1944 4700 2048 4740 una
2091 4686 2345 4738 unionem
2380 4695 2694 4737 naturarum
2749 4680 2927 4745 ellicit,
2959 4681 3067 4733 duo
3098 4679 3234 4733 divi-

1683 4782 1914 4843 sionem,
1941 4778 2115 4848 palam
2138 4785 2240 4850 est,
2275 4775 2572 4830 secundum
2603 4781 2799 4828 rectam
2828 4769 3084 4825 Ecclesia:
3110 4783 3238 4823 sen-

1682 4869 1903 4923 tentiam
1938 4867 2201 4937 synodum
2249 4863 2498 4924 Nestorio
2530 4859 2827 4925 adversari,
2859 4873 3034 4927 eoque
3089 4864 3238 4925 patet

1679 4958 2083 5014 evidentissimc
2112 4955 2352 5009 eamdem
2379 4967 2501 5008 cum
2537 4968 2602 5006 eo
2633 4966 2739 5006 non
2775 4948 3086 5005 convenire.
3126 4946 3229 4999 lm—

1680 5050 1877 5105 merito
1911 5050 2091 5116 itaque
2123 5048 2218 5100 abs
2254 5054 2304 5098 te
2333 5052 2386 5098 et
2440 5042 2777 5098 calumniose
2836 5037 3227 5109 proseinditur.

1678 5141 1792 5197 Hoc
1813 5155 1974 5209 porro
2005 5153 2187 5192 verum
2219 5150 2341 5189 esse
2393 5133 2519 5188 audi
2554 5149 2583 5186 a
2636 5131 2838 5202 Cyrillo
2884 5127 3106 5197 epistola
3161 5125 3231 5178 ad

1678 5231 1963 5300 Eulogium
2012 5231 2096 5282 his
2136 5229 2321 5285 iisdem
2379 5225 2557 5281 verbis
2587 5225 2888 5290 loquentem
2919 5238 2931 5272 :
2965 5219 3223 5270 Accusant
3337 5262 3340 5266 ί

1679 5320 1920 5376 nonnulli
1977 5320 2371 5386 expositionem,
2434 5334 2592 5385 quam
2628 5313 2923 5369 Orientales
2971 5310 3220 5374 fecerunt,

1678 5415 1954 5480 aluntque,
1981 5410 2151 5474 Quam
2177 5410 2238 5460 ob
2273 5423 2485 5460 causam
2523 5408 2657 5460 duas
2696 5415 2909 5457 naturas
2941 5398 3044 5450 illis
3076 5411 3220 5448 asse-

1679 5502 1910 5555 rentibus
1935 5500 2208 5558 sustinuit,
2259 5511 2626 5565 assensumque
2661 5493 2879 5563 prwbuit
2912 5484 3220 5540 Alexandri-
3325 5562 3333 5574 ι

1677 5593 1822 5647 nus?
1857 5592 1961 5655 Qui
2001 5605 2116 5642 vero
2153 5589 2456 5642 Nestorium
2479 5595 2785 5654 sequuntur,
2839 5578 3071 5636 tradunt.
3101 5589 3219 5625 ευηι

1675 5685 1767 5736 hoc
1802 5682 1932 5735 idem
1961 5691 2148 5744 tenere,
2179 5696 2286 5744 eos,
2316 5678 2402 5745 qui
2451 5693 2556 5731 rem
2583 5690 2773 5730 meram
2803 5685 2899 5723 non
2947 5671 3215 5726 noverunt,
