3934 6316
55 272 143 335 613

918 264 1345 326 REFUTATIO
1383 263 1761 322 EPISTULE
1806 262 2028 321 REGIS
2065 263 2450 324 ARMENL-E.

3162 264 3263 328 ιιι

54 387 122 436 ἐνὶ
150 380 328 447 Λόγῳ,
356 380 523 448 ἠγουν
567 378 623 429 ἒν
662 378 727 446 τῇ
768 378 866 446 μιᾷ
906 375 1196 427 ὑποστάσει
1231 374 1487 443 Χριστοῦ,
1516 375 1604 426 άλ-

1711 383 1799 424 aut
1828 374 2101 441 proprium
2141 374 2451 433 consilium.
2482 383 2570 425 aut
2602 372 2985 440 brncplacitum
3006 373 3262 430 fati-retur

52 477 109 525 λὰ
146 472 285 524 κατὰ
329 468 620 540 ἀναφορὰν
649 468 742 521 καὶ
789 466 1041 536 σχετικὴν
1071 467 1284 528 ἕνωσιν,
1314 466 1432 535 ἦτοι
1463 465 1605 517 κατὰ

54 566 279 631 ἀξίωμα,
312 562 344 631 ἢ
375 559 796 623 ταυτοσουλίαν,
853 559 887 626 ἢ
936 558 1185 611 εὐδοκίαν
1236 557 1421 623 ἔλεγεν
1466 553 1603 610 εἶναι

52 640 341 719 τοῦλόγου
386 652 522 721 πρὸς
553 638 653 720 τὴν
695 651 894 719 σάρκα,
927 650 1018 702 καὶ
1069 650 1172 702 ἀνὰ
1219 650 1383 719 μέρος
1432 647 1607 702 ταῦτα

56 744 209 797 ποιῶν
237 743 429 812 ἕτερον
479 738 614 794 εἶναι
660 742 752 794 τὸν
801 741 972 808 Λόγον
1010 740 1236 809 ἔφασκε,
1293 741 1383 794 καὶ
1422 740 1607 810 ἕτερον

56 835 132 885 τὸν
178 836 242 885 ὲκ
296 832 535 903 Μαρίας,
566 832 661 883 καὶ
691 830 1046 901 προσωπικὴν
1081 830 1271 882 ἕνωσιν
1307 829 1508 896 λέγων,
1544 829 1605 880 οὑ

56 930 106 978 τὸ
132 925 515 995 ταυτιζόμενον
561 927 628 993 τῇ
680 924 971 976 ὑποστάσει
1002 922 1309 991 πρόσωπον,
1340 923 1474 989 ὅπερ
1515 920 1609 973 ἐπὶ

57 1015 136 1070 τοῦ
167 1016 508 1070 καθέκαστον
540 1016 821 1085 ἁρμόττει,
853 1014 965 1067 ἀλλ’
995 1015 1195 1084 ἑτέρως
1245 1014 1386 1066 κατὰ
1425 1012 1487 1064 τὸ
1531 1013 1610 1064 0i-

60 1113 184 1163 κεῑον
214 1108 467 1177 βούλημα
511 1104 761 1170 ιδόξαζεν
828 1100 961 1175 (οἷον
1014 1104 1091 1168 ὡς
1138 1106 1267 1159 ὅταν
1295 1122 1379 1167 τις
1423 1106 1487 1157 τὸ
1514 1104 1607 1157 τοῦ

58 1201 225 1267 ἑτέρου
290 1197 655 1266 ὑποδυόμενος
730 1198 1062 1267 πρόσωπον,
1112 1197 1225 1250 ἀντ’
1264 1197 1428 1250 αὑτοῦ
1481 1200 1608 1259 τοὺς

58 1292 180 1357 ὑπὲρ
207 1287 372 1341 αὑτοῦ
398 1290 621 1356 ποιῆται
650 1288 862 1355 λόγους,
892 1288 958 1358 ην
984 1288 1047 1341 οὑ
1078 1288 1157 1340 δεῖ
1184 1288 1388 1358 κυρίως
1416 1287 1608 1342 ἕνωσιν

59 1382 313 1449 ἡγεῖσθαι,
362 1380 500 1434 ἀλλά
540 1380 795 1449 σχετικὴν
834 1379 1027 1432 ἕνωσιν
1073 1378 1135 1431 τὸ
1184 1379 1324 1433 ὅλον.
1370 1380 1608 1433 Καλοῦσι

58 1474 151 1540 γάρ
199 1489 347 1535 τινες
393 1472 663 1541 πρόσωπα
708 1473 807 1539 τήν
858 1486 1020 1523 τινων
1074 1470 1257 1539 σχέσιν
1291 1468 1426 1538 πρὸς
1452 1469 1611 1540 ἀλλη-

59 1563 184 1624 λους.
222 1563 339 1617 οὑκ
382 1564 570 1631 ἀγνοεῖ
598 1562 659 1614 δὲ
700 1563 734 1632 η
777 1560 1035 1630 συνήθεια
1075 1559 1270 1613 τούτου
1303 1558 1399 1611 τοῦ
1442 1564 1607 1629 προσ-

58 1655 191 1705 ώπου
233 1654 295 1705 τὸ
330 1652 752 1723 σημαινόμενον.
792 1652 1037 1720 Λέγομεν
1061 1650 1170 1720 γὰρ
1216 1649 1307 1702 τὸν
1350 1649 1611 1719 ἄρχοντα,-

1710 478 1829 517 esse
1862 463 2111 518 Verbi‘ad
2146 479 2387 527 carnem,
2420 473 2471 517 et
2493 479 2584 517 eas
2611 468 2942 534 postmo:lum
2972 471 3260 523 secundum

1709 565 1889 623 partes
1949 555 2193 610 divitlens
2216 593 2233 617 ,
2288 556 2430 609 aliud
2473 571 2591 609 esse
2615 555 2844 611 Verbum
2879 559 3183 625 allirmaret,
3209 570 3263 613 et

1711 647 1879 710 aliud,
1924 648 2069 717 quod
2124 663 2189 701 ex
2248 646 2413 700 Maria
2450 658 2600 703 ortus
2644 663 2773 704 suos
2827 662 3161 719 agnosceret,
3208 664 3263 706 ct

1713 740 2053 808 personalcm
2115 740 2375 793 unionem
2427 739 2722 793 dt-cantans
2798 755 2904 796 non
2952 757 3262 813 personam,

1712 844 1832 898 qua:
1874 845 1982 883 una
2037 844 2159 883 cum
2192 830 2472 899 hypostasi
2506 837 2611 892 est,
2645 841 2695 883 et
2716 830 2942 900 singulis
2991 834 3263 895 convenit,

1713 920 1807 974 sed
1864 919 1973 973 alio
2024 920 2205 981 modo,
2235 929 2292 972 ut
2343 920 2417 971 illi
2451 919 2751 983 videbatur,
2787 922 3072 991 conlingat.
3104 920 3264 976 Verbi

1713 1013 1907 1081 gratia,
1942 1012 2107 1065 veluti
2132 1028 2254 1065 cum
2290 1013 2413 1081 quis
2439 1012 2664 1065 alterius
2688 1027 2972 1080 personam
3011 1014 3261 1078 inducns,

1714 1102 1833 1157 loco
1881 1103 2022 1157 illius
2067 1112 2118 1155 et
2179 1118 2276 1173 pro
2333 1103 2521 1156 eodem
2577 1118 2883 1157 sermonem
2929 1104 3107 1168 habet,
3145 1120 3263 1172 qua:

1713 1195 1930 1264 proprie
1954 1195 2080 1249 unio
2108 1195 2348 1249 vocanda
2375 1210 2483 1249 non
2503 1204 2607 1259 est,
2634 1196 2727 1249 sed
2765 1211 2914 1250 mera
2969 1197 3264 1266 respectiva

1714 1286 1876 1350 unio;
1907 1285 2179 1354 appellant
2207 1286 2351 1338 enim
2390 1284 2633 1339 nonnulli
2657 1300 2917 1355 personas
2958 1286 3263 1357 aliquorum

1714 1378 1853 1431 inter
1898 1394 1957 1432 se
2016 1389 2316 1447 respectum
2364 1394 2458 1432 seu
2504 1379 2839 1444 relationem,
2878 1393 2976 1433 nec
3009 1394 3138 1435 usus
3197 1378 3265 1432 ab

1714 1468 1875 1537 hujus
1896 1482 2143 1537 personae
2158 1470 2463 1538 signiﬁcatu
2500 1470 2792 1524 abhorret:
2827 1468 3060 1525 dicimus
3110 1484 3262 1523 nam-

1713 1573 1817 1627 que
1845 1558 2140 1627 principem
2166 1559 2307 1627 regis
2336 1560 2606 1613 sustinere
2637 1572 2925 1626 personam
2962 1574 2976 1612 :
3007 1572 3133 1612 eutn
3180 1558 3263 1611 in-

1714 1665 1877 1719 quam
1907 1650 2007 1702 hac
2033 1650 2241 1703 ratione
2287 1648 2566 1703 Nestorius
2601 1648 2935 1717 pcrsonalem
2989 1648 3263 1719 proﬁtere-

61 1744 138 1795 τοῦ
167 1742 435 1813 βασιλέως
492 1742 710 1812 ἐπέχειν
753 1742 815 1795 τὸ
868 1742 1179 1811 πρόσωπον,
1214 1741 1356 1794 κατὰ
1385 1740 1542 1793 τοῦτο
1579 1742 1607 1791 ὁ

1709 1748 1797 1793 tur
1850 1741 2127 1804 unionem,
2178 1750 2464 1809 propterea
2515 1739 2636 1808 jure
2666 1740 2860 1793 merito
2921 1739 3263 1794 anathemate

60 1834 335 1904 Νεστόριος
364 1834 465 1904 τὴν
490 1834 845 1903 προσωπικὴν
875 1832 1203 1901 ἐπρέσϐευεν
1239 1830 1477 1900 ἒνωσιν)·
1515 1831 1604 1884 διά

60 1941 129 1975 τοι
167 1922 325 1976 τοῦτο
357 1922 580 1986 δικαίως
603 1921 695 1992 .τῷ
740 1923 1045 1991 άναθέματι
1109 1920 1603 1991 καθυποόέδληται.

69 2014 120 2067 Ὀ
155 2015 208 2067 δὲ
240 2015 308 2085 δὴ
335 2013 521 2077 πάπας
560 2013 733 2076 Λέων,
773 2012 959 2083 ἐπειδὴ
992 2013 1081 2066 τὸν
1116 2012 1277 2066 αὑτὸν
1326 2012 1423 2067 ῑνα
1471 2013 1606 2081 Χρι-

62 2105 169 2157 στὸν
200 2105 291 2157 καὶ
320 2104 526 2174 Κύριον
564 2104 657 2156 καὶ
705 2102 838 2157 Θεὸν
876 2104 1032 2171 ἡμῶν
1065 2104 1123 2157 έν
1170 2103 1270 2173 μιᾷ
1312 2102 1605 2156 ὑποστάσει

60 2196 173 2248 δντα
206 2194 496 2267 ὡμολόγει,
544 2195 635 2248 τὸν
681 2196 776 2248 καὶ
818 2193 950 2247 Θεὸν
991 2194 1113 2246 δντα
1158 2194 1252 2246 καὶ
1302 2193 1604 2263 ἄνθρωπον,

61 2286 177 2337 Θεὸν
212 2286 308 2357 μὲν
330 2284 407 2350 ὡς
436 2284 727 2349 συναϊδιον,
772 2284 868 2335 καὶ
896 2282 1139 2352 άχρόνως
1167 2283 1230 2334 ἐκ
1265 2281 1360 2334 τοῦ
1398 2282 1607 2352 Harpe;

64 2377 267 2442 φυέντα,
291 2376 385 2430 καὶ
413 2374 697 2444 ὀμοούσιον
724 2374 800 2444 τῷ
830 2392 891 2427 τε
926 2373 1046 2445 Θεῷ
1073 2375 1167 2426 καὶ
1194 2373 1390 2443 Πατρὶ,
1418 2372 1637 2442 καὶτῷ-

66 2464 326 2533 Πειεύματι
375 2465 451 2533 τῷ
480 2466 642 2535 ἁγίῳ,
689 2465 778 2517 ἐπ’
830 2465 1075 2534 ἐσχάτων
1117 2465 1174 2518 δὲ
1224 2464 1329 2517 τῶν
1384 2464 1606 2535 ἡμερῶν

64 2556 139 2607 διὰ
174 2557 269 2627 τὴν
316 2558 589 2628 ἡμετέραν
637 2558 917 2627 σωτηρίαν
957 2556 1137 2625 σάρκα
1176 2556 1459 2624 γεγονότα,
1488 2557 1607 2627 ἦτοι

66 2646 564 2717 ὲνανθρωπήσαντα,
615 2647 709 2701 καὶ
779 2647 1109 2715 γεννηθέντα
1164 2647 1228 2698 ὲκ
1295 2645 1608 2716 Πνεὺματος

67 2738 204 2801 ἁγίου
246 2738 342 2789 καὶ
372 2736 592 2808 Μαρίας
623 2737 718 2805 τῆς
749 2735 1045 2805 Παρθένου,
1080 2733 1260 2798 καθὼς
1301 2736 1334 2802 ὴ
1364 2734 1608 2802 θεολόγος

68 2828 263 2891 γλῶττα
305 2830 578 2896 έκφωνεϊ,
622 2828 717 2879 καὶ
758 2826 827 2879 τὰ
876 2826 1038 2879 λοιπά
1092 2827 1261 2893 Λόγια
1309 2828 1605 2898 μαρτυρεῖ,

72 2919 155 2967 καὶ
203 2917 259 2969 αί
305 2916 415 2969 τῶν
460 2917 772 2970 ἀποστόλων
810 2915 985 2984 φωναὶ
1030 2914 1383 2983 ὑφηγοῦνται,
1426 2921 1520 2969 καὶ
1551 2917 1609 2968 αί

68 3006 161 3056 τῶν
188 3006 456 3075 θεοσόςνων
488 3006 743 3078 Πατέρων
796 3006 1129 3058 διδασκαλίαι
1184 3008 1472 3075 τρανοῠσιο
1505 3024 1606 3076 φας

69 3096 226 3165 νερὸν,
259 3098 341 3149 ὅτι
381 3099 409 3149 6
447 3098 632 3159 πάπας
670 3098 820 3151 Λέων
850 3097 987 3168 μετὰ
1013 3100 1111 3169 τῆς
1147 3094 1409 3167 ἀληθείας
1438 3099 1601 3169 ἕστη-

69 3204 140 3249 κε,
169 3187 260 3241 καὶ
290 3188 349 3241 οὑ
384 3192 664 3259 συμφωνεῖ
689 3189 767 3257 τῷ
800 3189 1101 3260 Νεστορίῳ.
1130 3190 1241 3242 Καὶ
1274 3190 1436 3243 πάλιν
1465 3190 1603 3259 γρά-

68 3294 145 3342 est
188 3279 496 3348 Νεστόριος,
548 3281 629 3332 ὅτι
669 3280 814 3349 Οὐχί
852 3282 887 3334 ὁ
935 3282 1125 3349 Λόγος
1168 3280 1274 3335 τοῦ
1326 3282 1473 3334 Θεοῦ
1504 3280 1603 3333 διὰ

70 3368 262 3434 χειρῶν
307 3369 526 3438 Ἰωσὴφ
546 3369 702 3438 ῥάκη
723 3369 994 3437 ἐνεδύθη,
1024 3371 1183 3423 ἀλλὰ
1208 3370 1274 3423 τὸ
1303 3370 1474 3439 σῶμα
1489 3372 1601 3425 τοῦ

71 3460 290 3525 Κυρίου.
338 3459 543 3529 Γράφει
576 3460 749 3525 Λέων,
794 3461 877 3523 ὅτι
917 3461 978 3512 τὸ
1012 3461 1110 3530 μὲν
1142 3461 1351 3530 ἔλαμπε
1377 3462 1463 3515 διὰ
1490 3464 1600 3515 τῶν

71 3551 312 3618 σημείων,
348 3553 407 3604 τὸ
450 3551 509 3603 δὲ
556 3553 829 3606 ὑπέπιπτε
877 3555 989 3615 τοῖς
1037 3553 1371 3623 παθήμασιν.
1414 3555 1601 3624 Ἐναρ-

66 3640 286 3706 γέστατα
312 3640 402 3695 διὰ
440 3643 598 3712 τῆσδε
638 3642 738 3712 τῆς
802 3634 1049 3713 χρήσεως
1086 3645 1113 3695 6
1166 3640 1263 3713 μὲν
1309 3644 1600 3713 Νεστόριος

68 3730 208 3781 ἄλλον
236 3734 380 3784 ποιεῖ
401 3732 490 3785 τὸν
526 3733 658 3785 Θεὸν
688 3733 878 3800 Λόγον,
910 3733 1001 3803 καὶ
1032 3733 1188 3787 ἄλλον
1229 3733 1320 3786 τὸν
1370 3736 1433 3786 ἐκ
1480 3734 1599 3787 Μα-

67 3819 196 3885 921;,
243 3814 292 3886 ᾧ
325 3821 421 3873 καὶ
458 3821 637 3881 ίδικῶς
681 3822 968 3891 πρόσωπον
1001 3822 1127 3875 ἴδιον
1164 3822 1457 3892 ὁμολογῶν,
1498 3824 1599 3893 Ἰη-

68 3910 181 3960 σοῦν
206 3910 406 3965 ὶκάλει.
447 3911 592 3963 Ἔδει
620 3912 726 3982 γὰρ
749 3911 932 3979 αὑτὸν,
959 3913 1112 3982 είπερ
1141 3912 1449 3982 δρθοτόμως
1478 3913 1594 3964 ἐλε-

67 4015 171 4065 γεν,
201 4001 371 4066 οὕτως
398 4003 588 4056 εἰπεῖν’
616 4003 751 4073 Οὐχὶ
777 4005 806 4056 6
843 4003 1012 4071 Λόγος
1040 4003 1132 4056 τοῦ
1158 4003 1313 4065 Θεοῦ,
1341 4004 1475 4055 καθὸ
1502 4004 1599 4056 A6-

67 4104 169 4153 τος,
193 4089 570 4161 άκατάληπτος
609 4096 703 4146 καὶ
748 4092 1153 4162 ἀπερίγραπτος
1198 4095 1289 4146 καὶ
1333 4094 1596 4157 συναῖδιος

66 4177 135 4248 τῷ
161 4170 332 4249 Harp!
371 4178 468 4243 ὣν,
497 4180 638 4250 ῥάκη
703 4182 925 4252 ένεδύθη
976 4183 1080 4235 ὑπὸ
1109 4182 1307 4253 χειρῶν
1376 4184 1592 4253 Ἰωσὴφ,

66 4266 225 4341 ἀλλ’ἢ
254 4267 392 4324 καθὸ
418 4269 508 4324 διὰ
543 4274 641 4339 τὴν
682 4271 955 4343 ἡμετέραν
1002 4272 1277 4343 σωτηρίαν
1312 4272 1595 4342 ἄνθρωπος

1630 3066 1677 3124 C

1706 1832 1847 1886 ictus
1880 1819 1981 1887 est.
2009 1838 2074 1885 At
2099 1834 2207 1887 Leo
2238 1834 2474 1901 pontifex
2506 1834 2756 1888 eumdem
2786 1849 2953 1887 unum
2978 1833 3253 1888 Christum

1703 1930 1756 1975 et
1785 1920 2094 1987 Dominum,
2150 1933 2204 1976 et
2235 1923 2400 1976 Deum
2457 1932 2700 1977 nostrum
2754 1924 2806 1977 in
2853 1939 2958 1979 una
2989 1925 3260 1996 hypostasi

1702 2028 1823 2069 esse
1860 2012 2154 2078 aﬂirmans,
2212 2013 2380 2069 Deum
2430 2015 2593 2069 simul
2647 2022 2702 2070 et
2752 2016 3051 2079 hominem,
3090 2016 3257 2072 Deum

1705 2110 2030 2157 comternum
2064 2102 2232 2169 Patri,
2283 2114 2337 2159 et
2369 2104 2574 2173 absque
2631 2115 2872 2174 tempore
2917 2120 2947 2159 a
2976 2104 3131 2160 Patre
3166 2123 3259 2177 ge-

1708 2195 1902 2259 nitum,
1926 2202 1981 2251 et
2041 2196 2286 2265 ejusdem
2319 2210 2443 2251 eum
2486 2195 2599 2251 Deo
2650 2205 2705 2250 et
2750 2197 2931 2261 Patre,
2965 2207 3019 2253 et
3052 2196 3259 2269 Spiritu

1708 2294 1895 2339 sancto
1960 2285 2245 2351 assentiar;
2296 2285 2760 2356 postremis‘vero
2817 2288 3010 2344 diebus
3041 2297 3261 2359 proptrr

1708 2386 1954 2432 nostram
2000 2377 2229 2431 salutem
2270 2392 2490 2431 carnem
2536 2377 2761 2442 factum,
2807 2380 2921 2432 sive
2961 2379 3256 2444 hominem,

1706 2474 2027 2535 prognatum
2060 2480 2125 2519 ex
2180 2464 2386 2534 Spiritu
2450 2475 2655 2529 sancto,
2686 2478 2741 2521 et
2802 2466 2967 2520 Maria
3017 2465 3253 2537 Virgine,

1708 2556 2163 2627 quemadmodum
2197 2555 2375 2608 divina
2432 2564 2672 2610 tractans
2705 2556 2884 2625 lingua
2908 2558 3175 2621 enuntiat,
3204 2568 3257 2612 et

1709 2645 1912 2714 reliqua
1935 2645 2148 2714 eloquia
2182 2654 2470 2710 testantur,
2500 2655 2554 2698 et
2581 2659 2738 2700 roces
2768 2648 3136 2716 apostolorum
3160 2648 3259 2701 do-

1709 2748 1851 2801 cent,
1883 2746 1937 2790 et
1960 2737 2143 2790 divina
2165 2736 2429 2804 sapientia
2476 2736 2823 2803 prmditorum
2851 2736 3071 2790 Patrum
3122 2737 3239 2791 doc-

1712 2829 1849 2880 trina
1886 2838 2299 2891 commonstrat,
2328 2826 2706 2881 mauisl'estum
2741 2838 2823 2881 est
2864 2826 3097 2881 Leonem
3119 2844 3255 2896 pou—

1712 2919 1911 2981 titicem
1936 2933 1966 2972 a
1994 2929 2221 2972 veritate
2249 2928 2413 2980 stare,
2438 2928 2491 2973 et
2549 2935 2672 2972 rum
2694 2918 2941 2974 Nestorio
2982 2934 3089 2973 non
3127 2935 3259 2973 con-

1711 3010 1959 3063 cordare.
2018 3009 2257 3061 Rursum
2289 3010 2479 3063 scribit
2525 3008 2852 3064 Nestmius:
2891 3008 3113 3063 Verbum
3158 3009 3253 3063 Dei

1705 3115 1794 3167 per
1811 3114 1993 3150 manus
2013 3097 2224 3167 Iosephi
2237 3100 2423 3167 parmis
2446 3102 2693 3153 amictum
2716 3117 2816 3154 non
2835 3111 2929 3166 est,
2953 3102 3040 3155 sed
3065 3118 3251 3170 corpus

1710 3189 1942 3253 Domini,
2001 3188 2110 3241 Leo
2167 3201 2371 3253 autem,
2430 3190 2534 3244 hoc
2592 3193 2807 3260 quidem
2856 3193 3252 3262 resplenduisse

1704 3280 1996 3343 miraculis,
2028 3279 2156 3332 illud
2184 3294 2310 3333 vero
2334 3280 2675 3349 passionibus
2701 3283 2995 3336 obnoxium
3053 3284 3246 3338 fuisse.

1700 3370 2047 3436 Apertissime
2076 3386 2171 3438 per
2209 3371 2319 3423 hree
2358 3371 2518 3425 verba
2564 3370 2843 3427 Nestorius
2871 3373 3033 3428 alium
3081 3372 3249 3427 Deum

1706 3460 1935 3512 Verbum
1984 3460 2282 3525 constituit,
2336 3470 2390 3515 et
2414 3462 2578 3514 alium
2607 3476 2672 3517 ex
2704 3462 2869 3516 Maria
2895 3473 3241 3533 prognatum,

1700 3550 1787 3602 cui
1819 3558 1866 3601 et
1910 3550 2256 3619 singulariter
2298 3553 2566 3622 propriam
2602 3568 2882 3622 personam
2910 3556 3247 3612 constituens

1697 3638 1877 3697 Jcsum
1900 3642 2275 3709 nuncupabat:
2304 3632 2700 3708 debebatenim,
2719 3646 2764 3699 si
2791 3644 2914 3715 quid
2941 3645 3029 3699 ille
3045 3655 3247 3700 rectum

1698 3730 1997 3797 exprimere
2011 3730 2238 3797 volebat,
2256 3734 2353 3785 hac
2367 3733 2570 3787 ratione
2581 3735 2884 3790 enuntiare:
2906 3734 3135 3789 Verbum
3156 3734 3248 3791 Dei

1697 3835 1803 3886 qua
1834 3818 2063 3873 Verbum
2087 3831 2167 3874 est
2185 3822 2723 3890 incomprehensibile
2748 3832 2801 3878 et
2840 3826 3245 3882 incirCumscri-

1700 3916 1847 3977 ptum
1872 3916 1923 3961 et
1970 3909 2111 3962 Patri
2157 3921 2477 3963 coetui-num
2506 3951 2520 3975 ,
2552 3914 2742 3980 pannis
2776 3928 2882 3969 non
2908 3925 2989 3970 est
3013 3916 3246 3971 circum-

1703 3998 1976 4062 vestitum,
1996 4013 2087 4062 per
2107 4014 2299 4054 manus
2317 3996 2559 4071 Josephi,
2587 4018 2691 4071 qua
2735 4019 2859 4059 vero
2888 4017 3102 4075 prepter
3147 4022 3244 4060 no-

1697 4097 1861 4140 stram
1884 4087 2109 4141 salutem
2125 4088 2283 4144 homo
2299 4088 2471 4147 factus
2486 4102 2569 4147 est
2588 4108 2678 4162 per
2694 4094 2873 4155 omnia
2890 4094 3040 4149 nobis
3053 4096 3244 4151 similis

1697 4178 1901 4247 absque
1960 4187 2197 4247 peccato,
2243 4191 2297 4233 et
2325 4180 2520 4246 infans,
2565 4184 2760 4251 pannis
2806 4199 3113 4254 permanus
3148 4184 3243 4240 Jo-

1696 4269 1847 4337 sephi
1866 4270 2149 4323 obvolutus
2163 4280 2262 4323 est.
2294 4270 2444 4338 Quod
2468 4286 2589 4326 cum
2617 4289 2725 4327 non
2747 4274 2911 4340 dicat,
2957 4277 3239 4331 manifesto

63 4358 265 4427 γέγονε,
292 4360 439 4433 κατά
480 4361 661 4416 πάντα
688 4364 872 4433 ὅμοιος
914 4364 1046 4434 ἡμῖν
1089 4363 1257 4433 χωρὶς
1300 4364 1592 4434 ἁμαρτίας,

1703 4361 1963 4415 evincitur
2005 4360 2325 4415 divisionem
2383 4364 2543 4417 unius
2571 4363 2768 4418 Christi
2801 4365 3103 4435 lrypOstasis
3161 4367 3243 4419 in-

65 4450 148 4502 και
178 4449 482 4523 νηπιάας,
536 4451 753 4522 ινεδὺθη
799 4453 939 4522 ῥάκη
988 4452 1091 4505 ὑπὸ
1139 4451 1333 4522 χειρῶν
1374 4452 1591 4524 Ἰωσήφ.

470 4540 659 4623 εἰπὼν,
698 4542 928 4623 φανερὸν
977 4542 1057 4595 ὅτι
1100 4541 1362 4611 διαίρεσιν
1400 4542 1496 4611 τὴν
1532 4543 1593 4595 οὐ

414 4620 709 4707 manu
759 4622 876 4703 τῆς
934 4635 1061 4701 μιᾶς
1111 4633 1453 4694 ὑποστάσεως
1500 4632 1592 4685 τοῦ

579 4720 1086 4796 πρόσωπαταὺτην
1125 4723 1305 4792 τεμών
1330 4740 1343 4753 ·
1377 4725 1463 4776 διά
1506 4743 1589 4777 τοι

64 4798 798 4889 mihicum-nuto;
823 4814 1315 4883 καθυποσέσληται.
1355 4816 1413 4866 Ὀ
1440 4814 1498 4865 δὲ
1528 4814 1592 4883 δὴ

64 4890 341 4975 Λέωνὲίξρια
597 4907 809 4978 ἔλαμπε
850 4908 936 4962 διὰ
972 4907 1078 4961 τῶν
1130 4906 1405 4975 σημείων,
1439 4907 1499 4958 τὸ
1534 4906 1591 4957 δὲ

65 4984 865 5071 ᾖΐςςοςζιθήμασιν,
901 4998 963 5050 οὑ
992 4996 1086 5067 δύο
1139 4997 1303 5066 φησὶν
1349 4997 1463 5058 ὅλα,
1503 4995 1591 5047 ἵνα

62 5088 147 5140 καὶ
842 5088 1032 5160 ιίσάξῃ
1057 5088 1436 5148 ίδιοσυστάτως
1461 5087 1591 5138 θεω-

766 5174 866 5231 δύο
898 5178 1157 5247 πρόσωπα
1188 5177 1282 5230 καὶ
1334 5174 1426 5227 δύο
1462 5174 1591 5225 ὑπο·

500 5256 549 5283 θ’
802 5268 919 5319 “ru
959 5268 1403 5341 συμπληρωτικά.
1455 5264 1588 5317 Οὐδὲ

950 5358 1000 5412 δὲ
1034 5360 1147 5430 (καὶ
1169 5362 1255 5415 ἵνα
1290 5376 1342 5411 τι
1374 5372 1586 5424 συγχω-

942 5467 1017 5503 νευ
1044 5453 1378 5527 προσθήκης,
1407 5446 1501 5499 καὶ
1528 5446 1587 5496 τὸ

934 5544 1031 5611 .·οῦ,
1064 5553 1154 5607 καὶ
1180 5549 1242 5603 τὸ
1274 5544 1355 5604 δὲ,
1402 5538 1587 5608 δηλον-

910 5658 912 5673 '
946 5645 1087 5714 φησὶ,
1117 5648 1176 5705 τὸ
1214 5640 1321 5716 μὲν
1349 5632 1410 5685 τὸ
1449 5646 1583 5698 συμ-

64 5250 471 5347 πιιεηξῖψῖι
500 5256 537 5283 ε

65 5340 237 5430 τάρέ

70 5448 217 5513 εἶπας

138 5542 221 5955 ί

1702 4450 1907 4514 tulisse,
1950 4466 2067 4503 eam
2111 4450 2163 4503 in
2220 4450 2354 4506 duas
2400 4466 2663 4521 personas
2708 4453 3078 4517 subdivide's,
3112 4468 3239 4522 pro-

1698 4551 1987 4610 ptereaque
2004 4542 2122 4611 jure
2146 4543 2335 4595 merito
2362 4543 2701 4597 anathemate
2727 4543 2982 4597 subactus
3002 4555 3104 4597 est.
3130 4542 3239 4598 Leo

1697 4643 1878 4685 autem
1938 4634 2040 4687 hoc
2075 4632 2349 4687 miraculis
2379 4632 2794 4701 resplenduisse,
2829 4632 2971 4686 aliud
3000 4633 3242 4702 discipli-

1697 4726 1780 4778 nis
1807 4724 2077 4779 addictum
2108 4722 2297 4787 fuisse,
2322 4723 2527 4787 dicens,
2584 4738 2691 4776 non
2731 4724 2839 4777 duo
2881 4722 3056 4791 inquit
3100 4723 3235 4777 inte—

1696 4832 1787 4884 ενα
1822 4831 1913 4884 per
1942 4830 2001 4869 se
2038 4815 2405 4879 subsistentia,
2440 4823 2497 4867 ut
2527 4823 2575 4868 et
2633 4814 2958 4869 divisionem
3020 4825 3236 4868 natura-

1693 4920 1812 4958 rum
1844 4903 2032 4957 atl‘erat
2055 4943 2068 4968 ,
2101 4912 2486 4973 proptereaque
2518 4903 2653 4957 duas
2674 4918 2971 4972 personas;
3003 4914 3056 4957 et
3102 4908 3237 4957 duas

1695 4996 2010 5065 hyposlases
2035 5013 2048 5049 :
2086 4995 2177 5049 sed
2205 4995 2312 5047 duo
2339 4994 2497 5048 unius
2522 4994 2714 5062 integri
2745 4995 3063 5064 completiva
3090 5012 3104 5060 ;
3141 5010 3232 5047 nc-

1692 5102 1797 5155 que
1841 5087 1982 5140 enim
2011 5086 2166 5149 dixit,
2194 5085 2279 5139 hic
2309 5094 2360 5139 et
2381 5083 2491 5148 ille,
2522 5100 2695 5153 neque
2718 5094 2774 5137 ut
2822 5085 3024 5153 aliquid
3069 5085 3229 5136 etiarn

1690 5178 2005 5231 concederet
2057 5177 2158 5231 hoc
2188 5175 2500 5244 simpliciter
2529 5175 2735 5244 absque
2770 5175 2969 5239 addito,
3003 5184 3054 5226 ct
3106 5176 3226 5226 hoc.

1692 5265 1885 5320 Verum
1917 5266 2017 5329 sic,
2042 5267 2140 5321 hoc
2173 5266 2388 5335 quidem
2418 5266 2583 5329 illius,
2618 5276 2671 5320 et
2699 5266 2801 5320 hoc
2828 5281 2973 5330 vero,
3002 5265 3100 5316 hoc
3146 5275 3231 5315 est

1689 5357 1832 5412 illius
1850 5358 1912 5409 de
1944 5357 2131 5424 aliquo
2160 5358 2363 5426 integro
2401 5371 2703 5411 sermonem
2738 5357 2958 5418 habens,
2992 5355 3090 5405 hoc
3112 5357 3235 5421 qn'-

1690 5450 1809 5503 dem
1851 5450 1924 5502 ait
1978 5450 2386 5519 completivum,
2437 5450 2564 5504 etin
2597 5449 3029 5517 compositionem
3058 5444 3229 5512 ipsius

1689 5547 2021 5608 assumptum
2055 5540 2361 5610 resplendet
2385 5539 2681 5602 miraculis,
2714 5540 2815 5593 hoc
2874 5548 3020 5594 vero,
3073 5533 3228 5585 sitni-

1689 5632 1807 5684 liter
1848 5639 1895 5684 et
1928 5629 2110 5696 ipsum
2148 5630 2312 5687 totius
2367 5628 2764 5697 complctivum,
2797 5628 2843 5677 in
2883 5620 3238 5691 compositiou
