3934 6316
480 293 590 360 815
1748 296 2040 359 ΝΙΕΕΤΕ
2077 289 2480 358 ΒΥΖΛΝΤΙΝΙ
3612 300 3744 363 616

479 421 602 460 nem
663 404 807 460 illius
852 412 1134 474 acceptum
1193 406 1542 476 passionibus
1592 407 1889 484 obnoxium
1948 416 2050 462 est.

2157 406 2524 477 πληρωτικὸν,
2575 406 2665 459 καὶ
2714 408 2791 469 εἰς
2829 405 2923 476 τὴν
2965 407 3211 462 σᾶνθεσιν
3260 411 3422 463 αὑτοῦ
3466 411 3742 480 παραλη-

481 497 555 549 Ea
615 499 926 567 quicunque
989 498 1068 552 sic
1128 498 1402 568 intelligit,
1445 498 1899 568 quemadmodum
1934 507 2048 553 eta

2159 499 2290 568 φὲἐν
2318 499 2610 566 διαλάμπει
2637 501 2745 560 τοῖς
2770 498 3028 567 θαύμασι,
3059 501 3118 553 τὸ
3153 501 3207 554 δέ
3235 503 3431 571 ὁμοίως
3463 504 3558 554 καὶ
3591 502 3747 554 αὑτό

476 596 668 654 sancto
689 589 937 657 pontiﬁce
955 588 1130 642 Leone
1148 600 1503 658 exponuntur,
1533 589 1577 643 is
1596 590 1726 642 nihil
1746 605 1920 658 neque
1939 589 2053 643 ine-

2162 589 2613 659 συμπληρωτικὸν
2644 589 2703 641 ὃν
2736 590 2826 641 τοῦ
2853 590 2973 642 ειλου
3021 593 3077 644 ἐν
3107 595 3171 666 τῇ
3221 593 3466 645 συνθέσει
3503 594 3740 646 ἐκείνου

482 685 629 742 ptum
661 691 838 746 neque
856 677 1226 745 blasphemum
1255 678 1641 746 pronuntiabit.
1661 678 1897 732 Rursum
1920 676 2053 732 scri-

2160 680 2750 750 παραλαμὸανόμενον,
2813 681 3108 734 ὑποπίπτει
3159 685 3266 744 τοῖς
3325 682 3545 736 πάθεσι.
3605 684 3736 736 Καὶ

478 765 557 818 bit
577 763 884 821 Nestorius:
913 767 976 819 Et
1010 766 1226 821 Verbum
1252 786 1370 820 caro
1390 769 1698 837 factumest,
1736 781 1780 822 et
1808 768 2053 822 habitavit

2157 770 2327 833 οὑτως
2367 769 2592 835 νοοῦντι,
2623 769 2808 840 ὥσπερ
2832 771 2922 823 οὖν
2953 773 3045 824 καὶ
3081 772 3316 841 εἴρηται,
3349 775 3497 842 παρὰ
3525 773 3630 826 τοῦ
3672 775 3740 825 ἐν

481 846 536 911 ίη
566 858 734 911 nobis.
759 859 862 912 Leo
896 865 1056 913 vero:
1095 859 1368 927 Sapientia
1394 861 1672 929 wdiﬁcavit
1703 862 1803 915 sibi
1824 865 2052 924 domum,

484 966 605 1001 nam
648 948 866 1003 Verbum
913 968 1037 1005 caro
1067 956 1265 1019 [artum
1324 965 1422 1017 est,
1449 965 1496 1006 et
1523 953 1774 1007 habitavit
1803 953 1855 1005 in
1887 951 2052 1004 nobis.

485 1039 592 1093 llas
617 1054 777 1094 voces
808 1055 983 1110 neque
1008 1042 1211 1111 impius
1241 1043 1525 1097 Nestorius
1555 1059 1616 1097 ex
1643 1044 1875 1112 propriis
1907 1053 2053 1096 attuo

483 1132 561 1194 lit,
591 1147 764 1200 neque
793 1133 904 1202 ipse
925 1132 1034 1186 Leo
1086 1135 1332 1188 ειοοιιιιιε
1363 1144 1464 1198 est,
1497 1136 1585 1188 sed
1619 1151 1683 1188 ex
1712 1134 1906 1188 divinis
1942 1133 2066 1186 Lit-’

483 1222 613 1275 teris
644 1223 974 1286 haurientes,
1003 1225 1054 1275 in
1077 1225 1291 1293 propria
1312 1224 1698 1278 commentaria
1727 1225 2047 1277 retulerunt.

483 1310 871 1367 Verumtamen
903 1312 1185 1369 Nestorius
1219 1328 1408 1370 contra
1443 1317 1729 1369 consilium
1783 1315 2048 1370 ecclesia-

482 1405 698 1467 sticum,
728 1415 778 1458 et
809 1421 872 1459 ex
911 1422 1006 1460 sua
1047 1407 1335 1475 depravata
1373 1419 1554 1461 mente
1592 1408 1758 1462 verba
1816 1423 2047 1477 cvange-

482 1496 583 1551 lica
623 1500 855 1566 sumpsit
889 1517 900 1551 :
966 1515 1218 1567 namque,
1267 1499 1489 1551 Verbum
1543 1515 1665 1552 caro
1702 1500 1903 1567 factum
1943 1510 2041 1566 est,

487 1592 702 1642 sensum
734 1590 872 1642 hunc
902 1589 1044 1656 pium
1073 1591 1277 1642 obtinet
1313 1608 1324 1642 :
1361 1590 1497 1642 Idem
1522 1590 1763 1644 divinum
1789 1589 2045 1654 Verbum,

489 1695 654 1731 unum
674 1695 734 1730 ex
757 1689 940 1733 sancta
967 1679 1160 1733 Triade
1182 1682 1452 1750 hypostasi
1481 1699 1599 1736 cum
1635 1682 1924 1736 mansisset
1945 1682 2047 1735 im-

489 1770 744 1823 mutabile
798 1769 1186 1838 inmotumque
1255 1771 1395 1839 quod
1452 1783 1588 1832 erat,
1648 1771 1787 1824 Deus
1818 1770 2043 1834 scilicet,

485 1861 781 1929 assumpsit
817 1875 1034 1914 carnem
1067 1861 1360 1913 auimatam
1419 1863 1598 1914 anima
1640 1861 1865 1914 rationis
1895 1874 2045 1913 com-

485 1961 608 2020 pote
656 1961 709 2004 et
757 1953 1118 2016 intellectuali,
1149 1961 1199 2004 et
1229 1953 1365 2005 hanc
1389 1953 1582 2004 divina:
1616 1961 1819 2006 naturae
1851 1951 1901 2004 in
1925 1964 2048 2019 pro-

483 2045 598 2112 pria
653 2044 950 2114 liprstasi,
994 2044 1208 2097 deitatis
1247 2058 1462 2110 nempe,
1496 2044 1688 2105 univit,
1747 2042 2044 2096 secundum

485 2139 778 2190 essentiam
822 2146 875 2189 ct
922 2137 1263 2206 hypostasiur
1319 2137 1518 2189 unione
1572 2134 1780 2200 effecta,
1845 2142 1904 2188 ut
1941 2148 2046 2187 una

485 2228 794 2298 hypostasis
829 2229 942 2295 ipse.
974 2237 1092 2294 post
1117 2226 1564 2290 incarnationem.
1607 2229 1685 2278 vel
1713 2235 2044 2294 assumptum

395 2362 398 2368 .
486 2316 762 2368 hominem
824 2315 1138 2368 crederetur
1176 2315 1323 2367 nullo
1393 2314 1762 2367 additamento
1803 2329 2048 2382 persona:

491 2419 651 2462 aucta
689 2417 876 2462 sancta
920 2407 1208 2474 Trinitate,
1244 2409 1288 2461 is
1319 2422 1444 2461 eum
1484 2421 1644 2460 carne
1690 2408 2045 2475 comprehen—

484 2496 652 2560 ditur,
683 2508 735 2551 et
764 2509 864 2552 est.
917 2496 1028 2551 Hoc
1085 2512 1245 2550 sensu
1273 2496 1476 2550 dictum
1531 2498 1898 2564 evangelicum
1955 2512 2047 2549 ex-

485 2586 683 2655 quisita
720 2587 1040 2659 sinceraque
1075 2585 1327 2640 Ecclesia:
1356 2587 1741 2639 commentazio
1774 2587 2044 2655 interpre-

486 2682 648 2727 tatur.
673 2674 752 2727 Ad
781 2674 910 2729 illud
944 2689 1067 2728 vero
1092 2714 1108 2740 ,
1145 2675 1393 2726 habitavit
1427 2675 1479 2726 in
1516 2674 1684 2739 nobis,
1707 2685 1852 2728 recte
1873 2676 2048 2728 Theo-

486 2763 643 2834 logus
710 2766 888 2820 statim
933 2765 1219 2834 subiunxit
1259 2774 1359 2819 :ut
1405 2765 1533 2828 duo,
1567 2781 1686 2832 qua:
1746 2766 2047 2834 signiﬁcau-

398 2844 406 2852 ’
488 2866 595 2920 tur,
630 2855 931 2926 intelligens
959 2855 1315 2919 habitantem,
1363 2867 1414 2924 et
1444 2858 1494 2909 in
1531 2872 1639 2924 quo
1671 2857 1930 2910 habitatio
1965 2857 2042 2920 tit,

487 2935 665 3018 ipsum
720 2949 772 3002 in
828 2963 1046 3002 carnem
1083 2949 1423 3002 immutatum
1476 2964 1582 3002 non
1648 2948 1814 3003 fuisse
1869 2959 2044 3004 mente

2156 857 2330 925 ἁγίοις
2371 858 2528 912 πάπα
2563 861 2809 924 Λέοντος,
2831 860 2980 912 οὑδέν
3009 861 3225 926 ἄτοπον,
3253 861 3368 913 οὑδέ
3396 860 3737 931 βλάσφημον

2154 949 2479 1016 ἀπαντήσει.
2511 951 2618 1003 Καὶ
2650 951 2808 1004 πάλιν
2834 953 3033 1020 γράφει
3061 953 3372 1022 Νεστόριος·
3421 954 3483 1004 '0
3523 955 3737 1021 Λόγος

2149 1041 2308 1108 σὰρξ
2337 1041 2591 1112 ἐγένετο,
2642 1043 3135 1115 καμέσκήνωσεν
3197 1047 3264 1097 ἐν
3313 1044 3475 1114 ἡμῖν.
3510 1047 3736 1115 Γράφει

2151 1133 2326 1199 Λέων,
2357 1134 2437 1187 ὅτι
2477 1135 2538 1189 Ἡ
2558 1137 2742 1202 Σοφία
2766 1135 3148 1202 ᾠκοδόμησεν
3171 1137 3352 1204 ἑαυτῇ
3379 1139 3548 1190 οἰκον
3567 1154 3582 1166 ·
3619 1139 3732 1191 καὶ

2153 1224 2262 1294 γὰρ
2295 1227 2540 1293 όΛόγος
2577 1226 2732 1293 σὰρξ
2782 1227 3032 1293 ἐγένετο,
3087 1229 3181 1280 καί
3241 1229 3600 1296 ἐσκήνωσεν
3651 1231 3733 1282 ἐν·

2118 1340 2122 1344 -
2149 1313 2311 1380 ἡμῖν.
2336 1313 2545 1375 Ταύτας
2586 1313 2682 1376 τὰς
2717 1315 2939 1383 χρήσεις
2971 1315 3094 1368 οὑτε
3127 1317 3414 1387 Νεστόριος
3452 1322 3479 1372 ὁ
3511 1321 3730 1389 ἐναγὴς

2149 1404 2358 1456 οἴκοθεν
2393 1405 2738 1475 προεϐάλετο,
2788 1405 2908 1458 οὗτε
2969 1409 3072 1476 μὴν
3121 1412 3147 1462 ό
3197 1410 3346 1464 Λέων
3387 1412 3724 1481 ἐφθέγξατο,

2150 1494 2262 1546 ἀλλ’
2292 1496 2356 1546 ἐκ
2403 1495 2498 1565 τῆς
2538 1495 2684 1556 θείας
2739 1496 2959 1564 Γραᾳῆς
3002 1497 3273 1561 λαϐόντες,
3319 1503 3427 1562 τοῖς
3489 1502 3728 1564 οἰκείοις

2150 1586 2575 1654 συγγράμμασιν
2612 1586 2893 1654 ἐνέθηκαν.
2943 1588 3080 1638 Ἀλλ’
3116 1591 3142 1640 ό
3187 1590 3282 1656 μὲν
3312 1591 3606 1661 Νεστόριος
3651 1592 3722 1643 οὑ

2149 1679 2288 1728 κατὰ
2334 1675 2579 1745 βούλημα
2642 1677 3097 1746 ἐκκλησιαστικὸν
3136 1679 3197 1731 τὸ
3230 1680 3582 1748 εὑαγγελικὸν
3617 1685 3728 1751 ρη-

2149 1767 2240 1818 τὸν
2273 1766 2573 1835 ἐξεὶληφεν,
2615 1767 2748 1820 ἀλλὰ
2778 1768 2915 1820 κατὰ
2936 1770 3024 1820 τὸν
3056 1770 3245 1822 ἑαυτοῦ
3282 1771 3728 1841 διεστραμμένων

2149 1858 2291 1912 νοῦν.
2324 1859 2396 1910 Τὸ
2433 1859 2559 1929 γὰρ,
2609 1856 2669 1910 '0
2700 1859 2887 1926 Λόγος
2936 1859 3088 1925 σὰρξ
3140 1860 3407 1929 ἐγένετο,
3455 1855 3724 1933 τοιαύτῆν

2147 1949 2258 2018 ἔχει
2291 1949 2484 2016 εὐσεϐῆ
2506 1949 2770 2023 διάνοιαν·
2804 1950 2884 2003 ὅτι
2926 1949 3085 2012 om;
3115 1951 3142 2001 ὁ
3177 1951 3319 2014 θεῖος
3347 1952 3540 2020 Λόγος,
3568 1954 3599 2006 δ
3635 1947 3721 2015 εἷς

2148 2043 2212 2109 τῇ
2239 2042 2530 2092 ὑποστάσει
2551 2041 2650 2109 τῆς
2670 2041 2828 2108 ἁγίας
2854 2041 3105 2109 Τριάδις,
3147 2042 3334 2109 μείνας
3354 2034 3723 2105 ἀναλλοίωτος

2148 2130 2242 2182 καὶ
2273 2129 2564 2198 ιὰτρεπτος,
2602 2130 2736 2199 ὅπερ
2777 2126 2844 2199 ἦν
2867 2169 2881 2192 ,
2922 2129 3051 2193 Θεὸς
3087 2130 3346 2199 δηλονότι,
3378 2130 3719 2201 προσείληφε

2150 2223 2326 2291 σάρκα
2391 2221 2744 2291 ἐψυχωμένην
2784 2221 2928 2291 ψυχῇ
2991 2222 3180 2291 λογικῇ
3238 2224 3332 2276 καὶ
3377 2225 3563 2293 νοερᾷ·
3616 2225 3720 2276 καὶ

2147 2315 2348 2384 ταύτην
2388 2312 2576 2385 ’ῆνωσε
2607 2318 2671 2384 τῇ
2705 2314 2821 2385 θείᾳ
2861 2315 3017 2382 φύσει
3064 2316 3120 2366 ἐν
3148 2318 3213 2385 τῇ
3248 2315 3427 2386 οἰκείᾳ
3466 2316 3721 2372 ὑποστά-

2149 2425 2253 2472 σει,
2281 2409 2520 2478 δηλονότι
2550 2408 2646 2476 τῆς
2687 2407 2957 2475 θεότητος,
3008 2406 3237 2477 οὑσιώδη
3290 2408 3383 2461 καὶ
3425 2409 3547 2461 καθ’
3580 2409 3711 2460 ὑπό-

2150 2514 2334 2549 στασιν
2372 2497 2467 2565 τὴν
2492 2495 2685 2548 ἕνωσιν
2731 2495 3125 2564 ἐργασάμενος,
3153 2495 3224 2558 ὡς
3261 2497 3386 2566 μίαν
3415 2495 3718 2549 ὑπόστασιν

2105 2654 2119 2663 η
2149 2588 2306 2642 αὑτὸν
2353 2586 2482 2640 δντα
2546 2586 2895 2639 πιστεύεσθαι
2941 2588 3033 2639 καὶ
3077 2587 3212 2656 μετὰ
3256 2586 3356 2656 τὴν
3390 2588 3716 2669 ἰσάρκωσιν,

2148 2683 2263 2750 ἦτοι
2312 2679 2737 2748 ἐνανθρώπησιν,
2781 2680 2879 2748 τῆς
2927 2678 3083 2746 ἁγίας
3125 2680 3348 2748 Τριάδος
3395 2677 3720 2748 προσθήκην

2146 2774 2244 2824 οὑκ
2266 2770 2647 2840 εἰσδεξαμένης
2677 2770 2990 2840 προσώπου,
3016 2774 3113 2824 καὶ
3134 2772 3272 2840 μετὰ
3304 2771 3504 2840 σαρκὸς
3538 2773 3716 2823 νοοῖτο

2146 2862 2239 2914 καὶ
2274 2859 2408 2912 ἐστι.
2439 2859 2621 2928 Ταύτῃ
2652 2862 2717 2928 τῇ
2753 2860 2928 2929 ἐννοίᾳ
2976 2860 3035 2911 τὸ
3082 2859 3431 2927 εὑαγγελικὸν
3475 2859 3640 2929 ῥητὸν
3675 2861 3711 2928 ή

2146 2951 2246 3020 τῆς
2286 2949 2606 3018 Ἐκκλησίας
2651 2948 2885 3020 ἀκριϐὴς
2913 2949 3162 3020 διάληψις
3199 2949 3492 3019 ἐξηγεῖται.
3531 2949 3604 3001 Τὸ
3631 2948 3711 3014 δὲ,

485 3039 787 3109 concipias,
821 3039 915 3093 sed
947 3039 1127 3108 potius
1150 3039 1202 3091 in
1235 3054 1397 3092 carne
1433 3039 1786 3102 inhabitasse,
1835 3054 1896 3092 ac
1927 3049 2045 3092 tau-

2155 3040 2502 3106 ἐσκήνωσεν
2539 3041 2606 3093 ἐν
2656 3040 2819 3106 ἡμῖν,
2869 3040 3046 3104 καλῶς
3083 3056 3146 3106 γε
3181 3039 3350 3094 ποιῶν
3396 3042 3423 3093 ό
3451 3039 3714 3107 Θεολόγος

487 3147 649 3201 quam
683 3131 900 3200 proprio
930 3146 1084 3184 usum
1135 3144 1383 3198 corpore,
1408 3132 1549 3198 quod
1575 3146 1637 3183 ex
1704 3139 1888 3184 sancta
1924 3129 2046 3183 Vir-

487 3220 611 3288 gine
641 3221 964 3289 principium
987 3220 1194 3285 habuit,
1228 3220 1445 3288 templo.

2155 3131 2315 3194 εὐθὺς
2353 3131 2663 3199 ἐπήγαγεν,
2706 3129 2791 3181 ῐνα
2831 3128 2924 3181 δύο
2966 3130 3161 3198 νοήσας
3212 3128 3279 3181 τὰ
3319 3129 3711 3198 σημαινόμενα,

2149 3225 2238 3277 τόν
2268 3240 2326 3276 τε
2354 3221 2676 3293 σκηνοῦντα,
2711 3221 2804 3274 καὶ
2837 3220 2897 3273 τὸ
2943 3222 2997 3274 ἐν
3031 3215 3074 3288 ᾧ
3114 3222 3147 3289 ὴ
3199 3221 3488 3289 σκὴνωσις,
3528 3220 3601 3290 μὴ
3631 3219 3715 3285 εις

487 3313 664 3382 σάρκα
712 3313 1135 3382 περιτετράφθαι
1189 3314 1383 3382 νοήσῃς
1440 3311 1620 3378 αὑτὸν,
1679 3314 1956 3384 σκηνῶσαι
2004 3316 2058 3370 δὲ
2099 3318 2299 3387 μᾶλλον
2352 3318 2410 3372 ἐν
2440 3315 2602 3386 σαρκὶ
2647 3314 2720 3377 ὡς
2756 3312 2870 3383 ἰδίῳ
2909 3311 3389 3383 προσχρησάμενον
3461 3309 3688 3382 σώματι,

437 3409 441 3415 ’
483 3403 563 3471 τῷ
597 3403 659 3454 ἐκ
700 3403 797 3471 τῆς
827 3401 985 3469 ἁγίας
1027 3401 1298 3471 Παρθένου
1326 3401 1456 3470 ναῷ.

558 3493 642 3547 10.
673 3493 808 3546 Cum
843 3507 1002 3561 porro
1019 3492 1085 3546 de
1114 3492 1204 3546 Dei
1230 3491 1385 3546 Verbi
1424 3493 1754 3548 habitatione
1790 3494 1843 3548 in
1887 3509 2048 3550 carne

485 3587 698 3655 propria
716 3585 1016 3640 locutussit
1048 3585 1406 3654 Evangelista,
1431 3586 1900 3640 determinandum
1944 3595 2045 3651 est,
2077 3650 2079 3652 _

486 3684 618 3744 quot
681 3672 1082 3746 modisdicitur
1110 3672 1248 3727 Deus
1271 3673 1322 3726 iu
1355 3675 1509 3728 nobis
1542 3675 1846 3729 inhabitare
1875 3692 1889 3728 :
1955 3691 2051 3730 vo-

487 3777 685 3820 cantur
746 3764 1013 3832 siquidem
1074 3767 1126 3817 ει
1177 3764 1349 3817 sancti
1385 3761 1644 3834 templum
1702 3765 1815 3830 Dei,
1851 3765 1904 3818 in
1939 3780 2048 3834 quo

489 3858 628 3910 Deus
683 3856 918 3909 habitat:
947 3855 1038 3908 sed
1103 3855 1154 3907 in
1195 3855 1301 3909 illis
1349 3857 1561 3908 actione
1609 3857 1849 3910 habitare
1892 3856 2055 3925 probe

492 3953 741 4012 recteque
764 3942 984 3996 dixeris.
1019 3941 1252 3995 Vocatur
1320 3942 1443 3994 item
1485 3953 1536 3995 et
1588 3939 1747 4011 Virgo
1792 3943 2048 4012 templum

491 4033 620 4098 Dei:
652 4035 705 4087 iu
732 4032 847 4101 ipsa
881 4032 1078 4085 etenim
1111 4031 1254 4086 Deus
1285 4031 1523 4086 Verbum
1575 4034 1810 4087 essentia
1852 4034 2058 4088 habita-

493 4125 585 4186 vit,
621 4123 764 4191 quod
795 4122 914 4190 plus
959 4120 1122 4174 habet
1149 4130 1202 4175 et
1230 4120 1344 4174 sine
1375 4123 1776 4190 comparatione
1801 4124 2055 4177 eximium

494 4229 604 4281 pra:
638 4212 759 4265 aliis
790 4211 995 4266 sanctis
1028 4227 1042 4276 ;
1081 4210 1135 4263 iu
1202 4191 1420 4279 propria
1447 4225 1577 4264 vero
1613 4226 1797 4274 carne,
1844 4228 1947 4280 qua
1993 4221 2049 4267 ut

497 4303 714 4370 proprio
741 4317 874 4360 usus
909 4310 991 4354 est
1015 4313 1240 4367 corpore
1268 4314 1329 4351 ex
1362 4309 1546 4352 sancta
1579 4298 1794 4368 Virgine
1855 4305 2050 4370 templo

2234 3501 2284 3548 t'.
2325 3491 2542 3561 Ἐπειδὴ
2571 3489 2629 3544 δέ
2663 3489 2788 3559 περὶ
2819 3487 3160 3554 σκηνώσεως,
3195 3487 3310 3556 ῆτοι
3346 3489 3714 3557 κατοικήσεως

2155 3581 2248 3634 τοῦ
2271 3562 2404 3632 Θεοῦ
2445 3578 2619 3646 Λόγου
2646 3577 2780 3646 πρὸς
2821 3577 2919 3646 τὴν
2965 3581 3159 3630 ἐαυτου
3201 3577 3381 3647 σάρκα
3412 3575 3610 3648 ἐρρέθη
3635 3577 3710 3645 τῷ

2155 3669 2530 3740 εὑαγγελιστῇ,
2557 3669 2851 3738 διοριστέον
2883 3669 3022 3721 κατὰ
3052 3672 3247 3734 πόσους
3264 3677 3499 3745 τρόπους
3524 3671 3552 3721 ό
3579 3668 3713 3730 Θεὸς

2155 3763 2371 3830 λέγεται
2400 3762 2626 3813 ἐνοικεῖν
2663 3763 2722 3833 ἐν
2749 3761 2899 3828 ἡμῖν.
2935 3759 3196 3827 Λέγονται
3235 3760 3343 3828 γὰρ
3368 3762 3462 3813 καὶ
3496 3763 3544 3812 oi
3572 3759 3711 3827 ἁγιοι

2153 3855 2276 3917 ναὸς
2329 3852 2487 3915 Θεοῦ,
2532 3853 2589 3904 ἐν
2617 3845 2661 3918 ᾧ
2695 3851 2722 3903 ὁ
2760 3850 2890 3913 Θεὸς
2942 3854 3206 3915 κατοικεῐ,
3252 3851 3368 3905 ἁλλ’
3420 3853 3477 3904 ἐν
3512 3851 3712 3914 τούτοις

2154 3945 2272 3999 κατ’
2306 3944 2582 4013 ἐνέργειαν
2610 3943 2831 4012 φήσειεν
2877 3940 2943 3994 ἂν
2994 3941 3022 3993 ὁ
3071 3942 3226 4012 ὀρθὸς
3261 3942 3414 4009 λόγος
3444 3941 3711 4011 είρῆσθαι.

2155 4037 2386 4103 Λέγεται
2441 4033 2497 4087 δέ
2549 4033 2719 4086 πάλιν·
2759 4032 2856 4085 καὶ
2896 4033 2930 4102 ἡ
2970 4033 3241 4102 Παρθένος
3271 4033 3396 4091 ναὸς
3436 4031 3590 4084 Θεοῦ.
3628 4032 3712 4084 Ἕν

2155 4126 2325 4198 ταύτῃ
2362 4127 2470 4197 γὰρ
2495 4128 2523 4179 ό
2554 4125 2685 4187 Θεὸς
2712 4125 2882 4191 Λόγος
2913 4124 3183 4185 οὑσιωδῶς
3217 4123 3549 4193 κατῴκησεν,
3583 4124 3710 4190 ὅπερ

2156 4216 2312 4268 πλέον
2340 4217 2455 4267 ἐστὶ
2485 4213 2590 4266 τῶν
2640 4213 2838 4265 λοιπῶν
2886 4214 3075 4280 ἁγίων,
3115 4214 3207 4267 καὶ
3257 4214 3626 4284 ἁσυγκρίτως·
3657 4216 3710 4265 ἐν

2155 4305 2212 4358 δὲ
2244 4307 2309 4380 τῇ
2345 4304 2521 4371 οἰκείᾳ
2556 4305 2737 4370 σαρκὶ,
2834 4303 2908 4366 ὡς
2939 4302 3122 4372 οίκείῳ
3175 4304 3590 4373 προσεχρήσατο
3620 4301 3708 4354 σώ-

496 4393 798 4446 secundum
851 4391 1140 4443 essentiam
1171 4397 1223 4441 et
1274 4389 1606 4457 hypostasim
1634 4389 1707 4442 illi
1743 4390 1880 4444 Deus
1921 4390 2052 4443 Ver-

2163 4396 2403 4466 ματι,τῷ
2441 4398 2502 4448 ἐκ
2531 4395 2623 4460 τῆς
2657 4388 2816 4459 ἁγίας
2855 4393 3126 4462 Παρθένου
3161 4394 3294 4462 ναῷ,
3328 4394 3595 4456 οὑσιωδῶς
3627 4394 3710 4446 καὶ

496 4485 624 4540 bum
648 4486 876 4548 unitum,
911 4483 1155 4534 habitare
1184 4481 1403 4532 dicitur.
1427 4480 1486 4530 Et
1513 4481 1622 4533 haec
1645 4481 1857 4549 quidem
1880 4482 2063 4533 Eerle-

498 4579 590 4647 εἰη
616 4577 697 4643 pia
725 4575 987 4628 sententia
1012 4581 1112 4625 est.
1147 4570 1250 4623 Sed
1278 4569 1553 4623 Nestorius
1590 4585 1837 4637 perverse
1864 4571 2063 4623 dictum

501 4667 735 4736 accepit;
755 4680 1006 4733 namque,
1037 4660 1390 4715 Verbumcaro
1408 4662 1600 4729 factum
1615 4670 1713 4724 est,
1734 4659 2069 4713 fatuiliarita-

502 4769 555 4814 te
588 4769 640 4813 et
657 4758 914 4812 relatione
931 4753 1228 4824 dignitatis,
1251 4759 1342 4805 aut
1362 4752 1603 4815 consilio,
1621 4761 1712 4804 aut
1737 4750 2068 4820 beneplac’ito

501 4851 704 4905 factum
740 4848 911 4902 fuisse
967 4845 1098 4898 dixit
1131 4861 1143 4895 :
1181 4859 1309 4897 cum
1363 4841 1500 4897 duos
1532 4844 1831 4897 constituat
1877 4843 2064 4907 Filios,

503 4946 731 4997 alterum
777 4941 941 4992 Deum
979 4936 1232 4997 Verbum.
1265 4950 1314 4991 et
1345 4939 1569 4991 alterum
1602 4934 1926 5001 singularem
1967 4937 2064 4988 ho-

504 5037 702 5090 minem
764 5049 826 5086 ex
870 5031 1072 5096 Maria;
1113 5031 1192 5085 sic
1245 5041 1300 5084 et
1333 5030 1483 5092 illud,
1515 5027 1770 5077 habitavit
1797 5027 1850 5078 in
1897 5026 2064 5091 nobis,

505 5124 847 5194 operatione,
917 5132 1010 5175 aut
1059 5120 1396 5190 beneplacito
1451 5114 1777 5182 exponebat,
1812 5131 1979 5183 quare
2015 5126 2066 5168 et

505 5223 699 5287 parum
753 5214 1022 5268 hominem
1055 5212 1373 5266 enuntiabat
1420 5206 1602 5259 .lesum
1640 5215 2065 5274 :prOptcreaque

502 5307 621 5374 jure
655 5303 847 5357 merito
877 5305 1219 5358 anathemate
1262 5302 1398 5354 ictus
1442 5306 1542 5349 est.
1586 5294 1690 5349 Lee
1711 5312 1834 5349 vero
1862 5297 2064 5361 dicens,

508 5394 779 5463 Sapientia
798 5396 1074 5463 aediﬁcavit
1122 5394 1220 5445 sibi
1249 5393 1455 5442 domum
1485 5407 1500 5440 :
1529 5403 1644 5438 nam
1685 5386 1903 5440 Verbum
1943 5405 2064 5440 caro

511 5488 710 5555 factum
740 5495 835 5549 est,
868 5499 915 5540 et
957 5483 1213 5537 habitarit
1253 5483 1305 5534 in
1339 5480 1507 5542 nobis,
1541 5480 1624 5547 pie
1654 5480 1977 5548 intelligens,
2015 5489 2066 5533 et

509 5579 578 5632 ad
603 5579 853 5634 Ecclesia:
884 5587 1135 5636 mentem,
1167 5585 1224 5626 ut
1265 5584 1416 5627 antea
1450 5571 1865 5642 declaravimus,
1896 5587 1998 5624 non
2035 5587 2061 5624 a

508 5684 762 5743 perverso
819 5667 1050 5724 Nestorii
1110 5667 1377 5720 intellectu
1425 5664 1724 5734 abripitur,
1783 5673 2060 5742 propterea

2167 4488 2288 4541 καθ’
2315 4487 2609 4538 ὑπόστασιν
2638 4485 2864 4549 ἐνωθεὶς
2912 4484 3058 4554 αὑτῷ
3110 4486 3137 4536 ὁ
3181 4484 3310 4547 Θεὸς
3345 4485 3517 4551 Λόγος
3544 4501 3710 4537 κατοι-

2168 4580 2281 4629 κεῖν
2308 4579 2364 4627 ἐν
2391 4574 2540 4643 αὑτῷ
2572 4575 2803 4640 λέγεται.
2841 4576 2946 4626 Καὶ
2995 4575 3168 4644 ταύτῃ
3218 4575 3314 4642 μὲν
3356 4574 3452 4641 τῆς
3499 4573 3708 4642 Ἑκκλη-
3815 4638 3820 4639 γ

2169 4668 2286 4730 σίας
2318 4668 2376 4718 τὸ
2411 4664 2630 4726 εὐσεϐὲς
2670 4665 3014 4734 φρόνημα.’0
3039 4666 3093 4718 δέ
3118 4666 3407 4734 Νεστόριος
3435 4666 3710 4733 διεστραμ-

2170 4761 2344 4829 μένως
2370 4761 2427 4811 τὸ
2446 4759 2627 4827 ῥητόν.
2681 4759 2754 4811 Τὸ
2786 4759 2913 4828 γὰρ,
2948 4759 3011 4810 '0
3053 4758 3241 4825 Λόγος
3277 4755 3432 4823 σὰρξ
3466 4754 3706 4823 ἐγένετο,

2166 4853 2220 4903 ἐν
2249 4851 2573 4912 οὶκειώσεώς
2606 4850 2766 4920 λόγῳ,
2799 4849 2892 4902 καὶ
2920 4849 3060 4901 κατὰ,
3096 4847 3374 4916 ἀναφορὰν
3397 4844 3704 4914 ἀξιώματος,

2166 4942 2198 5011 ἢ
2231 4940 2634 5003 ταυτοὸοὑλίαν,
2668 4939 2700 5009 ἢ
2754 4940 2999 4993 εὑδοκίαν
3032 4938 3188 4991 τοῦτο
3228 4937 3352 5006 ἐφη.
3392 4936 3609 5004 Ἐπειδὴ
3627 4934 3707 4986 δύο

2168 5035 2308 5086 ποιεῖ
2338 5034 2504 5096 υἱοὺς,
2539 5032 2695 5085 ἄλλον
2716 5031 2806 5083 τὸν
2830 5031 2958 5083 Θεὸν
2992 5030 3182 5097 Λόγον,
3209 5030 3303 5081 καὶ
3327 5029 3485 5081 ἄλλον
3513 5026 3704 5095 ἄνθρω-

2168 5141 2266 5175 πον
2299 5122 2497 5184 ίδικὸν,
2539 5122 2629 5174 τὸν
2670 5124 2732 5174 ἐκ
2790 5122 3044 5191 Μαρίαςο
3109 5119 3367 5181 ὡσαύτως
3408 5119 3464 5171 δὲ
3511 5119 3602 5170 καὶ
3636 5118 3700 5177 τὸ,

2167 5213 2514 5277 ἐσκήνωσεν
2553 5213 2620 5264 ἐν
2659 5213 2823 5280 ἡμῖν,
2871 5213 2990 5265 κατ’
3044 5212 3343 5280 ἐνέργειαν,
3399 5210 3430 5277 ἢ
3479 5208 3702 5260 εὐδοκίαν

2167 5305 2434 5372 ἔφασκεν·
2493 5305 2613 5356 ὅθεν
2677 5307 2768 5356 καὶ
2813 5282 2964 5372 ψιλὸν
3015 5305 3299 5370 ἄνθρωπον
3339 5299 3603 5368 ὡμολόγει
3628 5300 3700 5351 τὸν

2180 5388 2382 5459 Ἰησοῦν
2404 5410 2415 5421 ’
2441 5392 2528 5445 διά
2545 5408 2624 5443 τοι
2654 5392 2805 5443 τοῦτο
2820 5392 3038 5452 δικαίως
3071 5392 3145 5460 τῷ
3174 5389 3696 5459 ἁναθέματικαθυπο-

2168 5483 2442 5551 ϐέϐληται.
2484 5483 2539 5534 '0
2579 5482 2635 5535 δέ
2673 5482 2734 5550 δὴ
2761 5483 2908 5534 Λέων
2937 5483 3129 5549 λέγων,
3169 5483 3249 5534 ὅτι
3291 5481 3552 5547 Ἡσοφία
3578 5479 3700 5542 ᾠκο-

2166 5578 2429 5642 δόμησεν
2485 5573 2667 5640 ἑαυτῇ
2736 5570 2937 5625 οἷκον·
2991 5573 3083 5625 καί
3113 5573 3222 5639 γὰρ
3253 5574 3285 5624 ό
3335 5571 3522 5638 Λόγος
3569 5568 3698 5636 σὰρξ

2166 5670 2418 5736 ἐγένετο,
2482 5667 2574 5720 καὶ
2630 5665 2980 5732 ἐσκήνωσεν
3025 5665 3091 5717 έν
3130 5664 3289 5731 ἡμῖν*
3321 5659 3699 5730 εὐσεδοφρὸνως
