3934 6316
662 465 766 542 sua

1890 465 2176 526 NICETzE
2210 466 2610 538 BYZANTiNl

3742 465 3829 525 601

660 571 995 641 cupabimus,
1047 572 1291 625 omnibus
1339 573 1534 626 nostris
1560 575 1894 628 naturalibus
1931 577 2199 644 passioni-

2306 577 2522 640 ἓξουσαν
2555 561 2640 628 ’τά
2671 574 2869 643 φυσικὰ
2905 574 3047 643 πάθη
3097 571 3250 642 ἡμῶν
3301 575 3392 626 καὶ
3435 573 3716 644 ἰδιώματα.
3749 579 3830 626 Δια

661 667 758 718 lius
812 675 969 732 atque
995 665 1406 732 pt-Oprielatibus
1445 667 1758 720 obnoxiam.
1806 668 2199 738 Proptereaun

659 756 810 817 dixit,
843 753 938 806 Per
965 758 1137 808 omnia
1162 756 1377 808 similem
1407 759 1550 810 nobis
1581 757 1768 825 absque
1792 769 2019 824 peccato.
2059 759 2199 812 Rur-

663 857 754 894 sus
811 856 938 894 vero
970 859 1089 896 cum
1142 843 1468 898 Nestoriauis
1496 861 1600 896 non
1657 847 1885 912 placeret
1922 845 2198 915 De'paratn

653 945 772 983 esse
804 932 1198 985 itutnaculatam
1228 930 1772 1001 Virginem,subdidit
1804 953 1816 987 :
1842 940 1973 988 Ante
2005 937 2201 990 sa'cula

654 1034 719 1071 ex
747 1019 903 1072 Patre
956 1023 1215 1090 genitum,
1267 1025 1538 1090 postremis
1577 1041 1690 1078 vero
1730 1027 1909 1078 diebus
1966 1029 2200 1080 eumdem

655 1121 859 1175 propter
903 1128 994 1164 nos
1032 1121 1079 1164 et
1131 1123 1359 1166 nostram
1404 1115 1626 1168 salutem
1666 1131 1732 1168 ea:
1769 1115 1945 1169 Maria
1993 1116 2202 1186 Virgine

652 1210 702 1251 et
766 1201 988 1269 Dcipara
1027 1212 1332 1272 prognatum
1369 1207 1651 1259 secundum
1701 1207 2098 1260 humanitatem.
2137 1208 2202 1261 Et

655 1305 825 1358 pauca
853 1292 962 1345 haec
989 1307 1051 1344 ex
1080 1303 1266 1362 quarta
1299 1294 1527 1365 synodo,
1551 1311 1616 1349 ne
1637 1297 1927 1364 prolixiora
1958 1298 2198 1362 aderam,

655 1383 787 1435 satis
816 1383 945 1438 sint.
978 1382 1182 1437 Poterit
1215 1398 1342 1439 vero
1365 1385 1588 1454 quilibet
1621 1376 1790 1440 multo
1819 1389 1993 1456 plura,
2032 1391 2076 1442 si
2110 1405 2203 1444 vo-

653 1471 837 1533 luerit,
863 1487 926 1525 ex
954 1487 1015 1526 ea
1043 1473 1318 1542 colligere,
1348 1476 1548 1542 quibus
1577 1476 1847 1530 constabit
1880 1481 2198 1546 compertis-

657 1562 813 1627 simc,
846 1564 989 1616 nulla
1019 1564 1071 1618 in
1103 1580 1162 1619 re
1187 1579 1218 1618 a
1271 1566 1444 1621 tribus
1499 1567 1703 1623 sanctis
1729 1569 1947 1639 synodis
1995 1570 2201 1624 discre-

654 1669 833 1722 passe,
869 1657 960 1710 sed
1005 1656 1056 1709 in
1089 1657 1341 1713 omnibus
1384 1659 1724 1726 concordem,
1754 1661 1999 1715 eumdem
2033 1658 2204 1725 unum

653 1743 948 1810 Christum,
973 1753 1026 1800 et
1045 1746 1347 1810 Dominum,
1367 1757 1420 1803 et
1450 1750 1614 1804 Deum
1639 1760 1880 1807 nostrum
1903 1752 2201 1821 professam

657 1850 720 1889 ex
751 1835 980 1898 duabus,
1014 1845 1070 1892 et
1112 1837 1166 1891 in
1197 1837 1408 1894 duabus
1459 1840 1685 1904 naturis,
1721 1849 1777 1894 et
1819 1841 2202 1913 duasnaturas

2298 667 2454 720 τοῦτὸ
2495 684 2577 718 τοι
2635 667 2770 736 ἔφη’
2803 665 2961 721 Κατὰ
3007 664 3200 718 πάντα
3249 665 3453 733 ὅμοιον
3499 664 3643 733 ἡμῖν
3673 667 3834 730 χωρίς

2299 759 2602 825 ἁμαρτίας.
2651 757 2815 809 Πάλιν
2857 757 2902 808 δ’
2933 753 3000 809 αὖ
3029 757 3109 808 ὃτι
3137 758 3245 816 τοῖς
3266 756 3372 808 ἀπὸ
3406 755 3695 824 Νεπορῖου
3715 755 3829 805 Θεο-

2297 849 2449 909 τόκος
2482 847 2579 899 οὐκ
2599 846 2770 899 ἐδόκει
2808 849 2839 916 ἡ
2867 847 3130 915 ἄχραντος
3180 841 3317 896 εἶναι
3359 843 3647 914 Παρθένος,
3680 859 3835 909 προσ-

2300 936 2461 1005 έθηκε
2482 952 2496 966 ⁸
2554 937 2663 990 Τὸν
2695 938 2807 1002 πρὸ
2839 936 3064 990 αιὼνθων
3099 936 3167 988 ἐκ
3233 934 3336 987 τοῦ
3376 933 3604 999 Πατρός
3635 950 3833 1000 γεννη-

2300 1029 2497 1092 θέντας
2528 1029 2618 1081 ἐπ’
2645 1028 2914 1095 ἐσχάτων
2945 1026 3011 1079 δέ
3040 1026 3155 1079 τῶν
3177 1024 3408 1094 ἡμερῶν
3435 1026 3540 1077 τὸν
3567 1024 3746 1077 αὑτὸν
3766 1025 3834 1076 δι’

2301 1116 2454 1186 ἡμᾶς
2488 1117 2584 1170 καὶ
2633 1118 2729 1170 διὰ
2756 1117 2867 1184 τὴν
2888 1116 3175 1183 ἡμετέραν
3201 1116 3496 1182 σωτηρίαν
3522 1115 3589 1168 ἐκ
3620 1117 3835 1181 Μαρίας

2300 1208 2410 1276 τῆς
2435 1208 2732 1275 Παρθένου
2758 1209 2855 1260 καὶ
2883 1208 3168 1260 Θεοτόκου
3188 1205 3542 1273 γεννηθέντα
3565 1205 3707 1256 κατὰ
3732 1204 3836 1268 τὴν

2300 1286 2740 1364 ἀνθρωπότητα.
2777 1296 2886 1348 Καὶ
2917 1296 3085 1350 ταῦτα
3113 1296 3212 1364 μὲν
3248 1294 3401 1361 ὀλίγα
3434 1297 3495 1346 ἐκ
3528 1295 3624 1361 τῆς
3651 1297 3834 1364 τετάρ-

2301 1403 2398 1455 της
2433 1386 2646 1438 συνόδου
2695 1386 2780 1438 διὰ
2820 1386 2882 1437 τὸ
2915 1385 3087 1454 μῆκος
3123 1384 3216 1437 τοῦ
3268 1385 3458 1452 λόγου·
3509 1384 3632 1435 ἐπεὶ
3673 1384 3836 1436 ἔνεστι

2301 1478 2522 1530 πλεῖστα
2545 1478 2664 1539 ὅσα,
2696 1478 2747 1528 εί
2765 1494 2848 1538 τις
2879 1475 3144 1546 βούλεται,
3187 1477 3246 1541 ἐξ
3281 1476 3447 1544 αὐτῆς
3470 1475 3837 1540 ἀναλέγεσθαι,

2301 1569 2357 1620 ἐν
2387 1562 2466 1630 οἷς
2487 1568 2786 1638 τρανότατα
2828 1567 3071 1634 φαίνεται
3113 1570 3232 1628 ταῖς
3284 1568 3462 1637 τρισὶν
3495 1568 3675 1635 ἁγίαις
3722 1585 3840 1618 συν-

2301 1659 2439 1722 όδοις
2493 1659 2629 1712 κατά
2659 1658 2820 1728 μηδὲν
2862 1659 3262 1728 διαφωνήσασα,
3317 1659 3431 1710 ἀλλ’
3475 1660 3669 1721 ὀπαδὸς
3709 1662 3845 1710 κατὰ

2302 1749 2477 1801 πάντα
2505 1749 2786 1818 γενομένη,
2818 1748 2906 1801 τὸν
2935 1749 3096 1801 αὑτὸν
3131 1748 3226 1800 ἕνα
3252 1749 3484 1817 Χριστὸν
3519 1748 3611 1801 καὶ
3649 1749 3845 1818 Κύριον

2303 1839 2395 1891 καὶ
2419 1837 2548 1891 Θεὸν
2579 1838 2733 1909 ἡμῶν
2763 1837 3040 1909 κηρύττει,
3065 1839 3129 1891 ὲκ
3155 1839 3246 1893 δύο
3275 1839 3507 1906 φύσεων,
3536 1839 3628 1890 καὶ
3655 1840 3713 1890 ἐν
3737 1839 3844 1900 δύο,

655 1935 780 1993 post
834 1928 1108 1990 unionem,
1136 1938 1376 1981 extrema
1415 1942 1443 1980 a
1484 1929 1658 1982 medio
1696 1929 1873 1998 inepta
1902 1931 2198 1985 absurdita-

2306 1929 2399 1982 καὶ
2434 1929 2525 1982 δύο
2557 1930 2746 1997 φύσεις
2780 1925 2917 1982 εἶναι
2943 1929 3081 1997 μετὰ
3111 1929 3207 1999 τὴν
3229 1930 3439 1994 ἕνωσιν,
3473 1931 3564 1982 καὶ
3595 1930 3690 1992 τάς
3717 1932 3844 1998 παρ’

656 2025 864 2084 tesque,
895 2032 1229 2088 qnmcunque
1259 2019 1361 2072 illae
1392 2019 1611 2082 fuerint,
1650 2022 1833 2089 procul
1857 2022 2200 2086 amandasse,

655 2108 1036 2178 mansisseque
1092 2109 1144 2163 in
1178 2111 1421 2166 veritatis
1461 2113 1638 2167 medio
1669 2115 1875 2166 lirmam
1930 2122 2090 2182 atque
2122 2115 2203 2167 in-

654 2212 999 2260 concussam.
1057 2196 1149 2253 His
1179 2213 1207 2253 a
1234 2207 1425 2269 quarta
1458 2211 1645 2256 sancta
1678 2205 1885 2271 synodo
1915 2205 2202 2272 ipsissimis

655 2288 834 2344 verbis
863 2291 1109 2356 sancitis,
1148 2292 1446 2348 enuntiatis
1503 2303 1554 2348 et
1582 2297 1929 2365 promulgatis
1959 2296 2023 2350 de
2047 2297 2204 2373 {ibri-

655 2377 724 2432 sti
753 2381 1028 2444 mysterio,
1062 2379 1339 2450 quisnam,
1369 2383 1662 2444 dummodo
1685 2400 1790 2438 non
1821 2386 2023 2441 delirus
2048 2396 2204 2442 estet

653 2477 833 2522 mente
865 2481 1072 2539 captus,
1132 2473 1460 2528 asseverabit
1520 2485 1764 2543 quartam
1805 2476 2066 2545 synodum
2098 2493 2203 2531 una

653 2574 777 2612 cum
803 2558 1051 2615 Nestorio
1068 2564 1287 2627 sentire,
1307 2564 1452 2617 illius
1470 2563 1600 2618 lalsa
1624 2567 1876 2634 Opinione
1900 2568 2205 2637 deceptam?

656 2648 788 2702 Illud
833 2652 1011 2717 potius
1042 2653 1456 2709 asscverandum
1513 2664 1618 2722 est,
1650 2657 1720 2711 ab
1748 2657 1932 2711 eadem
1976 2659 2202 2713 anathe-

657 2749 800 2793 male
821 2739 975 2805 ictos,
1002 2751 1054 2795 et
1086 2741 1421 2809 Dioscorum,
1466 2754 1519 2799 et
1566 2745 1892 2813 Nestorium,
1931 2757 1983 2803 et
2040 2750 2202 2823 Euty-

659 2828 836 2894 chem,
866 2844 928 2883 ex
965 2831 1230 2886 diametro
1256 2848 1375 2889 sese
1411 2832 1774 2903 adversantia,
1810 2839 1902 2893 sed
1933 2839 2204 2908 impietate

659 2917 797 2973 mala
822 2920 994 2987 paria.

728 3099 780 3154 6.
813 3099 1040 3165 Quando
1071 3117 1196 3156 vero
1244 3111 1295 3158 te
1342 3102 1537 3173 duplex
1575 3114 1888 3160 naturarum
1921 3108 2121 3174 turbat,
2155 3118 2208 3164 et

659 3191 868 3244 numeri
929 3191 1455 3248 dualiS'enuntiatio
1513 3194 1693 3250 statim
1728 3197 1821 3252 tibi
1855 3213 2034 3252 rerum
2071 3199 2207 3254 divi-

658 3382 778 3422 sese
825 3369 1180 3426 subsistentes
1240 3373 1501 3438 indicare,
1541 3375 1786 3443 ignavius
1819 3377 2002 3445 potius
2042 3393 2202 3449 quam

659 3459 972 3525 prudenter,
1031 3462 1472 3528 tleterminemus,
1534 3465 1624 3518 sed
1671 3466 1925 3534 breviter,
1973 3483 2205 3537 quonam

656 3549 816 3603 modo
854 3550 919 3604 de
951 3551 1162 3605 binario
1201 3561 1253 3605 et
1283 3554 1488 3622 reliquo
1514 3557 1659 3608 omni
1689 3571 1914 3610 numero
1941 3559 2207 3627 exquisita

655 3640 894 3709 cognitio
926 3642 1107 3697 haberi
1157 3645 1343 3712 possit.
1374 3644 1640 3699 Numerus
1681 3647 1964 3715 dupliciter
1989 3649 2206 3714 dicitur,

657 3729 796 3784 alius
824 3732 1160 3800 simpliciter,
1183 3744 1236 3788 et
1269 3751 1362 3803 per
1407 3751 1466 3790 se
1489 3719 1635 3790 solus
1663 3757 1674 3790 :
1702 3739 1842 3791 alius
1871 3740 1923 3792 in
1950 3740 2209 3794 relatione

654 3830 709 3873 et
741 3823 902 3876 rebus
924 3825 1317 3890 consideratur,
1350 3827 1801 3894 quemadmodum
1849 3832 2030 3884 album
2065 3832 2209 3886 albe-

656 3911 838 3965 dinem
891 3921 942 3966 et
969 3914 1217 3969 albedine
1250 3917 1531 3985 pranlitnm
1557 3925 1729 3972 notat.
1765 3918 1964 3972 Natura
1995 3922 2207 3973 numeri

658 4016 754 4069 per
777 4018 835 4056 se
871 4018 1040 4071 neque
1072 4007 1385 4075 canjungit,
1417 4019 1593 4076 neque
1618 4009 1833 4074 dividit,
1865 4026 2036 4080 neque
2065 4011 2207 4066 enim

641 4091 820 4145 'babet
846 4106 934 4149 res
965 4094 1064 4148 sibi
1098 4095 1369 4163 subjectos
1402 4113 1416 4150 :
1444 4112 1566 4150 nam
1600 4112 1858 4154 numerus
1889 4099 2000 4168 ipse
2027 4116 2123 4169 per
2150 4114 2210 4155 se

659 4193 836 4250 neque
861 4182 1095 4250 copulat,
1121 4197 1292 4251 neque
1327 4192 1560 4252 separat,
1587 4185 1677 4239 sed
1711 4195 2000 4256 utrumque
2015 4187 2212 4243 admit-

660 4274 744 4335 ιτι,
764 4273 850 4325 tali
874 4273 950 4326 vel
969 4274 1058 4326 tali
1103 4284 1367 4341 respectu,
1394 4274 1552 4329 veluti
1581 4276 2210 4344 binarius,etquaterna-

658 4362 770 4415 rius
788 4379 1060 4426 numerus,
1085 4363 1126 4415 si
1152 4365 1383 4418 unitates
1399 4366 1675 4434 respicias,
1703 4382 1767 4420 ex
1789 4368 1982 4436 quibus
1997 4382 2213 4436 compo-

660 4453 826 4513 nitur.
845 4455 896 4506 in
917 4469 1009 4507 eas
1026 4454 1309 4519 dividitur;
1336 4456 1379 4509 si
1404 4457 1658 4510 unitatem
1690 4458 1878 4510 horum
1914 4458 2129 4526 quaeris,
2149 4473 2209 4511 ex

659 4542 728 4597 iis
742 4544 1082 4612 componitur
1100 4561 1112 4596 :
1128 4545 1234 4598 duo
1249 4546 1509 4612 etenimfet
1529 4546 1658 4607 duo,
1673 4548 1716 4602 si
1738 4548 1810 4602 ita
1827 4548 2064 4608 fuerit,in
2080 4562 2211 4616 qua-

604 4655 612 4668 ν
661 4645 786 4689 tuor
802 4637 931 4698 abit,
956 4644 1186 4703 quatuor
1203 4652 1328 4690 vero
1351 4638 1400 4690 in
1420 4638 1526 4692 duo
1555 4640 1729 4693 ctduo
1745 4639 2017 4711 dividitur.
2036 4639 2210 4704 Quare

659 4724 996 4780 verissimum
1021 4726 1181 4780 fuerit
1204 4738 1444 4781 naturam
1467 4731 1672 4783 numeri
1694 4730 1825 4782 nihil
1843 4729 2208 4798 praescriptum

661 4813 878 4874 habere,
914 4829 1085 4882 neque
1107 4830 1430 4883 separatum,
1451 4833 1624 4886 neque
1647 4818 1878 4879 unitum,
1915 4818 2008 4873 sed
2035 4819 2085 4871 in
2127 4834 2211 4871 rc-

659 4918 780 4957 rum
812 4905 1091 4971 complexu
1122 4918 1174 4960 et
1196 4898 1581 4977 compositione
1598 4910 1800 4965 subire.
1822 4909 2012 4965 Inscite
2033 4912 2212 4978 itaque

661 4995 1007 5063 improbcque
1024 4997 1464 5054 determinaveris
1479 5011 1722 5054 naturam
1738 5002 1945 5054 numeri
1962 5017 2212 5055 necessa-

663 5084 744 5134 rio
773 5099 949 5137 rerum
968 5086 1286 5141 divisionem
1312 5091 1588 5159 subsequi,
1613 5100 1664 5145 et
1687 5107 1791 5145 non
1818 5094 1996 5144 rerum
2026 5092 2208 5155 unitat,

662 5181 756 5224 aut
786 5172 970 5230 divisae
1011 5187 1216 5233 naturae
1254 5196 1561 5243 numerum,
1595 5191 1651 5235 ut
1678 5192 1806 5249 quot
1836 5182 1944 5236 sint
1974 5182 2213 5251 subjecta

664 5262 1022 5332 innutescant,
1069 5269 1280 5337 signum
1330 5281 1587 5338 statuere,
1623 5288 1744 5328 cum
1803 5275 1904 5328 alia
1964 5275 2121 5340 ratio,
2159 5284 2214 5329 et

665 5369 770 5409 non
826 5371 1082 5414 numerus
1140 5376 1202 5414 ea
1252 5363 1557 5416 subdividat
1600 5374 1652 5417 et
1701 5365 1932 5432 copulet.
1975 5365 2214 5433 Namque

667 5445 849 5500 decem
885 5447 1040 5503 ulnas
1086 5449 1212 5520 ligni
1250 5454 1512 5518 continui,
1547 5455 1592 5508 si
1627 5456 1696 5508 ita
1730 5455 1911 5517 fuerit,
1958 5457 2212 5520 dicimus,

666 5550 774 5589 non
820 5551 1045 5594 numero
1093 5542 1388 5598 dividentes
1437 5547 1711 5611 unionem,
1753 5563 1873 5615 qua:
1923 5548 1978 5600 in
2030 5549 2211 5602 decem

667 5622 912 5678 ulnarum
943 5629 1085 5696 ligno
1103 5641 1222 5694 est;
1252 5641 1575 5702 rursumque
1615 5635 1799 5688 decem
1835 5636 2042 5690 modios
2085 5638 2212 5690 dum

668 5715 920 5780 dicimus,
955 5720 1156 5776 divisos
1199 5737 1293 5776 eos
1338 5727 1697 5793 agnoscimus.
1725 5726 1796 5779 Ita
1841 5742 1926 5782 res
1961 5743 2018 5781 se
2057 5728 2216 5780 habet

671 5816 718 5858 et
754 5807 913 5863 rebus
946 5809 996 5863 in
1025 5812 1159 5869 aliis.
1188 5815 1240 5869 Si
1269 5831 1520 5872 numerus
1545 5817 1609 5870 de
1633 5818 1837 5873 naturis
1871 5819 2208 5887 prmdicetur,

2304 2019 2538 2088 ἑκάτερα
2570 2017 2667 2088 τῆς
2720 2018 3010 2088 μεσότητος
3051 2020 3298 2082 ἀτοπίας,
3327 2020 3451 2073 ὅσαι
3497 2020 3564 2074 ἂν
3591 2020 3687 2073 καὶ
3720 2016 3843 2078 εἷεν,

2301 2108 2692 2178 ὲξοστρακίζει,
2729 2109 2822 2162 καὶ
2857 2111 3004 2178 μένει
3035 2111 3226 2179 βεϐαία
3247 2113 3339 2164 καὶ
3367 2111 3762 2180 άμετακίνητος
3795 2116 3848 2164 ὲν

2300 2202 2366 2270 τῇ
2400 2203 2498 2268 τῆς
2535 2198 2789 2268 ἀληθείας
2838 2199 3114 2269 μεσότητι.
3155 2199 3337 2253 Ταῦτα
3373 2202 3519 2270 παρὰ
3560 2203 3660 2272 τῆς
3691 2204 3849 2269 ἁγίας

2301 2292 2563 2360 τετάρτης
2621 2291 2837 2343 συνόδου
2886 2292 3073 2354 αὑταῖς
3129 2291 3334 2356 λέξεσιν
3389 2294 3694 2363 ὁρισθέντα,
3762 2297 3849 2347 καὶ

2302 2381 2698 2449 ἐκφωνηθέντα,
2739 2382 2832 2434 καὶ
2862 2381 3196 2450 κηρυχθέντα
3231 2386 3357 2452 περὶ
3401 2385 3494 2436 τού
3532 2386 3671 2438 κατὰ
3717 2387 3848 2455 Χρι-

2303 2471 2424 2522 στὸν
2451 2469 2770 2539 μυστηρίου,
2800 2470 2881 2532 τίς
2905 2473 3048 2522 ἐστιν
3076 2471 3152 2535 ὃς,
3185 2472 3280 2525 καὶ
3317 2472 3486 2540 ὑγιεῖς
3523 2473 3620 2536 τὰς
3651 2476 3850 2543 φρένας

2301 2561 2459 2629 ἔχων,
2499 2561 2710 2629 φήσειε,
2740 2560 2835 2630 τὴν
2877 2562 3144 2631 τετάρτην
3177 2554 3390 2614 σύνοδον
3425 2566 3751 2633 συμφρονεῖν
3779 2564 3851 2632 τῷ

2301 2652 2598 2718 Νεστορίῳ,
2643 2639 2826 2722 καὶτῇ
2870 2651 2964 2703 ἀπ’
2997 2650 3158 2704 αὑτοῦ
3211 2652 3496 2725 κακοδοξίᾳ
3540 2655 3850 2719 συναπάγε-

2303 2740 2458 2806 σθαι;
2495 2741 2690 2809 μᾶλλον
2723 2741 2822 2811 μὲν
2847 2737 2939 2794 οὖν
2967 2741 3070 2794 ὑπὸ
3097 2742 3297 2811 ταύτης
3325 2743 3423 2810 τῆς
3469 2743 3686 2796 συνόδου
3720 2744 3850 2796 ἀνα·

2303 2835 2693 2904 θεματισθέντα
2731 2835 2824 2888 τόν
2859 2853 2918 2888 τε
2953 2836 3256 2906 Διόσκορον,
3290 2839 3384 2890 καὶ
3417 2838 3727 2908 Νεστόριον,
3765 2842 3855 2891 καὶ

2304 2925 2566 2993 Εὑτυχέα,
2619 2925 2686 2979 τὰ
2732 2928 2796 2979 ἐκ
2833 2926 3126 2997 διαμέτρου
3173 2928 3318 2980 κακὰ
3355 2931 3446 2982 καὶ
3489 2930 3726 2999 ὁμόττμα
3760 2933 3859 2999 τὴν

2304 3014 2461 3068 ἀσέὂε
2474 3031 2577 3067 ιαν.
3269 3085 3273 3089 γ

2375 3103 2447 3166 ς’.
2479 3107 2537 3157 Et
2567 3105 2622 3157 δέ
2656 3121 2713 3158 σε
2733 3105 2792 3158 τὸ
2815 3106 2992 3159 δισσὸν
3017 3107 3122 3160 τῶν
3151 3109 3362 3176 φύσεων
3395 3110 3734 3178 ἐκταράττει.
3765 3112 3856 3163 καὶ

2256 3241 2271 3267 ._
2305 3195 2462 3264 ὴτῆς
2489 3196 2674 3259 δυάδος
2701 3197 2795 3248 τού
2832 3196 3064 3266 ἀριθμοῦ
3106 3197 3414 3266 ἑκφὼνησις
3451 3200 3762 3267 παραυτίκα
3800 3202 3859 3251 τὸ

657 3279 861 3332 sionem
893 3281 1151 3350 suggerit,
1189 3282 1535 3352 opinarisque
1559 3299 1771 3339 omnem
1805 3301 2084 3341 numerum
2113 3304 2206 3358 per
2233 3264 2276 3324 ο

2239 4595 2285 4651 ο

2305 3286 2626 3355 διῃρημένον
2651 3287 2756 3338 τῶν
2784 3288 3119 3356 πραγμάτων
3149 3288 3432 3359 ύποτίθησί
3480 3307 3537 3340 σε
3567 3293 3726 3352 νοεῖν,
3763 3293 3857 3342 καὶ

2305 3377 2512 3448 λογίζῃ,
2536 3379 2615 3431 ὅτι
2653 3381 2758 3441 πᾶς
2786 3380 3010 3448 ἀριθμὸς
3057 3378 3165 3432 τῶν
3199 3380 3572 3433 ίδιοσυστάτων
3604 3385 3858 3449 πραγμά-

2304 3485 2409 3519 των
2443 3467 2556 3520 ἐστὶ
2595 3468 2905 3536 δηλωτικὸς,
2947 3468 3329 3537 ἀμαθαίνοντὸς
3355 3472 3468 3521 ἐστι
3509 3471 3681 3531 τοῦτο,
3713 3471 3854 3539 ἢπερ

2305 3559 2524 3622 εἰδότος.
2572 3559 2778 3612 Οὐκοῦν
2822 3560 3179 3630 διορισώμεθα
3219 3560 3305 3612 διὰ
3336 3559 3597 3629 βραχέων,
3629 3561 3745 3622 πῶς
3779 3562 3856 3612 δεῖ

2308 3649 2434 3718 περὶ
2459 3649 2642 3711 δυάδος
2683 3651 2774 3701 καὶ
2812 3649 2901 3700 τοῦ
2943 3648 3127 3701 λοιποῦ
3151 3649 3348 3710 παντὸς
3390 3649 3622 3717 ἀριθμοῦ
3654 3651 3852 3718 ἀκριϐῆ

2307 3739 2510 3792 ἔννοιαν
2541 3740 2703 3809 ἔχειν.
2739 3741 2797 3792 '0
2826 3739 2932 3809 γὰρ
2963 3739 3190 3809 ἀριθμὸς
3223 3739 3411 3801 διττῶς
3436 3739 3674 3808 λέγεται,
3701 3743 3728 3791 ὁ
3759 3741 3854 3807 μέν

2307 3847 2386 3892 τις
2417 3827 2596 3891 ἁπλῶς
2627 3832 2721 3883 καὶ
2755 3829 2870 3883 καθ’
2898 3831 3106 3895 ἑαυτὸν,
3132 3832 3160 3882 ὁ
3189 3830 3246 3882 δὲ
3283 3831 3339 3881 ὲν
3365 3829 3544 3898 σχέσει
3591 3831 3682 3882 καὶ
3714 3832 3854 3898 πρά-

2309 3935 2483 3988 γματι
2523 3919 2913 3988 θεωρούμενος,
2955 3917 3143 3987 ὥσπερ
3177 3919 3386 3982 λευκὸν,
3435 3918 3470 3988 ἥ
3504 3935 3561 3970 τε
3600 3919 3856 3987 λευκότης

2309 4010 2401 4061 καὶ
2456 4009 2516 4061 τὸ
2559 4008 3003 4079 λελευκασμένον.
3059 4009 3205 4077 Δὺτὴ
3247 4009 3426 4061 τοίνυν
3467 4010 3498 4078 ή
3556 4009 3712 4076 φύσις
3764 4011 3854 4062 τού

2307 4098 2538 4168 ἀριθμοῦ
2566 4097 2689 4152 καθ’·
2719 4099 2916 4167 ἑαυτὴν
2939 4097 3061 4151 οὗτε
3083 4098 3360 4157 συνάπτει,
3391 4096 3512 4150 οὔτε
3537 4098 3762 4167 διαιρεῖ·
3794 4099 3852 4150 ού

2309 4189 2416 4256 γὰρ
2443 4188 2555 4256 έχει
2588 4188 2919 4257 ὑποκείμενα
2948 4189 3266 4258 πράγματα.
3308 4187 3416 4240 Καὶ
3437 4186 3542 4254 γὰρ
3573 4189 3600 4238 ὁ
3627 4185 3854 4254 ἀριθμὸς

2309 4280 2468 4342 αὐτὸς
2496 4279 2616 4332 καθ’
2641 4279 2849 4343 ἑαυτὸν,
2878 4278 2999 4331 οὔτε
3033 4277 3312 4340 συνάπτει,
3343 4274 3465 4328 οὕτε
3496 4276 3710 4345 διαιρεῖ,
3740 4278 3850 4329 ἀλλ’

2309 4370 2591 4440 ἀμφότερα
2626 4357 2834 4439 δέχέται
2862 4371 2926 4438 τῇ
2959 4369 3085 4438 ποιᾷ
3117 4368 3316 4436 σχέσει.
3341 4361 3512 4436 Οἴονὴ
3533 4367 3681 4430 δυὰς,
3709 4369 3850 4437 καὶὴ

2308 4461 2524 4531 τετρὰς,
2548 4462 2595 4512 εί
2617 4461 2711 4530 μὲν
2727 4461 2821 4522 τὰς
2841 4460 3068 4528 μονάδας
3089 4459 3329 4527 θεωρεῖς,
3348 4459 3405 4523 ἐξ
3423 4452 3496 4509 ὧν
3511 4459 3850 4528 συνέστηκεν,

2312 4554 2389 4613 εἰς
2405 4550 2602 4613 ταύτας
2623 4551 2924 4615 διαιρεῖται·
2947 4551 2996 4602 εί
3015 4549 3069 4601 δὲ
3092 4548 3188 4616 τὴν
3216 4550 3414 4617 μονάδα
3433 4549 3633 4600 τούτων
3657 4551 3851 4616 ζητεῖς,

2310 4643 2372 4693 ἐκ
2392 4641 2591 4694 τούτων
2615 4641 2940 4693 συνάπτεται
2959 4654 2973 4668 ·
3006 4639 3096 4690 δύο
3130 4639 3235 4708 γὰρ
3271 4640 3360 4690 καὶ
3384 4639 3494 4698 δύο,
3516 4639 3751 4706 εἰτύχοι,
3775 4640 3850 4700 είς

2308 4732 2547 4802 τέσσαρα
2566 4732 2909 4794 συνάπτεται,
2925 4730 2989 4781 τὰ
3009 4729 3064 4780 δὲ
3088 4730 3324 4798 τέσσαρα
3339 4730 3414 4790 εἰς
3428 4728 3519 4780 δύο
3547 4731 3634 4780 καὶ
3656 4728 3746 4780 δύο
3773 4727 3848 4779 δι-

2309 4825 2558 4890 αιρεῖται.
2585 4822 2747 4873 Ὥστε
2772 4821 2966 4881 παντὸς
2997 4818 3354 4887 ἀληθέστερον
3383 4819 3554 4870 εἰπεῖν
3581 4819 3677 4884 τὴν
3699 4817 3852 4886 φύσιν

2309 4913 2401 4966 τοῦ
2429 4912 2657 4981 ἀριθμοῦ
2684 4913 2846 4982 μηδὲν
2864 4911 3238 4982 ἀφωρισμένον
3261 4909 3421 4977 ἔχειν,
3450 4910 3584 4977 μήτε
3611 4910 3670 4961 τὸ
3691 4925 3853 4978 κεχωο

2315 5003 2583 5073 ρισμένον,
2617 5003 2750 5071 μήτε
2783 5002 2843 5054 τὸ
2876 5001 3171 5072 ἡνωμένον,
3203 5002 3259 5052 ὲν
3289 5000 3344 5052 δὲ
3377 5003 3442 5070 τῇ
3467 5000 3575 5051 τῶν
3607 5002 3851 5070 πραγμάέ

2310 5112 2413 5146 των
2471 5094 2734 5162 ἐπιπλοκῇ
2813 5095 2905 5146 καὶ
2988 5092 3229 5144 συνθέσει
3287 5092 3444 5143 τοῦτο
3515 5091 3847 5157 ὑφίστασθαι.

2323 5184 2551 5252 Ἀμαθὲς
2599 5181 2690 5237 οὖν
2724 5187 2784 5236 τὸ
2815 5187 2881 5253 τῇ
2933 5183 3090 5253 φύσει
3144 5181 3238 5235 τού
3277 5181 3507 5252 ἀριθμοῦ
3552 5183 3848 5248 ἁναγκαῖως

2310 5278 2407 5346 τὴν
2448 5277 2706 5346 διαίρεσιν
2750 5276 2855 5329 τῶν
2889 5275 3224 5345 πραγμάτιον
3269 5275 3494 5326 ἕπεσθαι
3532 5273 3847 5340 νομοθετεῖν,

2312 5369 2445 5420 ἀλλὰ
2473 5368 2545 5436 μὴ
2561 5372 2624 5437 τῇ
2647 5367 2752 5422 τῶν
2778 5359 3106 5438 πραγμάτων
3130 5367 3378 5437 ἡνωμένη
3402 5383 3484 5433 γε,
3505 5365 3536 5435 ἢ
3559 5365 3847 5434 διῃρημένη

2313 5458 2493 5524 φύσει,
2525 5458 2614 5509 τὸν
2643 5458 2872 5526 ἀριθμὸν
2898 5460 3120 5524 σημεῖον
3149 5458 3418 5510 ποιεῖσθαι
3445 5458 3536 5511 τοῦ
3564 5459 3727 5512 ποσοῦ
3751 5461 3848 5511 τῶν

2315 5548 2706 5616 ὑποκειμένων,
2728 5549 2882 5601 ἄλλου
2917 5547 3077 5615 λόγου
3108 5550 3200 5600 καὶ
3218 5549 3278 5600 οὐ
3315 5550 3406 5602 τοῦ
3431 5549 3664 5619 ἀριθμοῦ
3687 5550 3847 5603 ταῦτα

2313 5635 2639 5704 διαιροῦντος
2681 5639 2768 5689 καὶ
2804 5638 3177 5699 συνάπτοντος.
3238 5639 3344 5691 Καὶ
3383 5639 3487 5709 γάρ
3513 5640 3644 5693 δέκα
3674 5643 3850 5710 πήχεις

2313 5727 2542 5796 λέγομεν
2571 5728 2664 5780 τοῦ
2702 5729 2971 5795 συνεχοῦς,
3005 5731 3050 5780 εί
3098 5729 3268 5797 τύχοι,
3312 5727 3488 5793 ξύλου,
3524 5731 3585 5782 ού
3630 5733 3849 5785 συνδιαι-

2318 5818 2530 5887 ροῦντες
2561 5819 2632 5885 τῷ
2663 5817 2874 5887 ἀριθμῷ
2907 5820 2993 5872 καὶ
3027 5819 3119 5888 τὴν
3151 5821 3368 5887 ἑνότητα
3396 5821 3493 5889 τὴν
3524 5822 3580 5872 ἐν
3612 5822 3691 5891 τῷ
3715 5824 3852 5894 65:31-
