3934 6316
688 315 791 381 6οἸ

1951 311 2240 371 NICET/E
2283 311 2681 374 BYZANTINI

3814 323 3900 382 [λιιι

689 442 799 480 non
847 439 942 493 per
969 438 1086 478 sese
1122 420 1492 476 evsistentiam
1535 419 1826 473 habebunt.
1859 418 2031 483 Quare
2077 421 2249 472 mani-

2356 422 2507 472 κείαν
2547 420 2781 490 ὓπαρξιν
2807 422 3200 486 ἐπιδείκνυται,
3236 423 3328 476 καὶ
3361 424 3755 494 ἀριθμούμενα
3795 426 3917 492 λὸῖρι

689 516 888 570 festum
923 517 1013 577 tit,
1042 529 1143 567 non
1191 528 1407 566 omnem
1453 526 1737 566 numerum
1777 525 1864 563 res
1903 525 2001 578 per
2030 525 2087 564 se
2115 511 2247 564 sub-

688 610 942 662 sistentes
975 606 1233 659 indicare.
2096 590 2102 600 “

2359 511 2451 562 καὶ
2493 512 2679 581 τρόπῳ
2712 513 2810 580 τῆς
2855 513 3135 583 διαφορᾶς,
3172 512 3435 584 διαίρεσιν
3482 513 3579 566 τοῦ
3638 515 3917 586 ἀνθρώπωι

2353 602 2451 654 οὐκ
2481 603 2782 667 εἰσάγουσι.
2819 603 2973 673 Μέρη
3007 603 3104 672 μὲν
3131 603 3237 673 γὰρ
3273 605 3486 675 ρηίᾉεῖεν
3515 605 3839 676 ἀνθρώπου,
3869 628 3917 660 σε

687 699 855 766 δήπου
889 696 987 765 μὲν
1034 695 1126 748 καὶ
1156 697 1275 762 καθ’
1304 695 1471 749 ἑαυτά
1509 696 1606 765 τὴν
1639 695 1868 767 ὕπαρξιν
1905 697 2045 768 ἔχει.
2082 697 2242 748 Ὥστε
2284 693 2463 762 δῆλον,
2491 697 2572 749 ὅτι
2601 699 2660 749 οὑ
2683 698 2787 759 πᾶς
2813 697 3042 768 ἀριθμὸς
3062 697 3169 750 τῶν
3232 698 3616 752 ίδιοσυστάτων
3681 707 3917 769 xpendi,

685 811 793 846 των
824 793 937 846 ἐστὶ
965 792 1276 862 δηλωτικός.

701 889 717 910 τ
762 883 814 934 7.
846 882 984 938 Cum
1018 892 1197 936 autem
1230 891 1488 949 praeterea
1549 889 1775 951 propter
1799 881 2119 936 divisionem
2154 898 2255 938 na-

688 983 928 1028 turarum
953 983 1006 1028 et
1033 974 1441 1042 proprietatum,
1490 984 1734 1028 sanetam
1787 987 1839 1030 et
1867 976 2254 1030 meumenieam

687 1072 938 1132 quartam
965 1062 1230 1132 synodum
1257 1061 1545 1116 criminose
1572 1063 1948 1126 calumniaris,
1976 1064 2132 1132 quasi
2162 1063 2253 1119 illa

690 1153 924 1222 probans
957 1151 1092 1206 duas
1144 1161 1368 1206 naturas
1413 1163 1466 1207 et
1501 1152 1853 1222 proprietates
1905 1162 2246 1216 naturarum,

690 1243 1020 1304 omnimodis
1053 1259 1175 1300 cum
1203 1228 1453 1298 Nestorio
1487 1244 1790 1306 conveniat,
1820 1254 2137 1297 naturarum
2168 1244 2251 1297 di-

688 1337 951 1391 visionem
978 1336 1346 1401 introducens,
1368 1345 1755 1404 proptereaque
1787 1351 1890 1389 non
1926 1351 2048 1391 esse
2111 1337 2250 1392 hanc

689 1427 952 1496 synodum
990 1442 1017 1480 a
1054 1426 1209 1489 nobis
1262 1426 1644 1495 recipiendam,
1694 1441 1790 1480 nos
1835 1427 2245 1495 respondentes,

689 1530 744 1575 et
769 1522 1053 1576 divisionis
1103 1520 1554 1592 propiietatisque
1588 1522 1848 1578 rationem
1874 1523 2245 1592 explanantes,

686 1609 919 1664 dicimus
964 1607 1164 1664 Christi
1217 1618 1460 1670 naturas,
1517 1610 1767 1665 deitatem
1813 1627 2004 1681 nempe
2055 1621 2106 1666 et
2153 1613 2247 1666 hu-

639 1749 644 1753 .
688 1701 1028 1765 ntanitatem,
1064 1717 1129 1755 ex
1183 1702 1382 1770 quibus
1409 1711 1462 1755 et
1495 1703 1546 1755 in
1579 1702 1777 1772 quibus
1808 1704 2026 1758 unicum
2077 1706 2239 1773 hypo-

2433 879 2497 944 ζ’.
2543 876 2760 948 Ἐπειδὴ
2802 876 2858 930 δὲ
2904 877 2996 930 καὶ
3031 877 3157 947 περὶ
3206 876 3521 948 διαιρέσεως
3565 877 3678 930 τῶν
3715 879 3917 947 φύσεων

2363 971 2455 1022 καὶ
2499 971 2606 1022 τῶν
2640 969 2916 1040 ἰδιοτήτων
2939 967 3128 1038 μῶμον
3162 968 3400 1037 συνῆψας
3434 970 3501 1038 τῇ
3545 969 3681 1039 ἁγία
3719 972 3815 1023 καὶ
3851 976 3917 1022 εξ.

2361 1064 2662 1132 κουμενικῇ
2713 1063 2949 1133 τετάρτῃ
3005 1061 3228 1130 συνόδῳ,
3261 1061 3334 1123 ὼς
3365 1060 3526 1130 δῆθεν
3558 1061 3801 1128 λέγουσα
3838 1063 3917 1115 ξύει

2359 1153 2549 1221 φύσεις
2598 1152 2690 1206 καὶ
2732 1152 3000 1223 ἰδιότητας
3039 1152 3148 1204 τῶν
3182 1152 3420 1221 φύσεων,
3460 1151 3769 1216 ὲξάπαντος
3797 1171 3917 1222 quam

2357 1245 2524 1310 φωνεῖ
2543 1241 2620 1312 τῷ
2644 1241 2933 1312 Νεστορίῳ,
2957 1243 3214 1313 διαίρεσιν
3233 1243 3339 1296 τῶν
3363 1242 3576 1311 φύσεων
3598 1245 3909 1312 ἐμποιοῦσι,

2355 1333 2450 1385 καὶ
2484 1332 2570 1386 διὰ
2601 1332 2758 1386 τοῦτο
2802 1333 2900 1385 οὑκ
2927 1331 3069 1385 ἔστιν
3096 1333 3397 1387 ἀπδεκτέα
3435 1332 3572 1402 αὕτη
3631 1336 3664 1403 ἠ
3715 1333 3909 1394 σύνοδος

2354 1424 2486 1494 παρ’
2533 1423 2716 1494 ἡμῶν,
2751 1423 3316 1493 ὑπεραπολογούμενοι
3336 1420 3450 1489 οὖν,
3480 1426 3572 1477 καὶ
3601 1426 3910 1493 διασαφοῦν-

2349 1532 2437 1577 τες
2469 1514 2560 1566 τὸν
2593 1515 2720 1584 περὶ
2763 1513 3077 1584 διαιρέσεως
3125 1515 3222 1568 καὶ
3292 1515 3551 1584 ἰδιότητος
3599 1515 3786 1582 λόγον,
3823 1535 3908 1584 ςα-

2353 1609 2472 1677 μὲν,
2520 1607 2620 1672 τὰς
2647 1607 2836 1677 φύσεις
2876 1608 2971 1660 τοῦ
3014 1606 3272 1677 Χριστοῦ,
3308 1608 3477 1678 ἤγουν
3507 1609 3655 1679 φημὶ
3680 1608 3784 1678 τὴν
3810 1609 3908 1660 6εὸ-

2347 1715 2482 1768 τητα
2527 1697 2620 1751 καὶ
2651 1699 2750 1767 τὴν
2784 1697 3196 1768 ἀνθρωπὸτητα,
3235 1697 3294 1762 ὲξ
3351 1692 3426 1751 ὧν
3452 1700 3545 1751 καὶ
3580 1700 3641 1750 ὲν
3667 1692 3760 1762 αἷς
3793 1701 3819 1751 ὁ
3841 1694 3908 1760 εἷς

691 1799 902 1844 stascos
935 1789 1098 1843 veluti
1136 1798 1308 1844 totum
1352 1791 1804 1859 contemplanmr,
1837 1791 1881 1845 si
1927 1792 2048 1860 quis
2088 1791 2245 1845 intel-

2356 1764 2450 1859 τῆς
2479 1764 2826 1851 ὑποστάσεως
2872 1764 2946 1851 ὧς
2990 1764 3108 1850 ὅλος
3158 1788 3542 1858 ὲνθεωρεῐται,
3602 1790 3651 1841 ει
3699 1788 3801 1858 μὲν
3855 1792 3904 1854 τῇ

689 1880 828 1934 lectu
859 1889 911 1934 et
961 1881 1192 1944 ratione,
1219 1880 1599 1949 proprietates,
1631 1880 1872 1950 inquam,
1897 1897 2018 1936 cum
2039 1883 2249 1938 naturis

688 1967 955 2032 diviserit,
987 1983 1092 2022 non
1129 1983 1255 2022 vero
1305 1971 1622 2024 exsistcntia
1656 1980 1709 2023 et
1757 1981 1900 2035 actu,
1951 1986 2124 2040 neque
2157 1973 2236 2026 ab-

683 2056 873 2120 surde,
921 2071 1097 2126 neque
1148 2057 1414 2113 inerudite
1460 2057 1678 2124 fecerit;
1731 2059 1832 2114 hoc
1873 2060 2040 2126 enim,
2092 2071 2149 2116 ut
2176 2062 2248 2118 ita

691 2147 886 2213 dicam,
912 2164 1103 2203 omnes
1131 2149 1319 2206 Patres
1361 2163 1542 2220 aperte
1570 2152 1830 2208 clamant.
1871 2152 2010 2207 Audi
2043 2154 2247 2222 Grego-

690 2237 830 2292 rium
857 2236 1188 2309 Tbeologum
1222 2240 1488 2295 dicentem
1522 2259 1535 2295 :
1570 2241 1700 2296 Cum
1731 2252 1937 2297 natura:
1965 2244 2245 2315 cogitatio.

692 2328 845 2382 nibus
892 2339 1226 2399 separantur,
1281 2324 1683 2386 subdivid'nntur
1727 2343 1776 2386 et
1809 2335 2042 2398 nomina,
2089 2336 2246 2405 quasi

696 2418 920 2485 diceret,
961 2422 1103 2490 quod
1138 2422 1460 2492 cogitatione
1502 2424 1764 2479 asseritur
1795 2426 1855 2480 tit
1888 2426 1954 2481 ad
1997 2426 2248 2482 diil'eren-

690 2511 820 2564 tiam
850 2510 1154 2576 divisionis,
1186 2528 1308 2582 qua:
1349 2522 1475 2567 actu
1535 2523 1590 2569 et
1633 2515 1947 2571 exsistentia
1979 2527 2081 2582 est,
2102 2534 2244 2586 eam,

692 2617 856 2673 quam
891 2603 1208 2674 longissime
1246 2604 1565 2673 abjicientes
1604 2615 1727 2661 artu
1759 2607 1976 2677 quidem
2022 2617 2245 2666 naturas

689 2708 813 2748 esse
849 2703 901 2748 et
929 2694 1035 2749 dici
1068 2695 1304 2759 tradunt,
1337 2696 1530 2750 barum
1554 2713 1680 2752 vero
1705 2697 2025 2754 divisionem
2049 2699 2246 2769 cogita-

694 2783 841 2853 tione
859 2793 1190 2854 acceperunt
1222 2804 1235 2839 :
1272 2801 1388 2856 quae
1413 2786 1575 2842 rebus
1605 2787 1736 2856 ipsis
1765 2786 1937 2842 divisa
1963 2801 2068 2842 non
2095 2797 2241 2852 sunt,

695 2877 948 2939 tanquam
985 2871 1154 2925 divisa
1192 2872 1398 2928 ratione
1427 2885 1793 2944 supponentes
1817 2885 2031 2946 propter
2055 2877 2245 2932 immu-

694 2955 908 3010 tabilem
944 2958 1253 3024 unitorum,
1292 2962 1454 3015 etiam
1501 2972 1620 3031 post
1669 2964 1947 3029 unionem,
1991 2965 2244 3020 diﬂ'eren-

693 3048 820 3101 tiam
857 3058 909 3102 et
949 3054 1368 3120 proprietatem;
1419 3063 1474 3106 ιιι
1501 3053 1612 3122 jam
1670 3056 1873 3108 clarum
1905 3056 1994 3122 sit,
2039 3057 2141 3110 dici
2179 3057 2244 3111 de

694 3140 906 3194 naturis
937 3151 988 3194 et
1019 3144 1439 3213 proprietatibus
1469 3145 1810 3211 divisionem,
1843 3164 1963 3216 quae
1985 3164 2048 3201 ex
2087 3149 2245 3215 intel-

692 3229 832 3283 lectu
859 3241 959 3296 est,
991 3247 1165 3301 neque
1195 3233 1246 3286 in
1292 3249 1564 3303 quoquam
1601 3251 1631 3288 a
1676 3252 1800 3290 vero
1859 3239 2248 3306 aberrabimus,

694 3318 821 3372 licet
849 3319 916 3372 de
967 3336 1029 3374 ea
1059 3330 1245 3374 saneta
1274 3331 1326 3375 et
1373 3323 1709 3379 meumenica
1769 3334 1959 3392 quarta
2015 3328 2251 3396 synodus

697 3401 830 3461 nihil
854 3409 1112 3474 tradidit;
1148 3412 1503 3468 nihilominus
1535 3429 1632 3469 nos
1656 3415 1885 3469 dicimus
1914 3434 1926 3467 :
1956 3431 2076 3471 eum
2107 3419 2250 3471 enim

695 3497 1052 3569 integritatem
1081 3501 1382 3573 hypostasis
1400 3506 1596 3560 Christi
1615 3515 1824 3561 contem
1834 3507 2065 3576 piantur,
2083 3517 2254 3562 totum

701 3591 885 3645 animo
919 3592 1208 3662 agitamus,
1240 3595 1454 3664 quando
1479 3605 1646 3657 totum
1677 3613 1740 3650 ex
1772 3600 2016 3666 partibus
2053 3599 2253 3654 conﬂu-

701 3687 811 3742 tur,
840 3694 894 3737 ct
933 3683 983 3736 in
1033 3684 1273 3752 partibus
1306 3686 1699 3749 consideratur,
1760 3697 1813 3741 et
1867 3697 1978 3742 tum
2038 3690 2256 3759 potissi-

703 3786 849 3824 mum
907 3788 1028 3827 cum
1090 3789 1155 3826 ex
1203 3775 1556 3830 dissimilibus
1613 3779 1974 3853 componitur,
2027 3782 2257 3835 servatis

701 3876 897 3931 nempe
953 3863 1240 3919 inconfuse
1288 3866 1531 3934 partibus
1590 3868 1640 3920 in
1681 3869 1898 3934 unione,
1953 3871 2167 3938 quando
2205 3879 2260 3925 et

700 3960 913 4019 partes,
969 3969 1089 4021 qua:
1147 3955 1201 4007 in
1243 3965 1362 4032 toto
1408 3966 1561 4023 sunt,
1616 3959 1777 4013 totius
1825 3969 2160 4029 reputantur,
2209 3971 2261 4015 et

704 4044 1058 4110 proprietates
1124 4046 1357 4112 partium
1413 4048 1578 4102 totius
1639 4050 2066 4116 reputabuntur,
2140 4051 2262 4106 licet

705 4135 936 4201 partium
971 4139 1183 4205 propria
1215 4152 1391 4191 sermo
1413 4140 1735 4207 cogitatione
1760 4142 2006 4195 dividens
2028 4143 2257 4211 judicat.

711 4223 874 4279 Verbi
913 4229 1084 4294 gratia
1115 4247 1127 4281 :
1163 4228 1324 4284 Visus
1365 4233 1415 4285 in
1450 4235 1709 4296 scnsorio,
1744 4234 1900 4288 oculo
1928 4249 2118 4303 nempe
2147 4236 2262 4291 ﬁeri

707 4318 866 4384 solet,
895 4320 975 4374 sic
1007 4320 1165 4374 etiam
1206 4323 1501 4379 ambulatio
1529 4325 1580 4378 in
1608 4327 1881 4389 cruribus,
1912 4328 2003 4381 sed
2028 4344 2137 4382 non
2179 4330 2262 4382 di-

2349 1877 2565 1947 ἐπινοίᾳ
2617 1893 2700 1938 τις
2741 1875 2834 1929 καὶ
2866 1874 2944 1944 τῷ
2976 1875 3118 1945 λόγῳ
3154 1875 3253 1939 τὰς
3289 1876 3556 1944 ἰδιότητας
3623 1874 3768 1945 μετὰ
3815 1877 3906 1927 τῶν

2350 1967 2562 2036 φύσεων
2593 1967 2810 2038 διαιρεῖ,
2848 1967 2943 2019 καὶ
2990 1967 3088 2036 οὑχ
3120 1967 3346 2037 ὑπάρξει
3391 1967 3483 2019 καὶ
3517 1966 3794 2037 ἐνεργείᾳ,
3822 1969 3904 2018 οὐκ

2349 2057 2453 2122 ἔξω
2489 2056 2583 2110 τοῦ
2628 2058 2833 2119 εἰκότος
2877 2058 3146 2126 ποιήσειεο
3171 2056 3329 2110 τοῦτο
3376 2057 3484 2126 γὰρ
3527 2058 3721 2125 σχεδὸν
3754 2059 3907 2108 εἰπεῖν

2348 2146 2547 2208 πάντες
2594 2147 2644 2199 oi
2683 2146 2924 2215 Πατέρες
2978 2144 3274 2215 διαρρήδην
3312 2144 3639 2215 κεκράγασι.
3671 2145 3783 2198 Καὶ
3814 2148 3904 2212 γὰρ

2346 2237 2646 2307 Γρηγορίου
2674 2236 2767 2289 τοῦ
2797 2236 3058 2304 Θεολόγου
3106 2235 3335 2290 ἄκουσον
3388 2236 3663 2303 λέγοντος·
3714 2234 3902 2290 'Hrluz

2344 2332 2456 2402 γὰρ
2477 2335 2535 2385 αἱ
2557 2333 2772 2402 φύσεις
2794 2333 3125 2386 διίστανται
3150 2331 3277 2397 ταῖς
3303 2331 3616 2396 ἐπινοίαις,
3648 2332 3898 2384 συν-διαί·

2337 2426 2584 2493 ,οοῦνται
2611 2425 2704 2478 καὶ
2738 2425 2810 2478 τὰ
2829 2425 3105 2493 ὀνόματα,
3136 2423 3211 2487 ὡς
3239 2417 3379 2475 εἶναι
3415 2423 3567 2492 τδξτῇ
3595 2423 3809 2491 ἐπινοίᾳ
3830 2422 3896 2472 la-

2343 2517 2592 2587 γόμενον,
2625 2520 2761 2586 πρὸς
2793 2516 3195 2585 άντιδιαστολὴν
3237 2518 3336 2586 τῆς
3367 2515 3486 2567 κατ’
3521 2515 3806 2582 ἐνέργειαν
3821 2515 3901 2565 καὶ

2347 2605 2579 2680 ὕπαρξιν
2607 2608 2970 2678 διαιρέσεως,
3011 2610 3075 2679 ἥν
3100 2609 3174 2671 ὡς
3207 2609 3551 2680 πορρωτάτω
3584 2607 3898 2672 ἀποπεμψά-

2347 2715 2494 2767 μενοι
2523 2699 2588 2766 τῇ
2641 2697 2738 2765 μὲν
2776 2695 3024 2765 ἐνεργείᾳ
3052 2695 3148 2756 τὰς
3177 2694 3364 2762 φύσεις
3413 2689 3556 2746 εἷναί
3587 2706 3648 2744 τε
3693 2693 3787 2742 καὶ
3817 2708 3902 2740 κει-

2343 2788 2550 2841 λεῖσθαί
2594 2804 2744 2857 φασι,
2771 2786 2868 2856 τὴν
2920 2788 2975 2838 δὲ
3009 2785 3209 2838 τούτων
3247 2784 3506 2853 διαίρεσιν
3536 2781 3659 2835 κατ’
3681 2783 3904 2834 ὲπίνςιπν

2343 2880 2569 2947 ἔλαϐον,
2600 2880 2668 2932 τὰ
2734 2879 2809 2947 μὴ
2871 2877 3169 2947 διῃρημένα
3218 2877 3328 2938 τοῖς
3375 2874 3694 2943 πράγμασιν
3742 2872 3813 2933 ὡς
3841 2872 3903 2921 ὀι-

2345 2972 2598 3044 ῃρημένα
2633 2969 2708 3039 τῷ
2764 2969 2904 3037 λόγῳ
2960 2965 3352 3034 ὑποτιθέμενοι,
3409 2964 3497 3016 διὰ
3530 2965 3627 3033 τὴν
3657 2963 3901 3032 ἄτρεπτον

2345 3062 2452 3114 τῶν
2487 3058 2910 3122 ἐνωθέντων,καὶ
2945 3057 3077 3127 μετὰ
3110 3056 3205 3127 τὴν
3225 3056 3436 3121 ἕνωσιν,
3457 3055 3717 3124 διαφοράν
3734 3070 3790 3105 τε
3826 3069 3901 3107 και

2356 3150 2780 3219 mummium
2796 3149 2953 3217 δῆλόν
2977 3149 3090 3201 ἐστι
3115 3146 3294 3214 λέγειν
3315 3145 3407 3198 ἐπὶ
3455 3145 3563 3197 τῶν
3588 3144 3800 3219 φύσεων
3827 3145 3899 3195 καὶ

2348 3241 2456 3295 τῶν
2481 3241 2753 3310 ίδιοτήτων
2772 3232 3050 3308 διαίρεσιν,
3072 3237 3166 3308 τὴν
3188 3237 3306 3290 κατ’
3327 3236 3568 3289 ἐπίνοιαν
3596 3235 3896 3302 λεγομένην,

2354 3333 2449 3386 καὶ
2500 3332 2651 3384 οὐδὲν
2680 3331 2772 3383 τοῦ
2831 3331 3034 3394 εἰκότος
3063 3329 3531 3399 ἀποσφαλοίμεθα,
3563 3331 3611 3380 εί
3650 3331 3743 3380 καὶ
3794 3329 3901 3394 περὶ

2350 3423 2552 3490 ταύτης
2581 3423 2612 3490 ὴ
2638 3422 2766 3489 ἁγία
2786 3422 2874 3474 καὶ
2900 3420 3245 3490 οἰκουμενικὴ
3267 3421 3500 3490 τετάρτη
3533 3419 3743 3481 σύνοδος
3765 3420 3896 3471 οῶὲν

2353 3513 2682 3584 ἐξεφώνησε.
2717 3514 2853 3581 πλὴν
2885 3507 2975 3566 οὑν
3026 3515 3186 3582 ἡμεῖς
3207 3513 3454 3581 λέγομεν.
3476 3513 3643 3565 Ὅταν
3687 3511 3795 3579 γὰρ
3835 3513 3896 3569 εἰς

2352 3607 2449 3675 τὴν
2469 3606 2694 3674 ὀλότητα
2719 3606 2814 3673 τῆς
2831 3604 3027 3673 κατὰιΧ
3037 3604 3214 3674 ριστὸν
3237 3602 3894 3668 ὑποπάσεωςνὰποὸλὲψω-

2357 3711 2478 3764 μεν,
2523 3695 2582 3747 τὸ
2630 3695 2749 3747 ὅλον
2780 3693 3234 3760 ἀνασκοποῦντες,
3265 3693 3450 3763 ἐπειδὴ
3490 3693 3549 3745 τὸ
3587 3693 3700 3745 ὅλον
3731 3693 3793 3743 ὲκ
3818 3708 3917 3768 μεχ

2361 3786 2468 3855 ρῶν
2525 3784 2828 3853 σύγκειται,
2873 3784 2964 3836 xai
3000 3785 3058 3836 ὲν
3093 3786 3200 3845 τοῖς
3237 3783 3428 3853 μέρεσι
3477 3783 3777 3851 θεωρεῖται,
3819 3783 3893 3833 καὶ

2362 3876 2594 3946 μάλιστα
2626 3875 2752 3928 ὅταν
2802 3874 2860 3938 ἐξ
2902 3874 3310 3942 ἀνομοιομερῶν
3348 3875 3647 3941 ’σύγκειται
3687 3875 3746 3924 τὸ
3771 3874 3890 3928 ὅλον,

2323 3967 2680 4035 -σωξομένων
2727 3966 2967 4032 δηλονότι
3029 3964 3345 4033 άσυγχύτως
3378 3963 3486 4015 τῶν
3531 3963 3706 4033 μερῶν
3755 3965 3806 4015 ἐν
3839 3965 3888 4028 τῇ

2361 4057 2566 4116 ἑνώσει,
2599 4055 2782 4123 ἐπειδὴ
2819 4055 2886 4107 τὰ
2919 4055 3055 4125 μέρη
3084 4056 3139 4106 ὲν
3165 4054 3242 4123 τῷ
3271 4054 3376 4122 ὅλῳ
3425 4054 3790 4122 ἐνυπάρχοντα
3816 4050 3890 4101 to}

2363 4150 2486 4201 ὅλου
2545 4146 2868 4213 λογίζονται,
2907 4147 2998 4198 καὶ⁷
3035 4145 3103 4197 τὰ
3150 4144 3414 4213 ἰδιώματα
3468 4143 3576 4194 τῶν
3617 4142 3790 4213 μερῶν
3815 4140 3888 4191 τον]

2362 4239 2482 4291 ὅλου
2511 4235 2940 4304 λογισθήσονται,
2975 4236 3022 4285 εἰ
3068 4234 3160 4286 καὶ
3195 4233 3302 4286 τῶν
3330 4223 3508 4302 μερῶν
3537 4232 3610 4293 ὼς
3644 4230 3745 4282 ῑδια
3772 4224 3887 4280 εἶναι

2363 4331 2390 4380 ὁ
2415 4329 2565 4393 λόγος
2595 4330 2656 4394 τῇ
2687 4326 2896 4395 ἐπινοίᾳ
2922 4323 3148 4393 διαιρῶν
3186 4323 3379 4393 κρίνειο
3409 4318 3518 4375 οἷόν
3572 4323 3622 4374 τί
3652 4338 3803 4390 φημι·
3840 4320 3884 4369 Ἡ

705 4410 880 4466 cimus
911 4423 1005 4466 aut
1030 4416 1247 4469 oculum
1281 4417 1485 4483 videre,
1514 4428 1608 4472 aut
1634 4433 1792 4471 crura
1816 4417 2130 4486 ambulare;
2164 4421 2252 4474 sed

2360 4419 2545 4489 ὅρασις
2578 4419 2634 4469 ὲν
2667 4415 2744 4485 τῷ
2780 4414 3139 4485 αἱσθητηρίῳ,
3172 4415 3339 4482 ἥγουν
3388 4411 3464 4480 τῷ
3489 4411 3765 4480 ὀφθαλμῷ,
3807 4408 3884 4459 πέ-

709 4499 892 4566 bomo,
923 4503 1014 4572 qui
1044 4519 1106 4558 ea
1142 4515 1396 4575 tanquam
1422 4517 1604 4574 partes
1630 4506 1886 4574 possidet,
1918 4507 2099 4563 videre
2127 4510 2259 4563 dici-

709 4603 798 4646 tur
841 4602 896 4648 et
928 4595 1220 4650 ambulare.
1264 4597 1460 4653 Eodem
1509 4595 1667 4650 modo
1722 4604 1775 4650 et
1814 4597 1878 4650 de
1923 4596 2123 4651 Christi
2158 4599 2258 4668 by-

709 4687 941 4753 postasi:
966 4703 1190 4756 namque
1227 4688 1290 4741 ad
1316 4688 1674 4756 integritatem
1707 4687 1848 4742 illius
1870 4689 2065 4743 mentis
2088 4689 2256 4743 aciem

713 4777 930 4846 ligentes
961 4778 1186 4833 dicimus
1214 4779 1463 4847 Ejusdem
1491 4780 1650 4831 unius
1677 4789 1874 4833 sanctae
1903 4779 2116 4834 Triadis
2141 4778 2260 4832 Filii

711 4867 805 4920 Dei
831 4880 954 4923 sunt
981 4879 1033 4924 ct
1069 4886 1155 4924 res
1177 4871 1491 4923 mirabiliter
1512 4879 1692 4937 gestae,
1727 4878 1780 4923 et
1803 4872 2103 4940 passiones.
2141 4870 2255 4923 Etsi

713 4959 1004 5010 secundum
1035 4960 1193 5012 aliam
1228 4967 1428 5025 partem
1466 4959 1742 5026 passiones
1782 4960 1945 5022 Subit,
2002 4960 2253 5013 humani-

714 5057 873 5101 tatem
896 5047 1122 5111 scilicet,
1146 5048 1443 5102 secundum
1470 5048 1628 5102 aliam
1665 5049 1799 5103 mira
1829 5051 2010 5112 ellieit,
2040 5062 2097 5104 ut
2124 5053 2262 5118 ejus-

711 5141 830 5198 dem
867 5154 1072 5212 na'turae
1134 5156 1256 5192 cum
1307 5140 1416 5193 Deo
1453 5149 1506 5195 et
1554 5140 1726 5206 Patre,
1783 5153 1837 5196 et
1899 5144 2096 5212 Spiritu
2156 5153 2258 5197 est.

715 5207 1145 5300 Rursus‘partcs,
1182 5232 1466 5297 exquibus
1510 5242 1676 5286 totum
1715 5234 2079 5298 constituitur,
2133 5251 2262 5288 cun-

715 5324 941 5378 servatis
976 5322 1080 5374 illis
1111 5319 1393 5375 inconfuse
1427 5323 1478 5374 in
1513 5325 1710 5378 unione
1741 5326 2167 5386 considerantes,
2203 5334 2255 5378 et

715 5414 1071 5470 differentiam
1098 5413 1153 5465 in
1183 5413 1381 5466 unione
1420 5413 1770 5480 invenientes,
1807 5418 1895 5468 ubi
1941 5431 2065 5468 vero
2112 5416 2263 5469 dii]?-

673 5500 682 5505 ’
718 5508 915 5569 rentia,
950 5506 1144 5559 ibidem
1183 5507 1403 5560 omnino
1425 5514 1476 5560 et
1503 5521 1760 5562 numerus
1783 5508 2161 5570 introducitur,
2190 5518 2266 5560 tot

720 5598 952 5653 dicimus
970 5605 1145 5662 partes
1161 5612 1301 5660 esse,
1325 5598 1530 5654 ratione
1547 5598 1901 5661 diSerixninis,
1929 5615 2026 5653 nec
2050 5617 2078 5652 a
2100 5615 2263 5664 scopo

727 5688 1056 5743 aberramus.
1110 5689 1550 5759 Quandoquidem
1580 5691 1708 5746 u'nio
1738 5700 1818 5745 est
1875 5707 2084 5756 eorum,
2144 5707 2263 5758 qua:

2362 4504 2792 4575 qauxs‘yiveoOat,
2842 4503 3097 4571 ὡσαύτως
3140 4502 3194 4554 δὲ
3250 4501 3338 4554 καὶ
3378 4503 3410 4570 ὴ
3454 4500 3654 4568 βάδισις
3699 4502 3754 4550 ὲν
3795 4500 3883 4558 τοῖς

2363 4596 2627 4648 σκέλεσιν·
2663 4595 2775 4647 ἀλλ’
2807 4594 2866 4646 οὑ
2899 4593 3146 4662 λέγομεν,
3177 4595 3256 4645 ὅτι
3298 4592 3325 4643 ὁ
3354 4591 3624 4660 ὀφθαλμὸς
3643 4591 3754 4658 ὁρᾷ,
3779 4591 3804 4656 ἦ
3832 4589 3883 4636 τὰ

2363 4685 2525 4755 σκέλη
2560 4685 2784 4755 βαδίζει,
2803 4685 2914 4737 ἀλλ’
2947 4684 3227 4753 ἅνθρωπος
3254 4684 3280 4734 ὁ
3309 4683 3478 4735 ταῦτα
3507 4682 3641 4751 ἔχων
3672 4681 3738 4741 ὡς
3765 4681 3879 4747 μέρη

2361 4778 2576 4844 λέγεται
2609 4776 2824 4846 βλέπειν
2871 4775 2962 4828 καὶ
3021 4775 3274 4844 βαδίζειν.
3312 4774 3520 4840 Οὑτιοσὶ
3567 4773 3658 4825 καὶ
3688 4770 3768 4823 ἐπὶ
3799 4770 3879 4836 τῆς

2364 4869 2707 4929 ὑποστάσεως
2729 4866 2819 4918 τοῦ
2848 4865 3103 4934 Χριστοῦ.
3140 4866 3308 4919 Ὅταν
3338 4865 3439 4932 γὰρ
3458 4864 3534 4925 εἰς
3565 4862 3661 4931 τὴν
3688 4859 3878 4926 ὀλότητα

2362 4960 2527 5027 αὐτῆς
2543 4958 2849 5026 βλέπωμεν,
2877 4956 3122 5024 λέγομεν,
3158 4954 3329 5006 Αὑτοῦ
3355 4951 3445 5004 τοῦ
3478 4952 3592 5013 ἑνὸς
3623 4950 3714 5017 τῆς
3746 4948 3877 5013 ἁγίας

2363 5051 2611 5119 Τριὰδος,
2659 5047 2903 5100 τουτέστι
2953 5045 3044 5098 τοῦ
3094 5042 3222 5097 Υἱοῦ
3268 5044 3360 5095 τοῦ
3401 5041 3558 5102 Θεοῦ,
3601 5041 3700 5092 εἰσὶ
3737 5041 3795 5091 τά
3831 5053 3874 5087 τε

2364 5141 2636 5211 Θαύματα,
2675 5140 2769 5192 καὶ
2800 5138 2866 5190 τά
2915 5137 3086 5205 πάθη,
3122 5137 3169 5188 εί
3221 5135 3312 5187 καὶ
3361 5134 3477 5186 κατ’
3508 5132 3634 5185 ἄλλο
3661 5133 3803 5201 μέρος
3825 5131 3876 5180 τὰ

2365 5234 2511 5302 πάθη
2543 5232 2855 5301 ἀναδέχεται
2891 5230 3030 5283 κατὰ
3068 5230 3128 5280 τὸ
3168 5226 3526 5295 ἀνθρώπινον,
3562 5225 3678 5276 κατ’
3704 5223 3814 5276 ἄλλο
3834 5221 3874 5271 δὲ

2364 5325 2432 5376 τὰ
2483 5324 2680 5391 σημεῖα
2734 5322 2894 5383 ποιεῖ,
2928 5317 3002 5382 ὼς
3055 5316 3365 5386 ὁμοούσιος,
3396 5313 3634 5382 δηλονότι
3677 5312 3746 5380 τῷ
3781 5309 3874 5377 Θεῷ

2365 5416 2459 5467 καὶ
2490 5414 2684 5482 lla-cpi,
2728 5414 2819 5464 καὶ
2848 5412 2924 5480 τῷ
2954 5409 3251 5478 Πνεύματι.
3283 5406 3448 5459 Ὅταν
3477 5405 3520 5456 δ’
3565 5402 3631 5456 αὖ
3659 5402 3797 5455 πάλιν
3816 5403 3873 5458 εἰς

2366 5507 2432 5557 τὰ
2474 5505 2635 5573 μέρη,
2668 5503 2726 5566 ἐξ
2768 5496 2840 5555 ὧν
2874 5501 2934 5553 τὸ
2982 5502 3098 5553 ὅλον
3127 5498 3424 5566 σύγκειται.
3467 5493 3766 5562 σωζομένων
3796 5487 3848 5542 σὺ

2367 5596 2475 5649 τῶν
2503 5596 2741 5666 δηλονότι
2790 5593 3108 5663 ἀσυγχύτως
3155 5591 3213 5644 ὲν
3251 5591 3317 5660 τῇ
3363 5589 3550 5640 ὲνώσει
3606 5584 3875 5650 σκοπῶμεν.

2371 5689 2461 5742 καί
2509 5691 2606 5754 τῆς
2644 5688 2902 5757 διαφαρᾶς
2931 5688 2987 5738 ὲν
3017 5686 3080 5754 τῇ
3109 5681 3319 5749 ἐνώσει,
3346 5676 3724 5748 εὑρισκομὲνης
3750 5672 3871 5742 (ὅπου
