3934 6316
30 330 104 391 09

902 331 1334 394 REFUTATIO
1358 298 1738 396 Episrom
1766 335 1995 398 REGIS
2029 338 2418 401 ARMENl/E.

3127 355 3236 422 610

29 445 50 493 ὲ
93 438 355 513 διαφορὰ.
394 437 512 494 ἐκεῖ
542 439 757 505 πάντως
793 441 882 495 καὶ
914 443 941 495 ό
983 442 1213 514 ἀριθμὸς
1259 444 1573 512 συνεισάγε-

1679 447 1744 500 ad
1771 448 1975 518 aliquid
2001 458 2129 505 sunt
2161 469 2173 507 :
2206 456 2337 508 unio
2364 455 2509 509 enim
2533 470 2744 526 eorum,
2783 470 2903 530 qua?
2953 463 3236 535 uniuntur,

35 539 106 605 αι)
127 553 140 564 ·
169 537 420 606 δηλονότι
460 537 592 606 τόσα
625 539 854 610 λέγομεν
906 539 974 592 τὰ
1007 538 1148 609 μέρη
1196 541 1461 610 ὑπάρχειν
1495 541 1573 610 τῷ

1675 537 1804 589 unio
1821 546 1922 604 est,
1943 547 2126 608 etquae.
2140 538 2426 611 uniuntur,
2448 548 2645 603 unione
2661 552 2936 608 uniuntur.
2961 555 3050 610 Sic
3071 558 3249 612 etiam,

28 630 141 698 Αγῳ
180 627 288 697 τῆς
335 627 620 699 διαφορᾶς,
666 629 761 684 καὶ
803 630 952 683 οὐδὲν
986 630 1312 700 σφάλλομεν.
1356 630 1574 700 Ἐπειδὴ

1675 634 1842 681 totum
1865 629 2100 697 partium
2125 639 2296 685 totum
2329 640 2433 699 est,
2460 645 2510 690 et
2540 645 2720 706 partes
2747 640 2910 695 totius
2931 653 3130 710 partes.
3161 644 3238 702 Ea

28 739 37 788 ί
70 718 169 787 μὲν
197 719 401 784 ἓνωσις
428 719 537 774 τῶν
572 721 708 791 πρός
754 721 807 774 τί
849 722 986 774 ἐστι.
1018 721 1128 774 Καὶ
1172 721 1278 792 γὰρ
1313 721 1345 792 ἡ
1383 721 1576 782 ἓνωσις

38 811 321 880 νουμένων
377 811 522 864 ἐστὶν
575 813 801 876 ῑνωσις,
849 812 942 866 καὶ
985 815 1052 865 τά
1083 811 1346 882 ἑνούμενα
1385 811 1577 868 ὲνὼσει

37 903 267 954 νοῦνται·
305 901 564 966 ὡσαύτως
595 902 651 956 δὲ
684 903 777 957 καὶ
814 902 872 955 τὸ
900 902 1053 968 ὅλον,
1096 899 1278 973 μερῶν
1310 903 1449 968 ὅλον,
1482 903 1577 956 καὶ

26 999 66 1047 τὰ
103 995 247 1065 μέρη
278 995 402 1048 ὅλου
461 997 620 1065 μέρη.
675 996 755 1048 Τὰ
809 995 864 1048 δὲ
907 995 1039 1065 πρός
1089 1011 1164 1060 τι,
1219 995 1312 1048 ἐὰν
1350 995 1576 1065 θάτερον

26 1086 260 1157 ,νεργείᾳ
307 1081 375 1159 ᾖ,
423 1089 513 1138 καὶ
548 1087 608 1139 τὸ
664 1087 848 1158 ἕτερον
895 1087 1135 1157 δηλονότι
1195 1083 1254 1151 ἐξ
1310 1087 1574 1156 ἀνάγκης.

26 1178 166 1228 Ἔτει
199 1176 299 1229 οὖν
326 1180 360 1248 η
387 1178 525 1232 κατὰ
561 1178 793 1248 Χριστὸν
821 1176 1008 1248 ὅλότης
1034 1177 1125 1229 καὶ
1155 1180 1188 1247 ἡ
1209 1178 1398 1240 ἕνωσις
1425 1179 1576 1246 ὲνερ-

26 1269 124 1335 (si;
156 1269 422 1336 πρόσεστι
471 1269 562 1321 καὶ
593 1268 661 1322 τὰ
691 1268 832 1338 μέρη
862 1268 1116 1339 ἐνεργείᾳ
1137 1267 1370 1332 ἔσονται,
1413 1249 1506 1320 καὶ
1537 1269 1569 1337 ἡ

26 1358 201 1409 εούτων
259 1357 516 1428 διαφορά.
566 1359 629 1411 Ei
678 1357 735 1411 δὲ
782 1355 938 1410 τοῦτο
979 1358 1197 1428 ἀληθὲς,
1245 1357 1434 1428 ὥσπερ
1485 1357 1578 1412 οὖν

26 1454 90 1501 ιαὶ
118 1448 345 1519 ἀληθὶς,
387 1452 415 1503 ό
452 1449 527 1520 μὴ
560 1449 834 1520 ὁμολογῶν
856 1449 924 1502 τὰ
948 1449 1090 1520 μέρη
1130 1451 1262 1503 τόσα
1297 1445 1453 1515 εἶναι,
1487 1449 1579 1520 δη-

24 1542 170 1593 ιονότι
199 1542 327 1594 οὐδὲ
372 1541 432 1594 τὸ
457 1541 577 1595 ὅλον
617 1542 840 1612 φήσειεν
888 1542 953 1595 ἂν
981 1537 1142 1602 εἶναι.
1175 1541 1309 1594 ἀλλὰ
1338 1541 1444 1594 τῶν
1480 1558 1577 1611 με·

24 1636 109 1687 ιῶν
155 1634 256 1704 τῆς
302 1634 567 1703 διαφορᾶς
598 1633 1015 1704 ἀναιρουμένης,
1045 1633 1137 1686 καὶ
1179 1633 1240 1684 τὸ
1282 1632 1402 1685 ὅλον
1448 1632 1579 1702 φθα-

24 1729 251 1792 riserat.
286 1725 398 1778 Kal.
429 1723 509 1788 τίς
538 1723 603 1777 ἂν
633 1724 696 1777 οὑ
728 1725 947 1794 συνήσει
979 1723 1038 1776 τὸ
1076 1723 1308 1789 ἄτοπον;
1338 1721 1593 1792 Φανερδν

24 1820 124 1884 ιρι,
154 1818 238 1869 ὅτι
291 1820 408 1870 ὅσοι
441 1814 540 1884 τὴν
587 1815 715 1883 μίαν
765 1815 1062 1868 ὑπόστασιν
1095 1813 1189 1866 τοῦ
1221 1811 1459 1884 Χριστοῦ
1494 1813 1571 1876 ὡς

1672 733 1831 787 porro
1856 734 1976 789 quae
2007 720 2072 775 ad
2107 721 2310 791 aliquid
2335 735 2482 790 sunt,
2518 729 2563 782 si
2596 745 2765 784 unum
2789 748 2856 786 ex
2885 733 2950 788 iis
2972 742 3094 789 actu
3129 740 3240 800 est,

1675 822 1897 864 necesse
1915 823 2018 876 est,
2052 820 2104 866 et
2127 812 2355 868 alterum
2377 829 2515 872 esse.
2543 816 2678 873 Cum
2724 820 2902 891 itaque
2920 823 3124 880 Christi
3154 823 3240 880 in-

1676 901 1896 971 tegritas
1953 912 2007 958 et
2049 905 2180 983 u-uio
2227 915 2348 960 actu
2383 916 2484 972 est,
2515 919 2677 964 erunt
2710 918 2764 964 et
2806 923 2987 983 partes
3019 919 3243 970 omnino

1673 1001 1821 1055 actu,
1852 1001 1904 1047 et
1928 980 2114 1048 eorum
2141 995 2450 1050 discrimen.
2489 997 2597 1054 Hoc
2632 1003 2676 1055 si
2709 980 2894 1057 verum
2915 1016 3016 1069 est,
3049 1022 3244 1076 quem-

1675 1081 1964 1139 admodum
2011 1100 2196 1138 νει-ιλιι)
2262 1097 2364 1149 est,
2433 1090 2523 1158 qui
2567 1106 2674 1145 non
2729 1095 3014 1150 conﬁtetur
3063 1107 3244 1168 partes

1677 1181 1756 1226 tot
1783 1188 1923 1240 esse,
1957 1189 2136 1244 neque
2163 1185 2334 1230 totum
2361 1177 2638 1234 fatebitur
2669 1197 2808 1247 esse,
2856 1188 2947 1240 sed
3000 1188 3234 1256 pn_rlitttn

1638 1288 1644 1292 -
1676 1262 1978 1320 diﬂcrentia
2012 1266 2244 1334 sublata,
2277 1277 2447 1323 totum
2470 1286 2688 1340 quoque
2716 1275 2976 1330 destruet.
3017 1278 3077 1333 Et
3109 1280 3238 1349 quis

1677 1354 1976 1410 absurdum
2039 1358 2116 1412 rei
2165 1359 2517 1432 ineptumque
2546 1379 2653 1418 non
2685 1367 2900 1434 rapiet?
2936 1367 3088 1424 Patet
3135 1372 3240 1430 ita-

1677 1461 1780 1517 que
1801 1463 1916 1512 eos,
1941 1449 2034 1518 qui
2066 1465 2230 1504 unam
2257 1451 2462 1508 Christi
2489 1455 2843 1524 hypostasim,
2869 1462 3033 1514 veluti
3063 1471 3238 1518 totum
3315 1474 3319 1477 '

1677 1539 1946 1612 quoddam
1991 1559 2056 1598 ex
2127 1546 2328 1602 deitate
2379 1556 2432 1602 et
2487 1546 2840 1604 humanitate
2880 1556 3238 1624 compositum

1678 1633 2024 1702 proﬁtentur,
2061 1646 2242 1705 partes
2273 1639 2408 1694 duas
2438 1640 2646 1696 scilicet
2672 1651 2892 1700 naturas
2923 1648 3238 1703 necessario

1677 1723 1942 1788 fassuros,
1980 1724 2104 1781 licet
2132 1741 2225 1782 vos
2249 1728 2300 1782 id
2337 1729 2609 1785 abnuatis.
2659 1731 2812 1796 Quod
2861 1743 3048 1788 sancta
3077 1733 3242 1792 Chal-

1675 1814 1995 1868 cedonensis
2034 1818 2270 1885 synodus
2300 1819 2474 1887 palam
2509 1822 2890 1891 promulgavit.
3059 1813 3070 1823 ’

24 1912 117 1963 ςλον
151 1927 205 1963 τι
237 1912 306 1963 εκ
350 1907 598 1979 θεότητος
645 1908 738 1962 καὶ
773 1906 1205 1979 Ιάνθρωπότητος
1274 1907 1634 1977 συγκειμένην
1667 1905 2010 1977 ὁμολογοῦσι.
2055 1910 2147 1962 καὶ
2191 1910 2261 1964 τὰ
2304 1911 2444 1982 μέρη
2493 1913 2586 1965 δύο
2622 1913 2810 1982 φύσεις
2857 1916 3061 1974 εἴποιεν
3086 1919 3152 1974 ἂν
3180 1921 3242 1988 ἐξ

22 2005 266 2072 ὶνάγκης,
300 2003 406 2057 κᾶν
441 2003 598 2073 ὑμεῖς
633 2001 709 2073 μὴ
763 2000 1046 2076 βούλησρε,
1093 2002 1226 2071 ὅπερ
1261 2003 1292 2071 ή
1336 2002 1394 2052 ὲν
1433 1999 1734 2069 Χαλκηδόνι
1768 2000 1895 2067 ἁγία
1935 2001 2159 2066 σύνοδος
2191 2004 2406 2072 τρανῶς
2439 2003 2766 2077 ὲξεφώνησε.

72 2095 138 2168 η’.
169 2097 244 2150 “rs
273 2095 334 2149 δὲ
370 2096 528 2150 πάλιν
569 2096 871 2164 λέγειν,ὅτι
907 2094 975 2150 Ἡ
1020 2093 1264 2162 τετάρτη
1306 2092 1567 2158 σύνοδος

1739 2092 1796 2148 8.
1827 2092 2094 2149 Prreterea
2140 2095 2274 2149 illud
2334 2098 2482 2161 item,
2543 2107 2782 2167 quartam
2836 2100 3092 2168 synodum
3132 2102 3239 2157 una

22 2187 316 2255 τυμφωνεῒ
340 2187 420 2252 τῷ
443 2187 764 2254 Νεστορίφ,
796 2185 884 2240 ὅτι
915 2184 1025 2239 δύο
1046 2185 1263 2254 φύσεις
1285 2184 1574 2250 ⁸τέγουσα,

1680 2199 1798 2237 cum
1849 2181 2097 2237 Nestorio
2129 2187 2340 2247 sentire,
2376 2187 2514 2255 quod
2544 2188 2678 2241 duas
2705 2202 2926 2244 naturas
2954 2191 3190 2259 fateatur
3218 2208 3238 2246 :

22 2280 277 2346 ιὰκεῖνος
313 2263 595 2343 ὡσαύτως
620 2278 728 2331 δύο
754 2278 968 2346 φύσεις
996 2266 1187 2345 λέγων
1205 2315 1220 2339 ,
1259 2272 1577 2342 ὀμοφρονεῖ

1673 2275 1918 2328 similiter
1946 2277 2106 2340 etiam
2154 2293 2273 2329 cum
2317 2277 2560 2332 Nestorio
2587 2281 2903 2334 concordare
2945 2283 3240 2354 quicunque

22 2373 82 2435 τῷ
136 2371 462 2437 Νεστορίῳ.
519 2368 694 2436 Πλὴν
737 2366 1119 2436 διαφέρονται
1178 2367 1267 2431 εἰς
1337 2367 1408 2417 τὰ
1460 2363 1570 2416 δύο

1676 2365 1812 2418 duas
1865 2376 2088 2420 naturas
2139 2367 2338 2436 fatetur
2368 2384 2387 2423 :
2418 2371 2472 2423 in
2501 2388 2561 2425 eo
2597 2376 2955 2428 tantummodo
3002 2376 3238 2446 differre,

22 2461 318 2526 πρόσωπα,
356 2456 590 2510 ἐκείνου
622 2456 745 2528 ’μὲν
792 2456 1080 2525 λέγοντος
1123 2455 1233 2510 δύο
1261 2455 1573 2522 πρόσωπα,

20 2547 190 2614 αὐτῆς
234 2546 306 2600 δὲ
340 2543 708 2613 δοξαζούσης
752 2543 854 2599 ἔν’
901 2545 1002 2599 καὶ
1048 2545 1146 2599 διὰ
1204 2544 1378 2599 τοῦτο
1433 2543 1575 2610 τοὺς

20 2634 371 2703 όρθοόόεους
407 2635 788 2712 χλευάρασα,
848 2635 938 2689 ὅτι
999 2636 1073 2690 οὐ
1119 2634 1458 2704 συμφρονεῖ
1495 2635 1576 2699 τῷ

20 2728 340 2796 ινε-στοριφ,
398 2724 620 2779 αὐτόθεν
679 2725 1066 2796 φανερωτάτην
1116 2725 1230 2795 ἔχει
1291 2727 1389 2795 τὴν
1452 2727 1576 2779 ἐπί-

23 2818 168 2887 ληψιν
228 2819 298 2870 ὲκ
373 2813 468 2869 τοῦ
542 2831 634 2868 σου
705 2815 901 2884 λόγου,
969 2816 1052 2869 ὅτι
1125 2816 1224 2886 οὐχ
1284 2817 1578 2886 όμοφρονετ

24 2912 90 2980 τῷ
147 2907 462 2982 Νεστορίῳ,
519 2907 700 2972 καθὼς
747 2908 1062 2977 νψευδοεπῶν
1111 2912 1460 2978 κατηγορεῖς.
1510 2908 1574 2962 Ei

27 3005 119 3074 γὰρ
162 3003 190 3056 ὅ
221 3004 321 3072 μὲν
367 3003 458 3055 δύο
507 3003 772 3072 πρόσωπα
815 3001 1045 3067 δοξάζει,
1079 3000 1318 3070 δηλονότι
1353 3001 1448 3054 καὶ
1477 3001 1575 3065 τὰς

22 3094 102 3146 δύο
124 3094 316 3162 φύσεις
350 3091 760 3163 κεχωρισμένας
810 3090 1207 3153 ιδιοσυστάτους
1239 3089 1402 3153 οὔσας
1440 3092 1569 3160 όμο-

23 3186 170 3251 λογεῖ,
200 3184 292 3238 διά
327 3200 410 3237 τοι
434 3183 592 3236 τοῦτο
619 3184 712 3236 καὶ
731 3182 828 3253 τὴν
860 3181 1054 3236 ἕνωσιν
1086 3181 1289 3235 τούτων
1320 3182 1574 3250 σχετικὴν

25 3276 174 3344 λέγει.
220 3275 287 3327 Ἠ
315 3273 371 3328 δὶ
399 3274 530 3343 ἁγία
559 3272 794 3336 σύνοδος,
827 3273 901 3335 ὡς
933 3274 997 3326 σὺ
1032 3273 1156 3344 φὴς,
1191 3272 1252 3326 ἓν
1285 3273 1572 3340 πρόσωπον

25 3363 106 3416 καὶ
146 3363 275 3434 μίαν
307 3362 602 3415 ὑπόστασιν
653 3359 1004 3426 θεσπίζουσα,
1046 3359 1286 3430 φανερὸν
1334 3361 1420 3413 ὅτι
1472 3359 1571 3420 τὰς

1671 2459 1809 2524 quod
1837 2457 1926 2510 ille
1949 2457 2102 2522 duas,
2138 2461 2370 2528 synodus
2405 2479 2564 2515 unum
2593 2475 2800 2517 tantum
2839 2481 3117 2533 personam
3152 2471 3232 2522 te-

1673 2554 1816 2608 neat,
1849 2555 1900 2599 et
1935 2562 2028 2614 per
2054 2546 2107 2599 id
2142 2547 2323 2614 fucum
2354 2550 2660 2603 orthodomis
2695 2551 2897 2620 fecisse,
2929 2552 3149 2620 jactans
3177 2569 3232 2606 se

1673 2650 1705 2686 a
1740 2633 1992 2688 Nestorlo
2019 2635 2317 2700 dissentire,
2347 2650 2414 2689 ex
2467 2647 2557 2689 tua
2607 2638 2777 2706 ipsius
2812 2637 3059 2691 oratione
3086 2651 3240 2707 aper-

1673 2726 1882 2781 tissime
1917 2726 2179 2781 refellitur
2200 2766 2216 2793 ,
2248 2729 2740 2797 cornprohaturque
2779 2743 2896 2782 eam
2927 2743 2954 2780 a
2987 2726 3240 2782 Nestorio
3328 2761 3332 2768 -

1677 2818 2002 2886 discrepare,
2043 2818 2142 2872 etsi
2181 2817 2296 2886 ipse
2345 2817 2482 2871 falso
2509 2832 2625 2871 eam
2666 2818 2994 2872 criuinaris.
3027 2818 3236 2871 Etenim

1673 2905 1978 2963 Nestorium
2010 2908 2147 2962 duas
2192 2917 2414 2963 naturas
2460 2909 2857 2962 existimantem
2916 2908 3109 2977 palam.
3153 2917 3238 2962 est

1673 2999 1809 3054 duas
1841 3009 2064 3053 naturas
2089 2999 2334 3054 diversas
2381 3015 2476 3070 per
2525 3013 2583 3053 se
2634 2999 2992 3057 subsistentes
3036 2999 3232 3056 fateri:
3332 3027 3338 3034 -

1674 3089 1903 3160 ideoque
1933 3103 2121 3143 eorum
2183 3092 2437 3143 unionem
2503 3089 2798 3144 secundum
2863 3089 3233 3144 habitudinem

1674 3161 1852 3236 vocat.
1894 3165 2088 3236 Sancta
2147 3197 2275 3236 vero
2303 3183 2563 3252 synodus,
2601 3192 2655 3235 ut
2689 3192 2740 3236 tu
2779 3183 2878 3246 ais,
2915 3197 3075 3236 unam
3110 3198 3232 3252 per-

1672 3287 1863 3328 sonam
1897 3284 1951 3328 et
2009 3288 2170 3327 unam
2209 3275 2544 3343 hypostasim
2585 3275 2854 3338 sanciens,
2909 3274 3045 3329 duas
3077 3281 3237 3328 natu-

1678 3377 1768 3416 ras
1798 3362 1850 3415 in
1911 3377 2018 3416 una
2067 3358 2296 3431 persona
2344 3377 2437 3432 per
2489 3364 2782 3416 essentiam
2832 3372 2886 3415 et
2938 3363 3236 3417 seetmdum

26 3443 195 3519 φύσεις
217 3454 277 3506 ιν
325 3451 402 3526 τῷ
429 3452 508 3506 ἐνὶ
536 3439 814 3522 προσώπῳ
850 3451 1120 3515 ούσιωδῶς
1153 3452 1247 3505 καὶ
1289 3450 1410 3505 καθ’
1441 3449 1573 3502 ὑπό.

1680 3455 2010 3524 hypostasim
2067 3441 2264 3518 unitas,
2307 3463 2364 3507 ut
2410 3454 2524 3522 ipse
2558 3455 2686 3508 mihi
2721 3456 3043 3524 persuadeo,
3079 3471 3230 3510 asse.

26 3560 194 3598 στασιν
217 3543 502 3615 ήνωμένας
524 3545 659 3613 φαίη
685 3544 770 3599 ἄν’
805 3545 863 3597 οὺ
889 3542 996 3614 γὰρ
1018 3543 1082 3598 ἂν
1112 3543 1285 3606 ἄλλως
1316 3542 1569 3612 ἐγχωρεῖ,

25 3634 105 3686 δύο
133 3633 320 3704 φύσεις
356 3633 536 3703 λέγειν
564 3635 620 3687 tv
653 3633 734 3686 ἑνὶ
769 3633 1044 3704 προσώπῳ
1089 3634 1184 3688 καὶ
1219 3635 1318 3704 μιᾷ
1345 3636 1410 3704 τῇ
1443 3634 1573 3686 ὑπο-

27 3727 213 3790 στάσει,
258 3726 308 3779 εί
346 3714 420 3796 μὴ
471 3723 594 3778 καθ’
631 3723 928 3778 ὑπόστασιν
964 3725 1059 3778 καὶ
1100 3723 1372 3786 οὑσιωδῶς
1402 3723 1573 3794 ῆνων-

27 3835 119 3871 ται.
168 3818 228 3873 Ei
274 3817 332 3870 δὲ
364 3815 541 3882 τοῦτο,
578 3816 809 3888 φανερὸν
832 3816 1096 3870 δέδεικται
1132 3817 1198 3869 ιιι
1230 3815 1325 3869 τοῦ
1357 3815 1450 3869 σοῦ
1481 3815 1570 3868 λό-

26 3925 128 3974 γου,
173 3909 253 3962 ὅτι
285 3909 344 3962 οὐ
385 3907 796 3978 κεχωρισμένας
827 3908 925 3971 τὰς
951 3907 1140 3976 φύσεις
1169 3907 1263 3962 καὶ
1289 3906 1387 3970 τὰς
1420 3907 1571 3976 ἐνερ-

29 4000 160 4065 γείας
208 4001 305 4053 ἐπὶ
350 3999 586 4070 Χριστοῦ
638 3999 847 4070 mea,
890 4000 1023 4068 ἁγία
1068 4001 1162 4054 καὶ
1211 3997 1568 4069 οίκουμενιχὴ

33 4092 242 4162 τετάρτη
299 4090 552 4157 σύνοδος,
606 4089 720 4146 ἀλλ’
753 4092 1036 4162 ἡνωμένας
1090 4091 1213 4144 καθ’
1250 4090 1566 4144 ὑπόστασιν.

34 4182 125 4232 Καὶ
150 4181 325 4245 αλλως
370 4181 432 4234 τὺ
456 4181 608 4235 αὑτό·
669 4181 732 4234 Ei
771 4181 856 4234 διὰ
905 4181 1004 4252 τὴν
1030 4181 1222 4234 ἕνωσιν
1250 4181 1344 4234 καὶ
1379 4182 1566 4251 μόνην,

33 4271 153 4337 λέγω
190 4272 256 4342 δὴ
299 4271 398 4342 τὴν
448 4271 569 4325 καθ’
611 4271 906 4326 ὑπόστασιν
930 4311 943 4336 ,
998 4271 1049 4324 οι
1087 4271 1186 4340 τῆς
1247 4271 1568 4342 Ἐκκλησίας

31 4360 258 4430 τρόφιμοι
295 4361 645 4433 διαφέρονται
669 4359 759 4430 τῷ
790 4361 1087 4429 Νεστορίῳ,
1123 4358 1305 4423 καθὼς
1325 4366 1432 4420 ,καὶ
1457 4362 1484 4413 ό
1509 4363 1567 4413 tv

31 4453 180 4518 ἁγίοις
211 4451 479 4522 napo)“
510 4453 850 4520 φάσκει,-καὶ
887 4452 948 4504 οὐ
970 4445 1058 4504 διὰ
1085 4449 1184 4512 τὰς
1211 4450 1305 4504 δύο
1353 4449 1564 4520 φύσεις,

35 4544 82 4593 σὺ
122 4543 170 4594 δὲ
205 4542 368 4606 αὐτὸς
417 4541 572 4611 ἔφης,
627 4542 708 4594 ὅτι
763 4542 797 4611 ἡ
851 4540 1065 4603 σύνοδος
1090 4558 1106 4565 ··
1125 4539 1442 4610 διαφέρεται
1491 4540 1567 4610 τῷ

32 4631 285 4702 Νεστορίῳ
314 4632 455 4686 κατά
481 4632 540 4683 τὸ
574 4629 630 4686 ἐν
669 4632 976 4699 πρόσωπον,
1024 4629 1119 4684 καὶ
1170 4630 1237 4684 τὰ
1277 4629 1389 4693 δύο,
1428 4631 1564 4699 ὅπερ

35 4725 152 4774 ποιεῖ
184 4723 247 4774 τὸ
282 4723 380 4792 μὲν
415 4721 494 4787 ἓν,
524 4721 635 4775 τῶν
669 4721 883 4790 φύσεων
916 4721 1013 4790 τὴν
1044 4720 1256 4785 ἕνωσιν,
1290 4722 1357 4774 τὰ
1382 4720 1438 4774 δὲ
1470 4720 1565 4774 δύο

32 4813 108 4880 τὴν
135 4812 416 4883 διαίρεσιν
449 4811 681 4882 φανερὸν
725 4812 806 4864 ὅτι
839 4811 978 4865 κατὰ
1005 4810 1064 4864 τὸ
1090 4811 1248 4881 ὀρθὸν
1293 4813 1392 4881 τῆς
1436 4811 1561 4863 Ἐκ-

33 4902 235 4971 ιιλησίας
275 4902 591 4973 διαφέρεται
621 4903 655 4972 ἠ
696 4902 912 4965 σύνοδος
944 4902 1022 4972 τῷ
1073 4902 1373 4972 Νεστορίῳ.
1409 4903 1470 4964 El
1505 4901 1561 4954 δὲ

29 4991 177 5054 τοῦτο,
229 4992 470 5062 δηλονότι
501 4991 621 5045 οὐδὲ
672 4995 966 5063 συμφωνεῖ.
1004 4991 1224 5055 ’Δδίκως
1265 4991 1372 5062 ἄρα
1412 4992 1562 5062 παρὰ

32 5081 105 5132 σοῦ
135 5085 568 5151 συκοφαντεῖται.
605 5082 714 5136 Καὶ
747 5084 826 5137 ὅτι
861 5083 1014 5137 τοῦτο
1045 5083 1261 5154 ἀληθὲς,
1294 5082 1566 5153 Κυρίλλου

31 5173 234 5226 ἄκουσον
256 5173 391 5242 πρὸς
427 5173 682 5242 Εύλόγιον
709 5174 774 5226 δι’
803 5174 1091 5242 ἐπιστολῆς
1118 5168 1307 5236 αὑταῖς
1335 5173 1562 5237 λέξεσινο

40 5262 548 5338 ’ἐπιλαμϐάνονται
563 5281 720 5330 τινες
737 5265 844 5332 τῆς
855 5264 1162 5330 ἐκθέσεως,
1181 5263 1260 5331 ἢν
1273 5261 1559 5331 πεποίην-

32 5359 168 5408 ταιοι
206 5357 569 5410 Ἀνατολικοί
589 5373 602 5386 ·
639 5358 739 5409 και
770 5372 950 5426 φασιο
992 5355 1094 5410 Διὰ
1122 5355 1178 5408 τί
1203 5355 1311 5410 δύο
1343 5357 1557 5423 φύσεις

31 5445 404 5512 ὀνομαζόντων
445 5446 663 5510 αὐτῶν,
705 5447 995 5516 ἠνέσχετο
1050 5447 1147 5500 καὶ
1176 5448 1480 5514 ’ἐπῄνεσεν
1527 5451 1559 5502 ὁ

31 5533 116 5598 τῆς
147 5537 590 5605 Ἀλεξανδρείας
608 5555 625 5602 ;
646 5540 708 5590 οι
735 5536 800 5588 δὲ
829 5540 897 5591 τὰ
920 5539 1240 5606 Νεστορίου
1263 5538 1555 5605 φρονοῦν-

31 5641 105 5690 τες
149 5629 398 5697 λέγουσι
441 5629 722 5684 κάκεῖνον
765 5627 916 5680 οὕτω
947 5629 1207 5697 φρονεῖν,
1255 5628 1552 5696 συναρπάο

31 5712 195 5789 (truc
221 5721 365 5789 τοὺς
396 5723 506 5777 οὐκ
538 5721 770 5786 εἰδότας
800 5720 864 5776 τὸ
887 5720 1139 5789 ἀκριϐές.
1175 5719 1296 5787 Χρὴ
1338 5716 1404 5769 δὲ
1434 5718 1555 5782 τοῖς

1593 4771 1638 4827 D

1676 3556 1928 3600 veratura
1958 3554 2040 3600 est
2066 3564 2078 3598 :
2109 3559 2284 3614 neque
2311 3545 2454 3599 enim
2491 3545 2606 3600 ﬁeri
2657 3553 2834 3615 potest
2900 3545 3035 3604 duas
3066 3553 3231 3600 natu-

1675 3651 1764 3692 ras
1797 3637 1850 3690 in
1884 3650 1991 3690 una
2017 3651 2252 3706 persona
2316 3645 2371 3691 et
2405 3652 2512 3690 una
2548 3637 2826 3707 hypostasi
2869 3636 3072 3703 dicere,
3125 3636 3232 3691 nisi

1672 3742 1749 3782 ea:
1806 3729 2102 3782 secundum
2145 3727 2475 3798 hypostasim
2517 3739 2572 3782 et
2604 3729 2894 3784 essentiam
2947 3728 3227 3782 un'iantur.

1672 3819 1823 3886 Quod
1853 3818 1898 3873 si
1934 3819 1983 3872 id
2018 3820 2217 3872 nemini
2244 3818 2469 3872 dubium
2499 3826 2601 3878 est,
2630 3831 2696 3872 ex
2745 3828 2833 3871 tua
2884 3817 3054 3886 ipsius
3113 3831 3231 3871 ora-

1673 3912 1818 3966 tione
1841 3912 2264 3974 demonstratur,
2298 3923 2404 3962 non
2423 3916 2706 3977 separatas
2752 3918 2973 3961 naturas
2998 3915 3050 3960 et
3074 3915 3229 3962 actus

1672 4003 1725 4056 in
1749 4002 1966 4056 Christo
1992 4003 2170 4054 dicere
2192 4007 2434 4054 sanctam
2479 4008 2531 4052 et
2558 3997 2946 4052 cecumeuicam
2978 4007 3225 4065 quartam

1670 4092 1958 4163 synodum,
2009 4089 2103 4144 sed
2152 4089 2332 4142 unitas
2359 4087 2656 4143 seetmdum
2719 4086 3071 4156 hypostasim.
3108 4085 3225 4139 Alia

1669 4182 1831 4237 etiam
1851 4181 2064 4235 ratione
2087 4180 2140 4233 id
2159 4180 2297 4233 idem
2325 4180 2605 4249 probatur.
2638 4176 2692 4231 Si
2720 4184 2938 4246 prepter
2964 4175 3220 4230 unionem

1669 4269 2006 4337 solenneam
2039 4271 2320 4334 duntaxat,
2354 4283 2475 4336 qua:
2534 4266 2833 4321 secundum
2885 4265 3218 4337 hypostasim

1667 4371 1769 4427 est,
1795 4371 1848 4416 et
1877 4377 1982 4415 non
2015 4373 2232 4430 prOpter
2265 4361 2400 4414 duas
2429 4367 2652 4414 naturas
2702 4357 2956 4412 Ecclesia:
3010 4358 3216 4412 alumni

1668 4469 1792 4509 cum
1828 4451 2077 4506 Nestorio
2107 4452 2454 4512 altercamur,
2507 4460 2566 4503 ut
2609 4457 2830 4503 sanctus
2869 4446 3101 4517 Cyrillus
3133 4461 3222 4501 rc-

1669 4545 1793 4609 l'ert,
1827 4553 1883 4598 tu
1912 4558 2128 4613 quoque
2168 4543 2285 4611 ipse
2345 4540 2623 4595 aliirmasti
2679 4537 2946 4609 synodum
2980 4538 3047 4591 de
3095 4537 3220 4605 per-

1668 4649 1801 4690 sona
1836 4633 1990 4687 unica
2031 4643 2085 4686 et
2143 4633 2265 4685 bina
2321 4645 2442 4684 cum
2499 4629 2748 4683 Nestor-io
2807 4629 2952 4681 litem
3003 4626 3219 4689 habere,

1668 4739 1895 4794 quarum
1930 4738 2034 4777 una
2079 4723 2332 4776 unionem
2367 4733 2682 4775 naturarum
2737 4717 2916 4782 edicit,
2948 4718 3055 4770 duo
3085 4717 3221 4770 diri-

1669 4819 1900 4880 sionem,
1927 4815 2103 4885 palam
2125 4823 2228 4888 est,
2263 4813 2558 4868 secundum
2591 4819 2787 4865 rectam
2817 4807 3072 4862 Ecclesia:
3098 4821 3226 4860 sen-

1669 4906 1889 4960 tentiam
1925 4904 2188 4974 synodum
2237 4900 2486 4961 Nestorio
2517 4897 2815 4962 adversari,
2847 4910 3022 4964 eoque
3078 4901 3226 4962 patet

1665 4995 2070 5051 evidentissima
2099 4992 2340 5047 eamdem
2367 5005 2489 5046 cum
2525 5006 2589 5045 eo
2621 5003 2728 5044 non
2763 4986 3074 5042 convenire.
3115 4983 3217 5036 lm-

1667 5087 1863 5142 merilo
1897 5086 2078 5154 itaque
2111 5086 2206 5138 abs
2241 5092 2291 5136 te
2320 5089 2373 5136 et
2427 5079 2765 5136 calumniose
2825 5074 3215 5146 proscinditur.

1664 5178 1961 5246 Hocporro
1991 5190 2174 5229 verum
2207 5188 2328 5227 esse
2380 5171 2506 5225 audi
2541 5187 2571 5224 a
2623 5169 2825 5239 Cyrillo
2871 5163 3094 5236 epistola
3148 5163 3218 5214 ad

1665 5268 1949 5337 Eulogium
1999 5268 2084 5320 his
2123 5267 2308 5322 iisdem
2365 5263 2544 5319 verbis
2574 5263 2875 5328 loquentem
2907 5275 2919 5310 :
2954 5256 3212 5308 Accusant
3325 5299 3328 5302 .

1666 5358 1908 5414 nonnulli
1963 5358 2358 5424 expositionem,
2421 5371 2579 5422 quam
2615 5351 2911 5406 Orientales
2959 5348 3208 5411 fecerunt,

1665 5452 1931 5517 aiuntque,
1968 5448 2138 5511 Quam
2165 5447 2225 5498 ob
2260 5461 2472 5498 causam
2511 5446 2644 5496 duas
2683 5452 2897 5495 naturas
2929 5435 3033 5488 illis
3064 5448 3208 5485 asse-

1665 5539 1897 5592 rentibus
1922 5537 2194 5596 sustinuit,
2246 5549 2612 5602 assensumque
2648 5529 2866 5600 praebuit
2899 5521 3208 5578 Alexandri-
3313 5600 3322 5611 .

1663 5647 1758 5684 nus
1787 5629 1808 5681 ?
1843 5629 1947 5692 Qui
1988 5643 2102 5679 vero
2139 5625 2444 5679 Nestorium
2467 5633 2771 5691 sequuntur,
2827 5616 3059 5674 tradunt,
3089 5625 3207 5663 eum

1662 5722 1754 5773 hoc
1788 5719 1919 5772 idem
1948 5727 2135 5782 tenere,
2165 5733 2273 5780 eos,
2302 5715 2390 5782 qui
2437 5731 2542 5768 rcm
2571 5727 2760 5768 meram
2789 5724 2887 5760 non
2935 5708 3203 5763 noverunt,
