3934 6316
38 279 147 340 613
797 302 801 305 λ
932 272 1360 334 REFUTATIO
1398 270 1520 329 EPI
1527 271 1611 329 ST

1716 271 1776 328 .E
1820 270 2043 329 REGIS
2080 271 2464 333 ARMENLE.
3176 271 3277 335 6H

37 392 121 441 ἑνὶ
154 388 344 456 Λόγῳ,
372 387 539 456 ήγουν
582 385 638 436 ἓν
676 386 742 454 τῇ
782 386 880 453 μιᾷ
920 383 1211 436 ὑποστάσει
1245 382 1502 451 Χριστοῦ,
1531 382 1611 433 άλ·

1725 392 1813 432 aut
1841 381 2115 449 proprium
2155 381 2465 441 consilium,
2496 391 2584 433 aut
2616 380 2999 447 benoplacitnm
3020 381 3275 437 fateretur

37 482 105 531 λὰ
150 480 302 533 κατὰ
345 476 635 547 ἀναφοράν
664 477 756 529 καὶ
803 474 1056 544 σχετικὴν
1086 475 1299 536 ἕνωσιν,
1329 474 1446 542 ἦτοι
1477 472 1611 525 κατὰ

1724 487 1843 525 esse
1876 470 2031 526 Verbi
2050 474 2126 526 ad
2161 488 2400 537 carnem,
2434 481 2485 525 et
2507 487 2598 525 cas
2625 476 2956 543 postmodum
2986 478 3275 530 secundum

37 572 295 639 ἀξίωμα,
327 570 359 639 ἢ
390 567 811 631 ταυτοδουλίαν,
867 566 901 634 ἢ
951 566 1199 619 εὐδοκίαν
1250 565 1435 631 ἔλεγεν
1480 561 1611 618 εἶναι

1723 573 1903 631 partes
1964 563 2207 617 dividens
2231 601 2246 625 ,
2301 563 2444 616 aliud
2486 578 2605 617 esse
2628 562 2858 619 Verbum
2892 566 3197 632 allirmaret,
3223 578 3277 621 et

37 647 355 727 τοῦλόγου
401 659 537 729 πρὸς
567 647 667 728 ’ἰὴν
709 650 1033 727 σάρκα,κ.αὶ⁵
1084 657 1186 711 ἀνὰ
1233 658 1397 727 μέρος
1446 655 1611 710 ταῦτα

1726 655 1893 718 aliud,
1938 656 2082 724 quod
2138 670 2205 709 ex
2262 654 2427 708 Maria
2464 666 2614 711 ortus
2657 670 2787 712 suos
2842 670 3175 727 agnosceret,
3222 670 3277 713 et

40 751 227 803 ποιῶν
255 751 445 820 ἓτερον
493 746 629 802 εἶναι
675 751 767 802 τὸν
816 749 986 817 Λόγον
1024 748 1251 817 ἔφασκε,
1307 749 1397 802 καὶ
1437 748 1611 818 ἕτεροι

1727 748 2067 816 personalcm
2128 747 2389 801 unionem
2441 746 2736 801 dt'CanlallS
2812 763 2918 803 non
2966 765 3276 820 personam,

42 841 135 892 τὸν
188 844 261 892 ὲκ
310 839 550 910 Μαρίας,
581 840 675 891 καὶ
705 838 1061 909 προσωπικὴν
1095 838 1285 890 ἕνωσιν
1321 837 1523 904 λέγων,
1558 837 1611 888 οὐ

1727 852 1847 906 qua:
1888 853 1996 891 una
2051 852 2173 890 cum
2206 837 2486 907 hypostasi
2520 845 2625 901 est,
2659 848 2709 891 et
2730 838 2956 908 singulis
3005 840 3276 902 convenit,

43 936 103 984 τὸ
135 933 529 1003 ταυτιζόμενον
576 934 642 1001 τῇ
695 932 985 984 ὑποστάσει
1016 930 1323 999 πρόσωπον,
1354 931 1489 997 ὅπερ
1529 929 1611 981 ὲπῑ

1728 927 1822 981 sed
1879 927 1988 981 alio
2039 927 2220 988 modo,
2249 937 2306 979 ut
2357 927 2431 979 illi
2465 926 2765 990 videbatur,
2801 930 3086 998 conlingat.
3118 927 3278 983 Verbi

44 1021 139 1077 τοὺ
174 1024 523 1077 καθέκαστον
555 1023 836 1092 ἁρμόττει,
868 1022 980 1075 ἀλλ’
1009 1023 1209 1093 ἑτέρως
1259 1021 1401 1074 κατὰ
1440 1021 1501 1072 τὸ
1545 1021 1611 1073 oi-

1727 1020 1922 1088 gratia,
1958 1019 2121 1073 veluti
2146 1035 2269 1073 eum
2303 1020 2427 1088 quis
2454 1019 2678 1073 alterius
2702 1034 2986 1088 personam
3025 1021 3275 1085 induens,

46 1120 197 1169 κεῖον
232 1115 483 1185 βούλημα
526 1112 776 1177 ὶδόξαζεν
842 1108 975 1183 (οἷον
1028 1113 1105 1176 ὡς
1153 1114 1281 1167 ὅταν
1310 1130 1393 1175 τις
1438 1114 1502 1165 τὸ
1528 1112 1611 1165 τοῦ

1728 1110 1848 1165 loco
1896 1110 2036 1165 illius
2081 1119 2133 1164 et
2193 1126 2291 1181 pro
2348 1111 2535 1164 eodem
2591 1125 2897 1165 sermonem
2943 1112 3122 1176 habet,
3158 1127 3277 1179 qua:

45 1208 243 1275 ἑτέρου
306 1205 670 1275 ὑποδυόμενος
744 1205 1077 1275 πρόσωπον,
1126 1205 1239 1258 ἀντ’
1278 1204 1443 1258 αὑτοῦ
1496 1207 1611 1267 τοὺς

1728 1203 1944 1272 preprie
1969 1203 2095 1256 unio
2122 1203 2363 1257 vocanda
2388 1218 2497 1256 non
2518 1211 2621 1266 est,
2648 1204 2741 1257 sed
2780 1218 2928 1258 mera
2983 1204 3278 1273 respectiva

46 1298 192 1365 ὑπὲρ
222 1295 387 1349 αὑτοῦ
414 1297 636 1364 ποιῆται
664 1296 876 1363 λόγους,
906 1296 972 1366 ην
999 1296 1061 1348 οὑ
1093 1296 1172 1349 δεῖ
1199 1296 1402 1366 κυρίως
1430 1295 1611 1349 ἒνωσιὶ

1729 1294 1891 1357 unio;
1921 1292 2193 1361 appellant
2222 1294 2365 1346 enim
2404 1292 2647 1347 nonnulli
2672 1307 2931 1362 personas
2972 1294 3276 1364 aliquorum

45 1389 329 1457 ἡγεῖσθαι,
378 1388 515 1442 sua:
554 1388 809 1457 σχετικὴν
849 1388 1042 1440 ἕνωσιν
1087 1386 1149 1439 τὸ
1199 1386 1338 1441 ὅλον.
1384 1388 1611 1442 Καλοῦσι

1728 1386 1868 1439 inter
1912 1401 1971 1439 se
2030 1396 2330 1454 respectum
2379 1401 2472 1440 seu
2518 1386 2854 1451 relationem,
2892 1400 2991 1441 nec
3024 1401 3152 1442 usus
3211 1386 3279 1439 ab

45 1482 156 1548 γάρ
213 1497 364 1543 τινες
407 1480 676 1549 πρόσωπα
723 1480 821 1547 τήν
871 1494 1035 1531 τινων
1089 1478 1271 1547 σχέσιν
1305 1476 1440 1546 πρὸς
1466 1477 1626 1548 ἀλλη-

45 1570 196 1632 λους.
238 1570 356 1625 Οὑκ
398 1572 584 1639 ἀγνοεῖ
613 1570 672 1621 δὲ
715 1571 749 1639 ἡ
792 1568 1050 1639 συνήθεια
1089 1567 1284 1621 τούτου
1317 1566 1413 1619 τοῦ
1456 1572 1611 1637 προσ-

1727 1580 1832 1634 que
1859 1566 2155 1635 principem
2180 1567 2321 1635 regis
2350 1567 2621 1620 sustinere
2651 1579 2940 1633 personam
2976 1580 2991 1618 :
3022 1579 3148 1619 cum
3194 1565 3277 1618 in-

45 1661 203 1713 ὡπου
249 1661 312 1713 -rb
347 1661 767 1731 σημαινόμενον.
806 1659 1051 1728 Λέγομεν
1076 1658 1185 1728 γάρ
1231 1657 1321 1709 τὸν
1364 1657 1611 1727 ἄρχοντα,

1729 1673 1891 1726 quam
1920 1657 2021 1711 hac
2048 1658 2256 1711 ratione
2301 1656 2581 1710 Nestorius
2616 1656 2949 1725 pcrsonalem
3003 1655 3277 1726 proﬁtere-

47 1752 140 1803 τοῦ
173 1750 450 1819 βασιλέως
508 1750 724 1820 ἐπέχειν
767 1750 829 1803 τὸ
882 1750 1192 1819 πρόσωπον,
1228 1749 1370 1803 κατὰ
1399 1748 1556 1801 τοῦτο
1594 1749 1611 1799 ἐ

1723 1755 1811 1800 tur
1864 1749 2141 1811 unionem,
2193 1757 2477 1817 propterea
2530 1746 2651 1815 jure
2680 1748 2874 1800 merito
2935 1746 3277 1801 anathemate

47 1841 351 1912 Νεστόριος
380 1842 480 1911 τὴν
506 1841 860 1911 προσωπικὴν
890 1840 1217 1909 ἐπρέσϐευεν
1254 1838 1492 1908 ἓνωσιν)·
1529 1839 1611 1892 διά

1720 1840 1861 1894 ictus
1894 1826 1996 1895 est.
2022 1846 2088 1893 At
2112 1842 2221 1895 Leo
2252 1841 2488 1909 pontifex
2521 1841 2770 1895 eumdem
2800 1856 2967 1895 unum
2992 1840 3268 1895 Christum

48 1949 129 1982 τοι
173 1929 341 1984 τοῦτο
373 1929 709 2000 δικαίως.τῷ
755 1930 1059 1999 άναθέματι
1124 1929 1611 1999 καθυποϐέσληται.

1717 1938 1771 1982 et
1800 1928 2108 1995 Dominum,
2164 1941 2219 1983 et
2249 1931 2415 1983 Deum
2471 1939 2715 1985 nostrum
2768 1931 2821 1984 in
2868 1946 2972 1985 una
3004 1932 3275 2003 hypostasi

57 2021 119 2076 '0
158 2023 221 2075 δὲ
256 2022 323 2093 δὴ
351 2021 537 2085 πάπας
575 2020 746 2084 Λέων,
788 2020 974 2091 ἐπειδὴ
1006 2020 1096 2074 τὸν
1130 2020 1292 2074 αὑτὸν
1340 2020 1438 2074 ἕνα
1486 2021 1611 2090 Χρι-

1717 2036 1837 2077 esse
1875 2020 2168 2086 aﬂirmans,
2226 2021 2395 2076 Deum
2445 2022 2607 2077 simul
2662 2030 2716 2077 et
2767 2023 3065 2087 hominem,
3104 2024 3271 2079 Deum

49 2112 175 2165 στὸν
209 2113 307 2165 καὶ
336 2112 541 2182 Κύριον
579 2112 671 2165 καὶ
719 2110 853 2165 Θεὸν
891 2110 1047 2180 ἡμῶν
1080 2112 1138 2165 ὲν
1184 2111 1285 2181 μιᾷ
1326 2110 1611 2164 ὑποστάσει

1719 2118 2044 2165 ςοωιοηιιιιη
2078 2110 2247 2177 Patri,
2297 2121 2351 2166 et
2383 2111 2588 2180 absque
2645 2123 2886 2181 tempore
2931 2128 2962 2167 a
2990 2112 3146 2168 Patre
3180 2130 3274 2185 ge-

48 2204 181 2256 ὸντα
218 2202 511 2275 ὡμολόγει,
559 2203 649 2256 τὸν
694 2204 790 2255 καὶ
832 2201 964 2255 Θεὸν
1005 2202 1128 2254 ὅντα
1173 2202 1267 2254 καὶ
1316 2201 1611 2271 ἄνθρωπον,

1721 2203 1916 2267 nitum,
1940 2211 1995 2259 et
2055 2203 2300 2273 ejusdem
2334 2218 2458 2258 cum
2500 2203 2613 2258 Deo
2664 2213 2719 2258 et
2764 2204 2946 2269 Patre,
2979 2214 3034 2260 et
3067 2203 3273 2276 Spiritu

49 2294 184 2345 Θεὸν
224 2294 323 2365 μὲν
346 2292 421 2358 ὡς
451 2292 741 2357 ωναῖδιον,
786 2292 882 2343 καὶ
911 2290 1153 2360 άχρόνως
1181 2291 1245 2342 ὲκ
1279 2288 1375 2342 τοῦ
1413 2290 1611 2360 Πατρὸς

1722 2300 1909 2348 sancto
1975 2293 2259 2359 essentia;
2310 2293 2601 2364 postremis
2646 2308 2775 2351 vero
2832 2295 3025 2351 diebus
3055 2304 3276 2365 propu-r

53 2385 282 2451 φυέντα,
306 2384 399 2438 καὶ
427 2382 711 2452 ὁμοοὺσιον
738 2381 815 2452 τῷ
845 2400 905 2435 τε
940 2382 1061 2452 Θεῷ
1087 2383 1182 2434 καὶ
1209 2380 1405 2451 Πατρὶ,
1434 2382 1525 2434 καὶ
1544 2379 1611 2450 τῷ

1722 2394 1968 2440 nostram
2013 2385 2243 2439 salutem
2285 2399 2505 2439 carnem
2550 2384 2775 2449 factum,
2822 2387 2935 2440 sive
2975 2386 3271 2452 hominem,

55 2472 340 2541 Πνεύματι
389 2472 466 2541 τῷ
495 2474 656 2543 άγίῳ,
702 2472 792 2525 ἐπ’
846 2473 1090 2542 ἐσχάτων
1131 2473 1188 2526 δὲ
1238 2472 1344 2525 τῶν
1400 2472 1611 2542 ἡμερῶν

1721 2482 2042 2544 prognatum
2074 2488 2139 2527 ex
2194 2471 2401 2542 Spiritu
2464 2483 2669 2537 sancto,
2700 2485 2755 2528 et
2817 2473 2981 2528 Maria
3031 2472 3268 2544 Virgine,

54 2564 139 2616 διὰ
180 2565 282 2635 τὴν
330 2566 603 2636 ἡμετέραν
651 2565 931 2635 σωτηρίαν
972 2564 1152 2633 σάρκα
1191 2564 1474 2632 γεγονότα,
1502 2564 1611 2634 ἦτοι

1723 2563 2177 2635 quemadmodum
2211 2563 2389 2616 divina
2446 2572 2686 2618 tractans
2719 2564 2899 2632 lingua
2923 2566 3189 2628 enuntiat,
3218 2575 3271 2619 et

57 2653 578 2725 ὲνανθρωπήσαντα,
628 2654 723 2707 καὶ
793 2654 1123 2723 γεννηθέντα
1179 2656 1243 2705 ἐκ
1310 2653 1611 2723 Πνεὺματος

1723 2653 1927 2722 reliqua
1949 2653 2161 2721 eloquia
2196 2661 2485 2718 testantur,
2514 2662 2568 2706 et
2595 2667 2753 2708 roces
2783 2655 3151 2723 apostolorum
3175 2655 3273 2708 do-

57 2745 213 2811 άγίου
258 2745 355 2797 καὶ
385 2745 606 2815 Μαρίας
637 2745 732 2813 τῆς
763 2743 1060 2813 Παρθένου,
1094 2741 1275 2806 καθὼς
1316 2744 1349 2810 ἠ
1378 2742 1611 2810 θεολόγος

1723 2756 1866 2809 cent,
1897 2753 1951 2798 et
1974 2745 2156 2798 divina
2180 2744 2443 2812 sapientia
2491 2743 2837 2811 pneditorum
2865 2743 3087 2798 Patrum
3136 2744 3269 2799 doc-r

1729 1476 1889 1545 hnjns
1908 1490 2156 1545 personae
2173 1477 2477 1546 signiﬁcatu
2514 1477 2807 1531 abhorret:
2842 1475 3073 1532 dicimus
3123 1490 3276 1530 nant-

59 2835 275 2899 γλῶττα
318 2837 592 2903 ἐκφωνεϊ,
636 2836 731 2887 καὶ
772 2834 842 2887 τὰ
890 2834 1052 2887 λοιπὰ
1106 2836 1274 2901 Δόγια
1324 2836 1619 2905 μαρτυρεῖ,

64 2926 158 2976 καὶ
212 2925 270 2977 al
318 2924 428 2977 τῶν
474 2925 786 2977 ἀποστόλων
824 2923 1000 2993 φωναὶ
1045 2923 1398 2991 ὑφηγοῦνται,
1440 2928 1535 2977 καὶ
1566 2925 1623 2976 ai

60 3014 165 3065 τῶν
194 3014 470 3082 θεοσόφων
503 3014 758 3085 Πατέρων
810 3013 1143 3066 διδασκαλίαι
1198 3015 1487 3083 τρανοῦσιο
1520 3031 1620 3083 φα⁹

62 3105 234 3174 νερὸν,
270 3106 353 3157 ὅτι
394 3107 423 3157 ὁ
461 3107 647 3168 πάπας
684 3106 834 3159 Λέων
865 3104 1002 3176 μετὰ
1028 3108 1125 3176 τῆς
1166 3105 1423 3175 ἀληθείας
1453 3106 1617 3177 έστη-

63 3213 142 3258 κε,
174 3196 270 3249 καὶ
300 3196 361 3249 οὑ
397 3200 677 3267 συμφωνεί
703 3197 781 3265 τῷ
814 3197 1115 3267 Νεστορίῳ.
1145 3198 1255 3250 Καὶ
1288 3198 1450 3250 πάλιν
1480 3198 1617 3267 γρά-

62 3303 147 3351 φει
194 3287 510 3356 Νεστόριος,
562 3288 643 3340 ὅτι
683 3288 828 3356 Οὐχί
866 3290 901 3342 ὁ
949 3289 1139 3356 Λόγος
1182 3288 1289 3342 τοῦ
1340 3289 1487 3341 Θεοῦ
1519 3288 1618 3341 διὰ

65 3377 271 3443 χειρῶν
318 3377 540 3446 Ἰωσὴφ
559 3376 716 3445 ῥάκη
737 3377 1009 3444 ἐνεόύθη,
1038 3379 1197 3431 ἀλλὰ
1222 3377 1289 3431 τὸ
1318 3378 1489 3447 σῶμα
1505 3379 1616 3432 τοῦ

66 3469 300 3533 Κυρίου.
350 3467 557 3538 Γράφει
590 3468 762 3532 Λέων,
808 3468 891 3530 ὅτι
931 3469 992 3520 τὸ
1026 3468 1125 3538 μὲν
1157 3469 1366 3538 ἔλαμπε
1392 3469 1478 3522 διὰ
1504 3472 1615 3522 τῶν

66 3546 323 3627 σημείων,
359 3561 418 3612 τὸ
464 3559 521 3611 δὲ
569 3560 843 3613 ὑπέπιπτε
891 3562 1003 3623 τοῖς
1052 3561 1385 3631 παθήμασιν.
1428 3563 1616 3632 Ἐναρ-

63 3648 295 3715 γέστατα
323 3649 412 3703 διὰ
452 3650 611 3719 τῆσδε
652 3650 751 3720 τῆς
816 3653 1063 3721 χρήσεως
1100 3652 1128 3703 ό
1180 3648 1278 3721 μὲν
1324 3652 1615 3721 Νεστόριος

66 3739 215 3790 ἄλλον
245 3742 391 3792 ποιεῖ
412 3740 503 3793 τὸν
539 3740 671 3792 Θεὸν
700 3740 892 3807 Λόγον,
924 3740 1016 3812 καὶ
1047 3740 1203 3794 ἄλλον
1244 3741 1335 3793 τὸν
1385 3743 1448 3794 ἐκ
1494 3742 1613 3794 Μα-

67 3828 201 3894 ρῖας,
252 3823 300 3895 ᾧ
336 3829 431 3881 καὶ
469 3829 649 3889 ίδικῶς
694 3830 982 3899 πρόσωπον
1015 3830 1142 3882 ἴδιον
1178 3830 1472 3899 ὁμολογῶν,
1513 3832 1615 3901 Ἰη-

68 3919 185 3969 σοὺν
214 3919 416 3973 ἐκάλει.
460 3919 605 3971 Ἔδει
633 3920 739 3990 γὰρ
762 3919 945 3987 αὑτὸν,
973 3920 1127 3989 εἴπερ
1157 3920 1464 3989 όρθοτόμως
1492 3919 1608 3971 ἔλε-

68 4026 176 4075 γεν,
209 4011 381 4074 οὕτως
408 4012 601 4063 εἰπεῖν’
629 4011 764 4082 Οὐχὶ
791 4013 819 4064 ό
858 4010 1026 4079 Λόγος
1055 4011 1146 4064 τοῦ
1172 4009 1327 4073 Θεοῦ,
1356 4011 1489 4063 καθὸ
1518 4011 1613 4064 A6-

68 4114 174 4162 γος,
200 4099 581 4168 ἀκατάληπτος
622 4104 716 4154 καὶ
761 4100 1168 4169 άπερίγραπτος
1212 4102 1304 4153 καὶ
1348 4101 1611 4164 συναῒδιος

69 4188 139 4256 τῷ
169 4180 339 4256 [lupi
382 4187 479 4250 ὢν,
510 4189 650 4258 ῥάκη
716 4189 939 4259 ἑνεδύθη
989 4190 1093 4243 ὑπὸ
1123 4190 1322 4261 χειρῶν
1390 4191 1607 4259 Ἰωσὴφ,

69 4278 228 4348 ἀλλ’ἢ
265 4278 400 4332 καθὸ
430 4279 518 4331 διὰ
556 4282 653 4347 τὴν
696 4279 970 4350 ἡμετέραν
1017 4280 1291 4350 σωτηρίαν
1327 4280 1610 4349 ἄνθρωπος

1645 3074 1690 3133 C

1726 2837 1864 2889 trina
1900 2845 2313 2899 commonstrat,
2342 2834 2721 2889 manisfestum
2756 2845 2838 2888 est
2879 2834 3111 2888 Leonem
3133 2851 3270 2904 pon-

1691 2910 1695 2914 ὑ
1726 2926 1927 2993 ιὶῐὶεοηι,
1951 2942 1980 2979 a
2008 2936 2235 2980 veritate
2263 2936 2427 2987 stare,
2452 2936 2505 2980 ct
2563 2925 2956 2981 rum-Nestorio
2997 2942 3105 2980 non
3141 2941 3274 2981 con-

1725 3018 1973 3070 cordare.
2032 3017 2271 3069 Rursum
2303 3018 2494 3071 scribit
2539 3016 2866 3071 Nestorius:
2906 3015 3127 3070 Verbum
3173 3016 3268 3069 Dei

1719 3123 1809 3175 per
1826 3122 2007 3158 manus
2028 3105 2239 3174 Iosephi
2251 3108 2437 3174 pannis
2460 3109 2708 3161 amictum
2730 3124 2830 3161 non
2850 3118 2943 3174 est,
2967 3109 3055 3163 sed
3080 3125 3266 3177 corpus

1724 3196 1956 3261 Domini,
2015 3196 2124 3249 Leo
2182 3209 2385 3260 autem,
2444 3197 2548 3252 hoc
2607 3200 2822 3267 quidem
2870 3200 3267 3269 resplenduisse

1719 3288 2010 3351 miraculis,
2042 3287 2170 3340 illud
2198 3300 2324 3341 vero
2348 3287 2690 3357 passiOnibus
2716 3290 3011 3344 obnoxium
3068 3291 3261 3345 fuisse.

1714 3377 2061 3444 Apertissime
2090 3393 2185 3445 per
2223 3379 2333 3431 [nec
2372 3378 2532 3431 verba
2578 3377 2858 3434 Nestorius
2886 3380 3048 3434 alium
3096 3379 3264 3434 Deum

1722 3467 1950 3519 Verbum
1998 3468 2296 3533 constituit,
2350 3477 2404 3522 et
2428 3469 2593 3522 alium
2621 3484 2687 3524 ex
2718 3469 2885 3523 Maria
2910 3480 3256 3540 prostratum,

1715 3558 1801 3609 cui
1833 3565 1881 3609 et
1924 3557 2270 3625 singulariter
2312 3560 2580 3630 propriam
2616 3576 2897 3629 personam
2925 3562 3262 3619 constituens

1712 3645 1892 3705 Jesum
1914 3649 2290 3717 nuncupabat:
2318 3649 2714 3715 debebatenim,
2734 3652 2778 3705 si
2805 3650 2929 3722 quid
2956 3652 3045 3705 ille
3060 3662 3262 3706 rectum

1712 3737 2011 3804 exprimere
2025 3738 2226 3792 volebat
2236 3779 2252 3805 ,
2271 3742 2367 3793 hac
2380 3740 2585 3794 ratione
2595 3742 2899 3797 enuntiare:
2921 3742 3150 3796 Verbum
3172 3740 3263 3798 Dei

1712 3842 1817 3894 qua
1848 3825 2078 3880 Verbum
2101 3829 2738 3897 estincomprehensibile
2763 3839 2816 3885 et
2854 3832 3261 3889 incircumscri-

1714 3924 1861 3983 ptum
1886 3923 1937 3968 et
1984 3916 2126 3969 Patri
2171 3928 2492 3970 coactor-num
2520 3958 2535 3982 ,
2567 3921 2757 3987 pannis
2790 3935 2897 3975 non
2923 3932 3005 3977 est
3029 3922 3261 3978 circum-

1717 4005 1990 4069 vestitum,
2010 4020 2102 4069 per
2122 4003 2574 4077 manusJosephi,
2601 4025 2706 4078 qua
2750 4026 2874 4066 vero
2904 4024 3118 4081 prepter
3163 4029 3260 4067 no-

1712 4104 1875 4147 stram
1898 4094 2122 4148 salutem
2139 4096 2298 4151 homo
2313 4096 2486 4153 factus
2501 4108 2583 4153 est
2602 4115 2693 4169 per
2708 4101 2888 4162 omnia
2905 4102 3055 4156 nobis
3068 4102 3259 4157 similis

1712 4185 1916 4254 absque
1973 4194 2212 4255 peccato,
2258 4197 2312 4239 et
2340 4187 2534 4253 infans,
2580 4190 2775 4257 pannis
2820 4206 3129 4261 permanus
3164 4191 3259 4247 Ju-

1711 4276 1861 4344 sephi
1880 4276 2164 4330 obvolutus
2177 4286 2277 4330 est.
2309 4276 2459 4345 Quod
2483 4293 2605 4333 cum
2632 4296 2739 4334 non
2762 4281 2926 4347 dicat,
2972 4284 3255 4337 manifesto

68 4369 268 4435 γέγονε,
303 4369 446 4422 κατὰ
493 4370 673 4423 πάντα
701 4372 886 4441 ὅμοιος
928 4372 1061 4441 ἡμῖν
1104 4371 1271 4440 χωρὶς
1315 4372 1607 4441 ἁμαρτίας,

1712 4368 1977 4421 evincitur
2019 4366 2341 4421 divisionem
2399 4372 2557 4424 unius
2586 4369 2783 4424 Christi
2815 4372 3117 4442 hypOstasis
3176 4373 3257 4426 itt-

68 4461 151 4511 καὶ
187 4460 491 4529 νηπιάσας,
548 4460 765 4529 ὲνεδύθη
812 4461 953 4530 ῥάκη
1002 4459 1105 4513 ὑπὸ
1154 4458 1347 4530 χειρῶν
1388 4459 1606 4531 Ἰωσήφ.

1716 4457 1921 4521 tulisse,
1963 4472 2080 4510 eam
2125 4457 2178 4510 in
2236 4457 2369 4512 duas
2416 4473 2677 4528 personas
2723 4460 3093 4523 subdivide-.s,
3126 4474 3254 4529 pro-

68 4550 239 4614 Οὕτως
283 4551 339 4603 δὲ
376 4552 451 4622 μὴ
483 4550 669 4617 είπὼν,
711 4550 941 4621 φανερὸν
991 4550 1072 4602 ὅτι
1114 4549 1376 4619 διαίρεσιν
1414 4549 1512 4619 τὴν
1547 4550 1607 4602 οὑ

1712 4557 2001 4617 ptereaque
2019 4548 2137 4617 jure
2160 4550 2350 4601 merito
2378 4550 2716 4604 anathemate
2742 4550 2996 4604 subactus
3017 4562 3119 4605 est.
3145 4549 3255 4605 Leo

70 4641 373 4710 πρέπουσαν
428 4644 721 4713 ἐποιήσατο
773 4641 890 4710 τῆςΔ
948 4643 1075 4708 μιᾶς
1125 4641 1468 4701 ὑποστάσεως
1515 4639 1607 4691 τοῦ

1712 4650 1892 4692 autem
1953 4640 2054 4693 hoc
2089 4639 2365 4693 miraculis
2394 4639 2808 4707 resplenduisse,
2844 4639 2985 4694 aliud
3014 4640 3257 4709 discipli-

68 4731 311 4797 Χριστοῦ,
347 4734 426 4796 είς
468 4733 559 4787 δύο
593 4728 1101 4803 πρόσωπαταύτην
1140 4730 1319 4800 τεμών
1344 4747 1358 4760 '
1391 4732 1477 4783 διά
1521 4749 1603 4783 τοι

1712 4731 1794 4784 nis
1821 4730 2091 4785 addictum
2122 4728 2313 4794 fuisse,
2338 4729 2542 4795 dicens,
2599 4744 2705 4783 non
2745 4730 2853 4784 duo
2894 4729 3070 4797 inquit
3114 4730 3249 4784 intc-

69 4823 209 4876 τοῦτο
261 4825 560 4895 άναθέματι
586 4826 810 4886 δικαίως
837 4822 1329 4891 καθυπο6ἑ6ληται.
1370 4823 1427 4873 Ὀ
1456 4821 1512 4872 δὲ
1543 4820 1607 4889 δὴ

68 4904 228 4975 Λέων,
265 4918 346 4970 ὅτι
384 4917 443 4969 τὸ
480 4919 577 4987 μὲν
611 4917 821 4986 ἔλαμπε
863 4916 949 4969 διὰ
986 4913 1093 4968 τῶν
1145 4914 1420 4983 σημείων,
1454 4914 1513 4965 τὸ
1548 4912 1605 4963 δὲ

69 5007 329 5061 ὑπέπιπτε
373 5008 486 5071 τοῖς
542 5006 877 5077 παθήμασιν,
915 5006 977 5058 οὑ
1008 5004 1100 5071 δύο
1154 5004 1317 5073 φησὶν
1364 5004 1477 5064 ὅλα,
1518 5002 1606 5054 ἵνα

68 5100 148 5149 καὶ
177 5098 457 5169 διαίρεσιν.
480 5098 597 5153 τῶν
616 5097 828 5166 φύσεων
855 5096 1047 5167 είσάξη
1072 5094 1449 5155 ίδιοσυστάτως
1476 5094 1606 5144 θεω-

70 5186 313 5255 ρούμενα,
343 5187 438 5239 καὶ
466 5185 557 5240 διὰ
586 5184 744 5247 τοῦτο
786 5184 878 5238 δύο
910 5185 1173 5254 πρόσωπα
1204 5183 1297 5235 καὶ
1348 5181 1441 5233 δύο
1476 5182 1605 5233 ὑπο-

68 5278 294 5344 στάσεις,
326 5276 462 5333 ἀλλὰ
510 5266 764 5353 δὺοένὸς
809 5276 933 5330 ὅλου
973 5274 1417 5345 συμπληρωτικά.
1470 5271 1602 5324 Οὑδὲ

68 5368 161 5438 γάρ
184 5365 433 5432 εἷπεν,⁹0
460 5367 581 5439 μιν,
604 5368 709 5423 ’καὶ
734 5370 762 5421 ὁ
787 5367 863 5420 δέ·
894 5365 1016 5420 οὑδὲ
1050 5364 1166 5433 (καὶ
1188 5364 1273 5415 ἵνα
1307 5381 1358 5415 τι
1390 5378 1601 5431 συγχω-

70 5460 221 5528 ρήσας
254 5459 429 5530 stag),
447 5456 508 5512 τὸ
536 5448 653 5535 μιν,
686 5456 870 5521 ἁπλῶς
910 5458 1035 5512 ἄνευ
1062 5454 1393 5525 προσθήκης,
1422 5454 1515 5505 καὶ
1542 5452 1601 5503 τὸ

68 5549 135 5601 δέ.
162 5550 321 5603 Ἀλλά
349 5540 403 5602 τί
441 5549 601 5619 «pact;
632 5550 715 5603 ’τὸ
742 5549 837 5619 μὲν
866 5547 1052 5611 αὑτοῦ,
1088 5548 1180 5599 καὶ
1205 5546 1265 5598 τὸ
1295 5546 1373 5606 δὲ,
1419 5545 1601 5614 δηλον-

68 5643 325 5697 ὁτιαὺτοῦ
354 5644 445 5696 διά
492 5660 633 5705 τινος
675 5643 767 5692 τοῦ
809 5639 931 5693 ὅλου
965 5641 1117 5707 φησὶ,
1147 5639 1205 5693 τὸ
1243 5637 1341 5708 μὲν
1368 5636 1427 5688 τὸ
1465 5654 1598 5706 συμ-

1710 4837 1801 4890 gra
1835 4837 1927 4889 per
1956 4835 2015 4874 se
2051 4821 2420 4885 subsistentia,
2455 4830 2513 4874 ut
2542 4830 2590 4875 et
2648 4820 2971 4875 divisionem
3034 4831 3251 4875 natura--

1707 4926 1826 4963 rum
1858 4909 2047 4963 aﬂ‘erat
2069 4948 2082 4974 ,
2115 4917 2501 4979 proptereaque
2533 4910 2667 4963 duas
2688 4925 2985 4979 personas;
3017 4921 3070 4964 et
3116 4914 3251 4965 duas

1709 5002 2063 5071 hyposlases:
2101 5002 2192 5054 sed
2220 5001 2327 5053 duo
2354 5001 2512 5054 unius
2536 5000 2728 5069 integri
2758 5001 3077 5071 complctiva
3103 5019 3118 5066 ;
3154 5017 3246 5054 ne-

1706 5107 1811 5161 que
1855 5092 1996 5145 enim
2026 5092 2181 5155 dixit,
2209 5091 2294 5144 hic
2324 5090 2505 5155 etille,
2538 5106 2710 5160 neque
2732 5100 2788 5144 ut
2836 5092 3037 5160 aliquid
3082 5093 3243 5143 etiam

1705 5184 2020 5236 concederet
2071 5183 2173 5236 hoc
2203 5181 2515 5249 simpliciter
2544 5182 2749 5251 absque
2783 5183 2983 5247 addito,
3016 5190 3067 5233 et
3120 5182 3239 5233 hoc.

1705 5270 1899 5325 Verum
1932 5272 2032 5335 sic,
2057 5273 2154 5326 hoc
2187 5272 2403 5340 quidem
2432 5272 2596 5336 illius,
2632 5283 2684 5327 et
2712 5273 2814 5327 hoc
2840 5288 2986 5337 vero,
3014 5272 3112 5323 hoc
3159 5282 3244 5322 est

1702 5362 1845 5417 illius
1864 5363 1928 5415 de
1960 5362 2145 5431 aliquo
2174 5362 2377 5432 integro
2415 5378 2715 5418 sermonem
2752 5364 2971 5425 habens,
3005 5362 3103 5411 hoc
3124 5364 3248 5427 qu-

1703 5456 1822 5509 dem
1865 5456 1940 5508 ait
1996 5455 2398 5524 completirum,
2450 5456 2576 5510 etin
2609 5456 3041 5524 compositionem
3071 5450 3241 5519 ipsius

1702 5554 2039 5615 assumptum
2070 5546 2373 5614 resplendet
2396 5546 2692 5608 miraculis,
2725 5548 2826 5600 hoc
2885 5554 3031 5601 vero.
3084 5538 3239 5591 Simi-

1702 5636 1821 5689 liter
1863 5645 1911 5690 et
1946 5636 2119 5703 ipsum
2156 5635 2321 5691 totius
2377 5636 2773 5705 cornplctivum,
2806 5634 2853 5685 in
2892 5626 3248 5697 composition
