  <div class='ocr_page' id='page_1' title='image "/cluster/home/n/w/nwhite01/storage/ocr_20150623/105/pst.000005714155/367.png"; bbox 0 0 3934 6316; ppageno 0'>
   <div class='ocr_carea' id='block_1_1' title="bbox 471 284 581 350">
    <p class='ocr_par' dir='ltr' id='par_1_1' title="bbox 471 284 581 350">
     <span class='ocr_line' id='line_1_1' title="bbox 471 284 581 350; baseline 0 0"><span class='ocrx_word' id='word_1_1' title='bbox 471 284 581 350; x_wconf 74' lang='grc' dir='ltr'><strong>ῦὶδ</strong></span> 
     </span>
    </p>
   </div>
   <div class='ocr_carea' id='block_1_2' title="bbox 1740 287 2473 349">
    <p class='ocr_par' dir='ltr' id='par_1_2' title="bbox 1740 287 2473 349">
     <span class='ocr_line' id='line_1_2' title="bbox 1740 287 2473 349; baseline -0.004 0"><span class='ocrx_word' id='word_1_2' title='bbox 1740 287 2032 349; x_wconf 59' lang='lat' dir='ltr'><strong>NICETIS</strong></span> <span class='ocrx_word' id='word_1_3' title='bbox 2070 287 2473 349; x_wconf 70' lang='grc' dir='ltr'><strong>ΒΥΖΛΝΤΙΝΙ</strong></span> 
     </span>
    </p>
   </div>
   <div class='ocr_carea' id='block_1_3' title="bbox 3603 289 3742 352">
    <p class='ocr_par' dir='ltr' id='par_1_3' title="bbox 3603 289 3742 352">
     <span class='ocr_line' id='line_1_3' title="bbox 3603 289 3742 352; baseline 0.014 -2"><span class='ocrx_word' id='word_1_4' title='bbox 3603 289 3742 352; x_wconf 73' lang='grc'><strong>616</strong></span> 
     </span>
    </p>
   </div>
   <div class='ocr_carea' id='block_1_4' title="bbox 471 394 2045 470">
    <p class='ocr_par' dir='ltr' id='par_1_4' title="bbox 471 394 2041 470">
     <span class='ocr_line' id='line_1_4' title="bbox 471 394 2041 470; baseline -0.001 -19"><span class='ocrx_word' id='word_1_5' title='bbox 471 411 593 451; x_wconf 81' lang='lat' dir='ltr'><strong>Item</strong></span> <span class='ocrx_word' id='word_1_6' title='bbox 655 394 799 450; x_wconf 86' lang='lat' dir='ltr'><strong>illius</strong></span> <span class='ocrx_word' id='word_1_7' title='bbox 843 402 1126 464; x_wconf 83' lang='lat' dir='ltr'><strong>acceptum</strong></span> <span class='ocrx_word' id='word_1_8' title='bbox 1184 396 1534 466; x_wconf 86' lang='lat' dir='ltr'><strong>passionibus</strong></span> <span class='ocrx_word' id='word_1_9' title='bbox 1584 397 1881 470; x_wconf 75' lang='lat' dir='ltr'><strong>obnoxium</strong></span> <span class='ocrx_word' id='word_1_10' title='bbox 1940 407 2041 453; x_wconf 91' lang='lat' dir='ltr'><strong>est.</strong></span> 
     </span>
    </p>
   </div>
   <div class='ocr_carea' id='block_1_5' title="bbox 2148 394 3742 470">
    <p class='ocr_par' dir='ltr' id='par_1_5' title="bbox 2149 397 3742 469">
     <span class='ocr_line' id='line_1_5' title="bbox 2149 397 3742 469; baseline -0.001 -16"><span class='ocrx_word' id='word_1_11' title='bbox 2149 398 2517 469; x_wconf 72' lang='grc' dir='ltr'>πληρωτικὸν,</span> <span class='ocrx_word' id='word_1_12' title='bbox 2568 398 2658 450; x_wconf 79' lang='grc' dir='ltr'><strong>καὶ</strong></span> <span class='ocrx_word' id='word_1_13' title='bbox 2707 400 2784 460; x_wconf 84' lang='grc' dir='ltr'>εἰς</span> <span class='ocrx_word' id='word_1_14' title='bbox 2821 397 2916 468; x_wconf 75' lang='grc' dir='ltr'>τὴν</span> <span class='ocrx_word' id='word_1_15' title='bbox 2957 399 3202 453; x_wconf 61' lang='grc' dir='ltr'>σύνθεσιν</span> <span class='ocrx_word' id='word_1_16' title='bbox 3252 401 3415 454; x_wconf 72' lang='grc' dir='ltr'>αὑτοῦ</span> <span class='ocrx_word' id='word_1_17' title='bbox 3457 401 3742 469; x_wconf 63' lang='grc' dir='ltr'>παραλη-</span> 
     </span>
    </p>
   </div>
   <div class='ocr_carea' id='block_1_6' title="bbox 473 487 2039 559">
    <p class='ocr_par' dir='ltr' id='par_1_6' title="bbox 473 487 2039 559">
     <span class='ocr_line' id='line_1_6' title="bbox 473 487 2039 559; baseline 0.003 -20"><span class='ocrx_word' id='word_1_18' title='bbox 473 487 546 540; x_wconf 81' lang='lat' dir='ltr'><strong>Ea</strong></span> <span class='ocrx_word' id='word_1_19' title='bbox 606 490 917 558; x_wconf 82' lang='lat' dir='ltr'><strong>quicunque</strong></span> <span class='ocrx_word' id='word_1_20' title='bbox 981 489 1059 542; x_wconf 91' lang='lat' dir='ltr'><strong>sic</strong></span> <span class='ocrx_word' id='word_1_21' title='bbox 1120 488 1393 558; x_wconf 77' lang='lat' dir='ltr'><strong>intelligit,</strong></span> <span class='ocrx_word' id='word_1_22' title='bbox 1437 489 1891 559; x_wconf 76' lang='lat' dir='ltr'><strong>quemadmodum</strong></span> <span class='ocrx_word' id='word_1_23' title='bbox 1925 498 1979 544; x_wconf 92' lang='lat' dir='ltr'><strong>et</strong></span> <span class='ocrx_word' id='word_1_24' title='bbox 2010 504 2039 543; x_wconf 91' lang='lat' dir='ltr'><strong>a</strong></span> 
     </span>
    </p>
   </div>
   <div class='ocr_carea' id='block_1_7' title="bbox 468 579 2050 650">
    <p class='ocr_par' dir='ltr' id='par_1_7' title="bbox 468 579 2050 650">
     <span class='ocr_line' id='line_1_7' title="bbox 468 579 2050 650; baseline 0.002 -19"><span class='ocrx_word' id='word_1_25' title='bbox 468 586 659 645; x_wconf 69' lang='grc' dir='ltr'><strong>ιαηειο</strong></span> <span class='ocrx_word' id='word_1_26' title='bbox 681 580 928 647; x_wconf 88' lang='lat' dir='ltr'><strong>pontiticc</strong></span> <span class='ocrx_word' id='word_1_27' title='bbox 946 579 1122 632; x_wconf 84' lang='lat' dir='ltr'><strong>Leone</strong></span> <span class='ocrx_word' id='word_1_28' title='bbox 1139 591 1494 648; x_wconf 74' lang='lat' dir='ltr'><strong>exponuntur,</strong></span> <span class='ocrx_word' id='word_1_29' title='bbox 1524 580 1569 634; x_wconf 88' lang='lat' dir='ltr'><strong>is</strong></span> <span class='ocrx_word' id='word_1_30' title='bbox 1587 581 1717 633; x_wconf 80' lang='lat' dir='ltr'><strong>nihil</strong></span> <span class='ocrx_word' id='word_1_31' title='bbox 1738 595 1911 650; x_wconf 88' lang='lat' dir='ltr'><strong>neque</strong></span> <span class='ocrx_word' id='word_1_32' title='bbox 1931 580 2050 634; x_wconf 84' lang='lat' dir='ltr'><strong>inc-</strong></span> 
     </span>
    </p>
   </div>
   <div class='ocr_carea' id='block_1_8' title="bbox 474 668 2044 737">
    <p class='ocr_par' dir='ltr' id='par_1_8' title="bbox 474 668 2044 737">
     <span class='ocr_line' id='line_1_8' title="bbox 474 668 2044 737; baseline 0.003 -21"><span class='ocrx_word' id='word_1_33' title='bbox 474 676 620 732; x_wconf 89' lang='lat' dir='ltr'><strong>ptum</strong></span> <span class='ocrx_word' id='word_1_34' title='bbox 653 682 828 736; x_wconf 88' lang='lat' dir='ltr'><strong>neque</strong></span> <span class='ocrx_word' id='word_1_35' title='bbox 848 668 1218 735; x_wconf 86' lang='lat' dir='ltr'><strong>blasphemum</strong></span> <span class='ocrx_word' id='word_1_36' title='bbox 1246 668 1632 737; x_wconf 74' lang='lat' dir='ltr'><strong>pronuntiabit.</strong></span> <span class='ocrx_word' id='word_1_37' title='bbox 1653 669 1889 722; x_wconf 88' lang='lat' dir='ltr'><strong>Rursum</strong></span> <span class='ocrx_word' id='word_1_38' title='bbox 1912 668 2044 722; x_wconf 89' lang='lat' dir='ltr'><strong>scri-</strong></span> 
     </span>
    </p>
   </div>
   <div class='ocr_carea' id='block_1_9' title="bbox 470 753 2048 827">
    <p class='ocr_par' dir='ltr' id='par_1_9' title="bbox 470 753 2048 827">
     <span class='ocr_line' id='line_1_9' title="bbox 470 753 2048 827; baseline 0.002 -19"><span class='ocrx_word' id='word_1_39' title='bbox 470 755 548 808; x_wconf 87' lang='lat' dir='ltr'><strong>bit</strong></span> <span class='ocrx_word' id='word_1_40' title='bbox 569 753 876 811; x_wconf 74' lang='lat' dir='ltr'><strong>Nestorius:</strong></span> <span class='ocrx_word' id='word_1_41' title='bbox 902 758 967 809; x_wconf 86' lang='lat' dir='ltr'><strong>Et</strong></span> <span class='ocrx_word' id='word_1_42' title='bbox 1000 757 1218 812; x_wconf 83' lang='lat' dir='ltr'><strong>Verbum</strong></span> <span class='ocrx_word' id='word_1_43' title='bbox 1244 776 1362 811; x_wconf 86' lang='lat' dir='ltr'><strong>caro</strong></span> <span class='ocrx_word' id='word_1_44' title='bbox 1381 760 1690 827; x_wconf 78' lang='lat' dir='ltr'><strong>factumest,</strong></span> <span class='ocrx_word' id='word_1_45' title='bbox 1728 771 1772 813; x_wconf 75' lang='lat' dir='ltr'><strong>et</strong></span> <span class='ocrx_word' id='word_1_46' title='bbox 1799 759 2048 812; x_wconf 77' lang='lat' dir='ltr'><strong>habitavit</strong></span> 
     </span>
    </p>
   </div>
   <div class='ocr_carea' id='block_1_10' title="bbox 473 837 2044 920">
    <p class='ocr_par' dir='ltr' id='par_1_10' title="bbox 473 837 2044 920">
     <span class='ocr_line' id='line_1_10' title="bbox 473 837 2044 920; baseline 0 -20"><span class='ocrx_word' id='word_1_47' title='bbox 473 837 527 900; x_wconf 65' lang='grc' dir='ltr'><strong>δη</strong></span> <span class='ocrx_word' id='word_1_48' title='bbox 557 849 726 902; x_wconf 77' lang='lat' dir='ltr'><strong>nobis.</strong></span> <span class='ocrx_word' id='word_1_49' title='bbox 750 849 853 902; x_wconf 87' lang='lat' dir='ltr'><strong>Leo</strong></span> <span class='ocrx_word' id='word_1_50' title='bbox 888 855 1047 903; x_wconf 76' lang='lat' dir='ltr'><strong>vero:</strong></span> <span class='ocrx_word' id='word_1_51' title='bbox 1086 849 1360 917; x_wconf 74' lang='lat' dir='ltr'><strong>Sapientia</strong></span> <span class='ocrx_word' id='word_1_52' title='bbox 1385 852 1663 920; x_wconf 78' lang='lat' dir='ltr'><strong>a’diﬁcavit</strong></span> <span class='ocrx_word' id='word_1_53' title='bbox 1695 853 1795 906; x_wconf 75' lang='lat' dir='ltr'><strong>sibi</strong></span> <span class='ocrx_word' id='word_1_54' title='bbox 1816 856 2044 915; x_wconf 88' lang='lat' dir='ltr'><strong>domum,</strong></span> 
     </span>
    </p>
   </div>
   <div class='ocr_carea' id='block_1_11' title="bbox 475 939 2044 1010">
    <p class='ocr_par' dir='ltr' id='par_1_11' title="bbox 475 939 2044 1010">
     <span class='ocr_line' id='line_1_11' title="bbox 475 939 2044 1010; baseline 0.002 -18"><span class='ocrx_word' id='word_1_55' title='bbox 475 957 596 992; x_wconf 85' lang='lat' dir='ltr'><strong>nam</strong></span> <span class='ocrx_word' id='word_1_56' title='bbox 639 939 857 993; x_wconf 81' lang='lat' dir='ltr'><strong>Verbum</strong></span> <span class='ocrx_word' id='word_1_57' title='bbox 904 958 1028 995; x_wconf 85' lang='lat' dir='ltr'><strong>caro</strong></span> <span class='ocrx_word' id='word_1_58' title='bbox 1059 947 1257 1010; x_wconf 66' lang='lat' dir='ltr'><strong>factum</strong></span> <span class='ocrx_word' id='word_1_59' title='bbox 1316 955 1413 1007; x_wconf 84' lang='lat' dir='ltr'><strong>est,</strong></span> <span class='ocrx_word' id='word_1_60' title='bbox 1440 955 1486 996; x_wconf 84' lang='lat' dir='ltr'><strong>et</strong></span> <span class='ocrx_word' id='word_1_61' title='bbox 1514 945 1765 998; x_wconf 74' lang='lat' dir='ltr'><strong>habitavit</strong></span> <span class='ocrx_word' id='word_1_62' title='bbox 1795 945 1847 996; x_wconf 87' lang='lat' dir='ltr'><strong>in</strong></span> <span class='ocrx_word' id='word_1_63' title='bbox 1878 942 2044 996; x_wconf 69' lang='lat' dir='ltr'><strong>nobis.</strong></span> 
     </span>
    </p>
   </div>
   <div class='ocr_carea' id='block_1_12' title="bbox 475 1029 2044 1103">
    <p class='ocr_par' dir='ltr' id='par_1_12' title="bbox 475 1029 2044 1103">
     <span class='ocr_line' id='line_1_12' title="bbox 475 1029 2044 1103; baseline 0.004 -22"><span class='ocrx_word' id='word_1_64' title='bbox 475 1029 583 1082; x_wconf 83' lang='lat' dir='ltr'><strong>llas</strong></span> <span class='ocrx_word' id='word_1_65' title='bbox 609 1045 768 1084; x_wconf 82' lang='lat' dir='ltr'><strong>voces</strong></span> <span class='ocrx_word' id='word_1_66' title='bbox 800 1046 974 1101; x_wconf 86' lang='lat' dir='ltr'><strong>neque</strong></span> <span class='ocrx_word' id='word_1_67' title='bbox 1000 1033 1202 1101; x_wconf 86' lang='lat' dir='ltr'><strong>impius</strong></span> <span class='ocrx_word' id='word_1_68' title='bbox 1233 1033 1516 1088; x_wconf 84' lang='lat' dir='ltr'><strong>Nestorius</strong></span> <span class='ocrx_word' id='word_1_69' title='bbox 1546 1050 1608 1088; x_wconf 84' lang='lat' dir='ltr'><strong>ex</strong></span> <span class='ocrx_word' id='word_1_70' title='bbox 1635 1035 1867 1103; x_wconf 84' lang='lat' dir='ltr'><strong>prepriis</strong></span> <span class='ocrx_word' id='word_1_71' title='bbox 1899 1043 2044 1088; x_wconf 84' lang='lat' dir='ltr'><strong>attu-</strong></span> 
     </span>
    </p>
   </div>
   <div class='ocr_carea' id='block_1_13' title="bbox 474 1122 2042 1192">
    <p class='ocr_par' dir='ltr' id='par_1_13' title="bbox 474 1122 2042 1192">
     <span class='ocr_line' id='line_1_13' title="bbox 474 1122 2042 1192; baseline 0.002 -17"><span class='ocrx_word' id='word_1_72' title='bbox 474 1122 553 1184; x_wconf 93' lang='lat' dir='ltr'><strong>liI,</strong></span> <span class='ocrx_word' id='word_1_73' title='bbox 582 1137 755 1190; x_wconf 88' lang='lat' dir='ltr'><strong>neque</strong></span> <span class='ocrx_word' id='word_1_74' title='bbox 785 1123 896 1192; x_wconf 83' lang='lat' dir='ltr'><strong>ipse</strong></span> <span class='ocrx_word' id='word_1_75' title='bbox 917 1122 1026 1177; x_wconf 86' lang='lat' dir='ltr'><strong>Leo</strong></span> <span class='ocrx_word' id='word_1_76' title='bbox 1077 1126 1323 1180; x_wconf 85' lang='lat' dir='ltr'><strong>eloeutus</strong></span> <span class='ocrx_word' id='word_1_77' title='bbox 1354 1135 1456 1189; x_wconf 88' lang='lat' dir='ltr'><strong>est,</strong></span> <span class='ocrx_word' id='word_1_78' title='bbox 1488 1127 1576 1179; x_wconf 87' lang='lat' dir='ltr'><strong>sed</strong></span> <span class='ocrx_word' id='word_1_79' title='bbox 1611 1142 1675 1178; x_wconf 82' lang='lat' dir='ltr'><strong>ex</strong></span> <span class='ocrx_word' id='word_1_80' title='bbox 1704 1125 1898 1179; x_wconf 83' lang='lat' dir='ltr'><strong>divinis</strong></span> <span class='ocrx_word' id='word_1_81' title='bbox 1934 1124 2042 1178; x_wconf 84' lang='lat' dir='ltr'><strong>Lit-</strong></span> 
     </span>
    </p>
   </div>
   <div class='ocr_carea' id='block_1_14' title="bbox 473 1213 2040 1284">
    <p class='ocr_par' dir='ltr' id='par_1_14' title="bbox 473 1213 2040 1284">
     <span class='ocr_line' id='line_1_14' title="bbox 473 1213 2040 1284; baseline 0.001 -19"><span class='ocrx_word' id='word_1_82' title='bbox 473 1213 604 1265; x_wconf 82' lang='lat' dir='ltr'><strong>teris</strong></span> <span class='ocrx_word' id='word_1_83' title='bbox 635 1213 966 1277; x_wconf 83' lang='lat' dir='ltr'><strong>haurientes.</strong></span> <span class='ocrx_word' id='word_1_84' title='bbox 994 1215 1045 1266; x_wconf 91' lang='lat' dir='ltr'><strong>in</strong></span> <span class='ocrx_word' id='word_1_85' title='bbox 1068 1216 1283 1284; x_wconf 85' lang='lat' dir='ltr'><strong>propria</strong></span> <span class='ocrx_word' id='word_1_86' title='bbox 1304 1215 1690 1268; x_wconf 86' lang='lat' dir='ltr'><strong>commentaria</strong></span> <span class='ocrx_word' id='word_1_87' title='bbox 1719 1216 2040 1268; x_wconf 88' lang='lat' dir='ltr'><strong>retulerunt.</strong></span> 
     </span>
    </p>
   </div>
   <div class='ocr_carea' id='block_1_15' title="bbox 474 1301 2039 1364">
    <p class='ocr_par' dir='ltr' id='par_1_15' title="bbox 474 1301 2039 1364">
     <span class='ocr_line' id='line_1_15' title="bbox 474 1301 2039 1364; baseline 0.003 -8"><span class='ocrx_word' id='word_1_88' title='bbox 474 1301 862 1358; x_wconf 83' lang='lat' dir='ltr'><strong>Verumtamen</strong></span> <span class='ocrx_word' id='word_1_89' title='bbox 895 1303 1176 1360; x_wconf 82' lang='lat' dir='ltr'><strong>Nestorius</strong></span> <span class='ocrx_word' id='word_1_90' title='bbox 1210 1319 1399 1360; x_wconf 85' lang='lat' dir='ltr'><strong>contra</strong></span> <span class='ocrx_word' id='word_1_91' title='bbox 1434 1308 1720 1361; x_wconf 90' lang='lat' dir='ltr'><strong>consilium</strong></span> <span class='ocrx_word' id='word_1_92' title='bbox 1762 1307 2039 1364; x_wconf 75' lang='lat' dir='ltr'><strong>ecclesia-</strong></span> 
     </span>
    </p>
   </div>
   <div class='ocr_carea' id='block_1_16' title="bbox 473 1395 2039 1468">
    <p class='ocr_par' dir='ltr' id='par_1_16' title="bbox 473 1395 2039 1468">
     <span class='ocr_line' id='line_1_16' title="bbox 473 1395 2039 1468; baseline 0.003 -21"><span class='ocrx_word' id='word_1_93' title='bbox 473 1395 689 1457; x_wconf 86' lang='lat' dir='ltr'><strong>sticum,</strong></span> <span class='ocrx_word' id='word_1_94' title='bbox 720 1407 770 1449; x_wconf 90' lang='lat' dir='ltr'><strong>et</strong></span> <span class='ocrx_word' id='word_1_95' title='bbox 801 1411 863 1450; x_wconf 84' lang='lat' dir='ltr'><strong>ex</strong></span> <span class='ocrx_word' id='word_1_96' title='bbox 902 1413 997 1450; x_wconf 89' lang='lat' dir='ltr'><strong>sua</strong></span> <span class='ocrx_word' id='word_1_97' title='bbox 1039 1398 1326 1466; x_wconf 78' lang='lat' dir='ltr'><strong>depravata</strong></span> <span class='ocrx_word' id='word_1_98' title='bbox 1364 1409 1546 1452; x_wconf 87' lang='lat' dir='ltr'><strong>mente</strong></span> <span class='ocrx_word' id='word_1_99' title='bbox 1583 1400 1750 1452; x_wconf 84' lang='lat' dir='ltr'><strong>verba</strong></span> <span class='ocrx_word' id='word_1_100' title='bbox 1807 1415 2039 1468; x_wconf 61' lang='lat' dir='ltr'><strong>cvange-</strong></span> 
     </span>
    </p>
   </div>
   <div class='ocr_carea' id='block_1_17' title="bbox 473 1487 2033 1558">
    <p class='ocr_par' dir='ltr' id='par_1_17' title="bbox 473 1487 2033 1558">
     <span class='ocr_line' id='line_1_17' title="bbox 473 1487 2033 1558; baseline 0.003 -18"><span class='ocrx_word' id='word_1_101' title='bbox 473 1487 574 1541; x_wconf 88' lang='lat' dir='ltr'><strong>lica</strong></span> <span class='ocrx_word' id='word_1_102' title='bbox 614 1491 846 1556; x_wconf 84' lang='lat' dir='ltr'><strong>sumpsit</strong></span> <span class='ocrx_word' id='word_1_103' title='bbox 880 1507 892 1541; x_wconf 90' lang='lat'><strong>:</strong></span> <span class='ocrx_word' id='word_1_104' title='bbox 957 1506 1209 1558; x_wconf 77' lang='lat' dir='ltr'><strong>namque,</strong></span> <span class='ocrx_word' id='word_1_105' title='bbox 1259 1489 1480 1542; x_wconf 83' lang='lat' dir='ltr'><strong>Verbum</strong></span> <span class='ocrx_word' id='word_1_106' title='bbox 1534 1508 1657 1543; x_wconf 88' lang='lat' dir='ltr'><strong>caro</strong></span> <span class='ocrx_word' id='word_1_107' title='bbox 1694 1491 1895 1558; x_wconf 75' lang='lat' dir='ltr'><strong>factum</strong></span> <span class='ocrx_word' id='word_1_108' title='bbox 1935 1501 2033 1556; x_wconf 75' lang='lat' dir='ltr'><strong>est,</strong></span> 
     </span>
    </p>
   </div>
   <div class='ocr_carea' id='block_1_18' title="bbox 479 1580 2036 1648">
    <p class='ocr_par' dir='ltr' id='par_1_18' title="bbox 479 1580 2036 1648">
     <span class='ocr_line' id='line_1_18' title="bbox 479 1580 2036 1648; baseline 0 -15"><span class='ocrx_word' id='word_1_109' title='bbox 479 1583 693 1633; x_wconf 65' lang='lat' dir='ltr'><strong>sensum“</strong></span> <span class='ocrx_word' id='word_1_110' title='bbox 725 1580 864 1633; x_wconf 90' lang='lat' dir='ltr'><strong>hunc</strong></span> <span class='ocrx_word' id='word_1_111' title='bbox 893 1581 1035 1648; x_wconf 90' lang='lat' dir='ltr'><strong>pium</strong></span> <span class='ocrx_word' id='word_1_112' title='bbox 1065 1581 1268 1633; x_wconf 84' lang='lat' dir='ltr'><strong>obtinet</strong></span> <span class='ocrx_word' id='word_1_113' title='bbox 1304 1599 1315 1634; x_wconf 85' lang='lat'>:</span> <span class='ocrx_word' id='word_1_114' title='bbox 1351 1581 1489 1634; x_wconf 76' lang='lat' dir='ltr'><strong>idem</strong></span> <span class='ocrx_word' id='word_1_115' title='bbox 1513 1582 1754 1635; x_wconf 82' lang='lat' dir='ltr'><strong>divinum</strong></span> <span class='ocrx_word' id='word_1_116' title='bbox 1781 1581 2036 1645; x_wconf 79' lang='lat' dir='ltr'><strong>Verbum,</strong></span> 
     </span>
    </p>
   </div>
   <div class='ocr_carea' id='block_1_19' title="bbox 481 1669 2038 1741">
    <p class='ocr_par' dir='ltr' id='par_1_19' title="bbox 481 1669 2038 1741">
     <span class='ocr_line' id='line_1_19' title="bbox 481 1669 2038 1741; baseline 0.003 -20"><span class='ocrx_word' id='word_1_117' title='bbox 481 1686 646 1722; x_wconf 91' lang='lat' dir='ltr'><strong>unum</strong></span> <span class='ocrx_word' id='word_1_118' title='bbox 665 1686 726 1722; x_wconf 76' lang='lat' dir='ltr'><strong>ex</strong></span> <span class='ocrx_word' id='word_1_119' title='bbox 748 1680 932 1724; x_wconf 85' lang='lat' dir='ltr'><strong>sancta</strong></span> <span class='ocrx_word' id='word_1_120' title='bbox 958 1669 1151 1725; x_wconf 87' lang='lat' dir='ltr'><strong>Triade</strong></span> <span class='ocrx_word' id='word_1_121' title='bbox 1173 1673 1444 1741; x_wconf 78' lang='lat' dir='ltr'><strong>hypostasi</strong></span> <span class='ocrx_word' id='word_1_122' title='bbox 1471 1690 1590 1726; x_wconf 84' lang='lat' dir='ltr'><strong>cum</strong></span> <span class='ocrx_word' id='word_1_123' title='bbox 1628 1673 1914 1728; x_wconf 82' lang='lat' dir='ltr'><strong>mansisset</strong></span> <span class='ocrx_word' id='word_1_124' title='bbox 1936 1673 2038 1726; x_wconf 84' lang='lat' dir='ltr'><strong>im-</strong></span> 
     </span>
    </p>
   </div>
   <div class='ocr_carea' id='block_1_20' title="bbox 480 1760 2035 1830">
    <p class='ocr_par' dir='ltr' id='par_1_20' title="bbox 480 1760 2035 1830">
     <span class='ocr_line' id='line_1_20' title="bbox 480 1760 2035 1830; baseline 0 -17"><span class='ocrx_word' id='word_1_125' title='bbox 480 1760 735 1814; x_wconf 81' lang='lat' dir='ltr'><strong>mutabile</strong></span> <span class='ocrx_word' id='word_1_126' title='bbox 789 1761 1177 1829; x_wconf 71' lang='lat' dir='ltr'><strong>inmotumque</strong></span> <span class='ocrx_word' id='word_1_127' title='bbox 1246 1762 1386 1830; x_wconf 84' lang='lat' dir='ltr'><strong>quod</strong></span> <span class='ocrx_word' id='word_1_128' title='bbox 1443 1775 1580 1825; x_wconf 85' lang='lat' dir='ltr'><strong>erat,</strong></span> <span class='ocrx_word' id='word_1_129' title='bbox 1640 1762 1778 1815; x_wconf 91' lang='lat' dir='ltr'><strong>Deus</strong></span> <span class='ocrx_word' id='word_1_130' title='bbox 1810 1762 2035 1826; x_wconf 87' lang='lat' dir='ltr'><strong>scilicet,</strong></span> 
     </span>
    </p>
   </div>
   <div class='ocr_carea' id='block_1_21' title="bbox 476 1852 2037 1919">
    <p class='ocr_par' dir='ltr' id='par_1_21' title="bbox 476 1852 2037 1919">
     <span class='ocr_line' id='line_1_21' title="bbox 476 1852 2037 1919; baseline -0.001 -15"><span class='ocrx_word' id='word_1_131' title='bbox 476 1852 772 1919; x_wconf 87' lang='lat' dir='ltr'><strong>assumpsit</strong></span> <span class='ocrx_word' id='word_1_132' title='bbox 809 1866 1025 1904; x_wconf 82' lang='lat' dir='ltr'><strong>carnem</strong></span> <span class='ocrx_word' id='word_1_133' title='bbox 1057 1852 1350 1904; x_wconf 90' lang='lat' dir='ltr'><strong>animatam</strong></span> <span class='ocrx_word' id='word_1_134' title='bbox 1411 1854 1589 1905; x_wconf 89' lang='lat' dir='ltr'><strong>anima</strong></span> <span class='ocrx_word' id='word_1_135' title='bbox 1631 1852 1856 1906; x_wconf 79' lang='lat' dir='ltr'><strong>rationis</strong></span> <span class='ocrx_word' id='word_1_136' title='bbox 1887 1865 2037 1905; x_wconf 90' lang='lat' dir='ltr'><strong>com-</strong></span> 
     </span>
    </p>
   </div>
   <div class='ocr_carea' id='block_1_22' title="bbox 476 1943 2039 2011">
    <p class='ocr_par' dir='ltr' id='par_1_22' title="bbox 476 1943 2039 2011">
     <span class='ocr_line' id='line_1_22' title="bbox 476 1943 2039 2011; baseline 0 -16"><span class='ocrx_word' id='word_1_137' title='bbox 476 1952 599 2011; x_wconf 85' lang='lat' dir='ltr'><strong>pote</strong></span> <span class='ocrx_word' id='word_1_138' title='bbox 648 1952 700 1995; x_wconf 86' lang='lat' dir='ltr'><strong>et</strong></span> <span class='ocrx_word' id='word_1_139' title='bbox 747 1944 1109 2007; x_wconf 84' lang='lat' dir='ltr'><strong>intellectuali,</strong></span> <span class='ocrx_word' id='word_1_140' title='bbox 1139 1952 1190 1995; x_wconf 87' lang='lat' dir='ltr'><strong>et</strong></span> <span class='ocrx_word' id='word_1_141' title='bbox 1220 1944 1357 1996; x_wconf 86' lang='lat' dir='ltr'><strong>hane</strong></span> <span class='ocrx_word' id='word_1_142' title='bbox 1381 1944 1573 1994; x_wconf 72' lang='lat' dir='ltr'><strong>divina:</strong></span> <span class='ocrx_word' id='word_1_143' title='bbox 1608 1953 1810 1997; x_wconf 70' lang='lat' dir='ltr'><strong>naturae</strong></span> <span class='ocrx_word' id='word_1_144' title='bbox 1841 1943 1892 1995; x_wconf 91' lang='lat' dir='ltr'><strong>in</strong></span> <span class='ocrx_word' id='word_1_145' title='bbox 1916 1956 2039 2010; x_wconf 90' lang='lat' dir='ltr'><strong>pro-</strong></span> 
     </span>
    </p>
   </div>
   <div class='ocr_carea' id='block_1_23' title="bbox 474 2034 2036 2104">
    <p class='ocr_par' dir='ltr' id='par_1_23' title="bbox 474 2034 2036 2104">
     <span class='ocr_line' id='line_1_23' title="bbox 474 2034 2036 2104; baseline -0.001 -17"><span class='ocrx_word' id='word_1_146' title='bbox 474 2036 589 2103; x_wconf 90' lang='lat' dir='ltr'><strong>pria</strong></span> <span class='ocrx_word' id='word_1_147' title='bbox 644 2035 941 2104; x_wconf 68' lang='lat' dir='ltr'><strong>hypastasi,</strong></span> <span class='ocrx_word' id='word_1_148' title='bbox 985 2035 1198 2088; x_wconf 89' lang='lat' dir='ltr'><strong>deitatis</strong></span> <span class='ocrx_word' id='word_1_149' title='bbox 1238 2049 1454 2101; x_wconf 90' lang='lat' dir='ltr'><strong>nempe,</strong></span> <span class='ocrx_word' id='word_1_150' title='bbox 1488 2035 1679 2096; x_wconf 83' lang='lat' dir='ltr'><strong>univit,</strong></span> <span class='ocrx_word' id='word_1_151' title='bbox 1738 2034 2036 2088; x_wconf 87' lang='lat' dir='ltr'><strong>secundum</strong></span> 
     </span>
    </p>
   </div>
   <div class='ocr_carea' id='block_1_24' title="bbox 476 2125 2038 2196">
    <p class='ocr_par' dir='ltr' id='par_1_24' title="bbox 476 2125 2038 2196">
     <span class='ocr_line' id='line_1_24' title="bbox 476 2125 2038 2196; baseline -0.002 -16"><span class='ocrx_word' id='word_1_152' title='bbox 476 2129 769 2181; x_wconf 73' lang='lat' dir='ltr'><strong>essentiam</strong></span> <span class='ocrx_word' id='word_1_153' title='bbox 814 2137 866 2180; x_wconf 91' lang='lat' dir='ltr'><strong>ct</strong></span> <span class='ocrx_word' id='word_1_154' title='bbox 913 2127 1254 2196; x_wconf 82' lang='lat' dir='ltr'><strong>hypostasinr</strong></span> <span class='ocrx_word' id='word_1_155' title='bbox 1310 2128 1509 2180; x_wconf 82' lang='lat' dir='ltr'><strong>unione</strong></span> <span class='ocrx_word' id='word_1_156' title='bbox 1564 2125 1771 2191; x_wconf 82' lang='lat' dir='ltr'><strong>clTecta,</strong></span> <span class='ocrx_word' id='word_1_157' title='bbox 1837 2134 1896 2179; x_wconf 90' lang='lat' dir='ltr'><strong>ut</strong></span> <span class='ocrx_word' id='word_1_158' title='bbox 1933 2140 2038 2178; x_wconf 89' lang='lat' dir='ltr'><strong>una</strong></span> 
     </span>
    </p>
   </div>
   <div class='ocr_carea' id='block_1_25' title="bbox 476 2217 2036 2287">
    <p class='ocr_par' dir='ltr' id='par_1_25' title="bbox 476 2217 2036 2287">
     <span class='ocr_line' id='line_1_25' title="bbox 476 2217 2036 2287; baseline 0.001 -18"><span class='ocrx_word' id='word_1_159' title='bbox 476 2219 785 2287; x_wconf 84' lang='lat' dir='ltr'><strong>hypostasis</strong></span> <span class='ocrx_word' id='word_1_160' title='bbox 819 2219 932 2286; x_wconf 87' lang='lat' dir='ltr'><strong>ipse</strong></span> <span class='ocrx_word' id='word_1_161' title='bbox 964 2228 1083 2285; x_wconf 90' lang='lat' dir='ltr'><strong>post</strong></span> <span class='ocrx_word' id='word_1_162' title='bbox 1108 2217 1555 2280; x_wconf 77' lang='lat' dir='ltr'><strong>incarnationem,</strong></span> <span class='ocrx_word' id='word_1_163' title='bbox 1598 2221 1676 2269; x_wconf 83' lang='lat' dir='ltr'><strong>vel</strong></span> <span class='ocrx_word' id='word_1_164' title='bbox 1705 2227 2036 2285; x_wconf 83' lang='lat' dir='ltr'><strong>assumptum</strong></span> 
     </span>
    </p>
   </div>
   <div class='ocr_carea' id='block_1_26' title="bbox 477 2305 2040 2376">
    <p class='ocr_par' dir='ltr' id='par_1_26' title="bbox 477 2305 2040 2376">
     <span class='ocr_line' id='line_1_26' title="bbox 477 2305 2040 2376; baseline 0.001 -18"><span class='ocrx_word' id='word_1_165' title='bbox 477 2306 753 2359; x_wconf 84' lang='lat' dir='ltr'><strong>hominem</strong></span> <span class='ocrx_word' id='word_1_166' title='bbox 815 2305 1128 2376; x_wconf 85' lang='lat' dir='ltr'><strong>crederetur</strong></span> <span class='ocrx_word' id='word_1_167' title='bbox 1167 2306 1314 2358; x_wconf 91' lang='lat' dir='ltr'><strong>nullo</strong></span> <span class='ocrx_word' id='word_1_168' title='bbox 1385 2305 1754 2358; x_wconf 87' lang='lat' dir='ltr'><strong>additamento</strong></span> <span class='ocrx_word' id='word_1_169' title='bbox 1793 2320 2040 2373; x_wconf 72' lang='lat' dir='ltr'><strong>persona:</strong></span> 
     </span>
    </p>
   </div>
   <div class='ocr_carea' id='block_1_27' title="bbox 483 2398 2036 2467">
    <p class='ocr_par' dir='ltr' id='par_1_27' title="bbox 483 2398 2036 2467">
     <span class='ocr_line' id='line_1_27' title="bbox 483 2398 2036 2467; baseline -0.001 -15"><span class='ocrx_word' id='word_1_170' title='bbox 483 2410 642 2452; x_wconf 77' lang='lat' dir='ltr'><strong>aucta</strong></span> <span class='ocrx_word' id='word_1_171' title='bbox 680 2407 868 2452; x_wconf 89' lang='lat' dir='ltr'><strong>sancta</strong></span> <span class='ocrx_word' id='word_1_172' title='bbox 911 2398 1198 2464; x_wconf 82' lang='lat' dir='ltr'><strong>Trinitate,</strong></span> <span class='ocrx_word' id='word_1_173' title='bbox 1235 2400 1280 2452; x_wconf 88' lang='lat' dir='ltr'><strong>is</strong></span> <span class='ocrx_word' id='word_1_174' title='bbox 1310 2413 1435 2452; x_wconf 90' lang='lat' dir='ltr'><strong>cum</strong></span> <span class='ocrx_word' id='word_1_175' title='bbox 1476 2411 1635 2451; x_wconf 84' lang='lat' dir='ltr'><strong>carne</strong></span> <span class='ocrx_word' id='word_1_176' title='bbox 1681 2399 2036 2467; x_wconf 86' lang='lat' dir='ltr'><strong>comprehen—</strong></span> 
     </span>
    </p>
   </div>
   <div class='ocr_carea' id='block_1_28' title="bbox 475 2486 2038 2555">
    <p class='ocr_par' dir='ltr' id='par_1_28' title="bbox 475 2486 2038 2555">
     <span class='ocr_line' id='line_1_28' title="bbox 475 2486 2038 2555; baseline -0.001 -14"><span class='ocrx_word' id='word_1_177' title='bbox 475 2486 642 2551; x_wconf 88' lang='lat' dir='ltr'><strong>ditur,</strong></span> <span class='ocrx_word' id='word_1_178' title='bbox 674 2499 855 2542; x_wconf 84' lang='lat' dir='ltr'><strong>etest.</strong></span> <span class='ocrx_word' id='word_1_179' title='bbox 908 2486 1019 2542; x_wconf 85' lang='lat' dir='ltr'><strong>Hoc</strong></span> <span class='ocrx_word' id='word_1_180' title='bbox 1076 2503 1236 2542; x_wconf 90' lang='lat' dir='ltr'><strong>sensu</strong></span> <span class='ocrx_word' id='word_1_181' title='bbox 1265 2487 1467 2541; x_wconf 90' lang='lat' dir='ltr'><strong>dictum</strong></span> <span class='ocrx_word' id='word_1_182' title='bbox 1523 2489 1888 2555; x_wconf 79' lang='lat' dir='ltr'><strong>evangelicum</strong></span> <span class='ocrx_word' id='word_1_183' title='bbox 1946 2504 2038 2541; x_wconf 78' lang='lat' dir='ltr'><strong>ex-</strong></span> 
     </span>
    </p>
   </div>
   <div class='ocr_carea' id='block_1_29' title="bbox 476 2576 2035 2646">
    <p class='ocr_par' dir='ltr' id='par_1_29' title="bbox 476 2576 2035 2646">
     <span class='ocr_line' id='line_1_29' title="bbox 476 2576 2035 2646; baseline -0.001 -15"><span class='ocrx_word' id='word_1_184' title='bbox 476 2576 674 2645; x_wconf 85' lang='lat' dir='ltr'><strong>quisita</strong></span> <span class='ocrx_word' id='word_1_185' title='bbox 711 2577 1030 2646; x_wconf 81' lang='lat' dir='ltr'><strong>sinceraque</strong></span> <span class='ocrx_word' id='word_1_186' title='bbox 1065 2576 1318 2631; x_wconf 75' lang='lat' dir='ltr'><strong>Ecclesia:</strong></span> <span class='ocrx_word' id='word_1_187' title='bbox 1347 2578 1732 2630; x_wconf 75' lang='lat' dir='ltr'><strong>commentaLio</strong></span> <span class='ocrx_word' id='word_1_188' title='bbox 1765 2578 2035 2646; x_wconf 85' lang='lat' dir='ltr'><strong>interpre-</strong></span> 
     </span>
    </p>
   </div>
   <div class='ocr_carea' id='block_1_30' title="bbox 477 2664 2040 2730">
    <p class='ocr_par' dir='ltr' id='par_1_30' title="bbox 477 2664 2040 2730">
     <span class='ocr_line' id='line_1_30' title="bbox 477 2664 2040 2730; baseline 0.001 -13"><span class='ocrx_word' id='word_1_189' title='bbox 477 2673 638 2718; x_wconf 81' lang='lat' dir='ltr'><strong>tatur.</strong></span> <span class='ocrx_word' id='word_1_190' title='bbox 664 2664 743 2718; x_wconf 85' lang='lat' dir='ltr'><strong>Ad</strong></span> <span class='ocrx_word' id='word_1_191' title='bbox 772 2665 901 2719; x_wconf 90' lang='lat' dir='ltr'><strong>illud</strong></span> <span class='ocrx_word' id='word_1_192' title='bbox 935 2681 1058 2719; x_wconf 83' lang='lat' dir='ltr'><strong>vero</strong></span> <span class='ocrx_word' id='word_1_193' title='bbox 1083 2705 1099 2730; x_wconf 90' lang='lat'><strong>,</strong></span> <span class='ocrx_word' id='word_1_194' title='bbox 1136 2665 1384 2717; x_wconf 77' lang='lat' dir='ltr'><strong>habitavit</strong></span> <span class='ocrx_word' id='word_1_195' title='bbox 1418 2667 1470 2717; x_wconf 83' lang='lat' dir='ltr'><strong>in</strong></span> <span class='ocrx_word' id='word_1_196' title='bbox 1508 2665 1676 2730; x_wconf 80' lang='lat' dir='ltr'><strong>nobis,</strong></span> <span class='ocrx_word' id='word_1_197' title='bbox 1697 2676 1843 2719; x_wconf 75' lang='lat' dir='ltr'><strong>recte</strong></span> <span class='ocrx_word' id='word_1_198' title='bbox 1865 2667 2040 2719; x_wconf 88' lang='lat' dir='ltr'><strong>Theo-</strong></span> 
     </span>
    </p>
   </div>
   <div class='ocr_carea' id='block_1_31' title="bbox 477 2754 2039 2825">
    <p class='ocr_par' dir='ltr' id='par_1_31' title="bbox 477 2754 2039 2825">
     <span class='ocr_line' id='line_1_31' title="bbox 477 2754 2039 2825; baseline 0.001 -17"><span class='ocrx_word' id='word_1_199' title='bbox 477 2754 633 2825; x_wconf 82' lang='lat' dir='ltr'><strong>iogus</strong></span> <span class='ocrx_word' id='word_1_200' title='bbox 701 2756 879 2810; x_wconf 84' lang='lat' dir='ltr'><strong>statim</strong></span> <span class='ocrx_word' id='word_1_201' title='bbox 924 2756 1209 2824; x_wconf 69' lang='lat' dir='ltr'><strong>subiunxit</strong></span> <span class='ocrx_word' id='word_1_202' title='bbox 1249 2765 1350 2810; x_wconf 93' lang='lat' dir='ltr'><strong>:ut</strong></span> <span class='ocrx_word' id='word_1_203' title='bbox 1396 2756 1524 2820; x_wconf 86' lang='lat' dir='ltr'><strong>duo,</strong></span> <span class='ocrx_word' id='word_1_204' title='bbox 1559 2772 1677 2823; x_wconf 73' lang='lat' dir='ltr'><strong>qua:</strong></span> <span class='ocrx_word' id='word_1_205' title='bbox 1737 2757 2039 2825; x_wconf 82' lang='lat' dir='ltr'><strong>signiﬁcan-</strong></span> 
     </span>
    </p>
   </div>
   <div class='ocr_carea' id='block_1_32' title="bbox 389 2835 2034 2916">
    <p class='ocr_par' dir='ltr' id='par_1_32' title="bbox 389 2835 2034 2916">
     <span class='ocr_line' id='line_1_32' title="bbox 389 2835 2034 2916; baseline 0.001 -16"><span class='ocrx_word' id='word_1_206' title='bbox 389 2835 396 2841; x_wconf 62' lang='grc'><em>’</em></span> <span class='ocrx_word' id='word_1_207' title='bbox 479 2857 585 2910; x_wconf 88' lang='lat' dir='ltr'><strong>tur,</strong></span> <span class='ocrx_word' id='word_1_208' title='bbox 621 2846 922 2916; x_wconf 78' lang='lat' dir='ltr'><strong>intelligens</strong></span> <span class='ocrx_word' id='word_1_209' title='bbox 950 2846 1305 2910; x_wconf 72' lang='lat' dir='ltr'><strong>habitantem,</strong></span> <span class='ocrx_word' id='word_1_210' title='bbox 1354 2857 1404 2914; x_wconf 85' lang='lat' dir='ltr'><strong>et</strong></span> <span class='ocrx_word' id='word_1_211' title='bbox 1435 2849 1486 2900; x_wconf 91' lang='lat' dir='ltr'><strong>in</strong></span> <span class='ocrx_word' id='word_1_212' title='bbox 1522 2863 1630 2915; x_wconf 86' lang='lat' dir='ltr'><strong>quo</strong></span> <span class='ocrx_word' id='word_1_213' title='bbox 1661 2848 1922 2901; x_wconf 75' lang='lat' dir='ltr'><strong>habitatio</strong></span> <span class='ocrx_word' id='word_1_214' title='bbox 1957 2849 2034 2911; x_wconf 88' lang='lat' dir='ltr'><strong>tit,</strong></span> 
     </span>
    </p>
   </div>
   <div class='ocr_carea' id='block_1_33' title="bbox 479 2925 2036 3009">
    <p class='ocr_par' dir='ltr' id='par_1_33' title="bbox 479 2925 2036 3009">
     <span class='ocr_line' id='line_1_33' title="bbox 479 2925 2036 3009; baseline 0.001 -17"><span class='ocrx_word' id='word_1_215' title='bbox 479 2925 655 3009; x_wconf 86' lang='lat' dir='ltr'><strong>ipsum</strong></span> <span class='ocrx_word' id='word_1_216' title='bbox 711 2939 762 2992; x_wconf 88' lang='lat' dir='ltr'><strong>in</strong></span> <span class='ocrx_word' id='word_1_217' title='bbox 819 2954 1038 2992; x_wconf 83' lang='lat' dir='ltr'><strong>carnem</strong></span> <span class='ocrx_word' id='word_1_218' title='bbox 1073 2939 1413 2992; x_wconf 83' lang='lat' dir='ltr'><strong>immutatum</strong></span> <span class='ocrx_word' id='word_1_219' title='bbox 1467 2955 1574 2992; x_wconf 91' lang='lat' dir='ltr'><strong>non</strong></span> <span class='ocrx_word' id='word_1_220' title='bbox 1640 2939 1806 2994; x_wconf 84' lang='lat' dir='ltr'><strong>fuisse</strong></span> <span class='ocrx_word' id='word_1_221' title='bbox 1860 2951 2036 2994; x_wconf 86' lang='lat' dir='ltr'><strong>mente</strong></span> 
     </span>
    </p>
   </div>
   <div class='ocr_carea' id='block_1_34' title="bbox 2151 490 3746 562">
    <p class='ocr_par' dir='ltr' id='par_1_34' title="bbox 2151 490 3746 562">
     <span class='ocr_line' id='line_1_34' title="bbox 2151 490 3746 562; baseline -0.001 -19"><span class='ocrx_word' id='word_1_222' title='bbox 2151 490 2282 559; x_wconf 72' lang='grc' dir='ltr'><strong>φὲὲν</strong></span> <span class='ocrx_word' id='word_1_223' title='bbox 2310 491 2603 557; x_wconf 73' lang='grc' dir='ltr'><strong>διαλάμπει</strong></span> <span class='ocrx_word' id='word_1_224' title='bbox 2630 492 2738 552; x_wconf 81' lang='grc' dir='ltr'>τοῖς</span> <span class='ocrx_word' id='word_1_225' title='bbox 2763 490 3020 558; x_wconf 76' lang='grc' dir='ltr'>θαύμασι,</span> <span class='ocrx_word' id='word_1_226' title='bbox 3051 493 3109 545; x_wconf 78' lang='grc' dir='ltr'>τὺ</span> <span class='ocrx_word' id='word_1_227' title='bbox 3145 493 3198 546; x_wconf 68' lang='grc' dir='ltr'><strong>δὲ</strong></span> <span class='ocrx_word' id='word_1_228' title='bbox 3225 494 3424 562; x_wconf 76' lang='grc' dir='ltr'>ὁμοίως</span> <span class='ocrx_word' id='word_1_229' title='bbox 3456 495 3548 544; x_wconf 78' lang='grc' dir='ltr'>καὶ</span> <span class='ocrx_word' id='word_1_230' title='bbox 3577 491 3746 544; x_wconf 71' lang='grc' dir='ltr'>αὐτὸ</span> 
     </span>
    </p>
   </div>
   <div class='ocr_carea' id='block_1_35' title="bbox 2153 580 3741 656">
    <p class='ocr_par' dir='ltr' id='par_1_35' title="bbox 2153 580 3741 656">
     <span class='ocr_line' id='line_1_35' title="bbox 2153 580 3741 656; baseline 0.001 -23"><span class='ocrx_word' id='word_1_231' title='bbox 2153 580 2606 651; x_wconf 80' lang='grc' dir='ltr'><strong>συμπληρωτικὸν</strong></span> <span class='ocrx_word' id='word_1_232' title='bbox 2637 580 2696 633; x_wconf 75' lang='grc' dir='ltr'><strong>ὃν</strong></span> <span class='ocrx_word' id='word_1_233' title='bbox 2729 581 2819 633; x_wconf 83' lang='grc' dir='ltr'><strong>τοῦ</strong></span> <span class='ocrx_word' id='word_1_234' title='bbox 2846 581 2965 633; x_wconf 71' lang='grc' dir='ltr'>ὅλου</span> <span class='ocrx_word' id='word_1_235' title='bbox 3013 584 3069 635; x_wconf 98' lang='lat' dir='ltr'><strong>tv</strong></span> <span class='ocrx_word' id='word_1_236' title='bbox 3099 585 3163 656; x_wconf 77' lang='grc' dir='ltr'><strong>τῇ</strong></span> <span class='ocrx_word' id='word_1_237' title='bbox 3212 583 3458 636; x_wconf 79' lang='grc' dir='ltr'><strong>συνθέσει</strong></span> <span class='ocrx_word' id='word_1_238' title='bbox 3496 583 3741 634; x_wconf 69' lang='grc' dir='ltr'>ἐκείνου</span> 
     </span>
    </p>
   </div>
   <div class='ocr_carea' id='block_1_36' title="bbox 2151 671 3736 742">
    <p class='ocr_par' dir='ltr' id='par_1_36' title="bbox 2151 671 3736 742">
     <span class='ocr_line' id='line_1_36' title="bbox 2151 671 3736 742; baseline -0.002 -16"><span class='ocrx_word' id='word_1_239' title='bbox 2151 671 2743 742; x_wconf 77' lang='grc' dir='ltr'>παραλαμϐανόμενον,</span> <span class='ocrx_word' id='word_1_240' title='bbox 2806 673 3099 725; x_wconf 69' lang='grc' dir='ltr'>ὑποπίπτει</span> <span class='ocrx_word' id='word_1_241' title='bbox 3150 676 3258 735; x_wconf 75' lang='grc' dir='ltr'>τοῖς</span> <span class='ocrx_word' id='word_1_242' title='bbox 3317 673 3537 726; x_wconf 78' lang='grc' dir='ltr'><strong>πάθεσι.</strong></span> <span class='ocrx_word' id='word_1_243' title='bbox 3593 673 3736 725; x_wconf 75' lang='grc' dir='ltr'><strong>Καὶ</strong></span> 
     </span>
    </p>
   </div>
   <div class='ocr_carea' id='block_1_37' title="bbox 2149 761 3741 833">
    <p class='ocr_par' dir='ltr' id='par_1_37' title="bbox 2149 761 3741 833">
     <span class='ocr_line' id='line_1_37' title="bbox 2149 761 3741 833; baseline -0.001 -19"><span class='ocrx_word' id='word_1_244' title='bbox 2149 762 2319 825; x_wconf 81' lang='grc' dir='ltr'>οὕτως</span> <span class='ocrx_word' id='word_1_245' title='bbox 2359 761 2585 826; x_wconf 80' lang='grc' dir='ltr'><strong>νοοῦντι,</strong></span> <span class='ocrx_word' id='word_1_246' title='bbox 2616 761 2800 832; x_wconf 82' lang='grc' dir='ltr'>ὥσπερ</span> <span class='ocrx_word' id='word_1_247' title='bbox 2825 763 2914 815; x_wconf 77' lang='grc' dir='ltr'>οὖν</span> <span class='ocrx_word' id='word_1_248' title='bbox 2946 765 3036 815; x_wconf 70' lang='grc' dir='ltr'><strong>καὶ</strong></span> <span class='ocrx_word' id='word_1_249' title='bbox 3073 764 3308 833; x_wconf 75' lang='grc' dir='ltr'>εἴρηται,</span> <span class='ocrx_word' id='word_1_250' title='bbox 3341 765 3489 831; x_wconf 78' lang='grc' dir='ltr'>παρὰ</span> <span class='ocrx_word' id='word_1_251' title='bbox 3519 762 3627 816; x_wconf 77' lang='grc' dir='ltr'>τοῦ</span> <span class='ocrx_word' id='word_1_252' title='bbox 3672 765 3741 814; x_wconf 77' lang='grc' dir='ltr'><strong>ἐν</strong></span> 
     </span>
    </p>
   </div>
   <div class='ocr_carea' id='block_1_38' title="bbox 2148 848 3737 921">
    <p class='ocr_par' dir='ltr' id='par_1_38' title="bbox 2148 848 3737 921">
     <span class='ocr_line' id='line_1_38' title="bbox 2148 848 3737 921; baseline -0.001 -17"><span class='ocrx_word' id='word_1_253' title='bbox 2148 848 2323 916; x_wconf 80' lang='grc' dir='ltr'>ἁγίοις</span> <span class='ocrx_word' id='word_1_254' title='bbox 2364 850 2520 903; x_wconf 85' lang='grc' dir='ltr'>πάπα</span> <span class='ocrx_word' id='word_1_255' title='bbox 2556 853 2802 916; x_wconf 77' lang='grc' dir='ltr'>Λέοντος,</span> <span class='ocrx_word' id='word_1_256' title='bbox 2824 851 2972 904; x_wconf 71' lang='grc' dir='ltr'>οὐδὲν</span> <span class='ocrx_word' id='word_1_257' title='bbox 3002 853 3217 916; x_wconf 80' lang='grc' dir='ltr'>ἄτοπον,</span> <span class='ocrx_word' id='word_1_258' title='bbox 3244 852 3360 904; x_wconf 82' lang='grc' dir='ltr'>οὑδὲ</span> <span class='ocrx_word' id='word_1_259' title='bbox 3388 851 3737 921; x_wconf 68' lang='grc' dir='ltr'><strong>βλάσφημον</strong></span> 
     </span>
    </p>
   </div>
   <div class='ocr_carea' id='block_1_39' title="bbox 2147 941 3738 1012">
    <p class='ocr_par' dir='ltr' id='par_1_39' title="bbox 2147 941 3738 1012">
     <span class='ocr_line' id='line_1_39' title="bbox 2147 941 3738 1012; baseline 0.002 -19"><span class='ocrx_word' id='word_1_260' title='bbox 2147 941 2472 1008; x_wconf 80' lang='grc' dir='ltr'><strong>ἀπαντήσει.</strong></span> <span class='ocrx_word' id='word_1_261' title='bbox 2504 942 2611 994; x_wconf 73' lang='grc' dir='ltr'><strong>Καὶ</strong></span> <span class='ocrx_word' id='word_1_262' title='bbox 2643 942 2801 994; x_wconf 77' lang='grc' dir='ltr'>πάλιν</span> <span class='ocrx_word' id='word_1_263' title='bbox 2826 945 3025 1011; x_wconf 76' lang='grc' dir='ltr'>γράφει</span> <span class='ocrx_word' id='word_1_264' title='bbox 3053 944 3365 1012; x_wconf 84' lang='grc' dir='ltr'>Νεστόριος·</span> <span class='ocrx_word' id='word_1_265' title='bbox 3414 945 3473 995; x_wconf 93' lang='lat'><strong>&#39;0</strong></span> <span class='ocrx_word' id='word_1_266' title='bbox 3517 945 3738 1011; x_wconf 74' lang='grc' dir='ltr'>Λόγος</span> 
     </span>
    </p>
   </div>
   <div class='ocr_carea' id='block_1_40' title="bbox 2140 1032 3736 1106">
    <p class='ocr_par' dir='ltr' id='par_1_40' title="bbox 2140 1032 3736 1106">
     <span class='ocr_line' id='line_1_40' title="bbox 2140 1032 3736 1106; baseline 0.001 -20"><span class='ocrx_word' id='word_1_267' title='bbox 2140 1032 2300 1100; x_wconf 72' lang='grc' dir='ltr'>σὰρξ</span> <span class='ocrx_word' id='word_1_268' title='bbox 2329 1033 2584 1102; x_wconf 75' lang='grc' dir='ltr'><strong>ἐγένετο,</strong></span> <span class='ocrx_word' id='word_1_269' title='bbox 2636 1035 3127 1106; x_wconf 40' lang='grc' dir='ltr'><strong>καὶ-ἐσκήνωσεν</strong></span> <span class='ocrx_word' id='word_1_270' title='bbox 3189 1038 3257 1088; x_wconf 83' lang='grc' dir='ltr'><strong>ὲν</strong></span> <span class='ocrx_word' id='word_1_271' title='bbox 3305 1035 3466 1104; x_wconf 72' lang='grc' dir='ltr'><strong>ἡμῖν.</strong></span> <span class='ocrx_word' id='word_1_272' title='bbox 3503 1037 3736 1105; x_wconf 76' lang='grc' dir='ltr'>Γράφει</span> 
     </span>
    </p>
   </div>
   <div class='ocr_carea' id='block_1_41' title="bbox 2143 1124 3732 1194">
    <p class='ocr_par' dir='ltr' id='par_1_41' title="bbox 2143 1124 3732 1194">
     <span class='ocr_line' id='line_1_41' title="bbox 2143 1124 3732 1194; baseline 0.003 -19"><span class='ocrx_word' id='word_1_273' title='bbox 2143 1124 2318 1190; x_wconf 85' lang='grc' dir='ltr'><strong>Λέων,</strong></span> <span class='ocrx_word' id='word_1_274' title='bbox 2350 1126 2429 1178; x_wconf 81' lang='grc' dir='ltr'>ὅτι</span> <span class='ocrx_word' id='word_1_275' title='bbox 2469 1126 2530 1180; x_wconf 79' lang='grc' dir='ltr'><strong>Ἠ</strong></span> <span class='ocrx_word' id='word_1_276' title='bbox 2551 1128 2735 1194; x_wconf 64' lang='grc' dir='ltr'>Σοφία</span> <span class='ocrx_word' id='word_1_277' title='bbox 2758 1126 3140 1193; x_wconf 78' lang='grc' dir='ltr'><strong>ᾠκοδόμησεν</strong></span> <span class='ocrx_word' id='word_1_278' title='bbox 3164 1127 3344 1194; x_wconf 75' lang='grc' dir='ltr'>ἑαυτῆ</span> <span class='ocrx_word' id='word_1_279' title='bbox 3372 1129 3542 1181; x_wconf 76' lang='grc' dir='ltr'>οἶκον</span> <span class='ocrx_word' id='word_1_280' title='bbox 3560 1145 3573 1157; x_wconf 88' lang='grc'><strong>·</strong></span> <span class='ocrx_word' id='word_1_281' title='bbox 3611 1129 3732 1180; x_wconf 77' lang='grc' dir='ltr'>καὶ</span> 
     </span>
    </p>
   </div>
   <div class='ocr_carea' id='block_1_42' title="bbox 2144 1215 3733 1287">
    <p class='ocr_par' dir='ltr' id='par_1_42' title="bbox 2144 1215 3733 1287">
     <span class='ocr_line' id='line_1_42' title="bbox 2144 1215 3733 1287; baseline 0.004 -21"><span class='ocrx_word' id='word_1_282' title='bbox 2144 1215 2254 1285; x_wconf 78' lang='grc' dir='ltr'>γὰρ</span> <span class='ocrx_word' id='word_1_283' title='bbox 2288 1218 2533 1284; x_wconf 80' lang='grc' dir='ltr'>όΛόγος</span> <span class='ocrx_word' id='word_1_284' title='bbox 2569 1218 2725 1284; x_wconf 80' lang='grc' dir='ltr'>σὰρξ</span> <span class='ocrx_word' id='word_1_285' title='bbox 2774 1218 3024 1285; x_wconf 75' lang='grc' dir='ltr'><strong>ἐγένετο.</strong></span> <span class='ocrx_word' id='word_1_286' title='bbox 3079 1221 3173 1271; x_wconf 83' lang='grc' dir='ltr'>καί</span> <span class='ocrx_word' id='word_1_287' title='bbox 3233 1220 3590 1287; x_wconf 80' lang='grc' dir='ltr'><strong>ἐσκήνωσεν</strong></span> <span class='ocrx_word' id='word_1_288' title='bbox 3651 1220 3733 1271; x_wconf 63' lang='grc' dir='ltr'><strong>ἐν·</strong></span> 
     </span>
    </p>
   </div>
   <div class='ocr_carea' id='block_1_43' title="bbox 2109 1301 3730 1379">
    <p class='ocr_par' dir='ltr' id='par_1_43' title="bbox 2109 1301 3730 1379">
     <span class='ocr_line' id='line_1_43' title="bbox 2109 1301 3730 1379; baseline 0.005 -26"><span class='ocrx_word' id='word_1_289' title='bbox 2109 1331 2114 1336; x_wconf 92' lang='grc'><strong><em>-</em></strong></span> <span class='ocrx_word' id='word_1_290' title='bbox 2141 1305 2303 1372; x_wconf 77' lang='grc' dir='ltr'><strong>ἡμῖν.</strong></span> <span class='ocrx_word' id='word_1_291' title='bbox 2328 1304 2538 1366; x_wconf 83' lang='grc' dir='ltr'>Ταύτας</span> <span class='ocrx_word' id='word_1_292' title='bbox 2579 1304 2675 1366; x_wconf 76' lang='grc' dir='ltr'>τὰς</span> <span class='ocrx_word' id='word_1_293' title='bbox 2709 1307 2931 1375; x_wconf 76' lang='grc' dir='ltr'>χρήσεις</span> <span class='ocrx_word' id='word_1_294' title='bbox 2963 1306 3086 1359; x_wconf 73' lang='grc' dir='ltr'>οὔτε</span> <span class='ocrx_word' id='word_1_295' title='bbox 3119 1307 3408 1379; x_wconf 80' lang='grc' dir='ltr'>Νεστόριος</span> <span class='ocrx_word' id='word_1_296' title='bbox 3445 1312 3470 1362; x_wconf 83' lang='grc' dir='ltr'><strong>ό</strong></span> <span class='ocrx_word' id='word_1_297' title='bbox 3505 1301 3730 1378; x_wconf 69' lang='grc' dir='ltr'>ἐναγὴς</span> 
     </span>
    </p>
   </div>
   <div class='ocr_carea' id='block_1_44' title="bbox 2140 1395 3724 1471">
    <p class='ocr_par' dir='ltr' id='par_1_44' title="bbox 2140 1395 3724 1471">
     <span class='ocr_line' id='line_1_44' title="bbox 2140 1395 3724 1471; baseline 0.005 -24"><span class='ocrx_word' id='word_1_298' title='bbox 2140 1395 2350 1448; x_wconf 78' lang='grc' dir='ltr'>οἴκοθεν</span> <span class='ocrx_word' id='word_1_299' title='bbox 2385 1396 2730 1466; x_wconf 81' lang='grc' dir='ltr'>προεϐάλετο,</span> <span class='ocrx_word' id='word_1_300' title='bbox 2781 1397 2901 1450; x_wconf 72' lang='grc' dir='ltr'>οὔτε</span> <span class='ocrx_word' id='word_1_301' title='bbox 2962 1400 3065 1468; x_wconf 82' lang='grc' dir='ltr'><strong>μὴν</strong></span> <span class='ocrx_word' id='word_1_302' title='bbox 3113 1403 3139 1452; x_wconf 98' lang='lat'><strong>6</strong></span> <span class='ocrx_word' id='word_1_303' title='bbox 3190 1402 3340 1455; x_wconf 84' lang='grc' dir='ltr'>Λέων</span> <span class='ocrx_word' id='word_1_304' title='bbox 3381 1403 3724 1471; x_wconf 76' lang='grc' dir='ltr'>ἐφθέγξατο,</span> 
     </span>
    </p>
   </div>
   <div class='ocr_carea' id='block_1_45' title="bbox 2141 1485 3728 1556">
    <p class='ocr_par' dir='ltr' id='par_1_45' title="bbox 2141 1485 3728 1556">
     <span class='ocr_line' id='line_1_45' title="bbox 2141 1485 3728 1556; baseline 0.005 -19"><span class='ocrx_word' id='word_1_305' title='bbox 2141 1485 2253 1537; x_wconf 77' lang='grc' dir='ltr'>ἀλλ’</span> <span class='ocrx_word' id='word_1_306' title='bbox 2284 1488 2348 1538; x_wconf 81' lang='grc' dir='ltr'>ἐκ</span> <span class='ocrx_word' id='word_1_307' title='bbox 2395 1487 2490 1556; x_wconf 76' lang='grc' dir='ltr'>τῆς</span> <span class='ocrx_word' id='word_1_308' title='bbox 2530 1487 2677 1548; x_wconf 80' lang='grc' dir='ltr'>Θείας</span> <span class='ocrx_word' id='word_1_309' title='bbox 2732 1487 2952 1556; x_wconf 62' lang='grc' dir='ltr'>Γραφῆς</span> <span class='ocrx_word' id='word_1_310' title='bbox 2995 1489 3266 1552; x_wconf 69' lang='grc' dir='ltr'>λαϐόντες,</span> <span class='ocrx_word' id='word_1_311' title='bbox 3311 1494 3420 1553; x_wconf 77' lang='grc' dir='ltr'>τοῖς</span> <span class='ocrx_word' id='word_1_312' title='bbox 3480 1492 3728 1553; x_wconf 76' lang='grc' dir='ltr'>οἰκείοις</span> 
     </span>
    </p>
   </div>
   <div class='ocr_carea' id='block_1_46' title="bbox 2141 1577 3721 1650">
    <p class='ocr_par' dir='ltr' id='par_1_46' title="bbox 2141 1577 3721 1650">
     <span class='ocr_line' id='line_1_46' title="bbox 2141 1577 3721 1650; baseline 0.003 -22"><span class='ocrx_word' id='word_1_313' title='bbox 2141 1577 2886 1646; x_wconf 76' lang='grc' dir='ltr'><strong>συγγράμμασιν-ἐνέθηκαν.</strong></span> <span class='ocrx_word' id='word_1_314' title='bbox 2935 1579 3073 1630; x_wconf 76' lang='grc' dir='ltr'>Ἀλλ’</span> <span class='ocrx_word' id='word_1_315' title='bbox 3108 1583 3134 1632; x_wconf 89' lang='lat'><strong>6</strong></span> <span class='ocrx_word' id='word_1_316' title='bbox 3179 1581 3274 1648; x_wconf 80' lang='grc' dir='ltr'>μὲν</span> <span class='ocrx_word' id='word_1_317' title='bbox 3304 1581 3598 1650; x_wconf 79' lang='grc' dir='ltr'>Νεστόριος</span> <span class='ocrx_word' id='word_1_318' title='bbox 3649 1581 3721 1632; x_wconf 79' lang='grc' dir='ltr'>οὑ</span> 
     </span>
    </p>
   </div>
   <div class='ocr_carea' id='block_1_47' title="bbox 2140 1667 3726 1740">
    <p class='ocr_par' dir='ltr' id='par_1_47' title="bbox 2140 1667 3726 1740">
     <span class='ocr_line' id='line_1_47' title="bbox 2140 1667 3726 1740; baseline 0.003 -21"><span class='ocrx_word' id='word_1_319' title='bbox 2140 1671 2280 1720; x_wconf 72' lang='grc' dir='ltr'>κατὰ</span> <span class='ocrx_word' id='word_1_320' title='bbox 2327 1667 2571 1737; x_wconf 79' lang='grc' dir='ltr'>βούλημα</span> <span class='ocrx_word' id='word_1_321' title='bbox 2634 1669 3089 1737; x_wconf 72' lang='grc' dir='ltr'><strong>ἐκκλησιαστικὸν</strong></span> <span class='ocrx_word' id='word_1_322' title='bbox 3129 1671 3188 1723; x_wconf 78' lang='grc' dir='ltr'>τὸ</span> <span class='ocrx_word' id='word_1_323' title='bbox 3221 1671 3576 1738; x_wconf 81' lang='grc' dir='ltr'>εὑαγγελικὺν</span> <span class='ocrx_word' id='word_1_324' title='bbox 3609 1674 3726 1740; x_wconf 82' lang='grc' dir='ltr'><strong>ῥη-</strong></span> 
     </span>
    </p>
   </div>
   <div class='ocr_carea' id='block_1_48' title="bbox 2141 1750 3730 1831">
    <p class='ocr_par' dir='ltr' id='par_1_48' title="bbox 2141 1750 3730 1831">
     <span class='ocr_line' id='line_1_48' title="bbox 2141 1750 3730 1831; baseline 0.003 -21"><span class='ocrx_word' id='word_1_325' title='bbox 2141 1759 2231 1810; x_wconf 67' lang='grc' dir='ltr'><strong>τὸν</strong></span> <span class='ocrx_word' id='word_1_326' title='bbox 2265 1758 2566 1827; x_wconf 78' lang='grc' dir='ltr'><strong>ἐξείληφεν,</strong></span> <span class='ocrx_word' id='word_1_327' title='bbox 2607 1759 2740 1812; x_wconf 70' lang='grc' dir='ltr'>ἀλλὰ</span> <span class='ocrx_word' id='word_1_328' title='bbox 2770 1750 2907 1812; x_wconf 83' lang='grc' dir='ltr'>κατὰ</span> <span class='ocrx_word' id='word_1_329' title='bbox 2928 1761 3016 1812; x_wconf 77' lang='grc' dir='ltr'>τὸν</span> <span class='ocrx_word' id='word_1_330' title='bbox 3049 1761 3237 1813; x_wconf 76' lang='grc' dir='ltr'>ἑαυτοῦ</span> <span class='ocrx_word' id='word_1_331' title='bbox 3275 1762 3730 1831; x_wconf 68' lang='grc' dir='ltr'>διεστραμμένων</span> 
     </span>
    </p>
   </div>
   <div class='ocr_carea' id='block_1_49' title="bbox 2140 1845 3723 1921">
    <p class='ocr_par' dir='ltr' id='par_1_49' title="bbox 2140 1845 3723 1921">
     <span class='ocr_line' id='line_1_49' title="bbox 2140 1845 3723 1921; baseline 0.001 -19"><span class='ocrx_word' id='word_1_332' title='bbox 2140 1851 2282 1903; x_wconf 77' lang='grc' dir='ltr'>νοῦν.</span> <span class='ocrx_word' id='word_1_333' title='bbox 2316 1851 2388 1902; x_wconf 79' lang='grc' dir='ltr'>Τὸ</span> <span class='ocrx_word' id='word_1_334' title='bbox 2426 1852 2552 1921; x_wconf 81' lang='grc' dir='ltr'>γὰρ,</span> <span class='ocrx_word' id='word_1_335' title='bbox 2601 1848 2661 1902; x_wconf 82' lang='lat'><strong>&#39;0</strong></span> <span class='ocrx_word' id='word_1_336' title='bbox 2693 1851 2880 1917; x_wconf 83' lang='grc' dir='ltr'><strong>Λόγος</strong></span> <span class='ocrx_word' id='word_1_337' title='bbox 2929 1851 3080 1917; x_wconf 81' lang='grc' dir='ltr'>σὰρξ</span> <span class='ocrx_word' id='word_1_338' title='bbox 3131 1851 3400 1920; x_wconf 79' lang='grc' dir='ltr'><strong>ἐγένετο,</strong></span> <span class='ocrx_word' id='word_1_339' title='bbox 3448 1845 3723 1921; x_wconf 79' lang='grc' dir='ltr'>τοιαύτῆν</span> 
     </span>
    </p>
   </div>
   <div class='ocr_carea' id='block_1_50' title="bbox 2139 1937 3720 2010">
    <p class='ocr_par' dir='ltr' id='par_1_50' title="bbox 2139 1937 3720 2010">
     <span class='ocr_line' id='line_1_50' title="bbox 2139 1937 3720 2010; baseline 0.001 -18"><span class='ocrx_word' id='word_1_340' title='bbox 2139 1941 2250 2009; x_wconf 77' lang='grc' dir='ltr'><strong>ἔχει</strong></span> <span class='ocrx_word' id='word_1_341' title='bbox 2283 1941 2478 2008; x_wconf 78' lang='grc' dir='ltr'>εὐσεϐῆ</span> <span class='ocrx_word' id='word_1_342' title='bbox 2499 1941 2762 2006; x_wconf 62' lang='grc' dir='ltr'>διάνοιαν·</span> <span class='ocrx_word' id='word_1_343' title='bbox 2797 1942 2877 1995; x_wconf 80' lang='grc' dir='ltr'><strong>ὅτι</strong></span> <span class='ocrx_word' id='word_1_344' title='bbox 2918 1941 3077 2004; x_wconf 61' lang='lat' dir='ltr'><strong>tri-:6;</strong></span> <span class='ocrx_word' id='word_1_345' title='bbox 3106 1942 3133 1992; x_wconf 90' lang='lat'><strong>6</strong></span> <span class='ocrx_word' id='word_1_346' title='bbox 3169 1941 3311 2004; x_wconf 82' lang='grc' dir='ltr'>θεῖος</span> <span class='ocrx_word' id='word_1_347' title='bbox 3340 1943 3535 2010; x_wconf 84' lang='grc' dir='ltr'>Λόγος,</span> <span class='ocrx_word' id='word_1_348' title='bbox 3563 1944 3592 1996; x_wconf 83' lang='lat'><strong>6</strong></span> <span class='ocrx_word' id='word_1_349' title='bbox 3628 1937 3720 2004; x_wconf 72' lang='grc' dir='ltr'>εἷς</span> 
     </span>
    </p>
   </div>
   <div class='ocr_carea' id='block_1_51' title="bbox 2139 2023 3722 2101">
    <p class='ocr_par' dir='ltr' id='par_1_51' title="bbox 2139 2023 3722 2101">
     <span class='ocr_line' id='line_1_51' title="bbox 2139 2023 3722 2101; baseline 0 -17"><span class='ocrx_word' id='word_1_350' title='bbox 2139 2035 2204 2100; x_wconf 84' lang='grc' dir='ltr'><strong>τῇ</strong></span> <span class='ocrx_word' id='word_1_351' title='bbox 2231 2034 2523 2085; x_wconf 80' lang='grc' dir='ltr'>ὑποστάσει</span> <span class='ocrx_word' id='word_1_352' title='bbox 2544 2032 2642 2101; x_wconf 76' lang='grc' dir='ltr'><strong>τῆς</strong></span> <span class='ocrx_word' id='word_1_353' title='bbox 2663 2033 2820 2099; x_wconf 81' lang='grc' dir='ltr'>ἁγίας</span> <span class='ocrx_word' id='word_1_354' title='bbox 2846 2033 3097 2100; x_wconf 62' lang='grc' dir='ltr'>Τριάδνς,</span> <span class='ocrx_word' id='word_1_355' title='bbox 3138 2033 3325 2100; x_wconf 80' lang='grc' dir='ltr'>μείνας</span> <span class='ocrx_word' id='word_1_356' title='bbox 3347 2023 3722 2094; x_wconf 67' lang='grc' dir='ltr'><strong>ἀναλλοίωτος</strong></span> 
     </span>
    </p>
   </div>
   <div class='ocr_carea' id='block_1_52' title="bbox 2139 2117 3718 2191">
    <p class='ocr_par' dir='ltr' id='par_1_52' title="bbox 2139 2117 3718 2191">
     <span class='ocr_line' id='line_1_52' title="bbox 2139 2117 3718 2191; baseline -0.001 -18"><span class='ocrx_word' id='word_1_357' title='bbox 2139 2122 2234 2173; x_wconf 78' lang='grc' dir='ltr'>καὶ</span> <span class='ocrx_word' id='word_1_358' title='bbox 2265 2121 2557 2190; x_wconf 74' lang='grc' dir='ltr'><strong>ἄτρεπτος,</strong></span> <span class='ocrx_word' id='word_1_359' title='bbox 2595 2122 2728 2190; x_wconf 82' lang='grc' dir='ltr'>ὅπερ</span> <span class='ocrx_word' id='word_1_360' title='bbox 2769 2117 2836 2190; x_wconf 82' lang='grc' dir='ltr'><strong>ἦν</strong></span> <span class='ocrx_word' id='word_1_361' title='bbox 2859 2161 2873 2185; x_wconf 94' lang='grc'>,</span> <span class='ocrx_word' id='word_1_362' title='bbox 2914 2121 3044 2184; x_wconf 78' lang='grc' dir='ltr'>Θεὸς</span> <span class='ocrx_word' id='word_1_363' title='bbox 3078 2121 3339 2190; x_wconf 75' lang='grc' dir='ltr'>δηλονότι,</span> <span class='ocrx_word' id='word_1_364' title='bbox 3371 2120 3718 2191; x_wconf 72' lang='grc' dir='ltr'><strong>προσείληφε</strong></span> 
     </span>
    </p>
   </div>
   <div class='ocr_carea' id='block_1_53' title="bbox 2141 2213 3722 2283">
    <p class='ocr_par' dir='ltr' id='par_1_53' title="bbox 2141 2213 3722 2283">
     <span class='ocr_line' id='line_1_53' title="bbox 2141 2213 3722 2283; baseline 0 -19"><span class='ocrx_word' id='word_1_365' title='bbox 2141 2215 2318 2283; x_wconf 77' lang='grc' dir='ltr'>σάρκα</span> <span class='ocrx_word' id='word_1_366' title='bbox 2383 2213 2735 2283; x_wconf 73' lang='grc' dir='ltr'>ἐψυχωμένην</span> <span class='ocrx_word' id='word_1_367' title='bbox 2777 2213 2919 2282; x_wconf 77' lang='grc' dir='ltr'>ψυχῇ</span> <span class='ocrx_word' id='word_1_368' title='bbox 2983 2213 3172 2282; x_wconf 76' lang='grc' dir='ltr'>λογικῇ</span> <span class='ocrx_word' id='word_1_369' title='bbox 3229 2215 3325 2266; x_wconf 75' lang='grc' dir='ltr'>καὶ</span> <span class='ocrx_word' id='word_1_370' title='bbox 3371 2215 3558 2283; x_wconf 78' lang='grc' dir='ltr'>νοερᾷ·</span> <span class='ocrx_word' id='word_1_371' title='bbox 3610 2215 3722 2266; x_wconf 73' lang='grc' dir='ltr'><strong>καὶ</strong></span> 
     </span>
    </p>
   </div>
   <div class='ocr_carea' id='block_1_54' title="bbox 2139 2303 3721 2377">
    <p class='ocr_par' dir='ltr' id='par_1_54' title="bbox 2139 2303 3721 2377">
     <span class='ocr_line' id='line_1_54' title="bbox 2139 2303 3721 2377; baseline 0 -17"><span class='ocrx_word' id='word_1_372' title='bbox 2139 2307 2340 2376; x_wconf 81' lang='grc' dir='ltr'>ταύτην</span> <span class='ocrx_word' id='word_1_373' title='bbox 2380 2303 2568 2377; x_wconf 75' lang='grc' dir='ltr'>’ἥνωσε</span> <span class='ocrx_word' id='word_1_374' title='bbox 2599 2309 2663 2376; x_wconf 79' lang='grc' dir='ltr'><strong>τῇ</strong></span> <span class='ocrx_word' id='word_1_375' title='bbox 2697 2306 2814 2376; x_wconf 77' lang='grc' dir='ltr'>θεία</span> <span class='ocrx_word' id='word_1_376' title='bbox 2853 2306 3008 2373; x_wconf 84' lang='grc' dir='ltr'>φύσει</span> <span class='ocrx_word' id='word_1_377' title='bbox 3057 2307 3112 2357; x_wconf 91' lang='lat' dir='ltr'><strong>tv</strong></span> <span class='ocrx_word' id='word_1_378' title='bbox 3140 2309 3205 2376; x_wconf 75' lang='grc' dir='ltr'><strong>τῇ</strong></span> <span class='ocrx_word' id='word_1_379' title='bbox 3239 2305 3419 2376; x_wconf 81' lang='grc' dir='ltr'>οίκείᾳ</span> <span class='ocrx_word' id='word_1_380' title='bbox 3460 2306 3721 2360; x_wconf 81' lang='grc' dir='ltr'>ὑποστά-</span> 
     </span>
    </p>
   </div>
   <div class='ocr_carea' id='block_1_55' title="bbox 2140 2397 3710 2469">
    <p class='ocr_par' dir='ltr' id='par_1_55' title="bbox 2140 2397 3710 2469">
     <span class='ocr_line' id='line_1_55' title="bbox 2140 2397 3710 2469; baseline -0.001 -18"><span class='ocrx_word' id='word_1_381' title='bbox 2140 2417 2245 2464; x_wconf 85' lang='grc' dir='ltr'>σει,</span> <span class='ocrx_word' id='word_1_382' title='bbox 2272 2401 2513 2469; x_wconf 77' lang='grc' dir='ltr'>δηλονότι</span> <span class='ocrx_word' id='word_1_383' title='bbox 2542 2399 2638 2468; x_wconf 80' lang='grc' dir='ltr'><strong>τῆς</strong></span> <span class='ocrx_word' id='word_1_384' title='bbox 2679 2398 2949 2467; x_wconf 78' lang='grc' dir='ltr'>θεότητος,</span> <span class='ocrx_word' id='word_1_385' title='bbox 3000 2397 3229 2468; x_wconf 85' lang='grc' dir='ltr'><strong>οὑσιώδη</strong></span> <span class='ocrx_word' id='word_1_386' title='bbox 3283 2399 3376 2451; x_wconf 70' lang='grc' dir='ltr'><strong>καὶ</strong></span> <span class='ocrx_word' id='word_1_387' title='bbox 3417 2399 3542 2451; x_wconf 77' lang='grc' dir='ltr'><strong>καθ’</strong></span> <span class='ocrx_word' id='word_1_388' title='bbox 3575 2399 3710 2450; x_wconf 78' lang='grc' dir='ltr'>ὑπό-</span> 
     </span>
    </p>
   </div>
   <div class='ocr_carea' id='block_1_56' title="bbox 2141 2486 3718 2558">
    <p class='ocr_par' dir='ltr' id='par_1_56' title="bbox 2141 2486 3718 2558">
     <span class='ocr_line' id='line_1_56' title="bbox 2141 2486 3718 2558; baseline -0.001 -19"><span class='ocrx_word' id='word_1_389' title='bbox 2141 2505 2326 2541; x_wconf 88' lang='grc' dir='ltr'>στασιν</span> <span class='ocrx_word' id='word_1_390' title='bbox 2364 2488 2458 2558; x_wconf 83' lang='grc' dir='ltr'><strong>τὴν</strong></span> <span class='ocrx_word' id='word_1_391' title='bbox 2484 2487 2677 2540; x_wconf 74' lang='grc' dir='ltr'>ἕνωσιν</span> <span class='ocrx_word' id='word_1_392' title='bbox 2724 2487 3117 2556; x_wconf 77' lang='grc' dir='ltr'><strong>ἐργασάμενος,</strong></span> <span class='ocrx_word' id='word_1_393' title='bbox 3146 2486 3217 2548; x_wconf 85' lang='grc' dir='ltr'><strong>ὡς</strong></span> <span class='ocrx_word' id='word_1_394' title='bbox 3253 2486 3379 2556; x_wconf 81' lang='grc' dir='ltr'>μίαν</span> <span class='ocrx_word' id='word_1_395' title='bbox 3408 2486 3718 2538; x_wconf 77' lang='grc' dir='ltr'>ὑπόστασιν</span> 
     </span>
    </p>
   </div>
   <div class='ocr_carea' id='block_1_57' title="bbox 2097 2577 3714 2658">
    <p class='ocr_par' dir='ltr' id='par_1_57' title="bbox 2097 2577 3714 2658">
     <span class='ocr_line' id='line_1_57' title="bbox 2097 2577 3714 2658; baseline -0.003 -26"><span class='ocrx_word' id='word_1_396' title='bbox 2097 2645 2110 2654; x_wconf 25' lang='grc' dir='ltr'>ἱ</span> <span class='ocrx_word' id='word_1_397' title='bbox 2140 2579 2298 2633; x_wconf 81' lang='grc' dir='ltr'>αὑτὸν</span> <span class='ocrx_word' id='word_1_398' title='bbox 2344 2578 2474 2632; x_wconf 70' lang='grc' dir='ltr'>εντα</span> <span class='ocrx_word' id='word_1_399' title='bbox 2538 2577 2888 2631; x_wconf 77' lang='grc' dir='ltr'>πιστεύεσθαι</span> <span class='ocrx_word' id='word_1_400' title='bbox 2933 2579 3025 2630; x_wconf 79' lang='grc' dir='ltr'>καὶ</span> <span class='ocrx_word' id='word_1_401' title='bbox 3069 2578 3204 2647; x_wconf 79' lang='grc' dir='ltr'>μετὰ</span> <span class='ocrx_word' id='word_1_402' title='bbox 3249 2577 3347 2646; x_wconf 82' lang='grc' dir='ltr'><strong>τὴν</strong></span> <span class='ocrx_word' id='word_1_403' title='bbox 3383 2577 3714 2658; x_wconf 23' lang='grc' dir='ltr'>ἱσάρκωσιν,</span> 
     </span>
    </p>
   </div>
   <div class='ocr_carea' id='block_1_58' title="bbox 2139 2667 3718 2741">
    <p class='ocr_par' dir='ltr' id='par_1_58' title="bbox 2139 2667 3718 2741">
     <span class='ocr_line' id='line_1_58' title="bbox 2139 2667 3718 2741; baseline 0 -19"><span class='ocrx_word' id='word_1_404' title='bbox 2139 2675 2254 2741; x_wconf 66' lang='grc' dir='ltr'>ἦτοι</span> <span class='ocrx_word' id='word_1_405' title='bbox 2303 2671 2729 2739; x_wconf 79' lang='grc' dir='ltr'><strong>ὲνανθρώπησιν,</strong></span> <span class='ocrx_word' id='word_1_406' title='bbox 2773 2671 2872 2738; x_wconf 86' lang='grc' dir='ltr'><strong>τῆς</strong></span> <span class='ocrx_word' id='word_1_407' title='bbox 2919 2670 3074 2737; x_wconf 81' lang='grc' dir='ltr'>ἁγίας</span> <span class='ocrx_word' id='word_1_408' title='bbox 3117 2670 3339 2739; x_wconf 73' lang='grc' dir='ltr'><strong>Τριάῖος</strong></span> <span class='ocrx_word' id='word_1_409' title='bbox 3388 2667 3718 2738; x_wconf 74' lang='grc' dir='ltr'><strong>προσθήκην</strong></span> 
     </span>
    </p>
   </div>
   <div class='ocr_carea' id='block_1_59' title="bbox 2137 2761 3714 2831">
    <p class='ocr_par' dir='ltr' id='par_1_59' title="bbox 2137 2761 3714 2831">
     <span class='ocr_line' id='line_1_59' title="bbox 2137 2761 3714 2831; baseline -0.002 -16"><span class='ocrx_word' id='word_1_410' title='bbox 2137 2766 2235 2816; x_wconf 79' lang='grc' dir='ltr'>οὑκ</span> <span class='ocrx_word' id='word_1_411' title='bbox 2257 2761 2640 2831; x_wconf 78' lang='grc' dir='ltr'><strong>εἰσδεξαμὲνης</strong></span> <span class='ocrx_word' id='word_1_412' title='bbox 2669 2761 2982 2831; x_wconf 83' lang='grc' dir='ltr'>προσώπου,</span> <span class='ocrx_word' id='word_1_413' title='bbox 3008 2765 3106 2815; x_wconf 69' lang='grc' dir='ltr'>καὶ</span> <span class='ocrx_word' id='word_1_414' title='bbox 3126 2763 3264 2831; x_wconf 82' lang='grc' dir='ltr'>μετὰ</span> <span class='ocrx_word' id='word_1_415' title='bbox 3297 2761 3500 2830; x_wconf 79' lang='grc' dir='ltr'>σαρκὸς</span> <span class='ocrx_word' id='word_1_416' title='bbox 3533 2762 3714 2813; x_wconf 75' lang='grc' dir='ltr'>νοοῖτο</span> 
     </span>
    </p>
   </div>
   <div class='ocr_carea' id='block_1_60' title="bbox 2138 2849 3709 2920">
    <p class='ocr_par' dir='ltr' id='par_1_60' title="bbox 2138 2849 3709 2920">
     <span class='ocr_line' id='line_1_60' title="bbox 2138 2849 3709 2920; baseline -0.003 -16"><span class='ocrx_word' id='word_1_417' title='bbox 2138 2855 2230 2904; x_wconf 70' lang='grc' dir='ltr'><strong>καὶ</strong></span> <span class='ocrx_word' id='word_1_418' title='bbox 2265 2850 2400 2903; x_wconf 76' lang='grc' dir='ltr'>ἐστι.</span> <span class='ocrx_word' id='word_1_419' title='bbox 2431 2850 2614 2920; x_wconf 82' lang='grc' dir='ltr'>Ταύτῃ</span> <span class='ocrx_word' id='word_1_420' title='bbox 2644 2853 2709 2919; x_wconf 80' lang='grc' dir='ltr'><strong>τῇ</strong></span> <span class='ocrx_word' id='word_1_421' title='bbox 2746 2851 2921 2920; x_wconf 74' lang='grc' dir='ltr'>ἐννοίᾳ</span> <span class='ocrx_word' id='word_1_422' title='bbox 2950 2851 3027 2913; x_wconf 12' lang='grc' dir='ltr'>,τὸ</span> <span class='ocrx_word' id='word_1_423' title='bbox 3075 2849 3424 2917; x_wconf 78' lang='grc' dir='ltr'>εὑαγγελικὺν</span> <span class='ocrx_word' id='word_1_424' title='bbox 3470 2849 3633 2919; x_wconf 79' lang='grc' dir='ltr'>ῥητὸν</span> <span class='ocrx_word' id='word_1_425' title='bbox 3673 2851 3709 2918; x_wconf 85' lang='grc' dir='ltr'><strong>ή</strong></span> 
     </span>
    </p>
   </div>
   <div class='ocr_carea' id='block_1_61' title="bbox 2137 2938 3708 3011">
    <p class='ocr_par' dir='ltr' id='par_1_61' title="bbox 2137 2938 3708 3011">
     <span class='ocr_line' id='line_1_61' title="bbox 2137 2938 3708 3011; baseline -0.003 -17"><span class='ocrx_word' id='word_1_426' title='bbox 2137 2943 2238 3010; x_wconf 84' lang='grc' dir='ltr'><strong>τῆς</strong></span> <span class='ocrx_word' id='word_1_427' title='bbox 2277 2939 2599 3009; x_wconf 81' lang='grc' dir='ltr'>Ἐκκλησίας</span> <span class='ocrx_word' id='word_1_428' title='bbox 2644 2939 2877 3011; x_wconf 83' lang='grc' dir='ltr'>ἀκριϐὴς</span> <span class='ocrx_word' id='word_1_429' title='bbox 2906 2940 3154 3010; x_wconf 76' lang='grc' dir='ltr'>διάληψις</span> <span class='ocrx_word' id='word_1_430' title='bbox 3192 2940 3486 3009; x_wconf 75' lang='grc' dir='ltr'><strong>ἐξηγεῖται.</strong></span> <span class='ocrx_word' id='word_1_431' title='bbox 3527 2939 3598 2990; x_wconf 85' lang='grc' dir='ltr'><strong>Τὸ</strong></span> <span class='ocrx_word' id='word_1_432' title='bbox 3625 2938 3708 3004; x_wconf 76' lang='grc' dir='ltr'><strong>δὲ,</strong></span> 
     </span>
    </p>
   </div>
   <div class='ocr_carea' id='block_1_62' title="bbox 476 3029 2045 3099">
    <p class='ocr_par' dir='ltr' id='par_1_62' title="bbox 476 3029 2037 3099">
     <span class='ocr_line' id='line_1_62' title="bbox 476 3029 2037 3099; baseline -0.001 -15"><span class='ocrx_word' id='word_1_433' title='bbox 476 3029 778 3099; x_wconf 86' lang='lat' dir='ltr'><strong>concipias,</strong></span> <span class='ocrx_word' id='word_1_434' title='bbox 811 3029 905 3084; x_wconf 89' lang='lat' dir='ltr'><strong>sed</strong></span> <span class='ocrx_word' id='word_1_435' title='bbox 939 3030 1117 3098; x_wconf 90' lang='lat' dir='ltr'><strong>potius</strong></span> <span class='ocrx_word' id='word_1_436' title='bbox 1141 3029 1192 3082; x_wconf 89' lang='lat' dir='ltr'><strong>in</strong></span> <span class='ocrx_word' id='word_1_437' title='bbox 1226 3045 1388 3083; x_wconf 90' lang='lat' dir='ltr'><strong>carne</strong></span> <span class='ocrx_word' id='word_1_438' title='bbox 1425 3030 1778 3092; x_wconf 82' lang='lat' dir='ltr'><strong>inhabitasse,</strong></span> <span class='ocrx_word' id='word_1_439' title='bbox 1826 3045 1888 3083; x_wconf 90' lang='lat' dir='ltr'><strong>ac</strong></span> <span class='ocrx_word' id='word_1_440' title='bbox 1920 3040 2037 3083; x_wconf 86' lang='lat' dir='ltr'><strong>tan-</strong></span> 
     </span>
    </p>
   </div>
   <div class='ocr_carea' id='block_1_63' title="bbox 2148 3029 3711 3099">
    <p class='ocr_par' dir='ltr' id='par_1_63' title="bbox 2148 3029 3711 3098">
     <span class='ocr_line' id='line_1_63' title="bbox 2148 3029 3711 3098; baseline -0.002 -13"><span class='ocrx_word' id='word_1_441' title='bbox 2148 3032 2494 3098; x_wconf 72' lang='lat' dir='ltr'><strong>toxiiwwsr</strong></span> <span class='ocrx_word' id='word_1_442' title='bbox 2531 3032 2598 3084; x_wconf 80' lang='grc' dir='ltr'><strong>ἐν</strong></span> <span class='ocrx_word' id='word_1_443' title='bbox 2648 3031 2812 3097; x_wconf 75' lang='grc' dir='ltr'><strong>ἡμῖν,</strong></span> <span class='ocrx_word' id='word_1_444' title='bbox 2861 3031 3038 3094; x_wconf 83' lang='grc' dir='ltr'>καλῶς</span> <span class='ocrx_word' id='word_1_445' title='bbox 3076 3047 3138 3097; x_wconf 88' lang='grc' dir='ltr'>γε</span> <span class='ocrx_word' id='word_1_446' title='bbox 3173 3031 3342 3083; x_wconf 83' lang='grc' dir='ltr'>ποιῶν</span> <span class='ocrx_word' id='word_1_447' title='bbox 3388 3033 3416 3083; x_wconf 91' lang='lat'><strong>6</strong></span> <span class='ocrx_word' id='word_1_448' title='bbox 3444 3029 3711 3096; x_wconf 78' lang='grc' dir='ltr'>Θεολόγος</span> 
     </span>
    </p>
   </div>
   <div class='ocr_carea' id='block_1_64' title="bbox 479 3120 2038 3191">
    <p class='ocr_par' dir='ltr' id='par_1_64' title="bbox 479 3120 2038 3191">
     <span class='ocr_line' id='line_1_64' title="bbox 479 3120 2038 3191; baseline -0.001 -15"><span class='ocrx_word' id='word_1_449' title='bbox 479 3137 640 3191; x_wconf 88' lang='lat' dir='ltr'><strong>quam</strong></span> <span class='ocrx_word' id='word_1_450' title='bbox 674 3121 890 3191; x_wconf 85' lang='lat' dir='ltr'><strong>preprio</strong></span> <span class='ocrx_word' id='word_1_451' title='bbox 920 3137 1076 3174; x_wconf 92' lang='lat' dir='ltr'><strong>usum</strong></span> <span class='ocrx_word' id='word_1_452' title='bbox 1125 3135 1374 3189; x_wconf 90' lang='lat' dir='ltr'><strong>corpore,</strong></span> <span class='ocrx_word' id='word_1_453' title='bbox 1399 3122 1540 3189; x_wconf 89' lang='lat' dir='ltr'><strong>quod</strong></span> <span class='ocrx_word' id='word_1_454' title='bbox 1565 3137 1628 3174; x_wconf 86' lang='lat' dir='ltr'><strong>ex</strong></span> <span class='ocrx_word' id='word_1_455' title='bbox 1696 3131 1880 3175; x_wconf 87' lang='lat' dir='ltr'><strong>sancta</strong></span> <span class='ocrx_word' id='word_1_456' title='bbox 1916 3120 2038 3174; x_wconf 84' lang='lat' dir='ltr'><strong>Vir-</strong></span> 
     </span>
    </p>
   </div>
   <div class='ocr_carea' id='block_1_65' title="bbox 478 3211 1437 3280">
    <p class='ocr_par' dir='ltr' id='par_1_65' title="bbox 478 3211 1437 3280">
     <span class='ocr_line' id='line_1_65' title="bbox 478 3211 1437 3280; baseline 0.001 -18"><span class='ocrx_word' id='word_1_457' title='bbox 478 3211 601 3278; x_wconf 67' lang='lat' dir='ltr'><strong>gine</strong></span> <span class='ocrx_word' id='word_1_458' title='bbox 632 3211 955 3280; x_wconf 81' lang='lat' dir='ltr'><strong>principium</strong></span> <span class='ocrx_word' id='word_1_459' title='bbox 977 3211 1185 3274; x_wconf 90' lang='lat' dir='ltr'><strong>habuit,</strong></span> <span class='ocrx_word' id='word_1_460' title='bbox 1219 3211 1437 3277; x_wconf 83' lang='lat' dir='ltr'><strong>templo.</strong></span> 
     </span>
    </p>
   </div>
   <div class='ocr_carea' id='block_1_66' title="bbox 2147 3119 3707 3191">
    <p class='ocr_par' dir='ltr' id='par_1_66' title="bbox 2147 3119 3707 3191">
     <span class='ocr_line' id='line_1_66' title="bbox 2147 3119 3707 3191; baseline -0.003 -16"><span class='ocrx_word' id='word_1_461' title='bbox 2147 3123 2307 3185; x_wconf 80' lang='grc' dir='ltr'>εὑΟὺς</span> <span class='ocrx_word' id='word_1_462' title='bbox 2345 3123 2655 3191; x_wconf 76' lang='grc' dir='ltr'>ἐπήγαγεν,</span> <span class='ocrx_word' id='word_1_463' title='bbox 2699 3121 2783 3173; x_wconf 82' lang='grc' dir='ltr'>ῐνα</span> <span class='ocrx_word' id='word_1_464' title='bbox 2825 3119 2917 3172; x_wconf 85' lang='grc' dir='ltr'><strong>δύο</strong></span> <span class='ocrx_word' id='word_1_465' title='bbox 2958 3121 3154 3189; x_wconf 81' lang='grc' dir='ltr'>νοήσας</span> <span class='ocrx_word' id='word_1_466' title='bbox 3205 3119 3271 3172; x_wconf 79' lang='grc' dir='ltr'>τὰ</span> <span class='ocrx_word' id='word_1_467' title='bbox 3311 3119 3707 3188; x_wconf 77' lang='grc' dir='ltr'><strong>σημαινόμκνα,</strong></span> 
     </span>
    </p>
   </div>
   <div class='ocr_carea' id='block_1_67' title="bbox 2142 3205 3711 3285">
    <p class='ocr_par' dir='ltr' id='par_1_67' title="bbox 2142 3205 3711 3285">
     <span class='ocr_line' id='line_1_67' title="bbox 2142 3205 3711 3285; baseline -0.004 -17"><span class='ocrx_word' id='word_1_468' title='bbox 2142 3217 2231 3268; x_wconf 86' lang='grc' dir='ltr'>τόν</span> <span class='ocrx_word' id='word_1_469' title='bbox 2261 3232 2319 3267; x_wconf 85' lang='grc' dir='ltr'>τε</span> <span class='ocrx_word' id='word_1_470' title='bbox 2347 3213 2668 3285; x_wconf 82' lang='grc' dir='ltr'>σκηνοῦντα,</span> <span class='ocrx_word' id='word_1_471' title='bbox 2703 3212 2796 3266; x_wconf 73' lang='grc' dir='ltr'><strong>καὶ</strong></span> <span class='ocrx_word' id='word_1_472' title='bbox 2831 3211 2890 3264; x_wconf 78' lang='grc' dir='ltr'>τὸ</span> <span class='ocrx_word' id='word_1_473' title='bbox 2935 3213 2990 3265; x_wconf 85' lang='lat' dir='ltr'><strong>tv</strong></span> <span class='ocrx_word' id='word_1_474' title='bbox 3024 3205 3066 3278; x_wconf 79' lang='grc' dir='ltr'>ᾧ</span> <span class='ocrx_word' id='word_1_475' title='bbox 3107 3213 3139 3279; x_wconf 83' lang='grc' dir='ltr'>ὴ</span> <span class='ocrx_word' id='word_1_476' title='bbox 3191 3211 3481 3279; x_wconf 81' lang='grc' dir='ltr'>σκήνωσις,</span> <span class='ocrx_word' id='word_1_477' title='bbox 3523 3210 3596 3280; x_wconf 73' lang='grc' dir='ltr'><strong>μὴ</strong></span> <span class='ocrx_word' id='word_1_478' title='bbox 3623 3208 3711 3274; x_wconf 79' lang='grc' dir='ltr'>είς</span> 
     </span>
    </p>
   </div>
   <div class='ocr_carea' id='block_1_68' title="bbox 479 3299 3683 3378">
    <p class='ocr_par' dir='ltr' id='par_1_68' title="bbox 479 3299 3683 3378">
     <span class='ocr_line' id='line_1_68' title="bbox 479 3299 3683 3378; baseline -0.001 -22"><span class='ocrx_word' id='word_1_479' title='bbox 479 3303 654 3372; x_wconf 81' lang='grc' dir='ltr'>σάρκα</span> <span class='ocrx_word' id='word_1_480' title='bbox 703 3303 1126 3372; x_wconf 69' lang='grc' dir='ltr'>περιτετράφθαι</span> <span class='ocrx_word' id='word_1_481' title='bbox 1179 3304 1374 3372; x_wconf 80' lang='grc' dir='ltr'>νοήσῃς</span> <span class='ocrx_word' id='word_1_482' title='bbox 1430 3301 1611 3368; x_wconf 76' lang='grc' dir='ltr'>αὑτὸν,</span> <span class='ocrx_word' id='word_1_483' title='bbox 1671 3305 1949 3374; x_wconf 77' lang='grc' dir='ltr'>σκηνῶσαι</span> <span class='ocrx_word' id='word_1_484' title='bbox 1997 3307 2051 3360; x_wconf 85' lang='grc' dir='ltr'>δὲ</span> <span class='ocrx_word' id='word_1_485' title='bbox 2092 3309 2292 3378; x_wconf 78' lang='grc' dir='ltr'>μᾶλλον</span> <span class='ocrx_word' id='word_1_486' title='bbox 2345 3309 2402 3362; x_wconf 82' lang='grc' dir='ltr'><strong>ἐν</strong></span> <span class='ocrx_word' id='word_1_487' title='bbox 2433 3305 2595 3377; x_wconf 74' lang='grc' dir='ltr'>σαρκὶ</span> <span class='ocrx_word' id='word_1_488' title='bbox 2639 3305 2713 3368; x_wconf 84' lang='grc' dir='ltr'>ὡς</span> <span class='ocrx_word' id='word_1_489' title='bbox 2749 3303 2863 3374; x_wconf 77' lang='grc' dir='ltr'>[δίῳ</span> <span class='ocrx_word' id='word_1_490' title='bbox 2901 3302 3382 3373; x_wconf 72' lang='grc' dir='ltr'>προσχρησάμενον</span> <span class='ocrx_word' id='word_1_491' title='bbox 3453 3299 3683 3371; x_wconf 82' lang='grc' dir='ltr'>σώματι,</span> 
     </span>
    </p>
   </div>
   <div class='ocr_carea' id='block_1_69' title="bbox 426 3391 1447 3462">
    <p class='ocr_par' dir='ltr' id='par_1_69' title="bbox 426 3391 1447 3462">
     <span class='ocr_line' id='line_1_69' title="bbox 426 3391 1447 3462; baseline 0 -17"><span class='ocrx_word' id='word_1_492' title='bbox 426 3399 433 3404; x_wconf 83' lang='grc'><em>’</em></span> <span class='ocrx_word' id='word_1_493' title='bbox 475 3393 553 3461; x_wconf 79' lang='grc' dir='ltr'><strong>τῷ</strong></span> <span class='ocrx_word' id='word_1_494' title='bbox 587 3394 650 3444; x_wconf 81' lang='grc' dir='ltr'>ὲκ</span> <span class='ocrx_word' id='word_1_495' title='bbox 690 3393 787 3461; x_wconf 79' lang='grc' dir='ltr'><strong>τῆς</strong></span> <span class='ocrx_word' id='word_1_496' title='bbox 819 3392 975 3458; x_wconf 84' lang='grc' dir='ltr'>ἁγίας</span> <span class='ocrx_word' id='word_1_497' title='bbox 1017 3392 1288 3462; x_wconf 81' lang='grc' dir='ltr'><strong>Παρθένου</strong></span> <span class='ocrx_word' id='word_1_498' title='bbox 1317 3391 1447 3460; x_wconf 84' lang='grc' dir='ltr'>ναῷ.</span> 
     </span>
    </p>
   </div>
   <div class='ocr_carea' id='block_1_70' title="bbox 548 3481 2042 3550">
    <p class='ocr_par' dir='ltr' id='par_1_70' title="bbox 548 3481 2042 3550">
     <span class='ocr_line' id='line_1_70' title="bbox 548 3481 2042 3550; baseline 0.003 -13"><span class='ocrx_word' id='word_1_499' title='bbox 548 3483 632 3537; x_wconf 72' lang='grc'><strong>10.</strong></span> <span class='ocrx_word' id='word_1_500' title='bbox 663 3484 798 3536; x_wconf 82' lang='lat' dir='ltr'><strong>Cum</strong></span> <span class='ocrx_word' id='word_1_501' title='bbox 833 3497 993 3550; x_wconf 91' lang='lat' dir='ltr'><strong>porro</strong></span> <span class='ocrx_word' id='word_1_502' title='bbox 1009 3482 1076 3535; x_wconf 89' lang='lat' dir='ltr'><strong>de</strong></span> <span class='ocrx_word' id='word_1_503' title='bbox 1105 3482 1194 3536; x_wconf 89' lang='lat' dir='ltr'><strong>Dei</strong></span> <span class='ocrx_word' id='word_1_504' title='bbox 1221 3481 1376 3536; x_wconf 84' lang='lat' dir='ltr'><strong>Verbi</strong></span> <span class='ocrx_word' id='word_1_505' title='bbox 1416 3483 1746 3538; x_wconf 86' lang='lat' dir='ltr'><strong>habitatione</strong></span> <span class='ocrx_word' id='word_1_506' title='bbox 1783 3485 1836 3538; x_wconf 92' lang='lat' dir='ltr'><strong>in</strong></span> <span class='ocrx_word' id='word_1_507' title='bbox 1880 3501 2042 3541; x_wconf 83' lang='lat' dir='ltr'><strong>carne</strong></span> 
     </span>
    </p>
   </div>
   <div class='ocr_carea' id='block_1_71' title="bbox 475 3575 2038 3646">
    <p class='ocr_par' dir='ltr' id='par_1_71' title="bbox 475 3575 2038 3646">
     <span class='ocr_line' id='line_1_71' title="bbox 475 3575 2038 3646; baseline 0 -17"><span class='ocrx_word' id='word_1_508' title='bbox 475 3577 689 3646; x_wconf 87' lang='lat' dir='ltr'><strong>propria</strong></span> <span class='ocrx_word' id='word_1_509' title='bbox 706 3575 1006 3629; x_wconf 81' lang='lat' dir='ltr'><strong>locutussit</strong></span> <span class='ocrx_word' id='word_1_510' title='bbox 1038 3575 1397 3644; x_wconf 83' lang='lat' dir='ltr'><strong>Evangelista,</strong></span> <span class='ocrx_word' id='word_1_511' title='bbox 1423 3576 1893 3630; x_wconf 90' lang='lat' dir='ltr'><strong>determinandum</strong></span> <span class='ocrx_word' id='word_1_512' title='bbox 1937 3585 2038 3642; x_wconf 88' lang='lat' dir='ltr'><strong>est,</strong></span> 
     </span>
    </p>
   </div>
   <div class='ocr_carea' id='block_1_72' title="bbox 476 3663 2044 3735">
    <p class='ocr_par' dir='ltr' id='par_1_72' title="bbox 476 3663 2044 3735">
     <span class='ocr_line' id='line_1_72' title="bbox 476 3663 2044 3735; baseline 0.001 -17"><span class='ocrx_word' id='word_1_513' title='bbox 476 3675 609 3734; x_wconf 84' lang='lat' dir='ltr'><strong>quot</strong></span> <span class='ocrx_word' id='word_1_514' title='bbox 672 3664 1072 3735; x_wconf 30' lang='lat' dir='ltr'><strong>modisldicitur</strong></span> <span class='ocrx_word' id='word_1_515' title='bbox 1100 3663 1238 3717; x_wconf 85' lang='lat' dir='ltr'><strong>Deus</strong></span> <span class='ocrx_word' id='word_1_516' title='bbox 1261 3663 1314 3716; x_wconf 92' lang='lat' dir='ltr'><strong>in</strong></span> <span class='ocrx_word' id='word_1_517' title='bbox 1346 3665 1501 3718; x_wconf 88' lang='lat' dir='ltr'><strong>nobis</strong></span> <span class='ocrx_word' id='word_1_518' title='bbox 1533 3665 1838 3720; x_wconf 84' lang='lat' dir='ltr'><strong>inhabitare</strong></span> <span class='ocrx_word' id='word_1_519' title='bbox 1868 3683 1882 3718; x_wconf 86' lang='lat'><strong>:</strong></span> <span class='ocrx_word' id='word_1_520' title='bbox 1949 3681 2044 3720; x_wconf 87' lang='lat' dir='ltr'><strong>vo-</strong></span> 
     </span>
    </p>
   </div>
   <div class='ocr_carea' id='block_1_73' title="bbox 477 3753 2042 3825">
    <p class='ocr_par' dir='ltr' id='par_1_73' title="bbox 477 3753 2042 3825">
     <span class='ocr_line' id='line_1_73' title="bbox 477 3753 2042 3825; baseline 0 -16"><span class='ocrx_word' id='word_1_521' title='bbox 477 3767 676 3810; x_wconf 89' lang='lat' dir='ltr'><strong>cantur</strong></span> <span class='ocrx_word' id='word_1_522' title='bbox 736 3754 1004 3822; x_wconf 81' lang='lat' dir='ltr'><strong>siquidem</strong></span> <span class='ocrx_word' id='word_1_523' title='bbox 1064 3763 1116 3808; x_wconf 86' lang='lat' dir='ltr'><strong>et</strong></span> <span class='ocrx_word' id='word_1_524' title='bbox 1168 3754 1340 3808; x_wconf 72' lang='lat' dir='ltr'><strong>sancti</strong></span> <span class='ocrx_word' id='word_1_525' title='bbox 1375 3753 1637 3824; x_wconf 84' lang='lat' dir='ltr'><strong>templum</strong></span> <span class='ocrx_word' id='word_1_526' title='bbox 1695 3756 1808 3821; x_wconf 88' lang='lat' dir='ltr'><strong>Dei,</strong></span> <span class='ocrx_word' id='word_1_527' title='bbox 1843 3756 1898 3809; x_wconf 91' lang='lat' dir='ltr'><strong>in</strong></span> <span class='ocrx_word' id='word_1_528' title='bbox 1932 3770 2042 3825; x_wconf 91' lang='lat' dir='ltr'><strong>quo</strong></span> 
     </span>
    </p>
   </div>
   <div class='ocr_carea' id='block_1_74' title="bbox 480 3845 2048 3916">
    <p class='ocr_par' dir='ltr' id='par_1_74' title="bbox 480 3845 2048 3916">
     <span class='ocr_line' id='line_1_74' title="bbox 480 3845 2048 3916; baseline 0.001 -17"><span class='ocrx_word' id='word_1_529' title='bbox 480 3848 618 3900; x_wconf 84' lang='lat' dir='ltr'><strong>Dens</strong></span> <span class='ocrx_word' id='word_1_530' title='bbox 674 3846 908 3899; x_wconf 87' lang='lat' dir='ltr'><strong>habitat:</strong></span> <span class='ocrx_word' id='word_1_531' title='bbox 938 3845 1029 3898; x_wconf 83' lang='lat' dir='ltr'><strong>sed</strong></span> <span class='ocrx_word' id='word_1_532' title='bbox 1094 3846 1144 3898; x_wconf 88' lang='lat' dir='ltr'><strong>itt</strong></span> <span class='ocrx_word' id='word_1_533' title='bbox 1187 3846 1291 3900; x_wconf 85' lang='lat' dir='ltr'><strong>illis</strong></span> <span class='ocrx_word' id='word_1_534' title='bbox 1340 3847 1553 3899; x_wconf 86' lang='lat' dir='ltr'><strong>actione</strong></span> <span class='ocrx_word' id='word_1_535' title='bbox 1602 3847 1842 3900; x_wconf 84' lang='lat' dir='ltr'><strong>habitare</strong></span> <span class='ocrx_word' id='word_1_536' title='bbox 1885 3847 2048 3916; x_wconf 87' lang='lat' dir='ltr'><strong>probe</strong></span> 
     </span>
    </p>
   </div>
   <div class='ocr_carea' id='block_1_75' title="bbox 482 3930 2041 4002">
    <p class='ocr_par' dir='ltr' id='par_1_75' title="bbox 482 3930 2041 4002">
     <span class='ocr_line' id='line_1_75' title="bbox 482 3930 2041 4002; baseline -0.001 -15"><span class='ocrx_word' id='word_1_537' title='bbox 482 3944 731 4002; x_wconf 83' lang='lat' dir='ltr'><strong>recteque</strong></span> <span class='ocrx_word' id='word_1_538' title='bbox 755 3932 975 3986; x_wconf 77' lang='lat' dir='ltr'><strong>dixeris.</strong></span> <span class='ocrx_word' id='word_1_539' title='bbox 1011 3931 1243 3984; x_wconf 80' lang='lat' dir='ltr'><strong>Vocatur</strong></span> <span class='ocrx_word' id='word_1_540' title='bbox 1310 3933 1434 3985; x_wconf 88' lang='lat' dir='ltr'><strong>item</strong></span> <span class='ocrx_word' id='word_1_541' title='bbox 1476 3943 1528 3984; x_wconf 90' lang='lat' dir='ltr'><strong>et</strong></span> <span class='ocrx_word' id='word_1_542' title='bbox 1581 3930 1740 4001; x_wconf 80' lang='lat' dir='ltr'><strong>Virgo</strong></span> <span class='ocrx_word' id='word_1_543' title='bbox 1785 3933 2041 4002; x_wconf 89' lang='lat' dir='ltr'><strong>templum</strong></span> 
     </span>
    </p>
   </div>
   <div class='ocr_carea' id='block_1_76' title="bbox 483 4021 2051 4090">
    <p class='ocr_par' dir='ltr' id='par_1_76' title="bbox 483 4021 2051 4090">
     <span class='ocr_line' id='line_1_76' title="bbox 483 4021 2051 4090; baseline 0.001 -15"><span class='ocrx_word' id='word_1_544' title='bbox 483 4024 611 4088; x_wconf 83' lang='lat' dir='ltr'><strong>Dei:</strong></span> <span class='ocrx_word' id='word_1_545' title='bbox 643 4025 696 4076; x_wconf 92' lang='lat' dir='ltr'><strong>in</strong></span> <span class='ocrx_word' id='word_1_546' title='bbox 723 4022 838 4090; x_wconf 89' lang='lat' dir='ltr'><strong>ipsa</strong></span> <span class='ocrx_word' id='word_1_547' title='bbox 873 4022 1069 4074; x_wconf 88' lang='lat' dir='ltr'><strong>etenim</strong></span> <span class='ocrx_word' id='word_1_548' title='bbox 1103 4021 1244 4076; x_wconf 90' lang='lat' dir='ltr'><strong>Deus</strong></span> <span class='ocrx_word' id='word_1_549' title='bbox 1278 4022 1515 4076; x_wconf 81' lang='lat' dir='ltr'><strong>Verbum</strong></span> <span class='ocrx_word' id='word_1_550' title='bbox 1568 4025 1804 4077; x_wconf 84' lang='lat' dir='ltr'><strong>essentia</strong></span> <span class='ocrx_word' id='word_1_551' title='bbox 1845 4024 2051 4077; x_wconf 88' lang='lat' dir='ltr'><strong>habita-</strong></span> 
     </span>
    </p>
   </div>
   <div class='ocr_carea' id='block_1_77' title="bbox 484 4110 2048 4181">
    <p class='ocr_par' dir='ltr' id='par_1_77' title="bbox 484 4110 2048 4181">
     <span class='ocr_line' id='line_1_77' title="bbox 484 4110 2048 4181; baseline 0.001 -16"><span class='ocrx_word' id='word_1_552' title='bbox 484 4115 576 4175; x_wconf 81' lang='lat' dir='ltr'><strong>vit,</strong></span> <span class='ocrx_word' id='word_1_553' title='bbox 613 4113 754 4181; x_wconf 88' lang='lat' dir='ltr'><strong>quod</strong></span> <span class='ocrx_word' id='word_1_554' title='bbox 786 4111 906 4179; x_wconf 88' lang='lat' dir='ltr'><strong>plus</strong></span> <span class='ocrx_word' id='word_1_555' title='bbox 950 4110 1114 4164; x_wconf 90' lang='lat' dir='ltr'><strong>habet</strong></span> <span class='ocrx_word' id='word_1_556' title='bbox 1141 4120 1193 4164; x_wconf 92' lang='lat' dir='ltr'><strong>et</strong></span> <span class='ocrx_word' id='word_1_557' title='bbox 1222 4111 1336 4164; x_wconf 91' lang='lat' dir='ltr'><strong>sine</strong></span> <span class='ocrx_word' id='word_1_558' title='bbox 1367 4114 1768 4179; x_wconf 84' lang='lat' dir='ltr'><strong>comparatione</strong></span> <span class='ocrx_word' id='word_1_559' title='bbox 1793 4113 2048 4166; x_wconf 77' lang='lat' dir='ltr'><strong>eximium</strong></span> 
     </span>
    </p>
   </div>
   <div class='ocr_carea' id='block_1_78' title="bbox 485 4181 2041 4271">
    <p class='ocr_par' dir='ltr' id='par_1_78' title="bbox 485 4181 2041 4271">
     <span class='ocr_line' id='line_1_78' title="bbox 485 4181 2041 4271; baseline 0.002 -17"><span class='ocrx_word' id='word_1_560' title='bbox 485 4219 596 4271; x_wconf 80' lang='lat' dir='ltr'><strong>prae</strong></span> <span class='ocrx_word' id='word_1_561' title='bbox 629 4201 750 4255; x_wconf 86' lang='lat' dir='ltr'><strong>aliis</strong></span> <span class='ocrx_word' id='word_1_562' title='bbox 782 4200 988 4265; x_wconf 81' lang='lat' dir='ltr'><strong>sanctis</strong></span> <span class='ocrx_word' id='word_1_563' title='bbox 1021 4216 1035 4264; x_wconf 91' lang='lat'><strong>;</strong></span> <span class='ocrx_word' id='word_1_564' title='bbox 1073 4199 1127 4252; x_wconf 90' lang='lat' dir='ltr'><strong>in</strong></span> <span class='ocrx_word' id='word_1_565' title='bbox 1194 4181 1411 4269; x_wconf 66' lang='lat' dir='ltr'><strong>propria</strong></span> <span class='ocrx_word' id='word_1_566' title='bbox 1439 4216 1569 4253; x_wconf 85' lang='lat' dir='ltr'><strong>vero</strong></span> <span class='ocrx_word' id='word_1_567' title='bbox 1605 4216 1788 4264; x_wconf 90' lang='lat' dir='ltr'><strong>carne,</strong></span> <span class='ocrx_word' id='word_1_568' title='bbox 1835 4219 1939 4270; x_wconf 88' lang='lat' dir='ltr'><strong>qua</strong></span> <span class='ocrx_word' id='word_1_569' title='bbox 1985 4211 2041 4257; x_wconf 89' lang='lat' dir='ltr'><strong>ut</strong></span> 
     </span>
    </p>
   </div>
   <div class='ocr_carea' id='block_1_79' title="bbox 487 4288 2043 4360">
    <p class='ocr_par' dir='ltr' id='par_1_79' title="bbox 487 4288 2043 4360">
     <span class='ocr_line' id='line_1_79' title="bbox 487 4288 2043 4360; baseline 0.003 -19"><span class='ocrx_word' id='word_1_570' title='bbox 487 4292 706 4360; x_wconf 70' lang='lat' dir='ltr'><strong>proprio</strong></span> <span class='ocrx_word' id='word_1_571' title='bbox 733 4304 867 4348; x_wconf 90' lang='lat' dir='ltr'><strong>usus</strong></span> <span class='ocrx_word' id='word_1_572' title='bbox 901 4298 983 4343; x_wconf 82' lang='lat' dir='ltr'><strong>est</strong></span> <span class='ocrx_word' id='word_1_573' title='bbox 1007 4303 1232 4356; x_wconf 89' lang='lat' dir='ltr'><strong>corpore</strong></span> <span class='ocrx_word' id='word_1_574' title='bbox 1260 4304 1321 4341; x_wconf 83' lang='lat' dir='ltr'><strong>ex</strong></span> <span class='ocrx_word' id='word_1_575' title='bbox 1353 4298 1538 4342; x_wconf 82' lang='lat' dir='ltr'><strong>sancta</strong></span> <span class='ocrx_word' id='word_1_576' title='bbox 1570 4288 1787 4359; x_wconf 75' lang='lat' dir='ltr'><strong>Virgine</strong></span> <span class='ocrx_word' id='word_1_577' title='bbox 1847 4295 2043 4360; x_wconf 85' lang='lat' dir='ltr'><strong>templo</strong></span> 
     </span>
    </p>
   </div>
   <div class='ocr_carea' id='block_1_80' title="bbox 2227 3478 3709 3552">
    <p class='ocr_par' dir='ltr' id='par_1_80' title="bbox 2227 3478 3709 3552">
     <span class='ocr_line' id='line_1_80' title="bbox 2227 3478 3709 3552; baseline -0.008 -13"><span class='ocrx_word' id='word_1_578' title='bbox 2227 3493 2277 3539; x_wconf 86' lang='lat' dir='ltr'><strong>t&#39;.</strong></span> <span class='ocrx_word' id='word_1_579' title='bbox 2319 3482 2535 3552; x_wconf 79' lang='grc' dir='ltr'>Ἐπειδὴ</span> <span class='ocrx_word' id='word_1_580' title='bbox 2564 3481 2621 3535; x_wconf 75' lang='grc' dir='ltr'>δὲ</span> <span class='ocrx_word' id='word_1_581' title='bbox 2655 3481 2780 3549; x_wconf 76' lang='grc' dir='ltr'>περὶ</span> <span class='ocrx_word' id='word_1_582' title='bbox 2812 3478 3152 3545; x_wconf 79' lang='grc' dir='ltr'><strong>σκηνώσεως,</strong></span> <span class='ocrx_word' id='word_1_583' title='bbox 3188 3478 3302 3546; x_wconf 77' lang='grc' dir='ltr'>ἦτοι</span> <span class='ocrx_word' id='word_1_584' title='bbox 3338 3479 3709 3546; x_wconf 79' lang='grc' dir='ltr'>κατοικήσεως</span> 
     </span>
    </p>
   </div>
   <div class='ocr_carea' id='block_1_81' title="bbox 2149 3566 3706 3637">
    <p class='ocr_par' dir='ltr' id='par_1_81' title="bbox 2149 3566 3706 3637">
     <span class='ocr_line' id='line_1_81' title="bbox 2149 3566 3706 3637; baseline -0.006 -12"><span class='ocrx_word' id='word_1_585' title='bbox 2149 3572 2242 3625; x_wconf 83' lang='grc' dir='ltr'><strong>τοῦ</strong></span> <span class='ocrx_word' id='word_1_586' title='bbox 2264 3569 2398 3624; x_wconf 77' lang='grc' dir='ltr'>Θεοῦ</span> <span class='ocrx_word' id='word_1_587' title='bbox 2438 3569 2611 3637; x_wconf 87' lang='grc' dir='ltr'>Λόγου</span> <span class='ocrx_word' id='word_1_588' title='bbox 2637 3567 2773 3637; x_wconf 81' lang='grc' dir='ltr'>πρὸς</span> <span class='ocrx_word' id='word_1_589' title='bbox 2814 3568 2911 3636; x_wconf 81' lang='grc' dir='ltr'><strong>τὴν</strong></span> <span class='ocrx_word' id='word_1_590' title='bbox 2957 3571 3152 3619; x_wconf 75' lang='grc' dir='ltr'>ἑαυτου</span> <span class='ocrx_word' id='word_1_591' title='bbox 3194 3567 3374 3637; x_wconf 81' lang='grc' dir='ltr'>σάρκα</span> <span class='ocrx_word' id='word_1_592' title='bbox 3405 3566 3605 3637; x_wconf 71' lang='grc' dir='ltr'><strong>ἐρρέθη</strong></span> <span class='ocrx_word' id='word_1_593' title='bbox 3629 3566 3706 3634; x_wconf 79' lang='grc' dir='ltr'><strong>τῷ</strong></span> 
     </span>
    </p>
   </div>
   <div class='ocr_carea' id='block_1_82' title="bbox 2149 3657 3707 3734">
    <p class='ocr_par' dir='ltr' id='par_1_82' title="bbox 2149 3657 3707 3734">
     <span class='ocr_line' id='line_1_82' title="bbox 2149 3657 3707 3734; baseline -0.003 -20"><span class='ocrx_word' id='word_1_594' title='bbox 2149 3660 2524 3730; x_wconf 79' lang='grc' dir='ltr'>εὑαγγελιστῇ,</span> <span class='ocrx_word' id='word_1_595' title='bbox 2550 3659 2844 3729; x_wconf 77' lang='grc' dir='ltr'>διοριστέον</span> <span class='ocrx_word' id='word_1_596' title='bbox 2875 3659 3014 3711; x_wconf 82' lang='grc' dir='ltr'><strong>κατά</strong></span> <span class='ocrx_word' id='word_1_597' title='bbox 3044 3662 3239 3723; x_wconf 78' lang='grc' dir='ltr'><strong>¹πόσους</strong></span> <span class='ocrx_word' id='word_1_598' title='bbox 3257 3667 3494 3734; x_wconf 77' lang='grc' dir='ltr'>τρόπους</span> <span class='ocrx_word' id='word_1_599' title='bbox 3520 3660 3549 3710; x_wconf 87' lang='lat'><strong>6</strong></span> <span class='ocrx_word' id='word_1_600' title='bbox 3577 3657 3707 3719; x_wconf 71' lang='grc' dir='ltr'>Θεὸς</span> 
     </span>
    </p>
   </div>
   <div class='ocr_carea' id='block_1_83' title="bbox 2149 3749 3705 3824">
    <p class='ocr_par' dir='ltr' id='par_1_83' title="bbox 2149 3749 3705 3824">
     <span class='ocr_line' id='line_1_83' title="bbox 2149 3749 3705 3824; baseline -0.003 -18"><span class='ocrx_word' id='word_1_601' title='bbox 2149 3755 2364 3820; x_wconf 86' lang='grc' dir='ltr'>λέγεται</span> <span class='ocrx_word' id='word_1_602' title='bbox 2393 3753 2619 3804; x_wconf 69' lang='grc' dir='ltr'><strong>ἐνοικεῖν</strong></span> <span class='ocrx_word' id='word_1_603' title='bbox 2655 3753 2714 3824; x_wconf 73' lang='lat' dir='ltr'><strong>tv</strong></span> <span class='ocrx_word' id='word_1_604' title='bbox 2742 3752 2891 3819; x_wconf 80' lang='grc' dir='ltr'><strong>ἡμῖν.</strong></span> <span class='ocrx_word' id='word_1_605' title='bbox 2928 3750 3188 3816; x_wconf 80' lang='grc' dir='ltr'>Λέγονται</span> <span class='ocrx_word' id='word_1_606' title='bbox 3227 3751 3335 3818; x_wconf 82' lang='grc' dir='ltr'>γὰρ</span> <span class='ocrx_word' id='word_1_607' title='bbox 3353 3751 3454 3802; x_wconf 76' lang='grc' dir='ltr'>καὶ</span> <span class='ocrx_word' id='word_1_608' title='bbox 3491 3752 3541 3801; x_wconf 78' lang='lat' dir='ltr'><strong>oi</strong></span> <span class='ocrx_word' id='word_1_609' title='bbox 3569 3749 3705 3816; x_wconf 76' lang='grc' dir='ltr'>ᾇγιοι</span> 
     </span>
    </p>
   </div>
   <div class='ocr_carea' id='block_1_84' title="bbox 2145 3835 3706 3908">
    <p class='ocr_par' dir='ltr' id='par_1_84' title="bbox 2145 3835 3706 3908">
     <span class='ocr_line' id='line_1_84' title="bbox 2145 3835 3706 3908; baseline -0.002 -12"><span class='ocrx_word' id='word_1_610' title='bbox 2145 3845 2269 3908; x_wconf 82' lang='grc' dir='ltr'>ναὸς</span> <span class='ocrx_word' id='word_1_611' title='bbox 2322 3843 2480 3906; x_wconf 77' lang='grc' dir='ltr'>Θεοῦ,</span> <span class='ocrx_word' id='word_1_612' title='bbox 2525 3844 2582 3894; x_wconf 88' lang='lat' dir='ltr'><strong>tv</strong></span> <span class='ocrx_word' id='word_1_613' title='bbox 2610 3835 2654 3908; x_wconf 81' lang='grc' dir='ltr'>ᾧ</span> <span class='ocrx_word' id='word_1_614' title='bbox 2688 3843 2716 3894; x_wconf 90' lang='lat'><strong>6</strong></span> <span class='ocrx_word' id='word_1_615' title='bbox 2753 3840 2882 3903; x_wconf 79' lang='grc' dir='ltr'>Θεὸς</span> <span class='ocrx_word' id='word_1_616' title='bbox 2934 3844 3198 3904; x_wconf 82' lang='grc' dir='ltr'>κατοικεῖ,</span> <span class='ocrx_word' id='word_1_617' title='bbox 3245 3841 3360 3894; x_wconf 80' lang='grc' dir='ltr'>ἀλλ’</span> <span class='ocrx_word' id='word_1_618' title='bbox 3413 3842 3471 3892; x_wconf 85' lang='grc' dir='ltr'><strong>ἐν</strong></span> <span class='ocrx_word' id='word_1_619' title='bbox 3508 3840 3706 3902; x_wconf 83' lang='grc' dir='ltr'>τούτοις</span> 
     </span>
    </p>
   </div>
   <div class='ocr_carea' id='block_1_85' title="bbox 2148 3930 3706 4004">
    <p class='ocr_par' dir='ltr' id='par_1_85' title="bbox 2148 3930 3706 4004">
     <span class='ocr_line' id='line_1_85' title="bbox 2148 3930 3706 4004; baseline -0.003 -15"><span class='ocrx_word' id='word_1_620' title='bbox 2148 3936 2264 3990; x_wconf 82' lang='grc' dir='ltr'>κατ’</span> <span class='ocrx_word' id='word_1_621' title='bbox 2299 3935 2574 4004; x_wconf 76' lang='grc' dir='ltr'>ἐνέργειαν</span> <span class='ocrx_word' id='word_1_622' title='bbox 2603 3934 2824 4001; x_wconf 79' lang='grc' dir='ltr'>φήσειεν</span> <span class='ocrx_word' id='word_1_623' title='bbox 2870 3930 2935 3984; x_wconf 78' lang='grc' dir='ltr'><strong>ἂν</strong></span> <span class='ocrx_word' id='word_1_624' title='bbox 2987 3932 3015 3983; x_wconf 89' lang='lat'><strong>6</strong></span> <span class='ocrx_word' id='word_1_625' title='bbox 3063 3932 3217 4002; x_wconf 82' lang='grc' dir='ltr'>ὀρθὸς</span> <span class='ocrx_word' id='word_1_626' title='bbox 3254 3932 3407 3998; x_wconf 84' lang='grc' dir='ltr'>λόγος</span> <span class='ocrx_word' id='word_1_627' title='bbox 3437 3931 3706 4000; x_wconf 76' lang='grc' dir='ltr'>είρῆοθαι.</span> 
     </span>
    </p>
   </div>
   <div class='ocr_carea' id='block_1_86' title="bbox 2147 4020 3706 4093">
    <p class='ocr_par' dir='ltr' id='par_1_86' title="bbox 2147 4020 3706 4093">
     <span class='ocr_line' id='line_1_86' title="bbox 2147 4020 3706 4093; baseline -0.006 -13"><span class='ocrx_word' id='word_1_628' title='bbox 2147 4027 2378 4093; x_wconf 80' lang='grc' dir='ltr'><strong>Λέγεται</strong></span> <span class='ocrx_word' id='word_1_629' title='bbox 2433 4025 2489 4077; x_wconf 83' lang='grc' dir='ltr'><strong>δὲ</strong></span> <span class='ocrx_word' id='word_1_630' title='bbox 2541 4023 2712 4077; x_wconf 61' lang='grc' dir='ltr'>πάλιν</span> <span class='ocrx_word' id='word_1_631' title='bbox 2751 4023 2848 4075; x_wconf 76' lang='grc' dir='ltr'>καὶ</span> <span class='ocrx_word' id='word_1_632' title='bbox 2889 4023 2922 4092; x_wconf 83' lang='grc' dir='ltr'>ὴ</span> <span class='ocrx_word' id='word_1_633' title='bbox 2962 4022 3234 4092; x_wconf 79' lang='grc' dir='ltr'><strong>Παρθένος</strong></span> <span class='ocrx_word' id='word_1_634' title='bbox 3263 4022 3388 4080; x_wconf 81' lang='grc' dir='ltr'>ναὸς</span> <span class='ocrx_word' id='word_1_635' title='bbox 3429 4020 3587 4074; x_wconf 83' lang='grc' dir='ltr'><strong>Θεοῦ.</strong></span> <span class='ocrx_word' id='word_1_636' title='bbox 3623 4021 3706 4072; x_wconf 77' lang='grc' dir='ltr'>ἐν</span> 
     </span>
    </p>
   </div>
   <div class='ocr_carea' id='block_1_87' title="bbox 2148 4111 3704 4188">
    <p class='ocr_par' dir='ltr' id='par_1_87' title="bbox 2148 4111 3704 4188">
     <span class='ocr_line' id='line_1_87' title="bbox 2148 4111 3704 4188; baseline -0.006 -17"><span class='ocrx_word' id='word_1_637' title='bbox 2148 4117 2318 4188; x_wconf 86' lang='grc' dir='ltr'>ταύτῃ</span> <span class='ocrx_word' id='word_1_638' title='bbox 2355 4118 2462 4187; x_wconf 77' lang='grc' dir='ltr'>γὰρ</span> <span class='ocrx_word' id='word_1_639' title='bbox 2487 4118 2514 4168; x_wconf 82' lang='lat'><strong>6</strong></span> <span class='ocrx_word' id='word_1_640' title='bbox 2546 4115 2677 4176; x_wconf 88' lang='grc' dir='ltr'>Θεὸς</span> <span class='ocrx_word' id='word_1_641' title='bbox 2705 4115 2874 4179; x_wconf 82' lang='grc' dir='ltr'>Λόγος</span> <span class='ocrx_word' id='word_1_642' title='bbox 2905 4113 3174 4175; x_wconf 85' lang='grc' dir='ltr'>οὑσιωδῶς</span> <span class='ocrx_word' id='word_1_643' title='bbox 3209 4111 3546 4182; x_wconf 81' lang='grc' dir='ltr'>κατῴκησεν,</span> <span class='ocrx_word' id='word_1_644' title='bbox 3581 4113 3704 4180; x_wconf 81' lang='grc' dir='ltr'>ὅπερ</span> 
     </span>
    </p>
   </div>
   <div class='ocr_carea' id='block_1_88' title="bbox 2149 4202 3704 4273">
    <p class='ocr_par' dir='ltr' id='par_1_88' title="bbox 2149 4202 3704 4273">
     <span class='ocr_line' id='line_1_88' title="bbox 2149 4202 3704 4273; baseline -0.003 -15"><span class='ocrx_word' id='word_1_645' title='bbox 2149 4206 2304 4258; x_wconf 83' lang='grc' dir='ltr'>πλέον</span> <span class='ocrx_word' id='word_1_646' title='bbox 2333 4207 2447 4257; x_wconf 70' lang='grc' dir='ltr'>ἐστὶ</span> <span class='ocrx_word' id='word_1_647' title='bbox 2476 4203 2582 4255; x_wconf 81' lang='grc' dir='ltr'><strong>τῶν</strong></span> <span class='ocrx_word' id='word_1_648' title='bbox 2631 4202 2830 4255; x_wconf 86' lang='grc' dir='ltr'>λοιπῶν</span> <span class='ocrx_word' id='word_1_649' title='bbox 2879 4204 3068 4269; x_wconf 86' lang='grc' dir='ltr'>ἁγίων,</span> <span class='ocrx_word' id='word_1_650' title='bbox 3107 4203 3199 4256; x_wconf 76' lang='grc' dir='ltr'><strong>καὶ</strong></span> <span class='ocrx_word' id='word_1_651' title='bbox 3249 4203 3621 4273; x_wconf 80' lang='grc' dir='ltr'>ἁσυγκρίτως·</span> <span class='ocrx_word' id='word_1_652' title='bbox 3650 4204 3704 4254; x_wconf 82' lang='grc' dir='ltr'><strong>ὲν</strong></span> 
     </span>
    </p>
   </div>
   <div class='ocr_carea' id='block_1_89' title="bbox 2148 4287 3704 4364">
    <p class='ocr_par' dir='ltr' id='par_1_89' title="bbox 2148 4287 3704 4364">
     <span class='ocr_line' id='line_1_89' title="bbox 2148 4287 3704 4364; baseline -0.003 -17"><span class='ocrx_word' id='word_1_653' title='bbox 2148 4295 2204 4347; x_wconf 76' lang='grc' dir='ltr'><strong>δὲ</strong></span> <span class='ocrx_word' id='word_1_654' title='bbox 2236 4297 2301 4363; x_wconf 81' lang='grc' dir='ltr'>τῇ</span> <span class='ocrx_word' id='word_1_655' title='bbox 2337 4293 2512 4361; x_wconf 72' lang='grc' dir='ltr'>οἰκείᾳ</span> <span class='ocrx_word' id='word_1_656' title='bbox 2548 4294 2728 4360; x_wconf 78' lang='grc' dir='ltr'>σαρκὶ,</span> <span class='ocrx_word' id='word_1_657' title='bbox 2826 4293 2900 4354; x_wconf 82' lang='grc' dir='ltr'>ὡς</span> <span class='ocrx_word' id='word_1_658' title='bbox 2931 4291 3114 4362; x_wconf 87' lang='grc' dir='ltr'>οίκείῳ</span> <span class='ocrx_word' id='word_1_659' title='bbox 3167 4293 3586 4361; x_wconf 79' lang='grc' dir='ltr'><strong>προσεχρήσατο</strong></span> <span class='ocrx_word' id='word_1_660' title='bbox 3615 4289 3704 4342; x_wconf 85' lang='grc' dir='ltr'><strong>σώ-</strong></span> 
     </span>
    </p>
   </div>
   <div class='ocr_carea' id='block_1_90' title="bbox 486 4376 2045 4455">
    <p class='ocr_par' dir='ltr' id='par_1_90' title="bbox 486 4378 2044 4446">
     <span class='ocr_line' id='line_1_90' title="bbox 486 4378 2044 4446; baseline -0.003 -10"><span class='ocrx_word' id='word_1_661' title='bbox 486 4381 790 4436; x_wconf 80' lang='lat' dir='ltr'><strong>seeundum</strong></span> <span class='ocrx_word' id='word_1_662' title='bbox 841 4380 1132 4431; x_wconf 82' lang='lat' dir='ltr'><strong>essentiam</strong></span> <span class='ocrx_word' id='word_1_663' title='bbox 1163 4387 1215 4431; x_wconf 88' lang='lat' dir='ltr'><strong>et</strong></span> <span class='ocrx_word' id='word_1_664' title='bbox 1267 4378 1597 4446; x_wconf 75' lang='lat' dir='ltr'><strong>hypostasim</strong></span> <span class='ocrx_word' id='word_1_665' title='bbox 1624 4380 1698 4432; x_wconf 90' lang='lat' dir='ltr'><strong>illi</strong></span> <span class='ocrx_word' id='word_1_666' title='bbox 1735 4379 1872 4434; x_wconf 89' lang='lat' dir='ltr'><strong>Deus</strong></span> <span class='ocrx_word' id='word_1_667' title='bbox 1913 4380 2044 4433; x_wconf 75' lang='lat' dir='ltr'><strong>Ver-</strong></span> 
     </span>
    </p>
   </div>
   <div class='ocr_carea' id='block_1_91' title="bbox 2148 4376 3705 4455">
    <p class='ocr_par' dir='ltr' id='par_1_91' title="bbox 2155 4378 3705 4455">
     <span class='ocr_line' id='line_1_91' title="bbox 2155 4378 3705 4455; baseline -0.003 -17"><span class='ocrx_word' id='word_1_668' title='bbox 2155 4384 2396 4455; x_wconf 78' lang='grc' dir='ltr'>ματι,τῴ</span> <span class='ocrx_word' id='word_1_669' title='bbox 2432 4387 2494 4436; x_wconf 85' lang='grc' dir='ltr'><strong>ὲκ</strong></span> <span class='ocrx_word' id='word_1_670' title='bbox 2522 4384 2615 4449; x_wconf 77' lang='grc' dir='ltr'>τῆς</span> <span class='ocrx_word' id='word_1_671' title='bbox 2649 4378 2807 4448; x_wconf 75' lang='grc' dir='ltr'>ἁγίας</span> <span class='ocrx_word' id='word_1_672' title='bbox 2847 4383 3118 4452; x_wconf 83' lang='grc' dir='ltr'><strong>Παρθένου</strong></span> <span class='ocrx_word' id='word_1_673' title='bbox 3153 4383 3285 4451; x_wconf 85' lang='grc' dir='ltr'>ναῷ,</span> <span class='ocrx_word' id='word_1_674' title='bbox 3319 4382 3591 4445; x_wconf 82' lang='grc' dir='ltr'>οὑσιωδῶς</span> <span class='ocrx_word' id='word_1_675' title='bbox 3623 4383 3705 4435; x_wconf 79' lang='grc' dir='ltr'>καὶ</span> 
     </span>
    </p>
   </div>
   <div class='ocr_carea' id='block_1_92' title="bbox 487 4469 2055 4539">
    <p class='ocr_par' dir='ltr' id='par_1_92' title="bbox 487 4469 2055 4539">
     <span class='ocr_line' id='line_1_92' title="bbox 487 4469 2055 4539; baseline -0.005 -10"><span class='ocrx_word' id='word_1_676' title='bbox 487 4475 615 4529; x_wconf 91' lang='lat' dir='ltr'><strong>bum</strong></span> <span class='ocrx_word' id='word_1_677' title='bbox 639 4473 866 4536; x_wconf 84' lang='lat' dir='ltr'><strong>unitum,</strong></span> <span class='ocrx_word' id='word_1_678' title='bbox 901 4471 1146 4522; x_wconf 87' lang='lat' dir='ltr'><strong>habitare</strong></span> <span class='ocrx_word' id='word_1_679' title='bbox 1175 4470 1394 4522; x_wconf 89' lang='lat' dir='ltr'><strong>dicitur.</strong></span> <span class='ocrx_word' id='word_1_680' title='bbox 1416 4469 1477 4521; x_wconf 82' lang='lat' dir='ltr'><strong>Et</strong></span> <span class='ocrx_word' id='word_1_681' title='bbox 1503 4471 1614 4523; x_wconf 65' lang='lat' dir='ltr'><strong>hare</strong></span> <span class='ocrx_word' id='word_1_682' title='bbox 1636 4471 1850 4539; x_wconf 88' lang='lat' dir='ltr'><strong>quidem</strong></span> <span class='ocrx_word' id='word_1_683' title='bbox 1873 4472 1961 4522; x_wconf 76' lang='lat' dir='ltr'><strong>Eet</strong></span> <span class='ocrx_word' id='word_1_684' title='bbox 1979 4471 2055 4522; x_wconf 85' lang='lat' dir='ltr'><strong>le-</strong></span> 
     </span>
    </p>
   </div>
   <div class='ocr_carea' id='block_1_93' title="bbox 488 4560 2056 4637">
    <p class='ocr_par' dir='ltr' id='par_1_93' title="bbox 488 4560 2056 4637">
     <span class='ocr_line' id='line_1_93' title="bbox 488 4560 2056 4637; baseline -0.005 -18"><span class='ocrx_word' id='word_1_685' title='bbox 488 4568 580 4637; x_wconf 63' lang='lat' dir='ltr'><strong>sie</strong></span> <span class='ocrx_word' id='word_1_686' title='bbox 606 4565 688 4633; x_wconf 91' lang='lat' dir='ltr'><strong>pia</strong></span> <span class='ocrx_word' id='word_1_687' title='bbox 715 4563 975 4617; x_wconf 85' lang='lat' dir='ltr'><strong>sententia</strong></span> <span class='ocrx_word' id='word_1_688' title='bbox 1001 4571 1101 4614; x_wconf 81' lang='lat' dir='ltr'><strong>est.</strong></span> <span class='ocrx_word' id='word_1_689' title='bbox 1137 4561 1239 4613; x_wconf 85' lang='lat' dir='ltr'><strong>Sed</strong></span> <span class='ocrx_word' id='word_1_690' title='bbox 1268 4560 1544 4613; x_wconf 85' lang='lat' dir='ltr'><strong>Nestorius</strong></span> <span class='ocrx_word' id='word_1_691' title='bbox 1582 4575 1830 4628; x_wconf 82' lang='lat' dir='ltr'><strong>perverse</strong></span> <span class='ocrx_word' id='word_1_692' title='bbox 1857 4561 2056 4613; x_wconf 85' lang='lat' dir='ltr'><strong>dictum</strong></span> 
     </span>
    </p>
   </div>
   <div class='ocr_carea' id='block_1_94' title="bbox 491 4649 2061 4724">
    <p class='ocr_par' dir='ltr' id='par_1_94' title="bbox 491 4649 2061 4724">
     <span class='ocr_line' id='line_1_94' title="bbox 491 4649 2061 4724; baseline -0.007 -13"><span class='ocrx_word' id='word_1_693' title='bbox 491 4655 724 4724; x_wconf 79' lang='lat' dir='ltr'><strong>accepit;</strong></span> <span class='ocrx_word' id='word_1_694' title='bbox 744 4668 993 4722; x_wconf 84' lang='lat' dir='ltr'><strong>namque,</strong></span> <span class='ocrx_word' id='word_1_695' title='bbox 1025 4649 1379 4705; x_wconf 65' lang='lat' dir='ltr'><strong>Verbumcaro</strong></span> <span class='ocrx_word' id='word_1_696' title='bbox 1398 4652 1593 4719; x_wconf 79' lang='lat' dir='ltr'><strong>factum</strong></span> <span class='ocrx_word' id='word_1_697' title='bbox 1608 4660 1706 4713; x_wconf 69' lang='lat' dir='ltr'><strong>est,</strong></span> <span class='ocrx_word' id='word_1_698' title='bbox 1727 4650 2061 4702; x_wconf 82' lang='lat' dir='ltr'><strong>familiarita-</strong></span> 
     </span>
    </p>
   </div>
   <div class='ocr_carea' id='block_1_95' title="bbox 492 4740 2060 4813">
    <p class='ocr_par' dir='ltr' id='par_1_95' title="bbox 492 4740 2060 4813">
     <span class='ocr_line' id='line_1_95' title="bbox 492 4740 2060 4813; baseline -0.006 -10"><span class='ocrx_word' id='word_1_699' title='bbox 492 4758 546 4803; x_wconf 89' lang='lat' dir='ltr'><strong>te</strong></span> <span class='ocrx_word' id='word_1_700' title='bbox 577 4757 629 4801; x_wconf 82' lang='lat' dir='ltr'><strong>et</strong></span> <span class='ocrx_word' id='word_1_701' title='bbox 646 4746 900 4801; x_wconf 87' lang='lat' dir='ltr'><strong>relatione</strong></span> <span class='ocrx_word' id='word_1_702' title='bbox 918 4744 1216 4813; x_wconf 81' lang='lat' dir='ltr'><strong>dignitatis,</strong></span> <span class='ocrx_word' id='word_1_703' title='bbox 1238 4748 1331 4795; x_wconf 80' lang='lat' dir='ltr'><strong>ant</strong></span> <span class='ocrx_word' id='word_1_704' title='bbox 1351 4742 1598 4805; x_wconf 82' lang='lat' dir='ltr'><strong>consilio,</strong></span> <span class='ocrx_word' id='word_1_705' title='bbox 1616 4751 1706 4794; x_wconf 92' lang='lat' dir='ltr'><strong>aut</strong></span> <span class='ocrx_word' id='word_1_706' title='bbox 1729 4740 2060 4809; x_wconf 83' lang='lat' dir='ltr'><strong>beneplacito</strong></span> 
     </span>
    </p>
   </div>
   <div class='ocr_carea' id='block_1_96' title="bbox 491 4832 2056 4896">
    <p class='ocr_par' dir='ltr' id='par_1_96' title="bbox 491 4832 2056 4896">
     <span class='ocr_line' id='line_1_96' title="bbox 491 4832 2056 4896; baseline -0.006 -3"><span class='ocrx_word' id='word_1_707' title='bbox 491 4840 694 4894; x_wconf 75' lang='lat' dir='ltr'><strong>factum</strong></span> <span class='ocrx_word' id='word_1_708' title='bbox 728 4837 900 4890; x_wconf 74' lang='lat' dir='ltr'><strong>fuisse</strong></span> <span class='ocrx_word' id='word_1_709' title='bbox 955 4835 1083 4887; x_wconf 78' lang='lat' dir='ltr'><strong>dixit</strong></span> <span class='ocrx_word' id='word_1_710' title='bbox 1118 4851 1130 4885; x_wconf 88' lang='lat'><strong>:</strong></span> <span class='ocrx_word' id='word_1_711' title='bbox 1172 4850 1296 4887; x_wconf 88' lang='lat' dir='ltr'><strong>cum</strong></span> <span class='ocrx_word' id='word_1_712' title='bbox 1354 4832 1493 4887; x_wconf 82' lang='lat' dir='ltr'><strong>duos</strong></span> <span class='ocrx_word' id='word_1_713' title='bbox 1525 4834 1824 4888; x_wconf 88' lang='lat' dir='ltr'><strong>constituat</strong></span> <span class='ocrx_word' id='word_1_714' title='bbox 1869 4832 2056 4896; x_wconf 87' lang='lat' dir='ltr'><strong>Filios,</strong></span> 
     </span>
    </p>
   </div>
   <div class='ocr_carea' id='block_1_97' title="bbox 491 4925 2056 4993">
    <p class='ocr_par' dir='ltr' id='par_1_97' title="bbox 491 4925 2056 4993">
     <span class='ocr_line' id='line_1_97' title="bbox 491 4925 2056 4993; baseline -0.006 -7"><span class='ocrx_word' id='word_1_715' title='bbox 491 4934 720 4986; x_wconf 89' lang='lat' dir='ltr'><strong>alterum</strong></span> <span class='ocrx_word' id='word_1_716' title='bbox 765 4930 930 4980; x_wconf 89' lang='lat' dir='ltr'><strong>Deum</strong></span> <span class='ocrx_word' id='word_1_717' title='bbox 968 4925 1222 4987; x_wconf 81' lang='lat' dir='ltr'><strong>Verbum,</strong></span> <span class='ocrx_word' id='word_1_718' title='bbox 1255 4940 1305 4980; x_wconf 92' lang='lat' dir='ltr'><strong>et</strong></span> <span class='ocrx_word' id='word_1_719' title='bbox 1337 4929 1562 4981; x_wconf 89' lang='lat' dir='ltr'><strong>alterum</strong></span> <span class='ocrx_word' id='word_1_720' title='bbox 1594 4925 1919 4993; x_wconf 80' lang='lat' dir='ltr'><strong>singularem</strong></span> <span class='ocrx_word' id='word_1_721' title='bbox 1959 4925 2056 4976; x_wconf 89' lang='lat' dir='ltr'><strong>ho-</strong></span> 
     </span>
    </p>
   </div>
   <div class='ocr_carea' id='block_1_98' title="bbox 493 5016 2056 5082">
    <p class='ocr_par' dir='ltr' id='par_1_98' title="bbox 493 5016 2056 5082">
     <span class='ocr_line' id='line_1_98' title="bbox 493 5016 2056 5082; baseline -0.007 -4"><span class='ocrx_word' id='word_1_722' title='bbox 493 5026 692 5078; x_wconf 78' lang='lat' dir='ltr'><strong>minem</strong></span> <span class='ocrx_word' id='word_1_723' title='bbox 753 5038 815 5075; x_wconf 76' lang='lat' dir='ltr'><strong>ex</strong></span> <span class='ocrx_word' id='word_1_724' title='bbox 860 5019 1062 5082; x_wconf 82' lang='lat' dir='ltr'><strong>Maria;</strong></span> <span class='ocrx_word' id='word_1_725' title='bbox 1106 5020 1183 5071; x_wconf 85' lang='lat' dir='ltr'><strong>sie</strong></span> <span class='ocrx_word' id='word_1_726' title='bbox 1238 5030 1292 5072; x_wconf 90' lang='lat' dir='ltr'><strong>et</strong></span> <span class='ocrx_word' id='word_1_727' title='bbox 1326 5020 1475 5081; x_wconf 90' lang='lat' dir='ltr'><strong>illud,</strong></span> <span class='ocrx_word' id='word_1_728' title='bbox 1507 5018 1762 5070; x_wconf 80' lang='lat' dir='ltr'><strong>habitavit</strong></span> <span class='ocrx_word' id='word_1_729' title='bbox 1790 5017 1843 5067; x_wconf 85' lang='lat' dir='ltr'><strong>in</strong></span> <span class='ocrx_word' id='word_1_730' title='bbox 1889 5016 2056 5080; x_wconf 73' lang='lat' dir='ltr'><strong>nobis,</strong></span> 
     </span>
    </p>
   </div>
   <div class='ocr_carea' id='block_1_99' title="bbox 495 5106 2060 5182">
    <p class='ocr_par' dir='ltr' id='par_1_99' title="bbox 495 5106 2060 5182">
     <span class='ocr_line' id='line_1_99' title="bbox 495 5106 2060 5182; baseline -0.006 -16"><span class='ocrx_word' id='word_1_731' title='bbox 495 5112 836 5182; x_wconf 85' lang='lat' dir='ltr'><strong>operatione,</strong></span> <span class='ocrx_word' id='word_1_732' title='bbox 907 5118 1001 5161; x_wconf 89' lang='lat' dir='ltr'><strong>aut</strong></span> <span class='ocrx_word' id='word_1_733' title='bbox 1052 5108 1389 5175; x_wconf 86' lang='lat' dir='ltr'><strong>beneplacito</strong></span> <span class='ocrx_word' id='word_1_734' title='bbox 1442 5106 1771 5175; x_wconf 81' lang='lat' dir='ltr'><strong>exponebat,</strong></span> <span class='ocrx_word' id='word_1_735' title='bbox 1805 5121 1972 5174; x_wconf 83' lang='lat' dir='ltr'><strong>quare</strong></span> <span class='ocrx_word' id='word_1_736' title='bbox 2008 5116 2060 5157; x_wconf 84' lang='lat' dir='ltr'><strong>et</strong></span> 
     </span>
    </p>
   </div>
   <div class='ocr_carea' id='block_1_100' title="bbox 495 5195 2057 5275">
    <p class='ocr_par' dir='ltr' id='par_1_100' title="bbox 495 5195 2057 5275">
     <span class='ocr_line' id='line_1_100' title="bbox 495 5195 2057 5275; baseline -0.005 -19"><span class='ocrx_word' id='word_1_737' title='bbox 495 5212 690 5275; x_wconf 81' lang='lat' dir='ltr'><strong>purum</strong></span> <span class='ocrx_word' id='word_1_738' title='bbox 744 5201 1016 5256; x_wconf 89' lang='lat' dir='ltr'><strong>hominem</strong></span> <span class='ocrx_word' id='word_1_739' title='bbox 1049 5198 1365 5251; x_wconf 89' lang='lat' dir='ltr'><strong>enuntiabat</strong></span> <span class='ocrx_word' id='word_1_740' title='bbox 1412 5195 1594 5250; x_wconf 78' lang='lat' dir='ltr'><strong>Jesum</strong></span> <span class='ocrx_word' id='word_1_741' title='bbox 1633 5205 2057 5265; x_wconf 84' lang='lat' dir='ltr'><strong>:prOptcreaqne</strong></span> 
     </span>
    </p>
   </div>
   <div class='ocr_carea' id='block_1_101' title="bbox 492 5287 2057 5362">
    <p class='ocr_par' dir='ltr' id='par_1_101' title="bbox 492 5287 2057 5362">
     <span class='ocr_line' id='line_1_101' title="bbox 492 5287 2057 5362; baseline -0.007 -16"><span class='ocrx_word' id='word_1_742' title='bbox 492 5295 612 5362; x_wconf 83' lang='lat' dir='ltr'><strong>jure</strong></span> <span class='ocrx_word' id='word_1_743' title='bbox 646 5291 839 5345; x_wconf 85' lang='lat' dir='ltr'><strong>merito</strong></span> <span class='ocrx_word' id='word_1_744' title='bbox 870 5289 1212 5343; x_wconf 88' lang='lat' dir='ltr'><strong>anathemate</strong></span> <span class='ocrx_word' id='word_1_745' title='bbox 1255 5289 1391 5340; x_wconf 86' lang='lat' dir='ltr'><strong>ictus</strong></span> <span class='ocrx_word' id='word_1_746' title='bbox 1435 5298 1534 5340; x_wconf 86' lang='lat' dir='ltr'><strong>est.</strong></span> <span class='ocrx_word' id='word_1_747' title='bbox 1578 5287 1684 5340; x_wconf 89' lang='lat' dir='ltr'><strong>Leo</strong></span> <span class='ocrx_word' id='word_1_748' title='bbox 1707 5301 1829 5339; x_wconf 82' lang='lat' dir='ltr'><strong>vero</strong></span> <span class='ocrx_word' id='word_1_749' title='bbox 1856 5287 2057 5350; x_wconf 80' lang='lat' dir='ltr'><strong>dicens,</strong></span> 
     </span>
    </p>
   </div>
   <div class='ocr_carea' id='block_1_102' title="bbox 498 5377 2057 5452">
    <p class='ocr_par' dir='ltr' id='par_1_102' title="bbox 498 5377 2057 5452">
     <span class='ocr_line' id='line_1_102' title="bbox 498 5377 2057 5452; baseline -0.006 -15"><span class='ocrx_word' id='word_1_750' title='bbox 498 5382 772 5452; x_wconf 77' lang='lat' dir='ltr'><strong>Sapientia</strong></span> <span class='ocrx_word' id='word_1_751' title='bbox 791 5382 1068 5450; x_wconf 72' lang='lat' dir='ltr'><strong>wdiﬁcavit</strong></span> <span class='ocrx_word' id='word_1_752' title='bbox 1115 5379 1213 5431; x_wconf 76' lang='lat' dir='ltr'><strong>sibi</strong></span> <span class='ocrx_word' id='word_1_753' title='bbox 1241 5380 1448 5430; x_wconf 86' lang='lat' dir='ltr'><strong>domum</strong></span> <span class='ocrx_word' id='word_1_754' title='bbox 1477 5398 1492 5431; x_wconf 91' lang='lat'><strong><em>:</em></strong></span> <span class='ocrx_word' id='word_1_755' title='bbox 1521 5396 1638 5430; x_wconf 85' lang='lat' dir='ltr'><strong>nam</strong></span> <span class='ocrx_word' id='word_1_756' title='bbox 1680 5377 1897 5430; x_wconf 74' lang='lat' dir='ltr'><strong>Verbum</strong></span> <span class='ocrx_word' id='word_1_757' title='bbox 1937 5393 2057 5428; x_wconf 87' lang='lat' dir='ltr'><strong>caro</strong></span> 
     </span>
    </p>
   </div>
   <div class='ocr_carea' id='block_1_103' title="bbox 502 5470 2060 5543">
    <p class='ocr_par' dir='ltr' id='par_1_103' title="bbox 502 5470 2060 5543">
     <span class='ocr_line' id='line_1_103' title="bbox 502 5470 2060 5543; baseline -0.005 -15"><span class='ocrx_word' id='word_1_758' title='bbox 502 5477 703 5543; x_wconf 78' lang='lat' dir='ltr'><strong>factum</strong></span> <span class='ocrx_word' id='word_1_759' title='bbox 733 5483 830 5536; x_wconf 76' lang='lat' dir='ltr'><strong>est,</strong></span> <span class='ocrx_word' id='word_1_760' title='bbox 863 5485 909 5526; x_wconf 87' lang='lat' dir='ltr'><strong>et</strong></span> <span class='ocrx_word' id='word_1_761' title='bbox 951 5471 1205 5525; x_wconf 77' lang='lat' dir='ltr'><strong>habitarit</strong></span> <span class='ocrx_word' id='word_1_762' title='bbox 1245 5471 1297 5521; x_wconf 85' lang='lat' dir='ltr'><strong>in</strong></span> <span class='ocrx_word' id='word_1_763' title='bbox 1330 5471 1498 5534; x_wconf 82' lang='lat' dir='ltr'><strong>nobis,</strong></span> <span class='ocrx_word' id='word_1_764' title='bbox 1533 5471 1618 5538; x_wconf 90' lang='lat' dir='ltr'><strong>pic</strong></span> <span class='ocrx_word' id='word_1_765' title='bbox 1648 5470 1972 5537; x_wconf 81' lang='lat' dir='ltr'><strong>intelligens,</strong></span> <span class='ocrx_word' id='word_1_766' title='bbox 2009 5477 2060 5521; x_wconf 86' lang='lat' dir='ltr'><strong>et</strong></span> 
     </span>
    </p>
   </div>
   <div class='ocr_carea' id='block_1_104' title="bbox 501 5563 2056 5627">
    <p class='ocr_par' dir='ltr' id='par_1_104' title="bbox 501 5563 2056 5627">
     <span class='ocr_line' id='line_1_104' title="bbox 501 5563 2056 5627; baseline -0.006 -7"><span class='ocrx_word' id='word_1_767' title='bbox 501 5567 568 5620; x_wconf 87' lang='lat' dir='ltr'><strong>ad</strong></span> <span class='ocrx_word' id='word_1_768' title='bbox 595 5567 846 5620; x_wconf 68' lang='lat' dir='ltr'><strong>Ecclesia:</strong></span> <span class='ocrx_word' id='word_1_769' title='bbox 878 5575 1128 5627; x_wconf 89' lang='lat' dir='ltr'><strong>mentem,</strong></span> <span class='ocrx_word' id='word_1_770' title='bbox 1159 5574 1215 5615; x_wconf 91' lang='lat' dir='ltr'><strong>ut</strong></span> <span class='ocrx_word' id='word_1_771' title='bbox 1257 5572 1409 5615; x_wconf 83' lang='lat' dir='ltr'><strong>antea</strong></span> <span class='ocrx_word' id='word_1_772' title='bbox 1442 5563 1860 5624; x_wconf 75' lang='lat' dir='ltr'><strong>declaravimus,</strong></span> <span class='ocrx_word' id='word_1_773' title='bbox 1890 5576 1992 5613; x_wconf 90' lang='lat' dir='ltr'><strong>non</strong></span> <span class='ocrx_word' id='word_1_774' title='bbox 2028 5575 2056 5612; x_wconf 88' lang='lat' dir='ltr'><strong>a</strong></span> 
     </span>
    </p>
   </div>
   <div class='ocr_carea' id='block_1_105' title="bbox 501 5655 2055 5731">
    <p class='ocr_par' dir='ltr' id='par_1_105' title="bbox 501 5655 2055 5731">
     <span class='ocr_line' id='line_1_105' title="bbox 501 5655 2055 5731; baseline -0.005 -19"><span class='ocrx_word' id='word_1_775' title='bbox 501 5672 756 5729; x_wconf 76' lang='lat' dir='ltr'><strong>perverso</strong></span> <span class='ocrx_word' id='word_1_776' title='bbox 813 5657 1042 5711; x_wconf 78' lang='lat' dir='ltr'><strong>Nestorii</strong></span> <span class='ocrx_word' id='word_1_777' title='bbox 1102 5655 1368 5711; x_wconf 87' lang='lat' dir='ltr'><strong>intellectu</strong></span> <span class='ocrx_word' id='word_1_778' title='bbox 1417 5655 1718 5724; x_wconf 81' lang='lat' dir='ltr'><strong>abripitur,</strong></span> <span class='ocrx_word' id='word_1_779' title='bbox 1777 5663 2055 5731; x_wconf 78' lang='lat' dir='ltr'><strong>propterea</strong></span> 
     </span>
    </p>
   </div>
   <div class='ocr_carea' id='block_1_106' title="bbox 2159 4473 3705 4543">
    <p class='ocr_par' dir='ltr' id='par_1_106' title="bbox 2159 4473 3705 4543">
     <span class='ocr_line' id='line_1_106' title="bbox 2159 4473 3705 4543; baseline -0.003 -14"><span class='ocrx_word' id='word_1_780' title='bbox 2159 4477 2280 4529; x_wconf 72' lang='grc' dir='ltr'>καθ’</span> <span class='ocrx_word' id='word_1_781' title='bbox 2307 4476 2601 4528; x_wconf 82' lang='grc' dir='ltr'>ὑπόστασιν</span> <span class='ocrx_word' id='word_1_782' title='bbox 2630 4474 2857 4540; x_wconf 66' lang='grc' dir='ltr'>ἑνωθεὶς</span> <span class='ocrx_word' id='word_1_783' title='bbox 2904 4473 3050 4543; x_wconf 86' lang='grc' dir='ltr'><strong>αὑτῷ</strong></span> <span class='ocrx_word' id='word_1_784' title='bbox 3102 4475 3129 4525; x_wconf 90' lang='lat'><strong>6</strong></span> <span class='ocrx_word' id='word_1_785' title='bbox 3172 4473 3302 4536; x_wconf 80' lang='grc' dir='ltr'><strong>Θεὸς</strong></span> <span class='ocrx_word' id='word_1_786' title='bbox 3337 4475 3512 4540; x_wconf 87' lang='grc' dir='ltr'>Λόγος</span> <span class='ocrx_word' id='word_1_787' title='bbox 3539 4490 3705 4526; x_wconf 83' lang='grc' dir='ltr'>κατοι-</span> 
     </span>
    </p>
   </div>
   <div class='ocr_carea' id='block_1_107' title="bbox 2159 4563 3702 4633">
    <p class='ocr_par' dir='ltr' id='par_1_107' title="bbox 2159 4563 3702 4633">
     <span class='ocr_line' id='line_1_107' title="bbox 2159 4563 3702 4633; baseline -0.004 -15"><span class='ocrx_word' id='word_1_788' title='bbox 2159 4569 2273 4618; x_wconf 83' lang='grc' dir='ltr'>κεῖν</span> <span class='ocrx_word' id='word_1_789' title='bbox 2300 4568 2356 4616; x_wconf 85' lang='grc' dir='ltr'>ὲν</span> <span class='ocrx_word' id='word_1_790' title='bbox 2383 4564 2532 4633; x_wconf 83' lang='grc' dir='ltr'><strong>αὑτῷ</strong></span> <span class='ocrx_word' id='word_1_791' title='bbox 2564 4565 2795 4630; x_wconf 84' lang='grc' dir='ltr'><strong>λέγεται.</strong></span> <span class='ocrx_word' id='word_1_792' title='bbox 2833 4565 2938 4616; x_wconf 72' lang='grc' dir='ltr'><strong>Καὶ</strong></span> <span class='ocrx_word' id='word_1_793' title='bbox 2989 4564 3160 4633; x_wconf 82' lang='grc' dir='ltr'>ταύτῃ</span> <span class='ocrx_word' id='word_1_794' title='bbox 3210 4564 3306 4632; x_wconf 80' lang='grc' dir='ltr'><strong>μὲν</strong></span> <span class='ocrx_word' id='word_1_795' title='bbox 3347 4564 3445 4630; x_wconf 84' lang='grc' dir='ltr'><strong>τῆς</strong></span> <span class='ocrx_word' id='word_1_796' title='bbox 3493 4563 3702 4629; x_wconf 69' lang='grc' dir='ltr'>Ἐκκλη-</span> 
     </span>
    </p>
   </div>
   <div class='ocr_carea' id='block_1_108' title="bbox 2161 4655 3704 4724">
    <p class='ocr_par' dir='ltr' id='par_1_108' title="bbox 2161 4655 3704 4724">
     <span class='ocr_line' id='line_1_108' title="bbox 2161 4655 3704 4724; baseline -0.002 -16"><span class='ocrx_word' id='word_1_797' title='bbox 2161 4657 2277 4718; x_wconf 89' lang='grc' dir='ltr'>σίας</span> <span class='ocrx_word' id='word_1_798' title='bbox 2311 4657 2368 4708; x_wconf 81' lang='grc' dir='ltr'>τὸ</span> <span class='ocrx_word' id='word_1_799' title='bbox 2404 4655 2622 4716; x_wconf 77' lang='grc' dir='ltr'>εὐσεϐὲς</span> <span class='ocrx_word' id='word_1_800' title='bbox 2662 4655 3008 4724; x_wconf 80' lang='grc' dir='ltr'><strong>φρόνημα.’0</strong></span> <span class='ocrx_word' id='word_1_801' title='bbox 3033 4656 3085 4707; x_wconf 82' lang='grc' dir='ltr'><strong>δὲ</strong></span> <span class='ocrx_word' id='word_1_802' title='bbox 3111 4655 3400 4722; x_wconf 75' lang='grc' dir='ltr'>Νεστόριος</span> <span class='ocrx_word' id='word_1_803' title='bbox 3428 4655 3704 4722; x_wconf 81' lang='grc' dir='ltr'>διεστραμ-</span> 
     </span>
    </p>
   </div>
   <div class='ocr_carea' id='block_1_109' title="bbox 2163 4743 3698 4818">
    <p class='ocr_par' dir='ltr' id='par_1_109' title="bbox 2163 4743 3698 4818">
     <span class='ocr_line' id='line_1_109' title="bbox 2163 4743 3698 4818; baseline -0.005 -17"><span class='ocrx_word' id='word_1_804' title='bbox 2163 4751 2336 4818; x_wconf 84' lang='grc' dir='ltr'>μένως</span> <span class='ocrx_word' id='word_1_805' title='bbox 2362 4750 2419 4801; x_wconf 77' lang='grc' dir='ltr'>τὸ</span> <span class='ocrx_word' id='word_1_806' title='bbox 2438 4749 2619 4816; x_wconf 73' lang='grc' dir='ltr'><strong>ῥητόν.</strong></span> <span class='ocrx_word' id='word_1_807' title='bbox 2673 4749 2746 4801; x_wconf 83' lang='grc' dir='ltr'>Τὸ</span> <span class='ocrx_word' id='word_1_808' title='bbox 2779 4748 2905 4818; x_wconf 82' lang='grc' dir='ltr'>γὰρ,</span> <span class='ocrx_word' id='word_1_809' title='bbox 2941 4749 3003 4799; x_wconf 90' lang='lat'><strong>&#39;0</strong></span> <span class='ocrx_word' id='word_1_810' title='bbox 3046 4748 3233 4814; x_wconf 70' lang='grc' dir='ltr'>Λόγος</span> <span class='ocrx_word' id='word_1_811' title='bbox 3269 4744 3424 4811; x_wconf 84' lang='grc' dir='ltr'>σὰρξ</span> <span class='ocrx_word' id='word_1_812' title='bbox 3459 4743 3698 4811; x_wconf 57' lang='grc' dir='ltr'><strong>ἐγένετο,</strong></span> 
     </span>
    </p>
   </div>
   <div class='ocr_carea' id='block_1_110' title="bbox 2158 4832 3696 4909">
    <p class='ocr_par' dir='ltr' id='par_1_110' title="bbox 2158 4832 3696 4909">
     <span class='ocr_line' id='line_1_110' title="bbox 2158 4832 3696 4909; baseline -0.007 -17"><span class='ocrx_word' id='word_1_813' title='bbox 2158 4843 2213 4892; x_wconf 89' lang='lat' dir='ltr'><strong>tv</strong></span> <span class='ocrx_word' id='word_1_814' title='bbox 2242 4841 2565 4902; x_wconf 69' lang='grc' dir='ltr'><strong>οἰκειώσεῶς</strong></span> <span class='ocrx_word' id='word_1_815' title='bbox 2598 4840 2758 4909; x_wconf 86' lang='grc' dir='ltr'>λόγῳ,</span> <span class='ocrx_word' id='word_1_816' title='bbox 2792 4839 2885 4891; x_wconf 75' lang='grc' dir='ltr'>καὶ</span> <span class='ocrx_word' id='word_1_817' title='bbox 2913 4839 3051 4890; x_wconf 84' lang='grc' dir='ltr'>κατὰ</span> <span class='ocrx_word' id='word_1_818' title='bbox 3088 4835 3365 4904; x_wconf 77' lang='grc' dir='ltr'>ἀναφορὰν</span> <span class='ocrx_word' id='word_1_819' title='bbox 3389 4832 3696 4903; x_wconf 80' lang='grc' dir='ltr'>ἀξιώματος,</span> 
     </span>
    </p>
   </div>
   <div class='ocr_carea' id='block_1_111' title="bbox 2159 4922 3699 4999">
    <p class='ocr_par' dir='ltr' id='par_1_111' title="bbox 2159 4922 3699 4999">
     <span class='ocr_line' id='line_1_111' title="bbox 2159 4922 3699 4999; baseline -0.006 -17"><span class='ocrx_word' id='word_1_820' title='bbox 2159 4932 2190 4999; x_wconf 83' lang='grc' dir='ltr'>ἢ</span> <span class='ocrx_word' id='word_1_821' title='bbox 2224 4930 2626 4992; x_wconf 67' lang='grc' dir='ltr'>ταυτοϐουλίαν,</span> <span class='ocrx_word' id='word_1_822' title='bbox 2660 4930 2692 4998; x_wconf 80' lang='grc' dir='ltr'>ἢ</span> <span class='ocrx_word' id='word_1_823' title='bbox 2746 4929 2992 4982; x_wconf 88' lang='grc' dir='ltr'>εὑδοκίαν</span> <span class='ocrx_word' id='word_1_824' title='bbox 3024 4927 3180 4979; x_wconf 70' lang='grc' dir='ltr'>τοῦτο</span> <span class='ocrx_word' id='word_1_825' title='bbox 3219 4926 3343 4994; x_wconf 72' lang='grc' dir='ltr'><strong>ἔφη.</strong></span> <span class='ocrx_word' id='word_1_826' title='bbox 3384 4924 3602 4992; x_wconf 82' lang='grc' dir='ltr'>Ἐπειδὴ</span> <span class='ocrx_word' id='word_1_827' title='bbox 3619 4922 3699 4974; x_wconf 80' lang='grc' dir='ltr'><strong>δύο</strong></span> 
     </span>
    </p>
   </div>
   <div class='ocr_carea' id='block_1_112' title="bbox 2161 5014 3696 5085">
    <p class='ocr_par' dir='ltr' id='par_1_112' title="bbox 2161 5014 3696 5085">
     <span class='ocr_line' id='line_1_112' title="bbox 2161 5014 3696 5085; baseline -0.007 -10"><span class='ocrx_word' id='word_1_828' title='bbox 2161 5024 2301 5075; x_wconf 80' lang='grc' dir='ltr'>ποιεῖ</span> <span class='ocrx_word' id='word_1_829' title='bbox 2330 5022 2496 5085; x_wconf 78' lang='grc' dir='ltr'>υἱοὺς,</span> <span class='ocrx_word' id='word_1_830' title='bbox 2531 5021 2687 5074; x_wconf 81' lang='grc' dir='ltr'>ἄλλον</span> <span class='ocrx_word' id='word_1_831' title='bbox 2709 5021 2798 5072; x_wconf 71' lang='grc' dir='ltr'>τὸν</span> <span class='ocrx_word' id='word_1_832' title='bbox 2822 5019 2950 5072; x_wconf 68' lang='grc' dir='ltr'>Θεὺν</span> <span class='ocrx_word' id='word_1_833' title='bbox 2985 5019 3174 5085; x_wconf 88' lang='grc' dir='ltr'>Λόγον,</span> <span class='ocrx_word' id='word_1_834' title='bbox 3201 5019 3294 5070; x_wconf 72' lang='grc' dir='ltr'><strong>καὶ</strong></span> <span class='ocrx_word' id='word_1_835' title='bbox 3319 5016 3477 5070; x_wconf 76' lang='grc' dir='ltr'>ἄλλον</span> <span class='ocrx_word' id='word_1_836' title='bbox 3507 5014 3696 5084; x_wconf 74' lang='grc' dir='ltr'><strong>ἄνθρω-</strong></span> 
     </span>
    </p>
   </div>
   <div class='ocr_carea' id='block_1_113' title="bbox 2160 5106 3692 5179">
    <p class='ocr_par' dir='ltr' id='par_1_113' title="bbox 2160 5106 3692 5179">
     <span class='ocr_line' id='line_1_113' title="bbox 2160 5106 3692 5179; baseline -0.005 -16"><span class='ocrx_word' id='word_1_837' title='bbox 2160 5130 2259 5164; x_wconf 87' lang='grc' dir='ltr'><strong>πον</strong></span> <span class='ocrx_word' id='word_1_838' title='bbox 2293 5112 2490 5173; x_wconf 82' lang='grc' dir='ltr'>ίδικὸν,</span> <span class='ocrx_word' id='word_1_839' title='bbox 2531 5111 2622 5163; x_wconf 83' lang='grc' dir='ltr'>τὸν</span> <span class='ocrx_word' id='word_1_840' title='bbox 2663 5113 2725 5163; x_wconf 76' lang='grc' dir='ltr'>ὲκ</span> <span class='ocrx_word' id='word_1_841' title='bbox 2782 5110 2997 5179; x_wconf 85' lang='grc' dir='ltr'>Μαρίας</span> <span class='ocrx_word' id='word_1_842' title='bbox 3022 5126 3036 5140; x_wconf 74' lang='grc' dir='ltr'>ο</span> <span class='ocrx_word' id='word_1_843' title='bbox 3101 5107 3358 5169; x_wconf 85' lang='grc' dir='ltr'><strong>ὡσαύτως</strong></span> <span class='ocrx_word' id='word_1_844' title='bbox 3400 5107 3458 5158; x_wconf 82' lang='grc' dir='ltr'><strong>δὲ</strong></span> <span class='ocrx_word' id='word_1_845' title='bbox 3505 5107 3595 5157; x_wconf 74' lang='grc' dir='ltr'>καὶ</span> <span class='ocrx_word' id='word_1_846' title='bbox 3628 5106 3692 5166; x_wconf 83' lang='grc' dir='ltr'><strong>τὸ,</strong></span> 
     </span>
    </p>
   </div>
   <div class='ocr_carea' id='block_1_114' title="bbox 2159 5196 3694 5268">
    <p class='ocr_par' dir='ltr' id='par_1_114' title="bbox 2159 5196 3694 5268">
     <span class='ocr_line' id='line_1_114' title="bbox 2159 5196 3694 5268; baseline -0.006 -14"><span class='ocrx_word' id='word_1_847' title='bbox 2159 5202 2506 5266; x_wconf 77' lang='grc' dir='ltr'><strong>ἐσκήνωσεν</strong></span> <span class='ocrx_word' id='word_1_848' title='bbox 2546 5202 2612 5253; x_wconf 80' lang='grc' dir='ltr'><strong>ἐν</strong></span> <span class='ocrx_word' id='word_1_849' title='bbox 2652 5201 2815 5268; x_wconf 80' lang='grc' dir='ltr'><strong>ἡμῖν,</strong></span> <span class='ocrx_word' id='word_1_850' title='bbox 2865 5202 2982 5253; x_wconf 76' lang='grc' dir='ltr'>κατ’</span> <span class='ocrx_word' id='word_1_851' title='bbox 3036 5200 3335 5268; x_wconf 80' lang='grc' dir='ltr'>ἐνέργειαν,</span> <span class='ocrx_word' id='word_1_852' title='bbox 3390 5198 3423 5265; x_wconf 85' lang='grc' dir='ltr'>ἢ</span> <span class='ocrx_word' id='word_1_853' title='bbox 3473 5196 3694 5249; x_wconf 77' lang='grc' dir='ltr'>εὐδοκίαν</span> 
     </span>
    </p>
   </div>
   <div class='ocr_carea' id='block_1_115' title="bbox 2160 5271 3692 5360">
    <p class='ocr_par' dir='ltr' id='par_1_115' title="bbox 2160 5271 3692 5360">
     <span class='ocr_line' id='line_1_115' title="bbox 2160 5271 3692 5360; baseline -0.004 -16"><span class='ocrx_word' id='word_1_854' title='bbox 2160 5293 2427 5359; x_wconf 77' lang='grc' dir='ltr'><strong>ἔφασκεν·</strong></span> <span class='ocrx_word' id='word_1_855' title='bbox 2485 5293 2606 5345; x_wconf 86' lang='grc' dir='ltr'>ὅθεν</span> <span class='ocrx_word' id='word_1_856' title='bbox 2669 5296 2760 5345; x_wconf 77' lang='grc' dir='ltr'>καί</span> <span class='ocrx_word' id='word_1_857' title='bbox 2805 5271 2956 5360; x_wconf 55' lang='grc' dir='ltr'>ᾧιλὸν</span> <span class='ocrx_word' id='word_1_858' title='bbox 3007 5292 3290 5358; x_wconf 81' lang='grc' dir='ltr'>ἄνθρωπον</span> <span class='ocrx_word' id='word_1_859' title='bbox 3331 5287 3692 5356; x_wconf 77' lang='grc' dir='ltr'>ὡμολόγειτὺν</span> 
     </span>
    </p>
   </div>
   <div class='ocr_carea' id='block_1_116' title="bbox 2173 5377 3689 5448">
    <p class='ocr_par' dir='ltr' id='par_1_116' title="bbox 2173 5377 3689 5448">
     <span class='ocr_line' id='line_1_116' title="bbox 2173 5377 3689 5448; baseline -0.004 -16"><span class='ocrx_word' id='word_1_860' title='bbox 2173 5377 2375 5447; x_wconf 76' lang='grc' dir='ltr'><strong>Ἰησοῦν</strong></span> <span class='ocrx_word' id='word_1_861' title='bbox 2397 5399 2408 5409; x_wconf 94' lang='grc'><strong>·</strong></span> <span class='ocrx_word' id='word_1_862' title='bbox 2433 5380 2520 5433; x_wconf 85' lang='grc' dir='ltr'><strong>διά</strong></span> <span class='ocrx_word' id='word_1_863' title='bbox 2537 5397 2615 5432; x_wconf 90' lang='grc' dir='ltr'>τοι</span> <span class='ocrx_word' id='word_1_864' title='bbox 2646 5379 2798 5431; x_wconf 79' lang='grc' dir='ltr'>τοῦτο</span> <span class='ocrx_word' id='word_1_865' title='bbox 2813 5380 3030 5440; x_wconf 64' lang='grc' dir='ltr'>δικαίως</span> <span class='ocrx_word' id='word_1_866' title='bbox 3063 5381 3136 5448; x_wconf 83' lang='grc' dir='ltr'>τῷ</span> <span class='ocrx_word' id='word_1_867' title='bbox 3166 5377 3466 5446; x_wconf 74' lang='grc' dir='ltr'>ἀναθέματι</span> <span class='ocrx_word' id='word_1_868' title='bbox 3484 5378 3689 5428; x_wconf 79' lang='grc' dir='ltr'><strong>καθυπο-</strong></span> 
     </span>
    </p>
   </div>
   <div class='ocr_carea' id='block_1_117' title="bbox 2161 5466 3691 5539">
    <p class='ocr_par' dir='ltr' id='par_1_117' title="bbox 2161 5466 3691 5539">
     <span class='ocr_line' id='line_1_117' title="bbox 2161 5466 3691 5539; baseline -0.003 -17"><span class='ocrx_word' id='word_1_869' title='bbox 2161 5472 2434 5539; x_wconf 78' lang='grc' dir='ltr'><strong>ϐἑϐ&gt;.ητο.ι.</strong></span> <span class='ocrx_word' id='word_1_870' title='bbox 2476 5471 2532 5522; x_wconf 90' lang='lat'><strong>&#39;0</strong></span> <span class='ocrx_word' id='word_1_871' title='bbox 2571 5471 2627 5523; x_wconf 85' lang='grc' dir='ltr'><strong>δὲ</strong></span> <span class='ocrx_word' id='word_1_872' title='bbox 2666 5470 2726 5536; x_wconf 73' lang='grc' dir='ltr'><strong>δὴ</strong></span> <span class='ocrx_word' id='word_1_873' title='bbox 2753 5470 2900 5522; x_wconf 79' lang='grc' dir='ltr'>Λέων</span> <span class='ocrx_word' id='word_1_874' title='bbox 2930 5470 3120 5536; x_wconf 75' lang='grc' dir='ltr'>λέγων,</span> <span class='ocrx_word' id='word_1_875' title='bbox 3160 5470 3240 5521; x_wconf 81' lang='grc' dir='ltr'><strong>ὅτι</strong></span> <span class='ocrx_word' id='word_1_876' title='bbox 3282 5469 3342 5520; x_wconf 88' lang='grc' dir='ltr'><em>Ἠ</em></span> <span class='ocrx_word' id='word_1_877' title='bbox 3362 5469 3546 5534; x_wconf 69' lang='grc' dir='ltr'>σοφία</span> <span class='ocrx_word' id='word_1_878' title='bbox 3571 5466 3691 5530; x_wconf 76' lang='grc' dir='ltr'><strong>ᾠκο-</strong></span> 
     </span>
    </p>
   </div>
   <div class='ocr_carea' id='block_1_118' title="bbox 2160 5555 3692 5630">
    <p class='ocr_par' dir='ltr' id='par_1_118' title="bbox 2160 5555 3692 5630">
     <span class='ocr_line' id='line_1_118' title="bbox 2160 5555 3692 5630; baseline -0.005 -14"><span class='ocrx_word' id='word_1_879' title='bbox 2160 5566 2421 5630; x_wconf 71' lang='grc' dir='ltr'><strong>δόμησεν</strong></span> <span class='ocrx_word' id='word_1_880' title='bbox 2477 5560 2659 5627; x_wconf 74' lang='grc' dir='ltr'>ἑαυτῇ</span> <span class='ocrx_word' id='word_1_881' title='bbox 2729 5557 2930 5612; x_wconf 76' lang='grc' dir='ltr'><strong>οἶκον·</strong></span> <span class='ocrx_word' id='word_1_882' title='bbox 2982 5559 3213 5626; x_wconf 72' lang='grc' dir='ltr'><strong>καὶγὰρ</strong></span> <span class='ocrx_word' id='word_1_883' title='bbox 3245 5561 3277 5611; x_wconf 85' lang='lat' dir='ltr'><strong>d</strong></span> <span class='ocrx_word' id='word_1_884' title='bbox 3327 5558 3516 5624; x_wconf 59' lang='grc' dir='ltr'>Λόγος</span> <span class='ocrx_word' id='word_1_885' title='bbox 3561 5555 3692 5623; x_wconf 80' lang='grc' dir='ltr'>σὰρξ</span> 
     </span>
    </p>
   </div>
   <div class='ocr_carea' id='block_1_119' title="bbox 2160 5646 3691 5724">
    <p class='ocr_par' dir='ltr' id='par_1_119' title="bbox 2160 5646 3691 5724">
     <span class='ocr_line' id='line_1_119' title="bbox 2160 5646 3691 5724; baseline -0.005 -17"><span class='ocrx_word' id='word_1_886' title='bbox 2160 5658 2410 5724; x_wconf 71' lang='grc' dir='ltr'>ἐγένετο,</span> <span class='ocrx_word' id='word_1_887' title='bbox 2475 5656 2567 5708; x_wconf 81' lang='grc' dir='ltr'>καὶ</span> <span class='ocrx_word' id='word_1_888' title='bbox 2623 5653 2973 5718; x_wconf 68' lang='grc' dir='ltr'>ἐσκήνωσεν</span> <span class='ocrx_word' id='word_1_889' title='bbox 3018 5652 3082 5704; x_wconf 80' lang='grc' dir='ltr'><strong>ἐν</strong></span> <span class='ocrx_word' id='word_1_890' title='bbox 3122 5651 3281 5717; x_wconf 79' lang='grc' dir='ltr'><strong>ἡμῖν,</strong></span> <span class='ocrx_word' id='word_1_891' title='bbox 3312 5646 3691 5717; x_wconf 63' lang='grc' dir='ltr'>εύσεϐοφρόνως</span> 
     </span>
    </p>
   </div>
  </div>
