3934 6316
107 339 222 403 σιτ
973 340 1412 405 REFUTATIO
1451 343 1835 404 EPISTOL/E
1877 347 2106 408 REGIS
2135 324 2526 409 ARMENLE.
3262 356 3370 421 (διε

110 457 320 522 νοήσας
350 454 493 531 κατά
560 455 619 508 τὸ
655 437 902 527 βούλημα
932 457 995 510 τὸ
1029 457 1506 528 ἐκκλησιαστικὸν,
1545 459 1574 513 δ
1605 462 1675 514 κα

1800 475 1975 531 neque
2007 461 2061 516 in
2085 453 2236 518 hisce
2260 479 2385 518 cum
2415 479 2483 518 eo
2513 465 2811 521 consentit.
2847 467 3053 524 Scribit
3088 467 3388 530 Nestorius

107 527 431 614 φθάσαντες
463 549 714 618 εἴπομεν,
766 550 827 602 ού
888 527 1264 618 συναπάγεται
1291 553 1357 622 τῇ
1400 552 1668 625 διεστραμ

1807 555 1943 610 duas
1975 555 2029 609 in
2049 555 2267 611 Christo
2291 566 2517 613 naturas
2539 574 2828 629 separans:
2865 562 3070 631 Duplex
3093 575 3171 619 est
3194 579 3390 620 natura

108 640 258 713 μένῃ
293 641 482 711 νοήσει
497 640 591 694 τοῦ
619 641 918 712 Νεστορίου
945 659 958 672 ·
993 642 1082 698 διά
1111 661 1193 697 τοι
1225 642 1382 698 τοῦτο
1409 645 1529 699 οὐδὲ
1560 663 1675 717 συμη

1807 649 1860 700 in
1895 664 2002 702 una
2027 649 2306 718 dignitate.
2341 650 2542 707 Scribit
2575 650 2716 706 Leo:
2743 653 2974 724 Cumque
2993 655 3150 726 fame,
3193 661 3302 724 siti,
3336 669 3388 713 et

106 735 308 801 φρονεί
331 733 484 802 αύτῷ
514 735 572 786 ὲν
597 733 830 797 τούτοις.
874 734 1079 805 Γράφει
1123 735 1441 805 Νεστόριος,
1475 735 1572 799 τὰς
1599 737 1675 789 δύη

1809 739 2074 794 laboribus
2094 741 2436 812 depugnasse,
2463 746 2749 798 humanum
2780 756 2886 801 est:
2907 748 3132 818 quinque
3146 768 3260 804 vero
3289 770 3391 822 pa-

107 820 313 887 ιρύσεις
369 822 462 876 τοῦ
514 824 751 892 Χριστοῦ
799 824 1068 894 χωρίζων,
1101 826 1184 878 ὃτι
1226 827 1417 894 Διπλῆ
1458 827 1628 882 ἐστιν
1658 847 1675 882 ι

1808 831 1981 897 uibus,
2012 833 2239 902 quinque
2265 835 2534 887 hominum
2555 837 2723 889 millia
2752 849 3107 907 exsaturasse,
3133 853 3390 912 etaquam

101 912 300 980 φύσις
330 916 418 978 εἰς
441 913 512 968 ἐν
533 915 781 984 ἀξίωμα.
807 916 1015 988 Γράφει
1055 916 1208 970 Λέων
1228 933 1243 949 ο
1280 918 1351 973 Τὸ
1390 919 1696 987 πεινῆσαι,

104 1003 210 1055 καί
246 1003 526 1071 dtu-ﬁdat,
584 1005 686 1060 καί
737 1006 1044 1072 κοκιάσαι,
1088 1008 1484 1077 ἀνθρώπινον,
1519 1011 1585 1064 τὸ
1631 1012 1701 1066 δὲ

103 1095 175 1148 ἐκ
208 1094 394 1150 πέντε
425 1096 620 1164 ἄρτων
661 1098 885 1167 ἄνδρας
927 1103 1462 1170 πεντακισχιλίους
1486 1104 1699 1172 χορτά-

102 1203 238 1253 σαι,
300 1188 402 1242 καί
450 1188 515 1243 τὸ
554 1189 710 1259 ὕδωρ
756 1191 822 1244 τὸ
854 1189 966 1251 ζῶν
990 1195 1354 1261 χαρίσασθαι
1391 1193 1477 1263 τῇ
1509 1199 1701 1266 Σαμα-

99 1277 342 1343 ρείτιδι,
377 1277 555 1332 τοῦτο
585 1281 885 1347 θεότητος.
936 1280 1075 1334 Ἀλλ’
1121 1285 1149 1336 ό
1195 1285 1294 1353 μὲν
1323 1285 1614 1356 Νεστόριος
1637 1289 1699 1341 οὐ

101 1367 195 1420 διὰ
235 1370 298 1422 τὸ
340 1372 540 1434 εἰπεῖν,
594 1370 786 1440 Διπλῆ
819 1373 992 1425 ἐστιν
1027 1374 1064 1441 ἠ
1094 1374 1300 1442 φύσις,
1340 1377 1438 1447 ήδη
1462 1378 1699 1431 κατακέ-

103 1472 303 1530 κριται
335 1477 348 1490 ·
376 1460 619 1515 πλεῖστοι
643 1461 752 1530 γὰρ
780 1459 915 1526 ὅσοι,
959 1465 1158 1533 μᾶλλον
1187 1465 1241 1518 δὲ
1281 1467 1481 1530 πάντες
1509 1468 1558 1521 oi
1580 1468 1699 1522 θεο-

104 1549 270 1619 φόροι
301 1550 545 1621 Πατέρες
572 1551 723 1604 τουτὶ⁵
778 1552 1155 1624 διατρανοῦσιν
1184 1555 1278 1608 ἐπὶ
1327 1558 1595 1627 Χριστοῦ,
1617 1561 1700 1614 ὅτι

103 1639 335 1705 διπλοῦς
368 1638 456 1712 ἦν.
494 1643 607 1697 Καὶ
632 1644 866 1697 ἄκουσον
897 1645 991 1698 τοῦ
1020 1647 1079 1700 ὲν
1104 1647 1355 1720 θεολογίᾳ
1394 1649 1697 1722 Γρηγορίου

101 1731 361 1799 λέγοντος
384 1749 399 1764 ο
423 1733 694 1800 Διπλοῦς
716 1734 816 1803 ἦν,
841 1736 973 1792 ἐπεὶ
996 1737 1094 1790 καί
1121 1739 1429 1806 ἐκοπίασε,
1461 1741 1559 1795 καί
1575 1742 1696 1796 ἐδί-

103 1823 298 1888 ψησε,
323 1825 422 1877 καί
446 1825 564 1878 ὅσα
590 1829 758 1895 νόμῳ
785 1827 1061 1897 σώματος
1085 1826 1165 1900 ἦν
1181 1847 1196 1863 ο
1219 1830 1334 1884 ἀλλ’
1358 1833 1443 1886 ὄτι
1470 1834 1704 1904 ἐπήνεγ-

103 1929 226 1978 κεν,
257 1917 348 1980 εἰς
375 1915 446 1970 ἐν
479 1917 732 1987 ἀξίωμα,
772 1919 1018 1990 ιναργῶς
1059 1920 1342 1998 ὕποδηλῶν
1373 1923 1470 1986 τὰς
1500 1925 1693 1992 φύσεις

103 2001 548 2075 κεχωρισμένας,
579 2011 672 2062 καὶ
701 2011 1104 2076 ίδιοσυστάτους
1149 2001 1339 2081 ποιῶν,
1380 2016 1474 2068 καὶ
1509 2035 1692 2088 σχετι-

103 2095 232 2166 κὴν,
263 2097 411 2165 λέγω
467 2099 535 2170 δὴ
584 2099 683 2172 τὴν
713 2103 854 2156 κατὰ
901 2103 1183 2174 ἀναφορὰν
1207 2106 1518 2176 ἀξιώματος
1548 2111 1687 2182 πρὸς

102 2187 196 2241 τὸν
223 2190 369 2243 θεῖον
420 2192 596 2259 Λόγον
650 2192 750 2264 τὴν
796 2193 1143 2265 ἀνθρωπίνην
1183 2196 1344 2264 φύσιν
1372 2199 1470 2268 τὴν
1496 2200 1691 2256 ἕνωσιν

101 2281 443 2351 κεκτῆσθαι·
511 2282 604 2337 διά
642 2300 740 2365 Δτοι
768 2283 928 2338 τοῦτο
963 2288 1059 2339 καὶ
1086 2288 1413 2360 ἀπόϐλητος.
1452 2293 1509 2344 ὐ
1536 2293 1592 2346 δὲ
1624 2295 1689 2365 δὴ

102 2370 257 2424 Δὲων
289 2372 586 2442 ὀρθοδόξως
637 2362 703 2428 ἶτὸ
745 2375 848 2447 μὲν
872 2376 1117 2446 διψῆσαι,
1151 2381 1244 2432 καὶ
1284 2382 1563 2451 πεινῆσαι,
1593 2362 1689 2437 καί

102 2464 365 2517 κοπιάσαι
386 2463 474 2518 τὸν
505 2465 742 2543 Χριστὸν
767 2468 908 2522 κατὰ
926 2468 987 2520 τὸ
1012 2467 1352 2539 ἀνθρώπινον
1384 2472 1596 2543 εἴρηκε,
1626 2474 1687 2528 τὸ

99 2553 156 2606 δὲ
220 2541 714 2628 θαυματουργῆσαι
758 2559 900 2613 κατὰ
947 2560 1007 2636 τὸ
1056 2559 1236 2616 θεῖκδν
1267 2541 1683 2635 μέροςίὲξέθετο.

102 2645 289 2718 Ταύτῃ
335 2650 398 2718 τῇ
438 2649 619 2720 ἐννοίᾳ
666 2651 701 2720 ἠ
759 2649 1020 2723 καθολικὴ
1066 2654 1365 2724 Ἐκκλησία
1423 2658 1516 2709 ἐπὶ
1559 2658 1687 2728 Χρι-

100 2737 225 2791 στοῦ
253 2741 392 2792 νοεῖν
421 2742 569 2811 ἡμᾶς
619 2741 950 2809 ἐκδιδάσκει,
985 2743 1052 2797 τά
1088 2746 1186 2814 μὲν
1232 2748 1466 2801 ταπεινὰ
1497 2752 1562 2820 τῇ
1590 2752 1684 2803 ἁν-

100 2826 409 2900 θρωπότητι
459 2832 872 2901 προσάπτουσα,
919 2833 989 2888 τά
1024 2834 1079 2888 δὲ
1124 2835 1305 2906 ὑψηλά
1340 2839 1405 2909 τῇ
1441 2838 1678 2910 θεότητι.

100 2918 343 2988 Εὐσεϐής
373 2921 480 2990 ἄρα
523 2923 556 2974 ὁ
599 2921 753 2977 Λέων
786 2925 1185 2992 ἀποδέδεικται,
1224 2929 1318 2982 καὶ
1351 2931 1412 2982 ού
1453 2947 1680 3001 συμφω-

100 3008 200 3061 νῶν
216 3009 295 3079 τῷ
322 3011 622 3084 Νεστορίῳ,
652 3013 754 3068 κᾶν
783 3016 982 3082 ἀδίκως
1012 3021 1166 3090 παρὰ
1208 3020 1302 3073 σοῦ
1336 3025 1676 3093 συκοφαντῆ-

99 3111 206 3156 ται.
241 3100 307 3153 El
336 3101 395 3155 δὲ
453 3103 634 3167 τοῦτο,
699 3106 878 3178 μάτην
936 3110 1247 3183 προφασίζῃ
1286 3114 1588 3183 προφάσεις
1618 3117 1676 3167 ὲν

99 3188 417 3261 ἁμαρτίαις,
477 3195 572 3250 καὶ
626 3197 726 3251 ούκ
783 3198 1023 3274 ἀποδέχῃ
1059 3201 1160 3273 τὴν
1186 3201 1350 3270 ἁγίαν
1405 3206 1676 3277 τετάρτην
1705 3185 1745 3242 C

99 3279 336 3348 σύνοδον,
361 3285 457 3339 καὶ
484 3286 546 3340 τὸ
574 3289 704 3360 παρ’
730 3291 900 3360 αὐτῆς
943 3292 1100 3362 ὀρθὸν
1124 3294 1321 3364 δόγμα,
1363 3296 1423 3349 τὸ
1450 3297 1545 3350 ἐπὶ
1577 3299 1677 3368 τῆς

99 3370 406 3442 οἰκονομίας
434 3376 676 3445 Χριστοῦ
691 3378 929 3448 ὀρισθέν.
957 3381 1036 3435 υύ
1053 3383 1162 3454 γὰρ
1190 3385 1282 3437 τὸν
1312 3385 1406 3438 ἕνα
1434 3388 1672 3459 Χριστὸν

101 3463 178 3526 είς
203 3464 299 3518 δύο
323 3465 541 3536 διαιρεῖ,
567 3470 662 3524 καὶ
685 3473 964 3542 χωρισμὸν
996 3474 1104 3528 ἀπὸ
1143 3476 1280 3531 Θεοῦ
1318 3479 1560 3548 ἐμποιεῖ,
1595 3481 1676 3547 ὡς

100 3553 162 3607 σὺ
204 3557 457 3628 φανερῶς
479 3559 762 3634 διαψεύδῃ.
803 3563 1003 3632 μᾶλλον
1033 3566 1132 3636 μὲν
1155 3563 1250 3621 οῦν
1292 3569 1427 3633 ἑνοῖ,
1454 3571 1550 3624 καὶ
1575 3570 1673 3641 βα-

101 3645 299 3709 σιλείας
327 3648 575 3720 οὐρανῶν
626 3654 888 3722 πρόξενον
915 3653 1011 3708 τόν
1030 3657 1234 3728 ταύτην
1255 3660 1505 3730 ἀσμένως
1526 3657 1694 3716 ἀπο-⁸

98 3736 380 3808 ὰχόμενον
408 3741 752 3814 καθίστησιν,
789 3746 947 3817 εἰπερ
993 3749 1084 3802 καὶ
1115 3750 1286 3821 αὐτὴν
1355 3753 1704 3824 δρθοφρόνως

97 3832 364 3902 ὲτράνωσε
395 3837 579 3902 καλῶς
598 3839 660 3892 τὺ
693 3841 830 3894 κατὰ
853 3842 1088 3913 Χριστὸν
1112 3847 1446 3919 1μυστήριον.
1485 3906 1487 3910 ,

161 3924 247 3979 ια’.
283 3928 435 3982 Ἐπεὶ
487 3929 549 3982 δὲ’
593 3930 654 3984 ού
708 3933 868 4004 μόνον
916 3937 980 3989 ἐκ
1000 3936 1101 4007 τῆς
1149 3940 1505 4011 παραθέσεως
1552 3945 1663 3998 τῶν

98 4019 334 4088 χρήσεων
380 4021 479 4074 τοῦ
538 4026 936 4096 ματαιόφρονος
984 4030 1304 4103 Νεστορίου,
1354 4036 1449 4089 καὶ
1489 4037 1581 4090 τοῦ
1607 4040 1664 4091 ὲν

95 4109 261 4176 ἁγίοις
290 4111 450 4166 πάπα
478 4115 704 4179 Λέοντος
756 4119 1054 4190 ἐπειράθης
1074 4122 1346 4178 διαϐαλεῖν
1375 4128 1471 4198 τὴν
1500 4129 1662 4197 ἁγίαν

95 4202 344 4273 τετάρτην
370 4204 606 4270 σύνοδον,
629 4209 676 4259 εἰ
695 4208 789 4260 καὶ
805 4212 831 4262 ό
847 4209 1011 4282 λόγος,
1028 4229 1120 4265 σου
1143 4215 1364 4283 γέγονεν
1398 4219 1657 4283 ἀπίθανος

95 4296 175 4346 καὶ
189 4294 522 4365 ἁσύμΰατος,
553 4297 717 4368 ἀλλ’ἢ
741 4301 831 4354 καὶ
853 4302 910 4368 ἐξ
935 4303 1101 4373 αὐτῆς
1118 4305 1215 4376 τῆς
1243 4308 1464 4362 συνόδου
1479 4328 1656 4383 παρα-

94 4386 425 4454 κεκομμένας
463 4387 644 4443 λασὼν
675 4390 884 4460 ῥήσεις,
915 4391 992 4445 ἔτι
1016 4409 1078 4460 γε
1111 4394 1218 4464 μὴν
1251 4397 1343 4450 καὶ
1362 4397 1460 4450 ’τοῦ
1492 4400 1650 4467 ἁγίου

1806 923 1977 978 vivam
1996 924 2355 981 Samaritana:
2375 927 2660 998 elargitum
2691 931 2878 998 fuisse,
2901 933 2995 986 hoc
3031 951 3148 989 vero
3169 939 3389 991 deitatis

1803 1026 1903 1068 est.
1926 1015 2287 1096 EtNestorius
2314 1019 2552 1088 quidem,
2575 1037 2680 1075 non
2723 1026 2867 1092 quod
2893 1025 3106 1080 dixerat
3129 1045 3142 1079 ε
3181 1027 3390 1096 Duplex

1807 1116 1884 1160 est
1935 1090 2153 1172 natura,
2217 1109 2342 1164 ideo
2388 1113 2790 1170 condemnatus
2819 1129 2903 1171 est
2945 1133 2956 1168 :
2994 1135 3117 1174 cum
3165 1121 3385 1190 plurimi

1805 1198 1968 1254 etiam
1992 1216 2060 1255 ex
2084 1202 2292 1258 sanctis
2323 1203 2580 1262 Patrib'us
2604 1206 2711 1263 hoc
2733 1207 2877 1264 idem
2904 1210 2971 1266 de
2991 1210 3209 1268 Christo
3231 1227 3386 1269 asso-

1807 1301 2089 1357 verarunt,
2162 1293 2432 1362 duplicem
2509 1313 2652 1354 esse.
2709 1300 2848 1355 Audi
2904 1303 2954 1356 in
3009 1303 3212 1360 divinis
3265 1323 3387 1376 per-

1810 1385 2108 1439 tractandis
2157 1389 2430 1456 egregium
2460 1389 2809 1461 Gregorium.
2859 1393 3066 1464 Duplex:
3104 1409 3240 1464 erat,
3267 1400 3382 1468 ait;

1805 1490 1929 1526 nam
1951 1483 2000 1527 et
2031 1475 2315 1543 laboravit,
2346 1489 2395 1531 et
2421 1480 2613 1547 sitirit,
2632 1482 2870 1553 aliaque,
2892 1503 3008 1555 quae
3038 1504 3104 1540 ea:
3124 1490 3238 1560 lege
3273 1510 3396 1546 cor-

1804 1565 1948 1630 poris
1975 1565 2270 1633 tenebatur,
2304 1584 2580 1638 perpessus
2607 1583 2705 1627 est.
2743 1575 2848 1628 Sed
2879 1578 3034 1644 quod
3067 1581 3301 1647 addidit,
3329 1587 3384 1637 in

1804 1669 1910 1707 una
1941 1656 2218 1726 dignitate,
2249 1670 2436 1730 aperte
2455 1662 2660 1719 divisas
2689 1675 2913 1721 naturas
2937 1669 3188 1735 innitens,
3220 1682 3274 1730 et
3291 1693 3386 1744 per

1804 1744 2245 1803 sesubsistentes
2278 1749 2592 1816 enuntians,
2621 1761 2674 1806 et
2711 1759 3089 1824 respectivam,
3119 1777 3262 1828 eam,
3295 1765 3382 1818 in-

1736 1840 1996 1905 Bquam,
2029 1852 2193 1907 quam
2246 1842 2545 1896 secundum
2600 1845 2885 1914 dignitatis
2937 1852 3256 1908 relationem
3311 1858 3406 1911 ad

1797 1928 2042 1983 divinum
2071 1928 2306 1986 Verbum
2335 1935 2573 1990 humana
2615 1947 2809 1993 natura
2849 1944 3102 1997 unionem
3137 1949 3383 2014 possedit

1794 2021 2570 2096 conlirmans;proptereaque
2597 2031 2940 2099 proscriptus
2976 2045 3079 2088 est.
3115 2035 3226 2092 Leo
3253 2040 3398 2096 vero

1798 2110 1936 2164 satis
1966 2112 2095 2181 pi-e,‘
2127 2123 2182 2168 et
2221 2130 2348 2169 cum
2401 2125 2547 2172 recte
2594 2120 2980 2189 sentientibus,
3020 2140 3152 2181 cum
3211 2130 3377 2198 fame,

1792 2196 1905 2263 siti,
1933 2208 1988 2253 et
2016 2200 2296 2258 laboribus
2319 2204 2663 2274 depugnasse
2692 2203 2973 2267 Christum
3010 2217 3247 2278 humana
3274 2196 3376 2276 na;
3453 2201 3457 2205 δ

1792 2298 1910 2342 tura
1945 2293 2202 2358 asseruit,
2229 2303 2289 2349 at
2319 2297 2584 2353 miracula
2633 2299 2879 2356 olfecisse
2907 2305 2972 2360 de
3006 2307 3191 2364 divina
3224 2323 3378 2380 parte

1792 2380 2178 2451 interpretatus
2227 2395 2331 2440 est.
2381 2387 2593 2444 Similia
2655 2395 2927 2451 catholica
3005 2399 3251 2458 Ecclesia
3305 2405 3376 2461 de

1789 2472 2010 2527 Christo
2042 2491 2141 2531 nos
2195 2476 2374 2541 docet,
2419 2481 2646 2536 humilia
2696 2485 3022 2542 humanitati
3063 2493 3372 2559 ascribens.

1788 2565 2043 2620 sublimia
2080 2568 2268 2622 deitati
2299 2570 2604 2627 vindicans.
2658 2575 2754 2630 Pie
2800 2577 2982 2647 itaque
3027 2579 3135 2637 Leo
3183 2586 3371 2651 sentit,

1789 2656 1865 2710 uti
1897 2657 2332 2715 demonstratum
2355 2673 2462 2728 est,
2495 2681 2594 2720 nec
2620 2682 2747 2721 cum
2801 2669 3055 2727 Nestorio
3093 2679 3372 2740 convenit,

1785 2748 1910 2802 licet
1941 2765 1970 2803 a
2005 2759 2055 2804 te
2085 2751 2360 2809 immerito
2389 2755 2455 2810 de
2473 2771 2538 2812 eo
2570 2758 2946 2824 insimuletur.
2981 2765 3036 2819 ld
3078 2769 3128 2820 si
3161 2769 3234 2824 ita
3262 2784 3370 2839 est,
3478 2808 3488 2819 ι

1784 2839 1985 2895 frustra
2013 2852 2308 2910 praetextas
2343 2849 2594 2914 praetentis
2637 2850 2691 2904 in
2743 2855 3006 2920 peccatis,
3041 2866 3095 2911 et
3122 2871 3368 2913 sanctam

1780 2940 2030 3000 quartam
2082 2935 2349 3002 synodum
2408 2936 2694 3007 ipsiusque
2729 2943 2958 3011 probam
3005 2949 3366 3006 assertionem

1781 3035 1888 3074 non
1923 3023 2143 3092 recipis,
2183 3040 2347 3093 quam
2385 3027 2474 3080 illa
2519 3028 2586 3084 de
2633 3034 2945 3088 oeconomia
2983 3034 3188 3092 Christi
3225 3056 3365 3108 prae.

1781 3113 2002 3183 scripsit
2035 3133 2048 3169 :
2086 3131 2259 3184 neque
2287 3120 2431 3172 enim
2481 3136 2648 3174 unum
2683 3122 2960 3178 Christum
3002 3127 3055 3181 in
3087 3130 3198 3184 duo
3226 3133 3366 3186 divi-

1779 3202 1877 3266 dit,
1910 3211 1963 3256 et
2001 3218 2032 3257 a
2061 3204 2168 3258 Deo
2191 3209 2591 3273 separationem
2642 3210 2960 3278 introducit,
3007 3226 3064 3269 ut
3096 3226 3148 3270 tu
3179 3231 3365 3288 aperte

1779 3295 2058 3361 mentiris;
2093 3297 2341 3365 quinimo
2368 3299 2546 3367 potius
2598 3301 2735 3365 unit,
2793 3304 3169 3377 hospitemque
3211 3316 3361 3382 regni

1776 3387 2060 3451 ccelorum,
2111 3389 2204 3457 qui
2278 3404 2398 3445 eam
2484 3391 2712 3448 libenter
2788 3399 3154 3466 amplectitur,
3225 3406 3414 3458 ουκ-⁷

1777 3479 1986 3543 stituit;
2011 3480 2056 3534 si
2099 3490 2153 3534 et
2177 3481 2296 3550 ipsa
2324 3490 2470 3536 recte
2524 3485 2767 3540 sentiens
2797 3503 2921 3541 cum
2955 3494 3160 3548 sanctis
3184 3496 3359 3548 tritius

1773 3572 1998 3642 synodis
2037 3572 2300 3639 decrevit,
2344 3574 2622 3645 probeque
2660 3577 2863 3635 Christi
2904 3586 3220 3654 mysterium
3254 3599 3356 3656 pu-

1773 3663 2013 3717 blicavit.

1743 3753 1884 3824 μετὰ
1944 3755 2055 3818 τῶν
2125 3756 2297 3830 ἁγίων
2352 3760 2522 3830 τριῶν
2571 3761 2803 3815 συνόδων
2860 3764 3182 3837 ἐδογμάτισε
3263 3774 3354 3824 καὶ

1840 3939 1930 3993 il.
1962 3937 2194 4003 Quando
2223 3919 2375 3992 ~vero
2414 3952 2520 3991 non
2553 3946 2765 3994 tantum
2824 3957 2885 3996 ex
2939 3949 3349 4014 comparatione:

1767 4031 2044 4086 dictorum
2088 4030 2447 4084 amentissimi
2484 4030 2750 4096 Nestorii,
2777 4043 2832 4086 et
2866 4038 3037 4089 sancti
3075 4038 3343 4105 pontiﬁcis

1767 4120 1968 4175 Leonis
1999 4129 2230 4174 conatus
2262 4134 2321 4173 es
2357 4129 2602 4173 sanctam
2631 4131 2881 4188 quartum
2915 4128 3181 4193 synodum
3231 4133 3339 4183 cri-

1769 4211 1986 4276 minari,
2014 4210 2267 4280 quamvis
2297 4209 2347 4263 id
2379 4225 2554 4279 neque
2579 4199 2981 4282 probabilibus,
3006 4233 3182 4287 neque
3207 4233 3341 4274 cou-

1765 4303 2116 4359 cludentibus
2172 4303 2480 4357 rationibus
2515 4304 2712 4371 egeris,
2753 4307 2847 4360 sed
2876 4323 2941 4361 ex
2971 4309 3140 4377 ipsius
3175 4311 3338 4366 etiam

1766 4392 1961 4464 synodi
1992 4392 2335 4446 obtruncatis
2400 4406 2465 4445 ac
2507 4391 2715 4446 mutilis
2746 4394 2993 4459 assertis,
3047 4410 3257 4451 necnon
3287 4411 3340 4450 ‹·ι

94 4472 368 4557 Κυρί).λου,
395 4467 488 4530 διὰ
539 4481 640 4549 τῆς
693 4480 1053 4547 παραθέσεως
1081 4483 1179 4555 τὴν
1217 4486 1518 4557 διαφωνίαν
1558 4492 1648 4543 ιν-

1777 4487 1932 4540 ;ancti
2001 4484 2187 4554 Cyrilli
2252 4484 2482 4539 invicem
2550 4486 2880 4552 comparatis
2940 4486 3350 4543 dissensionem'

92 4556 352 4628 δείξασθάι
379 4567 561 4636 βούλει
583 4585 599 4600 ο
629 4570 759 4642 φέρε
788 4570 875 4642 δὴ,
913 4572 1240 4644 καὶεταύτας
1269 4556 1426 4642 αῦθις
1454 4581 1533 4643 είς
1558 4581 1692 4651 μέ-’

94 4670 172 4708 σον
200 4656 403 4724 θέντες,
466 4658 529 4713 ἰδ
579 4659 871 4731 σύμφωνον
913 4661 1014 4734 τῆς
1075 4681 1132 4718 τε
1168 4667 1386 4721 συνόδου
1436 4671 1651 4725 καὶτοῦ

95 4747 234 4816 ἁγίου
265 4750 535 4819 Κυρίλλου
568 4754 881 4823 σαφέστατα
917 4741 1380 4832 παραστήσωμεν.
1423 4761 1572 4832 Ἔχει
1617 4765 1650 4835 ἠ

94 4839 290 4903 σύνοδος
310 4842 453 4895 κατὰ
475 4843 621 4909 λέξιν
651 4838 775 4909 ὦδε,
807 4846 883 4910 ὡς
924 4847 989 4902 σὺ
1033 4849 1355 4914 ἐπέστειλας
1375 4867 1387 4882 ·
1431 4852 1651 4922 Γράφει

92 4929 122 4996 ἠ
162 4933 417 5000 σύνοδος
450 4933 561 5002 τῆς
591 4937 999 5005 Χαλκηδόνος,
1049 4941 1138 4993 ὅτι
1193 4944 1305 4996 οὐκ
1343 4944 1649 5011 ἠλλοίωσε

90 5020 191 5076 τῶν
217 5026 458 5092 φύσεων
493 5028 610 5095 τὴν
629 5027 922 5098 διαφορὰν
940 5019 1036 5086 διὰ
1065 5032 1175 5100 τῆς
1200 5035 1489 5101 ἑνώσεως,
1507 5037 1645 5094 ἀλλ’

71 5099 336 5180 ίέφύλαξε
360 5116 428 5169 τὸ
463 5116 618 5172 ἴδιον
647 5117 756 5187 τῆς
783 5118 1043 5174 ἑκάστου
1067 5099 1323 5190 φύσεως.
1342 5099 1585 5196 Γράφει
1612 5132 1645 5182 ό

89 5201 234 5271 ἅγιος
260 5208 556 5275 Κύριλλος
607 5210 676 5262 ἐν
700 5209 773 5278 τῇ
800 5210 996 5282 πρώτῃ
1044 5213 1337 5285 ἐπιστολῇ
1382 5216 1455 5286 τῇ
1493 5221 1644 5287 πρὸς

93 5295 413 5352 Σούκενσον
437 5315 451 5330 °
485 5300 639 5354 Ἕνα
663 5303 919 5372 λέγομεν
949 5303 1105 5370 Υίὸν,
1148 5305 1229 5372 ὡς
1254 5309 1350 5362 καί
1378 5290 1432 5364 οί
1459 5312 1643 5365 ﬂare-

84 5401 173 5453 ρες
195 5376 692 5474 ἐλᾴλησανψίαν
711 5396 900 5464 φύσιν
912 5397 1015 5452 τοῦ
1034 5399 1183 5453 Θεοῦ
1199 5403 1392 5471 Λόγου
1416 5419 1640 5473 σεσαρ·

90 5480 359 5548 κωμένην.
393 5485 585 5537 Ποίαν
595 5481 717 5540 οὖν
737 5477 1056 5543 κοινωνίαν
1079 5481 1201 5560 ἔχει
1220 5493 1256 5560 ἡ
1276 5491 1382 5561 τῆς
1404 5497 1638 5565 Χαλκη-

90 5563 246 5636 δόνος
293 5573 554 5640 σύνοδος
598 5577 749 5644 μετὰ
789 5577 893 5630 τοῦ
921 5579 1092 5648 ἀτίου
1132 5584 1434 5650 Κυρίλλου
1461 5602 1477 5646 ;
1509 5563 1638 5642 Ὅτι

86 5658 295 5730 ἐκεῖνος
321 5663 435 5733 μὲν
453 5668 602 5735 μίαν
629 5669 820 5735 φύσιν
846 5669 1073 5739 ἐνώσας
1101 5653 1169 5728 ei;
1209 5675 1338 5740 δύο,
1371 5677 1638 5748 uulnere

90 5754 216 5808 κατὰ
241 5755 352 5824 τὴν
406 5758 584 5826 ἁγίαν
639 5760 905 5815 σύνοδον
935 5765 1044 5832 τὴν
1093 5768 1162 5820 ἐν
1204 5767 1465 5836 Ἐφέσῳο
1492 5773 1529 5838 ἠ
1568 5773 1635 5826 δὲ
1687 5798 1705 5809 ι

268 5851 547 5941 ΡΑτιιοι..
597 5853 696 5914 (in
739 5855 862 5916 CV.

1760 4578 2050 4631 ostendere
2081 4576 2387 4640 contendis,
2431 4590 2529 4646 age
2583 4575 2720 4646 ipsis
2770 4577 2824 4629 in
2867 4578 3106 4631 medium
3138 4577 3336 4648 positi.»-

1754 4676 1807 4723 et
1831 4667 2176 4733 examinatis,
2218 4667 2411 4738 synodi
2471 4670 2753 4735 sanctique
2787 4668 2971 4739 Cyrilli
3010 4679 3328 4730 consensio-

1756 4777 1876 4817 nem
1931 4775 2094 4830 quam
2148 4759 2586 4828 compertissime
2658 4762 3099 4830 comprobemus.
3153 4765 3325 4819 Verhn

1753 4854 1870 4923 ipsa
1901 4851 2092 4923 synodi
2129 4860 2296 4917 sunt,
2329 4862 2384 4905 ut
2422 4853 2533 4920 ipse
2581 4851 2788 4921 scripto
2836 4861 2930 4907 tuo
2958 4853 3275 4923 signiﬁcasti
3312 4877 3324 4908 :

1754 4943 1951 4998 Scribit
2005 4943 2441 4996 Chalcedonensis
2504 4941 2738 5010 synodus
2773 4959 2792 4994 :
2851 4943 2971 4997 Non
3028 4947 3325 5000 immutavit

1753 5046 2067 5089 naturarum
2108 5035 2464 5107 ili/ferentium
2499 5051 2591 5103 per
2622 5036 2886 5099 unionem,
2935 5037 3027 5090 sed
3051 5040 3321 5107 praprium

1753 5129 2163 5198 uniuscujusque
2212 5138 2417 5180 natura?
2462 5129 2802 5181 conservavit.
2858 5127 3052 5181 Scribit
3104 5143 3320 5182 sanctus

1749 5221 1982 5291 Cyrillus
2002 5223 2173 5283 prima
2199 5221 2264 5273 ad
2281 5218 2567 5274 Sucensum
2589 5221 2813 5288 epistola
2845 5236 2861 5273 :
2890 5220 3058 5273 Unum
3092 5222 3318 5272 dicimus

1747 5309 1968 5378 Filium,
2020 5312 2456 5381 quemadmodum
2487 5323 2536 5364 et
2573 5310 2762 5365 Patres
2788 5312 2950 5366 locuti
2983 5321 3121 5371 sunt,
3153 5328 3311 5362 unum

1746 5413 1993 5456 naturam
2037 5404 2128 5457 Dei
2169 5403 2320 5456 Verbi
2344 5405 2692 5456 incantatam.
2723 5403 2861 5468 Quid
2893 5407 3064 5468 itaque
3093 5401 3312 5455 Chalce-

1743 5496 1957 5548 donensi
1975 5496 2172 5565 synodo
2190 5509 2307 5546 rum
2322 5504 2503 5547 sancto
2521 5495 2718 5564 Cyrillo
2750 5506 3014 5546 commune
3061 5502 3137 5544 est
3157 5495 3182 5543 .7
3210 5494 3310 5547 Ille

1741 5605 1898 5640 unum
1944 5588 2188 5652 naturam
2215 5588 2398 5640 uniens
2437 5602 2500 5640 ex
2538 5586 2738 5638 duabus
2762 5581 3042 5637 secundum
3069 5595 3309 5636 sanctum

1739 5682 1997 5752 synodum
2033 5679 2352 5750 Ephesium»
2386 5680 2589 5731 locutus
2625 5689 2740 5739 est;
2777 5685 2831 5727 ut
2865 5674 3304 5729 Chalcedonensis

1738 5775 1967 5842 synodus
2004 5788 2068 5826 ex
2091 5773 2295 5826 duabus
2332 5773 2534 5824 naturis
2565 5769 2820 5840 separatis
2856 5769 3299 5834 cnunliaritJlis,

2826 5863 2906 5922 '20
