3934 6316
450 345 555 409 623

1705 331 1998 394 meum
2024 329 2426 418 BYZAN'IleI

3573 331 3688 398 625

451 464 611 509 rectm
657 449 778 506 ﬁdc'i
820 448 1072 505 sensibus
1110 456 1415 514 cmteraque
1467 443 1602 500 recti
1632 444 1842 500 ordinis
1884 457 2014 500 con-

2132 443 2326 516 καιροῦ
2393 417 2495 515 τὴν
2551 442 2879 516 πολύανδρον
2943 443 3154 516 ἐκείνην
3213 444 3694 517 συναθροισθεῐσαν

450 545 757 603 servatione
814 538 1266 595 condecorarunt.
1313 533 1490 591 Tanto
1534 536 1679 591 enim
1725 534 2012 590 Pulelteria

455 630 1012 690 immaculatissimam
1040 627 1324 695 Deiparam
1357 624 1580 679 Mariam
1598 667 1613 691 ,
1641 623 1865 679 Matrem
1891 638 2010 678 eam

450 722 663 778 Domini
695 719 928 773 ﬁdeliter
965 716 1321 785 compellans,
1360 725 1413 770 et
1441 715 1532 770 Dei
1573 714 1915 786 genitricem,
1959 721 2015 768 et

450 814 652 885 ingenti
682 812 784 866 tide
817 823 1100 873 venerans,
1130 808 1279 861 cultu
1308 806 1756 876 prosequebatur,
1783 812 1841 858 ut
1867 813 2016 858 tem-

452 905 633 974 pla,ct
672 899 1016 971 potissimum
1050 897 1102 950 in
1141 896 1324 966 regina
1352 895 1454 950 hac
1489 895 1704 950 urbium
1733 893 1836 949 sub
1869 894 2014 947 illius

451 996 693 1058 nomine,
723 998 892 1063 quam
917 989 1177 1050 maxima,
1219 987 1604 1057 pulcherrima,
1623 986 1882 1056 omnique
1922 1000 2014 1040 or-

454 1097 583 1141 natu
616 1084 933 1154 conspicua,
965 1079 1198 1149 singulis
1220 1078 1545 1147 cognomine
1573 1092 1640 1132 ex
1669 1076 1807 1139 loco,
1829 1077 1881 1130 in
1905 1089 2014 1145 quo

448 1191 725 1236 exstructa
775 1187 926 1243 sunt,
959 1175 1153 1237 indito.
1187 1159 1604 1228 exmdilicaverit
1638 1187 1734 1243 per
1758 1186 1822 1227 ea
1851 1171 1996 1225 inten

449 1280 577 1328 sam‘
602 1271 723 1326 ﬁdei
764 1270 816 1323 in
847 1267 1434 1327 immaculatissimam,
1467 1271 1521 1318 et
1571 1263 1855 1333 Deiparam
1900 1259 1983 1313 Ma

451 1365 588 1418 riam
628 1359 924 1415 voluntatis
960 1357 1368 1412 inclinationem
1399 1368 1512 1409 sua:
1534 1353 1803 1410 omnibus
1829 1362 1987 1405 ostcn

448 1457 602 1510 dens.
654 1454 944 1522 Propterea
999 1442 1243 1518 improbe
1296 1462 1438 1511 cam,
1487 1461 1587 1500 nec
1639 1445 1716 1499 uti
1764 1459 1862 1514 par
1895 1452 2015 1506 est,

451 1544 605 1616 quasi
631 1558 757 1598 cum
804 1540 1053 1597 Nestorio
1095 1538 1337 1603 sentiret,
1371 1535 1681 1599 insimulas,
1717 1533 2013 1588 dummodo

447 1649 499 1692 et
520 1637 635 1707 ipse
664 1633 945 1702 Deiparam
975 1629 1191 1683 Domini
1223 1627 1446 1683 Matrem
1479 1641 1770 1698 agnuscas.

2116 536 2334 590 σύνοδον
2377 534 2617 606 βασιλεῖς
2671 536 2980 608 ὁρίσαντας,
3005 538 3099 590 κα)⁵
3141 537 3382 609 ἐννόμως
3411 539 3591 594 πάντα
3619 542 3695 592 τὰ

2115 627 2172 681 ιν
2217 627 2354 700 αὐτῇ
2410 627 2721 699 πραχθέντα
2772 629 3153 695 κελεύσαντας,
3196 630 3513 701 Μαρκιανόν
3546 648 3693 701 φημι

2116 719 2211 772 καὶ
2238 718 2594 790 Πουλχερίαν,
2626 719 2677 772 οἶ
2714 719 2964 790 μεγάλως
3007 720 3104 792 τὴν
3136 719 3408 790 βασίλειον
3435 721 3691 786 ιξουσίαν

2117 807 2398 880 όρθοδοξίᾳ
2429 811 2568 879 μετά
2597 811 2692 863 καὶ
2725 811 2824 880 τῆς
2857 810 3048 882 λοιπῆς
3071 809 3325 877 εὐταξίας
3352 813 3693 883 ἐκόσμησαν.

2117 898 2383 954 Τοσοῦτον
2425 900 2534 972 γάρ
2589 900 2790 972 περιῆν
2825 901 2886 954 τὸ
2923 901 3082 965 σέϐας
3123 904 3190 974 τῇ
3230 903 3530 976 Πουλχερίᾳ
3556 905 3696 974 προς

2116 986 2214 1060 τὴν
2246 989 2520 1059 πάναγνον
2551 993 2647 1044 καὶ
2691 991 2952 1047 Θεοτόκον
2979 994 3220 1065 Μαρίαν,
3250 999 3464 1067 μητέρα
3503 1013 3564 1050 τε
3595 995 3696 1049 τοῦ

2117 1076 2325 1147 Κυρίου
2380 1079 2587 1150 ταύτην
2630 1080 2834 1144 πιστῶς
2877 1082 3229 1156 ἀποκαλούσῃ
3275 1085 3372 1138 καὶ
3413 1084 3696 1148 Θεοτόκον,

2118 1169 2210 1222 καὶ
2247 1171 2385 1238 μετά
2415 1171 2654 1236 πίστεως
2698 1173 2897 1245 πολλῆς
2938 1175 3144 1246 ταύτην
3178 1175 3467 1250 σεϐομένη,
3499 1175 3576 1240 ὡς
3599 1179 3698 1231 καὶ

2116 1260 2279 1322 ναοὺς
2313 1260 2728 1330 κατ’ἐξαίρετον
2776 1265 2833 1317 ἐν
2887 1266 2952 1334 τῇ
2995 1263 3353 1336 βασιλευούσῃ
3405 1263 3556 1334 πόλει
3603 1268 3696 1319 ἰπ⁹

2119 1346 2344 1416 ὀνόματι
2369 1349 2466 1419 τῆς
2494 1350 2835 1421 Θεομήτορος
2883 1353 3171 1421 μεγίστους
3206 1355 3299 1406 καὶ
3344 1354 3697 1424 περικαλλεῖς

2123 1437 2218 1490 καὶ
2267 1437 2775 1511 κατηγλαῖσμένους
2807 1442 3115 1512 δείμασθαι,
3159 1444 3258 1515 τὴν
3282 1446 3602 1516 ἐπωνυμίαν
3629 1447 3698 1497 ἐκ

2115 1527 2221 1580 τῶν
2255 1529 2436 1584 τόπων
2469 1532 2718 1601 ἕκαστον,
2751 1536 2808 1587 ὲν
2855 1528 2900 1603 ᾧ
2927 1535 3294 1606 ᾠκοδόμηντο,
3342 1537 3600 1604 λαϐόντα,
3625 1538 3698 1591 δι’

2121 1619 2300 1674 αὐτῶν
2330 1622 2391 1674 τὸ
2425 1623 2625 1694 θερμὸν
2658 1626 2757 1695 τῆς
2817 1625 3054 1695 πίστεως
3079 1628 3247 1698 αὐτῆς
3292 1630 3391 1699 τῆς
3427 1631 3562 1701 πρὸς
3593 1629 3700 1699 τὴν
3800 1699 3809 1706 _

446 1728 717 1795 πάναγνον
747 1723 842 1776 κα)⁸
870 1721 1127 1774 Θεοτόκον
1153 1719 1374 1790 Μαρίαν
1402 1720 1566 1772 πᾶσιν
1601 1712 2007 1784 ἐνδεικνυμένη.
2051 1709 2148 1764 Διά
2174 1727 2258 1763 τοι
2289 1712 2465 1778 τοῦτο,
2491 1713 2612 1767 οὐδὲ
2667 1714 2743 1778 ὡς
2789 1715 2858 1770 τά
2903 1716 3194 1788 Νεστορίου
3259 1717 3561 1788 φρονοῦσαν
3617 1717 3706 1771 δεῖ

447 1838 507 1874 σε
538 1819 706 1889 αὐτὴν
740 1815 1038 1887 διασύρειν,
1075 1814 1190 1881 εἴγε
1215 1814 1308 1866 καὶ
1336 1810 1786 1875 αὐτὸςςΘεοτόκον
1819 1805 2098 1879 ὁμολογεῖς
2121 1805 2218 1874 τὴν
2247 1805 2340 1858 τοῦ
2365 1807 2569 1876 Κυρίου
2590 1808 2840 1879 Μητέρα.

521 1913 604 1966 12.
625 1909 758 1964 Illud
773 1922 991 1978 quoque
1018 1904 1071 1960 in
1091 1906 1316 1976 epistola
1336 1914 1438 1959 tuae
1461 1901 1924 1974 magnanimitatis
1943 1900 2016 1952 in-

2120 1915 2140 1930 π·
2203 1895 2289 1967 ιβ’.
2334 1899 2650 1969 Ἐνεφέρετο
2673 1899 2730 1953 δὲ
2764 1899 3036 1953 καὶτοῦτο
3074 1900 3134 1954 ὲν
3178 1898 3256 1971 τῷ
3283 1899 3572 1971 γράμματι
3597 1898 3706 1969 τῆς

446 2003 727 2058 serebatur
758 2017 772 2054 :
800 1987 973 2053 Multa
1019 2014 1287 2069 possemus
1319 1996 1618 2050 testimonia
1646 1995 1708 2049 de
1747 2009 1829 2060 ea,
1857 2007 2015 2063 quam

446 2075 536 2148 nos
553 2093 860 2157 statuimus,
877 2108 984 2145 una
1000 2107 1178 2159 nempe
1195 2090 1389 2144 Christi
1413 2097 1606 2142 natura
1619 2096 1736 2158 post
1750 2087 2008 2140 unionem

443 2183 698 2237 sententia
713 2181 1018 2250 producere,
1037 2195 1127 2231 nec
1153 2180 1293 2232 ab‘ea
1317 2177 1491 2230 aliena
1509 2178 1562 2230 in
1589 2176 1820 2229 medium
1843 2174 2014 2243 affer-

446 2289 539 2329 re:
570 2281 922 2326 verumtamen
951 2285 1065 2323 cum
1088 2269 1143 2321 in
1166 2279 1269 2322 tua:
1303 2267 1604 2321 sanctitatis
1640 2266 1836 2334 scripto
1864 2263 2014 2317 nulla

446 2345 668 2419 inessent
699 2363 992 2416 divinorum
1035 2358 1260 2413 Patrum
1294 2357 1614 2424 testimonia,
1642 2372 1805 2426 neque
1835 2372 1927 2410 nos
1953 2371 2014 2409 ea

447 2455 830 2524 recollegimus.
863 2451 972 2507 Nos
1002 2451 1357 2505 nihilominus
1387 2458 1490 2503 tuae
1520 2448 1704 2519 gloriae
1726 2446 2016 2502 consulen-

447 2559 546 2613 tes,
579 2561 724 2601 nune
755 2544 932 2615 proiis
963 2543 1034 2596 ita
1056 2543 1405 2597 enuntiamus
1429 2559 1442 2594 :
1465 2539 1618 2595 Haud
1647 2539 1799 2594 decet
1826 2547 1898 2602 te,
1932 2546 2018 2592 ut-

444 2651 664 2705 cunque
701 2642 754 2689 et
783 2632 1087 2688 utoecasio
1127 2630 1330 2696 tulerit,
1367 2631 1431 2685 de
1473 2629 1575 2684 ﬁde
1595 2636 1648 2684 et
1671 2628 2016 2697 dogmatibus

449 2724 760 2780 testimonia
786 2721 1007 2776 Patrum
1037 2721 1351 2790 recolligere
1377 2737 1392 2773 :
1426 2719 1506 2773 sic
1540 2719 1685 2774 enim
1719 2728 1773 2772 et
1803 2717 2016 2772 divinos

445 2818 570 2872 illos
597 2816 785 2871 Patres
843 2815 895 2868 in
924 2815 1127 2867 crimen
1161 2812 1429 2876 adduces,
1463 2820 1516 2864 et
1558 2810 1653 2864 tibi
1697 2817 1902 2863 sat-tam
1940 2817 2022 2861 te-

435 2918 588 2960 Mam
609 2905 726 2959 lidei
748 2904 1008 2958 rationem
1030 2917 1138 2955 non
1160 2901 1531 2956 conservabis.
1560 2899 1724 2954 Multa
1749 2888 2019 2968 siquidem

444 2995 701 3051 Patribus
736 2997 850 3050 sive
903 3008 1000 3062 per
1053 2995 1450 3061 metaphoram,
1492 2991 1608 3045 sive
1657 3005 1755 3060 per
1782 2988 2024 3058 aequivo-

444 3089 738 3152 cntionem,
763 3087 877 3140 sive
898 3100 994 3154 per
1015 3083 1448 3146 conversionem,
1488 3082 1602 3138 sive
1625 3083 1732 3136 alio
1759 3081 2020 3151 quopiam

2123 1990 2222 2059 σῆς
2253 1990 2627 2058 μεγαλονοίας,
2676 1992 2760 2044 ὁτι
2813 1992 3056 2056 Πολλὰς
3092 1991 3332 2061 εἴχομεν
3371 1995 3705 2061 μαρτυρίας

2121 2079 2392 2150 περὶτῆς
2419 2081 2556 2150 παρ’
2596 2083 2741 2153 ἡμῖν
2790 2082 3303 2154 δογματιζομένης,
3349 2083 3542 2153 ἤγουν
3587 2082 3705 2152 τῆς

2116 2173 2258 2241 μιᾶς
2285 2174 2523 2241 φύσεως
2553 2175 2665 2229 τοῦ
2694 2174 2954 2243 Χριστοῦ
2986 2176 3138 2244 μετὰ
3164 2175 3278 2244 τὴν
3304 2175 3526 2229 ἕνωσιν
3553 2178 3703 2244 ὁμο-

2119 2265 2329 2333 λογίας
2369 2267 2692 2335 παριστᾷν,
2745 2267 2841 2320 καί
2883 2267 3083 2322 πολλὰ
3129 2259 3235 2322 τοῦ
3275 2266 3498 2336 λέγειν,
3538 2267 3705 2322 ἀλλὰ

2117 2354 2213 2409 διὰ
2246 2358 2308 2410 τὸ
2341 2358 2495 2426 μηδὲ
2526 2360 2597 2413 ἐν
2625 2359 2704 2424 τῷ
2755 2359 3044 2430 γράμματι
3092 2358 3204 2429 τῆς
3255 2359 3377 2428 σῆς
3437 2359 3701 2429 ἁγιωσύο

2115 2465 2229 2514 νης
2259 2447 2375 2503 τῶν
2391 2452 2691 2519 θεοφόρων
2705 2450 2937 2518 ἀνδρῶν
2958 2453 3028 2505 οὐ
3049 2451 3309 2520 περιεῖχε
3337 2452 3698 2520 μαρτυρίας,

2117 2539 2260 2594 οὐδὲ
2317 2540 2490 2609 ἡμεῖς
2537 2542 2972 2613 ἐνεγράψαμεν.
2998 2541 3140 2612 Πλὴν
3173 2540 3264 2595 οὖν
3297 2541 3701 2605 διευθετοῦντες

2116 2631 2213 2702 τὴν
2247 2631 2344 2704 σὴν
2377 2631 2648 2698 εῦκλειαν,
2675 2635 2769 2688 καὶ
2796 2636 2854 2687 ἐν
2880 2633 3090 2696 τούτοις
3108 2633 3274 2688 τανῦν
3302 2633 3556 2702 λέγομεν·
3583 2633 3710 2704 Οιῖιχ¹

2117 2722 2326 2790 ἁπλῶς,
2357 2724 2452 2776 καὶ
2500 2725 2575 2788 ὡς
2606 2724 2783 2794 ἔτυχε,
2834 2725 2916 2778 δεῖ
2959 2741 3018 2778 σε
3071 2725 3379 2796 μαρτυρίας
3425 2725 3695 2794 Πατέρων

2121 2815 2251 2885 περὶ
2285 2815 2518 2880 πίστεως
2548 2816 2644 2870 καὶ
2671 2816 2956 2886 δογμάτων
2991 2816 3375 2885 ἀναλέγεσθαι.
3419 2816 3574 2870 Ἐπεὶ
3601 2817 3699 2868 καὶ

2119 2906 2244 2968 τοὺς
2272 2905 2450 2969 θείους
2472 2908 2724 2977 Πατέρας
2761 2907 3069 2977 ἐγκλήματι
3129 2906 3558 2978 περιγράψειας,
3600 2909 3698 2961 καὶ

2123 2995 2180 3047 σὲ
2212 2997 2370 3071 ἀσινῆ
2399 2998 2478 3060 είς
2504 2998 2729 3068 τὸντῆς
2757 2999 2992 3060 πίστεως
3014 2999 3170 3068 λόγον
3189 2999 3250 3052 οὐ
3279 2998 3693 3070 διατηρήσειας.

2126 3083 2298 3137 [Ιολλά
2326 3084 2432 3154 γὰρ
2461 3088 2574 3149 τοῖς
2597 3087 2843 3158 Πατράσι
2866 3089 3002 3158 πρὸς
3019 3087 3379 3158 κατάχρησιν,
3405 3088 3524 3163 ἦτοι
3547 3088 3693 3142 κατά

441 3181 613 3236 modo
657 3177 936 3234 vorabulis
981 3175 1329 3231 abutentibus
1377 3174 1646 3230 excidisse
1678 3171 2016 3243 comperien-

2129 3175 2461 3246 μεταφορὰν,
2520 3176 2553 3246 ἢ
2601 3177 2939 3247 ὁμωνυμίαν,
2969 3177 3002 3248 ἢ
3037 3176 3421 3248 ἀντιστροφὴν,
3453 3177 3487 3248 ἢ
3519 3177 3697 3241 άλλως

449 3282 556 3326 tur.
587 3269 866 3336 Quiuimo,
895 3275 950 3321 et
975 3266 1171 3321 divina:
1195 3264 1431 3330 Litterae,
1456 3273 1509 3320 et
1535 3279 1670 3319 usus
1693 3264 1767 3319 ita
1794 3263 2020 3318 nomina

447 3369 807 3433 pertractant.
848 3357 914 3412 Et
946 3357 1252 3427 conspicito
1286 3355 1420 3411 mihi
1449 3356 1626 3426 ipsum
1662 3355 1881 3410 beatum
1917 3352 2021 3424 Cy-

372 3497 380 3503 .
447 3453 628 3509 rillum
665 3453 986 3522 hyposta'ses
1033 3456 1372 3503 naturarum.
1410 3455 1464 3501 et
1503 3454 1731 3500 naturas
1761 3444 2019 3516 hyposta-

448 3564 578 3604 seon
609 3547 731 3602 loco
760 3545 1140 3614 accipientem.
1175 3541 1346 3609 Quale
1390 3541 1522 3595 illud
1551 3549 1635 3595 est
1663 3537 1760 3594 ιιςὶ
1792 3539 1908 3608 quis
1935 3539 2020 3591 di-

447 3639 573 3693 vidit
600 3637 924 3706 Impastus”.
948 3620 1296 3702 Rursumque
1329 3633 1581 3686 idetnmet
1608 3631 1742 3685 dicit
1774 3650 1788 3686 :
1826 3629 2014 3683 Incon-

450 3728 584 3796 fnste
625 3732 1028 3795 permanserunt
1075 3729 1306 3785 natum,
1343 3721 1646 3792 hypostases
1682 3734 1881 3789 nempe.
1909 3718 2022 3772 Ma-

450 3831 589 3886 gnus
611 3816 774 3870 etiam
807 3812 1160 3876 Athanasius,
1184 3820 1239 3867 et
1271 3825 1534 3881 personas
1560 3810 1614 3864 in
1644 3808 1862 3865 Christo
1885 3808 2021 3866 duas

448 3921 570 3961 esse
600 3904 892 3965 Contendit,
922 3917 1044 3971 qua:
1091 3902 1195 3957 nisi
1224 3902 1347 3971 quis
1389 3910 1620 3966 asserat,
1662 3900 1805 3955 dicta
1836 3915 1953 3955 esse
1990 3914 2020 3954 a

448 3994 700 4052 Pati-ibus
721 4036 736 4061 ,
774 3996 851 4050 sic
889 3993 1168 4050 vocabulis
1194 3992 1564 4057 abutentibus,
1598 3991 1815 4047 eosdem
1846 3992 2023 4046 Intere-

451 4103 577 4145 seos
604 4098 729 4142 nota
766 4085 1076 4149 inlamabit,
1118 4091 1172 4138 et
1199 4097 1263 4138 ex
1299 4084 1366 4138 iis
1394 4083 1734 4138 orationibus
1775 4081 2022 4137 testimo-

453 4181 542 4237 nia
585 4194 884 4249 congcrens
926 4176 1030 4231 sibi
1089 4175 1189 4244 ipsi
1241 4185 1294 4228 et
1358 4175 1480 4229 aliis
1531 4175 1767 4228 maxima
1823 4173 2024 4227 incom-

452 4275 611 4330 moda
645 4272 1002 4342 comparabit.
1037 4272 1422 4325 Verumtanu-n
1465 4270 1620 4324 dicta:
1649 4269 2020 4335 auctoritates,

371 4359 376 4362 ’
453 4369 499 4423 si
529 4368 616 4421 cui
645 4365 697 4420 id
737 4366 790 4419 in
821 4364 1004 4417 animo
1031 4361 1213 4429 luerit,
1249 4377 1313 4416 es
1354 4362 1550 4415 divinis
1605 4359 1860 4415 Patribus
1898 4361 2024 4415 seli-

397 4467 402 4473 '
453 4458 639 4531 gentia:
687 4465 838 4520 sunt,
883 4470 1005 4511 cum
1049 4454 1126 4509 illi
1175 4455 1239 4509 de
1288 4455 1446 4509 rebus
1479 4455 1800 4520 decernunt,
1847 4453 2023 4508 etde-

454 4551 747 4606 terminant
771 4589 787 4614 ,
843 4547 1227 4619 propriamque
1253 4549 1612 4603 _.setttentiam
1704 4545 1984 4598 declarant
2003 4585 2019 4609 ,

452 4642 613 4712 quale
646 4640 810 4694 fuerit
838 4640 902 4693 de
927 4647 1118 4694 natura
1163 4638 1244 4692 et‘
1275 4638 1552 4707 ltyposlasl
1586 4653 1617 4688 a
1650 4651 1843 4704 magno
1875 4634 2024 4689 Basi-

455 4734 531 4788 lio
562 4735 861 4796 decretum,
894 4731 987 4800 qui
1036 4730 1174 4785 inter
1203 4745 1265 4785 ea
1298 4730 1592 4800 discrimen
1645 4728 1866 4796 apponit
1912 4743 2020 4783 non

457 4823 626 4890 aliud,
665 4838 827 4894 quam
895 4837 1004 4892 quo
1045 4821 1347 4877 universale
1395 4830 1445 4873 et
1478 4794 1756 4887 singulare
1797 4819 1936 4873 inter
1965 4835 2025 4875 se

456 4916 717 4972 diﬂ‘erunt
751 4933 764 4969 :
798 4914 878 4968 vel
911 4931 1019 4985 quo
1046 4914 1176 4984 ipsi,
1219 4915 1342 4967 licet
1379 4914 1431 4963 in
1468 4909 1590 4966 aliis
1617 4910 1866 4980 plurimis
1893 4925 2024 4981 ope-

457 5007 609 5063 ribus
664 5007 982 5071 abutuntur,
1042 5006 1096 5060 iu
1156 5005 1263 5058 alio
1319 5012 1499 5054 tamen
1530 5013 1711 5070 opere,
1745 5002 1874 5072 quid
1924 5003 2023 5072 ipsi

457 5098 717 5164 sentiant,
771 5107 825 5154 et
856 5113 1146 5168 quamnam
1184 5095 1284 5163 ipsi
1334 5096 1401 5146 ob
1436 5107 1654 5149 causam
1684 5095 1839 5150 abusi
1863 5103 2021 5161 sunt,

459 5189 758 5260 eXplanant
785 5205 800 5242 :
830 5190 913 5244 vel
936 5204 1023 5253 ea,
1062 5189 1114 5241 in
1148 5185 1344 5253 quibus
1382 5185 1617 5254 plerique
1644 5187 1865 5245 Patrum
1899 5203 2024 5242 con-

459 5281 708 5346 cordant,
741 5281 822 5336 vel
845 5297 963 5352 qua:
987 5278 1232 5349 Synodali
1256 5277 1471 5331 decreto
1499 5278 1709 5335 lirmata
1741 5290 1886 5343 sunt,
1915 5297 2022 5335 non

456 5383 637 5430 autem
669 5388 752 5440 ea,
788 5389 909 5444 quae
951 5370 1050 5441 ipsi
1094 5369 1238 5422 aliud
1279 5379 1500 5438 agentes
1539 5373 1741 5442 scripto
1781 5371 2021 5427 tradide-

459 5471 608 5525 runt.
666 5461 720 5516 in
769 5461 967 5530 quibus
1015 5457 1214 5525 satpius
1263 5459 1613 5526 exponendis,
1661 5461 1790 5514 dum
1825 5462 2020 5531 aliquis

461 5552 821 5624 negligentiae
857 5567 915 5605 se
946 5549 1102 5617 gerit,
1126 5548 1454 5604 dictionibus
1495 5551 1738 5605 abutitur
1770 5568 1796 5606 a
1826 5554 2020 5610 vestris

461 5644 878 5714 c0gitationibus
915 5643 980 5694 ad
1031 5642 1133 5697 hoc
1171 5643 1345 5714 ipsum
1391 5643 1706 5707 distractus,
1745 5647 1826 5698 vel
1877 5649 2018 5716 quod

461 5731 826 5803 optitudinum
863 5729 1063 5785 nullam
1097 5733 1304 5789 habens
1354 5733 1402 5786 in
1455 5744 1740 5804 promptu,
1784 5737 1864 5804 vel
1893 5754 2014 5794 cum

2048 4504 2100 4564 1)

2123 3283 2241 3329 πως
2267 3265 2414 3320 ιστιν
2444 3267 2623 3339 εύρετν
2648 3266 2928 3335 λέγοντας,
2951 3269 3046 3322 καλ⁸
3066 3268 3127 3322 οὐ
3154 3269 3318 3338 μόνον
3347 3264 3523 3333 τουτὶ,
3558 3267 3697 3323 ἀλλὰ

2122 3359 2216 3413 καὶ
2242 3360 2300 3414 al
2325 3358 2468 3414 θεῖαι
2520 3359 2737 3431 Γραφαλ.
2788 3359 2882 3414 καὶ
2911 3362 2944 3432 ἡ
2979 3360 3236 3431 συνήθεια
3272 3359 3447 3425 οῦτως
3478 3361 3546 3414 τά
3574 3360 3696 3414 ὀνό-

2123 3468 2268 3523 ματα
2321 3453 2782 3523 μεταχειρίζεται.
2827 3451 2936 3507 Καὶ
2987 3451 3086 3506 θέα
3124 3442 3215 3523 μοι
3262 3453 3359 3506 καὶ
3408 3452 3572 3507 αὐτὸν
3600 3451 3697 3505 τὸν

2124 3541 2394 3614 μακάριον
2440 3542 2708 3613 Κύριλλον
2768 3542 2870 3606 τὰς
2917 3543 3244 3607 ὑποπάσας
3275 3543 3396 3598 ἀντὶ
3441 3541 3552 3598 τῶν
3592 3544 3698 3611 φύ-

2123 3649 2285 3700 σεων,
2312 3633 2525 3698 καὶτὰς
2554 3633 2745 3704 φύσεις
2773 3634 2894 3688 ἀντὶ
2957 3633 3069 3688 τῶν
3101 3634 3454 3689 ὁποστάσεων
3483 3635 3691 3706 ἔκλαμ-

2122 3722 2373 3778 ϐάνοντα.
2393 3719 2518 3778 Οἷόν
2542 3740 2703 3794 φημιο
2730 3724 2804 3779 Et
2829 3741 2921 3791 τις
2942 3723 3161 3793 διαιρεῖ
3174 3724 3279 3792 τὰς
3301 3722 3690 3791 ὑποστάσεις.

2121 3817 2231 3872 Καὶ
2262 3817 2423 3869 πάλιν
2448 3817 2475 3868 ὁ
2501 3815 2662 3879 αὐτὸς
2693 3815 2862 3884 λέγει’
2910 3815 3258 3886 Ἀσόγχυεοι
3280 3814 3698 3886 μεμενήκασιν

2121 3909 2179 3960 αι
2195 3908 2429 3977 φύσεις,
2453 3905 2644 3977 ἤγουν
2675 3907 3066 3973 ὑποστάσεις.
3104 3906 3174 3960 '0
3202 3924 3261 3961 τε
3325 3906 3500 3978 μέγας
3533 3906 3695 3960 Ἀθα-

2122 4000 2306 4063 νάσιος
2343 4000 2438 4054 καὶ
2481 4000 2747 4076 πρόσωπα
2778 4000 2869 4053 ἐπὶ
2907 3998 3145 4069 Χριστοῦ
3175 3998 3269 4054 δύο
3309 3995 3450 4053 εἷναι
3479 3998 3691 4069 διισχυ-

2126 4090 2357 4164 ρίζεται,
2386 4091 2538 4161 είμή
2591 4108 2677 4154 τις
2721 4089 2877 4152 τοῦτο
2905 4090 3071 4157 εἴποι,
3118 4090 3198 4145 ὅτι
3243 4089 3696 4162 καταχρηστικῶς

2122 4187 2232 4247 τοῖς
2259 4184 2534 4255 Πατράσιν
2565 4182 2793 4253 ἐρρήθη,
2815 4181 3011 4245 αὐτούς
3036 4199 3094 4236 τε
3129 4180 3348 4246 τούτους
3388 4171 3697 4254 αίρετικοῦς

2122 4277 2446 4346 ἀποφήσειε,
2497 4276 2591 4328 καὶ
2648 4278 2712 4328 ὲκ
2755 4275 2922 4329 τῶνδε
2971 4275 3080 4329 τῶν
3099 4277 3273 4345 λόγων
3297 4274 3695 4346 ἀναλεγόμενος

2123 4370 2368 4439 χρήσεις,
2405 4367 2593 4421 ἑαυτόν
2648 4385 2706 4420 τε
2760 4370 2853 4422 καὶ
2882 4367 3072 4432 ἀλλους
3113 4368 3364 4439 μεγάλως
3414 4367 3692 4438 βλάψειεν.

2131 4456 2294 4512 Ἀλλά
2338 4461 2442 4530 χρὴ
2478 4459 2574 4522 τάς
2611 4459 2864 4523 τοιαύτας
2902 4459 3143 4531 χρήσεις,
3184 4459 3318 4522 είτις
3360 4458 3602 4529 βούλοιτο
3629 4459 3694 4511 ὲκ

2123 4547 2232 4604 τῶν
2259 4551 2417 4604 θείων
2449 4550 2704 4620 Πατέρων
2737 4550 3113 4619 ἀναλέγεσθαι,
3140 4546 3250 4604 οἷον
3275 4549 3694 4621 νομοθετοῦντας

2125 4640 2251 4710 περί
2275 4657 2434 4692 τινων
2458 4640 2820 4710 πραγμάτων,
2849 4640 2942 4693 καὶ
2956 4639 3339 4710 ὁροθετοῦντας
3369 4639 3695 4711 εὑρισκομέ-

2124 4748 2268 4794 νους,
2303 4730 2394 4783 καὶ
2426 4729 2523 4800 τὴν
2550 4729 2757 4783 οἰκείαν
2790 4729 3016 4800 γνώμην
3037 4730 3538 4795 ἀνακαλύπτοντας.
3565 4723 3695 4784 οἷόν
3778 4724 3780 4726 ⁷

2125 4819 2323 4874 ἔστιτὸ
2362 4821 2490 4890 περὶ
2541 4819 2726 4883 οὐσίας
2776 4821 2869 4874 καὶ
2921 4821 3268 4885 ὑποστάσεως
3324 4820 3494 4891 ὄνομα
3539 4820 3698 4890 παρὰ

2125 4911 2382 4964 Βασλείου
2414 4911 2505 4964 τοῦ
2543 4912 2683 4965 πάνυ
2715 4911 2894 4964 λαϐὼν
2936 4911 3228 4983 διάκρισιν,
3260 4912 3462 4983 ταύτην
3499 4912 3698 4982 ἔχοντα

2123 5003 2219 5072 τὴν
2248 5004 2508 5070 διαφορὰν
2561 5004 2695 5071 πρὸς
2728 5001 2950 5072 ἄλληλα,
3005 5001 3072 5073 ἣν
3107 5001 3218 5073 εχει
3247 5003 3308 5056 τὸ
3352 5001 3529 5056 κοινδν
3555 5003 3696 5072 πρὸς

2124 5095 2183 5146 τὸ
2236 5094 2592 5156 καοὲκαστον,
2624 5093 2656 5163 ἢ
2717 5093 2808 5146 καὶ
2840 5094 3039 5157 αὐτοὺς
3079 5091 3602 5164 καταχρησαμένους
3634 5094 3696 5146 ὲν

2125 5187 2302 5250 ἄλλοις
2371 5188 2452 5240 ὅτι
2509 5187 2780 5251 πλείστοις
2831 5187 3012 5240 αὐτῶν
3059 5187 3450 5258 συγγράμμασι
3505 5185 3696 5239 διασα-

2125 5279 2359 5348 φοῦντας
2413 5278 2639 5349 κυρίως,
2696 5280 2830 5350 ὅπερ
2885 5279 3148 5349 ἀλλαχόσε
3196 5275 3690 5349 κατεχρήσαντο,ἢ

2125 5375 2220 5427 καὶ
2249 5373 2306 5424 ὲν
2330 5367 2409 5436 οἷς
2443 5375 2721 5443 σύμφωνοι
2759 5375 2806 5426 οί
2851 5373 3089 5427 πλεῖστοι
3113 5371 3221 5426 τῶν
3254 5371 3512 5441 Πατέρων
3532 5372 3698 5438 γεγό-

2125 5464 2350 5535 νασιν,ἢ
2379 5465 2470 5516 καὶ
2502 5464 2786 5526 συνοδικῶς
2811 5464 3083 5536 ἐκυρώθη,
3110 5446 3244 5517 ἀλλά
3265 5463 3340 5534 μὴ
3365 5461 3443 5532 τῷ
3463 5451 3692 5531 tacetis.

2121 5556 2284 5626 λόγῳ,
2347 5550 2391 5624 ᾧ
2452 5555 2710 5619 πολλάκις
2739 5558 2805 5613 ἀν
2832 5573 2912 5619 τις
2946 5557 3085 5610 κατά
3137 5555 3234 5627 τὴν
3269 5554 3562 5624 ἑρμηνείαν
3597 5554 3694 5605 καὶ

2121 5650 2482 5720 ἀμελέστερον
2506 5649 2844 5719 διακείμενος
2897 5651 3294 5721 καταχρήσοιτο
3329 5646 3557 5714 λέξεσιν,
3585 5645 3695 5697 ὑπὸ

2121 5741 2400 5813 ὑμετέρων
2437 5740 2722 5814 νοημάτων
2751 5742 2884 5815 πρὸς
2913 5742 3068 5799 τοῦτο
3116 5740 3397 5823 ἀγόμενος,
3429 5737 3463 5809 ἢ
3493 5735 3584 5790 καὶ
3611 5737 3695 5808 μὴ
