3934 6316
1052 335 1491 400 ΒΕΡΗΤΑΤῘΟ
1527 327 1909 401 EPISTOLE
1955 337 2188 400 REGIS
2227 337 2621 399 ARMENL’E.

3346 340 3450 402 626

203 448 499 519 πρόχειρον
529 445 670 516 ἔχων
713 444 813 517 τὴν
848 444 1282 518 ἐπιτηδειότητα,
1327 447 1361 518 ἢ
1399 447 1494 504 καί
1528 465 1638 502 τισι
1669 449 1806 505 τῶν

1896 448 2000 503 diis
2028 447 2296 517 opposita,
2324 447 2680 502 sentientibus
2716 447 3021 511 decertans,
3056 447 3192 502 alias
3224 448 3480 518 quoque.

201 537 523 604 ἑτεροδόξων
541 536 1078 604 άντικαθιστάμενος,
1094 538 1186 592 καὶ
1209 539 1328 594 κατ’
1343 539 1508 606 ἄλλας
1524 540 1581 594 δὲ
1601 559 1673 594 πα
1679 559 1779 613 ρα-

202 628 399 696 φάσεις
449 631 545 699 τῆς
586 628 702 680 τῶν
743 629 1020 699 ὀνομάτων
1065 630 1350 700 ἀκριὸείας
1383 630 1458 703 μὴ
1483 632 1778 702 φροντίσαι,

204 719 384 774 οὐδεῐ
429 723 495 774 ὲκ
553 721 809 774 τοιούτων
861 723 1086 793 χρήσεις
1137 724 1515 792 ἀναλέγεσθαι,
1556 724 1670 779 ἀλλ’
1707 726 1782 788 ὡς

204 809 406 863 ἀνόπιν
433 809 661 881 ἔφαμεν.
680 809 850 864 Τοῦτο
876 811 933 866 δὲ
959 813 1052 867 καὶ
1078 813 1142 866 σὺ
1169 814 1356 882 ποιῶν,
1387 815 1485 869 οὐκ
1503 814 1569 870 ἂν
1601 816 1782 885 εὕροις

202 903 556 975 παραστῆσαι
574 904 796 974 χρήσεις
814 905 1148 969 συνιστώσας
1168 906 1228 959 τὸ
1257 908 1384 978 napi
1415 909 1543 978 μιᾶς
1567 908 1781 978 φύσεως

201 994 302 1047 τοῦ
333 993 568 1058 Χριστοῦ
599 993 749 1064 παρά
791 995 887 1048 σοῦ
916 995 1392 1067 δογματιζόμενον.

284 1081 371 1150 ιγ’.
396 1082 756 1152 Παρακατιὼν
777 1083 833 1138 δὲ
855 1085 912 1137 ὲν
929 1084 1006 1154 τῷ
1030 1086 1319 1156 γράμματι
1353 1103 1470 1155 σου,
1497 1087 1595 1142 καὶ
1615 1089 1779 1143 οἱονεὶ

202 1171 512 1240 ἀχθόμενος
546 1173 680 1244 πρὸς
714 1174 882 1243 ἡμᾶς,
913 1172 1050 1227 διότι
1079 1173 1458 1246 γεγράφαμεν,
1494 1176 1578 1232 δτι
1604 1179 1652 1232 oi
1690 1179 1778 1232 λέ-

202 1276 400 1328 γοντες
436 1259 563 1330 μίαν
593 1259 756 1330 φύσιν
807 1262 888 1326 είς
934 1263 1169 1331 Χριστὸν
1197 1263 1774 1334 Εὐτυχιανισταί-είσι,

202 1351 308 1405 καὶ
339 1351 417 1421 τῷ
448 1352 593 1420 αὐτῷ
620 1351 919 1424 ἀναθέματι
950 1355 1304 1424 καὶ.κρίματι
1339 1357 1776 1411 καθυποσάλλον-

1883 539 1955 594 ob
1980 553 2174 594 causas
2204 539 2485 591 nominum
2527 547 2837 593 accuratam
2867 538 3319 610 significationem
3353 555 3453 593 ne-

1883 631 2070 702 glexit.
2128 631 2213 686 Ex
2271 630 2539 685 similibus
2590 631 2907 688 testimonia
2951 633 3292 702 congerenda
3343 648 3452 686 non

1883 732 2030 786 sunt,
2064 721 2182 785 sed,
2214 731 2272 775 ut
2304 737 2474 791 supra
2500 722 2758 777 diximus.
2787 723 2842 776 Id
2874 734 2926 778 tu
2945 739 3164 793 quoque
3196 723 3284 779 ubi
3315 722 3454 777 fece-

1881 812 1980 875 ris,
2018 812 2161 866 nulla
2197 813 2502 893 comperies
2549 814 2856 868 testimonia
2883 816 3138 879 Patrum,
3174 831 3295 885 qua:
3325 830 3453 869 seu-

1882 905 2103 959 tentiam
2137 913 2282 959 tuam
2327 904 2395 960 de
2443 919 2548 958 una
2598 906 2804 960 Christi
2837 917 3029 983 natura
3063 907 3444 979 comprobent.

1951 1083 2037 1138 1-5.
2069 1081 2140 1138 ln-
2170 1083 2397 1153 epistola
2450 1099 2584 1138 vero
2627 1093 2719 1138 tua
2774 1101 3125 1156 progressus,
3158 1089 3328 1141 veluti
3370 1088 3453 1141 in-

1880 1172 2134 1243 dignatus
2179 1173 2516 1244 molesteque
2574 1174 2776 1236 ferens,
2813 1175 2965 1245 quod
3012 1192 3112 1232 nos
3164 1177 3453 1246 scripserio

1880 1259 2024 1330 inus,
2054 1271 2359 1320 asserentes
2417 1278 2580 1319 unam
2631 1265 2682 1318 in
2717 1266 2936 1322 Christo
2985 1276 3237 1322 naturam
3291 1268 3458 1337 Euty-

1879 1353 2106 1408 ehianos
2127 1369 2267 1414 esse,
2292 1354 2593 1424 eodemque
2619 1356 2961 1411 anathemate
3001 1373 3065 1412 ac
3081 1359 3288 1428 judicio
3315 1361 3449 1413 sub-

200 1459 322 1509 ται,
351 1441 529 1496 τοιάδε
572 1445 834 1513 γράφεις·
883 1444 994 1496 Καὶ
1033 1444 1309 1514 λέγομεν,
1345 1445 1628 1514 δέσποτα,
1668 1451 1778 1503 οὐκ

1903 1444 1991 1509 ici,
2050 1445 2160 1498 haec
2181 1445 2378 1500 scribis
2427 1464 2439 1498 :
2478 1446 2542 1499 Et
2603 1447 2848 1513 dicimus,
2896 1447 3125 1515 domine,
3169 1451 3220 1502 in
3275 1451 3368 1503 hoc
3409 1461 3456 1502 te

204 1533 578 1600 ἐποιήσω-ἑν
603 1537 792 1602 τούτῳ
828 1534 1057 1590 εὐθεῖαν
1089 1537 1314 1605 κρίσιν,
1353 1537 1434 1590 διὸ
1464 1539 1554 1592 καὶ
1585 1541 1780 1610 πειρᾶ-

208 1639 319 1677 σαι
338 1621 435 1676 τοῦ
468 1621 741 1694 Εὐτυχοῦς
769 1623 865 1695 τὴν
889 1624 1044 1689 δόξαν
1080 1625 1408 1689 ὲκτίθεσθαί,
1455 1627 1778 1700 διασαφηνί-

204 1711 327 1776 ζειν
358 1728 441 1778 τε,
463 1712 546 1766 ὃτι
591 1713 852 1784 ἀνάχυσιν
879 1715 974 1768 καὶ
1000 1715 1301 1784 ἀνάκρασιν
1332 1714 1543 1781 δοξάζει
1570 1718 1665 1770 ἐπὶ
1682 1719 1778 1787 τῆς

1881 1553 1988 1589 non
2052 1545 2187 1590 recte
2235 1537 2501 1605 judicium
2571 1538 2798 1603 tulisse;
2848 1540 3077 1610 ideoque
3138 1541 3460 1611 Eutychetis

1879 1626 2189 1697 opinionem
2239 1627 2512 1697 exponere
2598 1630 2836 1693 conaris,
2896 1630 3283 1700 declararcqne
3331 1645 3455 1684 cum

1882 1717 2266 1772 confusionem
2300 1721 2893 1789 commutationemque
2935 1721 2991 1773 in
3020 1721 3324 1774 meonemia
3359 1736 3460 1789 po-

203 1803 547 1875 οίκονομίας,
585 1804 682 1860 καὶ
712 1806 777 1858 ἐκ
819 1805 930 1859 τῶν
966 1805 1138 1874 ἁγίων
1181 1806 1275 1859 καὶ
1307 1807 1594 1876 ἀχράντων
1624 1808 1785 1877 αἱμά-

1896 1821 2039 1871 nere,
2072 1806 2312 1876 nihilque
2342 1824 2406 1861 ex
2453 1808 2815 1863 immaculatis
2880 1809 3197 1878 sanctisque
3234 1810 3459 1877 sangui-

201 1911 318 1948 των
355 1894 520 1964 μηδὲν
548 1895 638 1949 τὸν
663 1894 794 1949 Θεὸν
822 1894 994 1965 Λόγον
1021 1895 1424 1966 προσλαϐέσθαι
1453 1898 1622 1967 λέγει,
1657 1899 1784 1953 lau-

201 1987 302 2039 τὸν
325 1987 385 2039 δι
417 1987 765 2059 παραστῆσαι
789 1987 866 2058 μὴ
889 1982 1030 2043 εἶναι
1059 1991 1406 2060 συγχυτικὺν,
1431 1993 1525 2044 καὶ
1552 1991 1784 2062 ἑτέρωσε

201 2075 501 2142 δοξάζοντα
554 2077 688 2148 μίαν
731 2077 894 2148 φύσιν
943 2081 1034 2133 ἐπὶ
1076 2079 1334 2150 Χριστοῦ,
1364 2080 1432 2134 δι’
1454 2081 1585 2136 αὐτὸ
1605 2080 1782 2148 τοῦτο,

205 2167 350 2239 μηδι
371 2167 448 2238 τῷ
470 2167 619 2238 αὐτῷ
645 2168 945 2239 ἀναθέματι
1005 2169 1232 2234 δικαὲως
1257 2169 1782 2228 καθυποδάλλεσθαι.

217 2257 369 2311 an!
423 2260 472 2312 εί
513 2258 612 2328 μὲν
641 2261 670 2313 ό
713 2258 869 2326 λόγος
898 2261 928 2314 ό
957 2260 1048 2325 σδς
1091 2249 1160 2315 τδ⁸
1182 2261 1439 2332 διάφορον
1477 2262 1574 2333 τῆς
1605 2263 1783 2332 δόξης,

203 2351 356 2419 φημὶ
380 2349 445 2420 δὴ
471 2349 564 2404 τοῦ
587 2350 858 2421 Εὑτυχοῦς
883 2352 976 2405 καὶ
999 2350 1098 2422 τῆς
1127 2353 1224 2422 σῆς
1248 2352 1563 2424 ὁμολογίας,
1594 2353 1785 2424 βούλε-

203 2458 301 2498 ται
333 2444 628 2514 παριστᾷν,
651 2443 727 2508 ὡς
756 2443 1006 2498 ἐντεῦθεν
1034 2444 1171 2515 μηδὲ
1197 2445 1277 2515 τῷ
1303 2445 1455 2516 αὐτῷ
1484 2446 1786 2516 ἀναθέματι

207 2533 644 2602 συναπάγεσθαι,
667 2537 697 2589 ό
718 2534 851 2603 γοῦν
883 2535 1150 2607 ἡμέτερος
1177 2536 1332 2605 λόγος
1344 2537 1440 2607 τῆς
1461 2538 1786 2604 ἀποδείξεως

204 2621 362 2677 οὕτω
390 2624 621 2693 λέγοντά
650 2642 710 2678 σε
764 2627 894 2696 μίαν
944 2627 1106 2696 φύσιν
1134 2629 1228 2683 ἐπὶ
1251 2630 1350 2700 τῆς
1377 2629 1622 2694 ένὼσεως
1648 2633 1786 2703 Χρι-

208 2715 369 2782 στοῦ,
419 2717 524 2770 κάν
555 2716 630 2788 μὴ
681 2718 745 2771 ὲκ
797 2717 1019 2788 πρώτης
1074 2719 1247 2783 οὕτως
1287 2719 1784 2792 εὔροιδοξάζοντα,

207 2807 334 2861 ἀλλ’
382 2808 441 2873 ἑξ
509 2803 585 2862 ὧν
640 2807 844 2884 λέγεις,
892 2794 1188 2875 ἑξάπαντος
1228 2813 1308 2875 είς
1336 2813 1428 2865 τδν
1463 2814 1560 2882 τῆς
1589 2814 1787 2884 ἀναχύ-

206 2915 358 2962 αεως
381 2899 583 2969 τρόπον
608 2900 878 2970 περιάξει,
920 2903 1014 2954 καὶ
1038 2901 1198 2956 τοῦτό
1234 2919 1314 2957 σοι
1335 2903 1490 2974 δῆλον
1515 2905 1783 2960 ἐντεῦθεν.

209 2987 382 3056 τρεῖς
434 2989 615 3044 τοίνυν
654 2992 710 3043 αἱ
760 2991 1022 3046 ἀνωτάτω
1056 2992 1203 3057 δόξαι
1249 2995 1380 3065 περὶ
1419 2995 1516 3065 τῆς
1542 2995 1786 3061 ἐνώσεως

209 3075 325 3130 ⁶τῶν
356 3078 419 3131 ὲν
445 3077 669 3148 Χριστῷ
718 3079 934 3149 φύσεων
978 3082 1412 3153 κατεϐλήθησαν,
1463 3085 1786 3158 διαιρετικὴ,

1893 1897 2056 1951 nibus
2107 1896 2275 1950 Deum
2325 1897 2556 1952 Verbum
2603 1899 2986 1968 assumpsisse,
3019 1909 3069 1954 te
3099 1899 3275 1969 ipsum
3313 1914 3459 1953 vero-

1889 1990 2123 2059 probare
2191 2003 2298 2043 non
2347 1989 2690 2043 introducere
2734 1988 3135 2054 confusionem,
3177 1999 3230 2044 et
3281 1989 3407 2043 alibi
3436 2023 3462 2048 ,

1894 2094 2055 2134 unam
2082 2087 2328 2156 naturam
2353 2079 2705 2133 afﬁrmantem
2735 2080 2787 2132 in
2814 2079 3053 2144 Christo,
3073 2094 3184 2134 non
3205 2091 3458 2149 propter-o

1891 2182 1954 2222 ea
1993 2168 2324 2224 anathemati
2365 2169 2556 2223 merito
2603 2168 2819 2237 subjici.
2880 2167 3099 2224 Etlicet
3128 2183 3306 2223 sermo
3335 2176 3464 2221 tuus

1892 2260 2168 2331 Opinionis
2208 2260 2558 2332 Eutychiame
2610 2261 3225 2330 tuaeque-confessionis
3265 2260 3463 2314 discri-

1895 2368 2015 2406 men
2073 2352 2343 2408 extricare
2391 2352 2630 2418 nitatur,
2685 2360 2745 2406 ut
2815 2352 2940 2408 inde
2994 2353 3062 2406 ab
3115 2354 3468 2406 anathemate

1894 2452 2101 2498 contra
2125 2443 2422 2514 Eutychem
2469 2443 2580 2497 lato
2613 2443 2882 2498 immunis
2917 2457 3055 2498 esse,
3076 2442 3332 2506 videaris,
3361 2459 3464 2497 no-

1893 2547 2020 2590 εει-ιε
2055 2547 2238 2590 tamen
2265 2535 2752 2590 demonstrationis
2781 2535 2923 2590 ratio
2949 2542 2999 2590 te
3018 2550 3179 2589 unam
3206 2543 3460 2589 naturam

1892 2627 1946 2681 in
1971 2627 2169 2680 unione
2193 2624 2403 2680 Christi.
2421 2637 2774 2691 asscrentem,
2789 2628 2888 2681 etsi
2914 2626 3030 2695 ipso
3047 2627 3224 2695 primo
3242 2636 3466 2694 aspectu

1893 2726 1946 2773 te
1972 2718 2045 2771 ita
2074 2717 2322 2772 conﬁteri
2373 2734 2479 2772 non
2513 2719 2865 2786 compererit,
2897 2717 3121 2770 omnino
3162 2717 3214 2770 in
3262 2716 3458 2771 confu-

1893 2810 2064 2865 sionis
2090 2809 2311 2864 modum
2329 2809 2606 2864 adducet:
2633 2809 2776 2878 quod
2810 2809 2905 2862 tibi
2934 2809 3080 2863 hisce
3100 2807 3456 2862 manifestum

1893 2899 2075 2954 fuerit.
2128 2899 2259 2955 Tres
2301 2915 2431 2970 ergo
2487 2915 2751 2969 supremae
2799 2901 3089 2970 opiniones
3144 2901 3212 2954 de
3265 2901 3466 2957 unione

1895 2999 2212 3045 naturarum
2243 2990 2549 3046 in-Christo
2580 2999 2855 3060 concepta:
2885 3000 3033 3050 sunt.
3063 2991 3314 3055 divisiva,
3334 3005 3465 3044 con-

1896 3081 2098 3148 fusiva,
2143 3094 2198 3138 et
2238 3099 2357 3152 qua:
2387 3084 2599 3153 proprie
2629 3084 2932 3153 appellatur
2954 3083 3160 3136 unitiva
3191 3098 3202 3133 :
3229 3098 3463 3152 quarum

213 3167 542 3237 συγχυτικὴ.
584 3169 678 3222 καὶ
698 3172 739 3239 ⁸ἡ
786 3171 990 3240 κυρίως
1010 3173 1242 3243 ἑνωτικὴ
1274 3173 1561 3244 λεγομένη.
1596 3177 1662 3228 Δί
1688 3177 1785 3246 μὲν

1896 3173 2009 3227 duae
2063 3173 2140 3227 ab,
2187 3174 2453 3228 hmreticis
2513 3175 2671 3244 quasi
2720 3174 2830 3242 joci
2915 3174 3129 3227 ridiculi
3175 3173 3466 3227 divendita:

216 3252 318 3309 οὖν
360 3257 457 3309 δύο
485 3260 674 3311 παισὶν
716 3261 1007 3332 αίρετικῶν
1055 3263 1411 3333 ὲπαίχθησαν,
1471 3267 1565 3320 καὶ
1606 3267 1795 3331 παιζέ-

217 3347 462 3403 σθωσαν.
495 3349 693 3414 Καλῶς
725 3351 834 3421 γὰρ
869 3353 1157 3422 προλαϐὼν
1182 3355 1380 3418 αὐτοὺς
1411 3357 1610 3420 όθεῖος
1643 3359 1794 3430 Γρη-

213 3440 405 3510 γόριος
448 3442 846 3511 ὲστηλίτευσεν.
872 3444 948 3497 Ἥ
979 3462 1037 3498 τε
1083 3445 1191 3516 γὰρ
1223 3447 1525 3518 διαιρετικὴ
1573 3450 1797 3520 σχετική

213 3546 305 3594 τις
326 3526 484 3596 οὖσα,
501 3532 596 3585 καὶ
621 3531 756 3602 μηδὲ
778 3532 880 3602 τὴν
903 3533 1075 3605 ἀρχὴν
1096 3536 1189 3599 τάς
1211 3535 1796 3605 φύσειςσυνάπτουσα,

217 3620 609 3689 κεχωρισμένα
634 3621 767 3691 πρὸς
798 3621 999 3692 ἄλληλα
1029 3624 1358 3678 καταλείπει·
1381 3626 1449 3679 τά
1476 3628 1798 3696 πράγματα.

219 3711 358 3782 μηδὲ
381 3712 480 3764 ὅσα
509 3711 614 3765 ίδια
641 3713 853 3777 τούτοις
874 3714 1108 3779 διδοῦσα,
1143 3717 1175 3788 ἢ
1201 3717 1557 3772 ἀναδιδοῦσα.
1590 3719 1676 3781 Ὦς
1706 3722 1795 3772 έν-

213 3801 522 3875 τεῦθενίδύο
538 3803 726 3873 φύσεις
752 3806 926 3876 πάντη
950 3808 1222 3878 χωριστὰς
1245 3807 1488 3880 ἀλλήλων
1501 3809 1800 3879 ὁρίζεσθαι,

222 3895 369 3963 πλὴν
392 3895 516 3946 ὅσον
551 3893 699 3964 ἀξίᾳ,
724 3897 817 3949 καὶ
839 3896 1056 3968 γνώμῃ,
1081 3900 1176 3951 καὶ
1202 3899 1558 3970 ταυτοϐουλίᾳ
1580 3900 1671 3953 τὸν
1695 3901 1801 3954 τῶν

219 3986 446 4052 φύσεων
469 3987 746 4057 χωρισμὸν
771 3989 1050 4055 φενακίζει
1075 3989 1198 4050 τοὺς
1216 3989 1476 4060 ἄφρονας.
1502 3991 1735 4061 Τοιαύτη
1766 3993 1799 4062 ἠ

215 4074 320 4128 τοῦ
340 4075 740 4146 ματαιόφρονος
756 4077 1049 4145 Νεστορίου
1067 4077 1215 4143 δόξα,
1237 4080 1267 4148 ὴ
1291 4079 1344 4132 δὲ
1364 4081 1500 4132 κατὰ
1514 4080 1802 4149 διάμετρον

223 4165 438 4236 ταύτης
474 4169 573 4221 καὶ»
598 4168 897 4238 συγχυτικὴ
930 4170 1154 4222 πλεῖστα
1177 4171 1528 4239 ἀφανίζουσα,
1552 4173 1646 4226 καὶ
1672 4191 1802 4242 συγ-

218 4256 448 4329 χέουσα,
467 4258 526 4311 ἓν
546 4276 598 4310 τι
614 4260 844 4328 πρᾶγμα
871 4260 1021 4312 νόθον
1039 4261 1366 4314 ἀναπλάττει
1398 4277 1461 4323 τε,
1482 4264 1574 4315 καὶ
1596 4264 1799 4332 φαντά-

219 4347 406 4412 ζεται,
429 4348 486 4401 ὲν
508 4348 615 4401 οὐδ’
631 4351 876 4420 ὁποτέρῳ
896 4350 1002 4403 τῶν
1022 4353 1310 4420 ἡνωμένων
1324 4353 1582 4423 καθαρῶς
1598 4355 1656 4407 τὸ
1669 4355 1800 4408 τδιον

1900 3272 2030 3317 sunt
2058 3273 2111 3317 et
2140 3262 2528 3317 divenduntur.
2577 3262 2752 3316 Probe
2784 3262 2929 3316 enim
2957 3277 3052 3317 eos
3083 3276 3468 3331 praeoccupans

1900 3354 2118 3408 divinus
2179 3354 2470 3424 Gregorius
2528 3354 2807 3407 infamavit
2854 3371 2867 3406 :
2905 3369 3141 3421 namque
3188 3354 3465 3414 divisiva..,

1900 3458 2024 3498 cum
2067 3445 2288 3499 relativa
2330 3445 2432 3509 sit,
2481 3455 2532 3498 et
2582 3460 2754 3512 neque
2801 3444 2855 3498 in
2900 3444 3016 3514 ipso
3048 3444 3204 3497 initio
3241 3455 3467 3500 naturas

1901 3535 2220 3604 conjungat,
2256 3545 2534 3604 separatas
2583 3535 2721 3588 inter
2765 3550 2822 3589 se
2854 3549 2940 3588 res
2985 3535 3266 3602 relinquit,
3290 3551 3466 3603 neque

1901 3624 2011 3678 illis
2072 3626 2422 3689 communia,
2474 3640 2649 3694 neque
2709 3625 3002 3694 peculiaria
3061 3615 3317 3690 exhibet,
3373 3634 3468 3678 aut

1902 3713 2098 3776 reddit,
2129 3721 2187 3766 ut
2224 3714 2346 3768 inde
2369 3714 2487 3768 duae
2519 3725 2722 3768 natura:
2759 3715 2982 3767 omnino
3041 3729 3070 3767 a
3119 3713 3316 3782 seipsis
3356 3704 3468 3768 dis-

1901 3806 2111 3875 pertita:
2166 3807 2588 3868 constituantur,
2613 3815 2668 3860 et
2718 3806 2833 3859 ίιιιξο
2877 3806 3252 3860 tantummodo
3290 3806 3468 3873 digni.-

1903 3907 2034 3960 tate,
2067 3911 2121 3951 et
2154 3898 2443 3966 opinione,
2476 3908 2530 3952 et
2581 3899 2812 3953 consilio
2841 3907 3066 3951 naturas
3106 3897 3350 3950 dividens
3381 3897 3466 3950 fu~

1901 4005 2024 4043 curn
2075 3974 2457 4058 insipientibus
2501 3990 2648 4054 facit,
2719 4001 2911 4058 estque
2967 3973 3154 4043 stolidi
3211 3987 3465 4043 Nestorii.

1903 4079 2036 4145 Quae
2058 4094 2187 4132 vero
2225 4080 2300 4133 illi
2327 4096 2388 4134 ex
2412 4081 2677 4134 diametro
2704 4081 3012 4147 opponitur,
3033 4080 3184 4147 plura
3205 4080 3468 4134 dirimens

1900 4179 1954 4225 et
1981 4168 2623 4238 confundens-,spurium
2673 4171 2858 4225 nescio
2906 4169 3035 4238 quid
3080 4170 3181 4224 sibi
3218 4169 3390 4239 fingit,
3414 4180 3470 4224 et

1902 4263 2289 4333 imaginatione
2343 4264 2758 4332 complectitur,
2824 4263 2876 4316 in
2938 4271 3127 4315 neutra
3186 4256 3465 4316 unitorum

1901 4366 2054 4425 parte
2090 4371 2220 4423 pure
2248 4356 2524 4424 proprium
2555 4369 2911 4418 conservans,
2941 4355 3032 4409 sed
3063 4355 3165 4408 hoc
3197 4353 3328 4422 illud
3361 4363 3465 4415 est,

218 4437 608 4502 ἁποσὼζουσα,
644 4438 779 4491 ἀλλά
827 4439 984 4493 τοῦτο
1037 4441 1231 4502 ἐκεῖνο,
1263 4443 1480 4494 κάκεῖνο
1501 4443 1675 4505 τοῦτο,
1708 4443 1800 4496 καὶ

1904 4456 1958 4500 et
1984 4447 2113 4500 illud
2146 4446 2249 4499 hoc
2279 4463 2291 4498 :
2324 4446 2553 4514 ideoque
2581 4460 2756 4513 neque
2800 4446 2920 4507 hoc,
2958 4460 3130 4512 neque
3167 4443 3293 4496 illud
3330 4460 3466 4515 eon-

217 4528 316 4582 διὰ
333 4528 498 4582 τοῦτο
521 4529 642 4582 οὐδὲ
674 4529 850 4594 τοῦτο,
876 4531 992 4583 οὐδὲ
1021 4533 1194 4585 έκεῖνο
1218 4532 1596 4603 συγχωροῦσα.
1624 4535 1796 4588 ΝόΟον

221 4622 340 4690 γάρ
369 4621 517 4673 ἆπαν
559 4621 619 4673 τὸ
663 4622 726 4673 ὲκ
763 4621 862 4689 τῆς
903 4620 1216 4690 συγχύσεως
1242 4623 1614 4691 ἀναφαίνεται,
1647 4625 1796 4676 οὐδὲν

221 4714 355 4783 ἔχον
389 4713 656 4783 καθαρὸν,
690 4714 813 4766 οὐδὲ
847 4715 904 4764 ὲν
931 4716 997 4784 τῇ
1031 4714 1239 4784 μονίμῳ
1295 4715 1574 4784 ἱδρυμένον
1606 4717 1797 4769 ἑαυτοῦ

225 4805 485 4873 ἰδιότητι.
518 4805 581 4856 Ἢ
606 4805 660 4856 δὲ
689 4804 891 4857 τούτων
925 4806 1064 4873 μέση
1097 4805 1399 4874 ἀσύγχυτός
1425 4822 1482 4857 τε
1511 4807 1601 4856 καὶ
1631 4806 1800 4857 ἀδιαί-

223 4911 396 4968 ρετος
413 4894 608 4957 ἓνωσις
640 4888 748 4946 οἶδε
783 4894 882 4964 μὲν
905 4895 973 4946 τὰ
995 4893 1262 4963 ὁραθέντα
1287 4894 1587 4957 ἀνελλιπῶς
1613 4894 1800 4963 ἔχοντα

224 4986 377 5042 κατά
406 4987 506 5056 τὴν
559 4985 737 5040 αὐτῶν
790 4987 1026 5057 ἰδιότητα
1057 4987 1146 5039 διὰ
1188 4987 1252 5040 τὺ
1284 4986 1575 5057 ἄτρεπτον,
1608 4987 1800 5048 κοινῶς

224 5080 298 5134 δὲ.
338 5079 514 5132 ταῦτα
571 5079 664 5131 καὶ
693 5079 810 5142 ἐνὸς
832 5076 970 5133 εἷναι
1007 5081 1150 5133 ποιεῖ
1176 5079 1242 5133 δι’
1281 5080 1454 5149 αὑτήν
1494 5095 1558 5146 γε
1586 5079 1685 5148 τὴν
1714 5080 1801 5131 οὐ·

227 5172 405 5241 σιώδη
435 5171 660 5236 ἕνωσιν,
677 5171 750 5234 ὡς
773 5172 821 5224 εἰ
856 5174 951 5225 καὶ
979 5172 1048 5226 τά
1074 5174 1170 5241 μὲν
1200 5172 1402 5242 κυρίως
1424 5172 1530 5225 ἴδια
1552 5171 1799 5241 θατέρου,

231 5263 401 5319 κοινά
434 5262 528 5317 τοῦ
560 5264 704 5330 ὅλου,
762 5266 830 5317 τὰ
859 5265 915 5317 δὲ
966 5265 1058 5317 τοῦ
1090 5265 1212 5319 ὅλου
1242 5265 1414 5326 κοινά,
1450 5264 1674 5334 θατέρου
1698 5264 1803 5316 ἴδια

227 5361 326 5414 διὰ
353 5361 452 5430 τὴν
485 5362 542 5412 ὲν
569 5359 782 5430 θατέρῳ
842 5360 934 5413 τοῦ
977 5359 1141 5413 αὑτοῦ
1190 5358 1496 5427 ἁσύγχυτον
1545 5357 1800 5426 ἰδιότητα.

228 5454 312 5506 Οὐ
338 5451 450 5521 γὰρ
487 5451 550 5506 ἂν
580 5452 843 5515 ἀντίδοσις
870 5452 978 5505 τῶν
1034 5453 1336 5520 ἰδιωμάτων
1387 5451 1620 5516 ἐγένετο,
1647 5450 1696 5500 εἰ
1729 5448 1802 5518 μὴ

227 5545 292 5599 ὲν
331 5541 579 5613 ἑκατέρῳ
602 5544 814 5613 ἔμεινεν
848 5545 904 5597 ὲν
929 5547 993 5613 τῇ
1030 5544 1269 5612 ὲονώσειὴ
1304 5541 1497 5609 ἰδιότης
1529 5541 1801 5610 ἀκίνητοςτ

235 5637 436 5690 Ἔστιν
487 5633 579 5690 οὖν
627 5638 662 5706 ἡ
707 5637 930 5706 τοιαύτη
966 5636 1153 5700 ἓνωσις
1185 5636 1292 5688 τῶν
1343 5635 1440 5703 μὲν
1476 5634 1647 5703 πάντη
1670 5635 1806 5685 διαιο

211 5728 421 5801 ,ρετιῖνδ
447 5728 768 5803 ἐνικωτέρα,
820 5729 925 5785 τῶν
966 5729 1022 5781 δὲ
1075 5729 1249 5801 πάντη
1287 5726 1622 5794 συγχυτικῶν
1654 5725 1806 5778 πλου-

1897 4538 2095 4592 cedens
2127 4556 2140 4590 :
2174 4535 2332 4605 quod.
2355 4535 2500 4589 enim
2541 4551 2606 4590 ex
2646 4534 2970 4590 confusione
2996 4536 3186 4596 oritur,
3219 4533 3464 4601 spuriqu

1897 4638 2002 4695 est,
2036 4628 2171 4682 nihil
2205 4643 2399 4696 purum
2431 4627 2739 4688 continens,
2784 4627 2836 4679 in
2870 4626 2987 4695 ipsa
3033 4626 3115 4679 sui
3141 4625 3318 4677 stabili
3343 4640 3468 4691 pro-

1899 4718 2128 4786 prietate
2172 4719 2395 4771 minime
2443 4716 2676 4770 firmum.
2715 4718 2917 4769 llarum
2954 4715 3129 4768 media
3179 4714 3467 4770 inconfusa

1897 4817 1952 4861 ct
1985 4808 2218 4862 indivisa
2256 4808 2387 4863 unio
2418 4807 2666 4878 agnoscit
2705 4805 2954 4872 equidem
2981 4811 3273 4871 conspecta
3324 4804 3465 4855 inte—

1900 4915 1994 4968 gra
2021 4913 2142 4953 esse
2175 4909 2390 4967 prepter
2421 4913 2546 4953 suas
2585 4896 2963 4968 proprietates,
3012 4911 3138 4964 qua:
3169 4883 3466 4947 immutata:

1901 5008 2006 5044 non
2049 4999 2198 5045 sunt.
2246 4990 2617 5044 Communiter
2663 4997 2845 5040 autem
2891 4986 3025 5048 haec,
3054 4998 3107 5039 et
3145 4988 3303 5038 unius
3348 5001 3466 5037 esse

1900 5081 2101 5136 fatetur
2168 5093 2386 5150 propter
2437 5079 2783 5134 cssentialcm
2844 5079 3121 5139 unionem,
3170 5087 3221 5128 et
3251 5077 3462 5143 propria

1904 5174 2088 5236 unius,
2115 5173 2284 5226 totius
2311 5172 2649 5227 communia:
2679 5187 2803 5239 qua:
2838 5187 2968 5224 vero
3002 5171 3172 5222 totius
3217 5183 3463 5220 commn-

1903 5265 2257 5326 nia,alterius
2278 5279 2495 5332 quoque
2527 5263 2740 5331 propria
2778 5273 3001 5333 propter
3035 5261 3176 5312 illius
3230 5260 3279 5308 in
3317 5266 3460 5309 utro—

1903 5373 2008 5424 que
2047 5356 2389 5410 inconfusam
2457 5342 2857 5424 proprietatem.
2893 5355 3072 5422 Neque
3125 5350 3268 5402 enim
3336 5364 3462 5416 pro-

1906 5449 2192 5517 prietatum
2281 5457 2468 5502 mutua
2530 5451 2898 5516 compensatio
2963 5446 3151 5500 lieret,
3220 5439 3359 5491 nisi.
3411 5438 3475 5488 in~

1905 5550 2136 5607 utroque
2175 5546 2499 5602 remaneret,
2534 5541 2586 5592 in
2615 5539 2814 5593 unione
2866 5533 3159 5605 proprietas
3215 5531 3457 5580 immota.

1908 5631 2001 5683 Est
2036 5632 2218 5700 itaque
2270 5631 2462 5685 similis
2517 5632 2645 5686 unio
2679 5644 2886 5688 eorum,
2922 5641 3039 5693 quae
3084 5623 3293 5692 penitus
3326 5619 3462 5672 divi—

1908 5721 2132 5788 duntur,
2170 5720 2342 5792 magis
2389 5720 2610 5787 unitiva,
2646 5733 2852 5782 eorum,
2885 5729 3006 5784 qua:
3052 5725 3274 5785 prorsus
3327 5723 3462 5762 con-
