3934 6316
668 287 772 352 6οἸ

1931 283 2220 342 NICET/E
2263 282 2662 345 ΒΥΖᾹΝΤΙΝΙ

3816 281 3929 354 604

669 413 778 450 non
827 410 922 464 per
949 409 1066 449 sese
1102 391 1472 448 evsistentiam
1515 391 1806 444 habebunt.
1838 390 2011 454 Quare
2057 392 2229 444 mani-

2335 394 2486 444 κείαν
2527 388 2761 462 ὓπαρξιν
2787 393 3179 458 ἐπιδείκνυται,
3215 395 3308 448 καὶ
3340 395 3751 467 ἀριθμούμενα
3796 398 3922 468 λόγῳ

670 487 868 541 fcstum
903 488 956 539 tit
978 526 993 548 ,
1022 501 1123 538 non
1171 498 1386 537 omnem
1433 497 1717 538 numerum
1757 496 1844 535 res
1883 497 1982 549 per
2010 497 2066 536 se
2095 483 2226 536 sub-

668 581 922 633 sistentes
956 577 1213 630 indicare.
2079 569 2081 576 ’

2339 483 2431 534 καὶ
2473 484 2659 552 τρόπῳ
2691 484 2789 551 τῆς
2835 484 3114 554 διαφορᾶς,
3150 484 3414 555 διαίρεσιν
3459 485 3558 538 τοῦ
3625 487 3922 557 ἀνθρώπου

2333 574 2430 626 οὑκ
2461 574 2762 639 εἰσάγουσι.
2799 575 2953 644 Μέρη
2986 576 3083 644 μὲν
3110 575 3216 645 γὰρ
3252 577 3464 648 ρηρείεν
3495 577 3841 647 ἀνθρώπου,
3873 589 3916 632 σέ

667 671 835 737 δήπου
869 667 967 736 μὲν
1014 667 1106 719 καὶ
1136 667 1256 738 καθ’
1283 666 1450 720 ἑαυτά
1489 667 1585 737 τὴν
1618 667 1848 739 ὓπαρξιν
1887 668 2024 740 ἔχει.
2062 669 2222 720 Ὥστε
2263 665 2443 734 δῆλον,
2471 669 2552 720 ὅτι
2580 670 2639 720 οὑ
2662 670 2766 731 πᾶς
2793 668 3021 740 ἀριθμὸς
3042 669 3148 721 τῶν
3211 669 3601 724 ίδιοσυστάτων
3668 677 3922 740 πραγμα.

665 782 773 817 των
804 764 917 817 ἔστί
945 763 1256 834 δηλωτικός.

681 861 699 880 ‘-
743 854 794 905 7.
826 853 964 909 Cum
998 864 1177 907 autem
1210 861 1468 921 praeterea
1530 861 1754 922 propter
1779 853 2099 908 divisionem
2135 870 2234 909 na-

668 954 908 999 tui-arum
932 955 986 999 et
1013 946 1421 1014 proprietatum,
1470 956 1714 999 sanctam
1767 957 1818 1000 et
1847 948 2234 1000 cacumenicam

667 1043 919 1104 quartam
946 1034 1210 1102 synodum
1236 1033 1524 1087 criminose
1552 1033 1928 1098 ealumniaris,
1955 1036 2112 1104 quasi
2142 1036 2233 1091 illa

669 1124 904 1193 probans
937 1122 1072 1177 duas
1124 1132 1347 1178 naturas
1392 1134 1445 1178 et
1481 1123 1833 1192 proprii-tates
1886 1133 2226 1186 naturarum,

670 1214 1000 1270 omnimodis
1033 1230 1155 1272 cum
1182 1199 1432 1268 Nestor-io
1467 1215 1770 1277 conveniat,
1800 1225 2117 1269 naturarum
2147 1215 2230 1268 di-

669 1307 931 1362 visionem
957 1307 1326 1372 iutroducens,
1348 1317 1735 1376 proptereaque
1767 1323 1870 1361 non
1906 1323 2028 1362 esse
2090 1309 2230 1364 hanc

669 1397 931 1467 synodum
970 1413 997 1450 a
1034 1397 1189 1460 nobis
1242 1397 1623 1466 recipiendam,
1675 1412 1770 1452 nos
1814 1399 2224 1467 respondentes,

669 1501 724 1545 et
749 1492 1032 1547 divisionis
1083 1491 1533 1563 prop‘rietalisque
1568 1494 1827 1548 rationem
1854 1495 2224 1564 explanantcs,

666 1579 899 1638 dicimus
944 1579 1143 1635 Christi
1196 1589 1439 1641 naturas,
1497 1581 1747 1636 deitatem
1793 1598 1983 1652 nempe
2034 1593 2086 1638 et
2133 1584 2226 1638 liu-

618 1719 624 1724 .
667 1672 1008 1735 manitatem,
1044 1688 1108 1726 ex
1162 1673 1362 1741 quibus
1388 1682 1442 1727 et
1475 1674 1526 1727 in
1559 1673 1757 1744 quibus
1788 1676 2006 1730 unicum
2057 1678 2219 1745 bypo-

2412 851 2477 915 ζ’.
2523 848 2740 920 Ἐπειδὴ
2782 848 2837 901 δὲ
2884 848 2975 902 καὶ
3010 849 3136 919 περὶ
3185 848 3500 920 διαιρέσεως
3544 849 3665 902 τῶν
3704 850 3916 919 φύσεων

2343 942 2434 994 καὶ
2477 942 2585 994 τῶν
2620 940 2895 1012 ίδιοτήτων
2918 939 3108 1010 μῶμον
3140 939 3380 1008 συνῆψας
3414 942 3480 1010 τῇ
3525 941 3667 1011 ἁγία
3708 944 3810 995 καὶ
3849 949 3919 994 εί-

2340 1035 2642 1104 κουμενικῇ
2693 1034 2928 1104 τετάρτῃ
2984 1033 3208 1102 συνόδῳ,
3241 1032 3314 1094 ὡς
3345 1031 3505 1101 δῆθεν
3537 1033 3797 1100 λέγουσα
3835 1035 3918 1088 δύο

2338 1125 2529 1193 φύσεις
2577 1123 2669 1176 καὶ
2712 1124 2979 1194 ἰδιότητας
3019 1123 3127 1176 τῶν
3161 1123 3399 1192 φύσεων,
3439 1124 3760 1188 ὲξάπαντος
3790 1143 3914 1195 συμ-

2336 1213 2600 1284 φωνεῖτῷ
2624 1213 2913 1284 Νεστορίῳ,
2936 1215 3194 1284 διαίρεσιν
3212 1215 3319 1266 τῶν
3343 1214 3554 1283 φύσεων
3578 1217 3912 1284 ἐμποιοῦσα,

2335 1305 2430 1356 καὶ
2464 1303 2549 1357 διὰ
2581 1303 2737 1357 τοῦτο
2781 1305 2880 1356 οὑκ
2907 1303 3048 1357 ἔστιν
3075 1304 3377 1358 ἀποδεκτέα
3415 1304 3551 1374 αὕτη
3613 1308 3648 1376 ἡ
3700 1305 3911 1369 σύνοδος

2333 1395 2465 1466 παρ’
2513 1394 2695 1466 ήμῶν,
2731 1394 3297 1465 ὑπεραπολογούμενοι
3317 1392 3430 1461 οῦν,
3459 1397 3552 1471 καὶ
3580 1397 3911 1464 διασαφοῦν-

2329 1503 2416 1548 τες
2448 1485 2540 1538 τὸν
2573 1486 2700 1555 περὶ
2742 1485 3057 1556 διαιρέσεως
3105 1487 3202 1540 καὶ
3272 1487 3532 1556 ἰδιότητος
3577 1487 3774 1554 λόγον,
3815 1507 3909 1556 (ιτα-

2333 1580 2451 1649 μὲν,
2499 1579 2599 1642 τὰς
2626 1579 2816 1648 φύσεις
2856 1579 2951 1632 τοῦ
2993 1578 3252 1649 Χριστοῦ,
3289 1580 3456 1649 ἤγουν
3486 1581 3636 1650 φημὶ
3663 1580 3772 1650 τὴν
3800 1581 3908 1632 Θεό-

2326 1687 2462 1740 τητα
2506 1669 2599 1722 καὶ
2630 1671 2729 1739 τὴν
2764 1669 3176 1740 ἁνθρωπότητα,
3215 1669 3274 1733 ἐξ
3331 1663 3406 1723 ὧν
3432 1672 3525 1723 καὶ
3558 1672 3621 1723 ὲν
3649 1664 3746 1734 αῖς
3781 1672 3809 1723 ὁ
3833 1666 3907 1732 εἷς

670 1770 881 1816 staseos
915 1760 1078 1814 veluti
1116 1769 1288 1815 totum
1332 1762 1785 1830 contemplamur,
1817 1763 1861 1817 si
1907 1763 2027 1831 quis
2068 1762 2224 1817 intel-

2335 1736 2429 1831 τῆς
2459 1736 2806 1823 ὑποστάσεως
2852 1736 2927 1823 ῶς
2969 1736 3088 1823 ὅλος
3138 1759 3522 1829 ὲνθεωρεῐται,
3579 1761 3632 1812 εί
3680 1760 3789 1832 μὲν
3847 1764 3901 1826 τῆ

668 1851 808 1905 lectu
839 1860 890 1905 et
941 1853 1172 1915 ratione,
1199 1852 1579 1920 proprietates,
1611 1852 1851 1921 inquam,
1877 1869 1997 1907 cum
2019 1855 2228 1909 naturis

667 1938 935 2003 diviserit,
966 1954 1072 1993 non
1107 1954 1235 1994 vero
1285 1942 1602 1994 exsistentia
1636 1951 1689 1994 et
1737 1952 1879 2006 actu,
1931 1958 2104 2012 neque
2136 1944 2216 1997 ab

663 2027 852 2091 surde,
901 2042 1076 2097 neque
1127 2029 1394 2084 inerudite
1440 2028 1658 2096 fecerit;
1711 2030 1812 2086 hoc
1854 2032 2020 2098 enim,
2072 2043 2129 2087 ιιι
2155 2033 2227 2088 ita

670 2118 866 2184 dicam,
891 2134 1082 2175 omnes
1111 2119 1299 2177 Patres
1341 2135 1522 2192 aperte
1550 2124 1810 2179 clamant.
1850 2124 1990 2179 Audi
2023 2125 2248 2194 Gregoo'

669 2207 809 2263 rium
836 2207 1168 2280 Tbeologum
1201 2211 1467 2266 dicentem
1502 2230 1515 2267 :
1550 2213 1680 2266 Cum
1711 2223 1916 2269 natura:
1944 2216 2224 2286 cogitatio-

673 2299 824 2353 nibus
871 2311 1206 2370 separantur,
1261 2295 1662 2357 subdividuntur
1707 2314 1756 2358 et
1788 2306 2021 2370 nomina,
2068 2308 2226 2376 quasi

676 2389 899 2456 diceret,
941 2393 1083 2462 quod
1118 2393 1438 2464 cogitatione
1482 2396 1744 2450 asseritur
1774 2397 1834 2451 tit
1867 2397 1933 2452 ad
1976 2398 2227 2453 diﬂ‘eren-

669 2481 800 2535 tiam
829 2481 1133 2548 divisionis,
1165 2499 1288 2554 quae
1329 2494 1454 2539 actu
1515 2495 1570 2541 et
1613 2486 1926 2542 exsistentia
1958 2499 2060 2553 est,
2081 2505 2223 2558 eam,

671 2587 834 2642 quam
869 2574 1188 2644 longissime
1225 2575 1544 2645 abjicientes
1583 2586 1706 2632 actu
1737 2579 1954 2648 quidem
2002 2589 2224 2637 naturas

669 2679 792 2718 esse
827 2673 880 2719 et
909 2665 1013 2720 dici
1047 2666 1284 2742 tradunt,
1315 2667 1509 2722 barum
1534 2683 1659 2723 vero
1685 2669 2004 2726 divisionem
2028 2671 2226 2741 cegita-

672 2754 820 2822 tione
838 2764 1169 2824 acceperunt
1201 2775 1214 2810 :
1251 2772 1368 2826 quae
1392 2757 1554 2813 rebus
1584 2758 1716 2828 ipsis
1744 2758 1916 2814 divisa
1943 2773 2047 2813 non
2073 2768 2221 2823 sunt,

673 2847 928 2909 tanquam
964 2841 1132 2896 divisa
1170 2843 1377 2899 ratione
1405 2857 1772 2914 supponentes
1796 2855 2010 2917 propter
2034 2849 2224 2902 inimu-

673 2926 886 2980 tabilem
923 2928 1231 2995 unitorum,
1271 2933 1433 2985 etiam
1480 2943 1598 3002 post
1648 2935 1926 3000 unionem,
1970 2937 2223 2990 diﬂ'eren-

672 3019 800 3071 tiam
836 3028 888 3072 ct
928 3024 1347 3090 proprietatem;
1398 3033 1452 3076 ut
1480 3024 1591 3092 jam
1649 3026 1853 3079 clarum
1884 3027 1974 3093 sit,
2019 3027 2119 3081 dici
2158 3028 2223 3082 de

673 3111 884 3164 naturis
915 3122 966 3165 et
997 3114 1418 3183 proprietatibus
1448 3115 1790 3182 divisionem,
1823 3134 1943 3187 qua:
1964 3135 2026 3172 ex
2066 3120 2224 3186 intel-

671 3199 811 3253 lectu
838 3212 937 3267 est,
969 3218 1142 3272 neque
1172 3205 1225 3257 in
1271 3219 1544 3274 quoquam
1580 3221 1609 3259 a
1654 3222 1780 3261 vero
1837 3210 2226 3277 aberrabimus,

672 3287 799 3342 licet
827 3289 894 3343 de
945 3307 1007 3344 ea
1037 3301 1223 3345 sancta
1253 3301 1304 3346 et
1352 3293 1688 3350 arcumeniea
1747 3305 1938 3363 quarta
1994 3299 2230 3367 synodus

674 3371 808 3431 nihil
832 3379 1090 3445 tradidit;
1127 3383 1482 3438 nihilominus
1513 3400 1610 3440 nos
1635 3386 1864 3440 dicimus
1893 3405 1904 3438 :
1935 3403 2056 3442 cum
2085 3390 2229 3442 enim

673 3467 1030 3539 integritatem
1059 3472 1360 3543 liypostasis
1378 3476 1574 3531 Clu-isti
1594 3479 2044 3547 contemplamur,
2062 3489 2232 3534 totum

679 3559 862 3614 animo
895 3562 1186 3631 agitamus,
1218 3566 1432 3634 quando
1457 3576 1624 3626 totum
1656 3584 1719 3621 ex
1751 3571 1995 3638 partibus
2031 3569 2231 3624 conﬂa-

678 3657 788 3712 tur.
817 3663 871 3705 et
911 3653 962 3705 in
1011 3654 1251 3722 partibus
1284 3656 1678 3720 consideratur,
1739 3667 1792 3712 et
1845 3669 1956 3713 tum
2017 3662 2234 3730 potissi-

680 3755 827 3794 mum
884 3758 1005 3796 cum
1068 3759 1132 3796 cx
1180 3744 1534 3800 dissimilibus
1593 3749 1953 3824 componitur,
2005 3753 2236 3806 servatis

678 3846 874 3901 nempe
931 3832 1216 3889 iuconi‘use
1265 3837 1509 3904 partibus
1569 3839 1619 3891 in
1660 3839 1877 3906 unione,
1933 3843 2146 3909 quando
2183 3851 2238 3896 et

677 3930 890 3989 partes,
945 3939 1066 3991 qua:
1124 3925 1177 3977 in
1219 3935 1339 4001 toto
1386 3937 1540 3994 sunt,
1595 3929 1756 3984 totius
1804 3941 2138 4000 repntantur,
2187 3941 2239 3986 ct

681 4014 1034 4080 proprietates
1102 4016 1334 4082 partium
1392 4018 1557 4072 totius
1619 4020 2044 4087 reputabuntur,
2119 4022 2241 4078 licet

682 4105 913 4170 partium
947 4109 1160 4175 propria
1192 4123 1370 4162 sermo
1392 4110 1715 4178 cogitatione
1739 4112 1985 4168 dividens
2006 4114 2235 4183 judicat.

687 4193 850 4248 Verbi
889 4199 1060 4263 gratia
1091 4216 1104 4251 :
1140 4198 1302 4254 Visus
1343 4203 1394 4255 in
1429 4205 1689 4266 sensorio,
1723 4206 1879 4260 oculo
1907 4221 2097 4274 nempe
2126 4208 2241 4262 ﬁeri

683 4287 843 4352 solet,
872 4290 952 4343 sic
982 4290 1142 4344 etiam
1183 4294 1481 4350 ambulatio
1509 4296 1560 4349 in
1586 4297 1860 4362 cruribus,
1890 4300 1982 4353 sed
2007 4315 2115 4354 non
2158 4301 2241 4354 di-

2329 1849 2544 1919 ὲπινοίᾳ
2597 1865 2680 1911 τις
2721 1847 2814 1901 καὶ
2846 1845 2923 1915 τῷ
2956 1847 3098 1918 λόγῳ
3133 1848 3233 1910 τὰς
3269 1848 3536 1916 ἰδιότητας
3602 1847 3754 1917 μετὰ
3803 1849 3902 1900 τῶν

2329 1939 2542 2008 φύσεων
2572 1939 2789 2010 διαιρεῖ,
2828 1939 2922 1991 καὶ
2970 1938 3068 2009 οὐχ
3099 1938 3326 2009 ὑπάρξει
3371 1939 3464 1992 καὶ
3496 1939 3781 2009 ἐνεργείᾳ,
3809 1939 3901 1991 οὑκ

2328 2029 2433 2093 ἔξω
2469 2029 2562 2082 τοῦ
2607 2030 2812 2092 εἰκότος
2857 2030 3125 2098 ποιήσειε·
3151 2028 3308 2082 τοῦτο
3356 2029 3464 2099 γὰρ
3505 2030 3702 2098 σχεδὸν
3737 2031 3903 2081 είπείν

2328 2118 2527 2180 πάντες
2573 2119 2624 2170 oi
2662 2118 2904 2187 Πατέρες
2957 2117 3254 2187 διαρρήδην
3291 2117 3618 2188 κεκράγασι.
3651 2117 3768 2170 Καὶ
3800 2119 3898 2184 γὰρ

2326 2209 2625 2279 Γρηγορίου
2653 2208 2747 2261 τοῦ
2777 2208 3037 2276 Θεολόγου
3085 2207 3314 2262 ἄκουσον
3368 2209 3642 2275 λέγοντος·
3695 2207 3896 2262 Ἠνίχα

2325 2304 2434 2373 τὰρ
2457 2307 2514 2357 al
2536 2305 2752 2373 φύσεις
2773 2304 3104 2359 διίστανται
3129 2303 3256 2369 ταῖς
3281 2303 3593 2368 ἐπινοίαις,
3626 2304 3891 2356 συνδιαι-

2316 2398 2562 2465 ροῦνται
2590 2397 2684 2449 καί
2717 2396 2789 2450 τὰ
2809 2397 3085 2464 ὀνόματα,
3116 2395 3190 2459 ὡς
3218 2389 3358 2447 εῐναι
3395 2395 3547 2464 τὸξτῇ
3573 2395 3794 2464 ἐπινοίᾳ
3815 2394 3891 2445 λε-

2322 2489 2571 2558 γόμενον,
2605 2492 2740 2558 πρδς
2773 2488 3174 2558 άντιδιαστολὴν
3217 2490 3314 2559 τῆς
3346 2487 3465 2540 κατ’
3499 2487 3790 2555 ἐνέργειαν
3805 2486 3894 2539 καὶ

2326 2576 2558 2651 ὕπαρξιν
2587 2580 2949 2650 διαιρέσεως,
2990 2581 3054 2651 ἢν
3079 2581 3154 2642 ὡς
3187 2581 3530 2652 πορρωτάτω
3562 2578 3890 2645 ἀποπεμψά-

2325 2686 2473 2738 μενοι
2502 2671 2567 2737 τῇ
2620 2669 2717 2737 μὲν
2755 2666 3002 2737 μεργείᾳ
3031 2667 3128 2728 τὰς
3156 2665 3343 2734 φύσεις
3392 2661 3534 2719 εἷναί
3566 2663 3626 2716 τε
3672 2659 3768 2715 καὶ
3801 2679 3890 2713 κα-

2322 2760 2528 2813 λεῖσθαί
2574 2776 2723 2828 φασι,
2751 2758 2846 2828 τὴν
2899 2759 2954 2810 δὲ
2987 2757 3188 2810 τούτων
3226 2757 3484 2825 διαίρεσιν
3514 2754 3636 2807 κατ’
3659 2755 3894 2807 ἐπίνοιαν

2322 2851 2548 2918 ἔλαϐον,
2579 2851 2648 2903 τὰ
2713 2850 2788 2920 μὴ
2850 2849 3148 2919 διῃρημένα
3197 2849 3306 2910 τοῖς
3353 2847 3672 2915 πράγμασιν
3720 2844 3794 2905 ὡς
3822 2844 3891 2893 δι-

2324 2942 2577 3016 ῃρημένα
2612 2941 2687 3010 τῷ
2743 2941 2883 3009 λόγῳ
2939 2937 3330 3006 ὑποτιθέμενοι,
3387 2936 3475 2988 διὰ
3507 2936 3604 3004 τὴν
3635 2935 3888 3004 ἄτρεπτον

2323 3033 2431 3085 τῶν
2466 3030 2889 3094 ένωθέντων,καὶ
2924 3029 3057 3098 μετὰ
3089 3028 3184 3098 τὴν
3204 3028 3414 3093 ἕνωσιν,
3435 3027 3694 3096 διαφοράν
3709 3042 3768 3076 τε
3803 3042 3886 3080 καί

2334 3122 2758 3190 ίδιότητα.Ὢστε
2775 3121 2932 3189 δῆλόν
2956 3122 3068 3172 ἐστι
3094 3118 3272 3186 λέγειν
3293 3117 3386 3170 ἐπὶ
3433 3116 3541 3170 τῶν
3567 3116 3777 3192 φύσεων
3804 3117 3885 3168 καὶ

2327 3212 2435 3267 τῶν
2459 3213 2731 3281 ίδιοτήτων
2751 3204 3028 3280 διαίρεσιν,
3051 3209 3145 3280 τὴν
3167 3209 3284 3262 κατ’
3306 3208 3546 3261 ἐπίνοιαν
3573 3207 3881 3275 λεγομένην,

2332 3305 2427 3358 καὶ
2479 3303 2629 3356 οὐδὲν
2659 3302 2750 3355 τοῦ
2809 3303 3013 3365 εἰκότος
3042 3301 3508 3371 άποσφαλοίμεθα,
3542 3303 3589 3352 εί
3627 3303 3718 3352 καὶ
3769 3301 3886 3367 περὶ

2329 3395 2530 3463 ταύτης
2558 3395 2591 3462 ἡ
2617 3393 2744 3461 ἁγία
2764 3394 2853 3446 καὶ
2879 3392 3224 3462 οίκουμενικὴ
3246 3393 3478 3462 τετάρτη
3511 3391 3717 3453 σύνοδος
3739 3391 3880 3444 οὐδὲν

2332 3485 2660 3555 ὲξεφώνησε.
2695 3485 2831 3553 πλὴν
2863 3479 2953 3538 οῦν
3005 3487 3165 3553 ἡμεῖς
3186 3485 3433 3553 λέγομεν.
3455 3485 3620 3536 Ὅταν
3664 3482 3768 3550 γὰρ
3807 3485 3878 3542 εἰς

2330 3579 2427 3646 τὴν
2447 3577 2672 3646 ὁλότητα
2698 3577 2793 3644 τῆς
2810 3576 3006 3644 κατὰὶΧ
3015 3576 3192 3646 ριστὸν
3216 3575 3560 3636 ὑποστάσεως
3579 3573 3876 3640 ἀποϐλέψω-

2336 3682 2456 3735 μεν,
2501 3666 2560 3718 τὸ
2609 3665 2728 3718 ὅλον
2758 3665 3213 3731 άνασκοποῦντες,
3244 3665 3428 3733 ἐπειδὴ
3469 3665 3526 3716 τὸ
3564 3664 3678 3716 ὅλον
3705 3664 3764 3715 ἐκ
3789 3679 3872 3730 με-
3913 3737 3915 3739 ι

2339 3757 2446 3826 ρῶν
2502 3756 2806 3823 σύγκειται,
2852 3756 2944 3808 καὶ
2979 3757 3037 3807 ἐν
3071 3757 3179 3818 τοῖς
3215 3755 3407 3824 μέρεσι
3455 3754 3750 3822 θεωρεῖται,
3791 3755 3873 3805 καὶ

2339 3847 2573 3917 μάλιστα
2603 3846 2730 3900 ὅταν
2781 3846 2838 3909 ἐξ
2881 3845 3289 3923 ἀνομοιομερῶν
3327 3845 3622 3912 -σύγκειται
3663 3846 3717 3896 τὸ
3743 3844 3868 3901 ὅλον,

2301 3972 2305 3978 -
2339 3937 2658 4006 σωζομένων
2705 3937 2946 4004 δηλονότι
3007 3935 3324 4005 άσυγχύτως
3356 3935 3464 3988 τῶν
3509 3934 3683 4004 μερῶν
3726 3937 3779 3987 ἐν
3811 3937 3867 4002 τῇ

2339 4028 2545 4088 ἐνώσει,
2577 4027 2761 4095 ἐπειδὴ
2798 4028 2864 4078 τὰ
2898 4026 3034 4097 μέρη
3063 4027 3118 4078 ὲν
3143 4026 3221 4095 τῷ
3250 4025 3355 4095 ὅλῳ
3404 4025 3763 4094 ἐνυπάρχοντα
3788 4022 3868 4074 τοῦ

2341 4121 2465 4172 ὅλου
2523 4118 2847 4186 λογίζονται,
2886 4118 2977 4170 καὶ
3014 4117 3082 4168 τὰ
3129 4115 3392 4185 ἰδιώματα
3446 4115 3553 4167 τῶν
3593 4114 3761 4186 μερῶν
3787 4112 3867 4164 τοῦ

2340 4209 2461 4262 ὅλου
2489 4208 2919 4277 λογισθήσονται,
2955 4207 3002 4257 εί
3047 4205 3138 4258 καὶ
3174 4205 3280 4257 τῶν
3308 4196 3487 4273 μερῶν
3515 4204 3587 4265 ὡς
3621 4203 3716 4253 ἴδια
3742 4196 3864 4252 εἶναι

2341 4304 2368 4353 ὁ
2394 4301 2544 4366 λόγος
2574 4303 2637 4367 τῇ
2667 4299 2876 4367 ἐπινοίᾳ
2901 4295 3127 4365 διαιρῶν
3165 4296 3357 4364 κρίνει·
3388 4290 3498 4348 οἷόν
3549 4295 3599 4346 τί
3629 4309 3772 4362 φημν
3810 4292 3861 4342 Ἠ

683 4379 857 4435 cimus
888 4392 980 4435 aut
1006 4385 1225 4439 oculum
1259 4387 1464 4453 videre,
1493 4398 1587 4443 aut
1612 4405 1770 4444 crura
1794 4390 2109 4456 ambulare;
2143 4392 2232 4446 sed

2339 4392 2524 4462 ὅρασις
2558 4393 2614 4442 ὲν
2647 4389 2724 4457 τῷ
2760 4387 3118 4457 αἰσθητηρίῳ,
3151 4387 3318 4454 ἤγουν
3366 4383 3442 4453 τῷ
3467 4382 3733 4451 ὀφθαλμῷ,
3777 4381 3862 4432 πέο

685 4467 869 4534 homo,
900 4473 991 4540 qui
1021 4489 1082 4526 ea
1120 4484 1376 4544 tanquam
1401 4488 1583 4544 partes
1608 4478 1864 4547 possidet,
1896 4479 2078 4534 videre
2107 4482 2238 4535 dici-

685 4571 774 4615 tur
817 4572 872 4618 et
904 4565 1198 4620 ambulare.
1243 4567 1439 4622 Eodem
1488 4569 1646 4623 modo
1700 4577 1753 4623 et
1792 4570 1857 4623 de
1902 4569 2104 4624 Christi
2138 4571 2237 4640 by-

685 4656 917 4722 postasi:
942 4672 1168 4725 namque
1205 4658 1268 4711 ad
1295 4660 1652 4729 integritatem
1686 4661 1828 4715 illius
1850 4661 2045 4714 mentis
2067 4661 2236 4714 aciein

688 4748 907 4815 ligentes
938 4747 1165 4802 dicimus
1192 4749 1442 4818 Ejusdem
1469 4754 1629 4806 unius
1655 4761 1854 4806 sancta:
1883 4751 2096 4806 Triadis
2121 4750 2240 4804 Filii

688 4836 780 4889 Dei
807 4849 931 4891 sunt
959 4849 1012 4892 et
1046 4855 1134 4893 res
1155 4841 1469 4896 mirabiliter
1490 4852 1672 4910 gestae,
1707 4851 1760 4896 et
1783 4843 2083 4912 passiones.
2122 4842 2236 4896 Etsi

689 4927 982 4979 secundum
1013 4929 1172 4982 aliam
1206 4939 1406 4997 partem
1445 4932 1722 5000 passiones
1762 4932 1925 4994 subit,
1981 4932 2234 4985 humani-

690 5025 851 5069 tatem
874 5016 1101 5081 scilicet,
1124 5021 1422 5075 secundum
1449 5021 1608 5081 aliam
1646 5022 1780 5076 mira
1810 5023 1990 5084 efﬁcit,
2019 5033 2078 5076 ut
2105 5025 2242 5091 ejus-

688 5110 808 5165 dem
846 5122 1050 5195 naturaa
1112 5128 1234 5166 cum
1285 5113 1395 5167 Deo
1432 5123 1486 5168 et
1534 5113 1707 5180 Patre,
1764 5126 1819 5168 et
1879 5117 2077 5184 Spiritu
2137 5125 2239 5170 est.

695 5200 901 5256 Rursus
924 5211 1124 5270 partes,
1160 5218 1220 5256 ex
1251 5205 1445 5270 quibus
1490 5215 1658 5259 totum
1696 5206 2060 5270 constituitur,
2114 5223 2244 5261 Cutl-

693 5293 920 5347 servatis
953 5293 1059 5348 illis
1088 5293 1372 5348 inconfnsc
1407 5296 1458 5347 in
1494 5297 1691 5351 unione
1721 5299 2148 5360 considerantes,
2184 5307 2236 5351 ct

693 5383 1049 5439 differentiam
1075 5386 1131 5438 in
1161 5386 1360 5440 unione
1399 5386 1751 5453 invenientes,
1789 5390 1876 5442 ubi
1922 5403 2047 5441 vero
2094 5388 2244 5442 diﬂ‘v-

651 5469 660 5475 ’
695 5477 893 5540 rentia,
928 5478 1123 5532 ibidem
1160 5479 1382 5532 omnino
1403 5486 1457 5532 et
1483 5494 1741 5534 numerus
1764 5481 2143 5544 introducitur,
2172 5491 2248 5533 tot

697 5569 930 5624 dicimus
947 5580 1279 5642 partescsse,
1303 5570 1511 5627 ratione
1529 5570 1883 5635 diScriminis,
1909 5588 2008 5626 nec
2031 5589 2060 5625 a
2081 5587 2244 5638 scopo

705 5660 1033 5715 aberramus.
1088 5662 1530 5731 Quandoquidem
1561 5663 1689 5719 u'nio
1718 5674 1800 5718 est
1856 5680 2066 5730 eorum,
2126 5680 2244 5732 qua:

2341 4477 2772 4548 φυκεγίνεσθαι,
2822 4476 3077 4545 ὡσαύτως
3119 4474 3174 4526 δὲ
3229 4473 3317 4526 καὶ
3357 4475 3389 4541 ἡ
3434 4471 3630 4541 βάδισις
3673 4474 3723 4522 ὲν
3764 4473 3859 4532 τοῖς

2341 4570 2607 4622 σκέλεσιν·
2643 4567 2754 4619 ἀλλ’
2787 4567 2845 4618 οὑ
2880 4566 3125 4634 λέγομεν,
3157 4567 3236 4617 ὅτι
3276 4564 3304 4615 ὁ
3333 4563 3600 4633 ὀφθαλμὸς
3620 4564 3724 4631 ὁρᾷ,
3749 4563 3777 4630 ἢ
3803 4562 3859 4611 τὰ

2343 4658 2505 4728 σκέλη
2540 4658 2764 4727 βαδίζει,
2784 4657 2894 4709 ἀλλ’
2927 4657 3019 4709 ἄνθ
3029 4673 3206 4724 ρωπος
3233 4656 3259 4706 ό
3287 4655 3457 4706 ταῦτα
3487 4654 3617 4722 ἔχων
3646 4653 3709 4714 ὡς
3735 4653 3854 4721 μέρη

2341 4750 2557 4817 λέγεται
2589 4749 2804 4818 βλέπειν
2851 4747 2942 4799 καὶ
3002 4747 3254 4815 βαδίζειν.
3291 4745 3500 4812 Οὑτωσὶ
3545 4745 3632 4797 καὶ
3661 4743 3739 4794 ἐπὶ
3773 4743 3854 4809 τῆς

2343 4841 2688 4901 ὑποστάσεως
2709 4838 2799 4890 τοῦ
2828 4837 3082 4907 Χριστοῦ.
3120 4838 3288 4890 Ὅταν
3317 4836 3418 4904 γὰρ
3437 4835 3513 4896 είς
3545 4833 3635 4902 τὴν
3661 4831 3852 4900 ὀλότητα

2342 4933 2507 4999 αὑτῆς
2523 4930 2829 4999 βλέπωμεν,
2856 4929 3102 4996 λέγομεν,
3138 4926 3308 4977 Αὑτοῦ
3335 4923 3425 4975 τοῦ
3457 4923 3571 4984 ἐνὸς
3601 4922 3685 4989 τῆς
3715 4921 3851 4987 ἁγίας

2343 5022 2591 5091 Τριάδος,
2638 5020 2883 5073 τουτέστι
2933 5017 3023 5070 τοῦ
3074 5013 3202 5069 Υίοῦ
3248 5015 3339 5067 τοῦ
3381 5013 3538 5073 Θεοῦ,
3579 5012 3672 5064 eisi.
3706 5012 3764 5064 τά
3801 5026 3849 5062 τε

2344 5114 2616 5183 Θαύματα,
2656 5112 2748 5164 καὶ
2780 5111 2846 5163 τά
2895 5109 3066 5178 πάθη,
3102 5108 3149 5159 εί
3201 5108 3292 5159 καὶ
3341 5105 3457 5158 κατ’
3489 5104 3610 5156 ἄλλο
3636 5104 3774 5171 μέρος
3795 5102 3849 5153 τὰ

2345 5207 2492 5275 πάθη
2523 5205 2836 5273 ἀναδέχεται
2872 5203 3010 5255 κατὰ
3048 5203 3107 5252 τὸ
3149 5197 3506 5267 ἀνθρώπινον,
3541 5195 3651 5248 κατ’
3676 5194 3784 5247 ἄλλο
3805 5194 3848 5245 δὲ

2345 5297 2412 5349 τὰ
2463 5297 2660 5364 σημεῖα
2715 5295 2875 5356 ποιεῖ,
2908 5290 2982 5353 ὡς
3034 5288 3344 5359 όμοούσιος,
3375 5285 3610 5354 δηλονότι
3650 5283 3714 5352 τῷ
3750 5283 3848 5351 Θεῷ

2347 5389 2439 5440 καὶ
2471 5387 2665 5455 Πατρὶ,
2709 5387 2800 5437 καὶ
2829 5385 2905 5452 τῷ
2934 5381 3230 5450 Πνεύματι.
3261 5377 3428 5431 ’Ὅταν
3457 5376 3501 5429 δ’
3545 5373 3607 5428 αὖ
3632 5373 3846 5434 πωινεὶς

2346 5479 2412 5530 τὰ
2454 5477 2614 5547 μέρη,
2649 5476 2707 5538 ἐξ
2749 5469 2821 5528 ὧν
2855 5473 2912 5525 τὸ
2961 5473 3078 5524 ὅλον
3107 5471 3404 5538 σύγκειται.
3447 5465 3734 5534 σωζομένων
3765 5466 3819 5515 αὑ

2348 5569 2455 5622 τῶν
2483 5569 2720 5638 δηλονότι
2769 5564 3087 5634 ἀσυγχύτως
3134 5563 3191 5616 ὲν
3229 5563 3294 5631 τῇ
3342 5561 3532 5613 ἑνώσει
3583 5556 3846 5623 σκοπῶμεν,

2351 5663 2442 5715 καὶ
2488 5664 2586 5728 τῆς
2624 5658 2880 5727 διαφορᾶς
2909 5658 2965 5711 ὲν
2996 5658 3060 5726 τῇ
3088 5653 3296 5721 ὲνώσει,
3325 5647 3694 5720 εὑρισκομὲνης
3720 5645 3844 5716 (ὅπου
