3934 6316
8 285 99 347 ἴθ’)

925 288 1358 351 REFUTATIO
1381 254 1762 352 EPISTOLA:
1791 291 2019 353 REGIS
2053 294 2441 356 ARMENUE.

3152 309 3261 376 610

8 400 39 448 ῖὲ
87 396 378 470 διαφορὰ,
418 394 536 452 ius!
567 397 782 462 πάντως
817 398 906 452 καὶ
938 401 965 452 ό
1006 399 1236 471 ἀριθμὸς
1283 401 1597 468 συνεισάγε-

1703 403 1768 456 ad
1794 403 1999 473 aliquid
2025 414 2153 460 sunt
2185 423 2197 462 :
2231 411 2361 463 unio
2388 410 2533 464 enim
2557 425 2768 482 eorum,
2808 423 2927 485 (pur:
2978 417 3260 489 uniuntur,

8 494 102 562 ται)
125 508 140 519 ·
172 492 446 562 δηλονότι
485 495 616 564 τόσα
649 496 879 567 λέγομεν
930 497 998 550 τὰ
1031 495 1172 566 μέρη
1220 497 1485 566 ὑπάρχειν
1519 497 1597 566 τῷ

8 586 143 655 vim;
184 584 306 654 τῆς
359 585 644 657 διαφορᾶς,
691 587 785 642 καὶ
828 586 977 641 οὐδὲν
1010 586 1336 656 σφάλλομεν.
1380 586 1598 657 Ἐπειδὴ

8 678 26 745 ᾐ
61 674 174 744 μὲν
203 673 425 742 ’ἐνωσις
452 678 562 732 τῶν
596 678 732 749 πρός
779 678 830 730 τί
874 679 1011 731 ἐστι.
1043 678 1152 730 Καὶ
1196 677 1302 749 γὰρ
1336 678 1370 748 ἡ
1408 678 1600 739 ἓνωσις

8 767 345 838 ἑνουμένων
401 769 546 822 ἐστὶν
599 770 826 833 ἓνωσις,
873 769 966 823 καὶ
1009 773 1078 822 τὰ
1108 767 1370 838 ἑνούμενα
1410 768 1601 823 ὲνὼσιι

8 859 287 910 ἑνοῦνταιο
330 860 589 924 ὡσαύτως
620 860 676 913 δὲ
709 861 802 914 καὶ
838 859 897 912 τὺ
925 859 1078 924 ὅλον,
1121 856 1302 929 μερῶν
1335 860 1474 924 ὅλον,
1506 859 1602 912 καὶ

8 955 60 1004 ci
101 952 265 1023 μέρη
300 953 427 1005 ὅλου
485 954 646 1022 μέρη.
700 953 780 1006 Τὰ
833 953 889 1006 δὲ
931 952 1064 1022 πρός
1114 968 1188 1016 τι,
1244 951 1336 1004 ἐὰν
1375 951 1601 1020 θάτερον

8 1043 280 1114 ἐνεργείᾳ
331 1039 400 1117 ᾖ,
447 1045 632 1096 καὶτὸ
689 1045 872 1116 ἕτερον
919 1043 1159 1114 δηλονότι
1220 1040 1279 1108 ἐξ
1335 1043 1599 1112 ἀνάγκης.

13 1134 173 1186 Ἐπεὶ
211 1134 324 1187 οὖν
351 1138 384 1205 ἡ
411 1135 550 1190 κατὰ
587 1136 818 1204 Χριστὸν
845 1133 1033 1205 ὁλότης
1059 1134 1149 1186 καὶ
1181 1136 1214 1204 ἡ
1234 1134 1424 1196 ἓνωσις
1449 1135 1600 1211 ἐνερ-

8 1225 127 1293 γείᾳ
163 1226 446 1294 πρόσεστι
496 1226 588 1278 καὶ
618 1226 686 1279 τὰ
717 1225 857 1295 μέρη
887 1225 1141 1295 ἔνεργείᾳ
1161 1224 1395 1288 ἔσονται,
1438 1208 1532 1277 καὶ
1563 1224 1594 1294 ἡ

8 1315 216 1366 τούτων
282 1315 542 1385 διαφορά.
591 1316 655 1368 Et
703 1315 760 1368 δὲ
807 1312 964 1368 τοῦτο
1005 1315 1222 1385 ἀληθὲς,
1269 1313 1460 1385 ὥσπερ
1510 1313 1603 1368 οὖν

8 1410 90 1457 καί
122 1407 370 1477 ἀληθὲς,
412 1409 439 1460 ό
478 1407 552 1478 μὴ
585 1406 858 1478 ὁμολογῶν
881 1406 949 1459 τὰ
973 1406 1115 1477 μέρη
1155 1407 1288 1460 τόσα
1322 1401 1478 1472 εἶναι,
1513 1406 1605 1476 δη-

8 1498 182 1565 λονζτι
215 1500 351 1552 οὐδὲ
397 1498 457 1552 τὸ
482 1499 602 1552 ὅλον
643 1499 866 1569 φήσειεν
914 1498 979 1552 ἂν
1006 1494 1168 1560 εἶναι,
1201 1498 1335 1551 ἀλλὰ
1363 1497 1470 1550 τῶν
1506 1514 1602 1567 μι-

8 1593 113 1658 95”
165 1592 281 1661 τῆς
327 1591 593 1661 διαφορᾶς
623 1590 1040 1660 ἀναιρουμένης,
1070 1589 1162 1643 καὶ
1204 1589 1265 1642 τὸ
1307 1589 1428 1642 ὅλον
1473 1589 1605 1658 φθα-

8 1685 67 1752 ρή
78 1699 276 1737 σεται.
311 1684 422 1735 Καὶ
455 1681 534 1745 τίς
563 1680 628 1734 ἂν
659 1681 721 1734 οὐ
753 1681 973 1751 συνήσει
1005 1679 1064 1733 τὸ
1101 1679 1333 1745 ἃτοπον;
1364 1677 1619 1748 Φανερδν

8 1778 131 1842 ἄρα,
166 1776 262 1827 ὅτι
317 1777 432 1828 ὅσοι
467 1772 565 1842 τὴν
613 1772 741 1841 μίαν
791 1771 1089 1825 ὑπόστασιν
1122 1770 1215 1823 τού
1247 1768 1485 1842 Χριστοῦ
1520 1769 1597 1831 ὡς

1699 493 1828 545 uuio
1845 502 1946 560 est,
1966 499 2150 564 etquae
2165 493 2451 565 uniuntur,
2472 503 2669 558 unione
2685 507 2960 562 uniuntur.
2984 509 3074 564 Sic
3095 512 3259 566 etiam

1699 590 1866 637 totum
1889 583 2123 653 partium
2149 595 2320 640 totum
2353 594 2457 653 est,
2485 599 2535 645 et
2565 600 2745 660 partes
2771 595 2934 649 totius
2956 606 3154 665 partes.
3185 598 3263 656 Ea

1697 688 1856 743 porro
1880 689 2001 744 qua
2031 675 2096 730 ad
2132 676 2334 746 aliquid
2359 690 2506 744 sunt,
2542 683 2587 736 si
2620 699 2789 738 unum
2813 702 2881 741 ex
2909 687 2975 742 iis
2996 697 3118 743 actu
3154 695 3264 754 est,

1681 778 1922 820 necesse
1940 777 2042 831 est,
2076 776 2127 820 et
2153 768 2380 822 alterum
2401 783 2540 826 esse.
2567 770 2703 827 Cum
2749 774 2927 846 itaque
2945 777 3148 834 Christi
3178 777 3265 835 in-

1700 856 1920 927 tcgritas
1977 867 2032 914 et
2073 860 2205 937 u‘nio
2251 870 2372 914 actu
2408 871 2509 927 est,
2540 873 2702 919 erunt
2735 871 2789 919 et
2831 877 3012 937 partes
3044 873 3267 925 omnino

1698 957 1846 1011 actu,
1877 957 1929 1003 et
1952 935 2138 1004 eorum
2165 950 2474 1005 discrimen.
2513 951 2622 1009 Hoc
2656 957 2700 1010 si
2733 935 2918 1012 verum
2940 970 3040 1023 est,
3075 976 3268 1030 quem-

1699 1036 1988 1094 admodum
2036 1055 2220 1094 verum
2287 1051 2389 1104 est.
2457 1045 2548 1112 qui
2592 1060 2699 1100 non
2754 1049 3040 1105 conﬁtetur
3088 1036 3268 1121 partes

1702 1136 1781 1182 tot
1808 1143 1948 1195 esse,
1982 1145 2161 1200 neque
2188 1141 2358 1186 totum
2385 1131 2664 1188 fatebitur
2693 1152 2833 1201 esse,
2880 1141 2972 1194 sed
3025 1142 3259 1210 partium

1663 1218 2003 1290 gdillerentia
2037 1221 2269 1289 sublata,
2302 1232 2472 1278 totum
2495 1241 2713 1295 quoque
2741 1230 3001 1285 destruet.
3043 1232 3102 1287 Et
3134 1234 3263 1303 quis

1703 1310 2002 1371 absurdum
2064 1313 2141 1368 rei
2189 1314 2542 1386 ineptumque
2571 1334 2678 1373 non
2711 1322 2925 1388 capiet?
2961 1321 3112 1379 Patet
3160 1326 3266 1384 ita-

1702 1418 1805 1473 que
1826 1419 1942 1468 eos,
1967 1404 2060 1474 qui
2091 1420 2254 1459 unam
2283 1406 2487 1463 Christi
2513 1409 2868 1479 hypostasim,
2894 1416 3058 1468 veluti
3089 1425 3264 1472 totum
3340 1427 3345 1432 '

1702 1496 1971 1568 quoddam
2017 1515 2082 1553 ex
2153 1501 2353 1556 deitate
2404 1511 2458 1556 et
2512 1501 2865 1558 humanitate.
2905 1510 3263 1577 compositum

1703 1589 2049 1658 proﬁtentur,
2086 1602 2267 1660 partes
2299 1593 2434 1649 duas
2463 1595 2672 1650 scilicet
2697 1585 2918 1653 naturas
2949 1602 3263 1656 necessario

1703 1678 1968 1744 fassuros,
2005 1680 2129 1736 licet
2157 1696 2250 1737 vos
2274 1683 2326 1736 id
2363 1683 2634 1740 abnuatis.
2685 1684 2837 1750 Quod
2887 1697 3073 1743 sancta
3103 1687 3268 1746 Chal-

1701 1769 2020 1823 cedonensis
2060 1773 2296 1840 synodus
2326 1773 2500 1842 palam
2535 1777 2916 1846 promulgavit.
3084 1765 3096 1777 ’

8 1870 124 1921 ὅ).ον
163 1885 225 1920 τι
263 1870 331 1921 ἐκ
374 1866 624 1936 θεότητος
671 1865 764 1920 καὶ
798 1863 1232 1936 ιάνθρωπότητος
1300 1863 1660 1933 συγκειμένην
1693 1862 2036 1932 ὁμολογοῦσι,
2081 1866 2173 1917 καὶ
2217 1865 2286 1918 τὰ
2318 1866 2470 1936 ’μέρη
2519 1868 2612 1920 δύο
2648 1868 2836 1937 φύσεις
2883 1870 3087 1928 εῐποιεν
3111 1872 3178 1928 ἂν
3206 1874 3268 1942 ἐξ

8 1962 293 2031 ἀνάγκης,
325 1961 431 2014 κᾶν
466 1961 624 2030 ὑμεῖς
659 1959 735 2031 μὴ
789 1957 1072 2033 βούλησρε,
1120 1959 1252 2027 ὅπερ
1287 1959 1318 2027 ἡ
1363 1959 1420 2008 ὲν
1459 1955 1760 2025 Χαλκηδόνι
1794 1956 1921 2024 ἁγία
1961 1956 2186 2021 σύνοδος
2218 1959 2433 2027 τρανῶς
2465 1957 2792 2031 ὲξεφώνησε.

75 2053 150 2126 η’.
185 2055 271 2107 Τὸ
299 2054 358 2107 δὲ
395 2054 554 2108 πάλιν
594 2053 897 2122 λέγειν,ὂτι
933 2051 1001 2108 Ἠ
1047 2046 1290 2119 τετάρτη
1332 2049 1593 2114 σύνοδος

1765 2047 1823 2103 8.
1853 2048 2120 2104 Prteterea
2165 2049 2300 2104 illud
2360 2053 2508 2116 item,
2568 2062 2808 2122 quartam
2861 2054 3118 2122 synodum
3159 2057 3266 2111 una

9 2144 343 2214 συμφωνεῖ
366 2144 445 2210 τῷ
469 2144 791 2212 Νεστορίῳ,
822 2143 910 2197 ὅτι
941 2141 1051 2196 δύο
1072 2142 1290 2211 φύσεις
1312 2141 1600 2207 λέγουσα,

11 2237 303 2303 κάκεῖνος
338 2221 620 2301 ὡσαύτως
646 2235 755 2289 δύο
781 2234 995 2304 φύσεις
1022 2223 1213 2302 λέγων
1232 2272 1246 2296 ,
1285 2228 1604 2298 όμοφρονεῖ

13 2330 92 2394 τῷ
152 2328 488 2395 Νεστορίῳ.
545 2325 720 2394 Πλὴν
763 2324 1145 2392 διαφέρονται
1205 2324 1294 2388 είς
1363 2323 1434 2374 τὰ
1487 2319 1597 2373 δύο

15 2419 344 2484 πρόσωπα,
381 2414 617 2468 ἐκείνου
648 2413 772 2484 ’μὲν
819 2413 1106 2482 λέγοντος
1150 2413 1259 2467 δύο
1288 2411 1600 2479 πρόσωπα,

18 2505 213 2573 αὐτῆς
263 2505 333 2559 δὲ
366 2501 735 2570 δοξαζούσης
778 2500 881 2557 ἐν·
929 2501 1029 2556 καὶ
1074 2503 1173 2556 διὰ
1229 2501 1405 2555 τοῦτο
1459 2499 1602 2567 τοὺς

20 2593 397 2661 ὀρθοδόεους
435 2592 815 2670 χλευάᾳασα,
875 2592 965 2646 ὅτι
1027 2593 1099 2646 οὺ
1146 2591 1485 2661 συμφρονεῐ
1522 2591 1603 2656 τῷ

23 2685 366 2754 Νεστορίφ,
424 2682 647 2737 αὐτόθεν
706 2682 1093 2753 φανερωτάτην
1143 2682 1257 2752 ἔχει
1318 2683 1416 2752 τὴν
1479 2683 1602 2736 ἐπι-

27 2776 190 2846 now
255 2777 325 2828 ικ
400 2771 494 2827 τοῦ
569 2789 661 2826 σου
731 2773 928 2842 λόγου,
996 2773 1079 2826 ὅτι
1151 2773 1252 2842 οὐχ
1311 2773 1605 2842 όμοφρονετ

28 2869 104 2940 τῷ
167 2866 490 2940 Νεστορίῳ,
546 2864 728 2929 καθὼς
773 2865 1090 2935 Δψευὶίοεπῶν
1137 2869 1487 2934 κατηγορεῖς.
1537 2864 1602 2918 El

33 2963 136 3032 γὰρ
185 2962 216 3014 ὀ
249 2963 348 3031 μὲν
394 2961 485 3014 δύο
534 2957 798 3030 πρόσωπα
842 2958 1072 3024 δοξάζει,
1106 2957 1346 3027 δηλονότι
1381 2958 1602 3022 καὶτὰς

29 3052 118 3105 δύο
141 3052 343 3121 φύσεις
377 3050 788 3121 κεχωρισμένας
837 3046 1234 3110 Ιδιοσυστάτους
1267 3045 1429 3110 οὔσας
1467 3048 1596 3116 ὁμο-

32 3144 196 3209 λογεῖ,
227 3142 319 3196 διά
354 3158 437 3195 τοι
461 3141 619 3194 τοῦτο
646 3141 739 3193 καὶ
758 3139 856 3210 τὴν
887 3139 1081 3192 ἕνωσιν
1114 3138 1316 3192 τούτων
1347 3138 1602 3207 σχετικὴν

1706 2155 1825 2193 cum
1875 2136 2124 2193 Nestorio
2155 2143 2366 2201 sentire,
2402 2142 2539 2211 quod
2571 2143 2704 2196 duas
2732 2157 2952 2203 naturas
2981 2145 3216 2214 fateatur
3244 2162 3265 2200 :

1699 2230 1944 2284 similiter
1972 2233 2144 2296 etiam
2181 2248 2299 2284 cum
2343 2233 2587 2286 Nestorio
2614 2235 2930 2289 concordare
2971 2237 3266 2308 quicunque

1703 2321 1838 2373 duas
1893 2332 2116 2376 naturas
2166 2322 2364 2391 fatetur
2395 2338 2413 2377 :
2443 2326 2499 2378 in
2528 2342 2587 2380 eo
2623 2330 2981 2383 tantummodo
3029 2330 3264 2400 ili/Terre,

1698 2414 1836 2480 quod
1864 2414 1953 2466 ille
1976 2413 2129 2478 duas,
2165 2416 2397 2483 synodus
2432 2433 2591 2469 unum
2619 2428 2826 2472 tantum
2866 2436 3143 2488 personam
3179 2425 3258 2475 te-

1701 2510 1844 2564 neat,
1876 2510 1927 2554 et
1963 2517 2055 2570 per
2081 2501 2134 2555 id
2169 2501 2350 2569 fucum
2380 2505 2686 2558 orthorloxis
2721 2506 2924 2574 fecisse,
2956 2506 3176 2574 jactaus
3203 2523 3258 2560 se

1700 2605 1732 2642 a
1766 2588 2019 2644 Nestorlo
2046 2590 2345 2656 dissentire,
2374 2605 2440 2645 ex
2495 2601 2584 2644 tua
2634 2592 2804 2660 ipsius
2839 2592 3085 2645 oratione
3112 2606 3267 2661 aper-

1700 2682 1910 2737 tissime
1943 2682 2207 2737 refellitur
2227 2722 2244 2749 ,
2276 2684 2766 2752 comprobaturque
2806 2697 2923 2737 eam
2953 2697 2982 2735 a
3014 2680 3266 2736 Nestorio
3355 2713 3359 2721 -

1705 2774 2029 2842 discrepare,
2069 2773 2169 2827 etsi
2209 2772 2323 2841 ipse
2371 2773 2509 2826 falso
2535 2767 2652 2826 eam
2693 2773 3020 2828 crininaris.
3053 2772 3263 2825 Etenim

1700 2862 2006 2919 Nestorium
2037 2863 2174 2918 duas
2220 2872 2442 2918 naturas
2487 2864 2884 2920 existimantem
2942 2863 3136 2932 palam,
3181 2870 3264 2916 est

1701 2956 1837 3010 duas
1868 2965 2091 3009 naturas
2116 2955 2361 3009 diversas
2408 2971 2502 3024 per
2553 2969 2610 3008 se
2661 2954 3019 3011 subsistentes
3063 2954 3260 3010 fateri:
3359 2980 3366 2989 ι
3461 2940 3468 2948 ’

1701 3045 1931 3115 ideoque
1960 3059 2148 3098 eorum
2209 3047 2464 3098 unionem
2529 3045 2826 3099 secundum
2890 3044 3261 3099 habitudinem

1703 3145 1880 3191 vocat.
1921 3120 2115 3191 Sancta
2174 3152 2302 3190 vero
2330 3139 2591 3207 synodus,
2629 3147 2682 3190 ut
2716 3147 2768 3192 tu
2807 3137 2905 3202 ais,
2943 3151 3103 3190 unam
3138 3152 3260 3206 per—

33 3234 200 3303 λέγει.
247 3233 314 3285 Ἠ
342 3232 399 3285 δὲ
426 3232 558 3300 ἁγία
586 3229 822 3293 σύνοδος,
855 3229 929 3292 ὡς
960 3231 1024 3282 σὺ
1060 3230 1184 3301 φὴς,
1219 3229 1280 3282 ἓν
1313 3229 1600 3297 πρόσωπον

1699 3232 1891 3285 sonam
1925 3240 1978 3283 et
2037 3243 2197 3282 unam
2236 3229 2572 3299 hypostasim
2613 3229 2882 3293 sanciens,
2936 3229 3073 3282 duas
3105 3235 3264 3282 natu-

37 3322 125 3374 καὶ
168 3321 304 3392 μίαν
334 3319 629 3373 ὑπόστασιν
679 3316 1031 3383 θεσπίζουσα,
1075 3315 1314 3387 φανερὸν
1362 3317 1446 3369 ὅτι
1500 3316 1599 3377 τὰς

1706 3332 1796 3371 ras
1826 3318 1877 3370 in
1939 3332 2046 3372 una
2095 3313 2324 3387 pcrsona
2371 3332 2465 3387 per
2517 3319 2810 3371 cssmtiam
2860 3327 2914 3370 et
2966 3317 3264 3372 secundum

35 3401 222 3478 φύσεις
245 3412 306 3464 ιν
353 3409 430 3484 τῷ
457 3409 536 3462 ἑνὶ
565 3396 842 3479 προσώπῳ
878 3407 1148 3473 ούσιωδῶς
1181 3408 1275 3461 καὶ
1317 3406 1438 3461 καθ’
1469 3405 1602 3459 ὑπό-

1708 3411 2038 3479 hypostasim
2095 3395 2292 3473 unitas,
2334 3418 2393 3462 ut
2438 3409 2552 3477 ipse
2587 3409 2714 3462 mihi
2750 3410 3072 3478 persuadeo,
3107 3425 3259 3465 asse-

38 3519 220 3557 στασιν
246 3501 529 3573 ὴνωμίνας
552 3502 686 3570 φαίη
713 3500 798 3556 ἄν·
833 3502 892 3554 οὑ
917 3499 1024 3571 γὰρ
1046 3499 1111 3554 ἂν
1140 3500 1313 3563 ἄλλως
1344 3498 1597 3569 ἐγχωρεῖ,

36 3593 124 3646 δύο
155 3591 347 3664 φύσεις
384 3592 564 3660 λέγειν
592 3593 649 3644 ιν
681 3590 762 3644 ἑνὶ
797 3589 1073 3661 προσώπῳ
1116 3591 1212 3644 καὶ
1248 3591 1346 3661 μιᾷ
1373 3592 1438 3660 τῇ
1471 3590 1602 3643 imo-

40 3684 242 3748 στάσει,
289 3683 336 3737 εί
375 3671 449 3754 μὴ
498 3680 623 3736 καθ’
659 3681 956 3736 ὑπόστασιν
993 3681 1088 3734 καὶ
1128 3679 1400 3743 οὐσιωδῶς
1431 3680 1602 3750 ἥνων-

39 3793 141 3830 ται.
193 3776 258 3831 ΕΞ
303 3774 361 3828 δὲ
392 3773 569 3840 τοῦτο,
607 3774 837 3845 φανερὸν
859 3773 1124 3827 δέδεικται
1161 3774 1226 3826 iit
1258 3771 1354 3826 τοῦ
1385 3771 1479 3825 σοῦ
1510 3771 1598 3824 λό-

39 3883 152 3933 γου,
199 3868 283 3920 ὅτι
313 3867 373 3920 οὺ
413 3865 823 3935 κεχωρισμένας
855 3865 953 3928 τὰς
979 3863 1169 3933 φύσεις
1197 3863 1292 3919 καὶ
1317 3862 1415 3926 τὰς
1448 3863 1600 3932 ἐνερ-

43 3959 185 4024 γείας
239 3959 334 4011 ἐπὶ
379 3956 616 4028 Χριστοῦ
667 3957 876 4028 λέγειὴ
919 3957 1052 4025 ἁγία
1096 3957 1191 4011 καὶ
1241 3954 1596 4026 οἱκουμενικὴ

47 4051 273 4120 τετάρτη
328 4048 581 4114 σύνοδος,
635 4047 749 4102 ἀλλ’
782 4049 1064 4120 ήνωμένας
1118 4047 1242 4102 καθ’
1279 4047 1595 4100 ὑπόστασιν.

49 4140 148 4191 Καὶ
175 4140 353 4203 ᾶλλως
399 4139 460 4191 τδ
485 4138 637 4192 αὑτόο
698 4139 761 4191 Ei
799 4138 886 4191 διὰ
935 4138 1032 4208 τὴν
1059 4137 1250 4191 ῑνωσιν
1279 4137 1373 4190 καὶ
1408 4138 1595 4208 μόνην,

49 4229 178 4296 λέγω
219 4229 286 4300 δὴ
328 4229 427 4300 τὴν
477 4229 598 4283 καθ’
640 4229 934 4284 ὑπόστασιν
959 4268 972 4293 ,
1027 4229 1077 4281 oi
1117 4228 1215 4297 τῆς
1276 4213 1598 4297 Ἐκκλησίας

50 4317 287 4389 τρόφιμοι
325 4319 674 4390 διαφέρονται
698 4316 786 4388 τῷ
819 4317 1117 4386 Νεστορίῳ,
1151 4314 1461 4380 καθὼςίκαὶ
1485 4317 1514 4369 ό
1538 4319 1596 4370 ὲν

47 4412 209 4477 ἁγίοις
244 4408 509 4479 Κύριλ).ος
539 4409 879 4477 φάσκει,-κα“ι
917 4409 978 4461 οὺ
999 4408 1087 4461 διὰ
1115 4405 1213 4469 τὰς
1240 4406 1334 4461 δύο
1383 4406 1594 4476 φύσεις,

51 4502 104 4553 σὺ
145 4502 199 4554 δὲ
237 4500 398 4563 αὐτὸς
447 4499 601 4568 ἔφης,
656 4499 737 4552 ὅτι
792 4499 826 4568 ὴ
881 4497 1094 4560 σύνοδος
1119 4496 1471 4566 ’διαφέρεται
1520 4496 1596 4565 τῷ

49 4590 314 4661 Νεστορίῳ
343 4590 484 4643 κατά
510 4589 569 4641 τὸ
603 4587 660 4643 ἓν
699 4589 1005 4656 πρόσωπον,
1054 4586 1149 4640 καὶ
1199 4586 1267 4640 τὰ
1307 4585 1418 4650 δύο,
1458 4587 1594 4655 ὅπερ

53 4685 179 4734 ποιεί
215 4680 275 4732 τὸ
311 4681 409 4750 μὲν
444 4679 523 4745 ἓν,
553 4679 664 4732 τῶν
699 4678 913 4747 φύσεων
945 4677 1042 4748 τὴν
1073 4677 1286 4742 ἕνωσιν,
1319 4678 1386 4730 τὰ
1411 4677 1468 4730 δὲ
1500 4676 1595 4730 δύο

50 4771 131 4841 τὴν
160 4770 445 4841 διαίρεσιν⁹
479 4768 711 4840 φανερὸν
755 4769 836 4821 ὅτι
869 4769 1007 4822 κατὰ
1035 4767 1094 4820 τὸ
1119 4767 1278 4838 ὀρθὸν
1323 4769 1422 4837 τῆς
1465 4767 1590 4819 Ἐκ·-

52 4862 265 4931 κλησιας
305 4861 621 4931 διαφέρεται
651 4861 684 4930 ὴ
726 4859 941 4922 σύνοδος
973 4858 1051 4929 τῷ
1102 4859 1402 4929 Νεστοριῳ.
1438 4859 1500 4920 Εἰ
1535 4857 1591 4910 δὲ

49 4951 209 5014 τοῦτο,
261 4951 500 5021 δηλονότι
530 4949 650 5003 οὐδὲ
701 4952 996 5021 συμφωνεῖ.
1033 4949 1254 5012 ’Δδίκως
1295 4948 1403 5019 ἄρα
1442 4948 1592 5018 παρὰ

53 5041 130 5093 σού
160 5044 597 5109 συκοφαντεῖται.
635 5040 744 5093 Καὶ
776 5041 856 5094 ὅτι
891 5041 1045 5094 τοῦτο
1075 5040 1291 5111 ἀληθὲς,
1324 5039 1596 5109 Κυρίλλου

52 5132 266 5184 ἄκουσον
287 5132 423 5200 πρδς
457 5131 712 5200 Εὑλόγιον
739 5132 803 5184 δι’
832 5131 1122 5199 ἐπιστολῆς
1148 5125 1337 5193 αὑταῖς
1365 5129 1592 5194 λέξεσιν·

61 5223 577 5296 Ἐπιλαμόάνονταί
593 5240 750 5288 τινες
767 5222 873 5290 τῆς
884 5222 1192 5286 ἐκθέσεως,
1211 5219 1290 5289 ἢν
1303 5218 1589 5288 πεποίην-

53 5329 128 5366 ται
149 5317 200 5367 οί
240 5314 599 5368 Ἀνατολικοί
618 5331 632 5344 ·
669 5315 768 5367 καί
800 5330 980 5383 φασι·
1021 5312 1125 5366 Διὰ
1152 5313 1209 5365 τί
1233 5312 1342 5366 δύο
1373 5313 1588 5380 φύσεις

52 5404 435 5473 ὀνομαζόντων
476 5404 693 5468 αὐτῶν,
736 5406 1026 5474 ἠνέσχετο
1080 5404 1178 5456 καὶ
1206 5405 1511 5471 ἐπῄνεσεν
1557 5407 1590 5458 ὁ

53 5493 142 5561 τῆς
176 5495 655 5564 Ἀλεξανδρείας
677 5497 739 5547 Ol
765 5494 830 5547 δὲ
858 5498 926 5549 τὰ
949 5497 1271 5564 Νεστορίου
1294 5494 1586 5562 φρονοῦν-

54 5602 130 5652 τες
179 5587 429 5654 λέγουσι
473 5587 752 5642 κάκεῖνον
795 5586 946 5639 οὕτω
976 5586 1238 5655 φρονεῖν,
1286 5584 1584 5653 συναρπά-

55 5674 228 5750 arte;
256 5678 399 5746 τοὺς
429 5681 538 5735 οὐκ
570 5679 800 5744 εἰδότας
829 5678 894 5733 τὸ
917 5678 1170 5746 ἀκριϐές.
1206 5675 1327 5744 Χρὴ
1368 5673 1435 5726 δὲ
1465 5674 1586 5739 τοῖς

1624 4727 1668 4783 D

1704 3511 1956 3555 veratura
1987 3509 2106 3555 est:
2137 3515 2311 3569 neque
2339 3500 2483 3554 enim
2519 3499 2634 3554 ﬁeri
2686 3508 2863 3570 potest
2929 3500 3064 3560 duas
3095 3508 3260 3554 natu-

1704 3607 1792 3647 ras
1825 3593 1878 3646 in
1913 3605 2019 3646 una
2045 3606 2280 3662 persona
2344 3600 2398 3646 et
2434 3607 2540 3646 una
2577 3593 2854 3662 liypostasi
2898 3591 3100 3657 dicere,
3154 3590 3260 3646 nisi

1701 3698 1777 3738 ea:
1834 3685 2130 3738 secundum
2173 3682 2503 3753 hypnstasim
2546 3694 2600 3737 et
2632 3683 2922 3738 essentiam
2976 3683 3256 3736 un‘iantur.

1701 3775 1852 3842 Quod
1882 3774 1927 3828 si
1963 3774 2010 3827 id
2047 3775 2245 3827 nemini
2272 3773 2496 3828 dubium
2527 3781 2629 3833 est,
2658 3786 2725 3827 ex
2773 3782 2861 3826 tua
2913 3771 3082 3841 ipsius
3141 3786 3259 3825 ora-

1702 3868 1847 3922 tione
1869 3867 2293 3929 demonstratur,
2327 3878 2432 3917 non
2451 3852 2737 3932 separatas
2780 3872 3001 3916 naturas
3027 3869 3078 3914 ut
3102 3870 3257 3916 actus

1700 3958 1754 4012 in
1778 3957 1995 4012 Christo
2020 3958 2199 4009 dicere
2221 3963 2462 4010 sanctam
2507 3964 2560 4006 et
2587 3952 2974 4006 (nemnenicam
3006 3961 3253 4020 quartam

1699 4048 1988 4118 synodum,
2037 4045 2132 4099 sed
2180 4044 2361 4098 unitas
2388 4042 2685 4098 secundum
2747 4040 3099 4111 hypostasim.
3137 4026 3253 4094 Alia

1698 4138 1860 4194 etiam
1880 4137 2092 4190 ratione
2116 4135 2168 4188 id
2188 4135 2325 4188 idem
2354 4135 2634 4204 probatur.
2667 4131 2720 4186 Si
2748 4139 2966 4200 propter
2992 4131 3248 4184 unionem

1699 4226 1895 4292 solam,
1917 4225 2035 4280 eam
2068 4226 2349 4290 duntaxat,
2382 4238 2503 4292 qua:
2563 4221 2861 4276 secundum
2913 4220 3246 4290 hypostasim

1697 4326 1798 4383 est,
1824 4326 1877 4371 et
1906 4332 2012 4370 non
2044 4328 2261 4385 propter
2294 4316 2428 4369 duas
2458 4322 2681 4368 naturas
2730 4311 2984 4367 Ecclesia:
3038 4313 3244 4366 alumni

1698 4425 1822 4465 cum
1857 4406 2106 4462 Nestorio
2136 4407 2483 4467 altercantur,
2536 4415 2595 4458 ut
2637 4412 2859 4458 sanctus
2897 4401 3130 4472 Cyrillus
3162 4415 3250 4454 rc-

1698 4500 1823 4566 fert,
1857 4508 1913 4554 tu
1941 4513 2157 4568 quoque
2197 4499 2314 4566 ipse
2374 4495 2653 4550 allirmasti
2707 4492 2974 4563 synodum
3008 4492 3075 4545 de
3123 4490 3248 4560 per-

1698 4584 1832 4645 sOna
1867 4589 2020 4642 unica
2061 4597 2115 4642 et
2172 4588 2294 4640 bina
2350 4600 2472 4639 cum
2528 4584 2777 4638 Nestorio
2835 4583 2981 4636 litem
3032 4577 3265 4644 habere,

1698 4695 1926 4751 quarum
1961 4693 2064 4732 una
2108 4678 2362 4731 unionem
2396 4688 2710 4729 naturarum
2766 4671 2944 4737 ellicit,
2976 4673 3084 4726 duo
3114 4671 3250 4724 divi-

1699 4775 1931 4836 sionem,
1957 4771 2132 4841 palam
2154 4778 2257 4843 est,
2292 4767 2588 4822 secundum
2619 4774 2816 4820 rectam
2845 4761 3100 4817 Ecclesia:
3126 4774 3255 4814 sen-

1698 4862 1920 4916 tentiam
1955 4860 2218 4930 synodum
2266 4856 2515 4919 Nestorio
2547 4851 2844 4917 adversari,
2875 4864 3050 4919 eoque
3106 4855 3254 4917 patet

1695 4951 2100 5007 evidentissime
2129 4948 2370 5002 eamdem
2397 4960 2519 5001 cum
2554 4960 2619 5000 eo
2650 4958 2757 4998 non
2792 4940 3102 4996 convenire.
3143 4937 3246 4990 lm-

1697 5043 1894 5098 merito
1928 5042 2108 5110 itaque
2141 5041 2236 5093 abs
2271 5047 2321 5091 te
2350 5045 2404 5091 et
2457 5034 2794 5090 calumniose
2853 5028 3245 5100 proscinditur.

1695 5134 1992 5203 Hocupnrro
2021 5147 2204 5185 verum
2237 5143 2358 5182 esse
2410 5126 2536 5181 audi
2571 5142 2600 5179 a
2653 5123 2855 5194 Cyrillo
2901 5118 3124 5190 epistola
3177 5117 3249 5168 ad

1695 5224 1981 5294 Eulogium
2030 5224 2114 5276 his
2153 5222 2338 5278 iisdem
2396 5218 2574 5274 verbis
2604 5218 2904 5283 loquentem
2936 5230 2949 5265 :
2983 5211 3241 5262 Accusant
3354 5251 3359 5256 .

1697 5314 1938 5370 nonnulli
1994 5313 2388 5380 expositionem,
2451 5326 2610 5377 quam
2645 5305 2941 5361 Orientales
2989 5302 3238 5366 fecerunt,

1695 5397 1971 5473 aiuntque,
1999 5403 2169 5467 Quam
2195 5402 2255 5453 ob
2290 5416 2502 5453 causam
2541 5400 2674 5452 duas
2713 5407 2927 5449 naturas
2959 5390 3062 5442 illis
3094 5402 3238 5439 asse-

1696 5495 1928 5549 rentibus
1953 5493 2226 5552 sustinuit,
2277 5503 2642 5558 assensumque
2679 5484 2896 5555 praebuit
2930 5474 3239 5533 Alexandri-
3344 5553 3353 5566 '

1694 5586 1840 5640 nus?
1875 5585 1978 5648 Qui
2018 5599 2133 5635 vero
2171 5581 2475 5635 Nestorium
2497 5588 2802 5646 sequuntur,
2858 5570 3089 5628 tradunt,
3119 5580 3238 5617 eum

1693 5678 1785 5729 hoc
1820 5675 1951 5729 idem
1979 5683 2166 5737 tenere,
2197 5688 2304 5736 eos,
2333 5671 2420 5737 qui
2469 5685 2573 5723 rem
2602 5682 2791 5722 merant
2821 5679 2918 5716 non
2966 5662 3235 5718 noverunt,
