3934 6316
46 280 145 341 lil3

926 272 1353 334 REFUTATIO
1392 270 1769 330 EPISTOLE
1814 270 2036 329 REGIS
2073 271 2458 332 ARMENLE.

3170 272 3271 336 ιιι

45 394 121 443 ἑνὶ
150 387 338 457 Λόγῳ,
366 388 533 457 ἤγουν
577 385 632 437 ἐν
671 387 736 454 τῇ
776 385 874 454 μιᾷ
915 384 1205 435 ὑποστάσει
1239 381 1496 451 Χριστοῦ,
1525 383 1613 434 άλ-

1720 392 1807 432 aut
1836 381 2109 448 proprium
2149 382 2459 441 consilium,
2490 390 2578 433 aut
2609 380 2993 446 bonorilaeitum
3014 381 3270 437 fateretur

44 484 105 533 λὰ
146 480 293 532 κατὰ
339 477 629 547 ἀναφορὰν
658 477 750 529 καὶ
797 474 1050 544 σχετικὴν
1081 475 1293 537 ἕνωσιν,
1324 474 1440 542 Ιἦτοι
1472 473 1613 525 κατὰ

46 572 287 638 ἀξίωμα,
321 571 354 639 ἢ
383 568 805 631 ταυτοϐουλίαν,
861 567 895 634 ἢ
945 566 1193 619 εὐδοκίαν
1244 566 1430 632 ἔλεγεν
1474 561 1612 618 εἷναι

44 661 133 713 τοῦ
163 648 349 727 Λόγου
395 660 531 729 πρὸς
561 646 662 728 τὴν
704 650 1027 727 σάρκα,’καὶ
1078 657 1180 710 ἀνὰ
1228 658 1392 727 μέρος
1440 654 1616 710 ταῦτα

46 752 215 803 ποιῶν
244 752 438 820 ἕτερον
488 746 623 803 εἶναι
669 751 761 802 τὸν
810 750 981 816 Λόγον
1019 748 1245 817 ἔφασκε,
1301 749 1391 801 καὶ
1431 748 1615 818 ἕτερον

48 842 131 893 τὸν
180 844 251 893 ὲκ
303 840 543 911 Μαρίας,
575 840 670 891 καὶ
699 838 1055 909 προσωπικὴν
1089 838 1279 890 ἕνωσιν
1316 837 1517 904 λέγων,
1552 836 1613 887 οὑ

49 938 103 985 τ).
131 933 523 1003 ταυτιζόμενον
570 934 636 1001 τῇ
689 932 979 984 ὑποστάσει
1010 931 1318 999 πρόσωπον,
1348 931 1483 997 ὅπερ
1524 928 1617 980 ἐπὶ

48 1022 136 1077 τοῦ
168 1025 517 1078 καθέκαστον
549 1023 830 1093 ἁρμόττει,
862 1022 974 1075 ἀλλ’
1004 1023 1204 1092 ἑτέρως
1254 1022 1395 1075 κατὰ
1435 1020 1495 1072 τὸ
1540 1021 1619 1072 oi-

50 1121 188 1169 κεῖον
221 1115 475 1185 βούλημα
520 1112 770 1177 ιδόξάζεν
836 1108 969 1183 (οἷον
1023 1113 1099 1176 ὡς
1147 1114 1275 1167 ὅταν
1304 1130 1387 1175 τις
1432 1114 1496 1165 τὸ
1523 1112 1616 1165 τοῦ

50 1208 233 1275 ὲτέρου
299 1205 664 1274 ὑποδυόμενος
739 1206 1071 1275 πρόσωπον,
1120 1205 1233 1259 ἀντ’
1273 1204 1437 1259 αὑτοῦ
1490 1208 1616 1267 τοὺς

49 1299 183 1365 ὑπὲρ
213 1296 381 1350 αὑτοῦ
407 1298 630 1364 ποιῆται
658 1296 871 1363 λόγους,
901 1296 967 1365 ἢν
994 1296 1056 1349 οὑ
1087 1296 1167 1348 δεῖ
1193 1296 1397 1366 κυρίως
1425 1295 1617 1350 ἕνωσιν

50 1389 322 1457 ἡγεῖσθαι,
371 1388 509 1443 ἀλλὰ
548 1388 804 1458 σχετικὴν
843 1387 1036 1440 ἕνωσιν
1082 1387 1143 1439 τὸ
1193 1387 1333 1442 ὅλον.
1379 1387 1617 1442 Καλοῦσι

50 1482 151 1548 γάρ
204 1498 357 1544 τινες
402 1480 671 1550 πρόσωπα
717 1481 815 1547 τήν
866 1495 1029 1532 τινων
1084 1478 1266 1547 σχέσιν
1299 1476 1435 1545 πρὸς
1461 1477 1620 1548 ἀλλη-

50 1571 187 1633 λους.
228 1571 349 1625 Οὑκ
393 1573 579 1639 ἀγνοεῖ
607 1570 667 1622 δὲ
710 1571 743 1640 ἡ
786 1568 1044 1639 συνήθεια
1084 1567 1278 1621 τούτου
1312 1567 1407 1619 τοῦ
1451 1572 1615 1637 προσ-

49 1662 194 1713 ώπου
240 1662 305 1714 τὸ
340 1661 761 1732 σημαινόμενον.
801 1660 1045 1729 Λέγομεν
1070 1658 1179 1728 γὰρ
1224 1658 1321 1710 τὸν
1358 1658 1621 1727 ἄρχοντα,-

1718 486 1837 525 esse
1870 471 2025 526 Verbi
2045 473 2119 525 ad
2155 488 2394 535 carnem,
2427 481 2479 525 et
2502 486 2592 525 eas
2618 475 2951 541 postmodum
2981 477 3269 530 scettndum

1718 573 1897 631 partes
1958 563 2201 617 dividens
2225 601 2241 625 ,
2296 563 2438 615 aliud
2481 578 2599 617 esse
2622 562 2852 619 Verbum
2887 566 3191 632 aﬂirmaret,
3217 577 3271 621 et

1720 655 1887 718 aliud,
1932 656 2077 724 quod
2132 670 2199 708 ex
2256 654 2422 708 Maria
2458 666 2608 710 ortus
2652 671 2781 711 suos
2836 670 3170 727 agnosceret,
3216 670 3271 713 ct

1722 748 2062 815 personalcm
2124 747 2383 801 unionem
2436 747 2731 801 decantatis
2806 762 2913 803 non
2961 764 3271 820 personam,

1720 852 1840 906 qua:
1883 853 1991 891 una
2045 851 2168 890 cum
2201 837 2480 906 hypostasi
2515 845 2619 899 est,
2653 837 2950 908 etsiugnlis
3000 841 3271 903 convenit,

1722 928 1816 981 sed
1873 927 1982 981 alio
2033 927 2214 989 modo,
2244 936 2301 980 ut
2352 927 2425 979 illi
2460 926 2760 990 videbatur,
2795 930 3080 998 conlingat.
3112 926 3273 983 Verbi

1722 1020 1916 1088 gratia,
1952 1019 2116 1073 veluti
2140 1035 2263 1072 cum
2298 1020 2421 1088 quis
2448 1019 2672 1073 alterius
2696 1034 2981 1088 personam
3019 1020 3269 1085 inductis,

1722 1110 1842 1165 loco
1890 1110 2031 1165 illitis
2076 1119 2128 1163 et
2188 1126 2285 1181 pro
2342 1110 2529 1164 eodem
2586 1125 2891 1165 sermonem
2938 1112 3116 1175 habet,
3153 1126 3272 1179 qua:

1722 1203 1938 1272 preprie
1963 1203 2089 1256 unio
2116 1202 2357 1256 vocanda
2384 1218 2492 1256 non
2512 1211 2615 1266 est,
2643 1203 2736 1257 sed
2775 1218 2922 1258 mera
2978 1204 3273 1273 respectiva

1723 1294 1886 1357 unio;
1916 1292 2188 1361 appellant
2217 1294 2360 1345 enim
2399 1292 2641 1346 nonnulli
2666 1307 2926 1362 personas
2967 1293 3271 1363 aliquorum

1723 1386 1862 1439 inter
1907 1401 1966 1440 se
2025 1396 2325 1455 respectum
2374 1401 2467 1440 seu
2513 1386 2848 1451 relationem,
2887 1400 2985 1440 nec
3018 1401 3147 1442 usus
3206 1385 3275 1439 ab

1724 1476 1883 1545 hujus
1900 1490 2152 1545 persona:
2168 1477 2472 1545 signiﬁcatu
2510 1477 2801 1531 abhorret:
2836 1476 3068 1532 dicimus
3119 1490 3271 1529 nant-

1722 1580 1826 1634 que
1854 1566 2149 1635 prineipem
2175 1567 2316 1634 regis
2345 1567 2615 1620 sustinere
2646 1579 2934 1633 personam
2972 1580 2985 1619 :
3017 1579 3143 1619 cutn
3188 1565 3271 1618 in-

1723 1673 1886 1727 quam
1916 1657 2016 1711 hac
2043 1658 2251 1711 ratione
2296 1656 2576 1710 Nestorius
2611 1655 2944 1725 pcrsonalem
2998 1654 3272 1725 proﬁtere-

50 1752 136 1803 τοῦ
167 1750 444 1821 βασιλέως
502 1751 719 1820 επέχειν
762 1751 823 1803 τὸ
877 1750 1187 1820 πρόσωπον,
1222 1749 1364 1802 κατὰ
1394 1748 1551 1801 τοῦτο
1588 1749 1616 1800 ό

1718 1756 1806 1801 tur
1858 1749 2136 1812 unionem,
2188 1757 2473 1817 propterea
2525 1747 2645 1816 jure
2675 1747 2869 1800 merito
2930 1746 3272 1801 anathemate

50 1842 344 1912 Νεστόρεος
373 1842 475 1911 τὴν
500 1838 854 1911 προσωπικήν
884 1840 1212 1909 ἐπρέσϐευεν
1248 1839 1486 1909 ἓνωσιν)·
1524 1839 1613 1893 διά

52 1949 125 1983 τοι
167 1930 335 1984 τοῦτο
366 1930 704 2001 δικαίως.τῷ
749 1931 1054 1999 άναθέματι
1118 1929 1612 1999 καθυποὸἑὸληται.

60 2022 117 2076 Ὀ
154 2024 212 2075 δι
247 2023 316 2092 δὴ
344 2022 531 2086 πάπας
570 2022 741 2085 Λέων,
782 2020 968 2091 ἐπειδὴ
1000 2021 1091 2075 τὸν
1125 2020 1286 2074 αὑτὸν
1335 2020 1432 2075 ἕνα
1480 2021 1615 2090 Χρι-

52 2113 170 2165 στὸν
202 2114 300 2165 καὶ
329 2112 536 2183 Κύριον
574 2112 666 2165 καὶ
713 2111 848 2165 Θεὸν
885 2112 1041 2180 ἡμῶν
1074 2112 1133 2165 ὲν
1179 2112 1280 2181 μιᾷ
1320 2110 1615 2165 ὑποστάσει

50 2205 174 2257 ὸντα
209 2203 506 2275 ὡμολόγει,
554 2203 643 2256 τὸν
689 2204 784 2256 καὶ
827 2201 959 2255 Θεὸν
1000 2202 1123 2255 ὄντα
1168 2203 1262 2255 καὶ
1311 2202 1613 2271 ἄνθρωπον,

52 2294 178 2346 Θεὸν
216 2295 316 2367 μὲν
339 2293 416 2358 ὡς
446 2293 736 2357 συναῒδιον,
780 2292 877 2343 καὶ
906 2291 1149 2361 ἀχρόνως
1176 2292 1239 2343 ὲκ
1274 2290 1369 2343 τοῦ
1408 2290 1616 2360 Πατρδς

56 2385 274 2451 φυέντα,
299 2385 394 2439 καὶ
422 2383 705 2452 όμοούσιον
733 2382 809 2452 τῷ
840 2400 900 2435 τε
936 2382 1055 2453 Θεῷ
1082 2384 1176 2435 καὶ
1203 2381 1399 2451 Πατρὶ,
1428 2383 1520 2435 καὶ
1539 2380 1644 2451 τῷ-

56 2473 335 2542 Πνιεύματι
384 2473 461 2541 τῷ
490 2474 651 2543 ἁγίῳ,
697 2473 787 2526 ἐπ’
839 2473 1085 2542 ἐσχάτων
1126 2473 1183 2527 δὲ
1234 2472 1340 2525 τῶν
1394 2472 1615 2543 ἡμερῶν

55 2564 136 2617 διὰ
174 2565 275 2636 τὴν
324 2567 597 2637 ἡμετέραν
646 2566 926 2635 σωτηρίαν
967 2565 1147 2633 σάρκα
1186 2564 1469 2632 γεγονότα,
1497 2565 1616 2634 ἦτοι

57 2654 573 2726 ὲνανθρωπήσαντα,
623 2655 718 2709 καὶ
788 2655 1119 2723 γεννηθέντα
1174 2656 1237 2706 ὲκ
1304 2654 1617 2723 Πνεῦματος

59 2746 205 2811 ἁγίου
250 2746 351 2798 καὶ
381 2745 601 2816 Μαρίας
631 2745 727 2814 τῆς
758 2743 1055 2814 Παρθένου,
1090 2742 1270 2807 καθὼς
1311 2745 1344 2811 ή
1373 2742 1617 2811 θεολόγος

60 2836 269 2900 γλῶττα
312 2838 586 2904 ὲκφωνεῖ,
631 2837 726 2887 καὶ
767 2834 837 2888 τὰ
885 2834 1047 2887 λοιπὰ
1102 2836 1271 2902 Δόγια
1319 2836 1614 2906 μαρτυρεῖ,

65 2927 154 2976 καὶ
204 2926 264 2977 αἱ
314 2925 423 2978 τῶν
468 2925 781 2978 ἀποστόλων
820 2924 995 2993 φωναὶ
1040 2924 1393 2992 ὑφηγοῦνται,
1436 2929 1530 2977 καὶ
1561 2925 1618 2976 at

61 3015 159 3065 τῶν
188 3015 465 3083 θεοσόφων
498 3015 753 3086 Πατέρων
805 3014 1139 3067 διδασκαλίαι
1194 3016 1482 3084 τρανοῦσιο
1515 3031 1616 3084 φα·

62 3106 228 3175 νερὸν,
264 3107 349 3159 ὃτι
390 3107 418 3158 ό
456 3107 641 3168 πάπας
679 3106 829 3160 Λέων
860 3105 997 3176 μετὰ
1024 3109 1121 3177 τῆς
1156 3104 1419 3175 ἀληθείας
1448 3107 1611 3177 ἔστη-

63 3214 139 3259 κε,
169 3198 265 3251 καὶ
296 3197 356 3250 οὑ
393 3201 672 3268 συμφωνεί
698 3198 776 3265 τῷ
810 3197 1110 3269 Νεστορίῳ.
1140 3199 1250 3250 Καὶ
1284 3198 1446 3251 πάλιν
1475 3198 1612 3267 γρά-

62 3304 143 3351 est
188 3288 505 3357 Νεστόριος,
556 3290 638 3341 ὅτι
678 3289 824 3357 Οὐχί
861 3290 896 3342 ὁ
945 3290 1134 3357 Λόγος
1177 3288 1283 3342 τοῦ
1336 3289 1482 3342 Θεοῦ
1514 3288 1613 3341 διὰ

66 3378 265 3443 χειρῶν
314 3378 535 3447 Ἰωσὴφ
554 3378 711 3446 ῥάκη
732 3378 1005 3444 ἐνεδύθη,
1034 3380 1193 3431 ἀλλὰ
1218 3378 1284 3431 τὸ
1313 3378 1484 3447 σῶμα
1499 3379 1611 3432 τοῦ

65 3470 295 3533 Κυρίου.
346 3468 551 3538 Γράφει
585 3469 758 3533 Λέων,
804 3469 886 3521 ότι
927 3470 987 3520 τὸ
1021 3468 1120 3539 μὲν
1152 3469 1361 3538 ἔλαμπε
1387 3470 1474 3523 διὰ
1500 3472 1610 3523 τῶν

67 3547 319 3627 σημείων,
355 3562 413 3613 τὸ
459 3560 517 3612 δὲ
564 3561 839 3614 ὑπέπιπτε
886 3563 998 3623 τοῖς
1046 3561 1381 3631 παθήμασιν.
1424 3563 1611 3632 Ἐναρ-

63 3650 290 3716 γέστατα
318 3650 407 3703 διὰ
447 3651 607 3720 τῆσδε
647 3651 747 3721 τῆς
811 3653 1058 3721 χρήσεως
1096 3652 1124 3703 ό
1176 3650 1273 3721 μὲν
1320 3652 1610 3721 Νεστόριος

66 3740 209 3791 ἀλλον
240 3742 386 3793 ποιεῖ
408 3740 498 3794 τὸν
534 3741 666 3793 Θεὸν
696 3741 887 3808 Λόγον,
919 3741 1011 3813 καὶ
1042 3740 1198 3794 ἄλλον
1239 3741 1330 3793 τὸν
1380 3743 1444 3794 ἐκ
1490 3742 1608 3794 Μα-

66 3829 195 3895 ρῖας,
247 3824 296 3895 ᾧ
332 3830 426 3881 καὶ
466 3830 645 3889 ίδικῶς
689 3830 977 3899 πρόσωπον
1010 3830 1137 3882 ίδιον
1173 3830 1467 3900 ὁμολογῶν,
1509 3832 1610 3901 ’1η-

67 3920 179 3970 σοὺν
208 3920 411 3973 ἐκάλει.
455 3920 600 3972 Ἔδει
628 3921 735 3991 γὰρ
758 3919 941 3987 αὑτὸν,
968 3920 1122 3989 εἴπερ
1152 3920 1458 3989 όρθοτόμως
1488 3920 1604 3972 ἐλε-

66 4026 171 4075 γεν,
204 4012 377 4075 οὕτως
404 4013 596 4064 εἰπεῖν’
624 4011 759 4082 Οὑχὶ
786 4014 815 4064 ό
853 4011 1021 4079 Λόγος
1051 4010 1142 4065 τοῦ
1168 4010 1323 4073 Θεοῦ,
1351 4012 1485 4063 καθὸ
1512 4012 1608 4063 Λό-

67 4115 168 4164 γος,
197 4100 578 4169 ἀκατάληπτος
617 4104 711 4154 καὶ
757 4101 1164 4169 ἀπερίγραπτος
1207 4102 1299 4154 καὶ
1343 4101 1606 4164 συναῖδιος

68 4188 135 4257 τῷ
165 4191 334 4257 [Iath
378 4188 474 4251 ὢν,
505 4190 646 4258 ῥάκη
711 4190 934 4260 ἑνεδὺθη
985 4191 1089 4243 ὑπὸ
1119 4191 1317 4261 χειρῶν
1386 4191 1602 4260 Ἰωσὴφ,

67 4278 224 4349 ἀλλ’ἢ
260 4279 395 4332 καθὸ
426 4280 514 4332 διὰ
552 4283 649 4347 τὴν
691 4280 965 4351 ἡμετέραν
1012 4281 1287 4350 σωτηρίαν
1323 4280 1605 4349 ἄνθρωπος

1715 1840 1856 1894 ictus
1889 1826 1991 1895 est.
2018 1846 2083 1893 At
2108 1842 2217 1895 Leo
2247 1841 2483 1909 pontifex
2516 1841 2765 1895 eumdem
2795 1857 2962 1895 unum
2988 1840 3262 1895 Clit-istum

1711 1938 1765 1983 et
1795 1928 2104 1995 Dominum,
2159 1941 2213 1983 et
2244 1931 2409 1983 Deum
2466 1939 2710 1985 nostrum
2763 1932 2815 1984 in
2862 1947 2967 1986 una
2999 1932 3270 2003 hypostasi

1711 2037 1832 2078 esse
1870 2020 2163 2086 aﬂirmans,
2222 2021 2391 2077 Deum
2440 2022 2602 2077 simul
2657 2029 2711 2077 et
2762 2023 3061 2086 hominem,
3099 2023 3266 2078 Deum

1714 2119 2039 2165 coaeternum
2073 2110 2241 2176 Patri,
2292 2122 2346 2166 et
2378 2111 2584 2180 absque
2640 2123 2881 2181 tempore
2926 2128 2957 2166 a
2985 2112 3141 2167 Patre
3175 2130 3269 2185 ge-

1715 2203 1911 2267 nitum,
1935 2211 1990 2259 et
2051 2204 2296 2274 ejusdem
2329 2218 2453 2258 cum
2497 2203 2609 2258 Deo
2660 2213 2715 2258 et
2759 2205 2942 2269 Patre,
2974 2214 3029 2261 et
3062 2203 3268 2275 Spiritu

1716 2302 1905 2348 sancto
1969 2293 2254 2359 essentia;
2306 2293 2597 2363 postremis
2642 2307 2770 2351 vero
2827 2295 3019 2351 diebus
3050 2304 3270 2366 proptrr

1717 2394 1963 2441 nostram
2009 2385 2238 2440 salutem
2280 2400 2500 2440 carnem
2545 2385 2771 2449 factum,
2816 2388 2930 2439 sive
2971 2386 3266 2451 hominem,

1716 2483 2036 2544 prognatum
2069 2489 2135 2527 ex
2189 2471 2395 2543 Spiritu
2460 2482 2665 2537 saneto,
2696 2485 2750 2528 et
2812 2473 2977 2528 Maria
3027 2472 3263 2543 Virgine,

1717 2564 2172 2635 quemadmodum
2206 2564 2384 2617 divina
2441 2572 2681 2618 tractans
2715 2563 2895 2632 lingua
2918 2566 3185 2627 enuntiat,
3214 2575 3267 2619 et

1719 2653 1921 2722 reliqua
1944 2654 2157 2722 eloquia
2192 2663 2480 2718 testantur,
2510 2662 2564 2705 et
2590 2667 2748 2708 roces
2778 2654 3146 2723 apostolorum
3170 2654 3268 2708 do-

1718 2756 1860 2809 cent,
1892 2754 1946 2799 ct
1970 2745 2152 2799 divina
2175 2744 2438 2813 sapientia
2486 2744 2832 2811 przeditorum
2861 2743 3081 2797 Patrum
3132 2744 3248 2799 dot:

1721 2837 1858 2889 trina
1895 2846 2308 2899 commonstrat,
2336 2834 2715 2889 manisl‘cstum
2751 2844 2833 2888 est
2874 2834 3107 2888 Leonem
3128 2851 3265 2904 pou-

1721 2927 1921 2991 tilicent
1946 2942 1975 2980 a
2003 2936 2230 2980 veritate
2258 2936 2422 2987 stare,
2447 2936 2500 2980 et
2558 2925 2951 2981 rumNestorio
2992 2941 3100 2980 non
3137 2942 3269 2981 con-

1720 3017 1968 3071 cordare.
2028 3017 2267 3069 Rursum
2299 3018 2489 3071 scribit
2534 3015 2862 3071 Nestmius:
2901 3014 3123 3069 Verbum
3168 3016 3263 3069 Dei

1714 3123 1804 3175 per
1820 3122 2003 3159 inanti:
2023 3105 2234 3175 Josephi
2247 3107 2432 3175 pannis
2455 3109 2703 3160 amictum
2725 3124 2825 3161 non
2845 3118 2939 3174 est,
2962 3109 3050 3163 sed
3076 3113 3278 3178 corpus

1719 3197 1951 3261 Donu'm',
2010 3195 2119 3248 Leo
2176 3209 2380 3261 autem,
2440 3197 2544 3251 hoc
2602 3199 2817 3267 quidem
2865 3200 3262 3269 resplenduisse

1715 3288 2006 3351 miraculis,
2037 3287 2165 3340 illud
2194 3301 2319 3341 vero
2344 3288 2685 3357 passiOnibus
2711 3290 3006 3343 obnoxium
3063 3291 3256 3345 fuisse.

1710 3377 2056 3444 Apertissime
2086 3393 2181 3445 per
2218 3379 2329 3431 lucc
2368 3378 2528 3431 verba
2573 3377 2853 3434 Nestorius
2881 3380 3043 3434 alium
3091 3379 3259 3434 Deum

1716 3468 1945 3520 Verbum
1994 3468 2291 3533 constituit,
2346 3477 2399 3522 et
2424 3469 2588 3522 alium
2616 3484 2682 3524 ex
2714 3469 2879 3523 Maria
2906 3480 3252 3540 prognatum,

1710 3558 1797 3609 cui
1828 3566 1875 3609 et
1920 3558 2265 3626 singulariter
2308 3560 2575 3629 propriam
2611 3576 2893 3629 personam
2920 3563 3257 3618 constituens

1707 3646 1887 3703 Jesum
1909 3649 2285 3717 nuucupabat:
2314 3649 2710 3715 debebatenim,
2728 3653 2774 3705 si
2800 3650 2924 3722 quid
2952 3652 3039 3706 ille
3055 3661 3257 3706 rectum

1707 3737 2007 3804 exprimere
2021 3737 2247 3805 volebat,
2266 3742 2363 3792 hac
2376 3740 2579 3795 ratione
2590 3742 2895 3797 enuntiare:
2916 3742 3145 3796 Verbum
3167 3740 3258 3797 Dei

1707 3842 1812 3893 qua
1844 3825 2073 3879 Verbum
2096 3828 2733 3897 estincomprehensibile
2758 3839 2811 3884 et
2850 3832 3256 3889 incircumscri-

1709 3924 1857 3983 ptum
1881 3924 1932 3967 et
1980 3916 2121 3969 Patri
2166 3928 2487 3970 eoaeternum
2515 3957 2530 3982 ,
2562 3920 2752 3987 pannis
2786 3935 2892 3975 non
2919 3931 3000 3976 est
3024 3922 3257 3977 circum-

1712 4005 1986 4069 vestitum,
2006 4020 2097 4068 per
2117 4020 2310 4061 manus
2326 4003 2569 4077 Iosephi,
2597 4025 2702 4078 qua
2746 4026 2869 4065 vero
2898 4023 3112 4081 propter
3158 4028 3254 4065 no-

1707 4104 1870 4148 stram
1893 4094 2118 4147 salutem
2134 4096 2293 4150 homo
2309 4095 2481 4153 lactus
2496 4108 2579 4153 est
2598 4114 2688 4169 per
2703 4101 2883 4161 omnia
2900 4100 3050 4155 nobis
3063 4102 3254 4157 similis

1707 4185 1910 4254 absque
1968 4194 2207 4254 peccato,
2252 4197 2307 4239 et
2335 4187 2530 4253 infans,
2575 4190 2770 4257 pannis
2815 4205 3124 4261 pet-manus
3158 4190 3253 4246 Jo-

1706 4275 1856 4344 sephi
1875 4277 2159 4330 obvolutus
2172 4286 2272 4330 est.
2304 4276 2455 4345 Quod
2478 4293 2599 4333 curn
2627 4296 2734 4333 non
2756 4281 2921 4346 dicat,
2967 4282 3249 4337 manifesto

66 4372 265 4436 γέγονε,
301 4371 442 4423 κατὰ
489 4371 668 4424 πάντα
697 4373 881 4442 ὅμοιος
923 4372 1056 4441 ἡμῖν
1100 4371 1267 4441 χωρὶς
1311 4372 1602 4442 ἁμαρτίας,

1712 4368 1973 4421 evincitur
2015 4367 2336 4421 divisionem
2394 4370 2553 4423 unius
2580 4369 2777 4424 Christi
2811 4371 3112 4442 hypOstasis
3171 4373 3253 4426 in-

66 4462 147 4512 καὶ
182 4461 487 4531 νηπιάσας,
544 4460 760 4530 ὲνεδύθη
808 4462 949 4530 ῥάκη
998 4460 1101 4513 ὑπὸ
1148 4459 1343 4530 χειρῶν
1384 4460 1600 4531 Ἰωσήφ.

66 4551 235 4615 Οὕτως
279 4552 335 4604 δὲ
371 4553 447 4623 μὴ
479 4551 665 4617 εἰπὼν,
706 4551 937 4621 φανερὸν
987 4550 1067 4603 ὅτι
1110 4549 1372 4619 διαίρεσιν
1410 4549 1507 4618 τὴν
1542 4550 1602 4602 οὐ

67 4642 369 4711 πρέπουσαν
424 4645 716 4713 ἐποιήσατο
768 4642 885 4711 τῆς·
944 4643 1070 4709 μιᾶς
1120 4641 1463 4701 ὑποστάσεως
1510 4639 1602 4691 τοῦ

66 4733 307 4797 Χριστοῦ,
344 4735 423 4797 εἰς
464 4734 555 4787 δύο
589 4730 1096 4804 πρόσωπανταύτην
1135 4731 1314 4801 τεμών
1340 4747 1353 4761 ⁸
1387 4732 1472 4783 διά
1516 4749 1598 4783 τοι

66 4824 204 4878 τοῦτο
259 4826 556 4896 ἁναθέματι
583 4826 806 4887 δικαίως
833 4822 1325 4891 καθυποὸἐδληται.
1365 4823 1423 4874 '0
1451 4821 1507 4872 δὲ
1538 4821 1602 4889 δὴ

65 4918 224 4977 Λέων,
262 4920 343 4971 ὃτι
379 4918 440 4970 τὸ
476 4920 574 4988 μὲν
607 4918 817 4987 ἔλαμπε
860 4917 945 4970 διὰ
982 4915 1088 4969 τῶν
1140 4915 1415 4983 σημείων,
1449 4914 1509 4965 τὸ
1545 4913 1601 4963 δὲ

66 5010 324 5061 ὑπέπιπτε
370 5010 482 5071 τοῖς
538 5008 873 5077 παθήμασιν,
911 5007 973 5059 οὑ
1002 5005 1096 5076 δύο
1149 5006 1312 5074 φησὶν
1359 5004 1472 5065 ὅλα,
1513 5002 1601 5055 ἵνα

64 5102 142 5150 καὶ
172 5099 436 5169 διαίρεσιν
477 5099 593 5153 τῶν
613 5098 824 5166 φύσεων
852 5096 1042 5167 εισάξῃ
1068 5095 1446 5155 ίδιοσυστάτως
1472 5095 1601 5145 θεω-

65 5188 310 5256 ρούμενα,
339 5187 435 5240 καὶ
463 5186 553 5241 διὰ
583 5186 740 5240 τοῦτο
782 5184 874 5238 δύο
907 5186 1168 5255 πρόσωπα
1200 5183 1292 5236 καὶ
1344 5182 1436 5234 δύο
1472 5182 1601 5233 ὑπο-

64 5281 291 5346 στάσεις,
322 5278 458 5333 ἀλλὰ
507 5268 761 5340 δύοὲνὸς
805 5276 929 5330 ὅλου
969 5274 1413 5345 συμπληρωτικά.
1465 5272 1598 5324 Οὐδὲ

63 5370 156 5440 γὰρ
180 5367 430 5433 εἷπεν,⁹0
457 5368 577 5439 μιν,
600 5368 705 5423 Ἰκαὶ
730 5370 759 5422 ό
783 5368 859 5421 δέ·
891 5366 1011 5420 οὑδὲ
1046 5365 1161 5434 (καὶ
1183 5365 1268 5416 ἵνα
1302 5381 1354 5415 τι
1385 5379 1597 5431 συγχωο

65 5462 218 5530 ρήσας
250 5458 504 5531 damno
532 5447 650 5535 μιν,
683 5456 866 5521 ἅπλῶς
906 5458 1031 5511 ἄνευ
1058 5454 1389 5525 προσθήκης,
1419 5454 1511 5505 καὶ
1538 5453 1597 5503 τὸ

63 5551 129 5603 δὲ.
157 5552 317 5604 Ἀλλά
346 5542 399 5603 τί
438 5550 598 5619 imor;
628 5550 711 5603 Τὸ
739 5549 834 5618 μὶν
862 5547 1047 5611 αὑτοῦ,
1084 5548 1175 5599 καὶ
1201 5546 1261 5597 τὸ
1290 5546 1369 5606 δὲ,
1415 5545 1597 5613 δηλον-

63 5644 321 5698 ότιαὺτοῦ
349 5644 442 5696 διά
488 5660 630 5705 τινος
671 5643 763 5693 τοῦ
806 5639 927 5692 ὅλου
962 5641 1112 5707 φησὶ,
1143 5639 1201 5693 τὸ
1239 5638 1337 5707 μὲν
1365 5636 1423 5688 τὸ
1461 5654 1593 5705 συμ-

1712 4457 1917 4521 tulisse,
1959 4472 2076 4510 eam
2120 4457 2172 4509 in
2231 4457 2365 4511 duas
2410 4472 2673 4528 personas
2718 4459 3087 4523 subdividc-.s,
3122 4474 3249 4529 pro-

1708 4557 1996 4617 ptereaque
2014 4548 2132 4617 jure
2155 4550 2345 4601 merito
2373 4549 2711 4603 anathemate
2737 4550 2992 4604 subactus
3012 4561 3114 4604 est.
3140 4548 3250 4605 Leo

1707 4649 1887 4692 autem
1948 4640 2049 4693 hoc
2084 4638 2359 4693 miraculis
2390 4638 2803 4707 resplenduisse,
2839 4639 2981 4693 aliud
3009 4640 3252 4709 discipli-

1706 4732 1789 4783 nis
1816 4730 2087 4786 addictum
2117 4728 2308 4793 fuisse,
2333 4729 2537 4793 dicens,
2593 4744 2701 4782 non
2741 4730 2848 4783 duo
2890 4729 3065 4797 inquit
3110 4730 3244 4783 inte.

1705 4838 1797 4890 gra
1830 4837 1923 4889 per
1951 4835 2010 4875 se
2047 4820 2415 4885 subsistentia,
2450 4830 2508 4873 ut
2537 4829 2585 4874 et
2643 4820 2967 4875 divisionem
3030 4831 3245 4874 natura--

1703 4926 1821 4964 rum
1853 4909 2042 4963 aﬂ‘erat
2064 4949 2078 4973 ,
2110 4918 2497 4978 proptereaque
2529 4910 2663 4963 duas
2683 4924 2980 4978 personas;
3012 4920 3065 4964 et
3112 4914 3246 4964 duas

1704 5002 2057 5071 Itypostases:
2096 5001 2188 5054 sed
2216 5001 2322 5053 duo
2349 5000 2508 5053 unius
2532 5000 2723 5068 integri
2754 5001 3073 5070 completiva
3099 5018 3114 5065 ;
3150 5016 3241 5053 nc-

1702 5108 1806 5161 que
1849 5092 1991 5146 enim
2021 5092 2177 5155 dixit,
2204 5091 2289 5144 hic
2319 5100 2371 5145 et
2391 5089 2501 5155 ille,
2533 5106 2705 5160 neque
2728 5100 2784 5144 ut
2832 5091 3033 5160 aliquid
3078 5092 3238 5143 etiam

1700 5185 2016 5237 concederet
2066 5183 2168 5236 hoc
2198 5181 2510 5250 simpliciter
2540 5182 2745 5251 absque
2778 5182 2979 5246 addito,
3012 5190 3064 5233 et
3116 5182 3235 5233 hoc.

1702 5271 1895 5325 Verum
1926 5272 2028 5335 sic,
2052 5274 2149 5327 hoc
2182 5272 2398 5341 quidem
2428 5272 2592 5336 illius,
2628 5282 2680 5326 et
2708 5273 2810 5327 hoc
2837 5288 2982 5337 vero,
3011 5272 3110 5323 hoc
3155 5281 3240 5322 est

1698 5362 1841 5417 illius
1859 5363 1923 5415 de
1955 5363 2139 5431 aliquo
2169 5363 2373 5432 integro
2411 5378 2711 5417 sermonem
2747 5363 2967 5425 habens,
3002 5362 3099 5412 hoc
3120 5363 3244 5427 qn-

1699 5455 1818 5509 dem
1861 5456 1935 5508 ait
1991 5456 2394 5524 completivum,
2446 5456 2572 5510 etin
2605 5456 3039 5524 compositionem
3068 5450 3237 5519 ipsius

1698 5554 2033 5614 assumptum
2064 5546 2369 5614 resplendet
2392 5546 2688 5608 miraculis,
2721 5547 2821 5599 ltoc
2882 5555 3029 5601 vero,
3081 5539 3237 5592 sitni-

1698 5636 1817 5688 liter
1858 5646 1907 5690 et
1941 5636 2115 5703 ipsum
2150 5635 2317 5691 totius
2373 5635 2769 5704 complctivum,
2803 5635 2849 5685 in
2889 5626 3245 5697 compositio-
