3934 6316
485 289 595 356 615

1754 291 2045 354 ΝΙΕΕΤΕ
2083 291 2486 354 ΒΥΖΛΝΊῚΝΙ

3622 296 3745 358 διε

485 417 607 456 nem
669 399 813 455 illius
857 407 1140 470 acceptum
1198 402 1548 472 passionibus
1598 403 1895 480 obnoxium
1954 412 2055 458 est.

2162 402 2530 473 πληρωτικὸν,
2581 402 2672 454 καὶ
2719 404 2797 464 είς
2834 401 2928 472 τὴν
2970 403 3216 457 σᾶνοεσιν
3265 407 3429 459 αὐτοῦ
3474 407 3743 476 παραλη-

487 492 560 545 Ea
621 495 932 564 quicunque
994 494 1072 548 sic
1134 493 1408 563 intelligit,
1451 494 1905 564 quemadmodum
1939 503 1992 549 et
2023 509 2053 548 a

482 592 674 650 gancto
695 584 942 652 pontilicc
961 584 1136 638 Leone
1153 596 1508 653 exponuntur,
1538 585 1582 638 is
1602 585 1732 638 nihil
1751 600 1925 654 neque
1945 585 2063 638 ine-

488 681 634 737 ptum
667 687 843 741 neque
862 673 1232 740 blasphemum
1261 673 1647 742 pronuntiabit.
1667 674 1902 727 Rursum
1926 672 2058 727 scri-

484 761 563 814 bit
583 759 890 816 Nestorius:
916 762 981 815 Et
1014 762 1232 817 Verbum
1258 781 1376 816 caro
1395 765 1704 832 [actumest,
1742 775 1786 818 et
1813 763 2061 817 habitavit

487 842 541 906 in
572 854 740 907 nobis.
765 854 867 907 Leo
902 860 1062 908 vero:
1101 855 1374 922 Sapientia
1399 857 1678 925 a’di/icavit
1709 857 1809 910 sibi
1830 860 2058 918 domum,

489 962 610 997 nam
655 944 871 999 Verbum
918 963 1043 1000 caro
1072 951 1271 1015 factum
1330 959 1427 1012 est,
1454 961 1501 1000 et
1528 949 1779 1002 habitavit
1809 949 1860 1000 in
1892 946 2057 1000 nobis.

490 1035 597 1089 llas
622 1050 782 1090 voces
814 1052 989 1106 neque
1014 1038 1216 1106 impius
1249 1038 1530 1093 Nestor-ius
1560 1055 1622 1092 ex
1649 1039 1881 1108 prepriis
1912 1047 2058 1092 attu-

488 1127 567 1190 lit,
596 1143 770 1196 neque
799 1129 910 1198 ipse
931 1127 1040 1182 Leo
1091 1131 1337 1184 elociitus
1368 1140 1470 1195 est,
1502 1132 1590 1183 sed
1625 1146 1688 1183 ex
1717 1130 1912 1183 divinis
1948 1128 2072 1182 Lit-7

488 1218 618 1271 teris
649 1216 980 1281 haurientes,
1008 1220 1059 1271 in
1082 1220 1297 1289 propria
1317 1219 1704 1273 connnentaria
1733 1220 2053 1272 retulerunt.

488 1306 876 1363 Verumtamen
909 1308 1190 1364 Nestorius
1224 1324 1413 1365 contra
1448 1312 1734 1365 consilium
1776 1311 2053 1368 ecclesia-

487 1401 704 1462 sticum,
734 1411 784 1454 et
815 1416 877 1454 ex
916 1418 1012 1456 sua
1053 1403 1340 1471 depravata
1378 1414 1559 1457 mente
1597 1404 1763 1457 verba
1822 1419 2052 1472 cvange-

487 1492 588 1546 lica
628 1496 861 1562 sumpsit
894 1511 906 1546 :
971 1511 1223 1562 namque,
1273 1494 1494 1547 Verbum
1548 1512 1670 1548 caro
1707 1496 1909 1563 factum
1948 1506 2046 1561 est,

493 1587 707 1638 sensum
739 1586 878 1638 hunc
906 1585 1049 1653 pium
1078 1586 1282 1638 obtinet
1318 1603 1329 1638 :
1366 1585 1503 1638 Idem
1527 1585 1768 1639 divinum
1794 1585 2050 1649 Verbum,

495 1691 660 1727 unum
679 1691 739 1726 ex
763 1684 945 1729 sancta
972 1675 1165 1729 Triade
1187 1678 1458 1746 hypostasi
1485 1694 1604 1730 cum
1641 1678 1928 1732 mansisset
1950 1677 2052 1730 im-

495 1766 750 1820 mutabile
802 1766 1192 1834 immotumque
1260 1767 1400 1834 quod
1457 1778 1593 1828 erat,
1653 1766 1792 1819 Deus
1823 1766 2048 1830 scilicet,

491 1857 787 1925 assumpsit
823 1871 1039 1909 carnem
1072 1857 1364 1908 animatam
1425 1858 1602 1909 anima
1645 1857 1870 1910 rationis
1900 1869 2050 1909 com-

490 1957 613 2018 pote
657 1957 714 2000 'et
761 1949 1123 2012 intellectuali,
1154 1957 1204 2000 et
1233 1948 1370 2000 hanc
1394 1948 1586 1999 divina:
1621 1957 1824 2000 naturae
1855 1947 1905 1999 in
1931 1959 2052 2015 pro-

489 2041 604 2109 pria
658 2041 954 2110 Itprstasi,
999 2039 1212 2093 deitatis
1253 2054 1466 2105 nempe,
1502 2039 1693 2100 nnivit,
1752 2038 2049 2092 secundum

491 2134 783 2186 essentiam
828 2142 881 2185 ct
928 2132 1268 2201 hypostnsinr
1323 2133 1523 2185 unione
1577 2130 1784 2195 ctl'ecta,
1850 2137 1909 2182 ut
1945 2144 2052 2183 una

491 2223 799 2293 hypostasis
833 2225 946 2292 ipse
979 2231 1098 2290 post
1122 2222 1569 2286 incarnationem,
1611 2225 1689 2273 vel
1718 2231 2050 2290 assumptum

402 2360 403 2363 η
492 2311 767 2364 hominem
829 2311 1142 2364 crederetur
1181 2311 1328 2363 nullo
1399 2310 1768 2362 additainento
1807 2324 2053 2377 personat

498 2415 656 2458 aucta
695 2413 882 2458 sancta
925 2403 1213 2469 Trinitale,
1249 2404 1293 2456 is
1324 2417 1449 2457 cum
1489 2416 1649 2455 carne
1694 2403 2050 2471 comprehen—

490 2491 657 2557 ditur,
689 2503 740 2547 et
769 2504 870 2547 est.
922 2492 1033 2547 Hoc
1090 2507 1250 2546 sensu
1278 2492 1481 2546 dictum
1537 2493 1903 2560 evangelicum
1960 2508 2052 2544 ex-

491 2582 689 2651 quisita
726 2583 1045 2653 sinceraque
1080 2581 1332 2636 Ecclesiae
1361 2582 1746 2634 commentazio
1779 2582 2049 2650 interpre-

493 2679 654 2723 tatur.
678 2670 758 2724 Ad
787 2670 916 2724 illud
949 2685 1072 2724 vero
1097 2710 1114 2735 ,
1150 2670 1398 2722 habitavit
1431 2671 1484 2721 in
1522 2670 1690 2734 nobis,
1712 2681 1857 2723 recte
1879 2671 2053 2723 Theo-

492 2759 649 2831 iogus
715 2761 893 2816 statim
938 2761 1224 2830 subjunxit
1265 2770 1364 2815 :ut
1409 2760 1537 2824 duo,
1573 2777 1691 2828 qua:
1751 2761 2053 2829 signiﬁcan-

404 2841 412 2849 ’
494 2862 600 2917 tur,
636 2852 936 2922 intelligens
965 2851 1320 2915 habitantem,
1367 2862 1418 2918 et
1450 2853 1500 2904 in
1535 2867 1644 2920 quo
1675 2852 1936 2905 habitatio
1969 2853 2047 2916 lit,

494 2932 671 3015 ipsum
725 2945 777 2998 in
834 2960 1052 2997 carnem
1088 2945 1428 2997 innuutatum
1481 2959 1588 2997 non
1654 2943 1820 2998 fuisse
1874 2955 2049 2999 mente

2165 495 2296 564 φθὲν
2323 495 2616 561 διαλάμπει
2642 496 2751 556 τοῖς
2776 494 3034 562 θαύμασι,
3064 497 3123 549 τὸ
3159 498 3212 550 δὲ
3239 498 3436 566 ὁμοίως
3471 500 3564 550 καὶ
3598 499 3746 551 αὖτό

2167 583 2618 655 συμπληρωτικὸν
2651 584 2709 637 ὃν
2742 585 2832 637 τοῦ
2859 586 2978 637 ὅλου
3026 588 3082 639 ὲν
3113 590 3176 662 τῇ
3225 588 3472 641 συνθέσει
3509 589 3739 641 ἐκείνου

2165 675 2756 746 παραλαμῦανόμενον,
2819 676 3113 729 ὑποπίπτει
3164 680 3272 740 τοῖς
3331 677 3550 731 πάθεσι.
3610 681 3734 732 Καὶ

2163 765 2333 829 οὕτως
2372 765 2598 830 νοοῦντι,
2628 765 2814 836 ὥσπερ
2838 767 2928 819 οῦν
2959 769 3050 820 καὶ
3087 769 3321 837 εἴρηται,
3353 770 3504 837 παρὰ
3532 768 3638 822 τοῦ
3675 772 3738 822 ἐν

2161 853 2336 920 ἁγίοις
2376 854 2533 907 πάπα
2569 857 2815 920 Λέοντος,
2837 855 2986 908 οὐδὲν
3015 857 3230 921 ἄτοπον,
3257 857 3374 909 οὐδὲ
3401 856 3734 927 βλάσφημον

2160 944 2485 1012 ἀπαντήσει.
2517 946 2624 998 Καὶ
2656 946 2814 999 πάλιν
2839 949 3038 1015 γράφει
3067 948 3378 1017 Νεστόριος·
3427 949 3489 1001 '0
3529 951 3734 1017 Λόγος

2155 1037 2314 1104 σὰρξ
2343 1037 2597 1107 ἐγένετο,
2648 1039 3140 1110 καὶὶέσκήνωσεν
3201 1042 3269 1092 ἐν
3317 1040 3481 1109 ἡμῖν.
3516 1042 3733 1112 Γράφει

2157 1128 2332 1194 Λέων,
2363 1129 2442 1182 ὅτι
2483 1131 2544 1184 Ἠ
2564 1133 2748 1198 Σοφία
2771 1130 3153 1198 ᾠκοδόμησεν
3177 1133 3357 1200 ἑαυτῇ
3385 1135 3553 1186 οἶκον
3573 1151 3587 1163 ·
3623 1136 3729 1186 καὶ

2158 1219 2268 1289 γὰρ
2301 1222 2546 1288 όΛόγος
2583 1221 2738 1288 σὰρξ
2787 1222 3037 1289 ἐγένετο,
3091 1225 3185 1276 καὶ
3247 1225 3606 1292 ἐσκήνωσεν
3656 1227 3730 1278 ὲν

2123 1335 2128 1340 -
2154 1308 2316 1376 ἡμῖν.
2342 1308 2551 1371 Ταύτας
2592 1309 2688 1371 τὰς
2723 1311 2944 1379 χρήσεις
2976 1311 3099 1364 οὔτε
3131 1311 3421 1384 Natu-opto;
3458 1318 3485 1367 ὁ
3519 1309 3728 1386 ἐναγὴς

2154 1400 2363 1452 οἴκοθεν
2399 1401 2744 1471 προεϐάλετο,
2794 1401 2914 1454 οὔτε
2974 1404 3078 1473 μὴν
3126 1407 3164 1458 δ’
3202 1406 3352 1460 Λέων
3393 1408 3723 1477 ἐφθέγξατο,

2155 1489 2267 1542 ἀλλ’
2298 1492 2362 1542 ἐκ
2409 1491 2503 1560 τῆς
2543 1490 2690 1552 θείας
2745 1492 2964 1560 Γραφῆς
3007 1493 3278 1557 λαϐόντες,
3323 1499 3433 1558 τοῖς
3495 1498 3728 1560 οἰκείοις

2155 1581 2581 1650 συγγράμμασιν
2618 1581 2898 1649 ἐνέθηκαν.
2947 1583 3086 1634 Ἀλλ’
3121 1587 3147 1636 ὁ
3192 1586 3286 1652 μὲν
3317 1586 3611 1656 Νεστόριας
3657 1588 3723 1639 οὐ

2154 1674 2294 1724 κατὰ
2340 1671 2584 1741 βούλημα
2648 1673 3102 1741 ἐκκλησιαστικὸν
3142 1675 3202 1728 τὸ
3235 1676 3587 1743 εὐαγγελικὸν
3622 1681 3727 1746 ρη·

2154 1763 2245 1814 τὸν
2279 1762 2579 1830 ἐξεὶληφεν,
2621 1763 2754 1816 ἀλλὰ
2783 1753 2920 1816 κατὰ
2941 1765 3029 1816 τὸν
3061 1765 3250 1818 ἑαυτοῦ
3287 1767 3728 1836 διεστραμμένων

2153 1853 2296 1906 νοῦν.
2330 1855 2402 1905 Τὸ
2439 1855 2566 1924 γὰρ,
2615 1852 2674 1906 '0
2706 1854 2892 1922 Λόγος
2941 1855 3092 1921 σὰρξ
3145 1855 3413 1925 ἐγένετο,
3460 1851 3726 1929 τοιαύτῆν

2152 1945 2263 2013 ἔχει
2296 1944 2491 2012 εὐσεδῆ
2513 1944 2776 2010 διάνοιαν·
2810 1945 2889 1999 ὅτι
2931 1945 3090 2008 αὸτὸς
3119 1947 3146 1997 ὀ
3183 1946 3325 2010 θεῖος
3354 1948 3546 2016 Λόγος,
3573 1950 3604 2002 ό
3641 1944 3723 2011 εἷς

2152 2039 2217 2104 τῇ
2243 2037 2536 2088 ὑποστάσει
2557 2036 2655 2104 τῆς
2676 2036 2834 2102 ἁγίας
2859 2036 3110 2105 Τριάδνς,
3152 2038 3338 2104 μείνας
3360 2029 3724 2100 ἀναλλοίωτος

2153 2126 2247 2177 καὶ
2278 2125 2570 2194 ἄτρεπτος,
2609 2126 2741 2194 ὅπερ
2783 2121 2850 2195 ἦν
2872 2165 2886 2189 ,
2927 2125 3057 2188 Θεὸς
3092 2125 3352 2195 δηλονότι,
3384 2126 3721 2197 προσείληφε

2155 2218 2332 2288 σάρκα
2397 2217 2749 2287 ἐψυχωμὲνην
2790 2217 2932 2286 ψυχῇ
2996 2217 3186 2287 λογικῇ
3244 2220 3338 2271 καὶ
3382 2220 3569 2288 νοερᾷο
3622 2221 3722 2272 καὶ

2151 2311 2353 2380 ταύτην
2392 2308 2582 2381 ’ἥνωσε
2612 2313 2676 2380 τῇ
2710 2310 2827 2381 θείᾳ
2866 2310 3022 2378 φύσει
3070 2311 3126 2361 ἐν
3154 2313 3218 2380 τῇ
3253 2311 3432 2382 οἰκείᾳ
3472 2311 3724 2367 ὑποστά-

2153 2420 2259 2468 σει,
2286 2405 2526 2474 δηλονότι
2556 2404 2652 2472 τῆς
2692 2403 2962 2471 θεότητος,
3014 2401 3242 2473 οὖσιώδη
3295 2404 3388 2457 καὶ
3430 2405 3553 2457 καθ’
3585 2405 3714 2456 ὑπόο

2154 2509 2339 2545 στασιν
2378 2492 2472 2561 τὴν
2498 2491 2691 2544 ἕνωσιν
2737 2491 3131 2560 ἐργασάμενος,
3159 2490 3231 2553 ὡς
3266 2491 3391 2561 μίαν
3421 2491 3721 2544 ὑπόστασιν

2111 2649 2124 2658 ε
2153 2583 2311 2637 αὐτὸν
2358 2583 2488 2636 ὄντα
2552 2582 2900 2635 πιστεύεσθαι
2947 2583 3039 2635 καὶ
3083 2583 3217 2650 μετὰ
3261 2581 3360 2652 τὴν
3396 2583 3718 2664 ¹σάρκωσιν,

2153 2678 2267 2745 ἦτοι
2317 2675 2742 2743 ὲνανθρώπησιν,
2786 2675 2884 2743 τῆς
2933 2674 3088 2741 ἁγίας
3131 2675 3365 2744 Τριάδος
3400 2673 3722 2745 προσθήκην

2151 2770 2249 2820 οὐκ
2271 2766 2652 2835 εἰσδεξαμένης
2682 2765 2995 2835 προσώπου,
3022 2769 3119 2820 καὶ
3139 2767 3277 2836 μετὰ
3309 2767 3511 2836 σαρκὸς
3544 2769 3719 2820 νοοῖτο

2151 2859 2244 2910 καὶ
2279 2855 2412 2908 ἔστι.
2444 2853 2626 2924 Ταύτῃ
2657 2857 2722 2924 τῇ
2759 2855 2933 2924 ἐννοίᾳ
2981 2855 3040 2906 τὸ
3087 2855 3438 2923 εὑαγγελικὸν
3482 2855 3646 2925 ῥητὸν
3681 2857 3715 2924 ή

2151 2947 2251 3015 τῆς
2290 2944 2612 3013 Ἐκκλησίας
2657 2944 2890 3015 ἀκριϐὴς
2918 2944 3167 3015 διάληψις
3205 2945 3498 3015 ἐξηγεῖται.
3538 2945 3610 2998 Τὸ
3638 2945 3715 3010 δὲ,

491 3036 792 3106 concipias,
827 3035 920 3090 sed
953 3035 1132 3104 potius
1156 3035 1207 3087 in
1241 3050 1402 3088 carne
1439 3035 1792 3097 inhabitasse,
1839 3049 1901 3088 ac
1933 3045 2050 3088 tan-

2160 3036 2507 3102 ἐσκήνωσεν
2544 3036 2611 3088 ἐν
2661 3035 2824 3102 ἡμῖν,
2873 3036 3052 3099 καλῶς
3089 3052 3152 3102 γε
3187 3036 3356 3089 ποιῶν
3401 3038 3430 3089 δ
3457 3035 3716 3103 Θεολὸγος

495 3143 656 3198 quam
689 3127 905 3197 proprio
935 3142 1090 3180 usum
1141 3139 1388 3194 corpore,
1413 3127 1555 3194 quod
1580 3141 1642 3178 ex
1710 3135 1894 3180 sancta
1928 3124 2051 3179 Vir-

493 3218 617 3284 gine
647 3217 970 3286 principium
992 3216 1200 3280 habuit,
1233 3215 1451 3283 templo.

2160 3127 2319 3189 εὐθὺς
2358 3127 2668 3194 ἐπήγαγεν,
2712 3124 2796 3177 ῑνα
2837 3123 2930 3176 δύο
2971 3125 3167 3194 νοήσας
3218 3123 3285 3177 τὰ
3325 3125 3713 3194 σημαινόμενα,

2155 3221 2243 3273 τόν
2273 3236 2331 3271 τε
2359 3217 2681 3289 σκηνοῦντα,
2716 3216 2808 3270 καὶ
2843 3216 2902 3268 τὸ
2948 3218 3003 3269 ἐν
3037 3210 3080 3284 ᾦ
3120 3218 3152 3284 ὴ
3204 3216 3494 3285 σκήνωσις,
3534 3216 3607 3287 μὴ
3637 3215 3717 3281 είς

495 3310 670 3380 σάρκα
719 3309 1140 3378 περιτετράφθαι
1195 3309 1389 3378 νοήσῃς
1445 3306 1625 3373 αὑτὸν,
1684 3309 1961 3380 σκηνῶσαι
2009 3313 2064 3366 δὲ
2104 3313 2304 3382 μᾶλλον
2356 3314 2414 3366 ὲν
2445 3311 2607 3382 σαρκὶ
2652 3309 2726 3373 ὡς
2761 3307 2876 3379 ἰδίῳ
2914 3307 3394 3378 προσχρησάμενον
3466 3306 3693 3378 σώματι,

442 3408 449 3413 '
491 3401 569 3469 τῷ
603 3401 666 3452 ὲκ
706 3400 804 3467 τῆς
834 3398 992 3465 ἁγίας
1032 3397 1303 3467 Παρθένου
1332 3397 1463 3466 ναῷ.

565 3491 649 3544 ιο.
680 3491 815 3543 Cum
850 3503 1010 3557 porro
1025 3488 1092 3542 de
1120 3488 1210 3542 Dei
1236 3487 1392 3542 Verbi
1431 3489 1759 3543 habitatione
1795 3489 1848 3543 in
1891 3506 2053 3546 carne

493 3581 1023 3653 proprialocutussit
1055 3581 1412 3650 Evangelista,
1438 3581 1905 3635 determinandum
1949 3590 2050 3648 est,
2082 3646 2084 3648 ν

494 3682 626 3742 quot
689 3670 1087 3741 modisdicitur
1116 3669 1255 3723 Deus
1277 3669 1330 3722 in
1362 3671 1514 3724 nobis
1547 3671 1850 3725 inhabitare
1880 3688 1894 3724 :
1961 3687 2056 3726 v0-

495 3774 693 3818 cantur
754 3761 1021 3829 siquidem
1081 3768 1133 3814 et
1184 3760 1356 3813 sancti
1391 3758 1648 3830 teinplum
1705 3761 1820 3826 Dei,
1855 3761 1909 3814 in
1944 3775 2054 3830 quo

497 3856 636 3908 Deus
691 3853 926 3906 habitat:
956 3851 1046 3905 sed
1111 3851 1161 3903 in
1203 3851 1308 3905 illis
1356 3853 1564 3904 actione
1613 3853 1853 3906 habitare
1897 3853 2060 3921 probe

500 3951 749 4010 recteque
772 3939 992 3993 dixeris.
1027 3925 1259 3992 VoCatbr
1327 3939 1447 3990 item
1488 3949 1539 3991 et
1592 3936 1751 4007 Virgo
1796 3939 2054 4007 templum

501 4031 629 4096 Dei:
660 4032 713 4084 in
740 4029 855 4098 ipsa
890 4029 1086 4082 etenim
1120 4027 1262 4082 Deus
1295 4027 1526 4083 Verbum
1580 4030 1813 4082 essentia
1856 4030 2063 4084 habita-

501 4123 594 4184 vit,
630 4120 772 4189 quod
803 4119 923 4187 plus
967 4117 1131 4171 habet
1157 4126 1210 4171 et
1238 4117 1350 4189 sine
1379 4119 1780 4185 comparatione
1804 4120 2060 4172 eximium

503 4227 613 4279 pro:
646 4209 767 4264 aliis
799 4207 1004 4262 sanctis
1038 4224 1052 4272 ;
1090 4205 1144 4259 in
1209 4187 1423 4275 propria
1452 4221 1580 4258 vero
1617 4222 1800 4270 carne,
1847 4224 1951 4276 qua
1997 4217 2054 4262 ut

505 4301 723 4368 \tt'Opt‘iO
750 4313 884 4357 usus
919 4306 1000 4350 est
1025 4311 1245 4364 corpore
1272 4312 1334 4349 ex
1366 4303 1549 4349 sancta
1583 4292 1798 4363 Virgine
1859 4301 2054 4365 templo

2239 3498 2288 3544 t'.
2331 3487 2547 3557 Ἐπειδὴ
2577 3485 2634 3540 δὲ
2667 3486 2793 3555 περὶ
2825 3483 3165 3550 σκηνώσεως,
3201 3483 3316 3552 ἦτοι
3351 3485 3716 3553 κατοικήσεως

2160 3577 2253 3630 τοῦ
2276 3558 2410 3628 Θεοῦ
2450 3574 2624 3642 Λόγου
2650 3573 2785 3642 πρὸς
2827 3573 2923 3642 τὴν
2946 3560 2949 3561 ν
2971 3577 3165 3625 ἑαυτου
3207 3573 3387 3644 σάρκα
3418 3572 3616 3644 ἐρρέθη
3641 3573 3713 3642 τῷ

2161 3665 2536 3735 εὐαγγελιστῇ,
2563 3664 2857 3734 διοριστέον
2887 3664 3027 3717 κατὰ
3056 3669 3252 3730 πόσους
3269 3673 3505 3741 τρόπους
3530 3667 3558 3717 ὁ
3586 3664 3714 3726 Θεὸς

2161 3759 2376 3825 λέγεται
2405 3758 2632 3809 ὲνοικεῖν
2669 3759 2727 3830 ἶἐν
2754 3757 2904 3825 ἡμῖν.
2941 3756 3201 3823 Λέγονται
3239 3757 3467 3825 γὰρκαὶ
3501 3759 3550 3809 oi
3577 3756 3712 3824 ἅγιοι

2158 3851 2283 3912 ναὸς
2335 3848 2492 3911 Θεοῦ,
2537 3849 2594 3900 ὲν
2623 3841 2667 3914 ᾧ
2700 3848 2728 3899 ὁ
2765 3846 2894 3910 Θεὸς
2947 3851 3211 3911 κατοικεῖ,
3257 3847 3372 3901 ἀλλ’
3425 3850 3483 3900 ὲν
3518 3848 3713 3910 τούτοις

2160 3941 2277 3994 κατ’
2311 3939 2587 4008 ἐνέργειαν
2615 3940 2836 4007 φήσειεν
2883 3936 2948 3991 ἂν
2999 3937 3027 3990 ὁ
3076 3938 3230 4008 ὀρθὸς
3267 3939 3418 4006 λόγος
3449 3938 3710 4008 εἰρῆσθαι.

2161 4032 2392 4098 Λέγεται
2446 4029 2502 4083 δὲ
2554 4029 2725 4082 πάλιν⁸
2764 4029 2860 4080 καὶ
2901 4029 2935 4098 ἡ
2975 4029 3246 4098 Παρθένος
3275 4029 3401 4088 ναὸς
3441 4028 3595 4082 Θεοῦ.
3633 4029 3711 4080 Ἐν

2161 4122 2330 4194 ταύτῃ
2368 4122 2474 4192 γὰρ
2500 4123 2527 4175 ὁ
2559 4120 2690 4182 Θεὸς
2717 4121 2887 4186 Λόγος
2918 4120 3187 4182 οὑσιωδῶς
3221 4119 3554 4189 κατῴκησεν,
3589 4120 3708 4187 ὅπερ

2161 4211 2318 4263 πλέον
2345 4212 2460 4262 ἐστι
2489 4209 2595 4262 τῶν
2644 4209 2842 4261 λοιπῶν
2891 4211 3081 4276 ἁγίων,
3119 4211 3212 4263 καὶ
3262 4210 3631 4280 ἀσυγκρίτως·
3660 4212 3708 4262 ὲν

2160 4301 2216 4353 δὲ
2249 4302 2314 4379 τῇ
2350 4300 2527 4367 οἰκείᾳ
2561 4301 2741 4367 σαρκὶ,
2839 4299 2912 4362 ὼς
2943 4298 3127 4368 οἰκείῳ
3179 4301 3595 4369 προσεχρήσατο
3625 4297 3707 4351 σώ-

505 4391 808 4444 secundum
860 4388 1147 4439 essentiam
1176 4395 1228 4439 et
1277 4384 1610 4454 bypostasim
1637 4384 1710 4437 illi
1747 4385 1884 4439 Deus
1926 4385 2057 4439 Ver-

2166 4391 2408 4462 ματι,τῷ
2445 4393 2508 4444 ὲκ
2535 4391 2628 4456 τῆς
2661 4385 2820 4456 ἁγίας
2859 4389 3131 4459 Παρθένου
3166 4390 3298 4458 ναῷ,
3332 4390 3601 4453 ούσιωδῶς
3633 4391 3710 4443 καὶ

505 4483 632 4537 bum
658 4482 886 4543 unitum,
921 4479 1160 4531 habitare
1189 4479 1405 4531 dicitur.
1431 4473 1490 4524 Et
1516 4474 1626 4527 hzec
1648 4477 1861 4544 quidem
1885 4477 2066 4529 Ecde-

507 4576 598 4646 εἰει
625 4574 707 4641 pia
735 4572 995 4626 sententia
1020 4579 1117 4623 est.
1152 4569 1253 4621 Sed
1282 4564 1556 4618 Nestorius
1594 4580 1841 4632 perverse
1868 4567 2068 4618 dictum

510 4664 745 4732 accepit;
765 4677 1011 4730 namque,
1043 4658 1392 4713 Verbumcaro
1412 4655 1605 4722 factum
1621 4665 1718 4719 est,
1739 4655 2073 4708 familiarita-

511 4766 564 4812 te
597 4765 650 4810 et
666 4754 922 4809 relatione
938 4751 1231 4822 dignitatis,
1255 4754 1345 4800 aut
1367 4746 1610 4810 consilio,
1628 4754 1718 4799 aut
1741 4747 2072 4815 beneplacito

510 4848 714 4902 factum
749 4844 918 4899 fuisse
972 4844 1146 4897 dixit:
1190 4854 1312 4892 cum
1369 4835 1506 4890 duos
1537 4839 1835 4892 constituat
1881 4838 2068 4903 Filios,

510 4943 738 4995 alterum
785 4938 945 4990 Deum
983 4935 1237 4990 Verbum.
1271 4943 1320 4984 et
1351 4932 1574 4984 alterum
1606 4930 1930 4998 singularem
1971 4931 2067 4984 ho-

511 5034 709 5087 minem
770 5047 832 5084 ex
875 5031 1077 5093 Maria;
1120 5027 1197 5079 sic
1252 5034 1306 5077 et
1339 5023 1488 5087 illud,
1519 5023 1773 5075 habitavit
1801 5022 1854 5073 in
1901 5022 2067 5087 nobis,

512 5121 851 5191 operatione,
921 5130 1015 5173 aut
1064 5113 1402 5182 beneplacito
1455 5112 1781 5180 exponebat,
1815 5127 1982 5179 quare
2018 5123 2070 5164 et

511 5221 705 5283 purum
758 5213 1028 5267 hominem
1062 5205 1377 5258 enuntiabat
1423 5201 1605 5256 Jesum
1643 5221 1654 5255 :
1685 5211 2068 5271 prontereaque

509 5304 628 5371 jure
660 5303 852 5356 merito
883 5298 1224 5354 anathemate
1267 5295 1403 5349 ictus
1446 5303 1546 5347 est.
1589 5292 1694 5345 Leo
1716 5307 1838 5346 vero
1865 5293 2067 5357 dicens,

514 5391 782 5461 Sapientia
803 5387 1079 5457 aediﬁcavit
1127 5387 1224 5438 sibi
1252 5388 1459 5438 domum
1488 5404 1504 5438 :
1532 5400 1649 5435 nam
1689 5382 1906 5437 Verbum
1945 5401 2066 5436 caro

515 5484 715 5552 factum
745 5494 842 5544 est,
874 5490 919 5534 et
961 5478 1216 5532 habitarit
1257 5480 1307 5530 in
1341 5478 1510 5540 nobis,
1544 5476 1629 5544 pie
1657 5477 1980 5544 intelligens,
2017 5485 2069 5528 et

513 5577 581 5629 ad
608 5577 860 5629 Ecclesia:
887 5581 1138 5635 mentem,
1169 5582 1226 5624 ut
1268 5580 1420 5624 antea
1453 5569 1868 5636 declaraviinus,
1899 5583 2001 5620 non
2038 5583 2064 5619 a

514 5680 768 5738 perverso
824 5665 1052 5719 Nestorii
1112 5664 1378 5719 intellectu
1428 5661 1728 5729 abripitur,
1787 5669 2063 5737 propterea

2170 4483 2292 4536 καθ’
2320 4483 2614 4535 ὑπόστασιν
2643 4480 2860 4543 ἑνωθε“ις
2916 4481 3062 4550 αὐτῷ
3115 4482 3142 4532 ὁ
3185 4480 3315 4544 Θεὸς
3349 4481 3521 4548 Λόγος
3548 4498 3711 4533 κατοι-

2171 4575 2284 4624 κεῖν
2311 4574 2368 4624 ὲν
2395 4571 2545 4642 αὐτῷ
2577 4573 2807 4638 λέγεται.
2845 4572 2950 4623 Καὶ
3000 4571 3172 4640 ταύτῃ
3223 4571 3318 4640 μὲν
3360 4571 3457 4638 τῆς
3504 4570 3708 4638 Ἐκκλη-
3806 4633 3814 4635 Α

2172 4664 2288 4726 σίας
2322 4664 2380 4714 τὸ
2415 4662 2634 4724 εὐσεόὲς
2674 4662 3019 4731 φρόνημα.’0
3044 4662 3098 4714 δὲ
3123 4662 3412 4730 Νεστόριος
3439 4662 3711 4730 διεστραμ-

2173 4758 2348 4825 μένως
2374 4758 2431 4809 τὸ
2451 4756 2631 4824 ῥητόν.
2686 4757 2759 4807 Τὸ
2790 4755 2917 4825 γὰρ,
2953 4756 3015 4806 '0
3058 4755 3245 4822 Λόγος
3282 4751 3436 4819 σὰρξ
3470 4751 3705 4820 ἐγένετο,

2169 4849 2224 4900 ἐν
2253 4848 2576 4908 οίκειὼσεώς
2610 4846 2770 4915 λόγῳ,
2804 4846 2897 4898 καὶ
2925 4846 3062 4897 κατὰ
3100 4843 3378 4913 ἀναφορὰν
3401 4841 3705 4912 ἀξιώματος,

2169 4939 2201 5007 ἢ
2235 4936 2638 4998 ταυτοόουλίαν,
2672 4936 2704 5005 ἢ
2758 4937 3003 4990 εὐδοκίαν
3035 4935 3192 4987 τοῦτο
3232 4934 3356 5002 ἔφη.
3397 4932 3613 5001 Ἐπειδὴ
3631 4931 3706 4983 δύο

2171 5031 2312 5082 ποιεῖ
2341 5030 2506 5091 υἱοὺς,
2542 5027 2699 5080 ἄλλον
2720 5027 2809 5079 τὸν
2834 5027 2962 5080 Θεὸν
2996 5027 3186 5093 Λόγον,
3213 5026 3308 5078 καὶ
3331 5024 3489 5078 ἄλλον
3519 5023 3704 5092 ἄνθρω-

2170 5137 2269 5171 πον
2303 5118 2499 5179 ίδικὸν,
2542 5117 2632 5170 τὸν
2673 5119 2736 5170 ὲκ
2793 5117 3009 5187 Μαρίας
3034 5134 3048 5148 ·
3113 5116 3370 5178 ὡσαύτως
3412 5116 3468 5167 δὲ
3517 5116 3605 5166 καὶ
3639 5115 3701 5174 τὸ,

2169 5208 2517 5273 ἐσκήνωσεν
2556 5208 2622 5260 ἐν
2663 5208 2827 5277 ἡμῖν,
2875 5209 2994 5262 κατ’
3048 5208 3347 5276 ἐνέργειαν,
3403 5206 3434 5274 ἢ
3483 5205 3703 5258 εὐδοκίαν

2169 5300 2436 5365 ἔφασκεν·
2495 5300 2615 5352 ὅθεν
2679 5303 2770 5353 καὶ
2816 5278 2967 5368 eos»;
3020 5301 3304 5367 ἄνθρωπον
3344 5296 3604 5365 ὡμολόγει
3629 5297 3702 5349 τὸν

2182 5383 2384 5453 Ἰησοῦν
2406 5405 2417 5416 ·
2442 5387 2529 5440 διά
2546 5405 2624 5440 τοι
2655 5388 2808 5440 τοῦτο
2822 5388 3042 5448 δικαίως
3075 5388 3148 5456 τῷ
3178 5386 3477 5455 άναθίματι
3495 5387 3700 5438 καθυπο·

2170 5478 2443 5544 6έ6ληται.
2484 5477 2540 5530 Ὁ
2579 5479 2635 5531 δὲ
2674 5479 2735 5546 δὴ
2762 5479 2910 5530 Λέων
2940 5477 3132 5544 λέγων,
3172 5479 3253 5530 ὅτι
3295 5478 3556 5543 Ὴσοερία
3580 5475 3701 5538 ῲκοο

2168 5573 2429 5637 δόμησεν
2485 5568 2667 5636 ἑαυτῇ
2736 5565 2939 5621 οἶκον·
2992 5569 3086 5620 καί
3116 5568 3224 5635 γὰρ
3257 5570 3289 5620 ό
3339 5567 3528 5634 Λόγος
3571 5564 3700 5632 σὰρξ

2168 5664 2418 5730 ἐγένετο,
2482 5663 2575 5716 καὶ
2631 5660 2982 5726 ἐσκήνίιλσεν
3027 5661 3092 5712 ἐν
3131 5660 3292 5727 ἡμῖν,
3325 5655 3699 5727 εὑσεόοφρόνως
