3934 6316
415 342 418 346 ’
447 331 552 396 623

1702 319 1995 382 meam
2022 319 2423 407 BYZAN'IleI

3570 321 3681 388 624

447 451 608 496 rectae
655 436 775 493 ﬁde'i
817 435 1069 492 sensibus
1108 444 1412 502 cacteraquc
1465 431 1598 487 recti
1629 432 1840 489 ordinis
1881 446 2011 488 con-

2129 432 2323 504 καιροῦ
2549 430 2876 505 πολύανδρον
2940 433 3151 506 ἐκείνην
3211 433 3688 507 συναθροισθεῖσαν

447 531 755 590 servatione
811 525 1264 582 condecorarent.
1310 521 1487 578 Tanto
1531 524 1676 579 enim
1721 522 2009 578 Pulclteria

453 616 1010 676 immaculatissimani
1037 614 1322 682 Deiparam
1354 612 1611 679 Mariam,
1638 597 1863 668 Matrem
1888 626 2008 667 eam

447 709 660 764 Domini
693 706 925 761 ﬁdeliter
963 703 1319 773 compellans,
1357 711 1411 758 et
1437 703 1530 758 Dei
1571 703 1912 774 genitricem,
1955 709 2013 757 et

448 801 649 871 ingenti
679 799 781 853 lide
813 810 1097 861 venerans,
1127 796 1277 848 cultu
1305 794 1754 864 prosequebatur,
1780 801 1838 847 ut
1863 801 2014 846 tem-

448 891 631 960 pla,ct
668 886 1013 957 potissimum
1046 885 1100 938 in
1138 883 1321 954 regina
1349 883 1452 938 hac
1486 883 1701 938 urbium
1730 882 1833 937 sub
1866 882 2011 937 illius

448 983 690 1045 nomine,
721 984 886 1050 quam
914 977 1174 1039 maxima,
1215 975 1602 1045 pulcherrima,
1619 975 1878 1044 omnique
1919 989 2010 1028 or-

451 1083 580 1127 natu
613 1071 930 1140 conspicua,
961 1066 1195 1137 singulis
1217 1065 1542 1135 reguomine
1569 1080 1636 1120 ex
1666 1064 1804 1128 loco,
1825 1065 1878 1119 in
1902 1079 2010 1133 quo

445 1178 721 1222 exstructa
772 1173 923 1229 sunt,
956 1164 1149 1225 indito,
1183 1147 1601 1216 exmdilicaverit
1635 1175 1730 1231 per
1755 1174 1819 1215 ea
1847 1159 1992 1212 inten

447 1257 720 1314 sam'lidei
761 1257 812 1309 in
843 1253 1430 1315 immaculatissimam,
1464 1259 1518 1305 et
1568 1250 1851 1321 Deiparam
1897 1247 1999 1301 Ma-

447 1352 585 1405 riam
624 1345 920 1402 voluntatis
956 1345 1365 1401 inclinationem
1396 1357 1509 1396 sure
1532 1342 1799 1397 omnibus
1826 1349 1983 1394 osten

445 1444 599 1496 dens.
649 1440 941 1508 Propterea
994 1429 1239 1506 improbe
1293 1450 1434 1500 catn,
1484 1449 1584 1488 nec
1635 1433 1711 1487 uti
1760 1446 1858 1502 par
1891 1440 2036 1494 est,

447 1531 602 1602 quasi
628 1545 753 1585 cum
801 1527 1050 1583 Nestorio
1092 1525 1339 1590 sentiret,
1367 1523 1677 1587 insimulas,
1712 1522 2009 1576 dummodo

443 1635 496 1678 et
517 1623 631 1693 ipse
661 1620 942 1688 Deiparam
971 1616 1188 1670 Domini
1220 1614 1443 1670 Matrem
1475 1629 1766 1686 agnoscas.

2113 525 2331 580 σύνοδον
2373 523 2614 595 βασιλεῖς
2668 526 2976 597 ὁρίσαντας,
3001 528 3096 579 καὶ
3137 526 3380 599 ὲννόμως
3409 528 3586 584 πάντα
3613 533 3688 582 τὰ

2112 615 2169 670 ἀν
2214 616 2350 689 αὐτῇ
2407 616 2717 688 πραχθέντα
2769 618 3150 684 κελεύσαντας,
3193 619 3510 691 Μαρκιανόν
3543 638 3687 691 φημι

2114 709 2207 760 καὶ
2235 707 2591 779 Πουλχερίαν,
2623 708 2674 761 οἳ
2711 709 2962 780 μεγάλως
3003 709 3101 781 τὴν
3133 708 3405 780 βασίλειον
3431 711 3687 776 δξουσίαν

2114 796 2394 870 ὀρθοδοξίᾳ
2425 799 2564 868 μετά
2593 799 2689 852 καὶ
2722 800 2821 870 τῆς
2854 799 3045 872 λοιπῆς
3067 798 3322 866 εὐταξίας
3349 802 3688 873 ἐκόσμησαν.

2114 887 2379 943 Τοσοῦτον
2422 889 2530 961 γάρ
2585 889 2786 961 περιῆν
2822 890 2882 944 τὸ
2919 891 3079 956 σέϐας
3119 893 3186 964 τῇ
3227 892 3528 965 Πουλχερίᾳ
3553 895 3692 964 πρὺς

2113 974 2211 1049 τὴν
2243 978 2517 1048 πάναγνον
2549 982 2644 1034 καὶ
2688 981 2949 1036 Θεοτόκον
2976 983 3216 1054 Μαρίαν,
3247 989 3461 1056 μητέρα
3499 1002 3559 1039 τε
3590 985 3692 1038 τοῦ

2114 1065 2321 1136 Κυρίου
2376 1067 2582 1139 ταύτην
2626 1070 2830 1133 πιστῶς
2874 1071 3226 1146 ἀποκαλούσῃ
3271 1074 3368 1127 καὶ
3409 1074 3692 1137 Θεοτόκον,

2114 1157 2206 1210 καὶ
2243 1159 2381 1227 μετά
2411 1159 2650 1224 πίστεως
2694 1162 2894 1234 πολλῆς
2935 1165 3140 1235 ταύτην
3173 1165 3463 1239 σεϐομένη,
3495 1165 3572 1229 ὡς
3594 1168 3694 1221 καὶ

2112 1248 2275 1310 ναοὺς
2309 1249 2429 1301 κατ’
2451 1250 2724 1320 ἐξαίρετον
2773 1254 2830 1306 ιν
2883 1255 2949 1324 τῇ
2991 1253 3349 1326 βασιλευούσῃ
3401 1251 3552 1323 πόλει
3598 1257 3691 1308 ἐπ’

2115 1333 2340 1404 ὀνόματι
2365 1337 2462 1412 τῆς
2491 1338 2832 1411 Θεομήτορος
2879 1341 3167 1411 μεγίστους
3203 1344 3295 1396 καὶ
3339 1343 3694 1414 περικαλλεῖς

2119 1424 2215 1478 καὶ
2264 1425 2771 1501 κατηγλαῖσμένους
2803 1431 3111 1502 δείμασθαι,
3155 1434 3254 1504 τὴν
3279 1435 3597 1506 ἐπωνυμίαν
3624 1437 3695 1487 ὲκ

2110 1514 2217 1569 τῶν
2251 1517 2433 1574 τόπων
2465 1521 2714 1589 ἕκαστον,
2747 1525 2804 1576 ὲν
2851 1518 2897 1592 ᾧ
2923 1524 3291 1595 ᾠκοδόμηντο,
3338 1527 3595 1594 λαϐόντα,
3619 1526 3694 1581 δι’

2117 1608 2297 1663 αὑτῶν
2326 1611 2386 1663 τὸ
2421 1611 2621 1683 θερμὸν
2655 1615 2753 1684 τῆς
2814 1615 3050 1685 πίστεως
3075 1617 3243 1688 αὑτῆς
3289 1620 3386 1688 τῆς
3422 1621 3558 1690 πρὸς
3588 1619 3696 1690 τὴν
3795 1688 3805 1694 _

443 1714 713 1781 πὰναγνον
743 1710 838 1763 καὶ
867 1708 1124 1761 Θεοτόκον
1150 1706 1370 1777 Μαρίαν
1398 1707 1562 1760 πᾶσιν
1596 1701 2003 1772 ἐνδεικνυμένη-
2047 1698 2145 1753 Διά
2171 1716 2254 1752 τοι
2285 1701 2462 1767 τοῦτο,
2486 1703 2608 1756 οὐδὲ
2663 1703 2739 1768 ὡς
2785 1705 2854 1759 τὰ
2898 1706 3190 1777 Νεστοριου
3255 1706 3557 1778 φρονοῦσαν
3612 1707 3702 1770 δεῐ

443 1825 502 1860 σε
534 1805 703 1876 αὐτὴν
737 1802 1035 1873 διασύρειν,
1071 1801 1185 1868 εἴγε
1211 1801 1304 1853 καὶ⁵
1332 1798 1782 1863 αὑτδςςΘεοτόκον
1814 1794 2094 1867 ὁμολογεῖς
2117 1794 2215 1862 τὴν
2243 1794 2336 1847 τοῦ
2360 1796 2565 1865 Κυρίου
2586 1797 2836 1868 Μητέρα.
3475 1867 3480 1869 _

517 1895 754 1952 12.111ιι‹1
770 1909 987 1965 quoque
1015 1891 1067 1947 in
1087 1893 1312 1963 epistola
1333 1901 1434 1946 tua:
1457 1889 1920 1961 magnanimitatis
1939 1888 2012 1941 in-

2115 1903 2136 1919 ι·
2199 1884 2285 1956 ιβ’.
2330 1888 2646 1958 Ἑνεφέρετο
2669 1888 2726 1942 δὲ
2759 1889 3032 1942 καὶτοῦτο
3070 1889 3130 1943 ὲν
3174 1887 3252 1960 τῷ
3280 1888 3568 1960 γράμματι
3592 1888 3700 1958 τῆς

442 1989 724 2045 serebatur
755 2004 768 2041 :
796 1973 970 2039 Multa
1016 2001 1282 2056 possemus
1315 1984 1614 2038 testimonia
1641 1983 1704 2037 de
1743 1997 1824 2049 ea,
1852 1995 2011 2051 quam

442 2098 532 2135 nos
548 2080 856 2143 statuimus,
874 2095 980 2132 una
996 2093 1174 2146 nempe
1191 2077 1384 2131 Christi
1409 2085 1602 2129 natura
1614 2085 1731 2146 post
1744 2075 2005 2128 unionem

440 2170 693 2223 sententia
709 2161 1014 2236 producere,
1033 2182 1124 2218 nec
1149 2167 1289 2219 ab‘ea
1313 2165 1485 2218 aliena
1503 2165 1557 2217 in
1583 2164 1816 2217 medium
1839 2162 2010 2231 affer-

442 2275 534 2316 re:
565 2267 918 2313 verumtamen
947 2271 1061 2310 cum
1083 2255 1139 2308 in
1162 2266 1264 2308 tua:
1298 2255 1599 2308 sanctitatis
1635 2253 1831 2323 scripto
1860 2251 2010 2305 nulla

442 2331 664 2406 inessent
693 2350 989 2402 divinorum
1030 2344 1256 2399 Patrum
1289 2345 1609 2411 testimonia,
1637 2361 1801 2414 neque
1831 2360 1923 2399 nos
1949 2359 2011 2396 ea

443 2441 825 2510 recollegimus.
859 2438 967 2494 Nos
997 2438 1352 2492 nihilominus
1381 2446 1485 2490 tua:
1515 2436 1700 2507 gloriae
1722 2435 2012 2490 consulen-

442 2545 542 2600 tes,
575 2532 719 2587 nuuc
750 2531 927 2601 prolis
958 2530 1030 2583 ita
1051 2530 1400 2584 enuntiamus
1424 2546 1437 2581 :
1461 2527 1614 2582 Haud
1642 2527 1794 2583 decet
1822 2535 1894 2590 te,
1929 2534 2013 2580 ut-

439 2636 659 2691 cunque
696 2628 750 2675 et
778 2629 847 2673 ut
867 2618 1082 2674 occasio
1122 2618 1325 2684 tulerit,
1362 2619 1426 2673 de
1468 2616 1570 2672 ﬁde
1590 2624 1644 2672 et
1667 2616 2011 2686 dogmatibus

443 2710 757 2766 testimonia
781 2708 1003 2762 Patrum
1032 2707 1347 2777 recolligere
1373 2723 1387 2760 :
1421 2706 1501 2761 sic
1535 2707 1680 2761 enim
1715 2715 1769 2759 et
1799 2705 2011 2760 divinos

440 2805 566 2858 illos
592 2796 781 2857 Patres
838 2801 890 2853 in
919 2801 1122 2854 crimen
1156 2799 1425 2863 adduces,
1459 2808 1512 2852 et
1554 2798 1650 2851 tibi
1692 2804 1897 2851 sartam
1935 2805 2017 2849 te-

363 2885 366 2888 ί
430 2904 583 2946 .etani
603 2891 721 2945 lidei
743 2891 1003 2944 rationem
1025 2904 1132 2943 non
1155 2888 1526 2943 conservabis.
1555 2886 1720 2941 Multa
1745 2874 2014 2956 siquidem

439 2981 695 3037 Patribus
730 2983 846 3036 sive
897 2995 995 3049 per
1047 2981 1445 3048 metaphoram,
1488 2979 1603 3032 sive
1653 2992 1751 3047 per
1777 2976 2018 3047 αξηυίνο-

438 3075 732 3139 cntionem,
758 3074 872 3126 sive
893 3086 988 3142 per
1010 3070 1444 3133 conversionem,
1483 3069 1598 3125 sive
1620 3069 1728 3123 alio
1753 3069 2015 3138 quopiam

2119 1978 2218 2047 σῆς
2249 1978 2622 2046 μεγαλονοίας,
2672 1981 2756 2034 ὅτι
2807 1981 3053 2046 Πολλὰς
3087 1980 3328 2050 allow
3367 1985 3701 2050 μαρτυρίας

2117 2069 2249 2137 περὶ
2276 2068 2388 2139 τῆς
2414 2070 2551 2139 παρ’
2591 2073 2737 2142 ἡμῖν
2785 2071 3299 2143 δογματιζομένης,
3345 2073 3538 2142 ἤγουν
3582 2071 3701 2142 τῆς

2112 2161 2253 2229 μιᾶς
2280 2163 2518 2230 φύσεως
2548 2164 2660 2218 τοῦ
2690 2163 2950 2232 Χριστοῦ
2982 2165 3133 2234 μετὰ
3159 2165 3274 2233 τὴν
3300 2164 3522 2218 ἕνωσιν
3549 2167 3699 2233 ὁμου·

2114 2253 2324 2321 λογίας
2365 2256 2687 2324 παριστᾷν,
2741 2257 2837 2310 καὶ
2879 2256 3079 2311 πολλὰ
3124 2248 3230 2311 τοῦ
3271 2256 3493 2325 λέγειν,
3534 2257 3700 2311 ἀλλὰ

2112 2343 2209 2397 διὰ
2241 2347 2304 2398 τὸ
2336 2346 2490 2415 μηδὲ
2521 2349 2593 2402 ἐν
2620 2347 2699 2413 τῷ
2750 2348 3041 2419 γράμματι
3087 2348 3199 2418 τῆς
3250 2349 3372 2418 σῆς
3432 2348 3698 2419 ἁγιωσύ-

2111 2454 2224 2502 νης
2254 2436 2370 2491 τῶν
2386 2441 2686 2508 θεοφόρων
2700 2439 2932 2507 ἀνδρῶν
2953 2442 3024 2494 οὺ
3044 2441 3304 2510 περιεῖχε
3332 2441 3694 2510 μαρτυρίας,

2112 2527 2256 2582 οὐδὲ
2311 2528 2485 2598 ἡμεῖς
2532 2531 2968 2602 ἐνεγρὰψαμεν.
2993 2530 3135 2602 Πλὴν
3167 2529 3259 2584 οῦν
3291 2530 3697 2595 διευθετοῦντες

2111 2620 2208 2690 τὴν
2243 2619 2340 2692 σὴν
2372 2619 2642 2688 εὔκλειαν,
2670 2624 2765 2676 καὶ
2792 2625 2850 2677 ἐν
2875 2621 3085 2686 τούτοις
3103 2623 3269 2678 τανῦν
3297 2622 3552 2692 λέγομεν·
3578 2622 3703 2693 Οὑχξ

2111 2711 2322 2779 ἁπλῶς,
2352 2712 2447 2765 καὶ
2495 2714 2570 2776 ὡς
2601 2713 2778 2783 ἔτυχε,
2829 2714 2912 2767 δεῖ
2953 2730 3013 2767 σε
3066 2714 3374 2785 μαρτυρίας
3421 2714 3691 2784 Πατέρων

2116 2803 2246 2874 περὶ
2280 2803 2513 2869 πίστεως
2543 2805 2638 2858 καὶ
2667 2805 2952 2875 δογμάτων
2986 2805 3370 2874 ἀναλέγεσθαι.
3414 2805 3571 2859 Ἐπεὶ
3596 2806 3695 2858 καὶ

2114 2895 2238 2956 τοὺς
2267 2894 2445 2957 θείους
2467 2896 2718 2966 Πατέρας
2756 2897 3064 2966 ἐγκλήματι
3124 2895 3554 2968 περιγράψειας,
3596 2898 3694 2950 καὶ

2117 2983 2175 3036 σὲ
2207 2985 2365 3060 ἀσινῆ
2394 2986 2474 3049 είς
2499 2987 2724 3056 τὸν’τῆς
2752 2987 2986 3050 πίστεως
3009 2988 3164 3057 λόγον
3183 2988 3245 3042 ού
3274 2987 3690 3060 διατηρήσειας.

2120 3072 2293 3125 [Ιολλά
2321 3073 2426 3143 γὰρ
2455 3077 2568 3137 τοῖς
2592 3076 2838 3146 Πατράσι
2861 3079 2998 3147 πρὸς
3014 3077 3374 3147 κατάχρησιν,
3401 3078 3521 3152 ἦτοι
3543 3078 3690 3132 κατὰ

436 3168 607 3222 modo
651 3163 930 3221 vocabulis
976 3161 1325 3218 abutentibus
1372 3161 1641 3216 excidisse
1673 3159 2012 3230 comperien-

2124 3164 2455 3234 μεταφορὰν,
2515 3165 2548 3234 ἢ
2596 3165 2934 3236 ὁμωνυμίαν,
2964 3166 2998 3237 ἢ
3031 3165 3416 3238 ἀντιστροφὴν,
3448 3167 3482 3238 ἢ
3515 3167 3694 3230 άλλως

443 3268 550 3313 tur.
581 3256 860 3322 Quinimo,
890 3261 945 3308 et
970 3253 1166 3308 divina:
1190 3251 1427 3318 Litterae,
1451 3261 1504 3306 et
1531 3265 1665 3306 usus
1688 3251 1763 3306 ita
1789 3251 2014 3305 nomina

441 3355 801 3418 pertractant.
841 3343 908 3399 Et
940 3343 1247 3414 conspicito
1280 3342 1416 3398 mihi
1443 3343 1621 3413 ipsum
1657 3343 1875 3398 beatum
1911 3340 2016 3411 Cy—

365 3482 374 3489 .
441 3439 621 3495 rillum
659 3439 980 3509 liyposta‘ses
1026 3443 1367 3498 naturarum,
1404 3441 1458 3488 et
1497 3440 1726 3487 naturas
1757 3431 2014 3504 hyposta-

441 3549 572 3590 seon
603 3534 724 3588 loco
753 3514 1134 3601 accipientem.
1169 3528 1342 3596 Quale
1385 3528 1518 3582 illud
1545 3536 1630 3582 est
1657 3524 1755 3582 εει
1787 3526 1904 3596 quis
1929 3527 2014 3578 di-

439 3625 566 3679 uidit
593 3623 918 3692 hypostases.
941 3607 1290 3689 Rursumque
1323 3619 1576 3674 idernmet
1602 3618 1737 3673 dicit
1769 3638 1782 3673 :
1821 3616 2008 3671 Incon-

443 3713 577 3782 fusa
617 3719 1021 3782 permanserunt
1068 3716 1299 3772 natum,
1336 3707 1641 3778 hyposlases
1676 3722 1875 3777 nempe.
1903 3706 2016 3760 Ma-

443 3816 582 3872 gnus
604 3802 767 3856 etiam
799 3799 1154 3862 Athanasius,
1177 3806 1232 3854 et
1264 3812 1528 3868 personas
1555 3797 1608 3852 in
1638 3795 1856 3853 Christo
1880 3796 2016 3854 duas

440 3907 563 3946 esse
592 3890 884 3953 contendit,
915 3904 1038 3958 quia
1084 3888 1188 3944 nisi
1217 3889 1342 3958 quis
1383 3898 1614 3953 asserat,
1656 3887 1799 3943 dicta
1830 3903 1948 3943 esse
1984 3902 2015 3942 a

441 3979 692 4038 Pati-ibus
715 4022 728 4047 ,
766 3983 844 4037 sic
881 3980 1161 4036 vocabulis
1188 3979 1557 4045 abutentibus,
1592 3979 1809 4034 eosdem
1840 3980 2017 4034 luere-

444 4089 569 4131 scos
597 4083 722 4127 nota
758 4071 1069 4136 iniamabit,
1111 4077 1165 4124 et
1193 4084 1257 4125 ex
1293 4071 1359 4124 iis
1388 4070 1728 4126 orationibus
1769 4069 2016 4125 testimo-

444 4167 534 4222 nia
577 4180 876 4235 congereus
918 4163 1022 4218 sibi
1082 4162 1182 4231 ipsi
1234 4172 1288 4216 ct
1351 4162 1473 4216 alils
1525 4163 1761 4216 maxima
1816 4162 2018 4216 incom-

444 4261 604 4315 moda
636 4258 994 4329 comparabit.
1030 4258 1415 4312 Verumtamen
1459 4257 1614 4311 dictae
1644 4257 2014 4324 auctoritates,

363 4343 368 4347 ’
444 4355 491 4408 si
521 4353 608 4407 cui
637 4351 689 4405 id
729 4352 782 4405 in
813 4350 997 4404 animo
1023 4348 1206 4416 luerit,
1242 4365 1305 4403 ex
1347 4349 1544 4402 divinis
1599 4347 1854 4404 Patribus
1891 4349 2016 4403 seli-

388 4453 394 4458 '
445 4444 631 4516 gendte
680 4451 830 4506 sunt,
874 4456 997 4496 cum
1041 4442 1117 4496 illi
1166 4442 1232 4496 de
1280 4443 1440 4496 rebus
1473 4442 1793 4509 decernunt,
1841 4450 1894 4497 et
1922 4441 2016 4496 de-

446 4535 779 4600 tertulnant,
835 4533 1606 4605 propriamque_.scntentiam
1697 4533 2012 4598 declarant,

443 4627 605 4697 quale
637 4626 802 4680 fuerit
830 4626 894 4679 de
919 4634 1110 4680 natura
1154 4624 1237 4678 et~
1267 4624 1546 4694 liypostasi
1579 4641 1610 4677 a
1643 4640 1836 4693 magno
1868 4622 2017 4678 Basi-

446 4720 523 4774 lio
553 4721 852 4783 decretum,
885 4717 979 4786 qui
1028 4716 1167 4772 inter
1195 4731 1258 4771 ea
1290 4716 1584 4786 discrimen
1638 4716 1859 4785 apponit
1905 4731 2013 4772 non

448 4809 618 4876 aliud,
655 4823 819 4879 quam
886 4783 997 4878 quo
1037 4808 1339 4864 universale
1386 4818 1438 4862 et
1471 4783 1749 4877 lingulare
1791 4808 1929 4863 inter
1959 4823 2018 4864 se

447 4901 709 4958 differunt
743 4918 755 4956 :
789 4901 870 4954 vel
902 4917 1011 4971 quo
1037 4901 1168 4971 ipsi,
1211 4901 1335 4955 licet
1371 4902 1423 4952 in
1460 4899 1583 4956 aliis
1610 4899 1859 4970 plurimis
1886 4914 2018 4969 ope-

449 4992 602 5048 ribus
656 4993 975 5057 abutuntur,
1034 4992 1088 5047 in
1147 4992 1256 5045 alio
1312 5000 1492 5044 tamen
1523 5003 1705 5059 opere,
1740 4991 1868 5061 quid
1917 4993 2016 5061 ipsi

449 5084 709 5150 sentiant,
763 5093 817 5139 et
849 5099 1138 5154 quemnam
1175 5083 1276 5151 ipsi
1326 5084 1394 5136 ob
1429 5097 1648 5138 causam
1678 5084 1834 5139 abusi
1856 5091 2014 5150 sunt,

450 5175 751 5245 explanant
777 5190 792 5229 :
823 5175 905 5230 vel
928 5190 1014 5239 ea,
1053 5175 1107 5227 in
1140 5173 1336 5241 quibus
1374 5174 1612 5243 plerique
1638 5175 1858 5235 Patrum
1893 5191 2018 5231 con-

451 5266 700 5332 cordant,
733 5266 814 5322 vel
837 5282 956 5338 quae
979 5265 1224 5335 synodali
1248 5265 1464 5320 decreto
1493 5268 1704 5324 lirmata
1735 5278 1880 5332 sunt,
1909 5286 2016 5325 non

447 5368 629 5415 autem
662 5374 745 5425 ea,
780 5374 901 5430 qua:
943 5357 1043 5428 ipsi
1086 5356 1231 5410 aliud
1271 5367 1494 5427 agentes
1533 5345 1735 5430 scripto
1774 5361 2014 5417 tradide-

451 5455 599 5510 runt,
658 5446 712 5501 iu
761 5446 960 5516 quibus
1006 5445 1206 5515 saepius
1256 5448 1607 5515 exponendis,
1655 5449 1784 5504 dum
1819 5449 2014 5520 aliquis

453 5538 814 5609 negligentius
849 5553 907 5592 se
939 5538 1094 5607 gerit,
1119 5537 1446 5592 dictionibus
1489 5540 1732 5593 abutitur
1765 5556 1791 5594 a
1820 5542 2015 5599 vestris

452 5630 872 5700 cogitationibus
909 5633 973 5681 ad
1024 5633 1126 5684 hoc
1163 5631 1337 5701 ipsum
1384 5631 1700 5696 distractus,
1739 5636 1820 5687 \el
1871 5637 2012 5704 quod

453 5718 819 5790 aptitudinum
857 5717 1057 5774 nullan)
1091 5720 1297 5777 habens
1347 5721 1395 5774 in
1449 5732 1734 5793 promptu,
1762 5727 1858 5792 vel
1887 5743 2010 5783 cum

2041 4491 2093 4552 υ

2117 3271 2236 3317 πως
2261 3253 2409 3308 ἔστιν
2439 3255 2618 3327 εὑρεῖν
2643 3255 2923 3324 λέγοντας,
2946 3258 3041 3311 καὶ
3061 3257 3122 3311 οὑ
3149 3259 3313 3328 μόνον
3342 3253 3520 3322 τουτὶ,
3555 3257 3694 3312 ἀλλὰ

2116 3347 2211 3401 καὶ⁸
2236 3348 2294 3402 αί
2320 3346 2463 3402 θεῖαι
2514 3347 2731 3419 Γραφαὶ
2783 3349 2878 3403 καὶ
2905 3351 2939 3420 ἡ
2973 3349 3231 3420 συνήθεια
3267 3349 3442 3414 οὕτως
3474 3351 3542 3403 τά
3571 3349 3692 3403 δνό-

2117 3456 2262 3511 ματα
2315 3441 2776 3512 μεταχειρίζεται.
2821 3440 2931 3496 Καὶ
2982 3440 3081 3496 θέα
3119 3431 3209 3512 μοι
3257 3442 3354 3496 καὶ
3402 3441 3569 3496 αὑτὸν
3597 3441 3694 3495 τὸν

2118 3530 2388 3602 μακάριον
2433 3531 2702 3602 Κύριλλον
2762 3531 2866 3595 τὰς
2911 3531 3238 3596 ὑποστάσεις
3269 3531 3390 3586 ἀντὶ
3435 3531 3548 3588 τῶν
3587 3533 3694 3601 φύ-

2117 3637 2279 3688 σεων,
2307 3622 2400 3676 καὶ⁴
2419 3621 2519 3686 τάς
2548 3622 2740 3692 φύσεις
2767 3623 2889 3677 ἀντὶ
2951 3622 3063 3676 τῶν
3095 3623 3449 3678 ὑποστάσεων
3479 3625 3688 3695 ἐκλαμ-

2117 3710 2368 3767 ϐάνοντα.
2387 3708 2512 3766 t)de
2535 3728 2697 3783 φημι·
2724 3713 2797 3766 El
2823 3730 2916 3780 τις
2936 3712 3156 3782 διαιρεῖ
3167 3713 3273 3781 τὰς
3295 3711 3687 3781 ὑποστάσεις.

2115 3805 2225 3860 Καὶ
2256 3805 2417 3858 πάλιν
2442 3805 2469 3857 ὁ
2495 3804 2656 3867 αὑτὸς
2688 3804 2856 3872 λέγει’
2904 3803 3252 3874 Ἀσόγχυεοι
3275 3804 3695 3875 μεμενήκασιν

2115 3898 2173 3949 αι
2188 3896 2423 3965 φύσεις,
2447 3893 2639 3966 ἤγουν
2669 3895 3060 3962 ὑποστάσεις.
3097 3895 3168 3948 Ὅ
3197 3913 3255 3950 τε
3321 3883 3496 3968 μέγας
3529 3895 3692 3950 Ἀθα-

2115 3988 2300 4052 νάσιος
2337 3988 2432 4043 καὶ
2475 3989 2741 4064 πρόσωπα
2772 3988 2863 4042 ἐπὶ
2901 3987 3139 4058 Χριστοῦ
3169 3987 3263 4043 δύο
3303 3984 3444 4043 εἶναι
3473 3987 3688 4058 διισχυ-

2120 4079 2350 4152 ρίζεται,
2379 4080 2428 4132 εί
2458 4081 2531 4149 μή
2585 4095 2670 4142 τις
2715 4078 2871 4141 τοῦτο
2899 4079 3065 4146 εῖποι,
3111 4079 3192 4134 δτι
3237 4079 3693 4151 καταχρηστικῶς

2116 4175 2226 4235 τοῖς
2253 4173 2526 4243 Πατράσιν
2558 4170 3004 4241 mammatae;
3029 4188 3087 4225 τε
3123 4169 3342 4236 τούτους
3382 4157 3694 4243 αίρετικοὺς

2115 4265 2439 4335 ἀποφήσειε,
2490 4265 2584 4318 καὶ
2641 4267 2705 4317 ὲκ
2748 4263 2916 4318 τῶνδε
2964 4264 3072 4318 τῶν
3093 4266 3266 4334 λόγων
3292 4264 3690 4336 ἀναλεγόμενος

2116 4359 2360 4427 χρήσεις,
2398 4355 2586 4410 ἑαυτόν
2641 4373 2699 4409 τε
2753 4359 2846 4411 καὶ
2875 4357 3066 4422 ἄλλους
3107 4357 3358 4428 μεγάλως
3409 4356 3687 4428 βλάψειεν.

2125 4445 2287 4500 Ἀλλά
2331 4448 2434 4518 χρὴ
2471 4448 2568 4510 τὰς
2605 4447 2857 4512 τοιαύτας
2895 4448 3137 4520 χρήσεις,
3177 4448 3312 4512 εῖτις
3354 4448 3596 4518 βούλοιτο
3623 4449 3689 4501 ἐκ

2117 4535 2225 4594 τῶν
2252 4539 2410 4593 θείων
2442 4539 2697 4609 Πατέρων
2730 4539 3106 4609 ἀναλέγεσθαι,
3134 4535 3244 4593 οἷον
3268 4538 3690 4611 νομοθετοῦντας

2118 4629 2244 4698 περί
2262 4645 2427 4690 ,τινων
2451 4629 2813 4699 πραγμάτων,
2841 4630 2936 4682 καὶ
2949 4627 3333 4699 όροθετοῦντας
3363 4629 3691 4701 εὑρισκομέ-

2117 4737 2261 4783 νους,
2296 4719 2387 4773 καὶ
2419 4718 2516 4790 τὴν
2543 4719 2751 4772 οίκείαν
2783 4718 3009 4789 γνώμην
3031 4719 3533 4785 ἀνακαλύπτοντας.
3561 4713 3691 4774 Oiei»

2118 4809 2316 4863 ὲστιτδ
2355 4811 2483 4879 περὶ
2533 4809 2719 4873 οὐσίας
2769 4810 2862 4863 καὶ
2915 4810 3262 4874 ὑποστάσεως
3318 4809 3488 4880 δνομα
3534 4809 3692 4880 παρὰ

2118 4900 2375 4953 Βασλείου
2407 4901 2498 4954 τοῦ
2535 4902 2675 4955 πάνυ
2707 4899 2887 4952 λαϐὼν
2929 4900 3222 4972 διάκρισιν,
3253 4901 3456 4972 ταύτην
3493 4902 3691 4972 ἔχοντα.

2116 4993 2212 5061 τὴν
2241 4993 2501 5060 διαφορὰν
2554 4993 2688 5060 πρὸς
2720 4989 2944 5061 ἄλληλα,
2998 4991 3066 5062 ἢν
3099 4990 3212 5062 ἔχει
3241 4992 3301 5045 τδ
3346 4991 3524 5046 κοινδν
3551 4993 3690 5062 πρὸς

2117 5083 2176 5135 τὸ
2229 5083 2584 5145 καοὲκαστον,
2617 5082 2648 5152 ἢ
2709 5082 2802 5134 καὶ
2833 5083 3032 5146 αὐτοὺς
3072 5081 3596 5154 καταχρησαμένους
3627 5084 3690 5136 ἐν

2117 5176 2296 5238 ἄλλοις
2364 5177 2445 5230 ὅτι
2502 5176 2772 5240 πλείστοις
2824 5176 3005 5230 αὑτῶν
3051 5177 3444 5248 συγγράμμασι
3500 5175 3689 5229 διασα-

2118 5267 2352 5337 φοῦντας
2406 5267 2631 5339 κυρίως,
2688 5269 2824 5340 ὅπερ
2878 5268 3142 5338 ἀλλαχόσε
3188 5264 3684 5338 κατεχρήσαντο,ἧ

2120 5364 2213 5416 καὶ
2242 5362 2299 5413 ἐν
2324 5357 2402 5424 οἷς
2436 5363 2713 5432 σύμφωνοι
2752 5364 2799 5416 oi
2844 5363 3082 5416 πλεῖστοι
3105 5360 3214 5415 τῶν
3247 5360 3506 5430 Πατέρων
3527 5361 3692 5436 γεγόέ

2118 5453 2344 5523 νασιν,ἢ
2372 5452 2464 5505 και
2496 5453 2779 5516 συνοδικῶς
2803 5453 3076 5526 ἐκυρώθη,
3102 5437 3236 5506 ἀλλά
3257 5452 3334 5523 μὴ
3358 5451 3436 5521 τῷ
3455 5441 3686 5521 escaria

2115 5544 2278 5614 λόγῳ,
2342 5539 2386 5613 ᾧ
2446 5544 2702 5608 πολλάκις
2731 5547 2797 5601 ἀν
2824 5561 2903 5607 τις
2937 5547 3077 5599 κατὰ
3129 5544 3226 5616 τὴν
3261 5543 3557 5614 ἑρμηνείαν
3590 5543 3687 5594 καὶ

2115 5638 2476 5708 ἀμελέστερον
2499 5638 2835 5707 διακείμενος
2889 5639 3286 5710 καταχρήσοιτο
3321 5635 3550 5704 λέξεσιν,
3578 5634 3689 5687 ὑπὸ

2116 5730 2394 5801 ὑμετέρων
2431 5730 2714 5802 νοημάτων
2741 5731 2875 5802 πρὸς
2903 5731 3059 5786 τοῦτο
3107 5729 3389 5812 ἀγόμενοςι
3421 5727 3455 5798 ἢ
3485 5726 3578 5780 καὶ
3604 5726 3689 5798 μὴ
