3934 6316
1056 336 1495 401 REFUTATIO
1531 327 1912 402 EPISTOUE
1959 338 2192 402 REGIS
2230 339 2626 400 ARMENI/E.

3350 342 3454 404 6‘28

207 448 504 520 πρόχειρον
534 446 673 517 ἔχων
717 445 817 518 τὴν
852 445 1286 520 ἐπιτηδειότητα,
1331 449 1365 520 ἢ
1404 449 1497 504 καί
1532 466 1642 504 τισι
1673 451 1810 507 τῶν

1899 449 2004 505 diis
2032 449 2300 519 opposita,
2329 448 2685 503 sentientibus
2720 448 3025 514 decertans,
3060 448 3196 503 alias
3228 450 3484 520 quoque.

205 538 528 605 ἑτεροδόξων
546 538 1082 606 ἀντικαθιστάμενος,
1098 540 1190 594 καὶ
1213 541 1332 595 κατ’
1347 541 1512 607 ἄλλας
1529 542 1585 596 δὲ
1604 560 1784 614 παρα-

206 629 403 698 φάσεις
453 632 550 700 τῆς
590 629 705 682 τῶν
747 630 1023 701 ὀνομάτων
1068 631 1354 702 ἀκριδείας
1387 631 1462 705 μὴ
1487 634 1782 704 φροντίσαι,

210 720 283 774 οὐ
305 719 388 775 δεῖ
434 724 500 775 ὲκ
558 721 814 776 τοιούτων
865 724 1090 795 χρήσεις
1141 725 1520 794 ἀναλέγεσθαι,
1561 726 1673 780 ἀλλ’
1711 729 1786 790 ὡς

210 809 410 865 ἀνόπιν
437 810 666 882 ἔφαμεν.
684 802 854 866 Τοῦτο
879 813 936 867 δὲ
963 815 1056 869 καὶ
1082 815 1146 868 σὺ
1173 816 1360 884 ποιῶν,
1391 817 1489 870 οὐκ
1507 815 1572 872 ἂν
1605 817 1785 886 εὕροις

207 904 561 976 παραστῆσαι
578 905 800 975 χρήσεις
818 906 1152 971 συνιστώσας
1172 908 1233 961 τὸ
1261 910 1388 980 περὶ
1419 911 1546 980 μιᾶς
1571 910 1785 980 φύσεως

206 995 306 1048 τοῦ
337 994 572 1060 Χριστοῦ
603 994 753 1066 παρά
795 997 890 1050 σοῦ
919 997 1395 1069 ὼγματιζὸμενον.

288 1083 376 1151 ιγ’.
401 1084 761 1154 Παρακατιὼν
781 1085 837 1139 δὲ
858 1087 916 1140 ἐν
933 1086 1010 1156 τῷ
1035 1088 1323 1158 γράμματι
1357 1105 1474 1156 σου,
1501 1089 1599 1144 καὶ
1619 1091 1783 1145 οίονεὶ

208 1171 516 1242 ἀχθόμενος
550 1175 684 1245 πρὸς
719 1176 886 1244 ἡμᾶς,
917 1173 1054 1229 διότι
1082 1176 1462 1249 γεγράφαμεν,
1498 1179 1583 1234 ὅτι
1607 1181 1656 1234 oi
1694 1181 1782 1234 λέ-

207 1278 404 1330 γοντες
439 1260 569 1331 μίαν
598 1261 760 1331 φύσιν
811 1263 892 1328 είς
938 1265 1173 1334 Χριστὸν
1202 1265 1778 1336 Εὑτυχιανισταίείσι,

207 1353 311 1407 καὶ
344 1353 422 1422 τῷ
453 1353 598 1422 αὐτῷ
625 1353 1308 1427 ἀναθέματικαὶκρίματι
1343 1359 1781 1413 καθυποσάλλον-

1887 541 1959 596 ob
1984 555 2179 596 causas
2208 540 2489 593 nominum
2531 549 2842 595 accuratam
2871 540 3323 612 significationem
3357 556 3458 595 ne-

1887 633 2075 705 glexit.
2133 633 2217 687 Ex
2275 632 2543 687 similibus
2593 633 2912 690 testimonia
2955 635 3295 704 congerenda
3346 649 3456 688 non

1887 734 2034 787 sunt,
2068 723 2187 786 sed,
2218 732 2276 777 ut
2308 724 2763 792 supragdiximus.
2791 725 2846 778 ld
2878 735 2931 780 tu
2949 741 3168 795 quoque
3200 725 3289 780 ubi
3319 723 3459 779 face-

1885 815 1984 876 ris,
2022 814 2165 868 nulla
2202 815 2506 895 comperies
2554 816 2860 870 testimonia
2887 819 3141 881 Patrum,
3179 833 3299 886 qua:
3329 832 3457 870 scn-

1886 907 2107 961 tentiam
2141 915 2287 960 tuam
2332 906 2399 961 de
2447 922 2553 961 una
2602 908 2808 961 Christi
2841 920 3034 963 natura
3067 909 3448 980 comprobent.

1955 1085 2041 1140 1'5.
2073 1083 2145 1140 ln~
2174 1085 2402 1155 epistola
2456 1101 2588 1140 vero
2632 1095 2722 1141 tua
2779 1103 3129 1158 progressus,
3163 1091 3330 1144 veluti
3375 1090 3459 1143 in-'

1884 1174 2138 1246 dignatus
2183 1175 2520 1246 molesteque
2579 1176 2781 1238 ferens,
2818 1166 2984 1247 quod
3016 1194 3116 1234 nos
3167 1179 3457 1248 scripseric

1884 1261 2027 1333 inus,
2058 1274 2363 1322 asserentes
2421 1281 2585 1322 unam
2635 1267 2687 1320 in
2721 1269 2941 1324 Christo
2990 1278 3241 1325 naturam
3295 1270 3462 1340 Euty-

1883 1355 2110 1410 eltianos
2132 1371 2272 1417 esse.
2297 1357 2597 1427 eodemque
2623 1359 2965 1414 anathemate
3005 1375 3069 1415 ac
3085 1361 3292 1430 judicio
3319 1363 3452 1414 sub-

206 1460 326 1509 ται,
355 1443 534 1499 τοιάδε
577 1447 839 1515 γράφεις
888 1446 999 1498 Καὶ
1038 1447 1314 1516 λέγομεν,
1349 1448 1632 1516 δέσποτα,
1672 1453 1782 1506 οὐκ

1907 1447 1996 1511 ici,
2054 1448 2164 1501 btet:
2184 1447 2382 1502 scribis
2432 1449 2547 1501 :Et
2607 1449 2852 1516 dicimus,
2900 1450 3129 1516 domine,
3173 1453 3224 1504 in
3279 1453 3372 1505 hoc
3413 1462 3459 1503 te

209 1535 583 1601 ἐποιήσω-ἑν
608 1538 797 1604 τούτῳ
832 1537 1061 1592 εὐθεῖαν
1094 1540 1318 1607 κρίσιν,
1357 1540 1438 1592 διὸ
1468 1541 1558 1594 καὶ
1589 1544 1784 1612 πειρᾶ-

213 1641 324 1678 σαι
344 1623 438 1678 τοῦ
473 1623 746 1696 Εὐτυχοῦς
773 1625 870 1697 τὴν
893 1626 1049 1692 δόξαν
1085 1627 1412 1691 ἐκτίθεσθαι,
1460 1629 1783 1701 διασαφηνί-

209 1713 333 1777 ζειν
362 1730 446 1780 τε,
468 1714 552 1767 δτι
597 1715 857 1785 ἀνάχυσιν
884 1717 978 1770 καὶ
1004 1717 1305 1786 ἀνάκρασιν
1336 1717 1547 1783 δοξάζει
1575 1720 1668 1772 ἐπὶ
1686 1721 1784 1788 τῆς

1885 1554 1991 1591 non
2057 1547 2191 1592 recte
2239 1540 2505 1608 judicium
2575 1541 2802 1606 tulisse;
2852 1542 3080 1612 ideoque
3142 1543 3464 1612 Eutychetis

1884 1629 2193 1699 opinionem
2244 1630 2517 1699 exponere
2603 1632 2840 1695 conaris,
2900 1632 3286 1702 declarareque
3334 1647 3459 1686 cum

1887 1718 2270 1774 confusionem
2305 1723 2896 1791 commutationemque
2939 1724 2995 1775 in
3024 1722 3329 1777 (economia
3362 1738 3464 1790 po-

207 1805 552 1876 οίκονομίας,
591 1806 686 1861 καὶ
716 1808 782 1860 ἐκ
824 1806 935 1860 τῶν
971 1807 1142 1876 ἀγίων
1186 1808 1279 1861 καὶ
1313 1809 1598 1878 ἀχράντων
1629 1810 1789 1878 αἱμά-

1899 1823 2043 1874 nere,
2076 1808 2317 1878 nihilque
2347 1825 2410 1862 ex
2458 1810 2819 1865 immaculatis
2883 1811 3201 1879 sanctisque
3238 1812 3463 1879 sangui-

205 1913 324 1949 των
359 1896 524 1966 μηδὲν
553 1896 643 1958 τὸν
667 1896 799 1950 Θεὸν
827 1896 999 1966 Λόγον
1026 1897 1427 1968 προσλαϐέσθαι
1457 1900 1626 1968 λέγει,
1660 1901 1788 1955 ἑαυ-

204 1988 308 2041 τὸν
331 1988 389 2041 δὲ
421 1989 770 2060 παραστῆσαι
794 1989 871 2060 μὴ
894 1984 1034 2045 εἶναι
1064 1993 1410 2062 συγχυτικὺν,
1435 1995 1528 2046 καὶ
1555 1993 1788 2064 ἑτέρωσε

206 2077 506 2144 δοξάζοντα
559 2079 692 2150 μίαν
735 2079 898 2150 φύσιν
948 2081 1039 2134 ἐπὶ
1082 2081 1338 2152 Χριστοῦ,
1369 2081 1437 2135 δι’
1458 2082 1588 2138 αὐτὸ
1608 2082 1786 2149 τοῦτο,

209 2170 356 2240 μηδὲ
377 2168 452 2239 τῷ
474 2170 622 2240 αὐτῷ
649 2169 950 2241 ἀναθέματι
1010 2171 1236 2234 δικαίως
1261 2171 1786 2229 καθυποδάλλεσθαι.

222 2259 374 2312 Ἀλλ9
429 2262 477 2314 εί
517 2260 616 2331 μὲν
645 2262 674 2315 ὁ
717 2260 874 2328 λόγος
903 2262 933 2315 ὁ
961 2261 1052 2326 σδς
1096 2262 1165 2317 τδ
1186 2262 1443 2334 διάφορον
1482 2263 1578 2334 τῆς
1609 2264 1787 2334 δόξης,

207 2353 363 2421 φημὶ
386 2350 451 2422 δὴ
477 2351 569 2406 τοῦ
591 2352 864 2423 Βύτυχοῦς
888 2353 981 2407 καὶ
1004 2352 1103 2424 τῆς
1131 2354 1229 2423 σῆς
1253 2354 1567 2425 ὁμολογίας,
1598 2355 1789 2425 βούλεο

207 2461 307 2500 ται
341 2447 632 2516 παριστᾷν,
656 2445 732 2509 ὡς
761 2445 1010 2500 ἐντεῦθεν
1039 2446 1176 2516 μηδὲ
1201 2446 1282 2516 τῷ
1308 2447 1460 2517 αὐτῷ
1488 2447 1790 2518 ἀναθέματι

211 2535 648 2604 συναπάγεσθαι,
671 2539 701 2591 ὁ
722 2535 856 2605 γοῦν
887 2537 1155 2608 ἡμέτερος
1181 2537 1336 2607 λόγος
1349 2538 1445 2609 τῆς
1465 2540 1790 2605 ἀποδείξεως

209 2624 369 2679 οὕτω
397 2625 626 2695 λέγοντά
654 2644 714 2681 σε
769 2628 899 2698 μίαν
949 2629 1110 2698 φύσιν
1139 2631 1232 2684 ἐπὶ
1256 2632 1355 2702 τῆς
1381 2630 1627 2706 ὲνώσεως
1652 2635 1790 2704 Χρι-

212 2716 376 2784 στοῦ,
425 2718 528 2772 κᾶν
559 2718 633 2789 μὴ
685 2721 749 2773 ὲκ
802 2719 1024 2790 πρώτης
1079 2720 1252 2785 οὕτως
1292 2720 1788 2793 εὖροιδοξάζοντα,

211 2808 343 2862 ἀλλ’
390 2810 446 2874 ἐξ
514 2806 589 2864 ὧν
644 2809 848 2878 λέγεις,
897 2795 1193 2877 ἑξάπαντος
1232 2814 1312 2877 είς
1340 2814 1432 2867 τὸν
1467 2815 1564 2884 τῆς
1593 2815 1791 2885 ἀναχύ-

210 2916 366 2963 σεως
389 2900 588 2970 τρόπον
612 2902 882 2972 περιάξει,
925 2904 1018 2956 καὶ
1043 2903 1202 2958 τοῦτό
1238 2921 1318 2959 σοι
1339 2905 1494 2976 δῆλον
1519 2907 1788 2961 ἐντεῦθεν.

213 2989 390 3059 Τρεῖς
440 2991 619 3045 τοίνυν
659 2993 714 3045 αἱ
765 2993 1027 3048 ἀνωτάτω
1060 2994 1208 3059 δόξαι
1253 2997 1384 3066 περὶ
1423 2997 1520 3066 τῆς
1546 2997 1790 3062 ὲνώσεως

213 3077 335 3132 τῶν
366 3079 425 3132 ὲν
451 3079 673 3150 Χριστῷ
722 3081 938 3151 φύσεων
983 3083 1416 3154 κατεϐλήθησαν,
1467 3087 1790 3159 διαιρετικὴ,

1897 1899 2060 1952 nibus
2110 1897 2279 1952 Deum
2327 1898 2562 1953 Verbum
2607 1901 2990 1969 assumpsisse,
3023 1910 3073 1956 te
3103 1902 3278 1970 ipsum
3317 1915 3462 1954 vero.

1891 1991 2127 2061 probare
2195 2005 2304 2044 non
2351 1991 2694 2045 introducere
2739 1990 3139 2054 confusionem,
3181 2001 3234 2045 ct
3285 1990 3411 2044 alibi
3440 2025 3466 2049 .

1898 2095 2060 2135 unam
2087 2088 2333 2158 naturam
2357 2081 2710 2134 afﬁrmantem
2739 2081 2791 2132 in
2818 2080 3057 2145 Christo,
3075 2096 3188 2136 non
3209 2092 3462 2150 propter~

1894 2183 1959 2223 ea
1997 2170 2328 2226 anathemati
2369 2170 2561 2225 merito
2607 2169 2824 2239 subjici.
2884 2169 2960 2223 Et.
2977 2170 3102 2225 licet
3131 2185 3310 2224 sermo
3339 2177 3467 2223 tuus

1895 2262 2172 2332 Opinionis
2212 2261 2562 2334 Eutychiame
2614 2261 3228 2332 tuaique-confessionis
3269 2261 3466 2316 discri-

1898 2369 2019 2408 tnen
2077 2353 2347 2409 extricare
2395 2353 2634 2418 nitatur,
2689 2361 2748 2407 ut
2819 2353 2944 2408 inde
2998 2353 3066 2408 ab
3119 2355 3471 2407 anathemate

1898 2454 2106 2499 contra
2129 2444 2426 2515 Eutychem
2475 2445 2585 2498 lato
2616 2444 2886 2499 immunis
2921 2459 3044 2500 esse
3079 2444 3335 2508 videaris,
3365 2461 3467 2498 no-

1897 2549 2025 2592 stra:
2059 2549 2242 2591 tamen
2269 2535 2756 2592 demonstrationis
2787 2536 2927 2591 ratio
2952 2544 3003 2591 te
3022 2551 3183 2591 unam
3211 2544 3464 2591 naturam

1856 2632 1858 2634 ’
1896 2629 1950 2682 in
1975 2629 2172 2682 unione
2197 2626 2408 2681 Christi.
2425 2638 2779 2692 asscrentem,
2794 2629 2892 2682 etsi
2919 2627 3035 2697 ipso
3051 2628 3227 2696 primo
3246 2638 3469 2696 aspectu

1897 2727 1950 2774 te
1975 2719 2049 2773 ita
2078 2718 2325 2773 confiteri
2377 2735 2483 2774 non
2517 2720 2869 2787 compererit,
2901 2719 3125 2772 omnino
3166 2718 3218 2770 in
3266 2718 3462 2773 confu.

1897 2811 2068 2866 sionis
2095 2811 2315 2866 modum
2337 2811 2611 2865 adducet:
2637 2810 2781 2879 quod
2815 2810 2909 2864 tibi
2938 2810 3084 2864 hisce
3105 2809 3460 2863 manifestum

1897 2900 2080 2956 fuerit.
2132 2900 2263 2956 Tres
2305 2917 2435 2972 ergo
2491 2917 2756 2970 supremae
2803 2902 3093 2971 opiniones
3148 2902 3216 2956 de
3269 2903 3470 2958 unione

1899 3001 2217 3047 naturarum
2248 2992 2553 3047 inChristo
2584 3001 2859 3062 conceptae
2889 3001 3037 3051 sunt.
3068 2992 3469 3056 divisiva,con-

1899 3083 2102 3149 fusiva,
2147 3095 2202 3139 et
2242 3101 2362 3154 qum
2391 3085 2603 3154 proprie
2633 3085 2937 3154 appellatur
2959 3083 3164 3137 unitiva
3196 3099 3207 3134 :
3234 3099 3467 3153 quarum

218 3168 546 3239 συγχυτικὴ.
588 3171 744 3242 καὶὴ
791 3172 995 3241 κυρίως
1014 3175 1246 3244 ἑνωτικὴ
1278 3175 1565 3246 λεγομένη.
1601 3178 1666 3228 Δί
1692 3178 1795 3250 μὲν,

1899 3174 2014 3228 duae
2068 3175 2135 3228 ab
2193 3175 2457 3229 haereticis
2517 3176 2675 3245 quasi
2725 3175 2835 3244 joci
2919 3175 3134 3229 ridiculi
3179 3174 3470 3228 divendita:

220 3254 328 3311 οὖν
369 3258 462 3312 δύο
490 3261 678 3313 παισὶν
721 3263 1011 3334 αίρετικῶν
1059 3265 1415 3334 ὲπαίχθησαν,
1475 3268 1569 3320 καὶ
1610 3269 1800 3332 παιζέ-

221 3349 468 3404 σθωσαν.
500 3351 697 3415 Καλῶς
730 3353 839 3423 γάρ
873 3355 1161 3424 προλαϐὼν
1187 3357 1384 3420 αὐτοὺς
1415 3358 1444 3409 ὁ
1474 3358 1614 3421 θεῖος
1648 3361 1799 3431 Γρη-

218 3441 411 3512 γόριος
454 3443 852 3512 ἑστηλίτευσεν.
877 3445 952 3498 Ἤ
984 3464 1042 3500 τε
1087 3447 1195 3518 γὰρ
1227 3448 1529 3520 διαιρετικὴ
1577 3452 1801 3522 σχετική

217 3547 315 3595 τις
335 3527 489 3598 οὖσα,
506 3533 601 3586 καὶ
626 3533 760 3604 μηδὲ
783 3533 885 3604 τὴν
907 3535 1080 3607 ἀρχὴν
1100 3538 1193 3600 τὰς
1215 3537 1800 3606 φύσεις-συνάπτουσα,

222 3621 613 3691 κεχωρισμένα
638 3622 772 3693 πρὸς
803 3623 1004 3693 ἄλληλα
1034 3626 1363 3680 καταλείπει·
1385 3627 1453 3681 τὰ
1480 3629 1802 3698 πράγματα,

225 3712 366 3784 μηδὲ
387 3714 485 3766 ὅσα
514 3713 619 3767 ἴδια
646 3715 858 3778 τούτοις
879 3716 1112 3781 διδοῦσα,
1147 3719 1180 3789 ἢ
1205 3718 1562 3774 ἀντιδιδοῦσα.
1595 3721 1680 3783 Ὠς
1710 3723 1800 3774 ὲνο

217 3803 527 3876 τεῦθενδύο
543 3805 731 3875 φύσεις
757 3808 930 3878 πάντη
954 3809 1226 3879 χωριστὰς
1250 3809 1492 3881 ἀλλήλων
1505 3810 1805 3881 ὁρίζεσθαι,

227 3897 376 3965 πλὴν
398 3897 522 3948 ὅσον
556 3896 704 3966 ἀξίᾳ,
728 3899 820 3950 καὶ
843 3898 1060 3970 γνώμῃ,
1085 3901 1180 3953 καὶ
1206 3901 1562 3972 ταυτοόουλία
1584 3902 1675 3955 τὸν
1699 3903 1806 3956 τῶν

224 3988 450 4055 φύσεων
473 3989 751 4059 χωρισμὸν
775 3991 1055 4057 φενακίζει
1079 3991 1203 4052 τοὺς
1220 3991 1480 4062 ἄφρονας.
1506 3992 1739 4063 Τοιαύτη
1770 3995 1803 4064 ὴ

219 4076 328 4130 τοῦ
348 4077 745 4147 ματαιόφρονος
760 4078 1054 4147 Νεπορίου
1072 4079 1219 4145 δόξα,
1241 4082 1272 4149 ὴ
1295 4080 1349 4133 δὲ
1367 4083 1504 4134 κατὰ
1518 4082 1805 4151 διάμετρον

229 4167 443 4238 ταύτης
478 4171 577 4223 καὶ
603 4170 902 4241 συγχυτικὴ
936 4172 1158 4224 πλεῖστα
1181 4173 1533 4240 ἀφανίζουσα,
1557 4175 1650 4228 καὶ
1677 4193 1805 4244 συγ-

223 4258 453 4331 χέουσα,
471 4260 530 4313 ’ἐν
551 4278 602 4312 τι
619 4263 849 4330 πρᾶγμα
875 4261 1026 4314 νόθον
1043 4263 1370 4316 ἀναπλάττει
1403 4280 1462 4316 τε
1486 4266 1578 4316 καλ⁵
1599 4265 1803 4333 φαντά-

223 4349 412 4414 ζεται,
435 4351 492 4404 ἐν
513 4350 620 4403 οὐδ’
635 4353 880 4422 ὁποτέρῳ
901 4353 1007 4405 τῶν
1027 4355 1314 4422 ήνωμένων
1329 4354 1587 4425 καθαρῶς
1603 4357 1660 4409 τὸ
1674 4356 1804 4409 ίδιον

1904 3273 2034 3318 sunt
2063 3273 2116 3318 et
2144 3264 2532 3319 divenduntur.
2581 3264 2757 3318 Probe
2789 3263 2934 3318 enim
2962 3278 3057 3318 eos
3087 3277 3472 3333 praeoccupans

1904 3356 2123 3410 divinus
2183 3356 2474 3424 Gregorius
2532 3355 2811 3409 infamavit
2859 3370 3146 3422 :namque
3193 3356 3469 3416 divisiva,

1904 3460 2028 3500 cum
2071 3447 2291 3500 relativa
2333 3446 2436 3510 sit,
2485 3457 2536 3500 et
2587 3462 2758 3515 neque
2806 3445 2859 3499 in
2904 3446 3020 3514 ipso
3052 3445 3208 3498 initio
3246 3456 3471 3502 naturas

1905 3537 2224 3605 conjungat,
2260 3545 2538 3606 separatas
2587 3537 2726 3590 inter
2770 3551 2826 3590 se
2858 3550 2944 3589 res
2990 3537 3271 3604 relinquit,
3295 3553 3470 3604 neque

1905 3626 2015 3680 illis
2077 3628 2426 3691 communia,
2478 3642 2653 3696 neque
2713 3627 3006 3696 peculiaria
3065 3617 3322 3691 exhibet,
3377 3635 3473 3680 aut

1906 3715 2102 3777 reddit,
2133 3723 2191 3768 ut
2228 3715 2350 3768 inde
2372 3715 2491 3769 duae
2523 3727 2727 3768 natura:
2765 3716 2986 3769 omnino
3046 3731 3075 3768 a
3123 3715 3321 3783 seipsis
3359 3704 3472 3768 dis~

1906 3808 2115 3877 pertitze
2170 3809 2592 3869 constituantur,
2617 3816 2673 3861 et
2722 3808 2838 3860 haec
2882 3807 3257 3862 tantummodo
3294 3807 3471 3874 digni.—

1908 3909 2038 3961 tute,
2071 3912 2124 3952 et
2158 3900 2447 3966 Opinione,
2480 3911 2534 3954 et
2585 3900 2817 3955 consilio
2845 3908 3070 3952 naturas
3111 3898 3353 3952 dividens
3385 3898 3469 3951 fu~

1905 4006 2029 4044 cum
2079 3981 2461 4060 insipientibus
2505 3991 2652 4056 facit,
2723 4003 2916 4058 estque
2971 3991 3158 4044 stolidi
3216 3989 3469 4044 Nestorii.

1907 4081 2039 4146 Quaa
2063 4096 2191 4134 vero
2228 4081 2303 4134 illi
2330 4097 2392 4135 ex
2415 4082 2681 4136 diametro
2709 4082 3017 4148 opponitur,
3038 4081 3188 4148 plura
3210 4081 3471 4135 dirimens

1904 4181 1958 4227 et
1985 4170 2358 4237 conf:rndens,.
2381 4173 2627 4240 spurium
2677 4172 2862 4227 nescio
2911 4171 3039 4240 quid
3084 4171 3186 4225 sibi
3223 4171 3473 4240 fingit,et

1906 4265 2292 4335 imaginatione
2346 4265 2763 4333 complectitur,
2828 4265 2880 4318 in
2943 4273 3132 4317 neutra
3190 4265 3469 4317 unitorum

1905 4368 2058 4427 parte
2093 4371 2224 4425 pure
2251 4358 2528 4425 proprium
2559 4371 2916 4419 conservans,
2945 4356 3037 4410 sed
3068 4356 3170 4409 hoc
3202 4355 3331 4424 illud
3365 4364 3469 4417 est,

223 4439 612 4504 ἀποσώζουσα,
649 4440 784 4494 ἀλλά
832 4440 988 4495 τοῦτο
1042 4443 1235 4504 ἐκεῖνο,
1267 4445 1485 4496 κάκεῖνο
1505 4445 1679 4507 τοῦτο,
1712 4445 1804 4498 καὶ

1908 4457 1961 4502 et
1988 4448 2117 4501 illud
2149 4447 2253 4500 hoc
2283 4465 2296 4499 :
2328 4447 2557 4515 ideoque
2585 4462 2760 4515 neque
2804 4448 2924 4507 hoc,
2963 4461 3135 4513 nequc
3172 4445 3298 4498 illud
3335 4431 3469 4516 con-

223 4531 325 4584 διὰ
343 4531 502 4584 τοῦτο
526 4532 647 4584 οὐδὲ
679 4532 855 4597 τοῦτο,
881 4533 997 4585 οὐδὲ
1025 4536 1198 4587 ἐκεῖνο
1223 4534 1600 4605 συγχωροῦσα.
1629 4536 1800 4588 Νόθον

227 4623 348 4692 γάρ
377 4622 522 4675 ἀπαν
561 4623 623 4675 τὸ
667 4625 730 4675 ὲκ
767 4623 866 4692 τῆς
907 4622 1220 4692 συγχύσεως
1246 4625 1619 4693 ἀναφαίνεται,
1651 4627 1799 4678 οὐδὲν

226 4716 363 4784 ἔχον
397 4715 661 4785 καθαρὸν,
695 4716 818 4768 οὐδὲ
851 4718 908 4766 ὲν
935 4719 1002 4786 τῇ
1036 4717 1244 4786 μονίμῳ
1299 4717 1578 4786 ἱδρυμένον
1610 4718 1800 4770 ἑαυτοῦ

231 4808 490 4875 ἰδιότητι,
523 4807 585 4858 Ἣ
610 4807 665 4858 δὲ
693 4807 896 4860 τούτων
930 4808 1068 4876 μέση
1102 4807 1403 4876 ἀσύγχυτός
1429 4824 1486 4859 τε
1516 4808 1605 4858 καὶ
1635 4807 1803 4858 ἀδιαί-

229 4912 402 4970 ρετος
419 4897 612 4959 ἒνωαις
645 4890 752 4948 οἶδε
788 4896 886 4966 μὲν
909 4897 978 4948 τὰ
1000 4895 1266 4965 ὁραθέντα
1290 4896 1590 4959 ἀνελλιπῶς
1617 4896 1803 4964 ἔχοντι

229 4989 384 5044 κατά
412 4989 510 5058 τὴν
564 4987 742 5042 αὐτῶν
794 4989 1030 5059 ἰδιότητα
1062 4988 1150 5041 διά
1193 4989 1256 5041 τὸ
1288 4988 1579 5058 ἄτρεπτον,
1612 4988 1804 5049 κοινῶς

230 5082 306 5135 δὲ,
344 5082 518 5135 ταῦτα
575 5081 669 5134 καὶ
698 5081 813 5144 ἑνὸς
836 5077 974 5135 εἶναι
1011 5083 1154 5134 ποιεῖ
1181 5081 1246 5140 διῗ
1285 5081 1457 5150 αὑτήν
1497 5097 1561 5148 γε
1590 5081 1688 5150 τὴν
1717 5081 1805 5132 οὐ·

235 5174 410 5243 σιώδη
441 5173 662 5238 ἕνωσιν,
681 5173 754 5236 ὠς
778 5174 825 5226 εί
861 5176 954 5226 καὶ
984 5174 1051 5227 τά
1078 5175 1174 5242 μὲν
1204 5173 1405 5244 κυρίως
1428 5174 1534 5226 ἴδια
1556 5173 1803 5242 θατέρου,

239 5265 406 5322 κοινά
439 5264 534 5318 τοῦ
565 5266 708 5331 ὅλου,
767 5268 833 5319 τά
862 5266 919 5318 δὲ
969 5267 1063 5319 τοῦ
1094 5267 1216 5320 ὅλου
1246 5266 1417 5328 κοινὰ,
1454 5265 1678 5335 θατέρου
1702 5265 1806 5318 ἴδια

234 5363 332 5416 διὰ
359 5363 457 5432 τὴν
489 5364 547 5414 ὲν
574 5361 786 5433 Θατέρῳ
846 5361 938 5414 τοῦ
981 5361 1145 5414 αὑτοῦ
1195 5359 1500 5428 ἁσύγχυτον
1549 5357 1804 5426 ἰδιότητα.

236 5455 318 5507 Οὐ
342 5453 455 5522 γάρ
490 5453 554 5507 ἂν
584 5454 848 5515 ἀντίδοσις
875 5453 982 5506 τῶν
1038 5454 1340 5522 ἰδιωμάτων
1391 5452 1623 5518 ἐγένετο,
1652 5452 1700 5501 εί
1732 5449 1807 5519 μὴ

236 5547 302 5600 ὲν
337 5543 583 5615 ἑκατέρῳ
606 5545 821 5616 ἔμεινεν
854 5546 910 5596 ὲν
934 5548 998 5614 τῇ
1033 5545 1273 5613 ὲνώσειὴ
1308 5543 1501 5610 ἰδιότης
1534 5542 1805 5611 ὁιπιιίνητοςτ

243 5638 442 5691 Ἔστιν
493 5635 584 5692 οὖν
631 5639 666 5708 ἡ
713 5636 935 5706 τοιαύτη
971 5636 1158 5701 ἓνωσις
1189 5637 1296 5689 τῶν
1347 5636 1444 5704 μὲν
1480 5635 1650 5704 πάντη
1674 5636 1810 5687 διαι-

219 5729 426 5802 ,ρετῶν
452 5729 773 5804 ὲνικωτέρα,
826 5729 930 5785 τῶν
971 5729 1027 5782 δὲ
1079 5729 1254 5802 πάντη
1291 5727 1627 5796 συγχυτικῶν
1657 5727 1811 5779 πλου-

1901 4539 2098 4594 cedens
2130 4557 2144 4592 :
2178 4537 2335 4606 quod.
2359 4538 2504 4590 enim
2545 4553 2610 4591 ex
2650 4535 2974 4591 confusione
3000 4539 3191 4598 oritur,
3223 4535 3467 4602 spuriurn

1901 4640 2005 4696 est,
2040 4630 2174 4683 nihil
2208 4644 2403 4697 purum
2434 4629 2744 4689 continens,
2789 4629 2841 4681 in
2875 4628 2991 4696 ipsa
3037 4627 3119 4680 sui
3146 4627 3322 4678 stabili
3347 4641 3473 4692 pro-

1903 4720 2128 4788 prietate
2175 4720 2399 4772 minime
2446 4718 2681 4771 firmum.
2720 4719 2921 4770 Harum
2958 4716 3134 4769 media
3183 4715 3470 4771 inconfusa

1901 4818 1956 4862 ct
1988 4809 2222 4863 indivisa
2259 4810 2390 4863 unio
2423 4808 2670 4879 agnoscit
2709 4806 2958 4874 equidem
2986 4813 3278 4872 conspecta
3328 4805 3469 4856 inte—

1904 4916 1997 4969 gra
2025 4915 2146 4954 esse
2178 4910 2394 4969 propter
2425 4915 2550 4954 suas
2589 4898 2967 4970 proprietates,
3017 4912 3140 4965 quae.
3173 4897 3470 4948 immmatuz

1905 5009 2009 5046 non
2053 4999 2201 5046 sunt.
2251 4991 2622 5046 Communiter
2667 4997 2850 5042 autem
2896 4987 3030 5050 hare,
3057 5000 3111 5041 et
3149 4989 3306 5039 unius
3351 5002 3471 5037 esSe

1904 5083 2105 5137 fatetur
2172 5094 2389 5151 propter
2441 5081 2787 5135 essentialem
2847 5080 3125 5140 unionem,
3175 5088 3225 5128 et
3256 5078 3466 5144 propria

1907 5175 2093 5237 unius,
2119 5174 2288 5227 totius
2315 5173 2654 5228 communia:
2684 5188 2807 5241 quae
2842 5188 2972 5225 vero
3007 5171 3176 5222 totius
3221 5184 3466 5220 cmnmu-

1907 5265 2261 5329 nia,alterius
2282 5280 2500 5333 quoque
2531 5264 2745 5332 propria
2783 5275 3006 5334 propter
3040 5261 3180 5312 illius
3234 5259 3283 5308 in
3321 5266 3464 5310 utro—

1907 5375 2012 5425 que
2052 5357 2393 5412 inconfusam
2461 5343 2861 5426 proprietatem.
2897 5355 3076 5422 Neque
3129 5350 3271 5402 enim
3340 5364 3466 5415 pro-

1910 5450 2196 5518 prietatum
2284 5459 2471 5502 mutua
2534 5451 2902 5517 compensatio
2967 5446 3155 5500 tierct,
3223 5440 3363 5491 nisi-
3415 5438 3474 5488 itt-

1909 5551 2139 5608 utroque
2178 5548 2503 5603 remaneret,
2539 5541 2590 5593 in
2618 5541 2819 5595 unione
2870 5533 3164 5606 proprietas
3219 5532 3461 5580 imntota.

1913 5633 2006 5685 Est
2040 5633 2222 5701 itaque
2274 5633 2466 5687 similis
2521 5633 2649 5687 unio
2684 5645 2890 5689 eorum,
2926 5641 3044 5693 (piae
3089 5623 3297 5692 penitus
3329 5619 3466 5672 divi-

1913 5722 2136 5790 duntur,
2174 5722 2346 5794 magis
2393 5721 2615 5794 unitiva,
2650 5735 2856 5784 eorum,
2889 5729 3010 5784 qua:
3056 5725 3277 5785 prorsus
3331 5722 3466 5762 cort-
