3934 6316
603 351 712 418 630

1862 313 2156 402 meum
2194 337 2608 399 BYZANTINI
3748 325 3838 397 διο

606 453 1114 529 comprehensibilis
1133 449 1796 522 etincomprehensibilis?
1813 451 1903 504 sed
1929 449 2176 504 Christus

2281 448 2342 500 EI
2367 445 2589 516 οὐδεμία
2616 445 2777 513 φύσις
2808 445 2905 516 μία
2932 445 3086 508 οὖσα,
3141 444 3249 498 τῶν
3265 442 3544 497 ’ἐναντίων
3581 441 3836 506 οὐσιωδῶν

607 551 660 606 Id
685 551 875 604 habet:
895 547 1145 603 Christus
1165 545 1502 615 igiturunius
1526 552 1732 597 natura:
1746 551 1846 606 est,
1871 542 1994 597 licet
2015 541 2175 594 homo

611 655 772 694 unius
803 646 1007 693 natura.
1024 638 1113 692 sit.
1133 637 1189 692 9.
1205 635 1357 698 Item,
1376 634 1432 687 Si
1457 631 1618 687 unius
1647 641 1853 686 naturae
1871 631 2172 686 secundum

609 745 707 784 vos
730 729 980 784 Christus
1012 736 1132 796 post
1152 726 1405 779 unionem
1421 723 1752 788 est,omnino
1773 721 2060 776 dicendum
2093 730 2176 775 est

610 822 754 876 hanc
786 823 946 873 unam
982 826 1228 871 naturam
1257 830 1376 870 esse
1409 823 1502 870 aut
1539 813 1776 868 divinam
1812 811 2173 876 solummodo,

611 920 706 967 aut
746 912 1036 964 humanam
1080 917 1313 973 tantum,
1372 915 1465 961 aut
1500 907 1737 960 divinam
1780 913 1834 959 et
1883 904 2174 958 humanam

612 1002 799 1066 simul,
829 1010 923 1055 aut
957 1015 1130 1069 neque
1159 1000 1422 1061 divinam,
1449 1013 1624 1067 neque
1664 998 1976 1062 humanam,
2007 995 2099 1050 sed
2129 996 2177 1050 si

609 1101 697 1146 est
725 1107 833 1145 una
865 1093 977 1145 haec
1012 1099 1230 1154 natura,
1262 1096 1472 1143 tantum
1505 1088 1708 1152 divina,
1736 1086 1987 1142 Christus
2014 1087 2177 1158 igitur

611 1179 754 1234 Deus
795 1179 919 1244 erit,
946 1188 1001 1233 et
1039 1193 1148 1233 non
1184 1178 1348 1232 homo
1381 1194 1394 1229 :
1439 1178 1482 1231 si
1530 1185 1614 1230 est
1655 1191 1762 1230 una
1813 1175 1929 1245 ipsa
1983 1185 2175 1229 natura

611 1269 795 1324 divina
852 1277 905 1324 et
959 1269 1195 1322 humana
1247 1268 1443 1332 simul,
1515 1283 1690 1338 neque
1751 1267 1960 1330 Patris,
2002 1281 2177 1335 neque

613 1359 849 1428 Spiritus
922 1356 1116 1424 saneti,
1163 1373 1339 1427 neque
1384 1358 1662 1412 hominum
1719 1366 1910 1411 natura
1955 1367 2075 1419 est,
2123 1365 2177 1411 et

610 1451 868 1519 utrinque
911 1449 1259 1518 blasphemiae
1305 1448 1529 1516 crimen,
1558 1449 1650 1519 qui
1691 1448 1762 1502 ita
1812 1449 1970 1504 sentit
1995 1449 2175 1502 incur-

609 1549 714 1605 ret,
753 1549 808 1595 et
848 1540 1067 1595 robusta
1118 1539 1186 1596 de
1229 1548 1408 1596 mente
1446 1541 1621 1596 cadet.
1678 1540 1733 1596 Si
1770 1554 1899 1594 vero
1943 1547 2027 1594 est
2068 1553 2174 1593 una

611 1629 727 1683 haec
764 1639 959 1684 natura
999 1643 1174 1697 neque
1202 1629 1408 1697 divina,
1443 1644 1618 1700 neque
1641 1630 1901 1697 humana,
1926 1616 2175 1684 Christus

610 1720 780 1789 igitur
837 1735 1014 1789 neque
1061 1720 1201 1776 Deus
1249 1731 1354 1786 est,
1397 1735 1571 1791 neque
1619 1721 1815 1788 homo;
1847 1736 2174 1791 quocunque

2280 537 2553 607 διαφορῶν
2579 537 2804 607 δεκτικὴ
2831 537 3038 605 γίνεται
3057 553 3071 566 ο
3100 537 3215 600 πῶς
3240 537 3346 606 γάρ
3373 534 3600 588 δυνατὸν
3629 535 3728 604 τὴν
3757 535 3838 586 αὑ-

2280 629 2376 698 τὴν
2405 628 2566 697 φύσιν
2607 629 2745 682 κατά
2773 629 2963 683 ταυτὸν
2993 627 3215 698 κτιστὴν
3262 622 3400 680 εῖναι
3451 626 3546 679 καὶ
3574 626 3832 686 ἀκτιστον,

2282 719 2480 789 θνητὴν
2504 720 2596 772 καὶ
2631 720 2914 785 ἀθάνατον,
2939 720 3292 790 καταληπτὴν
3312 718 3407 772 καὶ
3433 717 3834 786 ἀκατάληπτον;

2284 811 2313 863 ό
2358 811 2415 864 δὲ
2447 798 2680 882 Χριστὸς
2731 812 2885 866 τοῦτο
2917 811 3122 882 ἔχει⁶“ὁ
3152 812 3385 880 Χριστὸς
3422 811 3531 883 ἀρα
3577 812 3710 878 μιᾶς
3746 809 3834 877 φύ-

2284 918 2422 964 σεως
2472 903 2572 956 οὐκ
2616 903 2783 968 ἔστιν,
2820 905 2868 956 εί
2918 903 3012 956 καὶ
3064 904 3093 956 ό
3135 903 3418 973 ἄνθρωπος
3457 903 3590 970 μιᾶς
3635 899 3836 967 φύσεώς

2283 992 2449 1047 ἔστιν.
2479 991 2545 1046 θ’.
2582 992 2724 1045 Ἔτι·
2762 994 2824 1045 El
2861 994 2989 1063 μιᾶς
3011 992 3224 1061 φύσεως
3256 989 3379 1044 καθ’
3401 991 3545 1060 ὑμᾶς
3571 990 3836 1060 όΧριστδς

2285 1079 2421 1150 μετά
2454 1078 2553 1148 τὴν
2577 1080 2769 1133 ἕνωσίν
2807 1083 2974 1144 ἐστιν,
3026 1081 3244 1144 πάντως
3290 1079 3479 1148 ἕψεται
3514 1077 3724 1148 ταῦτην
3751 1079 3836 1147 τὴν

2287 1168 2413 1238 μίαν
2437 1169 2609 1221 εἰπεῖν
2641 1169 2822 1238 φύσιν,
2852 1169 2885 1240 ἢ
2918 1170 3067 1223 θείαν
3100 1169 3278 1239 μόνον,
3313 1169 3347 1240 ἢ
3383 1169 3733 1240 ἀνθρωπίνην
3754 1173 3839 1237 μὸ-

2281 1277 2390 1325 νον,
2445 1262 2478 1334 ἢ
2526 1263 2674 1317 Θείαν
2721 1265 2816 1317 καὶ
2866 1263 3210 1335 ἀνθρωπίνην
3248 1263 3387 1334 ἅμα,
3432 1265 3466 1337 ἢ
3510 1265 3647 1335 μήτε
3675 1263 3834 1328 θείαν,

2284 1354 2419 1423 μήτε
2450 1346 3016 1430 ἀνθρωπίνηνΝᾼλλ*
3056 1358 3102 1409 εί
3137 1355 3236 1425 μέν
3277 1357 3425 1409 ἐστιν
3467 1358 3501 1426 ὴ
3550 1356 3647 1426 μία
3690 1356 3838 1423 φύσις

2280 1441 2568 1513 αὕτηιθεία
2603 1447 2782 1515 μόνον,
2815 1449 2842 1499 ὁ
2868 1431 3098 1516 Χριστὸς
3128 1447 3235 1518 ἄρα
3261 1446 3390 1510 Θεὸς
3418 1447 3592 1508 ἔσται,
3625 1447 3722 1500 καὶ
3749 1448 3835 1499 οὐκ

2280 1533 2578 1605 ἄνθρωπος.
2613 1537 2675 1590 Εί
2704 1537 2760 1591 δέ
2789 1538 2934 1592 ιστιν
2961 1540 2993 1607 ή
3028 1538 3124 1607 μία
3158 1538 3315 1606 φύσις
3346 1536 3484 1608 αὓτη
3527 1537 3647 1591 θεία
3672 1553 3733 1590 τε
3757 1538 3837 1608 καὶ

2279 1624 2593 1696 ἀνθρωπίνη
2636 1628 2773 1696 ἅμα,
2821 1628 2943 1681 οὕτε
2996 1627 3089 1681 τοῦ
3131 1628 3346 1699 Πατρδς
3389 1607 3511 1681 οὔτε
3554 1627 3648 1681 τοῦ
3695 1607 3836 1694 ἁγίου

2281 1713 2611 1785 Πνεύματος,
2640 1715 2762 1770 οὔτε
2791 1715 2895 1787 μὴν
2925 1716 3034 1771 τῶν
3065 1717 3365 1787 ἀνθρώπων
3391 1717 3496 1789 ἄρα
3517 1717 3681 1788 φύσις
3711 1717 3833 1784 ἐστὶ,

612 1809 774 1885 igitur
800 1820 1074 1864 vertamus
1112 1811 1434 1875 orationem,
1473 1825 1732 1880 cogemur
1798 1810 1954 1866 fateri
2018 1810 2176 1866 Chri-

2283 1803 2374 1855 xal.
2404 1804 2788 1874 ἀμφοτέρωθεν
2814 1803 3158 1874 βλασφημίας
3182 1805 3434 1874 ἔγκλημα
3457 1805 3534 1875 τῷ
3549 1807 3703 1860 τουτὶ
3722 1824 3838 1877 φρο-

613 1907 758 1955 stum
789 1914 958 1952 unam
989 1910 1190 1955 sancta:
1219 1899 1497 1956 Trinitatis
1527 1901 1860 1972 hypostasim
1889 1918 2010 1958 esse
2041 1903 2180 1959 duas

613 1997 840 2044 naturas
878 1989 1189 2054 habentem,
1223 1990 1460 2046 divinam
1502 1990 1707 2050 scilicet
1757 2000 1811 2048 et
1862 1993 2177 2059 humanam,

614 2076 843 2146 Ideoque
875 2075 929 2128 in
958 2076 1133 2144 ipsum
1165 2076 1285 2130 dua:
1305 2076 1541 2132 rationes
1563 2092 1882 2142 convenere,
1903 2079 2089 2133 eodem
2114 2079 2182 2136 de

612 2174 961 2222 scasserente
994 2185 1008 2220 :
1042 2165 1206 2230 Quem
1225 2183 1304 2221 me
1349 2169 1527 2221 dicunt
1550 2185 1658 2222 esse
1700 2168 1898 2222 Filium
1916 2170 2182 2225 hominis?

612 2265 669 2313 et
703 2256 866 2313 Petro
915 2259 1275 2328 respondente
1311 2277 1324 2315 :
1354 2259 1432 2313 Tu
1459 2277 1511 2316 et
1558 2261 1799 2316 Christus
1864 2261 2032 2316 Filius
2087 2263 2179 2318 Dei

614 2348 738 2402 vivi.
787 2348 876 2402 10.
912 2348 1070 2413 Item,
1105 2349 1166 2404 Si
1207 2351 1372 2408 unius
1405 2361 1487 2406 est
1519 2361 1728 2408 natura:
1767 2354 2016 2410 Christus
2059 2363 2180 2422 post

613 2439 891 2505 unionem,
935 2457 1156 2496 necesse
1202 2451 1287 2498 est
1337 2454 1609 2509 naturam,
1670 2446 1966 2500 secundum
2014 2463 2175 2516 quam

612 2527 867 2585 Christus
917 2541 999 2587 est
1044 2534 1207 2588 unius
1246 2544 1479 2598 naturae,
1523 2544 1623 2588 aut
1653 2546 1992 2590 communem
2034 2552 2175 2600 esse,

613 2623 710 2670 aut
751 2616 1116 2686 singularem;
1148 2621 1194 2674 si
1243 2635 1585 2676 communem
1621 2639 1741 2678 esse
1778 2626 2175 2691 concesseritis,

609 2703 721 2771 jam
745 2706 857 2772 ipsa
885 2707 951 2762 de
983 2709 1228 2776 pluribus
1252 2710 1483 2775 dicetur,
1513 2713 1605 2766 sed
1650 2713 1786 2768 alios
1817 2714 2062 2769 Chrisws
2094 2717 2178 2769 re;

616 2795 816 2864 perire,
841 2807 933 2851 aut
973 2798 1159 2866 fuisse,
1193 2800 1258 2855 de
1290 2802 1487 2870 quibus
1511 2803 1625 2858 haec
1655 2805 1959 2858 communis
1988 2815 2178 2862 natura

614 2887 1016 2954 praedicabitur,
1050 2891 1161 2944 ﬁeri
1193 2893 1414 2947 omnino
1441 2894 1645 2968 nequit.
1678 2895 1732 2948 Si
1754 2879 2046 2965 singularis
2072 2907 2174 2963 est,

615 2974 756 3031 idem
788 2978 892 3033 erit
921 2996 1045 3034 cum
1083 2982 1358 3051 hypostasi
1388 3002 1402 3038 :
1438 2994 1492 3039 et
1521 2985 1565 3041 si
1597 2971 1649 3040 id
1676 2996 1778 3051 est,
1814 3002 2036 3043 necesse
2060 3002 2178 3043 om-

616 3068 743 3123 nino
774 3068 935 3124 l‘uerit
982 3073 1278 3126 secundum
1311 3089 1429 3141 vos,
1481 3074 1697 3131 Patrem
1723 3118 1737 3142 ,
1779 3086 1830 3132 et
1860 3075 2054 3132 Filium
2078 3118 2091 3143 ,
2123 3086 2176 3133 ct

619 3160 881 3229 Spiritum
918 3173 1164 3217 sanetum
1213 3175 1320 3220 tres
1365 3167 1665 3235 peculiares
1705 3170 1975 3223 numerari
2020 3178 2179 3224 natu-

617 3267 726 3315 ras,
756 3261 810 3305 et
856 3262 966 3309 tres
1007 3254 1136 3308 deos
1189 3254 1315 3322 dici,
1344 3266 1396 3312 et
1439 3267 1547 3312 tres
1593 3258 1837 3325 deitates,
1872 3263 2014 3329 quod
2064 3262 2181 3317 bla-

617 3341 897 3411 sphemias
932 3357 1119 3399 omnes
1149 3356 1438 3416 exsuperat
1463 3365 1476 3400 :
1502 3349 1609 3402 imo
1638 3359 1690 3404 et
1725 3353 1888 3406 totius
1911 3352 2181 3407 Christia-

615 3430 777 3484 nismi
806 3431 1038 3500 ejnratio
1069 3444 1168 3498 est,
1205 3451 1378 3507 neque
1415 3439 1559 3492 enim
1589 3456 1879 3509 possumus
1906 3443 2084 3498 dicere
2126 3445 2178 3497 in

615 3517 934 3572 universum
984 3529 1233 3574 naturam
1283 3523 1642 3592 hypostasim,
1698 3536 1792 3582 aut
1844 3529 2176 3599 hypostasim

615 3615 865 3661 naturam
892 3649 908 3674 ,
955 3624 1022 3663 ne
1050 3626 1240 3666 omnes
1279 3613 1574 3670 Christiani
1621 3631 1861 3672 asserere
1920 3628 2181 3689 cogantur

617 3692 854 3759 Patrem,
890 3707 942 3752 ct
987 3699 1206 3764 Filium,
1236 3711 1289 3758 et
1318 3701 1576 3770 Spiritum
1611 3715 1859 3761 sanctum
1891 3717 1996 3763 tres
2024 3719 2181 3762 natu-

616 3802 727 3854 ras,
768 3790 912 3859 quod
954 3801 1035 3845 est
1071 3802 1180 3848 tres
1220 3795 1568 3865 hypostases;
1616 3800 1731 3853 sive
1759 3816 1919 3854 unam
1958 3804 2177 3859 eosdem

616 3877 815 3932 habere
852 3882 1214 3950 hypostasim,
1243 3900 1306 3940 ea
1344 3888 1584 3952 ratione,
1618 3905 1724 3958 qua
1771 3908 1932 3946 unam
1981 3895 2179 3950 habent

617 3979 887 4034 naturam,
920 3988 1040 4040 quae
1069 3975 1229 4029 ambo
1258 3991 1287 4030 a
1326 3977 1428 4032 ﬁde
1450 3977 1759 4036 Christiana
1803 3984 1979 4040 aliena
2026 3995 2175 4040 sunt.

619 4057 705 4110 ll.
739 4058 887 4124 Item,
920 4060 975 4115 Si
1006 4063 1168 4118 unius
1199 4073 1406 4120 natura
1443 4068 1738 4135 hominem,
1774 4073 2023 4143 illiusque
2053 4092 2178 4144 par-

619 4159 699 4203 tes
722 4151 905 4216 simul,
939 4169 1061 4222 qua:
1094 4156 1243 4224 prius
1287 4173 1393 4213 non
1445 4171 1618 4227 erant,
1645 4165 1896 4232 produxit
1933 4165 1998 4220 ad
2032 4182 2180 4220 com-

619 4239 945 4308 plementum
984 4244 1244 4313 universi,
1277 4249 1497 4319 lierique
1539 4262 1739 4322 potest,
1768 4264 1824 4310 ut
1873 4273 1992 4326 qua:
2032 4261 2177 4328 ejus-

525 4356 529 4359 ι
618 4330 737 4383 dem
766 4342 892 4386 sunt
963 4338 1218 4405 temporis
1277 4356 1440 4396 unam
1497 4355 1744 4398 naturam
1818 4352 2175 4415 compositam

2284 1889 2460 1967 νοῠντι
2505 1894 2984 1964 προστριϐήσεται,
3032 1898 3127 1948 καὶ
3157 1897 3257 1965 τῆς
3295 1897 3614 1967 ἐρρωμένης
3656 1899 3837 1966 φρενὸς

2284 1983 2622 2053 ἐπιστήσεται.
2655 1984 2717 2036 EI.
2746 1982 2802 2037 δέ
2831 1985 2979 2037 ἐστιν
3009 1985 3043 2054 ἡ
3073 1984 3168 2055 μία
3197 1984 3354 2052 φύσις
3393 1985 3531 2056 αὕτη
3561 1985 3685 2040 οὔτε
3711 1987 3834 2051 θεία,

2284 2072 2405 2126 οὔτε
2450 2073 2781 2146 ἀνθρωπίνη,
2834 2075 3121 2147 όΧριστὸς
3174 2077 3284 2148 ἀρα
3338 2076 3460 2130 οὔτε
3498 2079 3631 2141 Θεός
3680 2081 3834 2142 ἐστιν,

2284 2163 2405 2218 οὔτε
2430 2165 2732 2236 ἄνθρωπος.
2764 2166 2937 2220 Ὅπου
2963 2167 3250 2238 τοιγαροῦν
3282 2169 3409 2233 τοὺς
3467 2169 3660 2237 λόγους
3690 2188 3836 2240 περι·

2286 2254 2606 2324 στρέψομεν,
2637 2257 2716 2319 είς
2747 2255 2806 2310 τδ
2831 2255 3010 2325 λέγειν
3043 2256 3390 2327 ἀπαγόμεθα,
3423 2259 3507 2312 ὅτι
3553 2259 3584 2310 ό
3619 2259 3836 2330 Χριστὸς

2287 2342 2384 2412 μία
2416 2343 2710 2408 ὑπόστασις
2746 2344 2848 2414 τῆς
2881 2345 3042 2413 ἀγίας
3070 2346 3299 2415 Τριάδος
3335 2347 3487 2412 ἐστὶ,
3521 2348 3617 2401 δύο
3662 2349 3836 2417 φύσεις

2283 2428 2439 2504 ἔχων,
2495 2435 2654 2504 φύσιν
2687 2453 2746 2489 τε
2778 2435 2949 2502 θείαν,
2985 2439 3082 2490 καὶ
3124 2437 3284 2505 φύσιν
3325 2437 3698 2509 ἀνθρωπίνην.
3742 2441 3836 2492 Kal

2283 2526 2472 2578 τούτου
2501 2525 2657 2597 χάριν
2690 2526 2778 2579 ἐπ’
2805 2526 2952 2597 αὑτῷ
2986 2528 3245 2598 συνῆλθον
3269 2528 3569 2598 ἀμφότεροι
3620 2531 3667 2582 oi
3705 2530 3835 2596 λόγοι

2285 2615 2447 2668 αὑτοῦ
2472 2633 2530 2670 τε
2565 2618 2691 2687 περὶ
2726 2618 2920 2671 ἑαυτοῦ
2956 2618 3258 2688 εἰρηκότος,
3291 2619 3427 2672 Τίνα
3450 2636 3528 2687 με
3557 2620 3835 2690 λέγουσιν

2282 2702 2432 2760 εἶναι
2465 2707 2570 2761 τὸν
2622 2708 2758 2762 Υιὸν
2796 2703 2902 2764 τοῦ
2955 2708 3314 2777 ἀνθρώπου;
3364 2711 3459 2764 καὶ
3514 2711 3610 2763 τοῦ
3645 2712 3836 2780 Πέτρον

2284 2799 2737 2875 ἀποκριναμένου,
2764 2800 2846 2855 Σὺ
2872 2797 2925 2854 εί
2953 2803 2986 2854 δ
3019 2801 3292 2869 Χριστὸς,
3336 2805 3370 2855 ὁ
3409 2802 3541 2868 Υἱὸς
3565 2802 3672 2856 τοῦ
3703 2805 3834 2858 Θεοῦ

2283 2891 2386 2944 τοῦ
2413 2889 2643 2956 ζῶντος.
2685 2890 2736 2945 ι’.
2775 2892 2913 2945 Ἐτι⁶
2949 2893 3008 2945 Εί
3045 2894 3172 2960 μιᾶς
3221 2892 3435 2959 φύσεώς
3477 2896 3626 2948 ἐστιν
3656 2896 3686 2946 ό
3713 2897 3835 2963 Χρι-

2284 2980 2407 3041 στὸς
2462 2981 2597 3049 μετά
2644 2981 2741 3050 τὴν
2775 2981 2995 3043 ἕνωσιν,
3028 2982 3242 3049 ἀνάγκη
3271 2982 3366 3050 τὴν
3398 2982 3580 3049 φύσιν,
3639 2984 3755 3036 καθ’
3777 2985 3834 3052 ἣν
3900 2971 3901 2980 “

2283 3069 2429 3122 ἐστιν
2457 3072 2484 3123 ό
2511 3069 2740 3140 Χριστὸς
2771 3072 2899 3142 μιᾶς
2922 3072 3153 3140 φύσεως,
3185 3070 3218 3140 ἢ
3277 3071 3460 3142 κοινὴν
3491 3067 3654 3136 εἶναι,
3691 3075 3834 3144 i315:-

2284 3159 2404 3228 κήν.
2432 3158 2541 3212 Καὶ
2572 3159 2620 3211 εί
2655 3159 2751 3229 μὲν
2802 3160 2985 3230 κοινὴν
3029 3157 3274 3223 εἰπόντες
3325 3161 3526 3230 δοίητε,
3563 3163 3835 3231 συμϐαίνει

2283 3249 2453 3321 αὐτὴν
2481 3249 2616 3303 κατά
2663 3248 2920 3304 πλειόνωὺ
2969 3250 3248 3320 φέρεσθαι.
3297 3251 3490 3320 Εὑρεῖν
3548 3251 3606 3304 δὲ
3662 3253 3834 3314 ἀλλους

2283 3339 2568 3409 Χριστοὺς,
2603 3339 2935 3410 ἥγενέσθαι,
2971 3339 3090 3394 καθ’
3126 3334 3199 3394 ῶν
3237 3339 3375 3408 αὕτη
3409 3342 3440 3411 η
3496 3343 3652 3410 κοινὴ
3691 3341 3832 3410 φύσις

2284 3428 2808 3498 κατηγορηθήσεται,
2856 3427 2964 3482 τῶν
2993 3429 3273 3482 ἀδυνάτων
3315 3429 3482 3483 ἐστίν.
3517 3421 3582 3483 EI
3617 3432 3673 3484 δὲ
3707 3432 3831 3497 ιδική

2282 3521 2419 3585 ἐστι,
2449 3519 2642 3572 ταυτὸν
2671 3519 2821 3573 ἔσται
2852 3523 2915 3590 τῇ
2937 3521 3245 3574 ὑποστάσει.
3278 3523 3336 3574 EI
3366 3521 3422 3573 δὲ
3437 3521 3617 3588 τοῦτο,
3637 3522 3831 3591 ἀνάγκη

2283 3611 2429 3662 πᾶσα
2459 3607 2774 3678 καθ’ὑμᾶς,
2818 3609 2907 3662 τὸν
2937 3611 3172 3680 Πατέρα,
3209 3611 3300 3664 καὶ
3354 3612 3444 3664 τὸν
3473 3610 3626 3678 Υίὺν,
3664 3612 3752 3665 καὶ
3783 3612 3833 3664 τὸ

2283 3700 2504 3769 Πνεῦμα
2529 3700 2589 3751 τὺ
2618 3700 2790 3767 ἅγιον,
2823 3703 2968 3769 τρεῖς
3003 3700 3234 3770 μερικάς
3266 3700 3612 3770 ἀριθμεῖσθαι
3641 3701 3830 3769 φύσεις.

2283 3791 2375 3842 καί¹
2405 3791 2551 3860 τρεῖς
2583 3790 2950 3859 ὁμολογεῖσθαι
2976 3791 3152 3852 θεοὺς,
3191 3791 3285 3843 καὶ
3331 3793 3475 3860 τρεῖς
3515 3790 3832 3861 θεότητας,ὃ

2281 3882 2346 3952 δὴ
2375 3880 2729 3950 βλασφημιῶν
2750 3882 2895 3934 ἐστιν
2921 3879 3146 3934 ἀπασῶν
3175 3881 3472 3952 ἀκροτάτη,
3501 3882 3702 3950 μᾶλλον
3747 3881 3830 3935 καὶ

2281 3972 2373 4025 τοῦ
2407 3972 2829 4042 Χριστιανισμοῦ
2868 3973 3066 4034 παντὸς
3095 3972 3341 4042 ἄρνησις.
3370 3973 3444 4025 Οὐ
3467 3971 3576 4041 γάρ
3607 3971 3748 4025 ἐστιν
3767 3974 3829 4024 εί-

2282 4064 2402 4114 πεῖν
2435 4060 2660 4115 καθόλου
2694 4061 2790 4131 τὴν
2807 4061 2966 4130 φύσιν
2999 4061 3313 4126 ὑπόστασιν,
3355 4062 3387 4132 ἢ
3423 4061 3523 4130 τὴν
3549 4063 3829 4115 ὑπόστασιν

2282 4153 2463 4222 φύσιν,
2494 4153 2580 4206 ἵνα
2608 4154 2680 4223 μὴ
2705 4154 2837 4206 πᾶσι
2862 4154 2974 4216 τοῖς
3012 4139 3360 4222 Χριστιανοά
3391 4153 3726 4221 συμϐήσεται
3750 4152 3827 4204 λέ-

2282 4260 2398 4312 γειν
2423 4243 2513 4296 τὸν
2545 4244 2783 4313 Πατέρα,
2831 4244 2925 4296 καὶ
2958 4243 3049 4296 τὸν
3081 4243 3238 4307 Υίὸν,
3282 4243 3375 4296 καὶ
3415 4243 3474 4295 τὸ
3517 4243 3738 4312 Πνεῦμα
3776 4243 3828 4294 τὸ

2281 4335 2433 4403 ἆγιον
2464 4336 2610 4406 τρεῖς
2635 4334 2845 4403 φύσεις,
2894 4336 3029 4404 ὅπερ
3079 4335 3196 4386 ἐστὶ
3230 4335 3374 4404 τρεῖς
3409 4333 3748 4396 ὑποστάσεις,
3799 4332 3824 4398 ἢ

617 4420 880 4489 cﬂieiant,
943 4427 1046 4481 tale
1102 4428 1374 4486 decretum
1442 4443 1494 4487 et
1549 4434 1716 4507 legem
1792 4441 2091 4496 naturalem
2143 4458 2170 4497 a

2283 4427 2412 4493 μίαν
2440 4425 2635 4488 αὐτοὺς
2667 4424 2808 4493 ἔχειν
2833 4424 3147 4488 ὑπόστασιν,
3175 4424 3233 4477 ὃν
3275 4424 3476 4495 τρόπον
3513 4426 3643 4494 μίαν
3671 4427 3826 4495 ἔχουσι

617 4511 875 4568 Creatore
903 4517 1237 4586 accipientis,
1273 4532 1329 4576 ut
1355 4538 1418 4577 ex
1462 4524 1572 4590 lege
1619 4534 1828 4581 natura:
1877 4532 2073 4585 similia
2111 4549 2175 4587 ex

619 4604 888 4661 similibus
924 4611 1222 4665 secundum
1273 4614 1671 4669 successionem
1721 4633 2094 4686 procreentur,
2122 4623 2175 4678 in

620 4696 850 4752 Domino
919 4707 1046 4754 vero
1091 4703 1364 4757 unitarum
1413 4713 1755 4772 naturarum,
1792 4710 1905 4764 hate
1957 4714 2174 4781 quidem

619 4787 737 4839 sine
783 4789 1046 4859 principio
1107 4801 1190 4847 est
1238 4802 1289 4846 et
1331 4802 1456 4846 ante
1515 4809 1675 4851 omne
1725 4808 1966 4870 tempus,
2008 4796 2175 4858 altera

617 4872 939 4957 principium
985 4879 1162 4944 habet,
1219 4888 1273 4932 et
1321 4879 1421 4932 sub
1454 4888 1694 4950 tempore
1728 4895 1838 4950 est;
1881 4901 2054 4954 neque
2097 4888 2177 4943 fa-

618 4973 716 5018 cta
753 4977 880 5020 sunt
906 4970 1115 5036 species
1167 4971 1236 5023 ad
1274 4971 1718 5038 complementum
1755 4978 2025 5045 universi,
2054 4998 2175 5036 cum

533 5044 537 5047 ’
621 5059 910 5112 cessaverit
952 5058 1093 5112 Deus
1126 5060 1191 5114 ab
1213 5061 1465 5129 operibus
1497 5065 1610 5118 suis
1658 5067 1743 5120 die
1787 5044 2047 5136 septimo;
2080 5087 2176 5127 ne-

618 5159 724 5214 que
781 5146 1096 5201 naturaliter
1141 5149 1464 5217 floruerunt,
1504 5162 1594 5207 aut
1635 5167 1841 5210 naturae
1893 5158 1991 5227 legi
2049 5162 2176 5214 sub-

616 5235 845 5300 duntur,
882 5247 988 5290 uta
1019 5237 1234 5292 Christo
1287 5252 1626 5310 generentur,
1658 5257 1712 5299 et
1761 5249 1993 5316 speciem
2044 5267 2174 5305 con-

618 5328 846 5380 stituant
885 5327 1246 5396 Christornm,
1283 5334 1572 5389 multarum
1615 5338 1973 5406 hypostaseon
2014 5357 2174 5410 capa-

567 5418 571 5422 ’
619 5434 758 5482 cem,
795 5422 884 5475 sed
925 5437 1083 5474 unam
1123 5424 1448 5493 hypostasim
1479 5428 1832 5497 compositam
1866 5446 1929 5482 ex
1967 5432 2173 5484 duabus

627 5512 857 5573 naturis,
921 5523 970 5566 et
1020 5513 1073 5566 in
1123 5514 1329 5570 duabus
1387 5519 1612 5583 naturis,
1665 5531 1717 5573 et
1769 5521 1903 5574 duas
1953 5531 2176 5575 naturas

626 5602 931 5666 habentem,
965 5621 1284 5675 quacunque
1332 5618 1520 5663 natura
1569 5621 1686 5678 post
1718 5612 1968 5665 unionem
1993 5652 2005 5674 ,
2049 5626 2173 5680 pro-

627 5693 795 5756 priam
829 5691 1211 5766 deﬁnitionem,
1252 5709 1301 5754 ct
1342 5701 1529 5770 legem.
1560 5711 1612 5755 et
1652 5715 1888 5757 mutuam
1919 5702 2166 5758 dillcren.

2280 4515 2471 4583 φύσιν·
2508 4515 2792 4584 ἀμφότερα
2829 4514 2886 4566 δὲ
2941 4514 3039 4583 τῆς
3073 4512 3181 4566 τῶν
3233 4514 3577 4583 Χριστιανῶν
3611 4514 3825 4574 πίστεως

2277 4606 2547 4676 ἀλλότρια.
2582 4605 2670 4659 ια’.
2705 4605 2847 4658 Ἔτι·
2887 4607 2948 4658 Εἰ
3005 4607 3132 4674 μιᾶς
3165 4604 3378 4673 φύσεως
3424 4605 3516 4658 τὸν
3560 4600 3821 4675 ἄνθρωπον

2275 4697 2402 4750 ὄντα
2417 4697 2484 4750 τὰ
2519 4697 2656 4767 μέρη
2689 4697 2803 4766 ἅμα
2829 4697 2893 4747 ὲκ
2918 4695 3012 4747 τοῦ
3049 4695 3124 4765 μὴ
3155 4694 3306 4758 ὄντος
3326 4697 3407 4758 είς
3438 4695 3498 4746 τὸ
3532 4691 3668 4749 εἶναι
3699 4711 3820 4761 παρ-

2276 4787 2497 4855 αγαγὼν
2549 4788 2746 4856 ἔσχηκε
2782 4787 2916 4856 πρὸς
2948 4787 3338 4855 συμπλήρωσιν
3370 4787 3462 4839 τοῦ
3503 4788 3719 4850 παντὸς,
3744 4785 3821 4838 καὶ

2275 4878 2496 4932 δυνατὸν
2521 4877 2587 4930 τὰ
2614 4877 2889 4946 ὁμόχρονα
2914 4876 3042 4945 μίαν
3072 4875 3231 4944 φύσιν
3253 4875 3536 4928 ἀποτελεῖν
3571 4876 3818 4936 σύνθετον,

2275 4972 2512 5024 τοιοῦτον
2536 4972 2658 5041 ὅρον
2688 4971 2782 5024 καὶ
2805 4969 3028 5037 φυσικὸν
3045 4968 3207 5038 νόμον
3230 4970 3378 5038 παρὰ
3394 4968 3485 5021 τοῦ
3500 4965 3818 5039 Δημιουργοῦ

2277 5064 2559 5134 δεχόμενα,
2619 5061 2758 5114 ὥστε
2788 5062 3001 5130 φύσεως
3049 5060 3198 5129 νόμῳ
3232 5061 3371 5113 κατά
3402 5059 3654 5128 διαδοχὴν
3679 5059 3818 5128 ὅμοια.

2278 5153 2550 5221 ὲξὸμοίων
2582 5151 2828 5218 γενέσθαι
2851 5169 2865 5183 ο
2898 5152 2988 5202 ἐπὶ
3019 5150 3073 5203 δὲ
3106 5149 3197 5201 τοῦ
3226 5149 3430 5218 Κυρίου
3487 5150 3599 5202 τῶν
3628 5149 3818 5202 ἑνωθειο

2279 5245 2384 5295 σῶν
2408 5242 2618 5306 φύσεων
2672 5244 2703 5311 ἡ
2756 5243 2853 5312 μὲν
2901 5242 3130 5312 ἄναρχὸς
3159 5242 3273 5293 ἐστι
3314 5242 3402 5292 καὶ
3439 5240 3682 5311 ἀχρονος,
3715 5244 3742 5309 ἡ
3774 5241 3818 5292 δὲ

2276 5332 2522 5402 ἠργμένη
2552 5334 2643 5385 καὶ
2672 5334 2773 5385 ὑπὸ
2797 5334 3005 5404 χρόνον,
3025 5335 3116 5384 καὶ
3143 5333 3202 5384 οὑ
3231 5331 3519 5401 γεγόνασιν
3542 5328 3676 5395 εἶδος
3703 5333 3817 5402 πρὸς

2278 5423 2665 5494 συμπλήρωσιν
2734 5425 2826 5476 τοῦ
2881 5424 3117 5486 παντός·
3155 5425 3278 5476 ἐπεὶ
3324 5423 3385 5475 οὐ
3441 5421 3820 5477 κατέπαυσενό

2277 5514 2406 5577 Θεὸς
2456 5515 2561 5567 ἀπὸ
2593 5517 2700 5569 τῶν
2752 5516 2926 5584 ἔργων
2976 5513 3141 5568 αὑτοῦ
3184 5516 3247 5584 τῇ
3286 5513 3463 5585 ἡμέρᾳ
3497 5517 3561 5585 τῇ
3615 5513 3815 5580 ἑϐδόμῃ.

2276 5606 2398 5659 οὔτε
2425 5609 2664 5675 φυσικῶς
2695 5609 2950 5676 ἤνθησαν,
2981 5607 3019 5676 ἢ
3043 5587 3144 5660 ὑπὸ
3172 5607 3384 5676 φύσέως
3420 5606 3546 5677 ὅρον
3574 5603 3814 5659 τελοῦσιν,

2279 5697 2413 5753 ὥστε
2446 5699 2554 5752 ἀπὸ·
2583 5698 2810 5769 Χριστοῦ
2841 5698 3150 5766 γεννᾶσθαι,
3175 5699 3266 5754 καὶ
3294 5693 3431 5762 εἶδος
3464 5693 3814 5751 ἀποτελεῖσθαι
