3934 6316
35 286 147 351 641

922 283 1350 345 BEFUTATIO
1387 282 1770 344 EPISTOLE
1798 286 2026 345 REGIS
2065 256 2455 346 ARMENt/h.

3180 291 3286 355 642

38 403 349 475 Χριστῶν,
405 400 751 473 περιεκτικδν
802 399 1011 453 πολλῶν
1052 392 1443 465 ὑποστάσεων,
1496 398 1633 453 ἀλλά

1741 399 1864 453 tiam
1923 407 2304 455 cons‘ervantc.
2360 395 2659 469 12.1mm,
2722 400 2777 457 Si
2828 403 3056 461 diversze
3113 406 3313 478 speciei

40 497 179 564 μίαν
212 496 520 549 ὑπόστασιν
551 492 822 557 σύνθετον,
847 494 911 545 εκ
940 491 1033 545 δύο
1062 491 1298 561 φύσεων,
1333 492 1427 544 καὶ
1456 494 1513 544 ὲν
1538 490 1630 543 δύο

38 586 307 653 φύσεσιν,
348 586 443 637 καὶ
470 584 563 637 δύο
594 582 783 651 φύσεις
831 582 1079 653 ἔχουσαν,
1122 583 1355 653 ἑκάστης
1412 575 1629 649 φύσεως

40 678 136 729 καὶ
168 677 321 745 μετά
371 675 469 745 τὴν
500 675 691 727 ἕνωσιν
741 673 1115 743 φυλαττούσης
1160 673 1249 725 τὸν
1281 675 1479 726 οἰκεῖον
1508 674 1632 742 ὅρον

40 782 98 816 τε
172 765 279 817 καὶ
352 764 540 833 νόμον,
605 763 696 815 καὶ
761 762 861 833 τὴν
926 763 1060 831 πρὸς
1110 762 1311 832 ἄλληλα
1346 762 1629 831 διαφοράν.

45 856 131 921 ιβ’.
179 856 333 909 Ἔτι⁰
363 857 426 909 El
456 858 511 908 αί
539 856 853 925 ἑτεροειδεϊς
893 856 1346 924 ὑποστάσεις-οὐχ
1405 856 1634 909 ὑποστα-

44 947 174 1013 τικῇ
240 944 629 1015 συγκρίνονται
687 943 719 1013 ἢ
772 944 1134 1015 διακρίνωνται
1180 944 1445 1015 διαφορᾷ,
1499 944 1635 998 ἀλλά

46 1039 288 1107 φυσικῇ,
351 1036 447 1090 καὶ
496 1036 552 1089 al
621 1036 884 1105 ὁμοειδεῖς
943 1035 1267 1099 ὑποστάσεις
1320 1036 1381 1089 οὐ
1430 1038 1632 1107 φυσικῇ

47 1128 447 1198 συγκρίνονται
476 1126 508 1197 ἢ
542 1126 928 1197 διακρίνονται,
984 1128 1098 1181 ἀλλ’
1150 1128 1510 1197 ὑποστατικῇ,
1542 1127 1635 1179 καὶ

44 1219 242 1286 ὥσπερ
270 1218 534 1271 ἀδύνατον
562 1217 629 1271 τά
663 1214 994 1288 ὑποστατικῇ
1049 1219 1281 1287 διαφορᾷ
1315 1204 1634 1288 διαφέροντα

50 1309 182 1375 μιᾶς
214 1296 365 1361 εἶναι
410 1308 777 1373 ὑποστάσεως,
813 1308 983 1372 οὕτως
1039 1308 1301 1363 ἀδύνατον
1331 1310 1397 1362 τὰ
1428 1310 1630 1379 φυσικῇ

47 1402 291 1470 διαφορᾷ
319 1387 643 1469 διαφέροεδτα
680 1401 808 1470 μιᾶς
857 1395 994 1453 εἶναι
1048 1400 1261 1469 φύσεως
1294 1418 1309 1432 ο
1367 1403 1466 1454 οὑκ
1524 1402 1634 1467 ἄρα

49 1492 200 1545 ἔστιν
232 1492 416 1544 εἰπεῐν
445 1490 572 1559 μίαν
602 1490 759 1557 φύσιν
783 1491 875 1542 ἐπὶ
905 1490 997 1542 τοῦ
1026 1491 1229 1561 Κυρίου
1263 1490 1421 1559 ήμῶν
1460 1489 1634 1559 Ἰησοῦ

50 1578 321 1651 Χριστοῦ,
382 1580 495 1633 ἀλλ’
531 1582 593 1633 ὲκ
621 1580 714 1633 δύο
752 1579 965 1648 φύσεων
999 1581 1235 1645 τελείων,
1267 1573 1415 1643 θείας
1446 1598 1501 1633 τε
1544 1580 1661 1645 καὶ,

49 1669 427 1741 ἀνθρωπίνης,
458 1669 781 1742 γεγενῆσθαι
812 1670 912 1741 τὴν
936 1672 1054 1723 καθ’
1083 1672 1379 1724 ὑπόστασιν
1441 1672 1636 1725 ἕνωσιν

1733 489 2052 559 hypostases
2114 492 2244 545 non”
2313 491 2651 561 hypostatica
2720 506 3102 565 comparantur
3142 537 3157 564 ,
3220 510 3315 553 aut

1732 579 2081 648 disparantur
2137 580 2464 646 differentia,
2508 585 2599 638 sed
2643 587 2898 652 naturali,
2954 598 3009 642 et
3058 589 3300 658 ejusdem

1732 671 1929 740 speciei
1964 672 2282 741 hypostases
2323 689 2431 728 non
2482 676 2715 730 naturali
2754 688 3171 748 comparantur,
3221 691 3316 735 aut

1731 761 2081 830 disparantur
2114 761 2448 829 differentia,
2487 762 2580 819 sed
2616 766 2971 835 hypostatica,
3028 777 3081 821 et
3116 784 3307 838 quem-

1741 852 2035 907 admodum
2101 852 2218 905 fieri
2272 853 2480 922 nequit,
2508 862 2568 907 ut
2622 869 2743 923 qua:
2786 857 3122 926 hypostatica
3163 848 3317 912 diﬂ‘el

1734 942 1908 996 rentia
1952 941 2422 1005 discriminantur,
2470 943 2637 998 unius
2680 945 2793 997 sint
2840 946 3152 1015 hypostasis
3179 986 3193 1009 ,
3241 949 3316 1000 ita

1736 1031 1851 1083 fieri
1882 1030 2091 1099 nequit,
2120 1040 2180 1084 ut
2201 1046 2321 1099 quae
2342 1032 2619 1085 essentiali
2644 1031 2952 1088 differentia
2983 1036 3320 1101 dividuntur,

1742 1123 1906 1176 unius
1958 1124 2068 1176 sint
2116 1132 2325 1176 natura:
2368 1138 2517 1176 :non
2564 1138 2857 1192 possumus
2908 1125 3093 1196 itaque
3136 1128 3323 1182 dicere

1740 1230 1904 1269 unam
1955 1224 2208 1269 naturam
2257 1214 2323 1268 de
2376 1215 2603 1270 Domino
2646 1226 2835 1272 nostro
2881 1218 3006 1274 Jesu
3064 1220 3312 1285 Christo,

1738 1309 1831 1361 sed
1851 1323 1911 1361 ex
1946 1306 2160 1361 duabus
2194 1307 2404 1361 naturis
2449 1307 2728 1376 perfectis,
2761 1308 2946 1363 divina
2975 1322 3029 1365 et
3059 1312 3321 1377 humana,

1741 1397 1939 1453 factam
1976 1398 2149 1453 fuisse
2195 1400 2447 1452 unionem
2490 1401 2787 1475 secundum
2830 1401 3163 1471 hypostasim
3213 1406 3316 1458 im-

1740 1490 2096 1552 mutabiliter,
2118 1500 2173 1543 et
2207 1490 2511 1555 inconfuse,
2537 1500 2589 1545 ot
2613 1490 2866 1557 indivise,
2900 1502 2954 1547 et
2982 1494 3323 1551 continenter

1741 1578 1795 1632 in
1831 1577 2046 1633 duabus
2081 1572 2293 1631 naturis
2328 1577 2560 1646 perfecte
2606 1578 2927 1635 habentibus
2953 1596 3115 1635 unam
3148 1583 3321 1653 hypo«

1740 1671 1928 1725 stasim
1960 1670 2317 1739 compositam
2358 1668 2478 1723 Filii
2514 1668 2627 1735 Dei,
2664 1679 2719 1726 et
2744 1671 3035 1735 incarnati,
3068 1674 3323 1728 eamdem

50 1737 370 1829 ἀτρίπτως,
421 1737 904 1831 καὶῖάσυγχύτως,
954 1763 1048 1814 καὶ
1108 1762 1504 1829 ἀναλλοιώτως,
1538 1765 1634 1817 καὶ

1741 1737 2100 1829 Ιιςροειιιεὶιο
2137 1767 2444 1813 asserentes
2522 1758 2745 1814 deitatis
2814 1772 2891 1833 et,
2941 1763 3323 1829 humanitatis,

50 1852 401 1921 ἀδιαιρέτως,
439 1853 531 1903 καὶ
558 1853 911 1914 ἀδιαστάτως,
940 1852 997 1904 ὲν
1032 1852 1154 1905 δυσὶ⁹
1186 1852 1381 1921 φύσεσι
1412 1854 1634 1917 τελείως

52 1941 310 2009 ἐχούσαις
360 1942 488 2011 μίαν
530 1942 825 1995 ὑπόστασιν
882 1942 1134 1996 σύνθετον
1181 1942 1641 2019 ἀποτελεσθεῖσαν

53 2034 450 2104 ὁμολογοῦντες
473 2035 564 2087 τοῦ
592 2034 718 2088 Υίοῦ
748 2036 841 2087 τοῦ
870 2033 1024 2099 θεοῦ,
1042 2034 1148 2091 ,καὶ
1192 2038 1634 2107 σεσαρκωμὲνου,

54 2126 145 2195 τὴν
177 2125 356 2197 αὑτήν
384 2124 677 2178 ὑπόστασιν
731 2126 979 2194 λέγοντες
1011 2128 1109 2197 τῆς
1139 2127 1387 2199 θεότητος
1420 2131 1513 2182 καὶ
1536 2131 1636 2199 τῆς

56 2220 478 2291 ἀνθρωπότητος
508 2218 695 2281 αὐτοῦ,
747 2220 847 2283 τὰς
880 2219 976 2273 δύο
1006 2219 1199 2289 φύσεις
1245 2222 1637 2292 ὁμολογοῦντες

58 2310 331 2375 σώζεσθαι
360 2314 419 2365 ὲν
448 2310 594 2380 αύτῷ
652 2311 787 2381 μετά
817 2311 915 2380 τὴν
968 2311 1161 2365 ἕνωσιν
1181 2350 1195 2375 ,
1252 2314 1352 2366 οὑκ
1409 2315 1513 2385 ἰδίᾳ
1544 2316 1637 2367 καὶ

60 2401 157 2454 ἀνά
189 2402 361 2472 μέρος
390 2402 623 2465 τιθέντες
646 2402 901 2473 ἑκάστην,
922 2402 1034 2455 ἀλλ’
1061 2405 1342 2474 ήνωμένας
1370 2405 1633 2477 ἀλλήλαις

61 2494 113 2542 ἐν
164 2495 232 2561 τῇ
292 2487 391 2563 μιᾷ
451 2492 686 2564 συνθέτῳ
731 2494 1056 2557 ὑποστάσει,
1105 2495 1337 2567 οὑσιώδη
1384 2498 1636 2567 λέγοντες

62 2585 288 2649 ἱνωσιν,
329 2582 558 2652 οὑσιώδη
593 2584 669 2646 δὲ,
710 2585 808 2655 οὐχ
863 2586 937 2649 ὡς
974 2586 1082 2639 τῶν
1114 2587 1207 2640 δύο
1241 2589 1456 2652 φύσεων
1503 2593 1638 2645 ἀπο-

63 2671 386 2733 τελεσασῶν,
422 2674 548 2743 μίαν
581 2673 831 2727 σύνθετον
865 2674 1047 2744 φύσιν,
1070 2676 1226 2731 τοῦτο
1244 2680 1348 2749 γὰρ
1374 2680 1636 2735 δέδεικται

68 2763 280 2826 πάντως
338 2764 619 2829 ἀδύνατον,
673 2765 787 2820 ἀλλ’
850 2768 1152 2820 ὲνωθεισῶν
1187 2770 1443 2841 ἀλλήλαις
1497 2778 1637 2828 κατά

68 2852 317 2919 ἀλήθειαν
360 2855 439 2915 είς
480 2853 608 2921 μίαν
657 2853 906 2907 σύνθετον
937 2855 1232 2909 ὑπόστασιν
1258 2857 1350 2909 τοῦ
1383 2858 1510 2911 Υἰοῦ
1541 2858 1634 2912 τοῦ

70 2944 194 2997 Θεοῦ
221 2961 233 2973 ·
272 2945 367 2998 καὶ
400 2945 661 3009 σώζεσθαι
714 2948 892 3017 αὐτῶν
937 2949 1035 3019 τὴν
1080 2949 1314 3021 οὑσιιῦδη
1370 2951 1636 3023 διαφορὰν

1739 1850 1912 1918 ipsius
1934 1849 2069 1902 duas
2094 1858 2318 1904 naturas
2343 1850 2661 1928 confitentes
2692 1849 2743 1903 in
2767 1866 2832 1906 eo
2855 1856 3175 1928 conservari
3194 1864 3323 1924 post

1738 1941 2017 2000 uninnem,
2036 1956 2141 1993 nun
2166 1926 2577 2009 separatam,vet
2598 1942 2827 1995 divisam
2851 1926 3319 2015 unamquamque.

1737 2034 1830 2086 sed
1882 2034 2025 2086 inter
2054 2048 2175 2086 sese
2206 2031 2387 2086 unitas
2435 2034 2485 2085 in
2529 2050 2635 2088 una
2675 2036 2977 2104 crmposita
3025 2038 3325 2107 hypostasi,

1736 2122 2417 2179 essentialemafﬁrmantes
2464 2125 2743 2191 unionem,
2769 2128 3112 2181 essentialem
3145 2139 3327 2184 autem

1738 2230 1846 2269 non
1900 2200 2154 2283 tanquam
2212 2214 2427 2270 duabus
2496 2216 2706 2271 naturis
2757 2215 3115 2273 efﬁcientibus
3160 2234 3327 2275 unam

1736 2306 2089 2373 compositam
2160 2313 2409 2359 naturam
2462 2322 2475 2359 :
2528 2306 2631 2361 hoc
2680 2307 2824 2362 enim
2899 2324 3126 2377 prorsus
3200 2313 3317 2368 fieri

1736 2397 1943 2465 nequit,
2006 2403 2061 2449 ut
2131 2396 2644 2463 demonstravimus,
2710 2399 2805 2453 sed
2868 2400 3036 2455 unitis
3094 2402 3328 2460 invicem

1737 2487 2037 2540 secundum
2090 2468 2372 2540 veritatem
2426 2468 2478 2541 in
2533 2502 2639 2541 una
2692 2489 2995 2557 composita
3047 2491 3337 2561 hypostasi

1738 2575 1859 2629 Filii
1900 2577 2027 2640 Dei,
2047 2591 2344 2646 earumque
2374 2579 2724 2633 essentialem
2774 2580 3136 2635 differentiam
3180 2600 3327 2638 con-

1742 2669 1949 2723 servari
1992 2669 2334 2724 decernimus
2367 2688 2379 2723 :
2414 2680 2654 2723 creatum
2694 2672 2840 2725 enim
2873 2674 3131 2727 remansit
3174 2690 3329 2729 crea-

1738 2767 1872 2822 tum,
1904 2768 1957 2811 et
1987 2758 2306 2823 increatum,
2345 2760 2647 2813 increatum
2684 2776 2697 2812 :
2748 2760 2998 2815 similiter
3027 2771 3077 2815 et
3106 2762 3329 2832 reliqua:

1737 2848 2127 2916 oppositiones.
2160 2847 2419 2913 15.1mm,
2441 2847 2497 2901 Si
2522 2848 2683 2902 unius
2712 2858 2794 2902 est
2821 2858 3027 2904 naturze
3070 2849 3329 2907 Christus

1738 2946 1858 3005 post
1880 2935 2350 3001 unionem,dicite,
2371 2938 2559 3005 cujus?
2583 2947 2637 2991 et
2655 2938 2781 3005 quid
2809 2938 2874 2992 de
2888 2939 2991 2993 alia
3015 2950 3193 2995 actum
3217 2941 3332 2997 est?

70 3036 389 3107 ὀριζόμεθα’
421 3037 481 3089 τὸ
513 3036 621 3109 γὰρ
649 3038 863 3092 κτιστδν
896 3040 1170 3110 μεμένηκε
1192 3044 1430 3109 κτιστὸν,
1465 3046 1636 3099 καὶτὸ

1744 3027 1798 3080 Si
1818 3028 1979 3081 ambo
1996 3028 2289 3091 exsistunt,
2315 3028 2591 3097 quomodo
2615 3044 2747 3090 una,
2762 3029 2865 3083 nisi
2880 3045 2945 3083 ex
2960 3031 3205 3099 utrisque
3221 3046 3329 3086 una

71 3127 337 3191 ἀκτιστον,
372 3128 659 3181 ἄκτιστον·
692 3127 952 3193 ὡσαύτως
991 3129 1056 3200 δὴ
1101 3131 1196 3183 καὶ
1228 3132 1286 3185 αί
1332 3134 1515 3187 λοιπαὶ
1551 3136 1655 3197 ἀνο,

72 3216 313 3281 τιθίσεις.
346 3216 439 3286 ιγ’.
481 3216 603 3271 Ἔτι
623 3231 638 3247 ⁵
664 3218 732 3271 Εί
763 3221 890 3290 μιᾶς
918 3220 1130 3287 φύσεως
1169 3222 1306 3291 μετά
1323 3222 1419 3294 τήν
1448 3223 1642 3281 ἕνωσίν

75 3307 213 3360 ἐστιν
266 3308 294 3360 ὁ
337 3307 594 3375 Χριστὸς.
629 3307 840 3385 είπατε,
892 3308 1079 3377 ποίας;
1117 3311 1210 3363 καὶ
1236 3310 1291 3364 τί
1348 3312 1572 3380 γέγονεν
1612 3316 1645 3385 ἡ

75 3394 263 3463 ἑτέρη
301 3398 364 3449 Ei
385 3397 440 3450 δὲ
462 3382 797 3468 ὑπάρχουσιν
828 3400 1156 3471 ἀμφότεραι,
1180 3402 1295 3465 πῶς
1322 3402 1455 3473 μία;
1488 3408 1537 3457 εἰ
1570 3382 1646 3477 μή

76 3486 133 3550 ἐξ
155 3486 480 3558 ἀμφοτέρων
509 3488 607 3558 μία
642 3489 975 3562 ἀπετελέσθη
1026 3491 1277 3555 σύνθετος
1326 3494 1447 3547 καθ’
1478 3495 1643 3571 ὑμᾶς.

78 3577 199 3630 Em
226 3577 403 3643 τοῦτο,
444 3579 1072 3651 ἑτεριούσιοςόΧριστδς
1100 3582 1193 3636 τοῦ
1214 3585 1444 3655 Πατρδς,
1479 3588 1644 3639 ἀσυν-

79 3668 220 3721 θέτου
256 3669 614 3740 ὑπάρχοντος,
649 3671 911 3735 ὡσαύτως
954 3672 1009 3725 δι
1044 3658 1139 3727 καὶ
1169 3674 1261 3726 τοῦ
1303 3676 1640 3747 Πνεύματος,

80 3760 201 3830 ὅπερ
232 3761 345 3813 εστὶ
385 3760 705 3832 βλάσφημον
734 3761 827 3815 καὶ
855 3764 954 3833 τῆς
1001 3762 1111 3816 τῶν
1168 3748 1509 3834 Χριστιανῶν
1544 3783 1643 3834 με-

84 3849 215 3916 ρίδος
242 3850 541 3921 ἀλλότριον.
600 3852 679 3907 ιδ’.
716 3853 836 3906 ΙἘτι
865 3867 881 3884 ·
907 3852 970 3906 EE
1005 3854 1032 3905 ὁ
1059 3854 1340 3924 ἄνθρωπος
1366 3855 1643 3924 ὲκδιαφό-

86 3954 181 4005 ρων
236 3938 453 4007 φύσεων
487 3940 588 4009 μία
635 3940 796 4009 φύσις
842 3940 1096 4004 σύνθετος
1149 3943 1513 4011 ἀποτελεῖται,
1566 3945 1641 4007 ῶς

83 4029 251 4099 ίτιρόν
299 4047 354 4082 τι
404 4032 554 4101 παρά
581 4031 649 4084 τά
679 4030 739 4097 ἐξ
795 4026 868 4086 ὧν
902 4031 1158 4103 συνετέθη
1204 4034 1514 4105 γενόμενος,
1545 4036 1639 4087 καὶ

84 4116 315 4188 οὐδαμῶς
358 4120 483 4174 οὔτε
512 4120 673 4184 αὐτὸς
709 4122 1011 4192 όμοούσιος,
1057 4123 1090 4192 ἢ
1126 4123 1372 4195 ὀμοφυὴς
1410 4126 1544 4194 πρὸς
1571 4126 1639 4178 τὰ

84 4207 135 4271 ιε
161 4203 229 4262 ὧν
282 4211 539 4281 συνετέθη
580 4212 730 4283 παρά
776 4230 921 4276 τινος
974 4214 1163 4284 ῥηθείη
1186 4231 1197 4245 ·
1236 4214 1412 4284 ἕτεροι
1447 4216 1553 4285 γὰρ
1588 4218 1635 4269 οί

84 4296 214 4365 λόγοι
243 4300 408 4354 αὑτοῦ
439 4318 495 4354 τε
527 4303 752 4356 καὶτῶν
793 4302 996 4374 μερῶν,
1027 4303 1149 4357 οὔτε
1186 4305 1293 4375 μὴν
1325 4307 1373 4357 οί
1408 4307 1510 4359 ὑπὸ
1540 4307 1636 4375 τὴν

1748 3118 1935 3172 effecta
1989 3124 2115 3185 est,‘
2150 3120 2447 3188 composita
2483 3120 2777 3174 secundum
2820 3135 2918 3176 vos
2950 3121 2983 3173 ῗ
3014 3121 3071 3176 ld
3120 3122 3167 3177 si
3222 3131 3325 3189 est,

1749 3210 1974 3265 alterius
2035 3212 2289 3266 essentia:
2356 3212 2461 3265 erit
2514 3210 2768 3266 Christus
2816 3196 2849 3265 ὀ
2884 3210 3066 3277 Patre,
3099 3214 3192 3283 qui
3241 3213 3328 3269 in-

1748 3302 2084 3371 compositus
2117 3311 2199 3356 est
2226 3319 2241 3368 ;
2270 3301 2525 3357 similiter
2556 3311 2611 3355 et
2649 3317 2678 3355 a
2724 3302 2932 3372 Spiritu
2970 3313 3186 3358 sancto.
3220 3303 3328 3360 Sed

1748 3392 1852 3446 hoc
1902 3392 2280 3462 blasphemum
2336 3401 2437 3456 est,
2486 3400 2540 3447 et
2585 3407 2615 3446 a
2662 3391 2975 3447 Christiana
3049 3393 3314 3462 religione

1746 3480 2133 3534 alienum..M.
2166 3480 2322 3547 Item,
2359 3479 2416 3533 Si
2450 3480 2611 3533 homo
2641 3495 2704 3534 ex
2729 3480 2939 3536 duabus
2964 3481 3171 3537 naturis
3212 3497 3325 3537 una

1745 3582 1941 3627 natura
1994 3573 2298 3641 composita
2347 3570 2597 3636 efficitur,
2654 3581 2911 3643 tanquam
2962 3573 3109 3628 aliud
3136 3575 3205 3628 ab
3236 3574 3325 3638 iis,

1745 3682 1811 3719 ex
1861 3665 2063 3733 quibus
2128 3665 2477 3734 componitur
2536 3662 2715 3725 factus
2754 3664 2782 3720 :’
2803 3665 3061 3734 nullaque
3111 3666 3326 3721 ratione

1742 3757 1832 3811 ille
1866 3772 2041 3826 neque
2062 3756 2305 3825 ejusdem
2338 3757 2614 3824 essentiae,
2640 3770 2815 3827 neque
2846 3757 3085 3836 ejusdem
3115 3766 3327 3811 natura:

1742 3862 1865 3903 cum
1920 3848 2010 3911 iis,
2051 3862 2116 3902 ex
2168 3848 2369 3917 quibus
2408 3848 2696 3912 conﬂatur,
2750 3863 2871 3903 esse
2917 3847 3321 3903 aiiirmabitur:

1742 3941 1861 3993 alia:
1901 3940 2045 3993 enim
2096 3947 2228 3993 sunt
2264 3940 2434 4008 ipsius
2484 3939 2848 4004 definitiones,
2876 3939 2995 3994 alia:
3038 3942 3319 4010 partium:

1740 4046 1915 4100 neque
1946 4031 2131 4093 etiam,
2162 4030 2252 4099 qui
2295 4031 2540 4083 eamdem
2575 4030 2812 4085 hominis
2842 4038 3098 4085 naturam
3146 4031 3199 4087 in
3234 4032 3320 4085 in-

1738 4104 1961 4176 dividuo
2009 4121 2300 4190 complent,
2361 4120 2606 4191 ejusdem
2660 4130 2868 4176 naturae
2920 4132 3013 4175 aut
3063 4122 3318 4176 essentia:

1738 4220 2011 4266 suntcum
2042 4212 2483 4282 animabus,quae
2510 4213 2784 4265 communi
2827 4223 3036 4267 natura:
3066 4214 3318 4276 subsunt,

1743 4318 1924 4372 neque
1972 4318 2096 4358 cum
2158 4303 2246 4367 iis,
2284 4319 2404 4371 qua:
2440 4304 2712 4357 communi
2747 4311 2955 4358 natura:
3008 4304 3313 4371 subjaeent,

84 4388 235 4459 αὐτὴν
285 4390 449 4457 φύσιν
511 4391 606 4445 τοῦ
663 4392 949 4465 ἀνθρώπου
1005 4394 1281 4457 τελοῦντες
1331 4397 1640 4450 καθέκαστα

1748 4394 2113 4464 corporibus:
2156 4394 2250 4448 sed
2322 4394 2572 4465 Christus
2645 4409 2769 4447 cum
2846 4409 2951 4447 una
3005 4394 3350 4464 hypostasis

86 4481 349 4550 ὁμοφυεῖς,
381 4484 415 4553 ἢ
446 4483 716 4553 ὀμοούσιοι
749 4486 857 4539 τῶν
893 4486 996 4539 ὑπὸ
1020 4486 1119 4557 τὴν
1148 4487 1331 4557 κοινὴν
1363 4488 1523 4555 φύσιν
1548 4505 1639 4541 τε-

42 4616 55 4631 ς.
86 4570 302 4627 λούντων
330 4576 539 4646 ψυχῶν,
576 4575 698 4630 οὒτε
723 4577 829 4649 μὴν
850 4578 958 4631 τῶν
997 4580 1101 4632 ὑπὸ
1133 4581 1230 4651 τὴν
1266 4580 1447 4650 κοινὴν
1478 4581 1637 4651 φύσιν

88 4665 365 4719 τελούντων
400 4668 668 4738 σωμάτων
698 4670 839 4723 είσίν
864 4686 879 4701 ·
909 4673 938 4723 ό
968 4670 1021 4724 δὲ
1047 4671 1110 4743 δὴ
1149 4673 1402 4742 Χριστὸς,
1438 4675 1535 4740 μία
1554 4690 1637 4737 τις

88 4750 203 4809 οὖσα
230 4757 526 4823 ὑπόστασις
554 4760 660 4813 τῶν
691 4760 795 4814 ὑπὸ
826 4760 925 4832 τὴν
955 4762 1103 4816 θείαν
1126 4763 1287 4833 φύσιν
1316 4764 1633 4829 τελούντων,

91 4845 280 4919 Πατρός
307 4866 389 4914 τε,
421 4852 585 4921 φημὶ,
616 4851 711 4905 καὶ
740 4853 895 4921 ἁγίου
921 4855 1254 4926 Πνεῦματος,
1274 4857 1519 4925 ὁμοφυὴς
1539 4854 1635 4910 καὶ

90 4936 346 5004 ὁμοούσιός
377 4942 493 4993 ἐστι
522 4942 614 4994 καὶ
647 4945 847 5011 κυρίως
873 4944 1021 5011 Θεὸς,
1054 4944 1149 4998 καὶ
1182 4945 1341 5014 φύσει
1374 4946 1501 5007 Θεός
1519 4946 1638 4998 ἐστι

92 5028 308 5100 καὶήμίν
330 5034 502 5102 καὶτῇ
528 5033 709 5103 Μητρὶ
734 5034 1011 5104 ὀμοούσιος
1026 5036 1117 5089 καὶ
1136 5037 1403 5106 ὀμοφυὴς,
1444 5038 1519 5098 ὼς
1543 5053 1639 5088 κυ-

96 5118 205 5187 ρίως
229 5121 529 5191 ἄνθρωπος,
551 5124 645 5176 καὶ
680 5123 836 5191 φύσει
862 5125 1144 5195 ἄνθρωπος
1171 5126 1275 5200 ὴ,
1317 5128 1410 5180 καὶ
1441 5122 1519 5199 εἷς
1538 5130 1640 5197 τῆς

96 5210 233 5275 ἁγίας
254 5213 481 5284 Τριάδος
504 5230 518 5245 ⁸
558 5214 745 5286 ήαὺτὴ
774 5218 882 5288 γὰρ
900 5216 1191 5280 ὑπόστασις
1213 5219 1337 5281 τοὺς
1352 5220 1512 5289 ὅρους
1539 5219 1646 5274 τῶν

95 5299 173 5353 δύο
194 5305 404 5371 φύσεων
442 5304 772 5374 ἐπιδέχεται,
827 5308 921 5361 καὶ
949 5308 1007 5361 ὃν
1037 5307 1102 5360 ἂν
1128 5307 1285 5377 λόγον
1327 5310 1511 5381 ἀποδῷ
1562 5327 1645 5373 τις

99 5388 178 5457 τῆς
195 5391 463 5466 θεότητος,
482 5394 573 5447 τὸν
601 5394 762 5477 αὑτὸν
783 5396 1004 5468 εὑρήσει
1036 5397 1129 5451 καὶ
1146 5398 1237 5449 ἐπὶ
1259 5397 1350 5449 τοῦ
1382 5398 1641 5469 Χριστοῦ,

101 5484 250 5536 καὶδν
274 5484 320 5538 δ’
354 5485 421 5539 ἀν
473 5485 653 5557 ἀποδῷ
683 5487 781 5557 τῆς
838 5488 1288 5559 ἀνθρωπότητος,
1342 5490 1433 5541 τὸν
1480 5491 1643 5544 αὑτὸν

102 5572 297 5645 εὑρήσει
329 5577 425 5630 καὶ
457 5576 548 5629 επὶ
592 5576 685 5630 τοῦ
714 5578 951 5650 Χριστοῦ
990 5580 1297 5651 ἁρμόζοντα
1325 5596 1338 5611 ο
1396 5579 1535 5633 ὥστε
1581 5580 1639 5646 ἐξ

102 5664 319 5741 ἀνάγκης
351 5669 667 5741 συνάγεται,
734 5669 808 5742 μὴ
836 5664 979 5724 εἶναι
1008 5671 1097 5727 τὸν
1125 5672 1355 5744 Χριστὸν
1382 5673 1509 5741 μιᾶς
1534 5673 1637 5743 φύ-

1749 4486 1821 4542 sit
1872 4500 1999 4540 cum
2040 4484 2129 4549 iis,
2168 4500 2290 4554 quae
2324 4486 2429 4538 sub
2470 4484 2651 4539 divina
2700 4492 2893 4538 natura
2945 4494 3090 4549 sunt,
3138 4481 3314 4537 Patris

1746 4593 1961 4649 nempe,
2005 4587 2058 4632 et
2092 4576 2331 4647 Spiritus
2390 4577 2587 4642 sancti,
2656 4575 2898 4645 ejusdem
2961 4574 3210 4631 essentia:
3254 4561 3319 4629 ἐι

1744 4680 1952 4723 natura
1991 4679 2095 4732 est,
2130 4677 2183 4721 et
2212 4683 2334 4723 vere
2370 4666 2532 4731 Deus,
2564 4677 2617 4722 et
2653 4666 2845 4719 natura
2878 4665 3039 4733 Deus,
3085 4674 3138 4720 et
3166 4666 3316 4734 ejus-

1742 4759 2169 4814 demcumnobis
2194 4769 2244 4813 et
2264 4757 2431 4813 Matre
2455 4759 2703 4815 essentiae
2731 4769 2784 4813 et
2811 4767 3038 4819 naturae,
3058 4768 3315 4827 tanquam

1743 4851 1833 4920 qui
1894 4849 2111 4920 proprie
2161 4850 2321 4903 homo
2381 4859 2434 4904 et
2467 4858 2659 4903 natura
2693 4849 2855 4903 homo
2916 4850 3004 4913 sit,
3065 4862 3317 4916 unusque

1743 4959 1807 4998 ex
1834 4954 2020 4998 saneta
2056 4942 2254 4997 Triade
2279 4960 2291 4995 :
2320 4943 2505 4996 eadem
2530 4943 2674 4997 enim
2704 4941 3010 5011 hypostasis
3039 4940 3314 4994 tlefinitioo

1745 5050 1844 5088 nes
1861 5034 2089 5087 duarum
2111 5045 2426 5087 naturarum
2449 5033 2661 5101 recipit,
2676 5040 2729 5085 et
2745 5029 3131 5090 definitionem,
3150 5044 3310 5097 qnam

1747 5126 2014 5197 quispiam
2067 5126 2253 5180 deitati
2294 5126 2574 5188 attribuat,
2621 5123 2952 5178 eamdemet
2982 5123 3036 5174 in
3094 5120 3313 5173 Christo

1749 5218 2067 5287 comperiet,
2093 5226 2325 5286 etquam
2351 5214 2670 5270 humanitati
2703 5214 3029 5273 exhibuerit,
3062 5211 3327 5262 eamdem,
3426 5250 3431 5256 .

1746 5320 1801 5364 et
1830 5307 2048 5365 Christo
2084 5308 2419 5363 confdrmcm
2448 5322 2571 5363 esse
2603 5305 2873 5361 offendet:
2900 5304 3026 5357 hinc
3054 5315 3309 5353 necessa-
3373 5312 3383 5321 ‘

1746 5402 1829 5455 rio
1888 5400 2161 5469 colligitur
2245 5398 2520 5453 Christum
2573 5413 2680 5452 non
2723 5411 2843 5451 esse
2874 5393 3033 5447 unius
3080 5400 3305 5453 natura},

1746 5493 1840 5549 sed
1899 5493 2037 5547 duas
2092 5506 2213 5545 esse
2250 5499 2477 5544 naturas
2523 5489 2684 5543 unius
2734 5484 2932 5540 Christi
2992 5472 3306 5547 compositae

1750 5582 2081 5653 hypostasis,
2132 5581 2259 5636 licet
2317 5580 2475 5634 unius
2543 5588 2747 5633 natura:
2804 5576 2963 5629 homo
3018 5571 3108 5625 sit.
3166 5569 3306 5624 Cum

1747 5673 1929 5744 itaque
1970 5672 2146 5729 oratio
2176 5688 2242 5730 ex
2294 5670 2679 5728 communibus
2721 5664 3033 5724 nationibus
3079 5669 3131 5717 ct
3180 5661 3270 5731 plu
