3934 6316
373 3439 375 3441 ι
469 3382 579 3426 tur.
617 3369 772 3436 Quod
802 3386 931 3426 vero
969 3387 1035 3438 ex
1067 3373 1218 3429 hisce
1247 3383 1421 3429 totum
1462 3376 1522 3430 fit
1559 3391 1625 3432 ex

463 269 570 338 Μ’]

1709 259 2001 322 NICET/E
2034 255 2438 318 BYZANTTNI

3605 259 3702 324 648

463 379 756 434 mistionem
772 374 991 430 dicimus
1021 373 1073 428 in
1105 373 1304 430 Christi
1333 372 1559 438 naturis,
1591 372 2033 442 quemadmodum

2159 370 2278 424 ιετᾶ
2313 369 2553 440 βραχέαο
2611 367 2752 422 Ἐὰν
2780 364 2890 439 γὰρ
2931 367 3100 438 ἡμεῖς
3131 368 3523 439 πεφυρμένηκ
3559 374 3708 438 μίξιν

463 488 603 540 aqua
651 477 700 522 et
733 469 912 522 viuum
950 467 1202 535 permista
1251 466 1464 519 omnino
1517 465 1737 533 confusa
1783 471 1937 525 sunt;
1966 459 2041 514 vel

465 571 519 614 ut
570 562 623 614 in
675 560 985 629 conﬂatorio
1041 557 1434 627 ignisaurum,
1497 564 1546 608 et
1597 559 1868 623 argentum
1922 553 2041 620 fusa

463 653 667 718 penitus
705 649 1127 715 confunduntur,
1158 662 1258 698 non
1289 646 1564 700 dissideret
1593 644 1804 696 omnino
1841 643 1904 695 ab
1936 642 2039 704 his,

464 754 580 807 qua:
622 738 866 790 dicimus.
913 734 971 788 Si
1025 750 1141 787 vero
1206 733 1268 786 ab
1322 733 1404 786 his
1457 732 1875 800 disjunctissima
1928 739 2037 793 est,

462 846 620 900 quam
655 844 746 880 nos
778 842 1020 880 vocamus
1051 825 1343 878 mixtionem
1377 822 1529 876 Verbi
1553 822 1645 876 Dei
1676 838 1793 874 cum
1829 822 2040 889 praprio

463 931 698 989 corpore,
733 917 1170 989 quemadmodum
1201 917 1374 970 lumen
1405 931 1522 968 cum
1554 914 1728 974 radio,
1762 913 1865 965 sive
1904 911 2040 980 ignis

462 1029 580 1064 cum
638 1027 788 1073 auro,
831 1009 937 1062 sive
970 1009 1186 1076 spiritus
1248 1021 1366 1058 cum
1421 1019 1633 1071 corpore
1683 1004 1822 1056 citra
1876 1001 2041 1053 ullam

462 1101 879 1154 immutationem
934 1107 983 1154 et
1046 1097 1467 1166 separationem,
1531 1095 1790 1147 immerito
1873 1091 2037 1161 igitur

464 1196 613 1247 nobis
648 1193 878 1247 convitia
921 1190 1182 1258 ingeritis,
1205 1189 1480 1257 justitiam
1517 1186 1898 1248 conculcantes,
1934 1193 2039 1238 etc.

466 1284 531 1338 Et
560 1283 626 1336 ad
683 1284 821 1336 hanc
856 1290 1172 1336 naturarum
1212 1281 1470 1334 unionem
1527 1275 1871 1330 inconfusam
1913 1290 2043 1328 eon-

339 1411 358 1424 .
465 1372 867 1436 stabiliendum,
902 1370 1221 1439 Gregorium
1250 1369 1587 1438 Theologum
1647 1375 1702 1421 et
1731 1376 2040 1422 consortem

467 1465 634 1528 illius,
665 1462 1104 1531 coneordemque
1131 1461 1294 1516 alium
1329 1459 1800 1528 Thaumaturgum
1841 1457 2045 1526 Grego-

467 1556 606 1609 rium
654 1556 707 1609 id
765 1554 911 1608 idem
955 1563 1291 1608 asserentem
1340 1551 1584 1606 adducis.
1619 1549 1686 1603 Et
1725 1564 1823 1603 nos
1857 1549 1909 1602 in
1944 1549 2045 1602 hoc

467 1647 586 1702 solo
638 1645 1017 1701 convenimus.
1054 1643 1145 1699 Sic
1183 1642 1383 1699 videris
1431 1643 1651 1712 quidem
1709 1640 2046 1697 criminatio-

2148 463 2412 532 λέγωμεν
2433 462 2520 526 εις
2555 461 2662 526 τὰς
2687 461 2797 514 τοῦ
2842 462 3097 530 Χριστοῦ
3142 463 3358 531 φύσεις
3378 503 3392 526 ,
3424 460 3627 532 ὥσπερ
3653 480 3708 520 το

2148 556 2305 623 ὕδωρ
2338 553 2486 625 μετὰ
2512 554 2617 608 τοῦ
2645 553 2814 608 οἴνου
2837 553 3083 622 μιγέντα
3113 553 3343 618 πάντως
3371 554 3462 608 ὅτι
3498 573 3711 624 πεφυρο

2143 646 2316 714 μέγ-(ιι
2362 643 2553 708 slain,
2611 643 2648 710 ἢ
2687 643 2888 712 ὥσπερ
2929 641 3028 696 ἐπί
3075 645 3481 712 χωνευτηρίου
3537 648 3712 711 πιιρές

2147 736 2378 804 χρυσὸς
2425 735 2578 802 λέγω
2631 735 2723 786 καὶ
2761 734 2996 802 ἄσημος
3036 738 3434 802 χωνευόμενοι
3487 738 3713 802 πάντως
3809 789 3812 792 ,

2149 822 2246 875 καὶ
2287 823 2600 890 φύρονται,
2639 817 2803 890 εἶχεν
2831 821 2907 874 ἂν
2955 821 3271 888 ὁμοιότητα
3317 814 3404 874 ὧν
3448 820 3710 890 λέγομεν.

2149 917 2216 968 Ei
2237 914 2304 967 δὲ
2330 914 2550 978 ἔξωθεν
2574 913 2798 966 τούτων
2815 912 3002 977 ἐστίν,
3035 911 3112 980 ἣν
3136 912 3400 982 λέγωμεν
3421 913 3592 982 μίξιν
3619 913 3712 968 τοῦ

2148 1007 2341 1074 Λόγου
2374 1004 2479 1058 τοῦ
2516 1002 2663 1058 Θεοῦ
2699 1004 2848 1072 μετὰ
2875 1003 2978 1057 τοῦ
3006 1003 3161 1058 ίόίου
3195 1004 3492 1072 σώματος,
3522 1002 3714 1074 ὥσπερ

2147 1094 2271 1165 φῶς
2301 1095 2458 1165 μετὰ
2495 1096 2605 1163 τῆς
2639 1095 2902 1161 ἀκτῖνος,
2968 1095 3086 1148 εἴτε
3116 1094 3234 1163 πῦρ
3258 1098 3409 1164 μετὰ
3447 1096 3554 1151 τοῦ
3586 1114 3716 1164 χρυο
3822 1094 3826 1165 !

2147 1190 2299 1254 σοῦ,
2335 1189 2374 1258 ἢ
2415 1189 2650 1257 πνεῦμα
2709 1190 2859 1256 μετὰ
2903 1188 3009 1242 τοῦ
3055 1189 3324 1257 σώματος
3374 1189 3718 1257 ἀπαραλλά-

2150 1297 2302 1346 κτως
2316 1280 2412 1356 καὶ
2437 1280 2780 1348 ἁχωρίστως
2805 1316 2819 1342 ,
2854 1278 3071 1333 λοιπὸν
3093 1278 3310 1346 ἀδίκως
3336 1277 3494 1347 ἡμᾶς
3526 1279 3716 1333 locoe-
3822 1307 3826 1312 -

2142 1371 2321 1438 ρεῖτε,
2368 1370 2854 1434 καταπατοῦντες
2899 1368 3014 1436 τὴν
3053 1368 3474 1434 δικαιοσύνην,
3530 1369 3619 1421 καὶ
3658 1369 3718 1422 τά

2149 1462 2293 1530 ἑξῆς.
2348 1462 2456 1513 Kal
2501 1459 2826 1513 ἐπιϐεϐαιῶν
2855 1459 2952 1529 τὴν
2995 1460 3302 1529 ἀσύγχυτον
3347 1459 3458 1512 τῶν
3514 1459 3718 1526 φύσεων

2149 1552 2363 1616 ἕνωσιν,
2393 1550 2800 1622 προκεκόμικας
2834 1548 3131 1619 Γρηγόριον
3171 1550 3262 1602 τὸν
3287 1548 3548 1616 Θεολότον
3573 1549 3718 1603 τοῦτο

2151 1642 2285 1696 αὐτὸ
2333 1643 2610 1710 φάσκοντα
2635 1681 2649 1706 ,
2682 1641 2776 1694 καὶ
2813 1641 2904 1694 τὸν
2937 1641 3184 1711 ὁμοταγῆ
3229 1641 3394 1696 αὐτοῦ
3452 1643 3546 1694 καὶ
3594 1643 3717 1710 duo.

467 1752 591 1793 nem
649 1736 909 1806 effugere,
941 1735 1085 1806 quod
1116 1735 1394 1790 existimes
1439 1736 1603 1790 unius
1647 1744 1857 1790 natura:
1883 1735 2042 1788 unio-

2159 1749 2320 1798 ppova
2385 1733 2681 1803 Γρηγόριον
2744 1731 2836 1785 τὸν
2888 1731 3336 1801 Θασματουργόν.
3390 1733 3573 1804 Ὅπερ
3631 1732 3719 1786 καὶ

469 1844 592 1884 nem
636 1829 690 1884 in
731 1827 949 1883 Christo
981 1828 1187 1897 absque
1213 1826 1536 1882 confusione
1603 1826 1773 1882 fuisse
1822 1825 2041 1890 iactam,

468 1935 631 1990 quam
679 1929 730 1974 et
767 1919 1056 1989 profiteris.
1086 1918 1189 1975 Per
1219 1935 1282 1974 ea
1321 1921 1501 1989 itaque
1533 1935 1654 1990 quae
1686 1920 1801 1989 ipse
1823 1920 2045 1974 conﬁte-

469 2013 544 2068 ris
577 2020 632 2065 et
679 2011 894 2078 scribis,
939 2018 1147 2066 tantum
1173 2011 1347 2075 abest,
1400 2021 1459 2066 ut
1486 2011 1726 2067 maculas
1782 2024 2047 2081 natasque

468 2103 690 2168 evadas,
750 2112 840 2156 zut
927 2101 1110 2172 potius
1191 2104 1299 2158 tuis
1401 2102 1514 2173 ipse
1592 2102 1693 2157 alis
1791 2103 2045 2172 capiaris.

469 2193 624 2259 Quod
690 2208 756 2247 ex
819 2193 905 2247 his
987 2202 1232 2263 apertum
1318 2192 1777 2262 manifestumque
1863 2192 2045 2247 fuerit.

471 2285 647 2339 Omne
677 2285 1044 2353 compositum
1071 2299 1235 2339 unam
1265 2293 1518 2338 naturam
1548 2283 1785 2338 efficiens
1804 2298 1870 2338 ex
1897 2297 2049 2338 como

471 2377 738 2444 positione
762 2415 777 2440 ,
839 2383 934 2430 aut
991 2376 1328 2430 immistione
1353 2414 1368 2441 ,
1425 2385 1518 2430 aut
1569 2375 1893 2430 confusione
1917 2413 1932 2439 ,
1956 2384 2051 2429 aut

469 2469 674 2522 unione
723 2466 1009 2522 inconfusa
1060 2466 1197 2522 edici
1256 2467 1491 2522 dicimus
1538 2509 1550 2521 .
1600 2467 1962 2542 immistione,
1994 2475 2054 2521 ut

471 2565 718 2608 nostrum
751 2569 973 2624 corpus,
999 2563 1052 2609 et
1081 2555 1186 2608 alia
1213 2570 1435 2624 quoque
1481 2556 1714 2624 ratione,
1742 2557 1835 2612 sed
1880 2558 2050 2626 potis-

464 2647 694 2708 simum,
743 2644 891 2713 quod
939 2659 1001 2700 ex
1039 2655 1274 2713 quatuor
1318 2630 1603 2702 elementis
1663 2663 1831 2700 unum
1885 2646 2048 2718 quid,

471 2737 744 2806 uniusque
785 2747 992 2790 naturai
1033 2736 1307 2801 effectum,
1341 2745 1395 2792 et
1464 2738 1871 2811 corruptionem
1923 2754 2049 2808 par-

473 2829 640 2894 tibus,
668 2841 789 2897 quae
818 2835 1194 2882 convenerunt
1221 2828 1275 2882 in
1311 2828 1512 2883 unione
1538 2829 1712 2898 passis
1745 2830 1846 2884 hoc
1880 2839 2049 2883 totum

473 2919 830 2973 constitutum
891 2927 1008 2983 θείς
1068 2932 1188 2986 qua:
1240 2932 1416 2987 neque
1479 2919 1704 2974 omnino
1759 2933 1788 2972 ι
1835 2918 2053 2989 propria

472 3016 703 3074 natura,
757 3021 884 3062 eum
940 3009 1312 3075 conveniunt,
1359 3011 1621 3064 recedunt
1677 3028 1691 3065 :
1753 3021 1866 3064 tum
1906 3012 2051 3066 enim

2148 1824 2307 1893 ἡμεῖς
2339 1824 2396 1875 ὲν
2424 1823 2596 1893 τούτῳ
2655 1820 3274 1892 συμφωνοῦμεν-μόνον.
3302 1822 3394 1876 Διὸ
3418 1823 3597 1886 δοκεῖς
3630 1825 3721 1892 μὲν

2147 1913 2425 1983 διαδρᾶναι
2448 1914 2573 1975 τοὺς
2601 1913 2886 1982 ἐλέγχους,
2911 1911 2975 1966 δι’
3001 1901 3076 1966 ὧν
3105 1912 3206 1966 οῐει
3225 1912 3321 1982 τῆς
3354 1915 3484 1984 μιᾶς
3514 1913 3720 1983 φύσεως

2148 2004 2248 2074 τὴν
2278 2005 2471 2058 ἕνωσιν
2509 2006 2608 2075 τὴν
2640 2005 2733 2057 ἐπὶ
2767 2003 3004 2074 Χριστοῦ
3049 2002 3180 2057 ἄνευ
3221 2004 3537 2074 συγχύσεως
3564 2022 3718 2074 γεγε-

2150 2096 2361 2166 νῆσθαι,
2397 2097 2462 2164 ἢν
2494 2096 2587 2148 καὶ
2615 2094 2919 2164 ὁμολογεῖς,
2952 2094 3050 2164 οὐχ
3083 2095 3283 2164 ἥκιστα
3313 2095 3369 2148 δὲ
3400 2095 3469 2149 δι’
3495 2090 3570 2149 ὧν
3595 2098 3723 2166 γράο

2150 2206 2271 2261 φεις
2298 2189 2424 2253 τοὺς
2451 2188 2706 2256 ἐλέγχους
2749 2185 2992 2257 ὲκφεύγῃ
3017 2229 3031 2252 ,
3068 2186 3268 2255 μᾶλλον
3293 2186 3352 2241 δὲ
3380 2189 3495 2252 τοῖς
3526 2189 3718 2243 ἑαυτοῦ

2151 2282 2377 2351 πτεροῖς
2424 2279 2728 2351 φωραθήσῃ
2777 2277 3156 2348 ἁλισκόμενος.
3197 2279 3309 2332 Kal
3366 2278 3527 2332 τοῦτο
3574 2281 3724 2350 δῆλον

2151 2371 2421 2425 ἐντεῦθεν·
2461 2370 2576 2423 Πᾶν
2607 2369 2668 2421 τὸ
2694 2368 3076 2438 συντιθέμενον
3101 2367 3230 2438 μίαν
3253 2367 3412 2438 φύσιν
3437 2370 3725 2425 ἀποτελοῦν

2152 2465 2216 2518 ἐκ
2242 2464 2340 2533 τῆς
2370 2461 2669 2525 συνθέσεως
2693 2501 2708 2526 ,
2738 2461 2771 2534 ἢ
2798 2462 2937 2516 κατὰ
2963 2462 3181 2534 κρᾶσιν,
3213 2460 3329 2532 ἢτοι
3360 2465 3502 2517 κατὰ
3527 2463 3723 2534 σύγχυ-

2153 2570 2236 2607 σιν
2262 2553 2418 2607 τοῦτο
2454 2552 2706 2622 φαίνεται
2750 2553 3057 2624 γινόμενον,
3087 2555 3120 2626 ἢ
3168 2553 3290 2608 καθ’
3321 2556 3517 2610 ενωσιν
3557 2556 3723 2625 ἀσύγ-

2153 2662 2331 2714 χυτον.
2378 2645 2485 2698 Kal
2527 2644 2667 2698 κατὰ
2701 2645 2895 2713 κρᾶσιν
2938 2647 3059 2717 μὶν,
3092 2643 3205 2704 οἷον
3243 2648 3313 2704 τὰ
3356 2649 3602 2719 ἡμέτερα
3629 2648 3729 2700 σώ-

2157 2753 2323 2806 ματα.
2354 2736 2466 2790 Kal
2491 2735 2619 2789 ἄλλο
2645 2736 2728 2790 ὅτι
2754 2735 2866 2790 καὶ
2894 2737 3146 2793 πλεῖστον
3175 2741 3240 2795 ὲκ
3273 2740 3559 2810 τεσσάρων
3590 2757 3726 2793 στοι-

2155 2827 2317 2898 χείων
2346 2825 2406 2879 ἓν
2450 2842 2506 2880 τι
2546 2826 2640 2881 καὶ
2672 2827 2800 2896 μιᾶς
2830 2826 3046 2896 φύσεως
3090 2829 3544 2900 ἀποτελούμενον,
3592 2832 3726 2898 σύμ-

2156 2919 2390 2989 φθαρσιν
2429 2919 2538 2972 τῶν
2576 2916 2940 2973 συνελθόντων
2981 2919 3163 2992 μερῶν
3206 2922 3265 2976 ὲν
3306 2923 3375 2992 τῇ
3416 2921 3609 2975 ἑνώσει
3635 2936 3731 2972 πε-

2157 3008 2449 3072 πονθότων,
2505 3007 2576 3061 τὺ-
2605 3007 2726 3062 δλον
2773 3009 3121 3079 συνέστηκεν,
3167 3008 3204 3065 ἃ
3246 3010 3369 3064 οὕτε
3415 3011 3594 3080 πάντη
3637 3010 3733 3081 τῆς

473 3098 827 3168 compositio,
886 3113 1009 3168 qua:
1048 3109 1440 3167 convenerunt,
1496 3102 1729 3171 partium
1778 3103 1941 3168 unio,
2007 3102 2053 3157 si

2159 3101 2362 3164 οἰκείας
2404 3098 2618 3169 φύσεως
2659 3101 2716 3155 ιν
2753 3099 2830 3172 τῷ
2879 3071 3153 3157 συνελθείν
3200 3102 3317 3173 ἅμα
3348 3071 3656 3173 ῑξέστηκεν·

472 3190 689 3258 penitus
735 3203 1183 3258 corrumpantur,
1215 3192 1409 3246 merito
1457 3208 1564 3247 non
1606 3195 1912 3261 vocabitur,
1963 3193 2058 3249 sed

473 3280 528 3333 in
563 3279 751 3348 aliquo
791 3280 1089 3350 corrumpi,
1127 3281 1180 3335 in
1215 3282 1400 3352 aliquo
1441 3286 1754 3339 conservari
1787 3285 2057 3340 videbun-

1695 3387 1775 3433 tot
1813 3379 2058 3448 quidem.

474 3476 597 3532 quae
643 3471 1039 3530 convenerunt,
1083 3464 1306 3530 dicitur,
1343 3465 1397 3520 in
1443 3467 1554 3522 illis
1622 3483 1752 3523 vero
1789 3471 2063 3538 tantisque

474 3566 599 3620 qua:
633 3561 756 3606 actu
805 3552 952 3606 nulla
985 3563 1136 3619 sunt,
1170 3557 1388 3625 proprie
1427 3572 1536 3612 non
1579 3558 1851 3626 dicentur,
1876 3559 1978 3614 nisi
2011 3558 2063 3614 id

474 3643 680 3712 aliquis
738 3643 940 3700 virtute
987 3643 1153 3701 dicat.
1187 3645 1251 3701 Et
1284 3658 1532 3704 nostrum
1563 3665 1784 3720 corpus,
1815 3659 1874 3706 ut
1902 3661 2061 3706 antea

474 3734 738 3798 diximus,
766 3748 833 3788 ex
866 3743 1108 3804 quatuor
1133 3736 1420 3794 elementis
1441 3754 1536 3809 per
1555 3740 1942 3796 immistionem
1970 3747 2066 3795 aut

473 3824 854 3880 confusionem
888 3825 1113 3894 factum,
1157 3843 1223 3883 ex
1259 3838 1498 3898 quatuor
1525 3830 1745 3902 quidem
1783 3847 1902 3886 esse
1930 3831 2065 3887 dici-

483 3925 594 3982 tur,
629 3917 684 3972 in
730 3927 969 3987 quatuor
1022 3928 1226 3986 autem,
1258 3931 1352 3985 aut
1408 3931 1646 3992 quatuor
1691 3924 1890 3978 virtute
1921 3937 2060 3989 esse,

479 4023 764 4074 nunquam
797 4023 927 4064 vero
972 4018 1097 4065 actu
1148 4010 1382 4066 dicetur.
1425 4012 1531 4068 Sed
1594 4029 1792 4084 corpus
1848 4027 2066 4084 quoque

479 4097 605 4153 licet
631 4111 903 4155 asseratur
923 4101 1123 4157 habere
1149 4113 1382 4172 quatuor
1403 4105 1692 4172 elementa,
1709 4106 1876 4160 nullo
1905 4107 2066 4161 modo

479 4186 659 4256 ipsum
711 4189 955 4256 ejusdem
1010 4199 1222 4244 natura:
1272 4200 1327 4246 et
1374 4195 1626 4248 essentia:
1691 4207 1815 4248 cum
1873 4194 1960 4260 iis,
1997 4209 2060 4247 ex

479 4278 681 4346 quibus
704 4282 1069 4348 compositum
1102 4290 1206 4346 est,
1239 4282 1450 4338 dicetur
1484 4301 1498 4338 :
1531 4285 1680 4354 quod
1717 4285 1866 4339 nullo
1896 4285 2061 4339 modo

485 4374 660 4422 totum
692 4372 1131 4427 convenientiuin
1166 4373 1400 4442 partium
1430 4375 1482 4429 in
1515 4378 1934 4446 compositione,
1967 4393 2060 4432 ne-
2093 4403 2139 4460 υ

482 4472 590 4527 que
642 4460 897 4526 nomina,
951 4476 1128 4533 neque
1171 4479 1356 4518 earum
1403 4464 1748 4523 deﬁnitiones
1799 4467 2058 4521 obtineat.

486 4549 742 4616 Quiuimo
794 4567 968 4622 neque
1023 4556 1318 4625 singularia
1348 4557 1711 4611 humanorum
1749 4572 2060 4628 corporum,

486 4658 609 4712 qua
634 4643 736 4698 sub
763 4647 1093 4701 universalia
1121 4648 1388 4703 elementa
1423 4649 1783 4712 reducuntur,
1822 4649 2062 4718 ejusdem

489 4737 742 4791 essentia:
805 4748 898 4792 aut
945 4750 1151 4796 natura:
1177 4741 1449 4796 dicentur.
1491 4740 1646 4819 Quod
1685 4741 1729 4796 si
1775 4756 1871 4811 per
1904 4743 2064 4820 unjo-

493 4842 614 4881 nem
678 4829 1020 4886 inconfusam
1077 4850 1266 4890 rursus
1306 4835 1666 4903 compositum
1721 4851 1826 4889 una
1871 4846 2065 4890 natura

493 4918 572 4984 fit,
604 4928 663 4972 ut
718 4921 877 4977 homo
907 4941 920 4976 :
953 4923 1062 4979 duo
1093 4927 1291 4980 etenim
1337 4927 1723 4981 concurrentia
1754 4928 1899 4982 'citra
1927 4943 2062 4982 eon-

493 5009 761 5064 fusionem
806 5027 1028 5082 corpus,
1089 5024 1143 5070 et
1195 5017 1375 5070 anima
1425 5025 1595 5072 totum
1644 5019 2064 5073 constituerunt.

493 5101 597 5156 Sed
642 5105 744 5158 hoc
776 5106 992 5174 quidem
1035 5109 1304 5162 diversam
1345 5110 1602 5163 unionem
1629 5110 1855 5175 habens,
1887 5110 2066 5165 diver-

494 5204 614 5243 sum
647 5205 862 5263 quoque
890 5195 1108 5247 unionis
1141 5197 1356 5248 modum
1382 5195 1637 5263 possidet.
1677 5199 1750 5252 Ex
1785 5207 1861 5254 tot
1895 5199 2063 5264 enim,

495 5295 718 5352 corpore
754 5300 945 5355 nempe
980 5293 1033 5338 et
1069 5285 1267 5349 anima,
1295 5297 1347 5340 et
1381 5287 1433 5340 in
1468 5296 1543 5345 tot
1584 5303 1704 5344 esse
1728 5290 1849 5358 jure
1877 5290 2068 5344 merito

493 5373 724 5439 dicetur,
771 5390 892 5429 cum
929 5385 982 5429 et
1013 5390 1109 5439 ea,
1150 5391 1269 5444 qum
1322 5390 1689 5434 convenerunt
1742 5381 1793 5433 in
1844 5380 2064 5446 unione,
2114 5389 2129 5405 ’

496 5458 699 5528 integra
750 5472 1170 5528 conserventur,
1201 5478 1323 5524 cum
1367 5475 1487 5520 actu
1524 5469 1650 5522 sint.
1685 5467 1749 5524 Et
1772 5479 1850 5523 tot
1869 5470 2068 5526 habere

495 5560 675 5618 partes
700 5551 863 5606 homo
903 5553 1113 5608 dicetur
1145 5555 1317 5634 abiis,
1351 5558 1442 5626 qui
1469 5574 1553 5613 res
1582 5575 1712 5616 sane
1740 5562 2063 5630 diiudicant,

498 5650 580 5695 tot
641 5657 768 5699 vero
838 5661 982 5713 csse,
1025 5663 1214 5720 nempe
1267 5650 1401 5707 duas
1453 5661 1677 5709 naturas
1722 5655 1883 5708 homo
1917 5655 2068 5710 nullo

2159 3189 2266 3262 γὰρ
2305 3191 2370 3245 ἂν
2401 3190 2521 3244 οὐδὲ
2545 3189 2795 3256 σύνθεσις
2822 3192 2855 3261 η
2886 3190 3082 3255 ῑνωσις
3107 3193 3214 3248 τῶν
3245 3191 3606 3248 συνελθόντων
3634 3209 3728 3264 μισ

2161 3282 2269 3352 ρῶν
2319 3282 2493 3352 πάντη
2544 3280 2917 3354 φθειρομένων
2958 3281 3181 3349 δικαίως
3230 3283 3296 3338 ἂν
3341 3287 3436 3338 καὶ
3475 3284 3733 3356 κληθείη,
3771 3348 3774 3350 γ

2159 3372 2273 3427 ἀλλ’
2313 3371 2403 3424 ἐπί
2431 3389 2485 3424 τι
2516 3371 2615 3443 μὲν
2641 3371 2785 3439 δόξει
2839 3371 3175 3445 φθείρεσθαι,
3201 3374 3290 3428 ὲπί
3316 3391 3366 3427 τι
3392 3373 3447 3428 δὲ
3478 3375 3734 3444 φυλάττε-

2163 3463 2306 3518 σθαι.
2339 3464 2411 3517 Τὸ
2441 3463 2498 3517 δὲ
2543 3464 2606 3517 εκ
2638 3463 2808 3517 τῶνδε
2853 3464 2975 3519 ὅλον
2999 3455 3282 3536 γινόμενον
3328 3467 3392 3520 εκ
3436 3467 3608 3522 τόσων
3639 3469 3734 3539 μὲν

2159 3555 2267 3610 τῶν
2294 3554 2653 3609 συνελθόντων
2675 3555 2915 3625 λέγεται,
2941 3557 2999 3611 ὲν
3023 3557 3252 3627 ἐκείνοις
3280 3558 3358 3623 δι,
3385 3559 3419 3629 ἢ
3441 3559 3620 3623 τόσοις
3649 3559 3732 3613 οὐ·
3812 3616 3816 3620 _

2160 3644 2347 3715 δαμῶς
2392 3645 2642 3718 ἐνεργείᾳ
2680 3645 2798 3726 ρῦσι
2831 3647 3037 3721 κυρίως
3081 3648 3412 3720 ῥηθήσεται,
3455 3650 3506 3703 εί
3554 3651 3625 3721 μή
3656 3667 3734 3734 τις

2161 3736 2322 3791 τοῦτο
2366 3737 2592 3808 δυνάμει
2640 3737 2804 3792 εἴποι.
2853 3738 2964 3793 Καὶ
3008 3737 3072 3793 τὸ
3111 3740 3378 3812 ἡμέτερον
3425 3741 3622 3811 σῶμα,
3663 3740 3733 3803 ὡς

2163 3826 2504 3899 προέφημεν,
2554 3827 2619 3881 ἐκ
2663 3829 2944 3900 τεσσάρων
2995 3829 3274 3900 στοιχείων
3329 3830 3470 3885 κατὰ
3523 3834 3730 3902 κρᾶσιν,

2164 3918 2282 3988 ἦτοι
2327 3917 2471 3973 κατὰ
2517 3904 2777 3988 σύγχυσιν
2827 3918 3140 3990 γενόμενον,
3193 3922 3259 3974 ἐκ
3309 3922 3592 3992 τεσσάρων
3639 3921 3733 3992 μὲν

2164 4005 2303 4064 εἶναι
2330 4009 2584 4079 λέγεται,
2611 4011 2668 4063 ὲν
2711 4009 2934 4082 τέτρασι
2969 4010 3024 4065 δὶ
3044 4050 3060 4077 ,
3090 4010 3123 4084 η
3152 4011 3391 4084 τέσσαρα
3414 4009 3556 4068 εἶναι
3584 4013 3734 4068 δυνά-

2168 4119 2258 4172 μει
2286 4101 2641 4172 λεχθήσεται,
2673 4102 2922 4174 ἐνεργείᾳ
2951 4102 3006 4157 δὲ
3030 4103 3130 4157 οὐκ
3155 4101 3222 4157 ἂν
3253 4103 3467 4175 ῥηθείη,
3501 4107 3597 4159 καὶ
3617 4104 3732 4157 οὗτε

2165 4194 2225 4246 τὸ
2247 4193 2427 4261 σῶμα,
2461 4194 2508 4247 εί
2539 4193 2632 4246 καὶ
2654 4192 2872 4261 λέγεται
2899 4193 3040 4263 ἔχειν
3066 4193 3305 4266 τέσσαρα
3338 4199 3600 4265 στοιχεῖαο
3625 4194 3732 4249 ἀλλ’

2165 4283 2415 4356 οὐδαμῶς
2443 4282 2566 4338 οὔτε
2597 4284 2728 4338 αὐτὸ
2759 4285 3009 4356 ’όμοφυὲς
3049 4287 3142 4339 καὶ
3180 4286 3464 4356 ὁμοούσιον
3512 4288 3644 4357 πρὸς
3672 4286 3734 4339 τά

2165 4380 2224 4446 ἐξ
2248 4373 2323 4434 ὧν
2363 4379 2618 4451 συνετέθη
2653 4379 3110 4450 ῥηθήσεται,ιδιὰ
3154 4379 3214 4434 τὸ
3241 4380 3504 4451 μηδαμῶς
3538 4381 3597 4433 τὸ
3624 4379 3735 4434 ὅλον

2167 4469 2278 4521 τῶν
2321 4467 2684 4521 συνελθόντων
2714 4467 2898 4538 μερῶν
2927 4468 3008 4530 είς
3049 4466 3148 4538 τὴν
3185 4466 3432 4521 σύνθεσιν
3465 4468 3604 4538 μήτε
3645 4468 3735 4528 τὰς

2168 4557 2491 4632 ὀνομασίας,
2524 4559 2671 4630 μήτε·
2701 4561 2809 4630 μὴν
2826 4561 2954 4635 τοὺς
2980 4562 3239 4631 ὁρισμοὺς
3280 4561 3459 4615 αὐτῶν
3493 4561 3734 4630 ,ιπιδίχε-

2172 4649 2314 4704 σθαι.
2353 4649 2515 4705 una:
2549 4651 2676 4721 μὴν,
2710 4651 2829 4704 οὐδὲ
2873 4652 2945 4706 τὰ
2978 4652 3291 4708 καθέκαστα
3317 4652 3425 4706 τῶν
3465 4651 3736 4723 ἀνθρωπί-

2170 4758 2275 4795 νων
2300 4743 2567 4812 σωμάτων
2595 4742 2729 4813 πρὸς
2755 4742 2823 4798 τὰ
2882 4743 2983 4797 ὑπὸ
3016 4745 3084 4798 τὰ
3118 4744 3347 4798 καθόλου
3389 4747 3627 4814 στοιχεῖα
3656 4745 3739 4795 av.

2171 4835 2411 4904 αγόμενα
2450 4835 2698 4910 ὁμοφυῆ,
2728 4834 2760 4906 ἢ
2794 4835 3053 4904 ὀμοούσια
3086 4836 3302 4908 ῥηθεῖεν
3326 4834 3410 4891 ἄν.
3442 4836 3504 4889 El.
3539 4835 3596 4887 δὲ
3625 4828 3739 4886 καθ’

2172 4924 2370 4980 ενωσιν
2397 4926 2701 4996 ἀσύγχυτον
2732 4926 2914 4992 πάλιν,
2941 4927 3002 4980 τὸ
3033 4928 3410 4997 συντιθέμενον
3445 4925 3545 4998 μία
3589 4924 3738 4994 φύσις

2172 5017 2411 5086 γίνεται,
2465 5013 2574 5072 οἷον
2616 5019 2702 5071 ἐπ’
2749 5017 3071 5089 ἀνθρώπου*
3122 5020 3216 5072 δύο
3267 5019 3376 5089 γὰρ
3421 5018 3736 5080 συνελθόντα

2171 5112 2512 5180 ἀσυγχύτως,
2539 5111 2717 5179 σῶμα,
2745 5111 2906 5180 λέγω,
2943 5111 3226 5182 καὶψυχὴ,
3257 5111 3317 5164 τὸ
3344 5112 3462 5165 ὅλον
3493 5109 3741 5163 ἀπετέλε-

2176 5219 2295 5259 σαν.
2333 5202 2493 5255 Ἀλλὰ
2521 5201 2676 5255 τοῦτο
2706 5203 2804 5274 μὲν
2827 5201 3083 5274 διάφορον
3108 5204 3206 5276 τὴν
3229 5204 3422 5256 ἕνωσιν
3449 5202 3594 5273 ἔχον,
3626 5201 3736 5255 διά-

2174 5309 2338 5362 φορον
2363 5293 2458 5346 καὶ
2484 5292 2572 5344 τὸν
2594 5292 2794 5362 τρόπον
2818 5293 2914 5364 τῆς
2939 5290 3184 5356 ἑνὼσεως
3209 5291 3490 5362 κέκτηται.
3516 5290 3612 5342 Ἐκ
3645 5287 3739 5358 μὲν
3788 5294 3794 5301 ·

2174 5385 2280 5456 γὰρ
2318 5384 2507 5446 τόσων,
2558 5384 2722 5454 ἤγουν
2767 5386 2942 5456 ψυχῆς
2981 5402 3040 5438 τε
3087 5386 3182 5438 καὶ
3226 5383 3514 5454 σώματος,
3564 5383 3657 5434 καὶ
3685 5379 3739 5431 tv

2172 5476 2354 5536 τόσοις
2389 5470 2529 5529 εῖναι
2563 5478 2751 5548 ῥηθείη
2783 5476 2847 5529 ἂν
2875 5476 3116 5539 δικαίως.
3159 5477 3311 5530 Ἐπεὶ
3337 5475 3429 5528 καὶ
3457 5474 3521 5528 τά
3556 5472 3736 5527 συνελ-

2175 5565 2334 5618 θόντα
2365 5568 2422 5618 ὲν
2462 5569 2525 5636 τῇ
2561 5567 2747 5621 ἑνώσει
2782 5567 3028 5638 ἀμείωτα
3071 5568 3464 5632 διασώζονται,
3495 5563 3739 5635 ἐνεργείᾳ

2173 5656 2323 5726 ὄντα,
2370 5659 2464 5713 καὶ
2502 5660 2633 5716 τόσα
2682 5660 2823 5730 ἔχειν
2867 5660 2895 5712 ὀ
2939 5659 3222 5733 ἄνθρωπος
3273 5659 3413 5733 μέρη
3455 5655 3644 5730 ῥηθείη
3677 5655 3738 5730 ἂν
