3934 6316
113 385 213 448 640

955 385 1383 445 REFUTATIO
1425 385 1804 447 EPISTULA?
1837 385 2064 446 REGIS
2100 383 2483 444 ARMENLE.

3243 378 3352 439 650

114 496 260 568 παρά
289 496 399 558 τοῖς
424 494 597 564 ὀρθῶς
628 493 868 562 κρίνουσι
895 509 906 522 ⁸
940 494 1082 546 τόσα
1107 495 1163 548 δὲ
1197 490 1334 548 εἶναι
1353 535 1366 558 ,
1402 497 1565 566 ἥγουν
1587 497 1678 549 δύο

1788 497 1940 550 modo
1981 495 2319 562 praedicatur.
2363 491 2499 544 Cum
2556 488 2918 559 compositum
2971 486 3114 540 aliud
3151 487 3353 540 factum

114 590 302 660 φύσεις
333 586 470 640 εἶναι
505 590 532 640 ό
582 587 862 661 ᾄνθρωπος
906 587 1150 656 οὐδαμῶς
1186 586 1421 656 λέγεται,
1455 582 1597 661 ᾗπερ
1621 591 1675 642 αἱ

114 682 302 751 φύσεις
324 680 418 733 τοῦ
441 680 560 733 ὅλου
588 657 841 749 οὐδαμῶς
872 675 1319 748 κατηγοροῦνται.
1367 681 1582 752 Ἐπειδὴ
1617 682 1677 734 τὸ

116 775 495 843 συντιθέμενον
537 773 721 842 ἕτερον
761 773 949 841 γέγονε
979 772 1128 843 παρά
1156 773 1225 824 τὰ
1266 772 1324 837 ἐξ
1351 767 1447 838 ὦν,
1494 775 1584 827 καὶ
1615 772 1675 825 οὺ

113 866 177 919 τὰ
205 867 378 929 αὐτὰ,
409 865 502 918 καὶ
528 863 649 917 οὗτε
695 864 827 919 αὐτὸ
854 865 913 918 τὸ
955 865 1094 930 ὅλον,
1122 865 1290 934 ἧγουν
1329 865 1356 916 ὁ
1396 865 1678 932 ἄνθρωπος

114 957 246 1025 πρὸς
272 955 342 1008 τὰ
367 955 429 1018 ἐξ
456 949 529 1007 ὧν
560 954 840 1024 συνετέθη,
875 954 1009 1025 πρός
1046 970 1106 1006 τι
1145 954 1242 1022 τὴν
1263 952 1458 1024 ’ψυχὴν
1490 955 1581 1008 καὶ
1619 955 1679 1006 τὸ

115 1046 270 1114 σῶμὰ
304 1063 468 1116 φημι,
509 1044 752 1114 όμοφυὴς
795 1044 826 1114 ἢ
862 1044 1141 1114 ὁμοούσιος
1176 1045 1366 1114 ῥηθείη
1405 1044 1469 1099 ἀν
1514 1061 1676 1098 ποτεο

114 1139 241 1190 ἐπει
279 1137 416 1206 μηδὲ
457 1136 660 1205 κυρίως
693 1135 790 1196 τὰς
827 1134 1125 1205 ὀνομασίας
1160 1133 1360 1199 αὐτῶν,
1396 1135 1548 1204 μήτε
1574 1136 1681 1205 μὴν

114 1229 234 1291 τοὺς
255 1227 448 1294 λόγους
472 1226 646 1280 αὐτῶν
669 1226 992 1294 ἐπιδέχεται,
1020 1224 1142 1277 οὗτε
1168 1225 1271 1295 μὴν
1297 1227 1346 1277 οἱ
1371 1227 1680 1279 καθέκαστα

118 1318 417 1389 ἄνθρωποι,
453 1312 584 1384 οἷον,
616 1317 782 1386 φημὶ,
823 1315 1060 1380 Παῦλος,
1112 1316 1146 1386 ἢ
1189 1313 1392 1387 Πέτρος
1441 1317 1574 1388 πρὸς
1615 1318 1681 1371 τὰ

118 1408 428 1461 καθὲκαστα
457 1408 565 1458 τῶν
599 1406 898 1476 ἀνθρώπων
929 1405 1105 1475 ψυχὰς
1128 1445 1142 1470 ,
1179 1406 1210 1474 ἢ
1245 1406 1313 1458 τά
1369 1402 1682 1472 ἀνθρώπινα

118 1501 345 1568 σώματα
375 1501 632 1568 ὁμοφυεῖς
655 1537 668 1561 ,
705 1496 733 1566 ἢ
780 1495 1054 1576 ὁμοούσιοι
1098 1496 1336 1566 λεχθεῖεν
1363 1497 1450 1562 ἂν,
1490 1497 1574 1550 διά
1621 1498 1683 1550 τὸ

122 1591 253 1660 μηδέ
309 1590 375 1642 τά
424 1590 649 1643 καθόλου
702 1589 917 1658 ὁμοειδῆ
951 1585 1108 1643 εἶναι.
1156 1589 1362 1657 Ούκοῦν
1395 1590 1446 1642 εῐ
1481 1608 1563 1652 τις
1593 1591 1683 1643 τὸν

117 1681 399 1752 ἄνθρωπον
437 1683 503 1734 ἐκ
531 1679 798 1748 διαφόρων
830 1679 1041 1747 φύσεων
1070 1680 1390 1748 ἀσυγχύτως
1420 1680 1685 1734 ἐνωθέντα

120 1773 343 1842 φήσειεν
378 1771 592 1839 όμοφυῆ
627 1770 720 1822 καὶ
753 1769 1033 1838 ὁμοούσιον
1066 1770 1163 1840 τῆς
1207 1770 1552 1839 ἀνθρωπίνης
1584 1770 1693 1838 ou-

1780 589 1849 642 sit
1873 589 1939 640 ab
1967 587 2052 652 iis,
2073 603 2137 639 ex
2177 585 2376 654 quibus
2407 589 2639 648 constat,
2668 595 2766 636 nec
2796 579 2884 633 illa
2908 579 3094 634 eadem
3127 581 3216 632 sit.
3246 577 3355 634 Nec

1779 679 1938 732 etiam
1957 678 2131 747 ipsum
2155 686 2350 741 totum,
2375 674 2537 727 homo
2560 672 2787 736 scilicet,
2822 684 2945 724 cum
2970 669 3055 731 iis,
3077 685 3140 722 ex
3160 669 3357 735 quibus

1779 769 2045 824 conflatus
2074 775 2177 832 est,
2213 767 2392 820 anima
2443 766 2663 834 inquam
2711 772 2764 815 et
2819 775 3069 828 corpore,
3106 761 3352 828 ejusdem

1780 871 1988 915 natura:
2015 869 2066 914 et
2091 859 2338 914 essentia:
2373 857 2865 923 diceturunquam,
2888 868 3011 907 cum
3045 867 3220 919 neque
3257 867 3354 920 ap-

1790 953 2145 1022 pellationum
2163 965 2352 1004 eorum
2381 961 2560 1016 neque
2615 944 2988 998 delinitiOuum
3021 943 3246 996 omnino
3267 956 3356 994 ca-

1783 1059 1883 1112 pax
1902 1043 1990 1098 sit.
2024 1042 2210 1111 Neque
2227 1039 2526 1109 singulares
2551 1038 2818 1099 homines,
2853 1031 3123 1087 utPetrus
3153 1031 3362 1086 etPau-

1783 1136 1890 1198 lus,
1909 1150 2031 1189 cum
2064 1131 2430 1203 singularibus
2452 1130 2730 1181 hominum
2754 1127 2972 1185 animis,
2995 1134 3084 1179 aut
3105 1124 3360 1178 humanis

1781 1225 2100 1294 corporibus
2122 1223 2365 1292 ejusdem
2397 1232 2603 1274 naturae
2630 1225 2724 1270 aut
2757 1215 3008 1270 essentia
3038 1212 3360 1276 essedicen-

1782 1314 2036 1382 tur,qnod
2063 1328 2160 1368 nec
2191 1312 2515 1366 universalia
2543 1307 2781 1376 ejusdem
2813 1303 3156 1374 spccieisiut.
3178 1302 3362 1371 Itaque

1784 1408 1827 1462 si
1847 1408 1967 1477 quis
1995 1404 2266 1460 hominem
2281 1418 2343 1456 ex
2367 1400 2598 1467 diversis
2617 1397 2828 1452 naturis
2849 1394 3131 1448 inconfuse
3148 1393 3360 1447 unitum

1761 1497 2056 1554 ‘assereret
2097 1497 2598 1570 ejusderanaturce
2647 1499 2702 1545 et
2740 1489 2991 1543 essentia:
3020 1502 3142 1540 cum
3181 1488 3367 1540 anima

1787 1591 2049 1655 humana,
2103 1588 2411 1642 necessario
2461 1587 2584 1640 inde
2619 1590 2964 1652 sequeretur,
2997 1587 3088 1632 aut
3124 1579 3360 1631 animam

1785 1701 1850 1737 ex
1870 1700 1925 1737 se
1944 1693 1996 1737 et
2013 1694 2240 1750 corpore
2264 1678 2620 1748 compositam
2645 1692 2788 1741 esse,
2810 1682 2900 1729 ant
2921 1674 3038 1726 si.id
3059 1687 3163 1725 non
3181 1671 3359 1732 datur,

1787 1783 2006 1842 propter
2029 1783 2219 1842 patens
2243 1769 2560 1830 absurdum,
2584 1766 2819 1820 animam
2847 1779 2950 1816 non
2974 1777 3094 1815 esse
3117 1761 3361 1828 ejusdem

119 1864 236 1931 χῆς,
274 1862 544 1932 συμϐαίνῃ
575 1860 639 1913 ἂν
667 1859 960 1924 ἐξάπαντος
983 1901 998 1925 ,
1037 1861 1068 1928 ἢ
1101 1861 1198 1931 τὴν
1219 1861 1392 1930 ψυχὴν
1429 1859 1676 1914 σύνθετον

1788 1861 2032 1916 essentia:
2051 1869 2104 1915 et
2129 1862 2335 1914 natura:
2355 1873 2476 1913 cum
2504 1873 2607 1911 una
2643 1854 2961 1923 composita,
2996 1851 3233 1904 hominis
3264 1864 3360 1900 na-

120 1950 256 2006 εἷναι
286 1953 349 2005 ἐκ
382 1952 475 2006 τοῦ
517 1952 685 2020 αὐτῆς
721 1953 811 2004 καὶ⁵
844 1951 936 2003 τοῦ
966 1949 1232 2020 σώματος’
1269 1951 1300 2020 ἢ
1339 1952 1386 2004 εί
1423 1951 1497 2022 μὴ
1531 1950 1686 2004 τοῦτο

120 2044 205 2096 διά
233 2044 295 2095 τὸ
333 2042 561 2112 ἐναργὲς
597 2041 818 2104 ἄτοπον,
856 2044 954 2111 τὴν
992 2040 1167 2112 ψυχὴν
1201 2042 1276 2110 μὴ
1314 2035 1454 2095 εἶναι
1492 2041 1685 2111 ὁμοούο

123 2153 232 2189 σιον
259 2136 354 2190 καὶ
380 2135 593 2204 ὁμοφυῆ
626 2135 726 2203 τῆς
756 2136 885 2204 μιᾶς
919 2127 1171 2187 συνθέτου
1213 2134 1424 2202 φύσεως
1465 2134 1558 2188 τοῦ
1596 2135 1690 2188 ἀν-

123 2223 360 2296 θρώπου.
406 2225 657 2278 Τοιοῦτόν
695 2241 746 2278 τι
795 2225 888 2278 καὶ
919 2226 1080 2302 ἡμεῖς
1126 2225 1486 2301 πεπράχαμεν
1529 2227 1586 2277 ἐν
1619 2227 1684 2296 τῇ

134 2319 416 2389 Ἐπιστολῇ
463 2318 620 2388 ἡμῶν
662 2316 906 2384 λέγοντες
932 2329 947 2348 ο
1004 2317 1068 2370 El
1119 2319 1246 2386 μίαν
1279 2316 1438 2386 φύσιν
1479 2307 1686 2386 λέγοιτὲ

123 2411 213 2464 ἐπὶ
238 2409 336 2479 τῆς
372 2407 608 2478 Χριστοῦ
654 2406 905 2461 συνθέτου
954 2405 1231 2473 ἐνώσεως,
1261 2408 1472 2479 ἀνάγκη
1507 2410 1685 2472 πᾶσα,

123 2501 332 2569 ἧθείαν
375 2501 542 2566 αὐτὴν
579 2499 784 2553 είποιτε
827 2495 1015 2564 εἶναι,
1050 2498 1082 2570 ἢ
1125 2499 1470 2570 ἀνθρωπίνην
1507 2500 1685 2569 μόνον,

123 2591 156 2662 ἢ
193 2591 632 2661 μετατετράφθαι
655 2603 662 2606 ·
684 2591 850 2660 ἄμφω
896 2590 1030 2660 πρὸς
1057 2590 1324 2661 ἀλλήλας·
1357 2592 1390 2662 ἢ
1436 2591 1686 2644 συνθέτου

127 2684 249 2752 μιᾶς
277 2682 444 2752 οὔσης
482 2683 580 2750 τῆς
620 2679 1158 2750 Χριστοῦ’φύσεως,
1191 2681 1406 2751 ἀνάγκη
1454 2683 1620 2747 πᾶσα,
1652 2683 1684 2752 ἢ

125 2773 370 2826 σύνθετον
415 2771 766 2842 εὑρίσκεσθαι
813 2772 908 2825 τοῦ
957 2771 1167 2843 Πατρός
1216 2772 1317 2843 τὴν
1364 2771 1547 2841 φύσιν,
1601 2773 1704 2826 ἴνα’

123 2867 180 2917 τὸ
206 2865 441 2934 όμοφυές
468 2863 606 2932 μετά
632 2862 725 2934 τὴν
747 2863 942 2916 ἕνωσιν
971 2862 1065 2916 τοῦ
1093 2864 1329 2934 Χριστοῦ
1357 2864 1494 2934 πρὸς
1527 2863 1688 2918 αὑτὸν

125 2955 470 3019 διασώζοιτο’
514 2956 547 3025 ἡ
587 2957 636 3008 εί
682 2955 756 3024 μὴ
793 2948 950 3008 τοῦτο
992 2954 1079 3007 διὰ
1115 2954 1174 3007 τὸ
1211 2955 1550 3025 βλάσφημον,
1591 2955 1690 3008 οὑκ

126 3046 270 3098 ἐσται
299 3044 376 3113 τῷ
403 3043 577 3113 Πατρὶ
599 3045 628 3096 ὁ
656 3043 780 3105 Υἱὸς
802 3043 1104 3112 όμοούσιος.
1132 3043 1268 3113 ὅπερ
1295 3044 1412 3096 ἐστὶ
1442 3043 1536 3098 καὶ
1559 3043 1690 3098 αὐτὸ

125 3137 299 3205 πάσης
350 3133 695 3204 βλασφημίας
743 3133 1032 3188 ἀνώτατον.
1084 3133 1154 3187 Σὺ
1203 3130 1296 3188 οὖν
1347 3134 1518 3188 δοκῶν
1566 3135 1690 3197 τοὺς

129 3227 374 3296 ἐλέγχους
419 3226 728 3295 ἐκφεύγειν,
779 3225 837 3278 τὺ
881 3224 1134 3293 διάφορον
1169 3227 1264 3294 τῆς
1315 3225 1559 3289 ἐνώσεως
1592 3223 1686 3278 τοῦ

131 3322 262 3370 κατά
297 3317 559 3387 σύγχυσιν
602 3317 696 3370 καὶ
737 3316 812 3387 μὴ
852 3316 1089 3370 τοιούτου
1142 3316 1570 3386 προκεκόμικας,
1614 3316 1689 3380 ὡς

131 3408 369 3461 ἐντεῦθεν
399 3407 534 3478 μηδὲ
562 3407 786 3470 δικαίως
817 3406 944 3475 παρ’
973 3406 1127 3476 ἡμῶν
1159 3407 1681 3477 συκοφαντούμενος.

133 3499 199 3551 Τὸ
229 3499 328 3569 μὶν
357 3495 448 3552 οὖν
467 3499 533 3568 δὴ
562 3498 795 3570 γράφειν
815 3499 962 3568 ἡμᾶς
991 3498 1427 3568 μετατετράφθαι
1459 3498 1690 3568 θατέραν

134 3591 284 3657 φύσιν
327 3591 417 3642 ἐπὶ
452 3590 686 3660 θατέραν
717 3591 808 3644 ἐπὶ
839 3589 947 3642 τῶν
981 3589 1100 3642 κατ’
1131 3589 1390 3659 ἀνάχυσιν
1437 3589 1534 3660 τὴν
1570 3588 1689 3659 ῐσην

135 3682 261 3748 ἔχει.
312 3681 385 3733 Τὸ
426 3680 482 3732 δέ
531 3679 848 3749 συμὸαίνειν
896 3680 926 3749 ἢ
985 3677 1237 3732 σύνθετον
1282 3678 1376 3732 τοῦ
1423 3679 1558 3732 Θεοῦ
1600 3679 1691 3731 καὶ

136 3772 336 3842 Πατρὸς
373 3770 720 3840 εὑρίσκεσθαι
755 3769 854 3840 τὴν
879 3769 1041 3838 φύσιν
1067 3769 1156 3821 διὰ
1179 3768 1239 3820 τὸ
1271 3769 1407 3838 μετά
1437 3767 1530 3839 τὴν
1564 3769 1692 3820 ἐνω-

139 3879 214 3913 σιν
244 3861 336 3914 τὸν
364 3861 595 3930 Χριστὸν
641 3859 854 3929 ὁμοφυῆ
884 3858 975 3911 καὶ
1005 3855 1286 3926 όμοούσιον
1318 3855 1412 3909 τοῦ
1439 3856 1572 3909 Θεοῦ
1601 3858 1692 3909 καὶ

135 3952 335 4023 [ἰατρὸς
355 3948 492 4004 εἷναί
518 3967 576 4002 τε
607 3952 699 4003 καὶ
727 3946 1094 4002 πιστεύεσθαι*
1120 3948 1154 4018 ἢ
1180 3948 1227 3999 εί
1258 3946 1332 4018 μὴ
1353 3946 1508 4000 τοῦτο
1532 3947 1617 4000 διά
1631 3947 1693 4000 τὸ

137 4042 463 4112 βλάσφημον,
490 4041 581 4094 τὸν
613 4040 826 4110 Πατέρα
853 4041 927 4111 μὴ
955 4036 1091 4092 εἶναι
1127 4038 1408 4108 ὁμοούσιον
1437 4039 1528 4092 τοῦ
1561 4039 1690 4091 Υίοῦ

141 4133 268 4200 μετά
295 4131 391 4206 τὴν
423 4131 634 4194 ἕνωσιν,
664 4131 798 4200 ὅπερ
826 4131 941 4181 ἐστὶ
954 4129 1054 4181 καὶ
1080 4128 1208 4182 αὐτὸ
1243 4127 1419 4198 πάσης
1450 4127 1692 4196 βλασφη-

140 4222 398 4292 plac.on
437 4221 664 4283 ἀτοπίας
701 4221 973 4272 ἐπέκεινα.
1017 4218 1179 4271 Τουτὶ
1225 4217 1290 4288 δὴ
1334 4219 1427 4271 καὶ
1453 4220 1542 4270 ἐπὶ
1593 4221 1692 4287 τῆς

138 4315 248 4367 καθ’
275 4314 465 4366 ἕνωσιν
488 4310 808 4380 ἀσυγχύτως
843 4310 936 4363 καὶ⁵
959 4309 1240 4380 ἀτρέπτως
1271 4310 1551 4379 ἡνωμένης
1573 4351 1587 4372 ,
1616 4309 1691 4371 ὡς

137 4408 162 4456 ὁ
186 4395 333 4473 λόγος
357 4404 443 4457 διά
467 4405 566 4473 τῆς
589 4402 680 4454 τοῦ
707 4399 992 4470 ἀνθρώπου
1016 4400 1335 4464 ὑποδείξεως
1357 4401 1685 4469 παρέστησε,

1789 1962 1927 2008 tura.
1951 1951 2072 2006 Non
2095 1951 2359 2007 dissimile
2376 1965 2475 2004 nos
2503 1961 2718 2017 quoque
2744 1945 2796 1998 in
2827 1944 3054 2012 epistola
3084 1949 3267 1996 nostra
3284 1948 3364 1992 at-

1789 2044 2114 2098 tcntavimus
2150 2043 2488 2097 indueentes.
2527 2038 2581 2092 Si
2615 2051 2778 2091 unam
2817 2044 3063 2088 naturam
3090 2032 3268 2085 dicitis
3308 2030 3365 2084 in

1787 2135 1989 2190 Christi
2016 2133 2315 2203 composita
2336 2132 2556 2195 unione,
2590 2143 2813 2184 necesse
2831 2134 2936 2192 est,
2964 2135 3055 2177 aut
3080 2125 3249 2192 ipsam
3282 2125 3368 2173 di-

1787 2228 1965 2281 vinam
1990 2240 2252 2290 asserere,
2284 2235 2377 2278 aut
2400 2225 2690 2277 humanam
2717 2231 2950 2282 tantum,
2979 2226 3367 2296 aut‘utrasquo

1790 2319 1929 2373 inter
1956 2333 2074 2374 sese
2104 2319 2418 2372 immutatas
2443 2315 2633 2380 fuisse,
2653 2313 3068 2383 autcomposita
3094 2328 3196 2365 una
3217 2313 3368 2364 exsi-

1789 2420 1963 2466 stente
1986 2410 2184 2466 Christi
2218 2413 2434 2474 natura,
2470 2406 2839 2462 necessarium
2879 2405 3101 2460 omnino
3133 2404 3256 2464 erit,
3281 2403 3369 2458 vel

1790 2503 2147 2571 compositam
2178 2502 2402 2571 reperiri
2440 2501 2616 2555 Patris
2654 2506 2930 2561 naturam,
2967 2498 3109 2552 utin
3164 2505 3362 2550 natura

1787 2593 1996 2662 aequale
2019 2595 2178 2647 etiam
2209 2599 2328 2662 post
2359 2592 2615 2646 unionem
2649 2589 2853 2644 Christi
2893 2604 3018 2643 cum
3047 2603 3112 2642 eo
3134 2604 3362 2642 conscr-

1788 2693 1944 2737 vetur
1981 2702 1992 2736 :
2025 2684 2108 2738 vel
2129 2685 2170 2737 si
2198 2684 2249 2737 id
2274 2698 2381 2736 non
2416 2690 2518 2745 est,
2555 2689 2774 2750 propter
2797 2679 3217 2749 blasphemiam,
3253 2691 3361 2732 non

1789 2775 1892 2830 erit
1922 2775 2082 2830 Pater
2121 2775 2362 2842 ejusdem
2404 2782 2612 2827 natura:
2665 2787 2789 2826 cum
2820 2771 2977 2835 Fiiio,
3006 2771 3150 2840 quod
3173 2771 3356 2824 .etiam

1791 2866 2181 2935 blasphemiam
2224 2880 2438 2920 onmem
2467 2874 2774 2932 exsuperat.
2817 2863 2896 2917 Tu
2930 2863 3112 2932 igitur,
3164 2870 3222 2914 ut
3263 2861 3360 2914 tibi

1791 2955 1992 3010 videris
2049 2965 2490 3024 argumentorum
2561 2953 2670 3007 vim
2717 2952 2915 3017 vitans,
2986 2951 3358 3004 diversitatem

1792 3046 2016 3100 Inionis
2046 3045 2344 3100 secundum
2371 3043 2776 3106 confusionem,
2802 3050 2856 3097 et
2897 3054 3005 3096 non
3059 3039 3360 3095 secundum

1794 3135 2176 3190 confusionem
2255 3136 2308 3189 in
2377 3134 2616 3211 medium
2685 3132 2951 3197 attulisti,
3014 3135 3170 3201 quasi
3239 3133 3363 3187 inde

1719 3195 1762 3256 C
1795 3242 2011 3296 quoque
2046 3236 2096 3281 te
2138 3227 2409 3281 immerito
2441 3226 2931 3281 calumniarentur.
2966 3223 3224 3279 Scribere
3261 3226 3360 3277 ita-

1793 3334 1898 3388 que
1920 3334 2016 3374 nos
2048 3335 2214 3374 unam
2257 3319 2310 3372 in
2343 3319 2504 3372 aliam
2539 3327 2792 3373 naturam
2822 3317 3164 3393 immutatam
3192 3319 3361 3370 fuisse

1791 3411 1972 3476 abiis,
1995 3411 2086 3480 qui
2121 3425 2238 3465 eam
2271 3411 2574 3465 secundum
2621 3408 2954 3464 infusionem
2987 3407 3184 3461 factam
3235 3422 3356 3461 esse

1792 3500 2032 3563 tradunt,
2059 3515 2165 3554 non
2215 3500 2488 3554 abhoi'ret.
2522 3498 2718 3553 Verum
2749 3497 3034 3566 consequi,
3073 3507 3165 3550 aut
3187 3510 3358 3550 'com-

1794 3591 2020 3661 positam
2050 3590 2142 3644 Dei
2174 3599 2226 3645 et
2253 3590 2428 3646 Patris
2489 3600 2740 3644 naturam
2775 3589 3021 3658 reperiri,
3052 3590 3195 3658 quod
3239 3597 3361 3657 pest

1795 3683 2046 3736 unionem
2074 3679 2328 3735 Christus
2358 3681 2608 3746 ejusdem
2653 3689 2861 3734 natura:
2885 3687 2948 3734 ,et
2997 3681 3245 3734 essentia:
3283 3687 3366 3732 est

1793 3781 1848 3827 et
1883 3770 2122 3831 creditur
2161 3787 2283 3826 cum
2337 3771 2443 3827 Deo
2487 3781 2535 3825 et
2592 3770 2768 3835 Patre,
2819 3781 2871 3826 at
2928 3771 2972 3846 si
3028 3772 3079 3824 id
3148 3783 3367 3840 propter

1797 3863 2187 3935 blasphemiam
2233 3878 2340 3917 non
2371 3864 2723 3926 concedatur,
2753 3862 3036 3918 Christum
3082 3878 3192 3916 non
3246 3879 3366 3917 esse

1793 3956 2035 4026 ejusdem
2072 3956 2321 4011 essentia:
2347 3972 2468 4010 cum
2515 3955 2636 4010 Deo»
2651 3965 2772 4025 post
2826 3957 3106 4021 unionem,
3139 3957 3281 4021 quod
3314 3967 3367 4009 et

1795 4050 1972 4118 ipsum
2033 4057 2088 4102 et
2134 4049 2483 4118 blasphemia:
2522 4057 2575 4101 ct
2628 4047 2840 4116 ineptia:
2859 4045 3136 4102 universae
3167 4047 3363 4100 limites

1794 4139 2028 4194 excedit.
2056 4139 2191 4193 Cum
2217 4148 2394 4194 autem
2433 4149 2486 4193 et
2518 4139 2568 4191 in
2597 4147 2790 4191 natura
2834 4145 2956 4207 post
2985 4139 3242 4192 unionem
3288 4138 3365 4191 in-

1794 4230 2019 4287 COnfuse
2057 4240 2113 4286 et
2179 4232 2588 4286 immutabililcr
2653 4233 2824 4293 unita,
2903 4230 3362 4299 quemadmodum

1737 4373 1745 4382 ,
1795 4323 1968 4376 oratio
1996 4323 2536 4377 demonstrationcex
2560 4321 2777 4398 homine
2800 4321 3080 4389 chmnpta
3106 4324 3362 4384 ostendit,

1799 4412 1938 4466 idem
1972 4412 2268 4467 absurdum
2324 4414 2816 4481 blasphemumqne
2878 4411 3163 4475 inferatur,
3218 4413 3364 4465 nulla

139 4496 190 4547 τὸ
231 4498 425 4550 ἄτοπον
474 4495 566 4546 καὶ
611 4493 923 4563 βλάσφημον
959 4493 1308 4560 συνάγοντος,
1344 4492 1590 4562 οὐδαμῶς
1623 4492 1688 4544 ἂν

1801 4504 1913 4572 ipse
1946 4505 2152 4558 ratione
2180 4504 2631 4573 reprehensiones
2655 4511 2873 4556 nostras
2910 4497 3154 4570 emtgies,
3203 4503 3364 4556 unius

139 4586 252 4649 τοὺς
293 4586 423 4656 ’παρ’
475 4585 630 4654 ἡμῶν
678 4585 926 4654 ἐλέγχους
960 4584 1249 4654 ἐκφύγοις,
1302 4585 1428 4653 μιᾶς
1480 4584 1692 4651 φύσεως

139 4676 218 4728 τὸν
250 4677 480 4750 Χριστὸν
513 4675 874 4744 δογματίζων,
907 4675 1002 4727 καὶ
1035 4674 1341 4742 ἀσύγχυτον
1370 4675 1466 4742 τὴν
1504 4675 1694 4726 ἕνωσιν

140 4766 423 4842 δοξάσει-ας.
468 4767 526 4818 ⁸0
557 4767 710 4835 λόγος
754 4766 858 4835 γάρ
899 4765 1234 4836 ἑκατέρωθεν
1269 4765 1512 4828 ἀπέδειξε
1561 4766 1694 4835 πρὸς

141 4857 194 4908 τὸ
231 4858 439 4912 άτοπονι
456 4857 551 4909 καὶ
590 4851 906 4926 βλάσφημον
940 4858 1288 4923 συνάγεσθαι.
1333 4858 1604 4920 Ὡσαύτως
1637 4857 1693 4909 δὲ

142 4943 249 4996 οὐδὲ
281 4945 314 5013 ἡ
346 4945 451 4996 τῶν
485 4945 942 5013 παραδειγμάτων
966 4945 1309 5014 ’προσαγωγὴ
1352 4944 1483 5012 πρὸς
1517 4946 1694 5012 παρὰ·

142 5049 314 5088 στασιν
335 5037 430 5105 τῆς
460 5039 608 5105 παρά
640 5037 731 5090 σοῦ
761 5036 1120 5106 δοξαζομένης
1148 5038 1275 5104 μιᾶς
1307 5036 1538 5103 φύσεως,
1573 5037 1689 5089 καθ’

139 5125 317 5180 ἐνωσιν
352 5128 656 5196 ἀσύγχυτον
683 5129 1079 5198 γεγενημένης,
1117 5127 1288 5196 ὀρθῶς
1335 5127 1562 5195 ἐλήφθη.
1614 5128 1692 5179 Ta

142 5206 229 5286 μὲν
261 5221 364 5289 γὰρ
395 5221 486 5271 ἐπὶ
521 5219 834 5289 καθαιρέσει
860 5223 956 5290 τῆς
984 5220 1111 5289 μιᾶς
1153 5220 1406 5272 συνθέτου
1449 5220 1689 5286 φύσεως,

142 5312 223 5370 κτλ.
265 5312 356 5364 τοῦ
391 5313 482 5364 σοῦ
526 5311 795 5381 δόγματος
826 5311 1054 5380 ἐνεισιν,
1087 5305 1199 5364 οἷον
1242 5313 1270 5363 ὁ
1311 5311 1511 5381 χρυσὸς
1557 5311 1691 5380 μετ.ηά

145 5401 300 5471 πυρὸς
332 5403 699 5473 μεμιγμένος·
732 5404 945 5466 πάντως
971 5404 1052 5456 ὅτι
1083 5404 1139 5454 ὲν
1167 5405 1233 5472 τῇ
1268 5402 1371 5471 [δίᾳ.
1398 5403 1689 5455 ὑποστάσει

142 5495 167 5544 ὁ
189 5495 374 5564 χρυσὸς
399 5497 459 5547 τὸ
481 5495 592 5564 πῦρ
612 5495 920 5565 δεχόμενος,
949 5498 1089 5549 ποιεῖ
1110 5495 1359 5548 σύνθετον
1377 5496 1687 5560 ὑπόστασιν,

145 5581 226 5634 δύο
255 5585 441 5654 φύσεις
479 5586 725 5654 ἔχουσαν,
758 5589 858 5655 τήν
895 5603 951 5638 τε
977 5587 1068 5639 τοῦ
1103 5585 1300 5658 χρυσοῦ
1339 5587 1429 5637 καὶ
1465 5590 1555 5639 τοῦ
1590 5606 1689 5639 πυ-

147 5674 248 5742 ρὸς,
272 5677 300 5728 δ
329 5677 422 5729 καὶ
449 5678 1030 5748 πλεῖστοιιπεριφανβϊς
1059 5681 1151 5732 καὶ
1182 5677 1427 5746 θεοφόροι
1452 5679 1690 5748 Πατέρες

145 5765 216 5829 tl;
239 5768 575 5840 παράστασιν
605 5768 715 5821 τῶν
747 5768 839 5822 δύο
867 5770 1082 5836 φύσεων
1110 5771 1214 5825 τῶν
1257 5772 1310 5822 ἐν
1337 5769 1412 5838 τῷ
1444 5772 1518 5825 ἑνὶ
1554 5774 1688 5842 Χρι-

447 5865 717 5928 PATBOL.
755 5864 869 5927 Gtt.
922 5865 1043 5926 CV.

1802 4605 2006 4648 natura:
2034 4595 2316 4648 Christum
2350 4603 2625 4659 astruens,
2660 4593 2787 4648 licet
2830 4592 3174 4646 inconfusam
3211 4593 3368 4646 unio-

1805 4699 1927 4737 nem
1966 4685 2283 4740 asscrueris.
2331 4684 2516 4740 Oratio
2565 4684 2765 4756 etenim
2793 4684 3048 4752 utrinque
3093 4686 3359 4737 absonum

1802 4775 2293 4846 blasphemumque
2346 4776 2526 4846 colligi
2583 4776 2998 4831 demonstravit.
3063 4775 3152 4831 Sic
3203 4778 3364 4832 etiam

1796 4869 2040 4936 exempla
2088 4883 2118 4921 a
2164 4877 2214 4920 te
2267 4867 2498 4921 adducta
2551 4867 2616 4923 ad
2673 4867 3133 4934 comprobandam
3202 4872 3363 4921 uham

1798 4966 2073 5026 naturam,
2106 4973 2267 5036 quam
2295 4958 2409 5027 ipse
2432 4959 2626 5012 statuis
2664 4969 2786 5027 post
2817 4961 3070 5013 unionem
3113 4960 3361 5014 inconfu-

1796 5063 1908 5101 satn
1954 5047 2175 5115 factam,
2229 5049 2370 5102 haud
2422 5060 2571 5104 recte
2615 5051 2860 5105 instituta
2909 5060 3035 5106 sunt
3069 5069 3081 5105 :
3113 5051 3356 5120 quzedam

1795 5138 1939 5192 enim
1978 5155 2138 5193 unam
2163 5141 2522 5211 compositam
2554 5149 2804 5196 naturam
2858 5125 3118 5209 tuumque
3163 5142 3356 5209 dogma

1755 5249 1760 5252 ·
1796 5229 2165 5296 proscribunt,
2193 5232 2603 5300 ut,aurum.igni
2627 5231 2924 5286 immisturn
2951 5251 2960 5285 :
2988 5246 3107 5284 cum
3141 5231 3362 5284 omnino

1795 5337 1987 5376 aurum
2006 5321 2057 5375 in
2081 5323 2294 5392 propria
2316 5321 2588 5392 bypostasi
2610 5323 2787 5391 ignem
2811 5322 3075 5388 accipiens
3095 5325 3360 5387 composi-

1795 5419 1901 5464 tam
1918 5413 2247 5482 hypostasim
2277 5411 2484 5475 efﬁciat,
2506 5411 2642 5465 duas
2675 5419 2894 5465 naturas
2913 5408 3217 5471 habentem,
3242 5410 3355 5461 auri

1794 5509 1847 5553 et
1871 5501 2030 5569 ignis,
2067 5499 2208 5569 quod
2234 5500 2475 5567 plerique
2501 5500 2662 5554 etiam
2696 5496 3051 5568 eijatrihus,
3078 5497 3246 5548 divini
3280 5497 3354 5550 illi

1794 5605 1922 5646 sane
1999 5606 2061 5644 ac
2143 5590 2520 5659 pereelehres,
2581 5591 2646 5645 ad
2715 5585 3150 5656 comprobandas
3218 5589 3353 5642 duas

1794 5692 2013 5737 naturas
2079 5683 2131 5736 in
2213 5696 2335 5736 uno
2395 5673 2645 5749 Christo,
2728 5694 2829 5733 una
2911 5677 3119 5733 scilicet
3184 5679 3354 5748 hypo-

1793 5774 1921 5834 stasi
1942 5814 1955 5839 ,
1986 5773 2220 5845 propriis
2252 5775 2659 5829 commentariis
2699 5777 3031 5840 usurparunt
3061 5788 3073 5825 :
3126 5770 3230 5825 alia
3261 5770 3355 5825 ab-

2927 5863 3002 5922 21
