3934 6316
573 449 673 514 651
730 476 732 479 -
1823 438 2115 498 ΝΙΟΕΤΛΞ
2155 437 2553 498 ΒΥΖΑΝΤΙΝῙ
3710 434 3815 496 652

514 609 521 615 .
579 564 798 616 horrent
843 556 910 612 ab
969 552 1254 609 inconfusa
1321 561 1376 607 et
1439 551 1760 606 immutabili
1825 563 2139 606 naturarum

2243 552 2373 622 στῷ,
2405 553 2570 620 ἧγουν
2611 550 2676 619 τῇ
2709 549 2810 619 μιᾷ
2849 547 3141 602 ὑποστάσει
3183 548 3239 602 έν
3267 549 3380 612 τοῖς
3412 538 3656 611 οῐκείοιί
3681 564 3814 613 συγ-

579 651 805 713 unione;
841 661 1013 715 neque
1037 645 1179 700 enim
1208 644 1473 713 quispiam
1502 653 1645 698 recte
1684 643 2026 699 sentientium
2046 629 2139 696 ‘lu-

2243 642 2561 712 γράμμασιν
2587 641 2971 694 ἐντεθείκασιν’
3000 641 3066 694 τὰ
3087 640 3144 694 δὲ
3163 641 3419 695 ἀπέοικεν
3451 641 3521 692 ἐκ
3537 641 3637 707 τῆς
3671 643 3814 693 κατὰ

581 757 701 795 men
729 753 850 794 cum
890 738 1110 808 proprio
1144 739 1296 790 radio
1325 736 1576 804 componi
1605 737 1768 790 dicet.
1797 734 1954 790 Nulla
1996 734 2139 788 enim

2242 737 2474 806 Χριστὸν
2505 734 2806 804 ἀσυγχύτου
2840 735 2934 787 καὶ
2977 735 3248 805 ἁτρέπτου
3275 733 3384 785 τῶν
3410 733 3623 800 φύσεων
3675 730 3812 783 ἑνώ-

580 847 758 885 rerum
791 846 913 884 cum
952 829 1169 898 proprio
1198 838 1341 892 actu,
1373 828 1486 882 sive
1513 843 1637 881 cum
1668 826 1857 882 cll‘ectu
1900 843 2000 882 suo
2041 843 2139 882 un-

2246 843 2401 888 σεως.
2430 826 2503 878 Τὸ
2538 825 2633 894 μὲν
2654 826 2761 896 γὰρ
2794 827 2931 895 μετὰ
2951 829 3047 895 τῆς
3077 825 3210 887 ἰδίας
3230 826 3452 884 ἀκτῖνος
3495 825 3673 886 οὐδεὶς
3707 823 3816 873 τῶν

580 932 738 988 quam
763 919 1011 987 componi
1045 919 1265 973 dicitur.
1306 916 1562 981 Quinimo
1623 931 1796 986 neque
1840 917 2039 984 anima,
2089 925 2139 970 et

2243 916 2301 972 εὖ
2329 917 2665 989 φρονούντων
2694 918 3059 972 συντεθεῖσθαι
3087 918 3327 985 φήσειεν.
3354 915 3520 968 Οὐδὲν
3545 915 3656 985 γὰρ
3706 915 3813 965 τῶν

580 1015 745 1069 homo
804 1013 1036 1067 similem
1088 1012 1249 1065 habet
1299 1011 1556 1064 unionem
1620 1009 1966 1066 inconl‘nsam
2015 1024 2139 1064 cum

2242 1009 2408 1062 ὄντων
2450 1009 2566 1079 μετ’
2596 1009 2800 1071 οἰκείας
2834 1007 3112 1077 ἐνεργείας
3135 1047 3151 1074 ,
3190 1008 3222 1077 ἢ
3260 1006 3354 1068 τοῦ
3386 1007 3442 1072 ἐξ
3481 1006 3648 1059 αὑτοῦ
3680 1006 3813 1057 ἀπο-

576 1119 660 1168 ca,
702 1118 822 1168 quae
875 1102 1074 1156 Christi
1119 1109 1222 1155 est.
1284 1100 1439 1165 Quod
1470 1116 1635 1169 supra
1696 1102 2133 1155 demonstratum

2241 1107 2568 1176 τελέσματος
2617 1102 2830 1173 λέγεταί
2877 1120 3005 1157 ποτε
3052 1101 3403 1170 συγκεῖσθαι,
3445 1099 3560 1154 ἀλλ’
3598 1099 3731 1152 οὐδὲ
3782 1103 3810 1168 ἡ

576 1202 683 1258 est,
712 1195 970 1264 quoniam
1003 1191 1199 1247 animat
1243 1192 1408 1247 simul
1461 1207 1566 1247 uua
1615 1192 1889 1259 subsistit,
1936 1192 2139 1247 Christi

2241 1199 2385 1269 ψυχὴ
2422 1198 2518 1252 καὶ
2557 1198 2586 1250 ὁ
2625 1195 2911 1266 ἄνθρωπος
2950 1193 3141 1263 ὁμοίαν
3180 1192 3291 1262 ἔχει
3323 1193 3420 1262 τὴν
3462 1191 3582 1244 καθ’
3608 1191 3811 1242 ἕνωσιν

579 1300 706 1341 vero
729 1285 837 1340 alio
868 1284 1047 1339 modo.

653 1545 738 1600 19.
771 1543 981 1599 Rursus
1005 1542 1058 1597 in
1085 1542 1312 1613 epistola
1355 1550 1466 1608 tua,
1507 1542 1663 1611 quasi
1695 1557 1998 1615 sermonem
2053 1551 2143 1598 e‘x-

582 1637 824 1706 cipiens,
857 1635 1051 1705 objicis
1089 1652 1102 1688 :
1139 1635 1296 1690 Circa
1322 1636 1460 1706 quod
1489 1634 1680 1688 Patres
1707 1649 1807 1687 non
1835 1633 2142 1688 convenien-

575 1735 646 1781 tes
676 1766 691 1793 ,
747 1725 989 1795 partibus
1054 1726 1405 1790 studuerunt,
1455 1724 1752 1777 mistionem
1793 1733 2031 1777 vocantes
2093 1733 2143 1777 et

572 1823 837 1888 unionem,
889 1820 1028 1888 quod
1064 1820 1240 1874 mistio
1298 1819 1680 1888 aeparationem
1719 1815 1922 1870 nullam
1965 1815 2140 1882 habet,

572 1927 733 1980 neque
765 1912 892 1964 unio
945 1909 1253 1964 divisionem
1299 1910 1434 1973 ,'aed
1461 1925 1552 1978 per
1581 1908 1690 1962 hare
1750 1906 1902 1960 verba
1952 1905 2142 1962 Patres

572 2003 737 2056 locuti
759 2012 880 2056 sunt
906 2017 924 2054 .'
946 2000 1384 2071 quemadmodum
1414 2000 1553 2053 enim
1579 2009 1826 2068 separata
1859 1998 2015 2051 mista
2044 2014 2147 2052 non

569 2095 817 2146 dicuntur
841 2132 856 2157 ,
902 2093 978 2145 ita
1019 2107 1109 2146 nec
1149 2093 1306 2144 miata
1345 2091 1596 2145 dicuntur
1627 2097 1892 2158 separata.
1955 2088 2146 2154 Quem-

570 2184 855 2239 admodum
891 2184 1234 2253 proprietates
1282 2183 1524 2238 unionem
1564 2181 1775 2248 tollunt,
1801 2182 1878 2236 ita
1921 2190 1970 2234 et
2021 2183 2145 2234 unio

568 2276 819 2346 opprimit
873 2276 1237 2344 proprietates.
1278 2274 1337 2329 Si
1385 2276 1562 2343 itaque
1624 2291 1724 2328 non
1782 2282 1935 2328 erant
1985 2273 2144 2326 miata

572 2368 847 2436 inconfuse
895 2383 1014 2421 cum
1057 2382 1310 2435 corpore,
1357 2381 1519 2436 quare
1576 2366 1758 2419 dicunt
1808 2367 2146 2421 incarnatum

567 2461 732 2528 fuisse
780 2459 805 2512 1’
846 2457 906 2513 Si
936 2474 1040 2512 non
1080 2468 1195 2511 erat
1245 2458 1428 2512 imitus
1449 2473 1570 2510 cum
1601 2457 1949 2519 humanitate,
1982 2469 2147 2526 quare

565 2551 768 2613 dicunt,
809 2564 928 2602 eum
973 2549 1230 2602 hominem
1263 2546 1802 2617 assumpsisseﬂlzec
1849 2561 1974 2600 cum
2025 2545 2146 2599 nul-

566 2630 674 2698 lius
699 2641 1156 2697 coiisiderationis
1185 2641 1314 2708 sint,
1341 2640 1487 2708 quod
1528 2639 1662 2694 satis
1683 2638 1893 2693 abunde
1919 2637 1970 2691 in
1993 2645 2143 2691 aute-

565 2735 884 2792 cedentibus
912 2748 940 2787 a
972 2732 1128 2788 nobis
1156 2731 1423 2788 dissoluta
1475 2737 1619 2797 sunt,
1652 2745 1843 2800 parum
1873 2730 2031 2784 nobis
2081 2729 2148 2783 de

573 2809 682 2881 illis
720 2824 1024 2880 curandum
1075 2833 1181 2878 est.
1240 2821 1506 2877 Caeterum
1556 2837 1625 2876 ne
1659 2820 1746 2876 cui
1780 2819 2146 2890 iactabundus

567 2915 896 2986 superbias,
954 2914 1218 2968 brevibus
1275 2912 1685 2980 respondemus.
1721 2911 1903 2968 Sancti
1957 2911 2145 2966 Patres

569 3006 822 3060 unionem
877 3001 1268 3057 etmistionem
1321 3002 1377 3055 in
1409 3000 1627 3056 Christo
1692 3000 2034 3056 inconfusam
2091 3009 2145 3055 et

567 3092 962 3148 immutabilem
1015 3091 1248 3167 duarum
1279 3103 1402 3160 quae
1464 3100 1860 3146 concurrerunt
1919 3099 2144 3144 natura-

2241 1293 2546 1359 ἀσύγχυτον
2585 1288 2719 1359 πρὸς
2753 1287 2852 1358 τὴν
2895 1284 3034 1340 κατὰ
3077 1283 3326 1354 Χριστόν.
3353 1283 3513 1335 Τουτὶ
3556 1281 3669 1350 γὰρ
3720 1282 3812 1332 καὶ

2243 1379 2650 1450 προδέδεικται,
2681 1377 2764 1429 ὅτι
2803 1377 2838 1446 ὴ
2885 1374 2983 1445 μὲν
3025 1373 3124 1445 τῆς
3166 1371 3342 1443 ψυχῆς
3389 1370 3809 1432 συνυποστάτως

2191 1510 2194 1520 .
2245 1468 2488 1536 γέγονεν,
2523 1468 2557 1537 ὴ
2584 1466 2640 1519 δὲ
2667 1464 2889 1535 ἑτέρως.

2315 1557 2402 1612 ιθ’.
2433 1556 2600 1611 Πάλιν
2627 1555 2684 1610 δὲ
2721 1557 2778 1608 ὲν
2807 1553 2885 1624 τῷ
2931 1552 3221 1623 γράμματί
3265 1566 3356 1602 σου
3388 1547 3806 1616 ἀνθυποφερων,

2241 1649 2474 1719 γράφεις
2509 1664 2523 1678 ·
2562 1647 2702 1716 Περί
2743 1664 2799 1700 τι
2827 1647 2880 1700 οὶ
2908 1643 3160 1712 Πατέρες
3187 1643 3255 1696 ἐν
3287 1640 3572 1709 διαφωνία
3602 1640 3810 1692 ἐπολι-
3839 1645 3843 1648 ’

2242 1741 2560 1808 τεύθησαν,
2595 1737 2763 1809 μίξιν
2784 1738 2874 1805 δὴ.
2895 1736 3161 1805 λέγοντες
3193 1734 3291 1788 καὶ
3319 1734 3558 1798 ἕνωσιν,
3585 1731 3744 1784 διότι
3775 1731 3807 1796 ἡ
3836 1805 3842 1811 '

2237 1830 2355 1900 μὲν
2374 1828 2537 1899 μίξις
2564 1829 2865 1900 χωρισμὸν
2890 1829 2998 1881 οὐκ
3026 1826 3170 1896 ἔχει,
3198 1824 3340 1878 οὐδὲ
3365 1824 3403 1890 ἠ
3437 1823 3652 1887 ἓνωσις
3685 1821 3810 1873 δια-

2245 1920 2553 1989 σπασμὸν,
2577 1919 2744 1974 ’ἀλλὰ
2770 1917 2865 1972 διὰ
2889 1918 3112 1971 τούτων
3140 1914 3257 1969 τῶν
3274 1914 3554 1984 ῥημάτων
3581 1911 3809 1976 ἐλάλη-

2245 2029 2366 2067 σαν
2398 2013 2451 2066 oi
2489 2011 2746 2080 Πατέρες
2765 2049 2781 2072 .
2837 2009 2925 2062 ὅτι
2963 2008 3164 2077 ὥσπερ
3198 2007 3266 2061 τὰ
3298 2003 3711 2075 κεχωρισμένα
3739 2003 3809 2054 οὑ

2245 2085 2523 2172 λέγοντάι
2553 2100 2903 2171 μεμιγμένα,
2940 2100 3126 2166 οὕτως
3178 2097 3317 2153 οὐδὲ
3362 2097 3434 2150 τὰ
3476 2091 3809 2163 μεμιγμένα

2244 2188 2519 2266 λέγονται
2558 2192 2988 2262 κεχωρισμένον
3039 2191 3238 2260 ὥσπερ
3267 2191 3327 2244 ai
3370 2188 3659 2254 ἰδιότητες
3692 2184 3808 2249 τὴν

2244 2284 2462 2340 ἕνωσιν
2486 2285 2857 2352 ἐπαίρουσιν,
2888 2283 3072 2348 οὕτως
3103 2280 3199 2335 καὶ
3237 2282 3274 2348 ἡ
3305 2279 3519 2343 ἒνωσις
3567 2275 3806 2344 συγχώ-

2243 2391 2334 2430 νει
2370 2376 2478 2442 τὰς
2513 2369 2833 2443 ὶδιὸτητας.
2884 2375 3017 2428 Ἐὰν
3063 2368 3174 2429 οὖν
3223 2374 3332 2426 οὐκ
3363 2369 3441 2440 ἦν
3479 2368 3807 2438 μεμιγμένα

2244 2469 2598 2537 ἀσυγχύτως
2621 2465 2771 2537 μετὰ
2796 2465 2903 2521 τοῦ
2936 2465 3228 2535 σώματος,
3273 2464 3372 2517 διὰ
3400 2462 3454 2516 τι
3493 2462 3804 2528 ⁶λέγουσιν,

2246 2561 2335 2614 ὅτι
2374 2559 2716 2626 ἐσαρκώθη;
2750 2560 2817 2612 El
2847 2555 2915 2610 δὲ
2948 2558 3058 2610 οὐκ
3104 2552 3182 2625 ἦν
3221 2553 3458 2618 ὲνωθεὶς
3497 2552 3650 2621 μετὰ
3698 2551 3806 2616 τὴν

2244 2646 2796 2714 ἁνθρωπότηταρδιὰ
2818 2646 2876 2700 τι
2896 2645 3202 2715 λέγουσιν,
3229 2643 3319 2696 ὅτι
3345 2641 3806 2709 ἐνηνθρώπησε;

2245 2736 2431 2791 Ταῦτα
2463 2736 2561 2806 μὲν
2601 2735 2812 2799 οὐδενὸς
2855 2731 3174 2803 λόγουάξια
3214 2733 3361 2797 ὄντα,
3398 2733 3485 2785 διὰ
3514 2731 3574 2784 τὸ
3603 2731 3804 2792 ἱκανῶς

2243 2829 2303 2879 ὲν
2331 2823 2442 2889 τοῖς
2475 2824 2781 2896 ἔμπροσθεν
2826 2823 2956 2894 παρ’
2986 2823 3140 2894 ήμῶν
3173 2820 3559 2892 προλελῦσθαι,
3605 2821 3805 2889 ἥκιστα

2246 2920 2374 2990 περὶ
2403 2916 2610 2970 τούτων
2650 2902 3019 2986 φροντιστέον.
3063 2912 3206 2984 Πλὴν
3239 2908 3330 2966 οὖν
3354 2898 3412 2965 ἐί
3447 2914 3519 2981 μή
3555 2927 3632 2980 τῳ
3681 2909 3804 2979 δόξῃ

2244 3005 2738 3078 καταϐρενθύεσθαι
2778 3008 2836 3058 ἐν
2878 3003 3090 3067 τούτοις
3130 3003 3217 3057 διά
3270 3001 3514 3073 βραχέων
3549 3001 3800 3069 λέγομεν.

2244 3101 2306 3152 Ol
2338 3100 2435 3167 μὲν
2463 3092 2555 3152 οὖν
2579 3096 2723 3166 ἅγιοι
2758 3095 2996 3167 Πατέρες
3019 3094 3210 3149 ἕνωσιν
3243 3093 3337 3147 καὶ
3367 3093 3513 3160 μίξιν
3549 3093 3640 3144 ἐπὶ
3668 3093 3801 3161 Χρι-

564 3199 710 3246 rum.
743 3184 960 3239 deitatis
986 3191 1040 3237 ct
1070 3181 1447 3247 humanitatis,
1482 3188 1812 3246 astruentes,
1839 3181 2136 3237 secundum

2247 3185 2372 3247 στοῦ
2409 3176 2713 3256 ἀσύγχυτον
2753 3184 2846 3237 καὶ
2875 3183 3141 3254 ἄτρεπτον
3175 3183 3281 3235 τῶν
3320 3181 3413 3234 δύο
3450 3179 3666 3249 φύσεων
3695 3179 3801 3231 τῶν

564 3277 898 3349 hypostasim
944 3285 998 3331 et
1047 3274 1665 3342 essentialiter,factam
1698 3276 1753 3328 in
1779 3289 1887 3329 uno
1918 3273 2139 3328 Christo

563 3374 835 3429 asserunt,
867 3379 1093 3435 eosque,
1157 3363 1250 3434 qui
1280 3374 1404 3419 actu
1433 3372 1488 3418 et
1511 3363 1832 3420 exsistentia
1879 3364 2014 3418 duas
2041 3377 2140 3416 na—

567 3468 718 3512 turas
746 3471 864 3526 per
907 3463 1090 3526 partes
1154 3463 1210 3509 et
1258 3453 1476 3511 divisim
1533 3461 1819 3523 ponerent,
1849 3469 1914 3509 ex
1943 3452 2141 3523 quibus

565 3557 684 3606 erat
712 3547 916 3618 impius
971 3545 1275 3612 Nestorius,
1315 3558 1476 3615 quem
1506 3552 1629 3614 post
1675 3559 1924 3614 magnam
1965 3543 2138 3598 rixam

563 3651 730 3713 atque
811 3638 1214 3696 contentionem
1282 3635 1626 3691 anathemate
1681 3634 1889 3705 ;merito
1945 3624 2138 3702 percu-

565 3733 764 3798 lcruut,
797 3727 1204 3784 condemnant:
1234 3739 1468 3794 namque
1516 3729 1667 3778 unlta
1706 3721 2003 3778 secundum
2040 3720 2142 3790 hy—

571 3820 832 3892 postasim
863 3825 918 3874 et
959 3801 1345 3882 cssentialiter,
1395 3812 1648 3884 privatim
1709 3820 1761 3867 et
1822 3799 1932 3880 per.
1959 3817 2139 3879 partes

564 3921 816 3981 separata
846 3907 1080 3978 disjungi
1115 3920 1224 3960 non
1263 3912 1514 3974 possunt,
1550 3900 2005 3973 quemadmodum
2035 3901 2142 3956 dis-

560 4003 748 4074 juncta
769 4009 891 4056 actu
928 4007 982 4055 et
1011 4013 1105 4067 per
1130 4004 1332 4068 partes,
1363 3996 1625 4069 unionem
1655 3994 1952 4049 secundum
1973 3994 2142 4064 hypo-

564 4096 753 4153 stasim
797 4102 852 4149 et
897 4090 1242 4147 essentialem
1274 4090 1476 4145 habere
1521 4105 1630 4143 non
1668 4097 1919 4158 possunt.
1953 4086 2140 4152 .Quare

565 4203 669 4244 nos
715 4185 850 4241 nihil
899 4184 1026 4248 tale,
1081 4183 1215 4238 duas
1275 4191 1531 4245 naturas,
1598 4189 1652 4235 et
1717 4180 1851 4235 duas
1898 4179 2139 4249 proprie-

564 4265 702 4335 tates
752 4285 1098 4339 naturarum,
1130 4289 1250 4344 quze
1277 4273 1330 4326 in
1362 4287 1470 4326 uno
1503 4272 1724 4328 Christo
1757 4283 1903 4336 sunt,
1933 4281 2136 4342 partes,

565 4368 995 4432 considerantes,
1031 4363 1285 4419 facimus.
1313 4361 1499 4432 Neque
1532 4362 1677 4416 enim
1736 4349 1997 4417 numerus
2053 4377 2138 4416 se-

565 4463 799 4518 cundum
827 4475 885 4514 se
913 4459 1075 4513 rebus
1104 4458 1430 4513 divisionem
1461 4457 1689 4524 inducit,
1723 4471 1897 4526 neque
1928 4472 2015 4510 res
2042 4471 2138 4524 per

564 4571 625 4612 se
653 4553 1015 4609 subsistentes
1045 4557 1418 4620 repraesentat.
1455 4547 1640 4618 Neque
1674 4547 1817 4602 enim
1848 4562 1968 4611 nos,
1989 4547 2134 4615 quod
2162 4531 2212 4591 Ῑ)

565 4658 938 4709 numeramus,
961 4651 1014 4696 et
1044 4633 1597 4697 tantum'dill‘erentia:
1629 4640 1855 4701 ratione,
1887 4647 2132 4703 naturas,

565 4745 830 4792 ctearum
862 4741 1036 4797 actus,
1080 4741 1134 4786 et
1165 4732 1467 4788 voluntates
1523 4731 1734 4785 naturis
1777 4741 2135 4800 congruentes

565 4839 974 4890 asseveramus,
1007 4822 1330 4878 divisionem
1364 4823 1663 4877 secundum
1696 4828 1874 4874 actum
1907 4831 1960 4875 ct
2001 4821 2138 4875 exsi-

565 4915 818 4973 stentiam
862 4916 916 4968 in
957 4914 1169 4969 naturis
1236 4923 1292 4969 et
1347 4911 1772 4985 pmpr-ictatibus
1801 4912 2132 4979 inducimus,

568 5017 627 5062 ιιι
654 5007 796 5078 quod
835 5021 865 5060 ει
903 5015 953 5060 te
1015 5005 1290 5069 scribitur,
1343 5007 1519 5058 locum
1577 5001 1791 5055 habeat.
1836 5002 2039 5068 Quodsi
2069 5019 2134 5058 ex

566 5102 655 5166 iis,
687 5115 808 5170 quae
850 5097 1067 5162 scribis,
1114 5096 1252 5151 nihil
1291 5109 1392 5148 nos
1422 5091 1586 5157 laedit,
1619 5091 1820 5148 frustra
1849 5095 1949 5148 hac
1974 5105 2135 5164 atque

568 5193 691 5247 illac
718 5206 1025 5247 sermonem
1065 5191 1259 5260 agitas,
1297 5185 1577 5241 veritatem
1613 5183 1906 5241 infamans.
1930 5187 1996 5241 Et
2019 5188 2134 5243 hinc

569 5285 785 5355 quidem
825 5284 900 5339 ita
923 5299 980 5338 se
1005 5285 1226 5337 habent.

636 5464 727 5519 20.
756 5462 983 5529 Quando
1007 5473 1136 5515 vero
1169 5468 1222 5510 et
1266 5458 1366 5511 hoc
1398 5457 1449 5510 in
1497 5451 1681 5512 nostra
1715 5460 1944 5528 epistola
1999 5463 2134 5515 scri-

569 5558 799 5629 psimus,
828 5554 1324 5609 Clialccdonensem
1356 5549 1618 5618 synodum
1642 5564 1926 5620 propterea
1959 5555 2135 5608 accla-

572 5664 750 5704 masse
781 5662 940 5698 unam
971 5657 1256 5712 personam
1306 5651 1358 5696 et
1387 5656 1548 5696 unam
1596 5644 1956 5712 liypostasim,
1989 5649 2132 5713 quod

573 5747 626 5792 ct
663 5738 943 5805 passiones
995 5744 1045 5786 et
1101 5733 1362 5787 miracula
1400 5732 1561 5788 unius
1609 5749 1670 5787 ex
1717 5745 1903 5790 sancta
1955 5736 2133 5789 Trini-

576 5837 705 5889 tatc,
750 5825 838 5876 Dei
873 5821 1033 5875 Verbi
1061 5825 1286 5888 scilicet,
1312 5838 1429 5880 esse
1455 5833 1797 5893 reputantur,
1823 5837 1874 5883 et
1907 5829 1971 5883 ad
2003 5843 2123 5884 cum

2242 3277 2632 3343 συνελθουσῶν,
2651 3276 2923 3345 θεότητος,
2943 3292 3015 3344 φη
3025 3275 3106 3345 μὶ,
3131 3275 3224 3327 καὶ
3243 3273 3339 3326 ἀνθ
3349 3273 3687 3344 ρωπότητος,
3718 3271 3797 3324 δο-

2239 3370 2618 3441 γματίζοντες,
2651 3367 2891 3440 δηλονότι
2920 3366 3042 3421 καθ’
3074 3366 3370 3420 ὑπόστασιν
3401 3365 3495 3419 καὶ
3533 3363 3800 3426 ούσιωδῶς

2238 3459 2606 3530 γεγενημένην
2651 3460 2709 3512 ὲν
2754 3457 2834 3528 τῷ
2872 3458 2953 3513 ἑνὶ
2992 3456 3212 3528 Χριστῷ
3256 3457 3507 3525 λέγουσι,
3553 3457 3645 3509 xci.
3678 3445 3798 3516 τοὺς

2239 3549 2489 3619 ἐνεργείᾳ
2518 3548 2608 3601 καὶ
2638 3547 2868 3618 ὑπάρξει
2896 3546 2994 3610 τὰς
3028 3545 3121 3599 δύο
3156 3545 3345 3615 φύσεις
3382 3545 3485 3600 ἀνὰ
3514 3545 3677 3616 μέρος
3705 3544 3798 3596 καὶ

2237 3640 2407 3711 χωρὶς
2435 3639 2696 3712 τιθέντας,
2723 3641 2751 3693 ὅ
2792 3640 2906 3692 ἐστι
2940 3638 3231 3709 Νεπόριος
3254 3640 3282 3691 ό
3319 3636 3635 3708 θεοστυγὴς,
3665 3636 3797 3705 πρὸς

2238 3731 2401 3784 αὑτὸν
2424 3727 2800 3800 διηνέχθησαν,
2828 3729 2922 3783 καὶ
2951 3728 3027 3798 τῷ
3051 3728 3352 3799 ἀναθέματι
3381 3728 3609 3791 δικαίως
3640 3728 3794 3780 αὐτὸν

2240 3819 2633 3874 καθυπέὁαλον.
2670 3819 2779 3873 Καὶ
2820 3819 2929 3890 γὰρ
2965 3819 3033 3872 τὰ
3061 3819 3318 3889 ἡνωμένα
3348 3818 3471 3872 καθ’
3503 3819 3794 3873 ὑπόστασιν

2239 3910 2334 3965 καὶ
2359 3909 2648 3983 ούσιωδῶς,
2673 3909 3054 3981 κεχωρισμένα
3078 3909 3183 3980 ἰδίᾳ
3213 3909 3304 3963 καὶ
3332 3908 3436 3962 ave
3468 3909 3631 3979 μέρος
3659 3903 3794 3960 εἶναι

2239 4005 2518 4069 ἀδύνατον,
2552 4005 2744 4074 ὥσπερ
2775 4005 2870 4058 καὶ
2897 3994 2980 4057 ’τὰ
3019 4004 3398 4075 κεχωρισμένα
3441 4001 3668 4072 ὑπάρξει
3701 3999 3792 4053 καὶ

2239 4097 2487 4169 ἐνεργείᾳ
2529 4097 2625 4150 καὶ
2671 4096 2774 4152 ἀνὰ
2822 4087 3020 4168 μέρος,
3059 4099 3156 4170 τὴν
3203 4097 3324 4149 καθ’
3360 4095 3653 4148 ὑπόστασιν
3700 4091 3792 4146 καὶ

2238 4175 2470 4260 οὺσῑώδη
2508 4188 2703 4242 ἕνωσιν
2733 4188 2876 4258 ἔχειν
2901 4187 2962 4241 οὑ
2989 4188 3262 4242 δύνανται.
3308 4185 3606 4256 Τοιγαροῦν
3640 4186 3792 4256 ἡμεῖς

2238 4282 2388 4335 οὐδὲν
2430 4280 2679 4335 τοιοῦτον
2721 4283 2779 4334 ὲν
2804 4280 2884 4352 τῷ
2921 4279 3165 4346 δοξάζειν
3209 4281 3303 4334 δύο
3331 4277 3554 4350 φύσεις,
3586 4281 3673 4333 καὶ
3701 4278 3790 4332 δύο

2242 4373 2510 4442 ἰδιότητας
2532 4373 2639 4425 τῶν
2659 4372 2872 4441 φύσεων
2890 4373 2999 4425 τῶν
3023 4374 3080 4425 ἐν
3107 4373 3184 4442 τῷ
3207 4374 3286 4426 ἑνὶ
3315 4373 3535 4443 Χριστῷ
3557 4371 3624 4424 τὰ
3653 4370 3785 4439 μέρη

2238 4464 2696 4535 ἀναθεωροῦντες,
2748 4462 3027 4535 ποιοῦμεν.
3079 4466 3154 4517 Οὑ
3193 4463 3299 4538 γὰρ
3330 4465 3360 4516 ό
3413 4463 3641 4534 ἀριθμὸς
3671 4461 3784 4513 καθ’

2238 4556 2400 4610 αὑτὸν
2443 4549 2764 4625 διαιρέσεως
2809 4555 2916 4608 τῶν
2957 4556 3296 4626 πραγμάτων
3328 4554 3446 4607 ἐστὶ
3479 4553 3782 4624 ποιητικὸς.

2236 4646 2356 4699 οὐδὲ
2381 4646 2778 4708 ⁴ἰδιοσυστάτων
2825 4645 3175 4716 πραγμάτων,
3207 4644 3629 4714 παραστατικός.
3662 4640 3782 4693 Οὐδὲ

2236 4739 2344 4807 γὰρ
2383 4739 2541 4808 ἡμεῖς
2573 4734 2660 4788 διὰ
2693 4735 2754 4788 τὸ
2785 4736 3037 4805 ἀριθμεῖν
3070 4737 3162 4788 καὶ
3209 4735 3369 4804 μόνον
3399 4735 3479 4804 τῷ
3525 4734 3661 4802 λόγῳ
3693 4730 3780 4798 τῆς

2235 4831 2493 4900 διαφορᾶς
2526 4821 2630 4889 τὰς
2653 4827 2862 4896 φύσεις,
2893 4828 2986 4880 καὶ
3016 4828 3114 4890 τὰς
3147 4827 3350 4880 τούτων
3379 4809 3670 4897 ἐνεργείας,
3690 4824 3783 4876 ’καὶ

2237 4913 2479 4991 θελήσεις
2504 4919 2854 4988 καταλλήλως
2874 4918 2984 4971 τῶν
3010 4918 3224 4986 φύσεων
3248 4917 3509 4983 δοξάζειν,
3540 4917 3782 4985 διαίρεσιν

2235 5013 2333 5082 τὴν
2368 5010 2486 5064 κατ’
2513 5010 2790 5080 ἐνέργειαν
2819 5010 2912 5062 καὶ
2940 5008 3169 5079 ὕπαρξιν
3196 5009 3287 5061 ἐπὶ
3323 5007 3432 5061 τῶν
3461 5006 3666 5075 φύσεων
3697 5002 3782 5055 καὶ

2234 5102 2342 5155 τῶν
2381 5103 2657 5171 ίδιοτήτων
2704 5101 2956 5170 λέγομεν,
2989 5100 3073 5152 ἵνα
3100 5100 3193 5152 καὶ
3223 5096 3407 5169 χώραν
3446 5098 3508 5150 τὸ
3535 5095 3672 5166 παρὰ
3695 5091 3779 5145 σοῦ

2235 5196 2576 5264 γραφόμενον
2633 5192 2788 5265 λάϋῃ.
2847 5192 2908 5243 Et
2959 5191 3015 5244 δὲ
3065 5190 3216 5243 οὐδὲν
3257 5183 3330 5243 ὧν
3372 5189 3600 5258 γράφεις
3641 5184 3781 5256 ἡμῶν

2236 5288 2557 5353 ἐφάπτεται,
2597 5285 2772 5354 μάτην
2809 5281 2909 5336 ὧδε
2942 5283 3161 5335 κάκεῖσε
3190 5283 3283 5334 τὸν
3314 5282 3472 5348 λόγον
3500 5281 3660 5340 κινεῖς
3696 5293 3779 5328 συ-

2235 5373 2516 5442 κοφαντῶν
2551 5375 2646 5444 τὴν
2676 5375 2953 5445 ἀλήθειαν.
3004 5376 3111 5426 Καὶ
3139 5371 3309 5424 ταῦτα
3340 5372 3439 5442 μὲν
3471 5373 3530 5424 ὲν
3569 5369 3773 5428 τούτοις.

2306 5472 2372 5518 κ’.
2437 5464 2588 5518 Ἐπεὶ
2643 5465 2698 5517 δὲ
2753 5465 3036 5518 καὶτοῦτο
3082 5467 3139 5518 ὲν
3180 5465 3257 5534 τῷ
3307 5464 3594 5536 γράμματι
3639 5459 3778 5533 ἡμῶν

2236 5553 2637 5626 συνετάξαμεν,
2694 5559 2775 5609 ὅτι
2830 5559 2860 5624 ἡ
2912 5560 2968 5610 ὲν
3025 5557 3326 5627 Χαλκηδόνι
3381 5558 3516 5624 ἁγία
3582 5552 3780 5615 σύνοδος

2235 5649 2320 5701 διά
2345 5665 2424 5698 τοι
2446 5647 2601 5700 τοῦτο
2628 5648 2967 5716 ἐξεφώνησεν
2993 5650 3050 5701 ἓν
3075 5651 3366 5719 πρόσωπον
3396 5651 3489 5703 καὶ
3512 5649 3636 5718 μίαν
3655 5645 3778 5698 ὑπό-

2236 5755 2438 5802 στασιν,
2472 5738 2558 5792 διὰ
2594 5740 2654 5792 τὸ
2691 5739 2783 5790 καὶ
2816 5739 2884 5790 τὰ
2938 5740 3082 5809 πάθη
3125 5744 3220 5796 καὶ
3266 5745 3334 5795 τὰ
3395 5741 3645 5812 θαύματα
3689 5738 3774 5791 τοῦ

2235 5831 2350 5893 ἑνὸς
2379 5832 2473 5900 τῆς
2517 5833 2675 5898 ἁγίας
2707 5830 2952 5900 Τριάδος,
2997 5833 3112 5904 ἦτοι
3146 5821 3238 5889 τοῦ
3280 5834 3415 5889 Θεοῦ
3441 5835 3615 5905 Λόγου
3643 5828 3776 5901 λογί-
