3926 6308
553 383 658 446 655

1809 365 2097 428 ΝΙΟΕΤίΕ
2131 364 2536 427 BYZANTINI

3687 372 3800 438 δι’εό

551 489 791 564 synodus
815 484 997 549 tradit,
1025 497 1191 538 unum
1218 479 1643 544 Trinitatis,una
1675 477 1953 547 hypostasi
1983 477 2113 532 duas

2223 477 2351 540 ίδια,
2369 479 2468 529 οὑκ
2490 476 2654 546 ἄλλης
2674 477 2778 531 τῶν
2803 476 3102 548 ἀνθρώπων
3124 478 3496 544 ὑποστάσεως·
3521 482 3698 553 ταύτῃ
3715 500 3800 536 τοι

550 584 750 637 habere
779 587 1018 637 naturas,
1054 589 1157 627 non
1187 572 1436 630 privatim
1472 580 1700 639 utraque
1723 582 1818 621 sua
1840 564 2114 636 hypostasi

547 683 816 740 separata,
843 669 934 723 sed
959 666 1138 722 divina
1171 665 1387 734 quidem
1417 672 1606 716 natura
1645 661 1769 730 ipsi,
1798 668 1851 712 et
1872 657 2041 721 Patri,
2064 667 2117 712 et

526 762 774 830 'Spiritui
824 767 1012 812 sancto
1061 754 1358 818 communi,
1408 753 1642 806 humana
1690 758 1878 801 natura
1921 747 2019 817 ipsi
2063 755 2116 800 et

548 852 937 923 singularibus.
977 851 1042 902 At
1076 846 1381 917 hypostasis
1431 844 1599 913 ipsius
1630 841 1974 911 potissimum
1997 840 2115 920 ipsi

548 945 644 999 soli
707 959 812 1012 pm:
860 941 1019 995 Patre
1074 949 1125 992 et
1175 938 1377 1007 Spiritu
1417 943 1603 988 sancto
1648 933 1862 986 decreta
1915 939 2019 994 est,
2066 939 2118 982 et

550 1051 748 1103 corpus
779 1036 976 1102 ipsius,
1009 1042 1060 1085 et
1089 1031 1270 1084 anima
1309 1026 1522 1096 proprie
1555 1035 1782 1093 utraque
1817 1021 1986 1090 ipsius
2016 1022 2115 1090 hy-

551 1130 749 1198 postasi
771 1141 879 1193 pra:
903 1124 1126 1191 I'L‘ltqtlis
1157 1120 1486 1178 hominibus.
1519 1117 1748 1184 Ideoque
1781 1126 2117 1182 quiecunque

551 1220 716 1274 subiit
771 1228 824 1270 et
864 1231 1115 1285 perpessa
1157 1223 1239 1267 est
1274 1209 1582 1277 sempiterni
1619 1208 1707 1259 Dei
1743 1220 1888 1269 caro,
1929 1213 1980 1258 et
2019 1205 2116 1256 liu-

553 1326 708 1364 mana
741 1310 911 1378 ipsius
943 1308 1145 1367 anima,
1178 1304 1288 1370 ipse
1322 1301 1686 1370 sempiternus
1721 1296 1887 1350 Filius
1919 1295 2114 1350 subiis-

552 1419 609 1457 se
652 1410 702 1454 et
749 1414 1033 1469 perpessus
1076 1397 1241 1458 inisse
1272 1395 1469 1448 dicitur
1494 1430 1507 1454 ,
1552 1392 1759 1459 ipsique
1798 1405 1921 1442 vere
1947 1387 2118 1442 contio

550 1501 762 1562 gerunt,
803 1490 1011 1558 ipsique
1047 1486 1410 1547 vindicantur,
1469 1482 1921 1550 quemadmodum
1969 1494 2115 1547 quaa-

550 1596 762 1650 eunque
793 1581 992 1644 patitur
1029 1577 1165 1630 l'etri
1193 1591 1320 1629 caro
1348 1584 1401 1629 et
1423 1576 1623 1638 anima,
1658 1573 1816 1626 Petro
1847 1570 2114 1633 accidunt,

549 1675 760 1742 ipsique
807 1686 931 1724 vere
991 1669 1351 1722 aseribuutur.
1402 1666 1795 1733 Proptereaque
1836 1660 2113 1716 veritatem

548 1761 883 1819 confitentes~
917 1761 1180 1821 dicimus,
1233 1759 1406 1824 ipsum
1472 1756 1855 1823 sempiternum
1920 1751 2114 1805 Filium

548 1855 828 1914 esuriisse,
860 1837 1382 1912 sitiisse,\turbatum
1408 1855 1460 1900 et
1485 1847 1807 1899 delassatum
1834 1842 2020 1908 fuisse,
2049 1839 2118 1892 ia-

546 1947 682 2001 ciem
711 1946 879 2012 ipsius
903 1942 1070 2010 alapis
1097 1957 1286 1995 czesam
1311 1979 1324 2002 ,
1347 1949 1399 1992 et
1447 1936 1754 2005 sempiterni
1780 1934 1898 1987 Filii
1926 1947 2120 1987 manus

547 2037 779 2106 aepedes
793 2026 960 2088 clavis
976 2031 1179 2096 aii'ixas,
1200 2030 1448 2084 eumdem
1473 2039 1792 2096 eonsputum
1827 2035 1876 2079 et
1897 2024 2122 2093 ﬂagella-

548 2135 660 2180 tum
685 2126 737 2179 in
767 2139 926 2179 cruce
947 2120 1285 2191 pependisse,
1301 2129 1354 2173 et
1370 2127 1664 2183 mortuum,
1682 2125 1734 2171 et
1756 2117 2044 2186 sepultum,
2067 2121 2121 2168 et

546 2219 633 2273 die
665 2219 819 2272 tertia
847 2215 1230 2270 resurrexisse.
1255 2212 1378 2267 "th
1403 2213 1585 2266 omnia
1617 2212 1949 2281 sempiterno
1981 2209 2118 2264 Filio

545 2311 911 2379 contigerunt.
974 2306 1077 2361 Sed
1135 2307 1236 2362 ista
1286 2319 1573 2374 perpessus
1636 2312 1718 2357 est
1776 2302 1937 2356 modo
2009 2317 2117 2371 quo

545 2401 653 2470 pati
694 2408 924 2470 poterat,
978 2398 1078 2464 hoe
1128 2405 1210 2451 est
1257 2411 1355 2450 sua
1396 2396 1567 2464 ipsius
1607 2396 1843 2447 humana
1871 2407 2035 2447 carne
2064 2402 2117 2446 et

545 2491 749 2552 anima,
802 2505 907 2544 non
943 2505 1038 2544 sua
1085 2489 1256 2557 ipsius
1287 2487 1469 2540 divina
1499 2494 1711 2540 natura.
1752 2485 1908 2541 Modo
1937 2486 2116 2554 itaque

545 2582 809 2636 naturalis
856 2590 909 2634 et
953 2578 1261 2634 essentialis
1311 2577 1767 2646 appropriationis
1800 2577 1890 2629 uni
1940 2573 2115 2629 Verbo

545 2674 660 2729 huic
708 2675 899 2727 omnia.
942 2672 1277 2734 acciderunt,
1320 2685 1424 2724 non
1475 2677 1534 2722 ut
1570 2677 1685 2722 erat
1730 2666 2008 2732 Verbum,
2057 2675 2115 2719 ut

546 2766 806 2819 diximus.
842 2763 1181 2831 Quapropter
1228 2771 1417 2814 sancta
1460 2768 1653 2827 quarta
1681 2759 1921 2826 synodus
1952 2771 2110 2810 unam

547 2858 882 2928 hypostasim
925 2866 976 2910 et
1005 2855 1139 2908 duas
1193 2861 1418 2906 naturas
1451 2853 1501 2903 in
1538 2850 1753 2904 Christo
1779 2848 1982 2904 statuit.
2015 2847 2114 2903 Ve-

2227 568 2473 636 ὲσχηκὼς
2503 567 2694 632 ταῦτα,
2727 569 2942 632 πάντως
2965 571 3063 640 τὴν
3086 571 3431 644 ἀνθρωπίνην
3460 573 3575 643 ἔχει
3608 575 3802 642 φύσιν,

2177 686 2186 692 ι
2222 660 2342 728 ἥτις
2367 660 2485 729 οὑχὶ
2531 660 2632 728 τῆς
2679 661 3025 724 ὑποστάσεως
3065 663 3228 716 αὑτοῦ
3283 665 3484 736 μόνης,
3532 666 3670 718 ἀλλά
3701 669 3804 719 καὶ

2223 750 2455 819 ἐὲάστης
2479 751 2710 819 ὑπάρχει
2734 751 2840 803 τῶν
2864 753 3164 823 ἀνθρώπων
3196 755 3564 822 ὑποστάσεως,
3599 757 3803 811 τούτου

2221 842 2378 911 χάριν
2407 843 2498 894 τὸν
2524 843 2692 895 ἀΐδιον
2716 838 2842 896 Υίὺν
2869 846 2898 914 ἡ
2941 845 3156 907 σύνοδος
3185 846 3354 914 λέγει,
3389 849 3483 901 ἕνα
3509 850 3605 918 τῆς
3625 850 3807 918 Τριά-

2219 933 2305 995 δος
2354 936 2483 987 ὄντα
2530 937 2628 1004 μιᾷ
2663 936 2956 988 ὑποστάσει
2989 936 3080 988 δύο
3130 937 3320 1004 φύσεις
3365 939 3529 1008 ἔχειν,
3563 942 3665 992 οὑκ
3703 941 3806 992 16t-

2220 1025 2330 1094 πῶς
2395 1026 2657 1094 ἑκατέρας
2700 1029 2767 1095 τῇ
2814 1025 2977 1078 αὑτοῦ
3038 1028 3332 1080 ὑποστάσει
3391 1031 3801 1100 διαφερούσης,

2219 1116 2352 1168 ἀλλὰ
2379 1117 2477 1184 τῆς
2515 1117 2612 1185 μὲν
2661 1117 2809 1180 θείας
2849 1116 3082 1184 φύσεως,
3113 1117 3261 1188 αὑτῷ
3293 1137 3348 1171 τε
3385 1122 3479 1173 καὶ
3513 1121 3588 1192 τῷ
3615 1123 3806 1191 Πατρὶ

2221 1209 2312 1260 καὶ
2332 1197 2408 1276 τῷ
2427 1207 2701 1275 Πνεύματι
2723 1207 2798 1278 τῷ
2821 1209 3302 1281 ἀγίῳιὺπεχοὺσης,
3322 1212 3420 1280 τῆς
3447 1213 3806 1283 ἀνθρωπίνης

2222 1299 2466 1366 φύσεως,
2510 1299 2657 1367 αὑτῷ
2704 1316 2762 1350 τε
2819 1299 2909 1352 xui
2946 1302 3055 1362 τοῖς
3092 1302 3234 1354 κατά
3270 1303 3457 1371 μέρος.
3508 1303 3570 1355 Ἦ
3606 1304 3805 1370 μέντοι

2222 1389 2516 1452 ὑπόστασις
2555 1389 2719 1442 αὑτοῦ
2753 1390 3119 1461 διαφερόντως
3153 1393 3299 1462 αὑτῷ
3339 1393 3482 1463 μόνῳ
3516 1395 3674 1464 παρὰ
3710 1393 3807 1446 τὸν

2220 1479 2436 1549 Πατέρα
2471 1479 2562 1531 καὶ
2598 1479 2656 1531 τὸ
2698 1479 2922 1548 Πνεῦμα
2953 1481 3013 1532 τὸ
3054 1481 3207 1546 ἄτιον
3246 1481 3573 1551 ἀφώρισται,
3605 1482 3713 1536 καὶ
3744 1484 3807 1534 τὸ

2220 1568 2374 1638 σῶμα
2403 1569 2565 1622 αὑτοῦ
2606 1570 2698 1622 καὶ
2729 1573 2761 1640 ἡ
2807 1571 2975 1641 ψυχὴ,
3026 1572 3169 1634 ίδίως
3203 1574 3485 1643 ἀμφότερα
3521 1575 3618 1644 τῆς
3666 1575 3808 1627 ὁπός

2219 1660 2458 1723 στάσεως
2503 1649 2676 1714 αὐτοῦ’
2711 1663 2860 1729 παρά
2902 1664 3108 1726 πάντας
3151 1665 3276 1726 τοὺς
3320 1665 3666 1735 ἀνθρώπους.
3705 1668 3805 1718 Διὸ

2219 1753 2310 1806 καὶ
2333 1753 2431 1804 ὅσα
2455 1752 2662 1822 ὑπέστη
2689 1753 2780 1806 καὶ
2801 1753 3066 1806 πέπονθεν
3090 1757 3121 1824 η
3149 1755 3242 1807 τοῦ
3267 1757 3433 1809 ἀϊδίου
3464 1756 3596 1809 Θεοῦ
3627 1757 3803 1825 σάρξ,

2219 1845 2376 1913 καὶὴ
2414 1844 2723 1915 ἀνθρωπίνη
2765 1845 2927 1898 αὑτοῦ
2973 1846 3142 1915 ψυχὴ,
3186 1847 3344 1910 αὐτὸς
3383 1851 3410 1901 ό
3441 1850 3607 1917 ἀΐδιος
3665 1850 3805 1912 Υἱὸς

2222 1937 2515 2003 ὑφεστάναι
2553 1938 2642 1990 καὶ
2676 1927 2998 1992 πεπονθέναι
3031 1939 3277 2006 λέγεται,
3313 1939 3406 1993 καὶ
3455 1941 3602 2011 αὑτῷ
3649 1958 3804 2009 συμ-

2221 2027 2418 2098 ϐέϐηκε
2468 2028 2606 2080 κατὰ
2645 2027 2923 2097 ἀλήθειαν,
2969 2031 3061 2082 καὶ⁵
3104 2029 3251 2098 αὑτῷ
3292 2032 3700 2102 ἐπιγράφεται,
3742 2032 3806 2085 δν

2218 2122 2417 2191 τρόπον
2446 2122 2546 2174 ὅσα
2581 2121 2775 2190 πάσχει
2809 2124 2840 2192 ή
2882 2121 2976 2174 τοῦ
3009 2122 3213 2191 Πέτρου
3256 2123 3391 2191 σὰρξ
3423 2124 3582 2192 καὶὴ
3607 2124 3800 2195 ψυχὴ,

2217 2209 2294 2280 τῷ
2331 2211 2520 2281 Πέτρῳ
2555 2211 2862 2279 συμϐαίνει,
2903 2213 2994 2264 καὶ
3021 2212 3170 2282 αὑτῷ
3198 2213 3338 2266 κατά
3379 2212 3640 2285 ἀληθειαν
3675 2217 3804 2268 ἐπι-

2216 2303 2507 2372 γράφεται.
2537 2302 2634 2355 Διά
2650 2300 2804 2355 τοῦτο
2821 2301 2916 2371 τὴν
2939 2304 3194 2374 ἀληθινὴν
3217 2304 3602 2374 ὁμολογοῦντες
3629 2306 3801 2372 λέγι)⁴

2220 2413 2339 2465 μεν,
2369 2396 2451 2448 ὅτι
2493 2396 2650 2457 αὑτὸς
2678 2398 2706 2447 ό
2732 2395 2900 2458 ἀΐδιος
2928 2396 3055 2459 Υἱὸς
3078 2396 3331 2449 ὲπείνασε
3349 2438 3363 2461 ,
3395 2398 3488 2449 καὶ
3519 2397 3756 2466 ἐδίψησε
3781 2439 3800 2461 ,

2218 2489 2312 2543 καὶ
2335 2489 2630 2556 ἡγωνίασε,
2669 2489 2761 2542 καὶ
2783 2489 3062 2555 ἐκοπίασε,
3091 2491 3188 2542 καὶ
3220 2489 3282 2543 τὸ
3299 2492 3587 2559 πρόσωπον
3613 2492 3801 2544 αὑτοῦ

2215 2579 2542 2650 ὲρῤαπίσοη,
2574 2579 2669 2632 καὶ
2697 2579 3022 2647 ὲνεπτὺσθη,
3043 2581 3136 2633 καὶ
3159 2580 3529 2651 ὲμαστιγώθη,
3555 2581 3657 2636 καὶ
3692 2582 3799 2636 toi

2215 2668 2384 2721 ἀϊδίου
2407 2667 2537 2720 Υίοῢ
2562 2667 2954 2738 καθηλώοησαν
2979 2670 3033 2721 ai
3063 2671 3244 2740 χείρες
3269 2672 3363 2724 καὶ
3386 2672 3435 2723 oi
3465 2671 3646 2734 πόδες,
3691 2672 3798 2724 καὶ
3855 2675 3861 2680 ”

2215 2759 2374 2822 αὑτὸς
2419 2761 2513 2812 ἐπὶ
2564 2760 2795 2831 σταυροῦ
2848 2761 3199 2832 ἐκρεμάσθη,
3246 2762 3339 2815 καὶ
3374 2762 3645 2826 ἀπέθανε,
3695 2765 3801 2816 καὶ

2216 2849 2410 2919 ἐτάφη,
2443 2851 2535 2902 καὶ
2566 2851 2759 2922 ἀνέστη
2790 2853 2854 2922 τῇ
2877 2852 3036 2923 τρίτῃ
3069 2852 3270 2924 ἡμέρᾳ.
3303 2852 3486 2906 Ταῦτα
3511 2854 3566 2906 δὲ
3595 2854 3801 2908 πάντα

547 2963 666 2999 rum
706 2943 988 2999 Nestorius
1014 2943 1113 2995 alia
1155 2941 1373 2994 ratione
1399 2938 1556 2993 Verbi
1598 2938 1881 3007 passiones
1914 2937 2111 2993 intelli-

2218 2940 2289 3010 τῷ
2318 2941 2472 3010 ἀϊδίῳ
2493 2942 2835 3011 συμϐέϐηκεν
2854 2943 2986 3012 Υίῷ.
3017 2944 3174 2996 Ἀ).λά
3197 2944 3369 2999 ταῦτα
3391 2945 3625 2998 πέπονθε
3650 2947 3802 3000 καθὸ

547 3055 712 3106 gens,
750 3047 809 3091 ut
842 3051 1003 3106 supra
1036 3033 1424 3103 explicavimus
1449 3073 1462 3095 ,
1498 3031 1661 3098 probe
1686 3045 1714 3083 a
1746 3029 1946 3099 Cyrillo
1984 3030 2110 3083 Ale-

2218 3033 2431 3086 δυνατδν
2454 3034 2662 3095 παθεῖν,
2688 3033 2930 3086 τουτέστι
2959 3038 3026 3106 τῇ
3046 3035 3239 3088 ἑαυτοῦ
3273 3036 3583 3109 ἀνθρωπίνῃ
3613 3040 3801 3110 σαρκί

547 3133 815 3185 xaudrino
849 3127 1115 3182 refutatus
1147 3133 1248 3180 est.
1279 3124 1341 3177 Et
1385 3124 1484 3179 hoc
1516 3136 1731 3192 quoque
1793 3121 1954 3176 inane
1993 3120 2111 3174 titil-

2218 3141 2272 3176 τε
2307 3123 2398 3176 καὶ
2419 3124 2584 3192 ψυχῇ,
2607 3125 2666 3176 οὑ
2705 3126 2769 3193 τῇ
2806 3124 2997 3178 ἑαυτοῦ
3030 3125 3148 3196 θείᾳ
3165 3125 3347 3194 φύσει.
3387 3125 3477 3197 Τῷ
3510 3127 3662 3198 λόγῳ
3694 3125 3800 3184 οὖν

547 3225 761 3291 liusque
780 3221 1013 3285 roboris,
1036 3219 1178 3288 quod
1200 3218 1313 3286 ipse
1332 3226 1589 3285 tanquam
1608 3211 1837 3283 alicujus
1855 3213 2112 3268 momenti

2218 3217 2317 3286 τῆς
2353 3217 2584 3286 φυσικῆς
2615 3216 2708 3268 καὶ
2728 3217 3019 3281 οὑσιώδους
3049 3218 3377 3284 οίκειώσεως
3398 3219 3571 3274 ταῦτα
3601 3222 3805 3276 πάντα
3841 3207 3850 3215 ’

546 3314 831 3380 alierebas,
860 3313 1288 3366 demonstratum
1316 3317 1420 3365 est.

2222 3307 2299 3376 τῷ
2320 3307 2400 3359 ἑνὶ
2417 3306 2576 3374 Λόγῳ
2601 3305 2967 3377 συμϐέϐηκεν,
2997 3306 3057 3359 οὑ
3082 3308 3216 3361 καθὸ
3233 3309 3424 3377 Λόγος,
3449 3309 3521 3372 ὼς
3545 3310 3796 3380 ἔφαμεν.

551 3411 648 3466 Διά
687 3423 769 3462 τοι
801 3407 959 3460 τοῦτο
993 3405 1025 3474 ἦ
1057 3420 1115 3456 τε
1157 3403 1286 3472 ἁγία
1319 3402 1552 3473 τετάρτη
1606 3401 1820 3465 σύνοδος
1860 3401 1988 3471 μίαν
2015 3399 2307 3453 ὑπόστασιν
2357 3399 2449 3452 καὶ
2479 3399 2569 3451 δύο
2607 3399 2794 3468 φύσεις
2858 3400 2949 3452 ἐπὶ
3018 3400 3256 3471 Χριστοῦ
3314 3402 3693 3472 ἐδογμάτισεν.
3740 3406 3805 3459 ’θ

545 3500 601 3552 δὲ
624 3497 912 3566 Νεστόριος
931 3492 1159 3562 ἑτέρωθί
1180 3492 1367 3562 τρόπῳ
1385 3489 1481 3567 τοῦ
1526 3494 1697 3559 Λόγου
1729 3491 1862 3543 νοῶν
1889 3491 1956 3542 τά
1977 3489 2147 3559 πάθη,
2185 3487 2363 3551 καθὼς
2393 3488 2584 3542 ἀνόπιν
2610 3490 2854 3559 εἴπομεν.
2895 3488 2985 3543 Διδ
3013 3490 3147 3560 πρὸς
3178 3491 3339 3546 αὑτὸν
3381 3493 3558 3557 καλῶς
3621 3498 3655 3548 ὁ
3697 3497 3806 3566 τῆς

559 3589 960 3660 Ἀλεξανδρείας
1017 3586 1284 3656 Κύριλλος
1338 3588 1578 3641 ἀντεῖπε.
1647 3585 1755 3638 Καὶ
1817 3585 1970 3638 τοῦτό
2029 3601 2108 3636 σοι
2147 3583 2521 3638 ἀποδέδειγται
2553 3583 2715 3636 ἕωλον
2744 3584 2836 3636 καὶ
2869 3584 3044 3656 πάντη
3071 3585 3380 3657 ἀνίσχυρον.

613 3685 702 3738 ει.
741 3682 1031 3737 Videamus
1063 3695 1206 3736 nune
1230 3682 1359 3750 quid
1405 3682 1520 3750 ipse
1553 3681 1605 3735 in
1655 3680 2113 3749 subsequentibus

547 3779 787 3832 scribas:
825 3790 1059 3844 namque
1093 3774 1356 3844 scriptum
1387 3782 1537 3828 tuum
1575 3773 1647 3827 ita
1671 3788 1730 3829 se
1763 3773 1924 3827 habet
1960 3789 1973 3825 :
2011 3770 2113 3826 Sed

548 3868 846 3934 objicientes
876 3865 1112 3919 dicamus
1142 3879 1206 3917 ex
1236 3864 1488 3932 oppositis
1521 3863 1710 3926 rerbis,
1736 3878 1851 3932 qua:
1898 3862 1999 3930 ipsi
2030 3862 2111 3913 di-

549 3968 691 4024 cunt,
752 3956 1194 4026 quemadmodum
1242 3954 1461 4024 legimus
1505 3954 1556 4006 in
1618 3951 1874 4020 epistola;
1909 3967 2029 4018 nam
2067 3951 2112 4004 si

550 4061 769 4103 naturas
839 4057 1105 4116 separant,
1157 4057 1204 4101 et
1253 4061 1501 4114 personas
1575 4045 1814 4098 unientes
1873 4045 2110 4113 ﬁrmant,

550 4143 724 4195 mistio
770 4126 1119 4210 sequitur,”
1171 4135 1453 4209 personam
1509 4137 1627 4204 ﬁeri
1683 4137 1920 4201 addecet,
1975 4138 2112 4206 quod

548 4233 831 4301 Apostolus
860 4247 952 4299 pro
980 4230 1180 4283 duabus
1206 4229 1440 4298 personis
1465 4226 1680 4289 scribat,
1718 4226 1820 4290 Qui
1863 4227 1917 4278 in
1942 4225 2114 4294 forma

548 4325 646 4378 Dei
678 4340 797 4376 cum
826 4332 976 4385 esset,
1007 4322 1234 4390 formam
1261 4320 1394 4373 servi
1431 4319 1662 4387 accepit:
1686 4317 1912 4385 formam
1942 4315 2115 4385 itaque

549 4424 597 4469 et
644 4415 892 4483 formam'
918 4414 1071 4467 dixit.
1126 4411 1285 4465 Nunc
1332 4411 1506 4478 itaque
1568 4424 1850 4477 quaumam
1909 4422 1973 4461 ex
2032 4407 2113 4458 his

2293 3677 2394 3732 κα’.
2448 3678 2672 3749 Ἴδωμεν
2726 3679 2782 3732 δὲ
2835 3681 2891 3732 ὲν
2919 3682 3029 3744 τοῖς
3056 3681 3368 3750 μετέπειτα
3407 3683 3461 3736 τί
3505 3684 3754 3755 γράφεις
3789 3703 3800 3715 ·

2213 3770 2324 3841 ἔχει
2359 3770 2535 3824 δὲκαὶ
2582 3770 2642 3823 τὸ
2693 3770 2783 3824 σὺν
2815 3771 3049 3841 γράμμα
3079 3771 3271 3835 οὕτως·
3322 3773 3473 3828 Ἀλλ’
3515 3775 3807 3831 ἀνθυπο-

2212 3865 2502 3933 φέροντες
2531 3864 2896 3932 λαλήσωμεν
2918 3865 2987 3918 ἐκ
3019 3865 3137 3918 τῶν
3164 3866 3455 3920 ἐναντίων
3476 3869 3802 3938 ῥημάτων,

2211 3949 2295 4010 ὧν
2325 3955 2492 4010 αὐτοὶ
2519 3956 2789 4024 λέγουσι,
2822 3957 3014 4022 καθὼς
3039 3957 3384 4026 ἀνέγνωμεν
3405 3959 3474 4012 ἐν
3498 3959 3576 4024 τῷ
3601 3962 3803 4031 τράμ-

2211 4064 2372 4117 ματι.
2417 4048 2550 4100 Ἐὰν
2568 4048 2677 4116 γὰρ
2709 4048 2812 4114 τὰς
2831 4049 3044 4116 φύσεις
3066 4047 3352 4117 χωριζωσι
3379 4051 3476 4103 καί
3502 4052 3572 4104 τὰ
3596 4054 3806 4120 πρόσ-

2218 4153 2348 4191 ωπα
2408 4138 2694 4204 ἐνοῦντες
2735 4138 3006 4210 λέγουσι,
3067 4137 3296 4206 κρᾶσιν,
3353 4135 3501 4193 εἶναι
3544 4143 3801 4211 λοιπὸν,

2217 4229 2313 4282 καὶ
2345 4229 2670 4297 πρόσωπον
2698 4229 2906 4298 πρέπει
2934 4230 3224 4300 τίνεσθαι,
3259 4230 3408 4284 διότι
3434 4232 3465 4284 ό
3507 4232 3804 4287 Ἀπόστρ-

2216 4324 2326 4385 λος
2361 4321 2456 4373 διὰ
2483 4319 2591 4373 δύο
2632 4323 2918 4388 πρόσωπα
2946 4320 3176 4390 γράφει,
3205 4321 3292 4375 ὅτι
3321 4321 3600 4391 ἐνμορερῇ
3638 4327 3804 4380 Θεοῦ

2217 4408 2320 4473 ὢν,
2347 4410 2588 4478 μορφὴν
2635 4410 2860 4463 δούλου
2906 4409 3332 4479 προσελάϐετο.
3383 4409 3640 4478 Μορφὴν
3679 4409 3805 4466 οὖν

552 4507 756 4559 duabus
782 4516 957 4558 amant
983 4520 1199 4570 onerare
1221 4517 1513 4570 personam,
1535 4515 1688 4570 quam
1709 4500 1888 4565 dicunt
1907 4497 2111 4551 unam?

2221 4500 2318 4554 καί
2353 4500 2596 4569 μορφὴν
2624 4497 2810 4555 εἶπεν.
2849 4501 3084 4570 Ἀρτίως
3105 4497 3218 4556 οὖν
3240 4503 3417 4555 ποῖον
3434 4503 3502 4556 ὲκ
3530 4502 3656 4556 τῶν
3683 4504 3804 4559 δύο

553 4597 612 4651 Si
645 4596 879 4656 deitatis,
933 4593 1155 4648 Sabellii
1194 4608 1421 4646 errarent
1454 4593 1743 4654 incurrent,
1785 4590 1831 4640 si
1878 4589 2115 4641 Immani-

555 4688 702 4749 tutis,
732 4686 854 4754 quid
880 4684 1012 4737 illud
1047 4685 1225 4753 fuerit,
1266 4700 1365 4752 quo
1420 4696 1534 4738 vere
1570 4679 1623 4730 in
1657 4679 1828 4744 forma
1889 4679 2111 4733 hominis

553 4777 834 4830 Dominum
862 4776 1147 4830 videbant?
1172 4773 1270 4828 llic
1298 4777 1574 4829 enimvero
1607 4777 1908 4830 orationem
1962 4787 2113 4827 com-

554 4867 710 4937 ponis
733 4868 894 4921 veluti
924 4882 987 4919 ex
1037 4867 1279 4922 adversis
1335 4876 1524 4922 contra
1585 4881 1683 4921 nos
1743 4868 2032 4936 prolatam,
2061 4874 2113 4920 et

555 4971 672 5020 nos,
701 4971 822 5010 eum
861 4957 1138 5009 videamur
1178 4957 1313 5009 duas
1342 4957 1397 5007 in
1425 4954 1645 5009 Christo
1676 4966 1900 5010 naturas
1923 4969 2113 5008 unam-

552 5046 1004 5115 queJiypostasim
1032 5061 1301 5106 asserere,
1327 5045 1379 5097 in
1397 5043 1628 5098 absurda
1660 5061 1847 5115 rapere
1876 5045 2108 5109 conaris,

552 5147 613 5190 ut
665 5136 871 5190 scilicet
899 5153 962 5189 ex
1007 5153 1070 5189 co
1107 5136 1247 5202 quod
1285 5151 1382 5188 nos
1420 5136 1473 5187 in
1523 5135 1822 5190 absurdum
1877 5138 2107 5201 inducis,

554 5239 706 5283 trium
734 5230 903 5298 ipsius
934 5231 1150 5296 dogma,
1189 5228 1348 5279 unius
1379 5241 1568 5295 nempe
1596 5237 1802 5283 natura:
1835 5229 2110 5284 Christum

553 5335 673 5375 esse
711 5320 1049 5388 ceniprohes.
1103 5318 1280 5380 Quare
1312 5317 1481 5395 quod
1529 5317 1786 5372 adversus
1847 5334 1948 5373 nos
1997 5331 2112 5373 ate

557 5423 813 5479 tanquam
866 5420 1069 5465 certum
1120 5408 1452 5472 decernitur,
1490 5409 1595 5461 tale
1650 5410 1778 5478 quid
1826 5419 1928 5474 est,
1986 5411 2110 5465 licet

555 5504 749 5558 stolide
779 5499 1185 5570 exprompsisti,
1212 5499 1646 5568 quandoquidem
1700 5515 1806 5564 non
1851 5501 1984 5554 citra
2021 5518 2108 5554 er-

554 5610 731 5649 rorem
788 5601 995 5647 natura:
1050 5600 1101 5644 et
1140 5591 1463 5660 hypostasis,
1524 5607 1767 5660 personm
1792 5607 1982 5660 nempe
2010 5608 2108 5644 Iro--

553 5703 695 5750 men,
725 5685 880 5753 quasi
934 5683 1071 5737 idem
1104 5683 1370 5753 signiﬁcet
1405 5687 1455 5738 iu
1500 5686 1819 5738 (Economia:
1854 5685 2108 5753 mysterio

555 5777 794 5843 accipis;
831 5782 881 5828 et
910 5785 1039 5843 quot
1061 5785 1184 5830 sunt
1218 5785 1444 5845 naturae,
1470 5783 1550 5831 tot
1578 5774 1740 5829 etiam
1763 5775 2101 5847 hypostases,

2218 4590 2491 4662 ἀγαπῶσι
2519 4592 2819 4661 φορτῶσαι
2845 4593 2943 4646 ἐπί
2977 4592 3084 4647 τοῦ
3110 4591 3454 4662 προσώπου,
3478 4589 3548 4649 οὗ
3578 4595 3804 4664 λέγου-

2218 4699 2322 4737 σιν
2338 4684 2437 4748 ἔφη
2466 4685 2531 4737 Et
2549 4684 2664 4753 μὲν
2705 4683 2813 4752 τῆς
2841 4685 3138 4751 θεότητος,
3171 4683 3287 4751 τὴν
3323 4684 3428 4738 τοῦ
3455 4688 3800 4741 Σαϐελὶιόυ

2217 4773 2538 4828 ἀσθένειαν
2550 4774 3023 4840 ἁσθενήσουσινο
3041 4777 3090 4828 εὶ
3104 4774 3171 4828 δὲ
3187 4773 3295 4842 τῆς
3311 4775 3795 4843 ἁνθρωπότητος,

2218 4869 2276 4921 τί
2302 4869 2475 4921 ἐστιν
2498 4867 2714 4931 ἐκεῖνο,
2737 4867 2767 4919 ὃ
2788 4867 2856 4920 ἐν
2881 4868 3130 4933 ἀληθείᾳ
3157 4868 3225 4920 ὲν
3239 4867 3446 4937 μορφῇ
3472 4869 3799 4936 ἀνθρώπου

2217 4959 2322 5012 τόν
2340 4960 2558 5026 Κύριον
2585 4959 2844 5011 ἔϐλεπον
2859 4973 2879 5021 ;
2910 4956 3175 5011 Ἐνταῦθα
3199 4958 3298 5027 μὲν
3321 4957 3686 5028 σχηματίζεις
3707 4959 3800 5013 τὸν

2218 5048 2396 5118 λόγον,
2422 5050 2497 5111 ὡς
2529 5050 2591 5102 ἐκ
2620 5048 2726 5102 τῶν
2759 5048 3015 5102 ἐναντίων
3052 5049 3174 5101 καθ’
3211 5049 3369 5118 ἡμῶν
3410 5049 3800 5121 προϐαλλόμε-

2217 5160 2324 5205 νον,
2377 5141 2470 5194 xui
2506 5142 2652 5210 ἡμᾶς
2705 5142 2761 5191 ὲν
2817 5140 2893 5210 τῷ
2948 5139 3126 5192 δοκεῖν
3167 5140 3293 5201 τοὺς
3337 5138 3432 5192 δύο
3472 5141 3666 5209 φύσεις
3704 5143 3800 5192 ἐπὶ

2216 5232 2453 5302 Χριστοῦ
2485 5232 2760 5300 λέγοντας,
2808 5232 2903 5284 καὶ
2932 5231 3060 5301 μίαν
3102 5231 3424 5299 ὑπόστασιν,
3477 5234 3554 5294 είς
3585 5231 3798 5286 ἄτοπον

2225 5320 2611 5390 περιστρέφειν
2640 5361 2652 5385 ,
2705 5323 2791 5374 ἵνα
2830 5319 2989 5390 δῆθεν
3037 5321 3099 5372 ἐκ
3141 5319 3234 5371 τοῦ
3269 5321 3414 5389 ἡμᾶς
3470 5321 3550 5382 είς
3587 5320 3798 5373 ἄτοπον

2215 5414 2467 5478 ἁπάγειν,
2500 5412 2559 5464 τὸ
2584 5415 2782 5465 οίκεῐον
2813 5412 2977 5465 αὑτοῦ
3007 5399 3203 5481 δόγμα,
3243 5413 3302 5465 τὸ
3336 5415 3462 5480 μιᾶς
3514 5410 3658 5464 εἶναι
3691 5417 3798 5481 (εὑ-

2218 5520 2354 5564 σεως
2394 5503 2481 5554 τὸν
2537 5504 2790 5573 Χριστὸν,
2844 5503 3329 5566 κατασκευάσειας.
3381 5503 3681 5574 Τοιγάρτοι
3738 5507 3800 5556 τὸ

2216 5591 2369 5662 παρὰ
2411 5592 2502 5644 σοῦ
2551 5591 3012 5663 δογματιζόμενον
3044 5594 3165 5647 καθ’
3205 5593 3361 5663 ἡμῶν
3404 5592 3522 5647 ἐστι
3557 5595 3799 5660 τοιόνδε,

2213 5686 2258 5735 εἰ
2284 5684 2374 5736 καὶ
2397 5684 2638 5754 ἀνοήτως
2675 5683 2804 5735 αὑτὸ
2832 5683 3176 5754 ἐξενήνοχας,
3209 5685 3394 5754 ἐπειδὴ
3423 5685 3799 5755 ὲσφαλμένως

2214 5776 2272 5829 τὸ
2307 5778 2402 5847 τῆς
2434 5777 2645 5846 φύσεως
2699 5776 2790 5828 καὶ
2841 5764 3211 5845 ὑποστάσεως,
3269 5777 3439 5847 ἤγουν
3486 5775 3798 5847 προσώπου
