3926 6308
101 272 130 286 ’
145 304 253 370 657

1008 309 1436 372 REFUTATIO
1463 306 1839 369 EPISTOL/E
1879 304 2103 366 REGIS
2144 303 2521 365 ARMENUE.

3265 269 3377 366 θεέ

144 420 324 490 ὄνομα
357 417 552 472 ταυτὸν
579 416 772 488 δηλοῦν
799 417 894 472 ἐπὶ
922 419 1021 490 τῆς
1047 419 1360 490 οἰκονομίας
1388 420 1596 489 ἐπινοῇ,
1624 417 1718 471 καὶ

1823 417 1900 470 vel
1925 430 2185 484 personas
2222 413 2401 467 induci
2438 411 2712 478 concedis,
2758 420 2809 465 et
2844 425 2966 465 cum
3001 425 3103 466 nos
3143 411 3278 466 duas
3317 413 3370 467 in
3453 465 3455 468 ι

141 509 270 564 ὅσαι
311 510 414 580 μὲν
465 510 522 563 αἰ
551 509 762 578 φύσεις,
812 510 1073 574 τοσαύτας
1109 512 1203 564 καὶ
1239 511 1336 574 τὰς
1371 497 1714 576 ὑποστάσεις,

143 603 321 670 ἤγουν
356 589 624 672 πρόσωπα
649 602 1060 670 συνεισάγεσθαι
1081 603 1258 667 δίδως,
1281 603 1442 672 ἡνίκα
1466 603 1532 655 ἀν
1558 604 1716 672 ἡμεῖς

143 691 246 744 δύο
291 691 484 760 φύσεις
515 692 607 744 ἐπὶ
655 692 890 764 Χριστοῦ
924 693 1016 746 καί⁵
1064 693 1192 763 μίαν
1220 695 1514 746 ὑπόστασιν
1547 691 1714 745 εἴπω-

151 767 280 852 μεν,
312 785 626 854 παραυτίκα
656 784 908 852 συνάγεις
959 783 1098 838 κατὰ
1127 787 1327 838 οἰκεῖον
1365 785 1599 854 θέλημα,
1629 786 1714 840 ὅτι

147 875 396 944 ἀνάγκη,
425 877 619 945 κρᾶσιν
647 875 930 947 συμϐαίνει
957 875 1204 945 γίνεσθαι
1246 878 1358 939 τοῖς
1382 875 1712 946 προσώποις·

147 967 202 1018 εἰ
233 965 293 1018 δὲ
331 965 490 1020 τοῦτο
518 966 719 1029 ἄτοπον
769 967 830 1020 τὸ
875 967 1076 1035 λέγειν,
1097 994 1099 997 -
1120 968 1315 1037 κρᾶσιν
1336 965 1580 1034 γίνεσθαι
1610 967 1724 1019 τῶν

145 1057 486 1126 προσώπων,
523 1058 733 1131 ἀνάγκη
767 1059 894 1143 μιᾶς
938 1057 1289 1120 ὑποστάσεως
1317 1058 1466 1124 ὄντα,
1503 1057 1715 1127 ἀνάγκη

144 1149 252 1202 καὶ
284 1150 412 1218 μιᾶς
447 1148 681 1216 φύσεως.
713 1150 778 1201 Ὦ
801 1148 897 1217 τῆς
923 1147 1162 1218 ἀμαθίας
1194 1147 1300 1200 τῶν
1332 1147 1502 1202 ταῦτα
1531 1147 1715 1216 λεγόν-

144 1240 292 1292 τωνί
318 1237 454 1290 οὐδὲ
483 1237 591 1306 γάρ
622 1236 859 1307 συνῆκαν
882 1237 1008 1307 περὶ
1033 1229 1106 1290 ὧν
1135 1253 1194 1289 τε
1214 1236 1453 1305 λέγουσι,
1479 1236 1572 1308 κα).
1593 1237 1718 1306 περὶ

145 1328 318 1381 τίνων
348 1327 806 1392 διασεσαιοῦνται.
859 1328 953 1396 Τίς
978 1327 1087 1398 γὰρ
1128 1328 1234 1381 τῶν
1268 1327 1330 1381 εὖ
1358 1326 1714 1397 φρονούντων,

144 1416 215 1469 τὺ
245 1416 446 1481 κοινὸν,
483 1417 600 1488 ἦτοι
626 1416 687 1470 τὸ
727 1415 954 1470 καθόλου
984 1414 1178 1469 ταυτὸν
1225 1415 1449 1484 φήσειεν
1478 1414 1543 1467 ἂν
1577 1409 1715 1481 εἶναι

144 1506 232 1576 τῷ
262 1506 436 1577 ἰδικῷ,
461 1507 628 1578 ἧγουν
655 1506 732 1576 τῷ
748 1506 1078 1570 καθέκαστα,
1103 1506 1240 1578 ὅπερ
1264 1506 1377 1560 ἐστὶ
1400 1491 1711 1576 πρόσωπον,

146 1575 567 1664 ἥίὺπόστασικ
600 1597 673 1650 Τὸ
706 1575 806 1666 μὲν
835 1595 942 1664 γὰρ
975 1575 1406 1672 κάτιίπλειόνων
1433 1575 1589 1649 εἴωθε
1621 1597 1715 1666 φέ-

146 1683 513 1756 ρεσθαι,λοῖον
555 1688 585 1739 ὁ
627 1687 911 1757 ἄνθρωπος
943 1682 1082 1740 κατά
1119 1687 1326 1755 Πέτρου
1357 1687 1450 1740 καὶ
1480 1687 1711 1752 Παύλου,

1817 507 2033 560 Christo
2093 514 2313 558 naturas
2352 512 2406 557 et
2460 517 2619 556 unam
2666 502 2993 572 hypostasim
3052 501 3372 565 asseritnus,

1818 599 1962 653 illico
1990 607 2173 666 tu,pro
2205 595 2427 651 libidine
2462 594 2688 665 colligis,
2723 609 2944 650 necesse
2993 609 3133 658 esse,
3165 593 3374 648 mistio-

1817 703 1936 741 nem
1975 686 2089 741 ﬁeri
2111 701 2482 756 personarum,
2511 685 2652 754 quod
2693 686 2736 739 si
2789 684 2840 738 id
2876 685 3054 740 dicere
3082 684 3373 738 absurdum

1816 778 2164 848 ineptumque
2216 786 2317 842 est,
2357 778 2660 831 mistionem
2717 792 3078 846 personarum
3132 778 3247 831 ﬁeri
3280 793 3374 832 ne-

1819 884 1969 925 cesse
1994 884 2137 932 esse,
2189 867 2352 922 unius
2384 868 2692 937 hypostasis
2740 883 2865 922 cum
2908 869 3000 933 sit,
3050 868 3207 922 unius
3237 882 3375 936 quo-

1817 977 1922 1033 que
1946 976 2065 1017 esse
2117 944 2344 1015 natura.
2379 958 2444 1036 ,ο
2499 959 2860 1029 ignorantiam
2920 960 3118 1015 similia
3153 959 3374 1014 traden-

1818 1051 1980 1104 tium!
2034 1064 2208 1120 neque
2236 1051 2377 1104 enim
2433 1057 2653 1115 norunt,
2707 1049 2771 1104 de
2817 1051 3015 1119 quibus
3064 1057 3374 1106 sermdncm

1818 1139 2040 1206 habent,
2075 1147 2126 1192 et
2170 1139 2235 1194 de
2276 1139 2473 1208 quibus
2503 1138 2834 1202 decernunt;
2870 1139 2992 1208 quis
3023 1140 3188 1206 enim,
3218 1139 3376 1195 dum—

1817 1230 1978 1285 modo
2026 1231 2239 1284 animus
2267 1230 2409 1283 illius
2455 1245 2483 1283 a
2531 1230 2792 1298 sapientia
2838 1240 2889 1284 et
2947 1232 3231 1300 prudentia
3291 1247 3378 1285 re-
3415 1241 3420 1244 ‘

1818 1331 1994 1375 motus
2043 1335 2149 1373 non
2198 1320 2289 1383 sit,
2348 1335 2669 1384 commune,
2725 1336 2817 1375 seu
2869 1322 3173 1376 universale
3234 1324 3377 1378 dicet

1817 1409 1956 1464 idem
2005 1424 2126 1464 esse
2156 1424 2222 1478 ae
2264 1407 2621 1475 individuum,
2661 1409 2774 1464 sive
2799 1410 3093 1479 singulare,
3121 1413 3266 1481 quod
3295 1423 3379 1468 est

1819 1517 2069 1572 persona,
2102 1500 2215 1570 slve"
2253 1501 2610 1571 hypostasis?
2665 1501 2773 1556 lloc
2805 1504 2947 1556 enim
2977 1504 3040 1558 ad
3077 1497 3257 1574 plures
3291 1521 3376 1560 re-

1819 1592 1948 1649 ferri
1978 1593 2133 1653 solet,
2164 1601 2220 1646 ut
2274 1593 2547 1646 homolad
2602 1590 2821 1646 Petrum
2880 1602 2934 1647 et
2994 1594 3242 1658 Paulum,
3275 1598 3378 1653 hoc

1815 1696 1946 1736 vero
1969 1680 2039 1736 ad
2078 1697 2265 1743 unum,
2297 1691 2356 1735 ut
2397 1675 2628 1752 persona
2685 1683 2738 1736 ει
2773 1683 3117 1752 hypostasis:
3166 1700 3264 1742 nec
3290 1695 3375 1740 est

142 1775 212 1828 τὸ
251 1776 308 1828 δὲ
339 1776 458 1829 καθ’
487 1777 625 1842 ἑνὸς,
659 1778 777 1846 ἦτοι
803 1777 862 1830 τὸ
900 1778 1191 1848 πρόσωπον
1217 1779 1309 1831 κάι
1338 1779 1369 1850 η
1401 1779 1715 1845 ὑπόστασις,

1825 1788 2065 1838 necesse,
2119 1781 2177 1827 ut
2225 1773 2326 1828 sibi
2384 1781 2572 1826 mutae
2641 1775 3001 1843 respondeant
3072 1786 3266 1840 natura,
3327 1784 3381 1831 et

145 1867 250 1919 καὶ
277 1868 379 1920 οὐκ
430 1867 641 1937 ἀνάγκη
673 1868 1049 1938 άντιστρέφειν
1088 1869 1224 1940 πρὸς
1276 1869 1479 1940 ἀλληλα
1522 1870 1619 1938 τήν
1659 1887 1718 1923 τε

145 1960 322 2028 φύσιν
353 1961 446 2014 καὶ
475 1960 534 2012 τὸ
568 1959 856 2029 πρόσωπον
875 1975 890 1989 ⁸
920 1959 996 2030 τῷ
1020 1961 1118 2031 μὲν
1140 1961 1246 2030 γὰρ
1273 1961 1568 2015 ὑπόστασιν
1583 1958 1720 2015 εἷναι

143 2050 387 2118 λέγοντι,
408 2051 618 2121 ἀνάγκη
647 2053 904 2120 παρεῖναι
933 2051 1032 2123 τὴν
1063 2050 1245 2121 φύσιν,
1277 2052 1432 2124 εἴπερ
1466 2053 1524 2106 τὸ
1555 2053 1722 2124 πρόσ-

144 2157 325 2204 ωπον,
372 2143 492 2210 ἦτοι
525 2142 559 2210 ἡ
595 2142 892 2202 ὑπόστασις
923 2141 1072 2194 οὐδὲν
1105 2139 1232 2196 ἄλλο
1261 2143 1408 2197 ιστὶν
1435 2181 1452 2208 ,
1496 2143 1529 2213 ἢ
1561 2142 1722 2213 φύσις

148 2233 302 2302 μετά
327 2231 633 2301 ἰδιώματος,
658 2232 690 2302 ἢ
725 2233 816 2286 καὶ
842 2232 1163 2301 ἰδιωμάτων,
1195 2235 1312 2287 ὅλον
1337 2252 1389 2288 τι
1411 2235 1529 2288 καθ’
1560 2235 1722 2289 έαυτδ

145 2325 488 2394 λεγόμενονσ
533 2326 611 2394 τῷ
654 2325 724 2398 δὲ,
766 2312 1024 2399 καθόλου,
1056 2326 1174 2397 ἦτοι
1230 2326 1391 2395 φύσιν
1441 2327 1719 2394 φάσκοντι,

147 2417 256 2468 οὐκ
304 2416 514 2485 ἀνάγκη
573 2417 666 2468 καὶ
711 2415 794 2468 ἰδ’
825 2416 1182 2482 καθέκαστον,
1233 2418 1398 2486 ἧγουν
1447 2417 1508 2469 τὸ
1555 2408 1722 2487 πρόσ-

146 2523 328 2568 ωπον,
354 2506 386 2574 ἢ
420 2507 517 2575 τὴν
541 2505 838 2560 ὑπόστασιν
868 2510 1140 2578 παρεῖναι.
1165 2508 1244 2561 Τά
1265 2508 1374 2578 γὰρ
1402 2508 1631 2561 καθόλου
1664 2509 1724 2561 ιν

146 2597 268 2658 τοῖς
311 2595 621 2650 καθέκαστα
653 2597 1019 2667 θεωρούμενα,
1051 2598 1486 2669 συμπληρωτικὰ
1516 2598 1720 2652 τούτων

147 2685 332 2750 εστὶν,
373 2686 433 2739 οὑ
461 2687 565 2757 μὴν
596 2689 662 2740 τὰ
695 2687 1005 2743 καθέκαστα
1037 2690 1092 2743 ὲν
1113 2691 1223 2750 τοῖς
1249 2689 1496 2744 καθόλου.
1515 2690 1721 2744 Οὐκοῦν

147 2777 215 2830 οὐ
245 2777 338 2829 διὰ
372 2776 434 2828 τὸ
463 2777 554 2830 δύο
592 2778 781 2846 φύσεις
828 2779 1005 2848 λέγειν
1032 2782 1178 2851 ἡμᾶς
1210 2782 1301 2834 ἐπὶ
1334 2780 1589 2850 Χριστοῦ,
1628 2782 1721 2834 καὶ

153 2868 292 2938 μίαν
327 2868 644 2933 ὑπόστασιν,
698 2869 982 2939 συμϐαίνει
1022 2871 1116 2924 καὶ
1165 2871 1470 2942 προσώπων
1527 2875 1719 2942 κρᾶσιν

150 2957 646 3027 γίνεσθαι.·ούδεὶς
700 2960 806 3031 γὰρ
850 2961 1249 3028 καταναγκάζει
1303 2962 1477 3029 λόγος,
1512 2962 1633 3014 ἐπεὶ
1659 2962 1718 3014 οὐ

147 3049 353 3102 ταυτὸν
391 3048 550 3117 φύσις
605 3049 696 3102 καὶ
727 3049 1035 3119 πρόσωπον,
1066 3051 1186 3126 οὐδὲ
1219 3051 1323 3121 μὴν
1347 3051 1716 3120 ἀντιστρέφει,

1776 1914 1782 1920 .
1823 1879 2090 1934 persona;
2132 1878 2365 1934 namque
2413 1863 2743 1934 hypostasim
2797 1881 2920 1921 esse
2976 1869 3382 1933 asserenti,ne—

1824 1971 1976 2012 cesse
2018 1963 2131 2022 est,
2192 1966 2250 2010 ut
2291 1954 2432 2009 adsit
2486 1963 2716 2021 natura,
2778 1958 2832 2012 si.
2876 1957 3037 2012 modo
3103 1974 3335 2029 persona
3362 2002 3376 2024 ,

1823 2045 1936 2100 sive
1982 2045 2291 2115 hypostasis
2321 2044 2453 2097 nihil
2488 2045 2632 2100 aliud
2667 2053 2766 2114 est,
2810 2064 2972 2120 quam
3008 2059 3200 2106 natura
3254 2067 3381 2108 cum

1822 2137 2172 2205 prOprietate,
2219 2135 2305 2190 vel
2365 2136 2812 2205 preprielatihus,
2885 2149 3056 2195 totum
3108 2143 3379 2212 quoddam

1822 2241 1916 2295 per
1940 2241 1998 2300 se
2048 2227 2250 2281 dictum
2283 2243 2297 2292 ;
2332 2236 2387 2280 at
2433 2228 2757 2295 universale,
2791 2231 2904 2285 sive
2925 2241 3172 2286 naturam
3207 2249 3381 2290 enun-

1825 2318 2006 2384 tianti,
2064 2333 2166 2372 non
2221 2328 2304 2373 est
2356 2335 2580 2375 necesse
2626 2329 2682 2374 et
2739 2322 3032 2391 singulare,
3092 2341 3380 2394 personam

1824 2425 2037 2478 nempe,
2065 2418 2157 2464 aut
2194 2411 2529 2480 hypostasim
2575 2412 2785 2468 adesse.
2832 2413 3170 2470 Universalia
3227 2417 3376 2471 enim

1823 2500 1878 2554 in
1912 2499 2205 2569 individuis
2246 2503 2610 2569 considerata,
2649 2503 2839 2558 horum
2887 2505 3090 2561 faciunt
3123 2506 3189 2561 ad
3227 2523 3379 2562 eom—

1823 2566 2172 2661 plenientum,
2229 2603 2284 2646 at
2336 2608 2440 2647 non
2509 2580 2806 2664 singularia
2850 2597 2903 2652 in
2962 2598 3379 2656 universalihus.

1824 2683 1939 2736 Non
1975 2684 2154 2752 itaque
2181 2699 2246 2737 ex
2269 2691 2350 2738 'eo
2397 2687 2539 2756 quod
2578 2688 2808 2743 dicimus
2862 2690 2999 2744 duas
3060 2691 3112 2744 in
3164 2691 3381 2747 Christo

1825 2784 2046 2829 naturas
2103 2784 2157 2829 et
2214 2791 2376 2830 unam
2446 2779 2798 2848 hypostasim,
2854 2781 3156 2835 eviucimur
3216 2785 3379 2838 etiam

1823 2865 2001 2918 dicere
2023 2875 2075 2920 et
2107 2867 2493 2921 immistionem
2549 2884 2906 2936 personarum
2958 2872 3093 2926 ﬁeri.
3135 2871 3290 2928 Nulla
3329 2876 3381 2930 id

1823 2954 1966 3025 cogit.
2027 2956 2187 3020 ratio,
2240 2973 2362 3014 cum
2426 2973 2531 3011 non
2592 2959 2732 3013 idem
2785 2962 2858 3016 sit
2912 2971 3104 3017 natura
3155 2975 3207 3018 et
3248 2982 3382 3035 per-

1823 3061 1975 3111 sona,
2008 3061 2180 3116 neque
2227 3063 2330 3100 una
2373 3063 2469 3117 pro
2502 3049 2608 3103 alia
2644 3061 2912 3117 sumatur,
2975 3063 3031 3108 ut
3084 3053 3216 3122 quat
3272 3057 3382 3110 sint

153 3139 391 3212 ιναὸσαι
419 3138 482 3191 ἀν
502 3134 610 3191 εἷεν
635 3141 688 3192 αί
715 3139 923 3209 φύσεις,
955 3142 1189 3194 τοσαῦτα
1219 3145 1308 3194 καὶ
1339 3141 1406 3194 τὰ
1435 3142 1719 3212 πρόσωπα.

1831 3147 2056 3201 naturae,
2095 3145 2171 3190 lot
2229 3139 2391 3191 etiam
2453 3139 2562 3193 sint
2621 3155 2882 3208 persona}.
2919 3141 2974 3196 In
3023 3145 3208 3199 multis
3236 3149 3391 3201 enim-

165 3228 261 3281 Ἐν
295 3229 510 3292 πολλοῖς
539 3231 647 3299 γὰρ
675 3230 881 3283 ἔνεστιν
919 3231 1045 3283 ἰδεῖν
1078 3233 1134 3283 ὲν
1174 3234 1275 3302 μιᾷ
1308 3234 1600 3286 ὑποστάσει
1629 3233 1721 3285 δύο

156 3319 357 3388 φύσεις
397 3320 796 3391 θεωρουμένας,
827 3323 921 3375 καὶ
958 3322 1050 3376 δύο
1087 3325 1300 3392 φύσεων
1328 3324 1495 3377 ὄντων
1522 3324 1596 3394 μὴ
1633 3325 1721 3392 γί-

154 3411 351 3465 νεσθαι
394 3412 488 3464 δύο
531 3412 839 3486 προσώπων
878 3415 966 3477 ἐἰς
1011 3415 1128 3476 ἐνὸς
1179 3414 1466 3486 προσώπου
1504 3417 1718 3486 κρᾶσιν,

153 3498 274 3556 οἷον
303 3504 400 3556 ἐπὶ
444 3504 536 3556 τοῦ
564 3504 880 3560 καθέκαστα
902 3506 1212 3578 ἀνθρώπου,
1244 3509 1338 3561 καί⁵
1371 3509 1464 3561 ἐπὶ
1496 3508 1588 3561 τοῦ
1642 3525 1723 3559 σι-

153 3593 326 3665 δήρου
345 3594 438 3647 τοῦ
460 3598 985 3667 πεπυρακτωμένου,
1025 3600 1117 3652 καὶ
1151 3600 1236 3653 ἐπ’
1255 3601 1426 3654 ἄλλων
1455 3599 1721 3653 πλείστων

153 3685 250 3737 δύο
278 3684 470 3754 φύσεις
496 3685 755 3756 ε’ύρηνται
801 3687 1121 3758 ἀσυγχύτως
1175 3691 1473 3761 ἡνωμέναι,
1505 3693 1565 3745 οὑ
1617 3693 1722 3763 μὴν

89 3769 92 3772 ’
155 3779 257 3831 καὶ
285 3779 558 3848 πρόσωπα
593 3780 708 3847 δύο,
742 3782 828 3835 ἵνα
863 3782 956 3834 καὶ
979 3781 1140 3834 ’κατά
1187 3785 1383 3853 κρᾶσιν
1417 3784 1509 3836 καὶ
1539 3785 1597 3836 ἓν
1625 3785 1719 3851 γέ-

155 3887 378 3924 νωνται.
426 3871 696 3934 Ὡσαύτως
738 3872 920 3926 δὲκαὶ
970 3874 1031 3926 τὸ
1060 3874 1153 3926 τοῦ
1209 3876 1529 3929 Ἀποστόλου
1560 3877 1721 3945 ῥητὸν

158 3959 351 4021 κακῶς
383 3959 622 4027 συνῆκας
646 3960 707 4012 τὸ
750 3961 1070 4031 λεγόμενονο
1106 3964 1208 4027 Ὃς
1242 3963 1312 4015 ἐν
1343 3963 1544 4031 μορφῇ
1575 3963 1722 4016 Θεοῦ

153 4048 468 4117 ὑπάρχων,
498 4051 609 4118 οὐχ
639 4051 952 4120 ἁρπαγμὸν
996 4051 1267 4120 ἡγήσατο
1316 4053 1380 4105 τὸ
1428 4054 1580 4106 εἶναι
1618 4054 1723 4108 ἴσα

160 4140 308 4205 Θεῷ,
334 4141 470 4194 ἀλλ’
488 4141 704 4195 ἑαυτὸν
723 4143 982 4196 ἐκένωσεν
998 4161 1156 4211 μορφ
1166 4144 1240 4210 ὴν
1262 4144 1483 4198 δούλου
1501 4146 1719 4202 λαϐών.

159 4229 238 4282 Τὸ
272 4230 376 4298 μὲν
397 4225 490 4281 οὖν
515 4231 613 4298 τῆς
636 4232 847 4301 μορφῆς
880 4233 908 4284 ὅ
953 4249 1011 4284 τε
1048 4233 1217 4301 μέγας
1243 4234 1514 4296 Βασίλειος
1546 4238 1603 4287 ὲν
1625 4237 1721 4306 ίσῳ

154 4319 420 4374 δύνασθαι
445 4322 741 4389 ’σημαίνειν
784 4322 859 4391 τῷ
891 4323 950 4374 ὲν
992 4324 1150 4394 οὐσία
1177 4325 1274 4381 ,καὶ
1301 4325 1461 4392 φύσει
1512 4328 1575 4397 τῇ
1614 4344 1720 4378 πα-

1824 3228 2190 3295 cunspicimus
2224 3229 2277 3281 in
2337 3243 2443 3282 una
2488 3230 2761 3299 hypostasi
2814 3232 2947 3287 duas
2988 3243 3386 3330 naturasicon-

1821 3318 2066 3384 siderari,
2114 3330 2166 3374 et
2196 3321 2404 3377 duabus
2452 3324 2662 3376 naturis
2711 3324 3098 3400 exsistentibus
3133 3318 3238 3381 noti
3271 3328 3382 3382 fieri

1822 3408 1955 3463 duas
1985 3425 2240 3476 personas
2273 3412 2326 3465 in
2360 3415 2523 3466 unius
2594 3427 2837 3481 personae
2883 3414 3213 3480 mistionem,
3241 3428 3298 3471 ut
3326 3420 3380 3472 in

1822 3490 2080 3566 singulari
2109 3500 2346 3567 homine,
2371 3511 2423 3555 et
2459 3502 2509 3554 in
2542 3501 2686 3556 ferro
2709 3518 2994 3570 succenso,
3024 3517 3081 3561 et
3103 3498 3157 3560 i'n
3191 3507 3383 3576 pleris-

1821 3603 1927 3658 que
1995 3590 2114 3643 aliis
2171 3590 2288 3644 duae
2357 3601 2562 3645 naturae
2623 3594 3030 3662 comperiuntur
3092 3597 3377 3653 inconfuse

1823 3681 2008 3743 uniter,
2045 3696 2153 3735 non
2202 3691 2381 3736 autem
2434 3694 2485 3738 et
2529 3686 2649 3738 dua:
2691 3700 2971 3761 personae,
3023 3695 3082 3740 ut
3131 3703 3225 3757 per
3276 3690 3378 3743 mi-

1821 3772 2052 3826 stionem
2084 3789 2251 3834 unum
2282 3774 2430 3828 ﬁant.
2466 3774 2725 3829 Similiter
2783 3777 2945 3830 etiam
3013 3778 3256 3847 A-posmli
3294 3781 3376 3835 di-

1822 3871 1966 3915 ctum
2004 3879 2108 3916 nou
2137 3864 2304 3932 probe
2373 3864 2704 3928 intellexisti,
2742 3866 2887 3934 quod
2942 3867 3056 3919 ait:
3119 3867 3222 3932 Qui
3260 3886 3378 3924 cum

1822 3954 1877 4004 in
1916 3953 2087 4020 forma
2126 3955 2221 4006 Dei
2253 3965 2388 4008 esset
2414 3996 2428 4020 ,
2482 3973 2582 4008 non
2648 3959 2887 4025 rapinam
2940 3959 3230 4013 arbitratus
3279 3970 3377 4027 est,

1820 4058 1930 4095 esse
1960 4059 2013 4096 se
2059 4045 2313 4111 wqualem
2372 4045 2500 4111 Deo,
2566 4048 2659 4101 sed
2705 4049 3035 4114 semetipsum
3088 4052 3378 4106 exinanivit

1785 4178 1790 4183 .
1823 4135 2048 4202 formam
2082 4137 2216 4190 servi
2251 4138 2512 4206 accipiens
2537 4141 2580 4192 ’.
2646 4139 2851 4194 Nomen
2883 4142 3063 4210 itaque
3111 4141 3296 4197 format
3325 4154 3380 4198 et

1822 4241 2052 4294 magnus
2114 4228 2344 4283 Basilius
2392 4231 2612 4298 perinde
2649 4246 2768 4286 esse
2813 4224 3062 4301 idemque
3119 4235 3374 4301 innuere,

1823 4331 1887 4370 ac
1953 4318 2044 4386 qui
2105 4319 2157 4371 in
2222 4321 2454 4374 essentia
2519 4331 2570 4375 et
2649 4331 2842 4377 natura
2925 4335 3147 4393 paterna
3208 4326 3376 4382 Filius

156 4412 327 4481 τριχῇ
364 4410 456 4464 τὸν
490 4412 615 4465 Υίὸν
643 4411 794 4477 ὄντα,
854 4413 1066 4484 μορφὴν
1117 4414 1324 4479 δούλου,
1358 4417 1525 4486 ἠγουν
1557 4417 1718 4486 φύσιν

1822 4416 1957 4470 erat,
2008 4407 2236 4462 formam
2285 4413 2447 4476 servi,
2497 4413 2600 4467 hoc
2649 4423 2731 4468 est
2776 4418 3048 4480 naturam,
3085 4414 3378 4487 assumpsit
3440 4436 3441 4439 ‘

158 4502 517 4569 ἀνειληφέναι
566 4503 656 4554 τὸν
693 4503 915 4573 Κύριον,
972 4504 1066 4556 καὶ
1094 4505 1350 4573 γεγονότα
1398 4507 1678 4576 ἄνθρωπον
1702 4523 1716 4537 °

1825 4495 2103 4562 Dominus,
2138 4499 2420 4569 faclusque
2451 4511 2534 4557 est
2589 4503 2769 4566 homo.
2811 4516 2881 4561 .et
2921 4509 3234 4579 quicunque
3283 4511 3373 4564 alii

158 4593 254 4644 καὶ
289 4593 406 4644 ὅσοι
445 4592 512 4645 ἂν
562 4593 714 4646 τοῦδε
769 4593 864 4645 τοῦ
896 4591 1057 4663 ρητοῦ
1108 4596 1207 4664 τὴν
1251 4594 1507 4667 ἐξήγησιν
1537 4599 1722 4668 ἐποιή-

1819 4586 2003 4644 Patres
2027 4591 2229 4645 dictum
2289 4593 2388 4646 hoc
2451 4594 2782 4662 interpretati
2818 4607 2967 4663 sunt,
3029 4601 3080 4653 in
3123 4603 3378 4657 essentia

161 4695 330 4734 σαντο
359 4680 622 4750 Πατέρες,
654 4683 711 4733 ὲν
740 4681 919 4751 οὐσίᾳ,
953 4683 1072 4752 ἦτοι
1102 4683 1280 4750 φύσει,
1303 4685 1363 4736 τὸ
1385 4685 1481 4754 τῆς
1510 4688 1722 4755 μορφῆς

1819 4688 2131 4748 naturaeque
2161 4683 2554 4753 signiﬁcatione
2588 4684 2774 4740 formae
2798 4704 2990 4742 nomen
3024 4701 3370 4760 acceperunt.

159 4769 336 4840 ὄνομα
359 4770 648 4839 σημαίνειν
674 4773 1008 4846 νενοήκασινε
1034 4771 1202 4834 Αὐτὸς
1226 4769 1316 4826 οὖν
1342 4775 1433 4826 καὶ
1449 4771 1575 4827 ’τόδε
1597 4792 1722 4827 ταυ-

158 4861 249 4915 τὺν
285 4863 633 4932 ἡγησάμενος
683 4865 966 4935 σημαίνειν
1002 4865 1078 4936 τῷ
1127 4864 1400 4936 προσώπῳ
1450 4865 1591 4920 καθά
1628 4868 1721 4920 καὶ

158 4953 258 5024 τὴν
290 4953 480 5021 φύσιν,
503 4954 733 5024 ἀμαθῶς
767 4959 857 5010 καί.
885 4958 1285 5021 ἀναποδείκτως
1313 4958 1710 5028 συμπεραίνεις.

160 5044 272 5098 Καὶ
293 5045 468 5108 άλλως
497 5048 576 5109 είς
604 5047 665 5099 τὸ
689 5049 841 5102 αὑτόο
877 5048 935 5100 Εἰ
964 5050 1060 5116 μὲν
1084 5045 1176 5102 οὖν
1206 5048 1300 5112 τὰς
1329 5049 1519 5117 φύσεις
1546 5068 1716 5119 κεχω-

165 5134 463 5204 ρισμένας,
485 5136 602 5206 ἦτοι
626 5138 1043 5202 ἰδιοσυστὰτους,
1076 5137 1167 5190 καὶ
1194 5139 1314 5190 καθ’
1343 5139 1537 5199 έαυτάς
1554 5138 1716 5201 οὔσας

161 5226 610 5296 ιὸογματίζομεν,
641 5223 753 5280 οἷον
798 5230 888 5280 τὸν
915 5229 1046 5281 Θεὸν
1079 5231 1248 5296 Λόγον
1287 5230 1429 5293 ἰδίως
1456 5231 1593 5300 μετά
1624 5233 1722 5300 τῆς

163 5316 356 5390 θεῖκῆς
377 5316 542 5371 αὑτοῦ
575 5318 786 5387 φύσεως
801 5309 962 5386 Mra,
994 5325 1088 5386 καὶ
1113 5322 1271 5375 πάλιν
1294 5323 1576 5392 ἄνθρωπον
1597 5323 1719 5376 καθ’

1821 4769 1898 4824 Tu
1938 4772 2121 4841 itaque
2171 4783 2223 4827 et
2281 4774 2382 4829 hoc
2418 4793 2525 4830 non
2579 4779 2723 4832 aliud
2775 4790 2924 4834 ratus
2979 4792 3166 4838 notare
3211 4800 3371 4852 quam

1823 4867 2609 4936 personam,quemadmodum
2666 4879 2720 4925 et
2783 4881 3055 4938 naturam,
3099 4885 3297 4930 temere
3322 4887 3375 4931 et

1825 4944 2029 5024 alisque
2087 4957 2196 5010 ulla
2236 4958 2698 5018 demonstratione
2746 4964 3045 5020 concludis.
3099 4965 3215 5018 Alia
3240 4983 3374 5034 quo-

1821 5063 1927 5116 que
1964 5049 2294 5126 rationede
2326 5051 2535 5106 eodem.
2593 5044 2668 5106 Si.
2701 5063 2929 5109 naturas
2988 5055 3209 5116 divisas,
3277 5071 3370 5123 per

1821 5155 1880 5194 se
1911 5155 2101 5209 nempe
2127 5133 2500 5209 subsistentes,
2533 5153 2587 5198 et
2609 5155 2886 5213 separatas
2926 5149 3365 5211 decerneremus,

1822 5246 2012 5299 nempe
2043 5231 2205 5286 Deum
2257 5233 2487 5288 Verbum
2526 5235 2814 5303 separatim
2857 5253 2978 5290 cum
3024 5237 3201 5289 divina
3268 5252 3364 5290 sua

1821 5333 2036 5388 natura,
2085 5340 2412 5393 rursumque
2450 5327 2723 5382 hominem
2756 5328 3048 5382 secundum
3102 5341 3160 5380 se
3206 5336 3363 5380 antea

161 5406 359 5460 ἑαυτὸν
396 5410 833 5476 προῦποστάντα,
887 5410 981 5463 καὶ
1032 5411 1444 5477 διαπλασθέντα,
1480 5410 1595 5467 εἶτα
1623 5415 1718 5483 τὴν
1752 5453 1764 5468 .

161 5497 360 5553 ἕνωσιν
396 5497 500 5551 τῶν
525 5498 740 5567 φύσεων
770 5501 1038 5571 λέγοντες,
1070 5504 1163 5558 καὶ
1195 5503 1286 5556 δύο
1331 5505 1496 5570 αὑτὰς
1533 5505 1719 5574 ὁμολο-

1819 5520 1941 5562 nem
1978 5513 2293 5561 naturarum
2326 5504 2733 5574 aliirmaremus,
2779 5519 2976 5567 easque
3015 5503 3150 5560 duas
3199 5503 3363 5573 proti-

217 5735 220 5739 ,
269 5675 292 5706 ο
333 5654 572 5745 Philipp.
603 5670 671 5741 n.-
699 5677 751 5731 ιι.

1820 5413 1872 5467 in
1905 5413 2601 5483 hypostasi'subsistentem,
2646 5425 2699 5469 et
2723 5425 2986 5478 creatum,
3038 5423 3149 5467 tum
3206 5415 3363 5467 uuio—
3465 5426 3476 5436 ·
