3926 6308
529 264 630 327 εστ
1773 254 2066 317 meum

2195 258 2497 319 unum
2692 252 2702 265 ‘
2834 216 2835 219 γ
3643 250 3745 317 ets

530 375 664 448 imp.
706 367 899 425 missas
935 367 1123 424 titulus
1154 366 1316 433 dicit.
1349 383 1458 423 non
1488 374 1666 423 autem
1695 368 1899 428 diserte
1931 372 2076 443 quod
2102 371 2321 431 Nieetas
2360 375 2602 447 ipsarum
2635 357 3018 432 refutationem
3049 371 3117 428 ad
3155 371 3472 429 Michaelem
3499 370 3742 441 scripse-

533 459 622 514 rit.
656 453 1078 526 Deccnnie'post
1109 454 1457 527 Sylburgium
1484 455 1612 510 Ant.
1643 455 1974 515 Possevinus
2005 461 2058 516 in
2106 462 2413 532 Apparatus
2441 461 2690 532 principe
2739 461 2974 518 editione
3031 458 3232 534 Veneta
3259 468 3300 516 t.
3337 455 3402 526 li,
3444 470 3501 531 p.
3535 460 3664 525 477,
3687 459 3746 517 et

531 554 570 600 t.
604 544 695 611 ill,
727 544 780 599 in
808 544 1039 615 catalog.
1063 559 1118 614 p.
1151 543 1236 610 16,
1265 544 1562 614 pleniorem
1593 552 1649 599 et
1693 547 2091 603 accuratiorem
2127 529 2311 621 operis
2355 529 2636 607 Nicetiaui
2675 549 2892 606 titulum
2943 529 3213 615 recitaiiit,
3255 529 3482 604 eatenus
3534 556 3742 604 tantum

529 631 812 696 mendose,
844 641 1115 702 quatenus
1146 647 1243 702 pro
1275 631 1544 700 Theophili
1570 640 1801 698 utroque
1833 633 1889 688 in
1919 635 2040 691 loco
2084 638 2305 708 scripsit
2351 639 2744 713 Theophglacti.
2783 633 3064 709 Reliquos,
3091 637 3184 708 qui
3211 651 3276 692 ex
3302 633 3582 705 praedictis
3603 637 3743 691 hau-

528 732 671 783 sere,
703 719 1056 786 praetermitto
1081 719 1509 789 bibiiographos,
1544 730 1767 790 excepto
1795 727 1978 778 tamen
2020 723 2201 782 Leone
2236 727 2455 794 Allatio,
2489 728 2582 798 qui
2621 727 2676 782 in
2705 727 2854 784 calce
2889 718 3089 798 prioris
3119 726 3248 781 torni
3272 724 3490 782 Gracia!
3513 724 3735 782 ’ortlto-

529 806 683 858 doxm
715 805 916 861 diserte
952 808 1230 862 contendit
1254 805 1496 862 Nicctam
1525 807 1670 862 hunc
1699 807 2055 880 Byzantinum
2096 816 2346 871 eumdem
2379 830 2520 879 esse,
2553 815 2648 880 qui
2685 823 2740 870 et
2796 811 3014 869 Nicetas
3059 813 3248 878 David,
3275 821 3327 868 et
3355 812 3654 883 Paphlago,
3686 821 3744 868 et

533 890 904 961 Dadybrorum
939 893 1104 947 etiam
1128 883 1437 962 episcopus,
1463 892 1789 963 appellatur.
1825 913 1844 946 ο
1884 893 2113 966 Floruit,
2135 902 2331 973 inquit,
2361 902 2663 968 Michaelis,
2690 900 2872 957 Basilii
2904 909 2958 956 et
2986 899 3223 966 Leonis,‘
3250 902 3416 970 lmpp.
3465 909 3646 964 etate,
3685 909 3746 954 ut

528 978 802 1049 colligitur
834 996 898 1035 ex
948 981 1214 1050 prooemio
1275 979 1397 1036 vita:
1453 978 1513 1036 S.
1567 979 1757 1050 ignatii
1797 985 2137 1052 patriarchae,
2177 1000 2340 1055 quam
2397 986 2485 1042 ille
2543 1000 2722 1057 neque
2765 985 2979 1040 indocto
3015 999 3187 1053 neque
3241 983 3572 1054 ineleganter
3609 997 3744 1038 con-

526 1067 791 1132 cinnavit,
815 1077 868 1123 et
896 1068 1020 1123 aliis
1059 1067 1303 1137 ejusdem
1337 1065 1554 1137 scriptis
1582 1081 1598 1121 :
1638 1087 1659 1121 s
1694 1083 1803 1137 quo
1826 1081 2106 1140 postremo
2125 1073 2270 1128 dicto
2295 1073 2398 1144 (de
2415 1073 2634 1143 scriptis
2657 1080 2868 1145 aetatem
2894 1071 3095 1128 Nicetae
3113 1071 3564 1141 designantibus)
3591 1070 3745 1125 intel-

526 1152 620 1223 ligi
658 1155 726 1207 ab
756 1153 954 1208 Allatio
984 1165 1114 1224 puto
1146 1153 1525 1216 refutationem
1549 1157 1846 1218 praesertim
1873 1172 2037 1227 quam
2062 1156 2190 1212 fecit
2212 1155 2426 1212 Nicetas
2445 1164 2632 1218 noster.
2651 1155 3001 1226 epistolarum
3027 1154 3094 1208 ab
3118 1153 3377 1224 Agarenis
3410 1154 3474 1207 ad
3503 1152 3744 1208 Michae-

529 1239 635 1293 lem
671 1241 806 1310 imp.
841 1242 1153 1297 missarum.
1177 1239 1356 1308 Pergit
1392 1241 1466 1294 ibi
1500 1241 1728 1296 Allatius
1763 1242 1964 1300 Nicetes
2011 1247 2212 1314 scripta
2267 1247 2573 1308 recensere,
2621 1258 2869 1313 .qnorum
2919 1249 3100 1311 prope
3132 1249 3368 1295 extrema
3415 1241 3570 1311 ponit
3629 1242 3746 1297 iure

526 1323 789 1382 adversus
815 1328 1182 1382 Mohamedem
1217 1336 1269 1380 et
1297 1327 1574 1396 Agarenos
1605 1328 1844 1396 dictata;
1889 1346 2064 1400 neque
2098 1340 2277 1386 tamen
2319 1329 2559 1385 codicem
2606 1329 2941 1390 Vaticanum.
2976 1327 3069 1397 qui
3095 1343 3157 1381 ea
3204 1326 3462 1397 continet,
3497 1327 3746 1396 nominat

526 1421 619 1468 aut
646 1430 704 1468 se
739 1417 954 1470 novisse
981 1416 1336 1470 demonstrat.
1372 1415 1572 1471 Habuit
1601 1433 1732 1473 sane
1780 1418 2016 1474 Allatius‘
2055 1418 2197 1474 aliud
2229 1415 2428 1472 Nieetm
2460 1415 2733 1487 egregium
2767 1414 3086 1485 opusculum
3120 1429 3219 1484 pro
3248 1414 3480 1469 concilio
3517 1413 3746 1470 Chalce-

525 1500 754 1556 donensi
783 1503 849 1555 ad
877 1500 1146 1556 Armenia
1180 1501 1478 1571 principem
1509 1519 1523 1570 ;
1567 1503 1728 1573 idque
1763 1505 1817 1559 in
1846 1506 2162 1576 praedictum
2193 1503 2414 1560 Gracia:
2448 1504 2585 1558 orth.
2621 1512 2830 1557 tomum
2857 1502 3109 1568 inseruit,
3162 1501 3540 1572 indubitanter
3591 1501 3744 1556 afﬁr-

526 1600 684 1642 mans
713 1589 877 1644 unius
906 1589 1258 1658 ejusdemque
1295 1589 1578 1660 Byzantini
1628 1590 1828 1647 Nicetz
1858 1591 2024 1657 fetum
2055 1607 2210 1658 esse;
2267 1592 2319 1646 id
2359 1591 2503 1661 quod
2563 1604 2665 1660 ego
2712 1588 3057 1644 verissimum
3103 1586 3286 1658 judico
3310 1628 3327 1652 ,
3366 1589 3490 1657 quia
3543 1598 3744 1658 praeter

526 1681 778 1729 crateram
807 1675 928 1746 styli
961 1676 1392 1740 similitudinem,
1430 1678 1674 1734 clausula
1725 1687 1891 1747 certe,
1918 1679 2165 1748 praedicti
2190 1679 2434 1746 epuscuii
2480 1679 2667 1732 eadem
2699 1677 2922 1731 omnino
2968 1682 3070 1740 est,
3107 1690 3225 1745 qua:
3269 1674 3325 1729 in
3355 1674 3614 1730 duarum
3669 1673 3742 1730 ad

523 1755 839 1816 Micitaeiem
872 1761 1002 1832 imp.
1025 1761 1375 1831 epistolarum
1415 1762 1742 1821 refutatione
1775 1766 2127 1836 conspicitur.
2162 1765 2237 1822 De
2261 1767 2364 1829 hoc
2379 1765 2596 1820 demum
2627 1763 2814 1820 Niceta
2837 1763 3065 1832 ejusque
3095 1762 3327 1832 scriptis"
3351 1761 3579 1818 uberius
3597 1762 3744 1818 dixit

522 1844 754 1902 Allatius
791 1848 844 1903 in
877 1849 1076 1904 inedita
1107 1846 1288 1906 ’ad‘buc
1317 1842 1698 1908 dissertatione
1726 1869 1823 1910 sua
1849 1855 1914 1909 de
1945 1852 2131 1926 viginti
2161 1851 2385 1918 Nicetis,
2414 1853 2570 1920 cuius
2598 1865 2697 1921 ego
2718 1850 3042 1920 particulam
3070 1850 3138 1904 de
3180 1848 3371 1904 nostro
3416 1849 3738 1919 loquentem

520 1934 736 2002 volgavi
766 1934 821 1989 in
847 1934 995 2005 praef.
1031 1937 1100 1990 ad
1136 1947 1171 1990 t.
1205 1937 1272 1990 iX
1314 1936 1644 2008 Scriptorum
1675 1950 1942 2006 veterum;
1989 1955 2165 2011 neque
2199 1949 2378 1995 tamen
2412 1941 2551 1994 hanc
2579 1940 2753 2009 ipsam
2803 1935 3207 1992 dissertationis
3235 1937 3575 2007 ~particulam
3609 1938 3742 1994 dedi

521 2019 807 2093 integram,
839 2023 966 2092 quia
1000 2024 1052 2078 id
1085 2033 1215 2080 tunc
1249 2035 1442 2095 printer
1466 2029 1769 2098 argumenti
1796 2029 1899 2084 mei
1922 2029 2257 2099 propositum
2292 2034 2432 2082 erat.
2467 2025 2540 2080 De
2571 2032 2751 2080 vetere
2780 2025 2959 2094 operis
2989 2023 3253 2094 Nicetiani
3303 2025 3492 2079 notitia
3546 2026 3740 2079 hacte-

519 2123 646 2164 nus.
677 2109 786 2166 Cur
814 2123 995 2167 autem
1026 2112 1380 2183 Byzantinum
1415 2115 1559 2169 hunc
1582 2114 1821 2172 Nieetam
1862 2117 2106 2172 nonnulli
2133 2113 2494 2186 bibliographi
2520 2113 2573 2166 in
2601 2129 2674 2190 ru
2707 2113 2905 2166 saeculo
2927 2112 3211 2179 collocent,
3238 2112 3489 2182 equidem
3519 2113 3737 2180 nescio,

525 2209 704 2265 neque
730 2197 847 2268 ejus
869 2198 945 2253 rei
973 2198 1301 2254 decumeuta
1337 2201 1442 2255 ulla
1475 2201 1656 2256 aﬂ‘erri
1699 2202 1900 2268 video;
1954 2202 2062 2258 nisi
2085 2201 2226 2258 forte
2272 2209 2351 2256 tot
2401 2198 2713 2255 Niectarum‘
2744 2198 2899 2267 copia
2953 2199 3432 2268 perturbationem.
3471 2208 3532 2254 ut
3563 2203 3642 2261 iit.
3678 2201 3738 2254 in

520 2283 758 2352 ipsorum
793 2286 1074 2342 historiam
1109 2287 1338 2343 invexit.
1376 2289 1480 2344 Sed
1542 2290 1732 2358 ut’jam
1787 2291 2008 2359 propius
2059 2291 2130 2345 ad
2186 2305 2299 2345 rem
2357 2288 2631 2352 accedam,
2697 2301 2800 2357 ego
2849 2286 3066 2356 quidem
3129 2300 3441 2354 quanquam
3488 2287 3739 2340 nondum

519 2369 862 2437 inspexeram
894 2371 1186 2445 Sylburgii,
1226 2375 1503 2431 Possevini
1538 2386 1592 2432 ct
1624 2377 1802 2431 Allatii
1833 2377 2166 2440 testimonia,
2209 2375 2566 2431 nihilominus
2588 2374 2641 2428 in
2680 2372 2816 2428 meis
2846 2371 2971 2428 ante
2994 2373 3301 2442 complures
3332 2387 3502 2426 annos
3533 2372 3740 2427 biblio-

517 2456 688 2513 tbec:e
719 2454 990 2516 Vaticana
1028 2463 1112 2516 cui
1142 2477 1403 2531 prmeram
1439 2464 1970 2533 perlustratiouibus,
2003 2465 2147 2518 hunc
2175 2463 2418 2518 codicem
2442 2461 2858 2516 observaveram
2891 2460 2994 2515 sub
3024 2474 3255 2513 numero
3283 2459 3408 2522 68f,
3439 2460 3738 2528 pulchrum

531 2557 684 2608 sane,
719 2546 1021 2616 antiquum,
1053 2549 1487 2616 membraneum,
1529 2550 1957 2621 integerrimum.
1991 2551 2239 2606 Attamen
2265 2550 2384 2604 aliis
2417 2547 2743 2603 editionibus
2775 2555 3093 2617 occupatus,
3124 2546 3364 2601 Nicetam
3406 2547 3528 2616 plus
3557 2549 3737 2602 nimio

520 2631 710 2689 distuli
759 2652 772 2687 :
823 2635 916 2690 sed
961 2651 1109 2692 nune
1156 2638 1371 2693 demum
1406 2640 1468 2694 de
1498 2640 1724 2702 codicis,
1760 2649 1819 2695 ut
1854 2655 1998 2706 reor,
2045 2633 2189 2694 unici
2247 2636 2467 2691 incertis
2506 2634 2631 2689 fatis
2663 2635 2930 2702 cogitans,
2995 2633 3089 2702 qui
3145 2649 3276 2690 casu
3321 2633 3509 2702 aliquo
3543 2636 3733 2704 perire

517 2717 811 2801 aliquando
868 2732 1086 2790 posset;
1153 2733 1265 2778 tum
1330 2725 1494 2780 etiam
1546 2726 1621 2779 rei
1668 2720 1800 2781 sine
1842 2727 2006 2782 dubio
2060 2726 2214 2779 bonre
2271 2721 2555 2778 dulcedine
2602 2729 2655 2776 et
2697 2710 2928 2776 utilitate
2985 2720 3242 2784 illectus,
3294 2722 3727 2776 exseribeudum

517 2804 682 2862 manu
713 2811 962 2880 propria,
989 2809 1241 2865 Latinum
1272 2826 1490 2882 quoque
1521 2811 1708 2868 labore
1723 2829 1844 2869 meo
1873 2822 1930 2868 ut
1954 2821 2147 2872 caetera
2176 2811 2356 2866 omnia
2382 2806 2711 2876 faciendum,
2748 2815 2802 2863 et
2831 2805 2972 2878 typis
3000 2821 3152 2862 mora
3188 2807 3336 2863 omni
3362 2807 3588 2879 abrupta
3619 2817 3738 2862 tra-

515 2894 753 2952 dendum
789 2897 1052 2966 judicavi.
2815 2900 2820 2908 ’

587 3011 746 3068 Nune
770 3013 836 3066 de
864 3013 982 3082 ipso
1008 3027 1172 3083 opere
1213 3014 1451 3079 breviter
1501 3014 1834 3085 praefandum
1880 3023 1986 3072 est.
2021 3010 2341 3069 Ludovicus
2385 3005 2706 3074 Maraecius,
2760 3007 2855 3078 qui
2878 3006 3182 3078 philasabes
3223 3015 3453 3064 cunctos
3508 3007 3738 3064 refutati

515 3099 767 3156 Alcorani
801 3099 962 3156 laude
995 3102 1295 3170 superavit,
1326 3103 1576 3171 QtLei'illﬂ'
1609 3103 1662 3156 in
1698 3101 2012 3173 praefatione
2039 3102 2106 3155 ad
2143 3099 2495 3169 prodromum
2527 3096 2593 3151 de
2623 3096 2839 3152 illorum
2877 3095 3076 3167 exiguo
3102 3110 3351 3162 numero,
3403 3095 3590 3152 saltem
3637 3111 3736 3152 ve-

518 3182 718 3252 terum,
745 3187 838 3257 qui
878 3196 1068 3244 contra
1098 3187 1476 3243 Mobamedem
1530 3188 1762 3259 ejusque
1808 3189 2004 3242 librum
2038 3187 2306 3242 calamum
2338 3186 2698 3249 strinxerunt,
2728 3192 2784 3239 et
2834 3197 3006 3254 pauca
3035 3191 3184 3239 certe
3237 3183 3457 3239 nomina
3513 3184 3737 3255 recitat,

513 3271 672 3329 Joan.
707 3289 902 3344 nempe
936 3277 1351 3340 Damascenum,
1378 3266 1535 3330 Joan.
1566 3275 2032 3340 Cantacuzenum,
2084 3273 2303 3352 Petrum
2329 3271 2762 3334 Ciuniaeensem,
2799 3279 2852 3326 et
2891 3268 3172 3346 Chaideos
3198 3271 3357 3327 duos.
3384 3270 3545 3342 Atqui
3583 3272 3735 3326 dila-

518 3369 631 3415 tare
661 3376 948 3416 numerum
977 3377 1270 3431 parumper
1293 3369 1520 3431 poterat,
1553 3361 1720 3417 citato
1743 3359 2039 3432 Euthymio
2062 3360 2345 3432 Zygabeno
2377 3373 2498 3413 cum
2536 3358 2662 3413 aliis
2684 3357 2942 3413 brevibus
2977 3358 3239 3426 ejusmodi
3270 3359 3505 3427 scriptis.
3533 3358 3734 3415 edente

517 3447 839 3519 Sylbur‘gio;
875 3447 1161 3503 Theodoro
1184 3448 1450 3508 Abueara.
1487 3449 1677 3502 edente
1702 3447 1978 3510 Gretsero,
2012 3463 2320 3518 quanquam
2354 3447 2581 3518 hieprm
2611 3445 2898 3518 Zygabeno
2924 3446 3076 3501 valde
3102 3446 3280 3502 tenuis
3308 3455 3410 3501 est.
3446 3447 3548 3501 Sed
3571 3449 3728 3502 enim

514 3535 568 3588 in
607 3533 868 3590 Romanis
895 3535 985 3590 Gr.
1022 3535 1302 3590 codicibus
1334 3543 1490 3589 erant
1515 3549 1530 3586 :
1561 3535 1612 3588 i.
1638 3534 1891 3605 Ejusdem
1921 3534 2191 3606 Zygabeni
2213 3535 2459 3606 dialogus
2485 3533 2747 3590 adversus
2779 3533 3175 3598 Mohamedem,
3203 3548 3364 3602 quem
3393 3549 3495 3590 nos
3522 3533 3723 3604 vulga-

515 3619 715 3676 inimus.
748 3621 803 3677 2.
847 3619 1046 3676 Nicetze
1073 3621 1352 3676 Choniatae
1392 3621 1690 3691 capitulum
1718 3623 1769 3676 in
1805 3619 2085 3691 Panoplia,
2134 3622 2275 3689 quod
2309 3636 2408 3676 nos
2437 3621 2490 3674 in
2535 3620 2843 3675 Romanum
2882 3621 2994 3690 jam
3033 3618 3384 3690 Spicilegium
3418 3621 3730 3676 intulimus.

504 3707 621 3785 ‘Sed
646 3709 788 3777 quod
820 3723 1037 3763 omnem
1070 3710 1282 3778 cupiam
1316 3717 1556 3779 superat,
1590 3716 1748 3764 erant
1776 3707 1996 3764 Arabici
2049 3708 2265 3785 codices
2313 3707 2580 3771 Vaticani,
2612 3723 2844 3778 quorum
2875 3709 3175 3780 catalogum
3204 3723 3234 3763 a
3264 3708 3424 3763 nobis
3453 3724 3518 3762 ex
3560 3709 3739 3764 Asse-

515 3795 660 3849 mani
687 3796 904 3852 seiiedis
924 3797 1124 3849 editum
1150 3795 1240 3863 qui
1279 3795 1491 3867 legerit,
1531 3810 1880 3854 numerosam
1908 3782 2533 3850 advet'SIIs'Aicoranum
2564 3793 2999 3851 Christianorum
3035 3793 3361 3863 scriptorum
3397 3794 3730 3848 instructam

514 3883 687 3937 aciem
711 3883 1045 3948 conspicict;
1089 3881 1340 3937 videlicet
1371 3882 1422 3936 in
1457 3881 1740 3938 codicibus
1781 3882 2028 3960 Arabicis
2060 3892 2064 3929 τ

2190 3883 2311 3948 112,
2348 3883 2475 3949 115,
2510 3883 2636 3946 114,
2680 3881 2802 3949 H8,
2833 3881 2956 3943 119,
2983 3882 3107 3945 127,
3146 3881 3568 3946 128,155,1H,
3599 3882 3735 3945 143.

487 4001 490 4004 ~
516 3969 639 4033 i80,
664 3969 788 4032 504,
820 3969 945 4034 545,
977 3969 1099 4034 550,
1119 3969 1247 4032 645,
1271 3977 1327 4025 et
1359 3968 1591 4025 fortasse
1617 3969 1758 4024 aliis:
1790 3968 1991 4040 Utique
2018 3984 2249 4040 magnus
2285 3968 2585 4025 Maraecius
2615 3969 2668 4023 in
2700 3969 2956 4038 praedicta
2981 3967 3296 4038 praefatione
3322 3983 3374 4038 p.
3402 3968 3434 4021 7
3463 3967 3730 4038 globatim

514 4054 1072 4111 memorat‘Arabieos
1103 4055 1320 4110 codices
1349 4055 1687 4110 diversarum
1715 4054 1975 4111 Romanas
1996 4056 2146 4113 urbis
2181 4057 2651 4122 bibliothecarum,
2679 4056 2772 4127 qui
2810 4055 2860 4112 ei
2911 4055 3222 4125 adjumento
3270 4056 3504 4116 fuerunt.
3572 4064 3636 4109 ut
3680 4054 3735 4109 in

516 4142 738 4199 scholiis
767 4152 821 4198 et
859 4145 911 4199 in
942 4144 1221 4213 polemicis
1253 4144 1718 4214 disputationibus
1749 4152 1939 4214 postea
1988 4145 2407 4209 demonstravit,
2460 4145 2551 4200 ubi
2600 4145 2775 4200 lautas
2807 4142 3049 4199 Arabum
3088 4142 3156 4199 de
3200 4143 3301 4200 hac
3355 4142 3734 4198 controversia

517 4221 838 4299 scriptorum
863 4245 993 4300 opes
1027 4231 1315 4300 exposuit;
1353 4233 1554 4287 rectius
1585 4239 1765 4287 tamen
1797 4230 2035 4298 fecisset,
2059 4233 2147 4288 vel
2171 4231 2626 4289 certe'hodiernae
2656 4230 2917 4287 methodo
2944 4229 3428 4298 accommodatius,
3455 4229 3499 4285 si
3530 4229 3731 4300 singu-

515 4318 690 4374 lorum
718 4319 915 4388 quibus
943 4333 1076 4373 usus
1105 4329 1189 4374 est
1219 4313 1471 4374 codiCum
1507 4319 1824 4374 nominatim
1857 4321 2160 4392 catalogum
2196 4320 2277 4375 vel
2325 4320 2572 4376 notitiam
2607 4317 3032 4389 perscripsisset.

583 4403 699 4460 Jam
739 4422 862 4462 vero
887 4405 1099 4462 fruetus
1124 4406 1287 4476 hujus
1317 4415 1514 4462 nostras
1539 4405 1740 4463 Nicetes
1771 4407 2027 4465 editionis
2062 4408 2361 4479 multiplex,
2385 4418 2443 4463 ut
2463 4422 2641 4478 spero,
2667 4406 2888 4462 futurus
2923 4415 3026 4462 est.
3058 4405 3112 4460 i.
3138 4402 3462 4459 Christianas
3503 4402 3734 4470 religio-

514 4493 602 4550 nis
635 4510 770 4549 nova
806 4495 1071 4560 defensio,
1089 4504 1141 4551 et
1174 4491 1581 4551 Mobamedana:
1613 4496 2018 4566 superstitionis
2073 4495 2389 4566 fraudisque
2441 4496 2722 4551 accusatio
2749 4502 2912 4564 atque
2961 4491 3268 4548 subversio.
3299 4491 3354 4546 2.
3420 4489 3735 4562 TheOIOgiae

515 4582 657 4650 apud
679 4580 897 4636 Graecos
927 4582 1264 4641 scholasticae
1286 4592 1382 4637 seu
1417 4582 1765 4651 speculati‘yae
1795 4585 2086 4654 imaginem
2115 4585 2406 4655 genuinam
2437 4583 2526 4638 bie
2560 4581 2885 4653 aspicimus,
2921 4589 2975 4635 et
2999 4595 3107 4649 qua
3135 4579 3415 4644 methodo,
3449 4593 3556 4648 quo
3587 4592 3731 4633 acu-

516 4670 680 4734 mine,
719 4671 918 4739 quibus
953 4670 1249 4725 dialecticm
1271 4679 1324 4724 et
1358 4671 1730 4740 communium
1761 4673 2061 4736 notionum,
2092 4672 2206 4727 sive
2237 4685 2453 4734 sensus,
2489 4669 2722 4733 viribus,
2753 4667 3042 4723 Trinitatis
3075 4665 3374 4738 praesertim
3409 4662 3732 4734 perdidiciie

513 4760 1013 4832 perobscurumque
1044 4759 1357 4829 mysterium
1390 4759 1532 4827 apud
1589 4757 1837 4814 ethnicos
1883 4758 2416 4828 Heliamedanosque
2468 4756 2764 4814 Christiani
2811 4755 3174 4824 approbarent
3208 4753 3301 4808 :in
3333 4767 3439 4822 qua
3479 4745 3762 4821 profecto

513 4842 903 4912 disputationis
930 4851 1083 4910 parte
1107 4841 1324 4896 Nicetas
1347 4850 1530 4895 noster
1563 4841 1828 4897 mirabilis
1858 4851 1971 4907 est;
2007 4841 2286 4916 Graecique
2321 4845 2520 4916 ingenii
2555 4852 2607 4898 et
2629 4844 2799 4898 doette
2829 4839 3125 4910 solidaque
3158 4838 3472 4894 subtilitatis
3505 4837 3733 4906 insigne

519 4931 822 4998 exemplum
853 4930 1178 5000 suppeditat.
1205 4932 1256 4985 3.
1295 4928 1351 4985 ln
1384 4931 1722 5002 singulorum
1751 4932 1977 4986 satanici
2007 4931 2130 4987 libri
2161 4933 2398 5002 capitum
2431 4929 2923 4994 confutationibus,
2952 4928 3211 4983 recitatur
3235 4924 3419 4980 Grtrce
3451 4923 3736 4978 Mobame-

515 5018 600 5072 dis
633 5026 829 5080 textus,
860 5018 939 5073 vel
975 5019 1091 5088 ipso
1119 5018 1300 5072 Niceta
1333 5018 1646 5087 interprete,
1685 5020 1766 5075 vel
1799 5035 1862 5072 ex
1899 5018 2139 5088 cujusvis
2168 5019 2337 5073 Graeci
2381 5018 2618 5072 hominis
2655 5015 3227 5082 translatione,‘quam
3277 5027 3423 5065 nunc
3453 5024 3640 5079 neque
3681 5012 3733 5064 in

519 5103 672 5158 libris
704 5097 884 5170 editis,
915 5119 1087 5173 neque
1119 5104 1170 5158 in
1213 5104 1344 5173 ipsis
1377 5115 1434 5157 ut
1462 5105 1695 5172 arbitror
1727 5106 2114 5175 manuscriptis
2149 5107 2427 5160 codicibus
2461 5105 2642 5158 videre
2670 5112 2770 5158 est.
2808 5103 2967 5156 Certe
2989 5099 3207 5156 Graecos
3236 5099 3562 5153 Alcoranum
3596 5113 3718 5152 non

517 5191 687 5247 semel
719 5177 1111 5256 tantummodo,
1152 5195 1243 5246 sed
1280 5192 1508 5247 fortasse
1536 5193 1759 5261 plurics,
1789 5195 1854 5248 ad
1892 5194 2134 5265 linguam
2169 5209 2321 5248 suam
2354 5191 2716 5253 transtulisse,
2743 5188 2980 5244 dubitari
3009 5188 3233 5256 nequit;
3271 5200 3394 5240 cum
3427 5184 3732 5238 immanem

518 5289 718 5334 Sectam
748 5281 799 5334 in
829 5290 1140 5351 prospectu,
1183 5281 1375 5332 imoet
1404 5280 1456 5330 in
1487 5278 1696 5349 imperii
1727 5282 2023 5336 visceribus
2055 5291 2322 5349 receptam
2357 5280 2639 5342 haberent,
2678 5288 2730 5333 et
2757 5294 2880 5332 cum
2915 5275 3035 5346 ejus
3069 5275 3387 5329 doctoribus
3413 5270 3732 5326 necessario

515 5367 942 5434 contenderent;
983 5369 1032 5422 id
1065 5367 1206 5435 quod
1242 5365 1421 5417 Graeca
1458 5377 1808 5421 monumenta
1845 5368 2197 5438 superstitum
2231 5365 2663 5435 disputationum
2711 5374 2997 5419 testantur.
3051 5362 3204 5416 Nune
3245 5361 3425 5430 itaque
3468 5357 3732 5412 festivum

514 5463 597 5510 est
631 5455 835 5518 videre,
861 5464 1196 5525 quant0pere
1235 5451 1501 5505 interdum
1535 5452 1755 5509 Graccus
1787 5455 2036 5510 Aleorani
2070 5461 2247 5509 textus
2268 5452 2407 5521 apud
2445 5451 2686 5508 Nieetam
2725 5453 2793 5506 ab
2835 5451 3085 5513 Arabico,
3109 5465 3267 5519 quem
3291 5449 3450 5517 vulgo
3466 5445 3728 5518 legimus,

516 5535 776 5597 dill'erat‘:
813 5559 974 5612 quam
1008 5556 1141 5604 rem,
1181 5538 1375 5606 partim
1403 5554 1465 5594 ex
1504 5541 1813 5611 interpretis
1850 5542 2025 5598 Graeci
2058 5540 2346 5610 imperitia,
2380 5539 2574 5609 partim
2605 5541 2675 5594 ob
2707 5539 2981 5609 polysema
3033 5539 3277 5592 Arabicae
3324 5536 3522 5604 lingua:
3556 5547 3726 5589 voca.

521 5635 666 5701 oula,
699 5624 893 5702 partim
926 5629 1156 5701 denique
1189 5637 1407 5700 propter
1460 5627 1630 5698 ipsius
1686 5630 1943 5686 Alcoraui
1999 5629 2304 5688 editionum
2372 5628 2712 5692 varietatem,
2770 5626 3063 5696 contigisse
3097 5623 3420 5681 credendum
3449 5630 3560 5679 est.
3591 5619 3731 5676 Nam
