3926 6308
137 410 237 476 677

1294 395 1715 461 REFUTATIO
1742 394 2211 459 MOHAMEDIS.

3229 413 3336 477 613

141 530 231 581 καὶ
263 520 657 593 πεπερασμένη
684 516 909 588 δυνάμει
934 516 994 569 ιν
1020 513 1097 585 τῷ
1126 509 1263 566 εἷναι
1290 508 1687 581 χαρακτηρίζε-
1716 556 1724 572 Α

1831 511 2008 565 onnisi
2040 526 2101 565 ex
2131 510 2356 565 limilata
2388 512 2626 581 potentia
2666 512 3035 572 exsistentiam
3064 520 3334 588 propriam

140 633 227 671 ται
249 632 266 648 ·
306 614 356 667 si
384 613 440 665 δὲ
469 609 644 675 τοῦτο,
678 608 773 662 καὶ
814 607 913 660 οὐκ
960 604 1167 667 ἀΐδιος·
1202 601 1488 669 συνάγεται
1532 600 1638 668 άρα
1665 599 1693 652 6

140 706 270 767 Θεὸς
295 705 394 757 οὐκ
431 701 618 765 ἀΐδιος,
669 700 803 769 ὅπερ
852 696 999 750 ἐστὶν
1049 694 1270 748 άτοπονο
1302 693 1349 746 ει
1376 691 1420 744 δ’
1452 686 1518 744 αὖ
1553 690 1695 742 κατὰ

145 794 389 857 πλείονας
446 791 865 861 πεπερασμένας
918 786 1173 855 δυνάμεις
1217 782 1400 845 ὀΘεὸς
1457 772 1693 850 παράγει

145 887 316 939 πάντα
343 884 414 937 τά
442 880 659 951 γενητὰ,
708 880 827 933 κατ’
871 877 1020 931 οὐδέν
1055 879 1169 929 ἐστι
1195 873 1255 927 τὸ
1292 873 1444 926 Θεῖον
1476 873 1696 941 άπειρο-

142 978 376 1045 δύναμον
403 994 416 1008 ο
452 976 541 1028 καὶ
577 976 654 1035 εἰς
692 971 885 1025 ταυτὸν
916 968 1297 1040 συνόραμεῖται
1344 966 1410 1032 τῇ
1462 962 1697 1032 προτέρᾳ

145 1068 417 1133 ὑποθέσει,
442 1066 508 1119 δι’
534 1063 796 1133 ἑκατέρας
822 1059 1127 1121 ὑποθέσεως
1151 1073 1164 1086 °
1196 1057 1292 1110 καὶ
1322 1054 1613 1121 συνάγεται
1639 1051 1698 1105 τὸ

144 1160 285 1214 κατὰ
333 1157 497 1228 μηδὲν
557 1150 695 1208 εἶναι
744 1153 804 1205 τὸ
844 1152 997 1206 Θεῖον
1043 1147 1493 1219 ἁπειροδύναμον.
1546 1143 1699 1197 Ἐπεὶ

149 1244 238 1304 οὖν
266 1250 295 1301 6
323 1247 459 1301 αῖὼν
504 1245 665 1298 οἱονεὶ
716 1242 945 1313 δύναμις
996 1242 1146 1295 ἔστιν
1199 1239 1443 1308 ἄπειρος,
1479 1234 1511 1305 ἢ
1541 1234 1701 1287 οἱονεὶ

149 1342 419 1409 διάστημα
456 1324 728 1407 ἄπειρον,
762 1334 907 1389 καθά
956 1335 1065 1396 τοῖς
1108 1329 1468 1400 ὶπιστήμοσιν
1512 1328 1606 1381 καὶ
1633 1328 1699 1397 τῇ

149 1430 376 1502 ἀληθείᾳ
408 1430 575 1492 δοκεῖ,
619 1426 850 1497 φανερὸν
884 1425 965 1478 ὅτι
993 1422 1052 1475 τὸ
1073 1421 1309 1487 αἰώνιον,
1358 1420 1447 1472 καὶ
1478 1420 1703 1487 ἀπειρο-

148 1522 418 1591 δύναμον·
450 1520 631 1573 ’ἐστιν
678 1517 771 1571 οὖν
822 1513 1241 1587 συλλογίσασθαι
1297 1510 1505 1573 οὕτως·
1538 1510 1602 1562 Et
1648 1508 1706 1561 τὸ

150 1614 366 1668 αἰώνιον
413 1611 864 1684 άπειροδύναμον,
909 1610 1044 1678 ὅπερ
1078 1602 1171 1661 06v
1197 1607 1295 1660 οὐκ
1325 1606 1435 1676 ἔχει
1480 1605 1707 1672 δύναμιν

154 1709 402 1777 άπειρον,
433 1706 528 1759 τοῦ
543 1723 591 1759 co
619 1704 738 1757 οὐδὲ
763 1702 977 1757 αἰώνιόν
1004 1700 1149 1754 ἔστιν
1172 1714 1185 1729 ·
1211 1700 1259 1752 εἰ
1294 1694 1386 1752 οὖν
1418 1695 1535 1750 κατ’
1560 1696 1707 1748 οὐδε-

150 1799 281 1868 μίαν
308 1797 418 1852 τῶν
443 1797 718 1866 ἑκατέρων
743 1793 1075 1854 ὑποθέσεων,
1112 1792 1141 1843 ό
1165 1789 1296 1852 Θεὸς
1335 1787 1560 1858 ἄπειρον
1594 1786 1708 1855 ἔχει

151 1891 400 1961 δύναμιν,
451 1889 572 1942 κατ’
599 1888 747 1941 οὐδέν
781 1886 928 1938 ἐστιν
978 1882 1225 1944 αἰώνιος·
1264 1882 1312 1934 εἱ
1344 1880 1401 1933 δὲ
1446 1879 1521 1949 μή
1564 1879 1710 1930 ἐστιν

154 1981 391 2043 αἰώνιος,
432 1980 536 2032 ὑπὸ
584 1979 772 2048 χρόνον
827 1976 973 2029 ἐστὶν
1016 1973 1076 2037 ἐξ
1119 1972 1396 2049 ἀνάγκης·
1442 1968 1550 2037 τῶν
1604 1966 1711 2036 γὰρ

153 2074 319 2126 ὅντων
348 2071 418 2125 τά
450 2070 549 2142 μέν
579 2073 724 2123 ἐστιν
752 2067 946 2121 αἰώνια
970 2106 985 2129 ,
1034 2065 1101 2118 τὰ
1139 2063 1196 2117 δὲ
1226 2062 1331 2116 ὑπὸ
1363 2061 1582 2131 χρόνον·
1619 2056 1712 2110 καὶ

158 2163 272 2226 πῶς
318 2162 425 2214 ὑπὸ
479 2162 669 2231 χρόνον
694 2161 721 2211 6
749 2159 857 2211 τῶν
906 2146 1115 2228 χρόνων
1153 2150 1519 2223 δημιου¹ργόςς
1568 2150 1615 2201 εἰ
1657 2147 1712 2200 δὲ

158 2251 332 2316 τοῦτο,
370 2251 463 2304 καὶ
495 2249 666 2321 ἀρχὴν
698 2248 811 2318 ἔχει
853 2248 946 2300 καὶ
986 2246 1136 2307 τέλος
1161 2260 1175 2273 ο
1218 2242 1307 2295 καὶ
1340 2239 1466 2295 ἄλλο
1494 2256 1545 2291 τι
1567 2236 1715 2306 αὺτῷ
1749 2276 1758 2285 .

158 2343 306 2402 ἔσται
331 2342 426 2395 τοῦ
458 2338 598 2396 εἶναι
628 2341 722 2394 καὶ
758 2340 858 2409 τῆς
886 2336 1172 2406 ὑπάρξεως
1216 2335 1387 2387 αἴτιον
1408 2349 1421 2363 ·
1454 2331 1549 2384 καὶ
1587 2329 1717 2400 περὶ

161 2439 367 2491 ἐκείνου
395 2437 463 2490 τά
487 2436 625 2488 αὐτὰ
654 2434 1032 2503 ἀπορήσομεν·
1064 2430 1157 2484 καὶ
1177 2428 1332 2482 τοῦτο
1352 2426 1438 2482 ἐπ’
1468 2416 1715 2494 ἄπειρον,

163 2528 293 2597 ὅπερ
319 2526 470 2579 ἐστὶν
501 2526 721 2582 ἄτοπον.
750 2523 1008 2577 Λείπεται
1030 2521 1137 2590 άρα
1162 2519 1269 2573 τῶν
1288 2517 1489 2571 λοιπῶν
1515 2514 1607 2568 δύο
1623 2514 1719 2584 τὴν

166 2620 353 2689 ἑτέραν
383 2617 558 2689 άληθῆ
602 2610 762 2680 εἶναι,
808 2615 905 2683 τῆς
939 2612 1251 2683 φασκούσης
1284 2610 1414 2680 μίαν
1444 2607 1537 2661 καὶ
1565 2607 1721 2660 άπει-

169 2729 279 2785 ρον,
310 2710 530 2779 καὶτῆς
571 2707 769 2770 πολλάς
801 2723 859 2759 τε
887 2706 981 2759 καὶ
1020 2702 1307 2775 ἀπείρουςο
1354 2699 1468 2754 ἀλλ’
1509 2699 1588 2752 ὅτι
1625 2696 1722 2767 μὲν

168 2800 414 2873 πλείονας
456 2797 710 2866 δυνάμεις
746 2794 842 2847 καὶ
870 2792 1149 2863 ἀπείρους,
1184 2790 1254 2842 δι’
1293 2788 1361 2850 ἃς
1402 2786 1725 2856 δημιουργεῖ

168 2894 255 2947 τὸν
296 2892 502 2961 κόσμον
532 2889 559 2941 6
588 2888 739 2952 Θεὸς,
780 2886 960 2955 λέγειν
989 2885 1081 2937 ἐπὶ
1117 2881 1252 2937 Θεοῦ
1282 2879 1547 2935 ἀνοίκειόν
1576 2880 1725 2931 ἐστιν

169 2984 254 3039 διά
273 2984 373 3053 τὴν
414 2980 652 3050 παντελῆ
687 2977 781 3032 τοῦ
829 2976 966 3031 Θεοῦ
1020 2973 1318 3043 ἁπλότητα,
1375 2969 1605 3039 φανερὸν
1644 2969 1725 3022 ὅτι

174 3075 299 3144 μίαν
329 3073 425 3127 καὶ
467 3074 691 3141 ἄπειρον
736 3068 827 3123 καὶ
872 3066 1013 3121 κατά
1056 3066 1233 3119 πάντα
1273 3060 1724 3132 ἀπειροδύναμον,

1792 603 1990 657 habere
2012 603 2204 657 videri.
2228 603 2380 669 Quod
2412 606 2456 660 si
2482 607 2552 659 ita
2586 616 2686 669 cst,
2719 620 2823 659 non
2849 616 2933 662 est
2960 609 3337 679 sempiternus.

1793 690 2077 762 Colligitur
2115 708 2242 764 ergo
2271 693 2432 749 Deum
2459 711 2565 750 non
2600 711 2720 751 esse
2749 696 3166 767 sempiternum;
3199 703 3345 769 quod

1795 794 1878 838 est
1914 784 2232 839 absurdum.
2267 782 2360 840 Sin
2402 802 2530 841 vero
2565 786 2706 841 Deus
2750 803 2842 857 per
2882 789 3065 858 plures
3087 791 3347 846 limitatas

1797 878 2061 947 potentias
2092 885 2396 931 creaturam
2425 893 2639 934 omnem
2670 879 2937 948 producit,
2965 880 3113 934 nulla
3143 884 3197 936 in
3234 867 3343 937 Deo

1786 969 2003 1051 inﬁnita
2046 970 2281 1038 potentia
2316 976 2420 1033 est,
2451 972 2748 1043 eodemque
2775 981 2832 1026 ut
2859 985 3014 1030 antea
3053 990 3347 1043 argumen-

1800 1068 1910 1113 tum
1953 1060 2143 1114 recidit
2183 1060 2236 1114 in
2288 1070 2519 1131 utraque
2587 1064 2903 1134 hypothesi;
2954 1065 3350 1135 coniiciturque

1800 1158 1860 1202 ut
1894 1149 2035 1204 Deus
2061 1151 2206 1205 nulla
2234 1150 2289 1205 in
2316 1167 2374 1207 re
2402 1152 2473 1206 sit
2502 1153 2864 1222 omnipotens.
2889 1153 3027 1222 Quia
3048 1170 3177 1228 ergo
3199 1164 3356 1212 acten-

1802 1240 1945 1295 nitas
1984 1249 2067 1296 est
2103 1241 2349 1311 quaedam
2378 1244 2539 1297 veluti
2587 1242 2795 1298 inﬁnita
2826 1248 3087 1315 potentia,
3116 1248 3197 1303 vel
3225 1248 3351 1302 iulia

1804 1331 1975 1384 nitum
2005 1331 2276 1400 quoddam
2311 1331 2566 1401 spatium,
2602 1342 2658 1387 ut
2686 1335 3022 1403 sapientibus
3046 1343 3100 1391 et
3128 1336 3227 1406 ipsi
3257 1353 3354 1391 ve-

1803 1421 1948 1475 ritati
2007 1422 2201 1491 placet,
2240 1431 2455 1477 constat
2506 1423 2559 1479 id
2598 1424 2741 1495 quod
2795 1432 3052 1481 aeternum
3076 1435 3180 1491 est,
3213 1426 3356 1481 idem

1804 1528 1924 1567 esse
1980 1512 2144 1565 etiam
2210 1514 2575 1583 omnipotens.
2632 1515 2723 1572 Sic
2770 1517 2952 1586 itaque
2989 1518 3359 1587 argumentari

1807 1604 1969 1659 licet:
1998 1603 2055 1657 Si
2085 1603 2227 1672 quod
2258 1613 2518 1659 aeternum
2552 1615 2655 1670 est,
2681 1606 2820 1660 idem
2858 1607 3229 1677 omnipotens,
3272 1623 3363 1663 se-

1809 1696 1992 1767 quitur
2013 1703 2072 1747 ut
2099 1695 2240 1764 quod
2268 1711 2373 1751 non
2400 1696 2558 1751 habet
2583 1682 2874 1766 potentiam
2904 1676 3191 1765 infinitam,
3221 1698 3361 1752 idem

1810 1800 1877 1838 ne
1908 1794 2174 1838 aeternum
2210 1784 2426 1850 quidem
2460 1784 2550 1839 sit.
2608 1784 2664 1839 Si
2697 1799 2825 1855 ergo
2872 1786 2923 1840 iu
2972 1797 3164 1847 neutra
3192 1787 3367 1857 hypo-

1811 1873 1947 1928 thesi
1978 1871 2117 1927 Deus
2148 1873 2413 1939 inﬁnitam
2467 1875 2627 1930 habet
2668 1876 2986 1944 potentiam,
3020 1878 3167 1933 nullo
3207 1875 3370 1931 modo

1810 1974 1893 2022 est
1921 1974 2175 2020 aternus.
2222 1964 2376 2029 Quod
2423 1966 2469 2019 si
2519 1981 2627 2019 non
2660 1976 2741 2019 est
2772 1974 3026 2032 aeternus,
3065 1954 3372 2023 necessario

1815 2057 2040 2125 tempori
2091 2055 2358 2110 obnoxius
2412 2065 2516 2110 est.
2561 2055 2695 2109 Nam
2746 2068 2922 2110 rerum
2979 2057 3365 2112 exsistentium

1814 2149 1933 2202 alia:
2000 2157 2212 2202 aeterna:
2263 2155 2411 2211 sunt,
2472 2148 2590 2202 alia:
2644 2157 2883 2217 tempore
2927 2148 3371 2218 circumscriptae.

1816 2231 2098 2306 Quomodo
2132 2248 2311 2292 autem
2342 2247 2583 2307 tempore
2615 2237 2698 2291 'sit
2735 2237 3180 2307 circumscriptus
3206 2239 3254 2295 is
3283 2240 3376 2307 qui

1816 2338 2118 2398 temporum
2154 2336 2237 2382 est
2285 2329 2534 2382 creator?
2567 2329 2717 2392 Quod
2769 2327 2814 2381 si
2863 2328 2933 2381 ita
2963 2328 3050 2394 sit,
3081 2337 3134 2382 et
3163 2326 3375 2382 initium

1817 2422 1980 2475 habet
2007 2430 2060 2475 et
2085 2419 2282 2481 tinem;
2329 2428 2383 2472 et
2419 2418 2565 2474 aliud
2595 2419 2792 2487 aliquid
2842 2419 2889 2472 ei
2924 2417 3027 2473 erit
3051 2417 3379 2473 exsistentim

1820 2508 2294 2576 subsistentiazque
2318 2508 2652 2561 causativum
2685 2523 2698 2560 :
2729 2514 2781 2560 et
2812 2521 3007 2559 rursus
3027 2505 3092 2558 de
3127 2505 3229 2560 hoc
3264 2505 3381 2575 ipso

1818 2590 2005 2655 eodem
2066 2600 2227 2651 modo
2296 2597 2668 2663 ambigemus;
2710 2597 2763 2649 et
2810 2595 2913 2649 hoc
2972 2595 3027 2649 in
3076 2594 3379 2661 intluitum;

1820 2691 1965 2769 quod
1998 2698 2078 2743 est
2113 2689 2427 2743 absurdum.
2462 2687 2748 2755 Reliquum
2778 2694 2861 2740 est
2898 2684 3082 2754 igitur,
3117 2692 3177 2740 ut
3213 2685 3383 2739 alter-

1800 2786 1944 2836 ‘utra
1985 2795 2051 2834 ex
2084 2779 2293 2833 duabus
2318 2792 2442 2831 "era
2470 2775 2731 2830 sententia
2763 2775 2867 2840 sit;
2913 2774 2962 2827 id
3016 2780 3119 2837 est,
3162 2774 3245 2827 vel
3283 2774 3377 2827 illa

1826 2887 1945 2942 qua:
1969 2885 2131 2925 unam
2154 2870 2286 2924 dicit
2310 2868 2737 2936 immensamque
2760 2849 3051 2935 potentiam
3073 2882 3089 2930 ;
3110 2864 3194 2917 vel
3212 2864 3384 2919 altera

1826 2975 1947 3030 qua:
1985 2959 2166 3027 plures
2220 2966 2275 3010 et
2321 2957 2634 3010 immensas.
2691 2954 2797 3009 Sed
2849 2953 2992 3009 enim
3030 2954 3152 3023 quia
3204 2953 3385 3021 plures

1828 3050 2094 3121 potentias
2152 3058 2205 3103 et
2258 3049 2552 3102 immensas
2591 3046 2824 3110 'dicere,
2872 3044 3071 3115 quibus
3126 3043 3387 3097 mundum

173 3133 304 3236 δπερ
338 3163 435 3218 καὶ
485 3133 685 3233 μᾶλλον
714 3157 912 3227 άληθὲς
943 3156 1081 3219 ἐστι,
1122 3153 1215 3207 καὶ
1251 3154 1372 3211 ταῖς
1398 3152 1602 3211 κοιναῖς
1635 3148 1724 3200 ἐπὶ

1832 3138 1973 3192 Deus
2004 3135 2327 3201 condiderit,
2362 3135 2471 3189 Deo
2510 3133 2865 3203 improprium
2901 3141 3004 3197 est,
3038 3141 3251 3202 propter
3277 3147 3393 3185 om-

176 3256 304 3311 Θεοῦ
331 3253 558 3315 ἐννοίαις
591 3248 875 3319 ἁρμόττον.
915 3245 1069 3300 Ἐπεὶ
1099 3242 1191 3296 06v
1210 3246 1238 3295 6
1267 3241 1421 3309 λόγος
1446 3241 1510 3293 ὲκ
1536 3236 1730 3291 κοινῶν

179 3345 388 3400 ἐννοιῶν
438 3344 534 3397 καὶ
582 3340 709 3411 ἡμῖν
775 3335 1203 3405 κατειθισμένων
1261 3332 1355 3394 καὶ
1392 3331 1463 3383 δι’
1509 3329 1731 3397 ἐπιστη-

182 3437 414 3508 μονικῶν
446 3433 837 3504 ἐπιχειρήσεων
856 3427 1065 3497 ⁷ἔδειξεν
1097 3426 1179 3479 ὅτι
1235 3422 1379 3477 κατὰ
1407 3422 1535 3492 μίαν
1564 3420 1731 3488 ⁶·.όνην

177 3531 269 3583 καὶ
298 3528 476 3599 ἁπλῆν
514 3526 609 3579 καὶ
634 3522 774 3577 κατά
801 3521 977 3574 πάντα
1012 3515 1445 3585 άπειροδύναμον
1479 3510 1729 3581 δύναμιν,

178 3623 205 3674 6
228 3620 354 3682 Θεὸς
402 3619 463 3671 τὸ
491 3615 715 3677 δυνατὸς
762 3609 896 3665 εἶναι
937 3609 1070 3679 ἔχει,
1102 3609 1192 3660 καὶ
1217 3607 1285 3659 δι’
1311 3604 1482 3674 αὐτῆς
1529 3602 1675 3655 ποιεῖ
1705 3599 1733 3653 6

180 3712 337 3775 ποιεῖ,
372 3713 469 3763 καὶ
502 3707 596 3759 τὸν
628 3704 831 3774 κόσμον
873 3700 1131 3755 οὑσίωσέν
1155 3715 1217 3751 τε
1258 3697 1352 3749 καὶ
1390 3695 1732 3767 παρήγαγεν,

181 3805 270 3860 καὶ
294 3803 378 3857 ἐπ’
410 3801 572 3854 αὐτὸν
610 3796 668 3850 τὸ
692 3794 947 3850 δύνασθαι
969 3792 1186 3858 λέγεται
1208 3805 1221 3819 ·
1253 3787 1393 3858 αὕτη
1415 3784 1507 3840 οὖν
1586 3784 1737 3837 δύνα-

186 3913 289 3966 μις,
311 3894 346 3965 ἢ
372 3888 505 3947 ποτέ
528 3892 675 3943 ἐστιν
700 3890 757 3940 ὲν
777 3884 854 3956 τῷ
882 3884 1024 3954 Θεῷ,
1049 3881 1182 3953 ἢάεὶ
1200 3896 1214 3911 ·
1246 3878 1360 3933 ἀλλ’
1388 3879 1435 3929 ei
1462 3876 1557 3947 μὲν
1584 3873 1732 3937 ποτὲ,

184 3989 326 4043 Im:
350 3990 378 4040 6
413 3985 544 4045 Θεὸς
591 3982 717 4035 ποτὲ
754 3976 1022 4047 άδύναμος
1066 3975 1158 4027 καὶ⁵
1206 3971 1493 4041 ἀνῖσχυρος
1518 3968 1610 4022 τοῦ
1641 3968 1736 4037 δη-

187 4078 460 4150 μιουργεῖν
488 4091 547 4128 τε
578 4074 671 4126 καὶ
701 4069 967 4139 παράγειν
989 4082 1002 4096 ·
1041 4064 1134 4119 καὶ
1166 4063 1272 4133 γὰρ
1304 4063 1386 4130 ἐφ’
1418 4054 1494 4113 ὧν
1521 4061 1556 4130 ἡ
1577 4057 1737 4114 δύνα-

187 4149 272 4242 μις
304 4149 435 4224 ποτὲ
466 4167 527 4220 οὐ
558 4164 881 4236 πρόσεστιν,
936 4158 1139 4211 τούτων
1169 4154 1261 4209 καὶ
1293 4153 1354 4206 τὸ
1387 4151 1517 4204 ποτὲ
1565 4149 1739 4202 ποιεῖν

183 4241 601 4319 διακεκώλυταιο
647 4260 697 4311 εἰ
744 4257 800 4309 δὲ
842 4254 1028 4316 τοῦτο,
1082 4251 1177 4304 καὶ
1224 4247 1284 4300 οὐ
1333 4246 1627 4316 σύνδρομον
1681 4241 1742 4294 τὸ

183 4357 436 4412 δύνασθαι
460 4354 651 4416 θέλειν,
674 4352 767 4404 atat
789 4347 903 4410 πῶς
922 4344 1109 4399 διοίσει
1127 4344 1222 4413 τῆς
1247 4341 1480 4410 γενητῆς
1504 4337 1739 4406 φύσεως,

1832 3232 2104 3285 nimodam
2158 3230 2373 3285 deitatis
2435 3228 2883 3297 simplicitatem;
2944 3225 3184 3296 profecto
3248 3232 3394 3294 patet

1834 3340 1994 3380 uuam
2034 3324 2461 3391 immensamque
2490 3336 2609 3375 esse
2636 3320 2951 3389 petentiam,
2983 3327 3033 3373 et
3052 3302 3393 3388 quoquever-

1833 3431 1927 3472 sus
1955 3415 2407 3484 omnipotentem;
2447 3428 2588 3481 quoa
2620 3420 2669 3465 et
2699 3411 2876 3465 verius
2922 3415 3023 3471 est,
3063 3417 3116 3462 et
3149 3423 3395 3463 commu-

1834 3505 1993 3559 nibus
2022 3503 2088 3557 de
2127 3504 2238 3577 Deo
2270 3502 2579 3556 notionibus
2614 3494 2935 3569 congruum.
2974 3496 3246 3563 Quoniam
3291 3496 3395 3549 ita.

1836 3610 1942 3666 que
1990 3608 2170 3649 sermo
2200 3603 2385 3648 noster
2440 3608 2505 3647 ex
2538 3590 2920 3647 communibus
2970 3587 3233 3657 nobisque
3264 3600 3397 3641 con-

1836 3690 2007 3747 suetis
2037 3688 2346 3763 notionibus
2397 3688 2742 3753 scientiaeque
2774 3684 3107 3756 argumentis
3136 3682 3398 3748 ostendit,

1839 3796 2025 3845 unam,
2057 3780 2248 3843 solam,
2274 3777 2701 3848 simplicemque,
2723 3785 2774 3831 et
2797 3789 3200 3846 quaqueversus
3224 3772 3403 3829 omni-

1838 3880 2111 3943 potentem
2144 3885 2266 3925 esse
2306 3868 2621 3923 facultatem
2674 3869 2820 3922 illam
2845 3907 2859 3934 ,
2891 3883 2997 3939 qua
3030 3867 3171 3922 Deus
3205 3873 3398 3939 potens

1837 3973 1950 4043 est,
1990 3972 2042 4018 et
2072 3977 2179 4032 qua
2214 3962 2265 4016 id
2295 3962 2406 4032 agit
2430 3961 2573 4031 quod
2613 3960 2741 4031 agit,
2761 3961 3068 4029 mundoque
3096 3959 3399 4021 subsisten-

1840 4056 1969 4111 tiam
1997 4054 2261 4121 contulit;
2290 4055 2424 4119 haec,
2453 4054 2694 4124 inquam,
2716 4053 2971 4121 potentia,
3001 4051 3089 4114 vel,
3111 4049 3404 4127 aliquando

1841 4149 1896 4203 in
1944 4148 2053 4203 Deo
2081 4156 2183 4211 est,
2216 4146 2298 4200 vel
2337 4161 2571 4216 semper.
2611 4144 2714 4221 Sed
2760 4145 2804 4200 si
2836 4143 3126 4213 aliquando
3173 4150 3404 4210 tantum,

1840 4242 1983 4298 Deus
2016 4242 2117 4297 erit
2139 4242 2427 4310 aliquando
2457 4241 2726 4310 impotens
2750 4248 2802 4293 et
2826 4237 3095 4293 invalidus
3123 4234 3191 4290 ad
3215 4249 3407 4291 creauq

1842 4336 1970 4391 dum
2007 4350 2071 4389 ac
2106 4333 2537 4404 producendum.
2565 4330 2698 4389 Nam
2731 4331 2932 4400 quibus
2964 4329 3015 4384 in
3049 4328 3210 4384 rebus
3238 4327 3408 4387 inter-3

189 4451 265 4502 ἐπ’
293 4450 358 4502 ἂν
386 4447 448 4500 τὸ
473 4443 732 4500 δύνασθαι
783 4437 930 4507 αὐτῷ
975 4436 1074 4487 οὐκ
1107 4434 1193 4487 ἀεὶ
1245 4424 1566 4502 πρόσεστιν;
1608 4426 1724 4480 άλλέ

1844 4425 1971 4481 dum
2020 4428 2067 4481 ei
2115 4425 2350 4495 potentia
2396 4424 2574 4487 deest,‘
2598 4438 2689 4477 eas
2713 4422 3003 4492 quominus
3031 4419 3191 4474 faciat
3229 4418 3403 4473 inter-.-

187 4485 279 4593 ;al.
293 4485 528 4609 μάτηννή
545 4532 697 4601 κοινὴ
718 4485 1007 4584 ἐννοιαέπε
1016 4485 1301 4596 ρειδομένη
1317 4519 1473 4573 τοῦτο
1486 4594 1489 4597 Δ
1501 4485 1717 4584 κατέχει

1850 4518 1978 4571 dum
2014 4517 2406 4588 prohibebitur.
2460 4514 2616 4582 Quod
2668 4515 2715 4570 si
2745 4514 2820 4605 ita
2848 4522 2950 4578 est,
2983 4526 3159 4579 neque
3194 4525 3410 4579 semper

188 4630 244 4682 τὸ
273 4630 449 4683 πάντα
483 4629 573 4680 τὸν
612 4623 743 4677 Θεὸν
786 4618 1066 4698 δυνασθαι,
1117 4615 1210 4668 καὶ
1239 4614 1327 4665 ὅτε
1358 4610 1502 4665 θέλει
1532 4609 1624 4662 καὶ
1655 4609 1742 4660 ὅτε

192 4720 455 4791 βούλεται.

1852 4584 2142 4662 comitatur
2193 4607 2526 4661 voluntatem
2572 4584 2849 4677 potentia,
2884 4602 3157 4669 quomodo
3197 4600 3339 4654 Deus
3377 4616 3411 4657 a

1853 4709 2035 4753 creata
2092 4709 2280 4753 natura
2312 4698 2542 4764 diﬁcret,
2589 4694 3023 4765 quandoquidem
3064 4693 3125 4749 ei
3168 4692 3408 4762 potentia

192 4811 329 4865 haud
360 4824 575 4875 semper
604 4805 784 4863 adest?
818 4801 1045 4857 Temere
1100 4798 1262 4869 igitur
1311 4790 1619 4849 communis
1652 4790 1805 4845 notio
1843 4790 1947 4874 hoc
1993 4789 2269 4845 mordicus
2323 4797 2486 4855 tenet,
2521 4789 2771 4843 videlicet
2809 4786 2974 4840 Deum
3014 4785 3197 4839 omnia
3252 4798 3412 4855 posse

194 4903 619 4974 quotiescunque
660 4897 735 4949 ita
769 4894 883 4949 vult
924 4906 988 4945 ac
1037 4887 1303 4944 decernit.

256 4995 320 5061 ζ’.
350 4994 461 5048 Καὶ
512 4992 682 5055 άλλως
706 5005 721 5020 ⁶
757 4990 818 5042 El
851 4987 942 5041 οὖν
970 4988 996 5040 6
1025 4984 1177 5046 Θεὸς,
1213 4982 1287 5044 ὼς
1336 4980 1567 5050 ῑφαμεν,
1609 4976 1741 5035 ποτε

194 5090 299 5160 ἔχει
339 5088 438 5157 τὴν
473 5082 637 5137 αὑτοῦ
683 5082 931 5149 δύναμιν,
962 5077 1114 5145 δῆλον
1149 5074 1229 5127 ὅτι
1258 5071 1548 5157 ἐπίκτητον
1577 5066 1744 5136 αὐτὴν

196 5158 508 5244 εἰσδέχεται,
534 5173 689 5240 εῐπερ
714 5171 743 5221 6
764 5167 895 5229 Θεὸς
921 5165 1005 5220 ἀει
1027 5166 1171 5217 ἐστιν
1190 5177 1202 5191 ⁸
1235 5162 1340 5213 πᾶν
1364 5159 1419 5212 δὲ
1442 5158 1502 5210 τὸ
1524 5158 1746 5223 ἐπικτή-

195 5284 295 5328 τως
342 5260 630 5333 δεχόμενόν
660 5277 734 5323 τι,
770 5256 992 5325 ὕστερον
1031 5253 1124 5307 τοῦ
1169 5247 1309 5305 εἶναι
1352 5250 1482 5305 αὐτὸ
1513 5248 1743 5316 δέχεται,

200 5358 289 5408 καὶ
314 5354 455 5405 κατὰ
506 5348 786 5420 προκοπὴν
834 5346 927 5402 καὶ
955 5344 1029 5407 ὼς
1057 5342 1270 5405 ἐλλιπὲς
1315 5339 1472 5395 τοῦτο
1497 5338 1710 5405 δέχεται
1730 5352 1744 5367 ο

202 5446 482 5512 συνάγεται
511 5442 617 5513 ἄρα
639 5442 717 5494 ὅτι
743 5442 772 5492 6
794 5437 923 5501 Θεὸς
953 5436 1105 5493 ἔσται
1129 5435 1257 5487 ποτὲ
1284 5431 1477 5504 ἀτελὴς
1499 5430 1591 5482 καὶ
1616 5428 1758 5481 κατὰ

202 5538 475 5607 προκοπὴν
511 5532 912 5606 τελειούμενος*
957 5528 1093 5598 ὅπερ
1147 5525 1261 5578 ἐστὶ
1310 5524 1400 5574 καὶ
1433 5522 1609 5589 λέγειν
1664 5519 1757 5572 καὶ

203 5632 395 5684 ιννοεῐν
428 5627 519 5681 ἐπὶ
542 5622 676 5679 Θεοῦ
712 5624 1048 5693 βλάσφημον.
1081 5618 1189 5673 Καὶ
1218 5615 1419 5676 ἄλλως*
1452 5615 1514 5665 El
1544 5611 1755 5682 ἠδύνα-

207 5741 292 5795 μις
317 5722 411 5775 τοῦ
442 5720 577 5775 Θεοῦ
613 5714 758 5787 αὺτῷ
787 5732 917 5769 ποτε
966 5714 1271 5783 πρόσεστιν,
1318 5707 1541 5774 ὕστερον
1587 5706 1756 5773 αὐτὴν

206 5814 452 5884 εἴληφεν·
493 5813 543 5867 εἰ
591 5811 647 5865 δὲ
683 5808 881 5884 τοῦτο,
940 5806 1056 5875 ἦτοι
1114 5801 1244 5873 παρ’
1304 5797 1496 5852 ἑαυτοῦ
1550 5796 1757 5867 ταύτην

1919 4973 1969 5025 7..
2004 4971 2068 5025 Et
2095 4972 2249 5027 aliter
2277 4989 2290 5024 :
2318 4972 2376 5028 Si
2404 4987 2535 5043 ergo
2561 4972 2722 5039 Deus,
2752 4978 2809 5027 ut
2834 4970 3090 5033 diximus,
3124 4967 3413 5039 aliquando

1847 5075 2056 5120 tantum
2092 5066 2387 5134 potentiam
2413 5081 2565 5120 suam
2599 5065 2778 5128 habet,
2810 5061 3032 5132 a'pparet
3060 5062 3196 5115 hanc
3225 5060 3409 5127 acqui-

1850 5158 2007 5212 sitam
2041 5156 2306 5225 recipere;
2351 5156 2787 5225 quandoquidem
2848 5154 2990 5211 Deus
3042 5166 3250 5217 semper
3300 5157 3405 5203 est.

1849 5246 1967 5301 Jam
2008 5248 2188 5303 omnis
2227 5247 2320 5316 qui
2350 5247 2683 5317 acquisitum
2714 5245 2914 5312 aliquid
2950 5241 3157 5309 recipit,
3191 5239 3411 5292 nonnisi

1855 5348 2146 5407 postquam
2197 5339 2313 5408 ipse
2341 5347 2445 5404 est,
2492 5338 2625 5393 illud
2651 5336 2872 5407 recipit;
2911 5330 3205 5400 etquidem
3238 5331 3414 5381 inero-

1862 5431 2028 5485 menti
2083 5432 2289 5495 instar,
2343 5432 2485 5501 quod
2520 5439 2676 5485 antea
2723 5425 3075 5485 desiderabat.
3132 5420 3416 5487 Colligitur

1862 5517 2044 5589 itaque
2079 5520 2246 5578 Deum
2284 5536 2404 5575 esse
2443 5521 2731 5590 aliquando
2789 5514 3181 5590 imperfectum,
3215 5519 3269 5563 et
3324 5511 3411 5563 in—

1860 5588 2153 5664 crementis
2189 5610 2409 5679 perﬁci;
2444 5588 2587 5678 quod
2620 5610 2685 5664 de
2722 5610 2825 5661 Deo
2853 5604 3030 5657 dicere
3078 5588 3133 5654 et
3177 5601 3415 5668 cogitare

1860 5704 2234 5772 blaspltemum
2265 5710 2366 5756 est.
2402 5700 2528 5754 ltem
2580 5701 2733 5753 aliter
2765 5716 2776 5749 :
2816 5695 2867 5746 Si
2900 5692 2991 5747 Dei
3027 5692 3262 5763 potentia
3315 5689 3413 5755 ipsi

1863 5794 2154 5867 aliquando
2189 5792 2563 5849 tantummodo
2595 5792 2755 5855 inest,
2789 5788 2929 5842 hanc
2976 5783 3191 5841 nonnisi
3219 5780 3416 5837 deinde
