3926 6308
471 321 575 387 679

1728 270 2034 381 meare
2064 310 2468 379 BYZANTINI

3598 320 3717 386 680

471 426 700 498 accepit;
733 424 882 491 Quod
930 425 974 478 si
1013 424 1086 478 ita
1110 434 1210 490 est,
1244 427 1329 479 vel
1360 439 1387 479 a
1422 440 1480 481 se
1515 425 1633 495 ipso
1665 439 1784 479 eam
1819 428 2029 496 accepit

2138 426 2372 497 εἴληφεν,
2419 429 2451 499 ἢ
2487 428 2613 499 παρ’
2667 429 2885 499 ἑτέρου·
2933 429 3045 483 ἀλλ’
3075 431 3121 484 εἰ
3157 431 3252 502 μὲν
3296 433 3434 504 παρ’
3489 434 3714 500 ἑαυτοῦ,

471 517 556 572 vel
587 518 654 570 ab
682 517 806 570 alio.
836 514 954 568 Jam
998 515 1045 569 si
1092 532 1118 568 a
1155 531 1211 570 se
1239 517 1358 585 ipso
1394 516 1622 584 accepit,
1659 516 1740 570 vel
1774 525 2030 582 tanquam

467 607 576 677 jam
611 607 814 660 habens
852 621 970 660 eam
1018 608 1242 675 accepit,
1284 607 1367 660 vel
1406 622 1587 662 secus.
1633 604 1735 660 Sed
1768 607 2033 675 siquidem

357 714 359 718 ‘
469 706 727 764 tanquam
764 710 867 748 non
894 696 1114 761 habens,
1152 712 1432 765 nunquam
1461 698 1598 750 hanc
1627 697 1872 766 accipiet.
1899 695 2033 749 Nam

470 785 680 856 quiest
721 791 932 855 ineptus
970 788 1034 840 ad
1088 786 1394 842 faciendum
1450 788 1675 858 aliquid,
1714 790 1817 843 hoc
1856 789 2036 857 ipsum

471 878 677 933 scilicet
713 875 893 931 facere
921 892 1025 930 non
1051 886 1243 947 potest.
1279 878 1509 947 Quodsi
1542 890 1799 948 tanquam
1833 879 2036 933 habens

471 968 711 1035 accepitl,
758 969 932 1037 primo
973 969 1190 1036 quidem
1244 970 1370 1036 quid
1424 969 1638 1033 obstat,
1682 979 1738 1022 ut
1779 971 2036 1038 quoniam

470 1046 835 1128 sempiternus
864 1069 1002 1121 erat,
1046 1060 1286 1128 potentia
1322 1075 1539 1129 quoque
1569 1060 1827 1128 praeditus
1853 1060 2039 1114 esset?

473 1149 674 1204 Deinde
703 1137 830 1204 hinc
855 1150 1139 1204 exsisteret
1166 1150 1407 1222 potentia
1434 1150 1685 1219 potentiae.
1709 1191 1721 1216 ,
1751 1151 2039 1220 multaeque

470 1238 525 1290 in
561 1234 669 1291 Deo
704 1237 956 1306 potentiae
993 1239 1214 1304 ﬁerent;
1264 1231 1404 1306 quod
1437 1253 1587 1304 mque
1631 1238 1916 1292 manifeste
1945 1254 2039 1291 ne-

470 1325 708 1394 gandum
743 1326 848 1378 est‘.‘
877 1322 993 1378 Jam
1041 1326 1084 1379 si
1117 1340 1144 1378 a
1174 1342 1232 1379 se
1269 1327 1385 1395 ipso
1428 1327 1564 1380 hanc
1593 1327 1891 1395 p0tentiam
1923 1342 2030 1380 non

473 1414 701 1484 accepit,
735 1426 978 1485 superest
1014 1426 1069 1468 ut
1104 1417 1170 1470 ab
1222 1417 1346 1470 alio.
1383 1417 1484 1470 Sed
1515 1407 1558 1469 si
1598 1417 1665 1469 ab
1696 1418 1822 1483 alio,
1855 1416 2040 1486 utique

473 1505 559 1559 vel
606 1507 673 1559 ab
729 1508 921 1575 aequali
972 1508 1054 1562 vel
1094 1523 1125 1560 a
1165 1507 1375 1561 minore
1404 1506 1485 1561 vel
1520 1523 1548 1560 a
1602 1509 1843 1563 meliore.
1880 1508 2037 1576 Quod

473 1597 691 1664 quidem
723 1611 750 1650 a
780 1584 993 1651 nemine
1023 1583 1312 1667 acceperit,
1343 1598 1470 1652 inde
1489 1607 1721 1666 constat,
1752 1600 1875 1669 quia
1894 1601 2039 1670 quod

472 1691 768 1759 perﬁcitur,
805 1705 833 1744 a
860 1691 1100 1772 meliore_
1121 1692 1395 1760 perﬁcitur
1432 1708 1444 1744 :
1482 1692 1624 1759 quod
1654 1702 1831 1746 autem
1860 1693 2040 1747 minus

2139 520 2257 586 ἦτοι
2301 518 2375 582 ὡς
2423 519 2561 588 ἔχων
2608 518 2832 590 δύναμιν
2893 522 3095 593 ταύτην
3143 526 3404 594 εἴληφεν,
3447 525 3575 595 ἢὼς
3635 526 3714 595 μὴ

2137 609 2305 678 ἔχων·
2372 610 2485 664 ἀλλ’
2534 614 2581 664 εί
2639 612 2737 680 μὲν
2798 613 2872 675 ὡς
2916 615 2989 685 μὴ
3045 613 3224 684 ἔχων,
3281 617 3532 670 οὐδέποτε
3570 618 3720 671 ταύ-

2136 718 2236 771 την
2285 701 2541 773 λήψεταιὲ
2593 706 2685 757 καὶ
2723 705 2828 774 γὰρ
2866 704 2924 756 τὸ
2972 705 3258 770 ’ἀδυνάτως
3307 709 3428 778 ἔχον
3476 710 3614 778 πρὸς
3653 710 3718 764 τὸ

2141 793 2310 844 ποιεῖν
2334 809 2406 856 τι,
2434 793 2688 846 ἀδύνατόν
2721 796 2835 847 ἐστι
2867 793 3022 848 τοῦτο
3050 801 3221 850 ποιεῖν
3240 815 3253 829 ·
3291 802 3336 851 εί
3368 800 3421 853 δὲ
3448 800 3520 863 ὡς
3541 799 3716 869 ἔχων,

2140 884 2352 951 πρῶτον
2385 885 2482 952 μὲν
2506 883 2555 936 τί
2579 885 2638 936 τὸ
2664 885 2867 940 κωλῦον
2901 887 3045 952 eam
3076 884 3142 957 ἧν
3175 889 3365 954 ἀΐδιος,
3407 890 3481 960 μὴ
3514 893 3608 944 καὶ
3643 892 3712 943 τὸ

2138 972 2396 1044 δύνασθαι
2445 974 2621 1044 ἔχεινς
2655 976 2842 1030 ἔπειτα
2883 979 2974 1030 καὶ
3026 980 3378 1050 εὑρεθήσεται
3410 984 3506 1052 τῆς
3539 984 3713 1037 δυνά-

2142 1078 2286 1128 μεως
2319 1064 2566 1134 δύναμις,
2609 1069 2698 1120 καὶ
2727 1069 2915 1122 πολλαὶ
2957 1069 3214 1142 δυνάμεις
3247 1074 3337 1126 ἐπὶ
3375 1074 3529 1135 Θεοῦ,
3564 1077 3718 1143 ὅπερ

2140 1156 2232 1208 καὶ
2281 1156 2436 1208 τοῦτο
2467 1158 2652 1226 σαφῶς
2701 1161 3051 1231 ὲλήλεγκται’
3089 1166 3185 1218 οὐκ
3211 1166 3318 1236 ἄρα
3351 1169 3478 1234 παρ’
3511 1167 3718 1221 ἑαυτοῦ

2118 1239 2338 1314 ταύτην
2370 1247 2624 1317 εἴληφεν,
2674 1250 2915 1306 λείπεται
2949 1255 3076 1324 παρ’
3113 1257 3327 1326 ἑτέρουο
3379 1257 3491 1310 ἀλλ’
3519 1260 3564 1310 εί
3607 1245 3722 1328 μὲν

2139 1338 2269 1407 παρ’
2301 1339 2506 1408 ἑτέρου,
2561 1341 2676 1409 ἢτοι
2724 1344 2832 1394 ἀπὸ
2858 1345 2972 1397 ἴσου
3006 1345 3036 1414 ἢ
3069 1346 3162 1398 ἀπ’
3201 1347 3500 1410 ἐλάττονος,
3536 1349 3566 1418 ἢ
3597 1350 3714 1403 ἀπὸ

2140 1429 2474 1498 κρείττονος·
2509 1432 2621 1484 ἀλλ’
2649 1435 2728 1485 ὅτι
2767 1434 2863 1503 μὲν
2889 1436 2986 1514 0ρκ
3021 1437 3350 1502 ἀπῗςοὺδενὸς
3381 1440 3540 1494 τοῦτο
3559 1440 3712 1495 ἑνδέ-

2139 1535 2313 1586 χεται,
2372 1521 2626 1592 ἐντεῦθεν.
2669 1523 2858 1591 δῆλονο
2891 1525 2951 1576 τὸ
2999 1527 3095 1594 μὲν
3143 1528 3250 1597 γὰρ
3307 1527 3710 1599 τελειούμενον,

2140 1608 2247 1663 ἀπὸ
2285 1610 2589 1677 κρείττονος
2642 1612 2972 1667 τελειοῦται·
3018 1617 3078 1669 τὸ
3119 1616 3173 1670 δὲ
3212 1606 3467 1682 ἔλαττον,
3520 1620 3712 1690 χεῖρόν

2141 1700 2255 1752 ἔστι
2282 1716 2295 1730 ·
2330 1703 2421 1754 καὶ
2458 1703 2518 1754 τὸ
2563 1704 2673 1755 τσον
2719 1704 2941 1773 ὅμοιον·
2993 1707 3254 1777 κρείττων
3281 1709 3337 1762 δὲ
3376 1709 3535 1762 πάλιν
3564 1709 3706 1763 Θεοῦ

471 1794 574 1849 est,
611 1782 846 1860 deterius
887 1794 1009 1850 est;
1047 1793 1100 1835 et
1129 1784 1353 1851 aequale,
1391 1784 1660 1837 similiter.
1686 1783 1848 1853 Atqui
1878 1799 2035 1839 nemo

2139 1790 2239 1841 οὐκ
2286 1787 2467 1843 ἔστιν’
2518 1794 2563 1843 εί
2610 1793 2715 1862 γὰρ
2743 1789 2897 1847 τοῦτο
2947 1795 3060 1866 δοίη
3108 1813 3211 1860 τις,
3244 1797 3392 1850 ἔσται
3441 1797 3534 1852 τοῦ
3567 1797 3707 1852 Θεοῦ
3737 1817 3764 1820 “

473 1872 581 1926 Deo
633 1872 823 1926 melior
852 1883 970 1938 est;
1007 1891 1128 1926 nam
1163 1875 1206 1928 si
1244 1875 1346 1928 hoc
1391 1874 1677 1943 quisquam
1716 1875 1828 1928 ﬁeri
1878 1891 2037 1945 posse

468 1962 751 2026 concedat,
784 1963 884 2016 erit
915 1961 1005 2017 Dei
1039 1963 1201 2025 Deus,
1237 1962 1640 2032 itemque’alius
1671 1965 1814 2019 Deus
1837 1984 1850 2031 ;
1875 1967 2037 2036 idque

469 2052 524 2104 in
558 2051 825 2106 inﬁnitum
873 2057 1147 2124 procedet.
1193 2056 1358 2125 Igitur
1416 2071 1760 2126 nequaquam
1806 2058 1947 2113 Deus
1970 2060 2036 2113 ab

467 2142 574 2197 alio
612 2145 904 2215 potentiam
944 2163 1094 2201 suam
1137 2150 1359 2218 recepit.

538 2233 590 2287 8.
628 2231 893 2299 Quoniam
951 2234 1132 2306 itaque
1161 2239 1300 2293 Deus
1333 2258 1507 2313 neque
1545 2261 1572 2299 a
1616 2261 1673 2301 se
1714 2245 1850 2315 ipso,
1895 2245 2033 2300 mul-
2086 2250 2113 2264 "

469 2333 630 2394 teque
656 2326 835 2381 minus
862 2328 929 2382 ab
965 2330 1087 2381 alio
1114 2334 1407 2399 potentiam
1452 2352 1601 2390 suam
1637 2337 1848 2404 recipit,
1887 2344 2035 2405 patet

468 2413 648 2481 ipsum
699 2414 898 2469 habere
945 2417 1089 2469 illam
1123 2421 1490 2488 eongenitam.
1555 2423 1649 2478 Est
1703 2436 1882 2479 autem
1920 2426 2035 2494 ipse

467 2517 685 2573 semper
712 2521 725 2569 ;
756 2520 885 2574 ergo
933 2516 983 2560 et
1015 2509 1179 2576 ipsius
1209 2513 1496 2578 sapientia,
1527 2529 1633 2583 qua
1679 2525 1868 2582 potens
1927 2523 2028 2580 est,

465 2603 517 2645 et
542 2609 648 2662 qua
676 2607 948 2663 operatur,
1015 2612 1230 2667 semper
1259 2610 1361 2655 est.
1417 2601 1569 2667 Quod
1600 2604 1646 2658 si
1686 2613 1911 2669 aeterna,
1947 2611 2033 2657 est

466 2681 628 2735 etiam
657 2692 910 2752 perpetua
949 2695 1002 2738 et
1038 2686 1434 2757 intemporalis.
1468 2691 1585 2746 Jam
1644 2695 1786 2763 quod
1819 2695 2060 2769 semper.

466 2783 569 2854 est,
599 2771 648 2823 id
687 2780 943 2826 aeternum
979 2784 1059 2828 est
1090 2784 1143 2830 et
1171 2788 1492 2847 perpetuum
1527 2790 1581 2854 et
1609 2783 1964 2852 intemporale
1983 2792 2037 2838 et

469 2846 766 2913 increatum
801 2869 851 2915 et
883 2877 987 2915 non
1005 2862 1230 2919 factum.
1250 2846 1536 2938 Colligitur
1566 2852 1714 2942 ergo,
1741 2846 2034 2942 potentiam

469 2947 585 3012 Dei,
618 2964 723 3017 qua
756 2961 947 3019 potens
978 2963 1080 3018 est,
1115 2965 1166 3009 et
1214 2972 1318 3026 qua
1362 2959 1495 3029 agit,
1529 2970 1582 3017 et
1616 2963 1733 3018 sine
1767 2979 1869 3033 qua
1899 2964 2036 3018 nihil

468 3040 600 3114 agit,
636 3038 892 3095 inlectam
918 3059 1036 3099 esse
1062 3056 1223 3114 atque
1271 3050 1592 3106 increatam.
1623 3052 1736 3108 iam
1763 3070 1890 3110 vero
1926 3071 2032 3111 non

2145 1879 2297 1942 Θεὸς,
2318 1880 2423 1964 ,καὶ
2453 1881 2610 1934 πάλιν
2646 1881 2804 1946 ἄλλος
2832 1884 2983 1947 Θεὸς,
3030 1887 3126 1938 καὶ
3157 1887 3300 1940 τοῦτ’
3328 1888 3404 1950 είς
3439 1888 3668 1958 ἄπειρον
3690 1906 3706 1921 ο

2142 1972 2242 2025 οὐκ
2292 1971 2398 2042 ἀρα
2446 1973 2472 2024 ό
2515 1974 2645 2037 Θεὸς
2694 1975 2821 2046 παρ’
2875 1978 3058 2049 ἐτέρου
3111 1979 3208 2049 τὴν
3255 1980 3418 2033 αὑτοῦ
3473 1981 3709 2052 δύναμιν

2145 2063 2380 2134 εἴληφεν.

2217 2245 2286 2309 η’.
2325 2239 2477 2294 Ἐπεὶ
2504 2235 2638 2294 οδνό
2660 2240 2932 2307 Θεὸςοῦτε
2969 2248 3097 2314 παρ’
3124 2246 3344 2309 ἑαυτοῦ,
3374 2248 3496 2300 οὔτε
3522 2245 3712 2314 πολλῷ

2148 2331 2346 2402 μᾶλλον
2377 2335 2504 2404 παρ’
2547 2334 2862 2405 ἑτέρουιτὴν
2890 2337 3053 2389 αὑτοῦ
3103 2337 3329 2407 δύναμιν
3375 2338 3707 2407 εἰσδέχεται,

2089 2496 2096 2502 ν
2142 2415 2297 2493 δῆλον
2335 2425 2417 2477 ὃτι
2451 2424 2725 2495 σύμφυτον
2776 2427 2941 2498 αὐτὴν
2986 2428 3132 2498 ἔχει·
3176 2428 3367 2483 ἔστιδὲ
3398 2431 3555 2492 αὐτὸς
3585 2432 3704 2493 ἀεὶ,

2143 2514 2240 2568 καὶ
2273 2514 2304 2584 ἡ
2335 2514 2515 2573 αὐτοῦ,
2544 2515 2790 2585 δύναμις,
2820 2517 2940 2570 καθ’
2969 2519 3035 2588 ἦν
3063 2520 3178 2572 ἐστι
3224 2520 3466 2585 δυνατὸς,
3510 2525 3599 2574 καὶ
3627 2523 3704 2574 δι’

2143 2597 2208 2677 ἦς
2238 2607 2396 2670 ποιεῖ,
2423 2607 2671 2660 ἀείὲστιν
2692 2623 2705 2639 ο
2735 2608 2783 2659 εί
2805 2604 2895 2676 οὖν
2921 2609 3004 2661 ἀεί
3033 2612 3168 2672 ἐστι,
3189 2613 3282 2664 καὶ
3311 2613 3527 2677 αἰώνιός
3549 2615 3669 2667 ἔστι
3687 2629 3705 2644 ⁸

2143 2697 2191 2748 εί
2217 2695 2272 2748 δὲ
2295 2695 2530 2762 αἰώνιος,
2567 2699 2657 2752 καὶ
2687 2699 2855 2764 ἀΐδιος
2884 2702 2976 2755 καὶ
3010 2702 3233 2773 ἀχρονος
3257 2720 3272 2734 ·
3309 2706 3416 2757 πᾶν
3446 2705 3499 2758 δὲ
3525 2706 3585 2757 τὸ
3612 2709 3708 2760 ἀεὶ

2143 2786 2221 2854 ὃν,
2252 2788 2346 2854 καὶ
2376 2789 2589 2843 αἰώνιον
2617 2792 2709 2844 καὶ
2741 2781 2908 2845 ἀΐδιον
2939 2794 3029 2846 καὶ
3051 2793 3277 2864 ἄχρονον
3308 2796 3402 2848 καὶ
3446 2797 3707 2850 ἄκτιστον

2145 2878 2234 2931 καὶ
2263 2878 2522 2947 ἀγένητόν
2550 2870 2692 2933 ἐστι·
2736 2883 3024 2951 συνάγεται
3053 2885 3158 2955 ἄρα
3191 2885 3274 2937 ὅτι
3298 2887 3328 2955 ἢ
3358 2886 3581 2956 δύναμις
3602 2889 3705 2941 τοῦ

2143 2969 2276 3024 Θεοῦ
2322 2970 2442 3024 καθ’
2474 2972 2540 3042 ἢν
2569 2974 2685 3026 ἑστι
2714 2974 2955 3038 δυνατὸς,
3003 2976 3092 3029 καὶ
3121 2976 3187 3028 δι’
3224 2973 3290 3049 ἦς
3317 2981 3478 3045 ποιεῖ,
3511 2981 3604 3032 καὶ
3633 2976 3707 3052 ἧς

2143 3062 2312 3133 χωρὶς
2342 3064 2509 3116 οὐδὲν
2554 3067 2716 3129 ποιεῖ,
2771 3067 3032 3135 ἀγένητος
3080 3069 3171 3120 καὶ
3209 3068 3460 3130 ἀκτιστός
3513 3074 3700 3124 ἐστιν’

465 3121 669 3183 factum
696 3147 724 3185 a
779 3148 888 3187 non
921 3133 1088 3203 facto,
1117 3149 1385 3206 quatenus
1429 3159 1536 3198 non
1583 3153 1665 3200 est
1707 3145 1935 3209 factum,
1982 3157 2032 3203 et

2140 3121 2400 3225 ἀγένητον
2427 3153 2481 3207 δὲ
2510 3121 2773 3226 ἀγενήτῳ,
2807 3121 2936 3210 tiae"
2958 3157 2984 3209 ὃ
3012 3121 3084 3211 ὀὐ
3132 3161 3355 3228 γέγονεν
3373 3179 3385 3192 ·
3413 3121 3702 3216 ualidis-rt-

468 3219 770 3300 increatum
806 3223 872 3276 a'b
905 3225 1173 3292 increato,
1213 3239 1484 3297 quatenus
1509 3248 1618 3300 non
1650 3243 1736 3290 est
1767 3245 2032 3303 creatum,

468 3320 664 3366 natura
697 3314 831 3367 nihil
876 3317 1017 3370 inter
1053 3333 1111 3372 se
1139 3319 1426 3389 different;
1461 3325 1604 3392 quod
1646 3326 1690 3380 si
1734 3343 1842 3381 non
1878 3328 2033 3394 diffe-

467 3411 617 3472 runt,
646 3404 785 3460 idem
833 3416 958 3463 sunt
982 3427 994 3475 ;
1022 3419 1074 3464 et
1113 3412 1157 3465 si
1190 3412 1350 3481 idem,
1385 3415 1628 3484 ejusdem
1663 3407 1902 3488 quoque“
1934 3436 2030 3475 na-

468 3501 604 3549 turae
683 3507 831 3564 sunt,
896 3502 1394 3571 eonsubstantialia,
1450 3515 1504 3561 et
1578 3509 1833 3579 quidquid
1894 3513 2038 3581 ejus-

466 3587 611 3641 modi
663 3595 770 3646 est.
823 3589 981 3660 Atqui
1014 3633 1025 3645 .
1054 3594 1194 3648 Deus
1245 3604 1329 3650 est
1378 3596 1610 3653 infectus
1639 3608 1693 3656 et
1723 3600 2032 3669 increatus;

465 3691 595 3748 ergo
623 3693 774 3749 aeque
797 3682 1040 3750 potentia
1076 3684 1215 3753 ejus.
1245 3683 1414 3741 Porro
1448 3689 1616 3768 unum
1642 3697 1726 3763 est
1773 3691 2031 3747 infectum

469 3777 660 3824 natura
693 3779 745 3824 et
771 3772 1097 3847 increatum,
1128 3776 1272 3832 sicut
1325 3775 1646 3837 communes
1671 3783 1920 3839 notiones
1947 3801 2034 3840 ac-

468 3869 657 3915 curate
713 3870 899 3919 tenent
941 3883 954 3918 :
995 3867 1267 3938 colligitur
1288 3885 1438 3940 ergo,
1497 3881 1557 3926 ut
1609 3871 1702 3928 Dei
1773 3879 2074 3945 putentia,‘

474 3964 577 4018 qua
609 3951 810 4006 dicitur
859 3965 1069 4024 potens,
1124 3970 1177 4012 et
1222 3975 1328 4028 qua
1357 3963 1488 4030 agit,
1520 3972 1573 4018 et
1603 3963 1720 4018 sine
1765 3982 1869 4036 qua
1902 3969 2035 4021 nihil

478 4041 609 4108 agit,
642 4045 1123 4102 consubstantialis
1153 4059 1206 4102 et
1233 4050 1472 4121 ejusdem
1513 4064 1720 4108 naturae
1763 4070 1883 4110 cum
1930 4058 2035 4112 Deo

474 4133 563 4187 sit.
597 4131 728 4199 Quae
779 4137 826 4190 si
860 4137 936 4213 ita
986 4154 1043 4193 se
1094 4141 1315 4207 habent,
1357 4144 1471 4213 ipsa
1528 4162 1748 4217 quoque
1797 4151 2032 4218 potentia

471 4219 615 4276 Deus
654 4230 758 4275 est.
797 4224 910 4293 Age
933 4242 1062 4281 vero
1093 4231 1233 4297 quod
1274 4246 1339 4285 ex
1364 4235 1448 4288 bis
1487 4236 1628 4290 haud
1657 4243 1766 4293 duo
1805 4239 1878 4293 dii
1901 4256 2033 4293 con-

466 4317 716 4381 surgant,
747 4323 805 4368 ut
828 4315 1060 4385 Agat-eui
1085 4321 1246 4376 stulte
1287 4325 1443 4379 nobis
1473 4313 1789 4395 inclamant,
1842 4331 2032 4385 subse-

467 4416 642 4474 quens
684 4413 872 4481 nostra
940 4409 1114 4464 oratio
1188 4413 1614 4483 demonstrabit;
1684 4435 1808 4474 cum
1855 4422 2027 4490 ipsum

466 4506 681 4564 quoque
712 4493 992 4563 Spiritum,
1026 4501 1115 4568 qui
1146 4501 1196 4554 in
1230 4503 1335 4557 Deo
1365 4516 1467 4568 est,
1497 4516 1753 4577 tanquam
1786 4512 2024 4578 ejusdem

467 4591 675 4634 naturae
710 4590 763 4636 et
789 4587 1306 4643 consubstantialem
1341 4593 1448 4645 Deo
1477 4595 1704 4664 ejusque
1757 4600 2024 4666 potentia),

468 4686 589 4739 quae
617 4680 670 4726 et
705 4671 980 4743 Sapientia
1007 4689 1060 4733 et
1084 4666 1319 4735 Verbum
1354 4680 1448 4737 Dei
1483 4689 1747 4754 potentia,
1789 4705 1890 4758 qua
1949 4691 2031 4745 di-

467 4763 610 4816 citur
657 4774 870 4833 potens,
936 4778 984 4823 et
1018 4787 1122 4839 qua
1165 4774 1297 4841 agit,
1351 4782 1403 4827 et
1439 4776 1556 4830 sine
1589 4793 1696 4848 qua
1732 4780 1869 4834 nihil
1897 4781 2025 4851 agit,

466 4868 692 4923 quaeque
756 4866 809 4913 et
874 4858 1103 4918 Verbum
1163 4862 1254 4915 Dei
1287 4871 1342 4916 et
1382 4868 1646 4934 sapientia
1706 4870 1926 4937 dicitur,
1968 4877 2028 4928 υι

463 4953 645 4999 vestra
694 4962 906 5018 quoque
948 4953 1216 5020 scriptura
1280 4963 1543 5024 testatur;
1603 4959 1745 5027 quod
1776 4962 1909 5026 haec,
1939 4964 2040 5018 inc.

466 5050 650 5104 quam,
707 5042 970 5108 potentia,
1032 5058 1136 5097 non
1190 5043 1259 5098 sit
1319 5047 1510 5104 aliena:
1562 5051 1897 5119 substantiae,
1958 5068 2020 5111 ac

465 5123 632 5179 veluti
658 5129 938 5194 accidens,
973 5140 1031 5184 ut
1057 5146 1146 5186 vos
1171 5135 1369 5201 dicitis,
1424 5139 1516 5196 sed
1568 5140 1811 5207 ejusdem
1842 5144 2020 5211 potius

466 5224 672 5270 natura:
722 5224 775 5271 et
819 5220 1301 5280 consubstantialis
1342 5221 1486 5294 Deo,’
1522 5238 1705 5299 utpote
1734 5225 1841 5285 nun
1880 5230 2017 5286 facta

465 5313 522 5359 et
551 5304 813 5384 increata.
844 5309 895 5362 id
930 5309 1028 5365 hac
1063 5313 1270 5370 ratione
1311 5318 1369 5372 ﬁt
1399 5318 1638 5374 evidens.

535 5394 587 5454 9.
621 5395 761 5451 Deus
792 5399 1360 5471 simplicissimus‘est,
1399 5417 1452 5462 et
1496 5409 1717 5464 cuilibet
1750 5412 2015 5482 composi-

464 5483 598 5539 tioni
658 5489 1032 5558 compositaeve
1066 5497 1290 5553 notioni
1314 5501 1583 5570 superior,
1617 5511 1675 5558 ut
1713 5506 2016 5561 communis

527 5668 607 5735 (ιι
631 5666 755 5725 Sur.
792 5669 879 5738 ιγ,
925 5674 1038 5730 ιον.

2140 3261 2265 3297 στον
2287 3246 2548 3317 ἀκτίστῳ,
2572 3248 2691 3300 καθ’
2723 3250 2749 3300 ὃ
2778 3250 2874 3301 οὐκ
2893 3247 3155 3316 ἔκτισται,
3186 3253 3324 3305 κατὰ
3356 3252 3518 3323 φύσιν
3546 3256 3703 3308 οὐδὲν

2133 3337 2348 3391 διοίσει·
2378 3340 2689 3392 είδὲοὺδὲν
2720 3342 2923 3405 διοίσει,
2964 3343 3156 3396 σεαυτόν
3193 3345 3340 3398 ἐστιν
3365 3364 3376 3377 ·
3409 3347 3456 3397 εἰ
3485 3345 3542 3398 δὲ
3571 3363 3703 3399 tau-

2131 3428 2268 3492 τὸν,
2319 3430 2412 3482 καὶ
2464 3431 2699 3500 όμοφυὲς
2744 3433 2834 3483 καὶ
2879 3435 3160 3502 ὁμοούσιον
3209 3436 3302 3487 καὶ
3347 3437 3446 3489 ὅσα
3487 3437 3703 3501 τούτοις

2135 3517 2296 3587 ὅμοια
2319 3534 2331 3548 ν
2365 3503 2480 3570 ἔστι
2525 3520 2580 3572 δὲ
2625 3523 2721 3573 καὶ
2755 3523 2780 3573 ό
2809 3521 2938 3585 Θεὸς
2967 3523 3224 3592 ἀγένητος
3277 3525 3369 3578 καὶ
3420 3525 3698 3592 ἄκτιστος,

2127 3605 2251 3670 ,ἔστι
2279 3606 2334 3659 δὲ
2370 3609 2462 3663 καὶ
2494 3609 2722 3677 ήιαὺτοῦ
2755 3609 2982 3681 δύναμις
3004 3628 3018 3641 ο
3048 3611 3103 3665 ἓν
3125 3613 3181 3665 δὲ
3211 3613 3271 3667 τὸ
3302 3613 3562 3692 ἀγένῃπρν
3595 3603 3699 3670 καὶ

2136 3699 2388 3752 ἀκτιστον
2437 3702 2500 3770 τῇ
2547 3703 2725 3768 φύσει,
2779 3703 2851 3764 ὡς
2886 3704 2941 3755 αἱ
2970 3706 3162 3758 κοιναὶ
3199 3694 3397 3761 ἔννοιαι
3447 3707 3730 3777 ἀκριϐῶς,

2138 3789 2315 3860 ἔχουσι
2336 3808 2348 3822 ·
2385 3793 2671 3859 συνάγεται
2700 3795 2804 3863 ἄρα
2840 3796 2916 3847 ὅτι
2951 3798 2983 3864 ἠ
3012 3797 3237 3866 δύναμις
3281 3797 3375 3850 τοῦ
3407 3799 3547 3874 ,Θεοῦ
3572 3801 3699 3854 καθ’

2136 3882 2201 3951 ἣν
2237 3882 2452 3949 λέγεται
2489 3881 2732 3950 δυνατὸς,
2772 3887 2864 3938 καὶ
2903 3887 2970 3939 δι’
2995 3882 3060 3958 ἦς
3090 3891 3252 3956 ποιεῖ,
3293 3891 3386 3942 καὶ
3411 3887 3478 3963 ἦς
3522 3892 3701 3961 χωρὶς⁴

2136 3971 2286 4025 οὐδὲν
2315 3968 2487 4042 ποιεῖ,
2519 3975 2798 4053 summa;
2823 3979 2936 4030 ἐστι
2966 3979 3058 4032 καὶ
3086 3981 3330 4051 όμοφυὴς
3359 3981 3435 4051 τῷ
3462 3982 3578 4053 Θεῷ
3599 3999 3611 4013 ·
3645 3986 3698 4037 εί

2135 4058 2190 4111 δὲ
2218 4060 2394 4126 τοῦτο,
2425 4064 2516 4115 καὶ
2545 4058 2682 4134 ἀῦτη
2709 4065 2841 4129 Θεὸς
2863 4083 2878 4098 ο
2910 4067 3005 4120 καὶ
3037 4070 3118 4124 ὅτι
3146 4072 3254 4124 κάκ
3286 4073 3489 4126 τούτων
3513 4075 3573 4126 οὐ
3600 4075 3697 4131 δύο

2136 4152 2266 4217 θεοὶ,
2302 4153 2375 4216 ὡς
2402 4156 2551 4208 αὐτοὶ
2577 4156 2784 4225 ἀλόγως
2824 4161 2969 4228 ἡμᾶς
2995 4163 3407 4232 ὲπιφημίζου’σι,
3439 4183 3696 4237 παρακα-

2133 4243 2262 4293 τιὼν
2299 4240 2325 4293 ὁ
2352 4242 2510 4309 λόγος
2540 4244 2722 4311 δείξει,
2757 4246 2839 4299 ὅτι
2869 4248 2960 4299 xai
2993 4249 3052 4302 τὸ
3092 4251 3314 4320 Πνεῦμα
3349 4254 3439 4305 καὶ
3470 4255 3600 4307 αὐτὸ
3635 4256 3694 4307 ἐν

2135 4331 2209 4400 τῷ
2240 4331 2355 4402 Θεῷ
2387 4333 2461 4394 ὼς
2487 4336 2722 4403 όμοφυὲς
2772 4339 2863 4389 καὶ
2910 4340 3192 4407 ὁμοούσιον
3225 4344 3302 4412 τῷ
3334 4361 3392 4396 τε
3427 4344 3545 4413 Θεῷ
3594 4348 3694 4399 καὶ

2133 4424 2196 4491 τῇ
2221 4423 2382 4477 αὑτοῦ
2415 4424 2659 4495 δυνάμει,
2689 4426 2720 4496 ἢ
2752 4429 2841 4481 καὶ
2869 4430 3032 4497 Σοφία
3063 4433 3152 4484 καὶ
3179 4434 3345 4501 Λόγος
3365 4435 3503 4488 Θεοῦ
3538 4437 3693 4505 λέγε.

2132 4530 2241 4579 ται,
2269 4515 2479 4585 τρανῶς
2513 4516 2945 4590 διαγορεύσειεν·
2969 4523 3081 4576 ἀλλ’
3111 4525 3192 4577 ὅτι
3225 4527 3320 4596 μὲν
3353 4526 3446 4580 καὶ
3471 4530 3501 4598 ὴ
3528 4529 3691 4583 δύνα-

2133 4621 2222 4674 μις
2248 4604 2340 4662 τοῦ
2365 4607 2497 4660 Θεοῦ
2521 4610 2639 4661 καθ’
2656 4612 2720 4679 ἢν
2741 4612 2955 4679 λέγεται
2978 4613 3220 4682 δυνατὸς,
3245 4620 3332 4672 καὶ
3351 4619 3418 4670 δι’
3435 4616 3498 4690 ἧς
3521 4625 3688 4685 ποιεῖ,

2131 4695 2220 4746 καὶ
2248 4689 2316 4766 ἦς
2344 4699 2512 4767 χωρὶς
2555 4699 2705 4754 οὐδὲν
2748 4707 2907 4768 ποιεῖ,
2943 4705 2974 4775 ἢ
3008 4709 3099 4759 καὶ
3141 4711 3311 4779 Λόγος
3340 4689 3565 4781 λέγεται
3591 4717 3688 4769 τοῦ

2128 4784 2262 4836 Θεοῦ
2311 4788 2404 4839 καὶ
2476 4789 2681 4858 Σοφία,
2725 4792 2799 4856 ὡς
2845 4795 2938 4848 καὶ
2981 4797 3041 4850 τὸ
3089 4801 3348 4872 ὑμέτερον
3421 4809 3691 4876 μαρτυρεῖ

2128 4877 2364 4967 γράμμα.
2409 4879 2507 4950 (4),
2539 4883 2635 4951 οὐχ
2684 4884 3141 4956 ὲτεροῡπόστατός
3185 4895 3332 4946 ἐστιν
3360 4896 3435 4958 ὠς
3481 4898 3686 4967 συμϐε-

2129 4963 2410 5058 ϐηκὸςὶὼς
2432 4969 2589 5058 ὑμεῖς
2632 4989 2786 5041 φατε,
2842 4977 2955 5030 ἀλλ’
2997 4981 3240 5053 ὁμοφυής
3278 5001 3335 5036 τε
3364 4986 3456 5039 καὶ
3486 4963 3686 5055 όμτοού-
3717 5049 3727 5058 .

2129 5069 2241 5115 σιος
2273 5055 2347 5125 τῷ
2367 5056 2592 5128 Θεῷὼσ
2621 5061 2880 5134 ἀγένητος
2911 5067 3001 5120 καὶ
3028 5070 3296 5140 ἀκτιστος,
3325 5075 3418 5127 καὶ
3441 5069 3540 5129 ὧδέ
3567 5077 3688 5132 ἐστι

2126 5143 2301 5214 δῆλον.

2198 5322 2261 5376 θ’.
2309 5324 2363 5376 '0
2399 5324 2527 5390 Θεὸς
2578 5330 2944 5400 ἀπλούστατός
2984 5340 3118 5406 ἐστι,
3162 5341 3255 5395 καὶ
3287 5344 3465 5424 πάσης
3491 5345 3688 5400 συνθύ-

2127 5429 2262 5475 σεως
2313 5417 2404 5467 καὶ
2457 5418 2772 5492 συνθετικῆς
2809 5427 3014 5492 ἐννοίας
3061 5432 3335 5503 ἐπέκεινα,
3383 5419 3465 5498 ὡς’
3496 5439 3687 5506 καὶαι

2125 5506 2300 5559 xotval
2327 5507 2521 5568 ἔννοιαι
2559 5515 2687 5584 ἡμῖν
2725 5515 3093 5589 διαγορεύουσι
3115 5537 3127 5551 ·
3161 5525 3267 5579 πᾶν
3293 5524 3349 5578 δὲ
3380 5523 3444 5596 δὴ
3477 5527 3690 5594 suum-
