3926 6308
54 531 137 594 685

1154 492 1603 584 ’ῐιΕευΤΑΤιο
1630 522 2100 583 MOHAMEDIS.

3138 524 3243 584 686

59 640 211 708 πάσης
237 636 348 706 γὰρ
379 637 682 703 ἀντιλογίας
714 635 1006 706 ἀργούσης,
1039 636 1356 706 τιμιώτερον
1399 639 1430 703 ἡ
1458 637 1581 704 γέν-

1692 634 2194 690 infructuositatem.
2232 636 2382 701 Quod
2417 637 2460 689 si
2502 638 2573 689 ita
2605 651 2661 690 se
2686 637 2867 696 habet,
2894 638 3239 705 perspicuum

54 743 184 797 νησις
216 726 312 794 τῆς
356 724 687 794 στειρώσεως
739 724 832 775 καὶ
864 724 1138 793 ἀκαρπίας
1168 740 1177 754 ο
1211 725 1259 775 εί
1288 725 1342 776 δὲ
1387 724 1579 787 τοῦτο,

52 816 252 889 φανερόν
273 816 357 886 ὅτι
378 817 406 868 6
427 814 556 877 Θεὸς
586 814 711 867 Υἰὸν
737 814 880 882 ἔχει’
907 812 1019 866 ἔστι
1041 815 1147 884 γὰρ
1169 813 1582 881 συλλογίσασθαι

52 911 216 969 οὓτως·

117 996 197 1065 ιβ’.
221 994 325 1046 Τὸν
352 994 482 1047 Θεὸν
501 996 564 1046 ὲκ
591 995 697 1047 τῶν
729 996 786 1046 ἐν
816 998 948 1065 ἡμῖν
980 997 1302 1065 κρειττόνων
1335 1010 1580 1062 γεννητι-

52 1086 126 1139 κόν
156 1102 209 1137 τε
254 1090 350 1136 καὶ
377 1085 598 1153 γόνιμον
635 1085 995 1153 βλαστάνοντα
1039 1084 1329 1154 προσφυῶς
1356 1084 1581 1151 διαγρόμ

53 1193 196 1246 φομεν
220 1191 231 1204 ·
267 1177 374 1228 πᾶν
403 1176 457 1229 δὲ
484 1176 544 1227 τὸ
578 1174 747 1236 οὕτως
773 1175 912 1243 ἔχον,
938 1176 1070 1245 πρὸς
1102 1175 1213 1226 υίὸν
1239 1174 1272 1243 ἢ
1300 1171 1522 1241 βλαστὸν
1548 1170 1581 1240 ἢ

50 1268 230 1336 καρπὸν
261 1266 295 1336 ἢ
326 1265 479 1331 γόνον
510 1266 610 1334 τὴν
640 1267 914 1334 ἀναφορὰν
949 1266 1055 1334 ἔχει
1074 1282 1089 1296 ο
1122 1265 1413 1331 συνάγεται
1451 1264 1577 1333 ἆρα,

50 1361 114 1409 ὅτι
138 1359 163 1408 ὀ
181 1356 309 1417 Θεὸς
333 1356 647 1423 πρεπόντως
674 1355 737 1406 ὲκ
755 1355 861 1406 τῶν
889 1357 945 1406 ἐν
971 1356 1100 1423 ἡμῖν
1120 1352 1576 1422 διαγραφόμενος,

52 1450 155 1501 Υἱόν
182 1463 237 1497 τε
268 1446 381 1514 ἔχει
414 1446 529 1515 (καὶ
557 1449 685 1513 παρ’
735 1448 864 1515 ἡμῖν
884 1434 889 1437 ⁷
913 1444 1090 1507 καλῶς
1140 1444 1457 1497 πιστεύεται
1486 1444 1580 1495 καὶ

48 1536 325 1602 δοξάζεται)
382 1535 472 1586 τὸν
508 1536 566 1599 ἐξ
611 1535 774 1586 αὑτοῦ
822 1534 1195 1596 ἑνυποστάτως
1226 1536 1318 1586 καὶ
1355 1534 1579 1597 ἀπαθῶς

49 1628 123 1678 καὶ
153 1624 428 1695 ἀρεύστως
454 1623 777 1693 γεννηθέντα
807 1624 980 1692 Λόγον
999 1640 1011 1652 ·
1049 1626 1096 1675 εί
1126 1625 1180 1676 δὲ
1208 1624 1382 1690 τοῦτο,
1414 1640 1579 1692 φανεο

50 1720 124 1787 ρὸν
151 1717 380 1777 καὶτοῖς
419 1716 672 1785 ἀμυδρῶς
714 1716 940 1787 συνορᾷν
986 1716 1279 1785 ἰσχύουσιν,
1311 1717 1391 1768 ὅτι
1434 1718 1467 1786 ἡ
1497 1717 1581 1768 ὲν-

51 1806 327 1864 υπόστατος
354 1801 580 1871 δύναμις
610 1801 703 1855 τοῦ
728 1803 861 1856 Θεοῦ
884 1807 978 1858 καὶ
1003 1805 1192 1872 Σοφία,
1215 1805 1334 1857 καθ’
1364 1805 1432 1874 ἦν
1462 1808 1576 1857 ὲστι

43 1894 268 1956 δυνατὸς,
302 1893 396 1943 καὶ⁸
421 1892 489 1945 δι’
525 1889 593 1964 ἦς
627 1896 788 1959 ποιεῖ,
824 1892 916 1947 καὶ
938 1889 1005 1966 ἧς
1035 1895 1202 1964 χωρὶς
1230 1894 1381 1948 οὐδὲν
1415 1898 1575 1960 ποιεῖ,

1686 735 1771 779 est
1819 726 1988 780 Deum
2022 726 2223 780 habere
2283 724 2502 780 Filium.
2553 724 2641 781 Sic
2675 728 2814 781 enim
2876 730 3243 795 argumentari

1685 816 1827 869 licet.

1757 995 1852 1049 ης
1881 995 2047 1049 Deum
2079 1012 2144 1049 ex
2174 997 2258 1061 iis,
2293 1011 2415 1065 qua:
2448 997 2501 1050 in
2530 997 2687 1051 nobis
2712 1003 2837 1048 sunt
2871 995 3075 1063 potiora
3101 1036 3113 1059 ,
3152 1010 3245 1064 ge-

1682 1086 1910 1140 nitivum
1955 1097 2008 1140 et
2058 1087 2343 1141 fecundum
2388 1098 2440 1142 et
2498 1089 2886 1157 germinantem
2936 1100 3075 1150 esse,
3124 1097 3247 1153 apte

1682 1176 1969 1229 deﬁnimus
2020 1193 2032 1227 :
2075 1178 2222 1243 atqui
2275 1169 2468 1229 cuncta
2521 1176 2827 1244 hujusmodi
2881 1173 3141 1227 vocabula
3178 1174 3245 1227 ad

1682 1267 1874 1328 tilium,
1923 1275 2015 1319 ant
2062 1282 2300 1335 germen,
2361 1276 2452 1319 aut
2487 1267 2746 1329 fructum,
2783 1276 2878 1319 aut
2939 1265 3247 1334 genituram

1681 1355 2044 1410 referuntur:
2106 1356 2372 1425 colligitur
2444 1371 2571 1425 ergo
2632 1354 2801 1409 Deum
2884 1369 3125 1424 congrue
3182 1367 3246 1407 cx

1681 1446 1883 1498 nostris
1920 1445 2081 1499 rebus
2120 1444 2331 1499 deﬁniri
2391 1445 2631 1506 solitum,
2675 1443 2866 1497 Filium
2903 1455 3119 1512 quoque
3152 1443 3253 1497 btt-

1683 1536 1812 1591 bere
1853 1536 2066 1605 (idque
2129 1551 2159 1590 a
2210 1537 2367 1590 nobis
2421 1544 2565 1589 recte
2621 1535 2765 1589 credi
2788 1543 2840 1587 et
2884 1533 3246 1599 existimari),

1680 1638 1873 1694 nempe
1899 1623 2028 1677 illud
2066 1624 2211 1693 quod
2240 1623 2645 1695 enbypostatice
2669 1634 2726 1677 et
2750 1619 3176 1692 impassibilitcr,
3197 1630 3250 1675 et

1680 1716 1799 1770 sine
1825 1699 1932 1769 ullo
1964 1713 2107 1776 ﬂuxu
2131 1716 2364 1784 genitum
2400 1714 2628 1768 Verbum
2657 1721 2758 1768 cst.
2791 1713 2944 1779 Quod
2966 1710 3011 1767 si
3040 1713 3113 1764 ita
3145 1719 3249 1774 est,

1679 1806 2022 1876 perspicuum
2050 1808 2283 1861 ﬂtetiam
2329 1807 2432 1859 illis
2476 1807 2565 1875 qui
2593 1805 2807 1858 exiliter
2857 1817 3079 1857 cernere
3116 1816 3253 1872 qne-

1682 1906 1796 1958 unt,
1839 1898 2302 1966 enbypostaticam
2336 1895 2425 1949 Dei
2470 1898 2761 1964 potentiam
2827 1903 2988 1962 atque
3032 1892 3252 1961 sapien-

48 1981 224 2051 ῆνριαὶ
274 1985 306 2034 6
350 1983 508 2051 λόγος
554 1984 839 2052 ὁμοούσιον
880 1964 971 2055 τῷ.
996 1986 1115 2055 Θεῷ
1148 1987 1242 2038 καὶ
1273 1987 1449 2057 Πατρὶ
1485 1987 1577 2039 καὶ

1692 1986 1835 2050 tiam,
1894 1964 2001 2056 qua
2051 1994 2238 2054 potens
2280 1997 2381 2047 εει,
2446 1994 2499 2038 et
2535 2000 2640 2053 qua
2676 1984 2825 2053 agit,
2860 1992 2914 2037 et
2968 1983 3097 2036 sine.
3145 1995 3252 2052 qua

43 2073 168 2125 κατά
212 2074 390 2126 πάντα
437 2075 621 2144 ὅμοιον
659 2075 877 2142 ἔδειξεν,
919 2079 1084 2147 χωρὶς
1125 2078 1223 2148 τῆς
1261 2080 1585 2149 γεννήσεως,

45 2162 155 2227 Υἱός
182 2164 241 2229 τε
266 2165 387 2217 ἐστι
416 2164 550 2217 Θεοῦ
582 2167 675 2219 καὶ
704 2167 873 2235 Σοφία
904 2169 998 2220 καὶ
1018 2168 1209 2235 Λόγος,
1244 2170 1338 2221 καὶ
1364 2168 1586 2230 εἰκότως

41 2253 159 2321 παρτ
191 2252 348 2322 ἡμῶν
398 2253 506 2306 τῶν
546 2254 891 2325 Χριστιανῶν
940 2248 1286 2327 ὡμολόγηται
1336 2256 1443 2330 [τε]
1496 2259 1589 2310 καὶ

42 2345 426 2397 πεπίστευταιο
479 2346 529 2399 εί
572 2346 629 2398 δὲ
676 2347 832 2400 τοῦτο
862 2348 1090 2419 ἀληθὲς,
1123 2349 1311 2419 ὥσπερ
1356 2348 1448 2402 οῦν
1493 2351 1590 2402 καὶ

40 2434 256 2501 ἀληθὲς,
307 2434 383 2497 ὡς
412 2434 711 2499 δέδεικται,
764 2438 939 2506 μάτην
986 2440 1092 2509 ἄρα
1124 2442 1152 2491 6
1192 2438 1463 2508 βάρϐαρος
1495 2441 1587 2493 καὶ

41 2512 218 2590 ἀλογος
250 2525 491 2595 Μωάμετ
525 2526 673 2595 ἡμᾶς
704 2529 762 2579 ὲν
792 2530 859 2598 τῇ
887 2528 1017 2597 παρ’
1049 2528 1209 2581 αὑτοῦ
1248 2528 1589 2599 πλαστογρα-

40 2615 262 2689 φηθείσῃ
300 2617 467 2687 βίϐλῳ
503 2618 577 2680 ὡς
604 2618 936 2685 κοινωνητάς
986 2621 1080 2672 καὶ
1112 2619 1424 2689 ἑταιριστάς
1474 2619 1590 2672 δια-

47 2694 331 2774 κωμῳδεῖ,
358 2707 526 2775 ἦγουν
553 2707 627 2769 ὼς
659 2707 845 2777 ἓτερον
887 2707 1021 2760 Θεὸν
1046 2709 1137 2761 τὸν
1179 2708 1304 2761 Υίὸν
1333 2708 1424 2761 τοῦ
1457 2707 1590 2761 Θεοῦ

42 2796 123 2844 καὶ
174 2794 413 2865 Πατρὸς,
463 2795 612 2865 παρά
642 2796 733 2848 τὸν
764 2796 859 2849 ἕνα
889 2797 983 2849 καὶ
1030 2796 1190 2865 φύσει
1230 2797 1325 2849 καὶ
1365 2795 1593 2865 ἀληθείᾳ

40 2882 179 2948 Θεὸν,
229 2886 434 2950 ἔξωθεν
464 2886 969 2956 παρεισκρίνοντας.
1023 2888 1086 2940 Et
1117 2883 1211 2940 οὖν
1245 2889 1274 2940 6
1318 2886 1476 2953 λόγος
1528 2887 1593 2937 ἐκ

40 2976 224 3034 κοινῶν
278 2977 499 3031 ἐννοιῶν
531 2982 628 3032 καὶ
676 2978 913 3047 λογικῶν
945 2979 1181 3047 μεθόδων
1226 2979 1325 3049 τὴν
1369 2979 1594 3046 δύναμιν

38 3068 124 3119 τοῦ
164 3068 330 3130 Θεοῦ,
364 3068 488 3121 καθ’
534 3069 603 3135 ἦν
642 3070 791 3124 ἐστιν
836 3070 910 3131 ὡς
947 3070 1085 3140 ἔχων
1116 3070 1366 3138 δύναμιν,
1405 3070 1497 3121 καὶ
1528 3069 1593 3120 δι’

39 3153 97 3225 ἧς
125 3160 289 3223 ποιεῖ,
325 3158 421 3211 καὶ
447 3153 515 3229 ἦς
551 3161 716 3228 χωρὶς
744 3158 896 3212 οὐδὲν
919 3162 1080 3223 ποιεῖ,
1114 3159 1147 3228 ἥ
1176 3160 1269 3211 καὶ
1298 3158 1467 3227 Σοφία
1496 3160 1591 3210 καὶ

1688 2081 1820 2135 nihil
1850 2080 1993 2149 agit,
2023 2093 2183 2147 quam
2236 2077 2397 2132 etiam
2428 2091 2607 2131 sermo
2645 2085 2832 2129 noster
2887 2074 3253 2129 consubstan-

1687 2172 1869 2225 tialem
1895 2170 2000 2222 Deo
2022 2167 2188 2230 Patri,
2210 2175 2265 2221 et
2296 2172 2390 2237 per
2418 2166 2599 2221 omnia
2634 2165 2868 2219 similem
2915 2164 3255 2217 demonstra-

1688 2263 1787 2327 vit,
1839 2268 2063 2327 excepta
2123 2258 2506 2329 generatione,
2561 2255 2754 2309 Filium
2815 2269 2933 2309 esse
2966 2253 3057 2307 Dei
3096 2262 3256 2323 atque

1691 2348 2018 2420 Sapientiam
2062 2356 2116 2401 et
2143 2345 2400 2407 Verbum,
2426 2346 2587 2414 idq'ue
2624 2346 2814 2398 merito
2848 2360 2946 2398 nos
2988 2342 3251 2396 Christia-

1693 2456 1794 2495 nos
1826 2438 2068 2494 conﬁteri
2104 2445 2157 2492 et
2187 2438 2425 2491 credere.
2448 2434 2568 2487 'Jam
2598 2435 2641 2487 si
2680 2435 2779 2488 hoc
2810 2447 2992 2487 verum
3026 2443 3125 2495 est,
3156 2446 3254 2483 cen

1686 2540 1881 2599 reapse
1938 2543 2123 2582 verum
2160 2528 2584 2582 demonstratum
2626 2534 2710 2578 est
2740 2542 2755 2592 ς
2786 2534 2985 2578 temere
3033 2537 3259 2592 pI‘Ot‘SUS

1636 2629 1640 2632 '
1693 2621 1958 2675 barbarus
1991 2618 2325 2687 stolidusque
2363 2615 2707 2669 Mehamedes
2734 2654 2748 2678 ,
2791 2615 2843 2667 in
2880 2629 2979 2668 suo
3019 2612 3158 2669 falso
3187 2614 3256 2667 li-

1691 2710 1790 2765 bro
1820 2724 1919 2765 nos
1974 2717 2230 2776 tanquam
2298 2704 2756 2759 communicarios
2807 2714 2864 2756 et
2923 2705 3258 2761 associantes

1694 2802 1883 2856 irridet
1915 2838 1930 2865 ,
1963 2799 2117 2869 quasi
2148 2796 2316 2853 Deum
2346 2798 2535 2860 alium,
2560 2794 2653 2849 Dei
2684 2794 2858 2851 Patris
2879 2792 3096 2859 Filium,
3118 2809 3257 2864 pra-

1692 2902 1774 2947 ter
1838 2905 2004 2946 unum
2059 2888 2361 2943 naturalem
2418 2902 2651 2957 vereque
2694 2884 2886 2949 Deum,
2917 2886 3258 2943 extrinsecus

1695 2984 2045 3054 invehamus.“
2072 2980 2128 3034 Si
2153 2974 2283 3049 ergo
2308 2994 2487 3035 sermo
2519 2986 2707 3033 uoster
2756 2992 2823 3033 ex
2876 2979 3259 3034 communibus

1696 3074 2010 3129 notionibus
2048 3072 2347 3141 logicisque
2371 3070 2661 3133 methodis,
2694 3068 2784 3123 Dei
2814 3070 3130 3138 potentiam,
3153 3086 3261 3140 qua

1696 3174 1884 3232 potens
1915 3172 2016 3223 est,
2043 3173 2098 3217 et
2120 3177 2226 3231 qua
2264 3162 2392 3229 agit,
2427 3169 2480 3215 et
2515 3160 2632 3214 sine
2686 3174 2791 3228 qua
2822 3159 2955 3213 nihil
2984 3160 3110 3229 agit,
3143 3175 3262 3229 qua:
3315 3178 3318 3184 λ

42 3249 203 3314 Λόγος
231 3248 329 3302 τοῦ
362 3247 497 3302 Θεοῦ
525 3249 617 3325 καὶ
643 3251 852 3318 Πατρὸς
882 3249 997 3301 ἐστι
1026 3265 1084 3300 τε
1114 3253 1206 3301 καὶ
1233 3248 1474 3315 λέγεται,
1504 3248 1588 3300 ὲν-

1696 3255 1856 3309 etiam
1892 3253 2165 3323 Sapientia
2218 3251 2561 3321 Verbumque
2598 3250 2691 3306 Dei
2715 3252 2896 3306 Patris
2929 3261 3010 3305 est
3040 3268 3101 3306 ac
3131 3252 3262 3306 dici-

38 3334 333 3385 υπόστατόν
359 3350 419 3387 τε
451 3334 544 3387 καὶ
576 3335 860 3404 όμοούσιον
893 3337 986 3387 καὶ
1015 3337 1155 3389 κατὰ
1190 3338 1365 3388 πάντα
1409 3337 1588 3406 ὅμοιον

1703 3357 1809 3411 tur,
1841 3346 2304 3415 enhypostaticam
2329 3352 2380 3397 et
2409 3334 2923 3398 consubstantialem
2949 3351 3001 3396 et
3022 3356 3261 3415 perorn-

40 3422 108 3490 τῷ
138 3422 259 3493 Θεῷ
286 3423 383 3476 καὶ
430 3422 627 3494 Πατρὶ,
660 3425 755 3476 καὶ
808 3424 933 3477 Υίὸν
966 3426 1063 3495 τὴν
1092 3424 1261 3494 αὐτὴν
1311 3420 1475 3489 εἶναι,
1517 3424 1591 3487 ὡς

38 3514 209 3577 καλῶς
240 3519 376 3586 παρ’
419 3519 553 3585 ἡμῖν
580 3518 912 3581 πιστεύεται,
950 3517 1157 3589 τρανῶς
1198 3518 1435 3581 ἔδειξενο
1476 3520 1595 3588 ἀρι-

38 3603 299 3671 δηλότατσ.
335 3604 525 3675 πόρῤω
566 3621 667 3657 που
698 3605 1085 3676 ὲξωστράκισε,
1122 3607 1212 3658 καὶ
1247 3604 1596 3669 ἀπεσείσατο,

38 3694 125 3743 καὶ
147 3692 366 3762 ψευδεῖς
383 3696 639 3764 ἐνέφηνεν
660 3695 801 3763 ὑμᾶς
817 3696 939 3758 τοὺς
953 3696 1119 3766 ὲπὶτῇ
1144 3696 1357 3763 θεότητι
1379 3696 1439 3748 τὸ
1462 3698 1598 3765 μετὰ

38 3782 90 3832 τὸ
117 3784 321 3837 ἐνιαὲον
365 3784 463 3853 τῆς
496 3785 731 3852 φύσεως,
773 3787 865 3838 καὶ
898 3786 959 3838 τὸ
991 3789 1049 3838 ὲν
1085 3788 1152 3856 τῇ
1188 3786 1406 3855 ἰδιότητι
1438 3788 1597 3856 ῆτουν

38 3872 333 3928 ὑποστάσει
382 3875 772 3943 ὁμολογοῦντας
793 3892 807 3906 ·
861 3877 956 3929 καὶ
987 3876 1079 3929 τὸν
1115 3878 1332 3948 Πατέρα
1365 3878 1458 3929 καὶ
1508 3882 1598 3929 τὸν

38 3962 155 4016 Υξὸν
181 3966 510 4035 όμαρυσίους
542 3968 637 4020 καὶ
667 3968 806 4020 κατά
830 3966 1007 4020 πάντα
1040 3970 1269 4030 ταυτοὺς
1290 4008 1304 4032 ,
1336 3967 1473 4038 πλὴν
1500 3969 1597 4029 τῆς

38 4058 365 4125 ἁγεννησίας
418 4059 511 4109 καὶ
554 4060 653 4126 τῆς
699 4061 1000 4129 γεννήσεως
1054 4059 1128 4129 μὴ
1172 4061 1592 4130 προσιεμένους·

38 4147 107 4199 διὸ
157 4147 368 4209 τέλειος
401 4147 468 4200 ἂν
502 4150 631 4217 ἡμῖν
672 4150 700 4201 ὁ
740 4149 895 4216 λόγος
932 4150 1032 4217 τῆς
1088 4150 1433 4218 κατασκευῆς
1465 4158 1595 4201 κατι

38 4239 305 4305 εφαίνετο,
362 4237 456 4290 καὶ
484 4237 693 4298 οὐδενὸς
730 4237 979 4304 δεόμενος
1007 4241 1119 4300 τοῖς
1147 4237 1442 4300 ἐθέλουσιν,
1474 4239 1597 4292 ὅσον

38 4330 162 4381 κατά
192 4328 253 4381 τὸ
301 4327 530 4381 δυνατὸν
560 4329 624 4380 ἐκ
661 4328 855 4381 κοινῶν
885 4345 942 4380 τε
974 4327 1192 4382 ἐννοιῶν
1226 4329 1319 4381 καὶ
1353 4328 1597 4395 φυσικῶν

38 4422 469 4491 ἐπιχειρήσεων,
519 4420 626 4476 τῶν
662 4422 801 4491 ὑπὲρ
849 4421 1010 4489 φύσιν
1042 4422 1137 4483 τὰς
1167 4422 1466 4485 ἀποδείξεις
1509 4422 1593 4475 δέ·

38 4512 211 4580 [εσθαι
233 4530 249 4543 ·
287 4513 376 4565 ὅτι
397 4512 425 4562 6
451 4510 581 4575 Θεὸς
612 4514 706 4564 καὶ
736 4513 924 4582 Πατὴρ
949 4512 1061 4581 ἔχει
1088 4512 1214 4565 Υῑὸν
1240 4512 1421 4581 ὅμοιον
1445 4513 1595 4582 αὐτῴ

38 4604 158 4655 ιατά
195 4603 409 4667 πάντα,
441 4603 608 4672 ὅνπερ
638 4603 863 4666 ἀπαθῶς
908 4605 998 4657 καὶ
1039 4604 1281 4674 ἀχρόνως
1310 4605 1402 4657 καὶ
1430 4605 1597 4675 ἀρεύ-¹

38 4709 155 4755 πως
181 4694 530 4762 γεγέννηκεν
548 4710 563 4726 ·
586 4693 643 4756 δς
670 4694 762 4746 καὶ
787 4694 958 4761 Λόγος
986 4698 1079 4746 καὶ
1102 4694 1268 4763 Σοφία
1294 4694 1389 4747 καὶ
1416 4694 1587 4748 Δύνα-

38 4804 112 4845 uc
166 4786 549 4848 ἑνυπόστατος
577 4785 672 4839 τοῦ
722 4787 856 4840 Θεοῦ
904 4789 1073 4854 ἐστιν,
1103 4787 1196 4841 καὶ
1240 4787 1421 4851 καλῶς
1457 4788 1589 4857 παρ’

38 4878 169 4947 ὶμῶν
199 4876 553 4931 πιστεύεται.
1208 4880 1213 4884 ”

82 5059 171 5130 ιγ’.
233 5060 392 5113 Ἀλλ’
439 5060 559 5112 ἐπεὶ
606 5055 698 5113 καὶ
733 5061 796 5113 τὸ
848 5059 1074 5129 Πνεῦμα
1121 5060 1179 5112 τὸ
1230 5061 1295 5113 ὲκ
1324 5058 1417 5112 τοῦ
1454 5059 1589 5112 Θεοῦ

38 5160 101 5208 »αι
135 5154 371 5224 [ἰατρὸς
399 5152 844 5223 ἐκπορευόμενον,
886 5154 981 5206 καὶ
1015 5152 1111 5205 σὺν
1136 5153 1247 5222 Υίῷ
1270 5152 1362 5204 τὸν
1390 5150 1591 5221 κόσμον

38 5245 341 5311 ῗωογονοῦν,
369 5243 465 5295 καὶ
518 5242 854 5296 ἀναπλάττον
904 5244 998 5295 καὶ
1049 5242 1184 5311 πρὸς
1241 5240 1337 5311 τὴν
1385 5242 1590 5312 ἀμείνω

38 5339 150 5405 ’ωην
178 5335 659 5406 μεταστοιχειοῦν.
693 5335 928 5404 όμοφυές
954 5334 1015 5386 τέ
1042 5335 1157 5386 ἐστι
1188 5334 1283 5385 καὶ
1310 5334 1591 5403 όμοούσιον

40 5429 81 5500 ᾧ
108 5431 297 5501 Πατρὶ
330 5428 431 5480 καὶ
451 5428 528 5496 τῷ
550 5427 659 5497 Υίῷ
681 5427 774 5480 καὶ
797 5427 1059 5499 ἰσότιμον,
1090 5427 1187 5495 τῆς
1212 5428 1334 5496 μιᾶς
1362 5426 1590 5495 ἀληθοῦς

38 5524 278 5593 νεότητος
316 5519 425 5590 μία
474 5520 765 5582 ὑπόστασις
805 5519 1080 5587 πεφυκός·
1111 5517 1233 5571 καθ’
1278 5516 1305 5568 ὃ
1334 5518 1426 5568 καὶ
1459 5518 1588 5584 παρ’

38 5615 161 5681 ,μῶν
218 5613 345 5667 τῶν
408 5611 747 5679 Χριστιανῶν
798 5611 981 5673 καλῶς
1028 5609 1341 5662 πιστεύεται
1392 5626 1451 5659 τε
1500 5611 1591 5661 καὶ

38 5708 359 5776 κηρύττεται
385 5717 401 5731 ·
440 5703 572 5773 φέρε
598 5704 693 5755 καὶ
726 5703 855 5772 περί⁵
888 5702 1099 5755 ἐκείνου
1130 5702 1219 5754 τὸν
1252 5701 1408 5767 λόγον
1438 5702 1591 5769 ποιή-

38 5816 191 5866 etut,
226 5796 335 5851 καὶ
372 5796 469 5856 τὰς
500 5794 804 5859 ἀποδείξεις
834 5795 1028 5865 μᾶλλον
1064 5795 1127 5845 ὲκ
1152 5793 1345 5846 κοινῶν
1373 5790 1591 5841 ἐννοιῶν

38 5893 479 5962 παραστήσομαι,
508 5888 602 5939 καὶ
642 5889 705 5939 ἐκ
745 5886 1030 5955 Γραφικῶν
1065 5887 1308 5956 ρήσεωνς
1340 5884 1403 5937 ἶν’
1435 5886 1462 5935 ὁ
1488 5883 1585 5951 τῆς

1699 3436 1789 3488 nia
1819 3434 2051 3488 similem
2084 3433 2193 3487 Deo
2219 3433 2384 3497 Patri,
2413 3432 2767 3502 eamdemque
2794 3447 2913 3487 esse
2956 3430 3177 3497 Filium,
3203 3424 3277 3490 uti

1702 3525 1834 3578 bene
1872 3538 1902 3576 a
1931 3523 2089 3576 nobis
2114 3523 2352 3576 creditur
2385 3538 2399 3587 ;
2432 3521 2478 3576 si
2514 3522 2648 3587 haec,
2684 3523 2903 3590 inquam
2929 3562 2944 3587 ,
2986 3523 3257 3578 sermonis

1700 3614 1870 3668 nostri
1900 3615 2070 3668 series
2092 3614 2267 3667 lucide
2298 3613 2708 3675 demonstravit,
2748 3614 3116 3667 indubitanter
3162 3628 3259 3670 vos

1701 3705 1886 3773 procul
1926 3704 2099 3773 abegit
2142 3703 2491 3773 dispulitque,
2548 3703 2938 3772 mendacesque
2999 3706 3259 3773 coarguit,

1701 3796 1791 3864 qni
1818 3795 1944 3848 dum
2003 3801 2195 3864 praster
2248 3804 2455 3848 naturae
2519 3795 2778 3849 unitatem
2814 3837 2828 3860 ,
2881 3797 3258 3865 proprietatem

1698 3902 1915 3956 quoque
1932 3888 2043 3941 sive
2066 3887 2396 3956 hypostasim
2415 3882 2743 3941 centitemini
2763 3926 2777 3949 ,
2802 3887 3010 3941 Patrem
3036 3888 3261 3943 Filium-

1700 3984 1807 4047 que
1835 3979 2341 4041 consubstantiales,
2371 3987 2423 4030 et
2456 3992 2549 4045 per
2582 3979 2762 4031 omnia
2813 3979 3069 4039 eosdem.
3103 3996 3262 4036 exce-

1700 4075 1786 4138 pta
1824 4068 2157 4123 innativitate
2194 4078 2245 4122 et
2279 4068 2639 4138 generatione,
2674 4084 2781 4122 non
2818 4070 3090 4138 recipitis.
3126 4057 3262 4126 Pro-

1680 4170 1879 4229 rpterea
1917 4160 2072 4219 nubis
2115 4161 2327 4229 quidem
2358 4161 2636 4213 videbatur
2682 4160 2949 4227 perfectus
2977 4177 3265 4230 argumen-

1699 4252 1918 4305 tationis
1962 4262 2161 4306 nostrae
2190 4266 2390 4314 sermo,
2421 4260 2473 4303 et
2503 4251 2767 4318 Siquidem
2818 4251 2867 4303 hi
2922 4253 3134 4313 vellent,
3187 4255 3262 4304 ni-

1700 4346 1774 4397 hil
1798 4344 2212 4398 desiderandum
2250 4343 2552 4411 relinquere
2579 4359 2593 4406 ;
2625 4351 2891 4409 quatenus
2922 4358 2986 4395 ex
3018 4359 3261 4397 commu-

1697 4435 1857 4488 nibus
1898 4433 2205 4487 notionibus
2254 4432 2596 4502 pbysicisque
2636 4433 2991 4500 argumentis,
3030 4447 3117 4485 res
3141 4448 3262 4501 qua:

1696 4536 1859 4592 supra
1909 4514 2157 4576 naturam
2200 4532 2346 4584 sunt,
2386 4521 3209 4596 demonstrationem,patiuntur
3243 4545 3253 4575 :

1693 4610 1886 4688 nempe
1910 4618 2054 4687 quod
2101 4616 2238 4671 Deus
2269 4617 2424 4669 Pater
2464 4612 2656 4679 Filium
2708 4616 2867 4669 habet
2890 4615 3117 4669 similent
3158 4617 3259 4670 sibi

1688 4723 1786 4778 per
1815 4707 2037 4772 omnia;
2084 4723 2241 4777 quem
2298 4706 2701 4774 impassibiliter
2737 4716 2791 4759 et
2838 4706 3263 4773 intemporaliicr

1689 4812 1742 4855 et
1762 4801 1877 4855 sine
1908 4800 2019 4854 ullo
2047 4798 2418 4865 ﬂuxu,genuit
2442 4812 2457 4858 ;
2481 4796 2572 4864 qui
2610 4806 2659 4850 ct
2685 4779 2921 4850 Verbum
2948 4805 3000 4848 et
3031 4793 3257 4866 Sapien-

1596 4924 1601 4927 Α
1692 4892 1761 4945 tia
1806 4900 1860 4945 et
1914 4890 2156 4945 Potentia
2216 4886 2623 4958 enhypostatica
2676 4886 2768 4942 Dei
2796 4898 2899 4953 est,
2940 4896 3192 4959 recteque
3229 4908 3256 4940 u

1691 4986 1850 5039 nobis
1879 4983 2135 5039 creditur.

1764 5075 1850 5127 15.
1886 5072 1989 5127 Sed
2012 5074 2140 5141 quia
2185 5070 2415 5140 Spiritus
2447 5086 2680 5140 quoque,
2715 5070 2805 5139 qui
2863 5085 2893 5123 a
2926 5070 3035 5123 Deo
3098 5067 3258 5121 Patre

1693 5162 1954 5233 procedit,
2005 5173 2057 5213 et
2087 5176 2208 5213 cum
2234 5158 2370 5212 Filio
2410 5162 2669 5213 mundum
2728 5159 2963 5212 vivificat
2996 5167 3049 5210 et
3089 5157 3258 5209 refor-

1694 5264 1822 5313 mat,
1844 5261 1894 5303 ct
1921 5252 1983 5303 ad
2019 5252 2292 5302 meliorem
2328 5249 2488 5301 vitam
2515 5255 2859 5311 transmutat,
2892 5248 3255 5314 bomogeneus

1691 5351 1773 5396 est
1803 5352 1855 5395 et
1882 5339 2361 5395 consubstantialis
2409 5338 2555 5393 Patri
2594 5354 2657 5393 ac
2699 5338 2834 5393 Filio
2892 5347 2946 5392 et
2979 5350 3126 5403 aeque
3154 5336 3254 5386 lto—

1691 5432 1970 5493 norabilis,
2033 5429 2192 5483 unius
2220 5444 2359 5482 vera:
2404 5428 2625 5482 Deitatis
2686 5442 2909 5497 persona
2963 5423 3253 5490 singularis

1692 5521 1981 5578 exsistcns.
2007 5520 2197 5573 sicula
2238 5519 2396 5573 nobis
2429 5518 2757 5573 Christianis
2818 5527 2959 5571 recte
3014 5512 3255 5567 creditur

1694 5628 1758 5666 ac
1795 5611 2156 5678 praedicatur;
2204 5610 2382 5677 agesis
2423 5610 2491 5663 de
2548 5610 2642 5663 illo
2674 5622 2889 5679 quoque
2945 5618 3253 5657 sermonem

1691 5702 1991 5762 instituam,
2028 5700 2139 5751 imo
2170 5700 2349 5768 potius
2374 5700 2860 5754 demonstrationes
2894 5711 2961 5748 ex
3008 5709 3254 5748 commu-

1694 5796 1855 5849 nibus
1906 5793 2214 5847 notionibus
2271 5793 2555 5855 exhibebo,
2614 5806 2821 5847 necnon
2856 5786 3255 5868 ex’Scripturte

1701 5884 2063 5951 testimoniis,
2104 5894 2161 5939 ut
2206 5885 2326 5939 iidri
2360 5886 2599 5939 doctrina
2644 5885 2708 5939 de
2756 5887 2941 5936 sancta
2994 5877 3255 5933 Trinitatc
