3926 6308
585 340 589 344 ’
624 361 727 422 687

1877 355 2165 414 ΝιιῑΕτιε
2203 356 2604 416 Ri’ZANTlNl
2813 355 2821 374 λ
3101 307 3105 311 ’
3781 357 3880 409 is:

630 469 925 524 secundum
976 466 1354 534 proprietates,
1387 465 1438 520 id
1479 474 1580 526 est,
1638 479 1894 532 personas
1946 465 2188 518 unicam-

2300 465 2452 531 ἁγίας
2481 464 2707 536 Τριάδος
2732 464 2868 516 κατὰ
2895 465 2988 525 τὰς
3018 464 3278 530 ἰδιότητας
3309 467 3468 534 ﬁmo-1
3508 465 3859 523 ὑποστάσεις

631 577 734 627 que
763 559 1098 610 divinitatem
1158 573 1220 611 ac
1267 556 1691 611 dominationem
1747 567 1798 609 et
1860 565 2182 623 potestatem

629 658 791 715 atque
821 649 1215 712 monarchiam,
1251 659 1396 701 sarta
1423 657 1668 715 tectaque
1700 649 1790 710 sit,
1828 659 1879 700 et
1915 663 1944 700 a
1971 650 2187 700 nemine

631 741 852 792 alterius
912 740 1029 791 lidei
1091 740 1313 792 homine
1351 741 1673 806 "repellatur.
1726 739 1994 803 Quoniam
2065 738 2186 790 lidei

629 829 892 881 etiiicntis
938 829 1091 882 nobis
1124 830 1294 881 instar
1327 842 1412 882 est
1473 827 1846 882 communium
1898 828 2182 879 notionum

632 933 794 981 usus;
826 929 1015 985 praeter
1040 919 1184 972 hunc
1224 927 1430 978 autem,
1461 917 1845 985 prophetarum
1904 915 2188 982 inspiratto

635 1026 662 1061 a
695 1009 879 1062 divino
952 1009 1154 1077 Spiritu
1198 1007 1614 1078 suppeditatur,
1681 1020 1853 1074 eaque
1904 1004 2190 1061 manifeste

630 1102 796 1158 ltobis
828 1111 1045 1154 enarrat
1101 1100 1266 1154 DCIIII]
1293 1114 1454 1153 omne
1482 1108 1723 1153 creatum
1755 1112 2088 1150 conservare
2126 1112 2189 1151 ac

634 1200 835 1255 l’ovcre,
867 1193 1159 1255 νῖνὶίίισιιιέ,
1189 1202 1241 1244 et
1266 1192 1481 1245 divinos
1535 1187 1842 1251 instinctus,
1891 1189 2190 1244 charisma-

633 1298 743 1340 tum
774 1285 951 1336 varias
995 1285 1231 1336 rationes
1266 1292 1318 1335 et
1342 1279 1801 1335 sanctit‘icationes
1851 1280 2031 1349 dignis
2055 1294 2189 1348 pra:-

633 1376 780 1438 bcre,
812 1379 952 1428 sicut
987 1388 1161 1438 vestra
1192 1388 1408 1441 quoque
1435 1373 1704 1440 scriptura
1739 1378 2038 1433 consonat;
2093 1385 2186 1424 ex-

638 1469 908 1536 ploratum
940 1476 1023 1520 est
1069 1465 1234 1517 Deum
1265 1464 1437 1516 multo
1461 1464 1614 1536 prius
1641 1471 1693 1515 et
1755 1471 2000 1514 sanctum
2044 1476 2203 1526 esse,

623 1569 682 1612 et
713 1574 776 1612 ex
813 1557 994 1610 divina
1046 1554 1440 1618 consuetudine
1494 1552 1755 1607 mundum
1821 1552 2096 1606 custodire
2128 1567 2190 1606 ac

631 1649 830 1710 l‘uvere,
866 1657 918 1699 et
939 1648 1002 1698 ad
1035 1646 1317 1698 meliorum
1372 1658 1580 1696 morum
1623 1642 1986 1696 conditionem
2021 1641 2190 1694 dedu-

628 1752 770 1792 cere.
797 1735 928 1788 Nam
951 1736 994 1790 si
1022 1734 1157 1788 forte
1178 1734 1280 1786 hoc
1303 1733 1498 1802 aliquis
1519 1747 1753 1786 vesanus
1783 1749 1884 1784 nun
1910 1722 2196 1795 concedat,

2290 558 2384 607 καὶ
2420 557 2517 625 τὴν
2561 556 2686 624 μίαν
2731 555 2959 618 θεότητα
3001 557 3092 606 καὶ
3142 556 3435 624 κυριότητα
3471 556 3566 606 καὶ
3618 553 3885 617 ἐξουσίαι

2290 649 2380 699 καὶ
2416 647 2714 716 μοναρχίαν
2743 647 3083 708 πιστευτικὸς
3108 641 3282 712 λόγος,
3318 647 3529 715 βέϐαιος
3563 648 3673 698 καὶ
3701 648 3884 711 6.5;:—

2289 737 2384 806 λὴς
2416 740 2522 806 εἴη,
2557 741 2649 790 καὶ
2689 736 2840 806 παρὰ
2876 737 3096 805 μηδενὸς
3131 738 3476 807 ἑτεροπέστου
3517 754 3884 805 παρακροωπ

2291 844 2449 896 μενος
2475 843 2486 856 ·
2521 826 2800 896 ἀρξόμεθα
2837 826 2892 878 δὲ
2924 827 3018 879 καὶ
3049 827 3174 895 περὶ
3208 827 3395 878 τούτου
3433 821 3537 879 ὦδε
3564 845 3575 856 ·
3656 829 3886 892 Ἐπειξτ

2289 920 2470 981 πίστις
2502 920 2632 988 ἡμῖν
2677 917 2912 988 ἐναργὴς
2960 920 2992 984 ὴ
3030 918 3138 968 τῶν
3170 919 3361 970 κοινῶν
3407 919 3638 969 ἐννοιῶν
3678 917 3883 968 ὑποτέ-

2290 1008 2461 1061 θειται
2516 1010 2756 1078 χρῆσις,¹
2785 1009 2924 1077 ὑπὲρ
2962 1007 3018 1059 δὲ
3054 1007 3256 1076 ταύτης
3313 1010 3344 1078 ὴ
3391 1009 3499 1059 τῶν
3561 1009 3887 1078 προφητιέςη

2290 1097 2585 1166 ἐμπνευσις
2639 1099 2725 1151 διὰ
2778 1098 2872 1150 τοῦ
2931 1097 3075 1149 θείου
3129 1098 3445 1167 Πνεύματος
3490 1099 3887 1155 καθίσταται,

2291 1189 2426 1260 αὕτη
2467 1191 2522 1243 δὲ
2549 1191 2736 1259 σαφῶς
2762 1192 2891 1261 ἡμῖν
2925 1189 3250 1259 διαγορεύει,
3282 1191 3362 1243 ὃτι
3394 1192 3421 1242 6
3470 1191 3608 1255 Θεὸς
3645 1191 3761 1258 τὴν
3800 1192 3864 1258 δη

2292 1281 2579 1350 μιουργίαν
2633 1282 2848 1336 ἃπασαν
2906 1283 3219 1351 φρουρεῖται
3269 1300 3328 1334 τε
3381 1286 3475 1336 καὶ
3529 1285 3886 1336 ἐπιϐάλπει.

2290 1371 2544 1437 ζωογονεί
2585 1389 2642 1424 τε
2689 1374 2784 1425 καὶ
2836 1373 3161 1438 ἐμπνεύσεις
3204 1374 3351 1434 θείας
3383 1378 3474 1426 καὶ
3506 1376 3890 1445 χαρισμάτω-

2289 1461 2520 1531 τρόπους
2570 1464 2667 1515 καὶ
2696 1465 2999 1532 ἁγιασμοὺς
3027 1468 3138 1528 τοῖς
3167 1462 3334 1528 ἀξίοις
3374 1465 3636 1534 παρέχει.
3678 1465 3818 1517 καθ’
3863 1469 3890 1515 Ξ

2290 1552 2385 1604 καὶ
2411 1553 2471 1606 τὸ
2496 1554 2760 1624 ὑμέτερον
2791 1555 3024 1624 γράμμα
3056 1557 3263 1624 συνῳδὰ
3296 1555 3502 1618 τούτοις
3536 1557 3888 1624 φθέγγεταμ

2284 1644 2521 1711 φανερὸν
2548 1645 2628 1696 ὅτι
2673 1649 2699 1697 6
2727 1645 2856 1708 Θεὸς
2896 1645 3074 1715 πολλῷ
3123 1648 3385 1716 πρότερον
3412 1646 3566 1714 ἅγιός
3628 1648 3764 1700 ἔστι
3802 1667 3893 1699 κει

2291 1735 2347 1784 ὲν
2382 1733 2658 1805 ἁγιωσύνῃ
2716 1735 2836 1804 θείᾳ
2865 1735 2955 1788 τὸν
2989 1737 3194 1805 κόσμον
3241 1740 3467 1806 φρουρεί
3492 1753 3550 1788 τε
3595 1739 3709 1791 καὶ
3766 1742 3892 1789 ἐπτ-

631 1828 679 1883 is
719 1826 884 1881 Deum
916 1826 1062 1878 omni
1094 1833 1362 1878 carentem
1427 1823 1716 1877 sanctitate
1765 1823 1988 1876 diceret.
2035 1821 2183 1886 Quo-

2300 1797 2486 1878 5άλπει
2516 1826 2609 1878 καὶ
2631 1797 2778 1896 ’πρὸς
2812 1797 2914 1898 τὴν
2943 1797 3228 1900 κρείττονα
3253 1797 3547 1898 *διαγωγὴν
3576 1829 3854 1896 διεξάγει
3883 1848 3893 1860 ·

629 1919 791 1980 titodo
823 1927 1000 1971 autem
1037 1917 1125 1970 ille
1151 1914 1451 1969 volentibus
1505 1914 1758 1968 omnibus
1809 1913 2005 1966 divina-
2066 1928 2187 1982 gra-

634 2013 720 2064 tiae
752 2011 969 2064 divitias
1000 2009 1068 2062 ad
1106 2007 1465 2061 hauriendum
1506 2007 1624 2060 sine
1653 2006 1758 2058 ulla
1818 2007 1901 2059 sui
1928 2005 2187 2058 imminu-

615 2104 773 2158 tione
803 2099 1091 2170 proponit?
1126 2115 1248 2153 nam
1278 2099 1322 2153 si
1349 2099 1463 2167 ipse
1507 2098 1792 2152 sanctitate
1823 2108 1990 2158 caret,
2044 2105 2190 2150 certe

630 2207 698 2245 ne
720 2191 1078 2245 sanetitieabit
1107 2189 1354 2257 quidem.
1387 2202 1543 2241 nemo
1581 2188 1723 2239 enim
1759 2187 1902 2255 quod
1940 2203 2044 2239 non
2095 2187 2188 2239 ha-

633 2284 721 2335 bet
751 2283 844 2335 dat
890 2282 1177 2348 cuiquam:
1235 2280 1314 2331 vel
1362 2279 1518 2346 cujus
1578 2279 1689 2354 ipse
1737 2278 1811 2330 rei
1875 2285 2190 2346 paupertate

632 2373 863 2435 laborat,
902 2375 1088 2425 eadem
1122 2371 1258 2424 alios
1281 2370 1494 2424 ditabit.
1553 2366 1608 2422 Si
1654 2369 1793 2422 Deus
1843 2368 2026 2436 itaque
2083 2383 2188 2422 non

631 2474 714 2518 est
744 2462 1048 2517 sanctitatis
1093 2461 1387 2529 particeps,
1427 2460 1544 2513 sine
1570 2458 1733 2512 dubio
1777 2465 2028 2511 creatura
2073 2458 2190 2509 uni-

632 2569 785 2608 versa
829 2553 997 2606 multo
1027 2553 1196 2620 magis
1247 2550 1615 2604 desertissima
1654 2550 1755 2602 erit
1782 2564 1811 2601 a
1863 2548 2033 2617 gratia
2069 2557 2125 2601 et
2159 2557 2189 2599 a

633 2646 819 2699 divino
857 2659 1103 2698 manere.
1145 2643 1307 2710 Atqui
1351 2650 1596 2696 creatura
1653 2641 1793 2694 haud
1841 2641 2063 2694 omnino
2101 2640 2192 2693 de.

633 2737 878 2792 stituitur
901 2735 1070 2806 gratia
1099 2747 1151 2788 et
1180 2734 1462 2788 sanctitate
1499 2749 1561 2786 ac
1584 2733 1869 2802 praesidio;
1919 2731 2192 2801 quomodo

633 2830 777 2881 enim
846 2845 1004 2881 secus
1053 2827 1415 2880 subsisteret?
1475 2827 1656 2895 itaque
1723 2825 2071 2878 manifestum
2113 2833 2195 2878 est

634 2922 809 2980 illum,
847 2920 937 2986 qui
976 2920 1087 2970 haec
1119 2918 1324 2980 tribuit,
1370 2917 1418 2968 id
1469 2927 1554 2970 est
1582 2916 1771 2974 Deum,
1823 2915 2196 2969 substantialis

550 3014 588 3095 ’γ
636 3011 939 3066 sanctitatis
975 3011 1145 3062 multo
1171 3024 1288 3063 esse
1315 3010 1632 3077 pleniorem,
1665 3018 1718 3060 et
1747 3023 1868 3060 eum
1909 3009 2197 3062 sanctitate

638 3102 900 3154 mundum
935 3100 1254 3170 gubernare.
1286 3100 1339 3153 Si
1367 3115 1495 3169 ergo
1529 3102 1668 3153 Deus
1693 3101 1746 3152 in
1765 3100 2052 3152 sanctitate
2079 3114 2196 3152 ver-
2224 3123 2266 3182 ο

641 3208 771 3245 satis
801 3193 1066 3246 mundum
1105 3192 1409 3245 sanctificat
1450 3202 1503 3245 et
1541 3193 1743 3260 dirigit,
1793 3191 2196 3259 eumqueexsi-

638 3295 866 3339 stentem
897 3287 1097 3340 divinis
1137 3285 1586 3353 inspirationibus
1628 3295 1681 3339 et
1716 3285 1982 3339 doctrinis
2033 3293 2198 3353 atque

607 3376 1056 3430 -cltarismatibus
1093 3376 1293 3443 implet,
1357 3385 1500 3442 patet
1557 3391 1679 3429 eum
1728 3376 1846 3428 sine
1911 3376 2199 3427 sanctitate

639 3480 745 3518 non
767 3481 903 3518 esse.
940 3466 1103 3518 l'orro
1132 3480 1292 3518 omne
1318 3466 1458 3532 quod
1494 3467 1836 3518 sanctitatem
1869 3462 2051 3527 habet,
2076 3479 2195 3517 eam

638 3559 718 3608 vel
756 3557 1062 3622 aduptivam
1098 3554 1257 3607 habet
1284 3555 1362 3607 vel
1391 3554 1708 3607 naturalem.
1746 3553 1862 3606 Jam
1910 3553 1955 3606 si
1987 3553 2198 3620 adopti-

639 3662 760 3698 vam
795 3646 971 3706 habet,
1026 3646 1103 3698 vel
1165 3660 1271 3698 uno
1327 3645 1634 3713 syllogismo
1685 3646 1757 3696 rei
1811 3643 2197 3697 absurditatem

640 3753 970 3805 cognoscere
1005 3738 1148 3792 licet.
1194 3738 1332 3790 ltcus
1390 3738 1691 3805 adoptivam
1743 3735 1900 3788 habet
1943 3736 2199 3789 sanctita-
2235 3753 2242 3764 ι

643 3841 746 3883 tem
780 3845 930 3882 suam
963 3839 1124 3896 atque
1159 3827 1567 3895 inspirationem
1606 3826 1783 3893 :atqui
1849 3841 2010 3879 omne
2054 3824 2198 3894 quod

642 3922 713 3973 ita
741 3921 921 3983 habet,
955 3919 1280 3987 prolicienth
1305 3917 1579 3987 pertieitur
1604 3935 1616 3970 :
1645 3916 1986 3970 concluditur
2019 3915 2200 3983 itaque

644 4021 701 4065 ut
743 4011 883 4064 [)eus
924 4011 1253 4078 proticiendo
1275 4010 1609 4078 perﬁciatur.
1650 4007 1806 4072 Quod
1830 4008 1895 4061 de
1921 4007 2031 4061 Deo
2083 4006 2200 4061 sine

644 4103 978 4171 blaspln-mia
1005 4102 1108 4156 dici
1135 4102 1341 4170 nequit.

718 4377 804 4429 Μ.
837 4378 963 4428 Item
986 4377 1164 4429 aliter.
1203 4374 1258 4425 Si
1324 4373 1471 4426 Deus.
1513 4372 1816 4439 adoptivam
1876 4371 2036 4424 habet
2075 4385 2200 4424 san-

2289 1917 2335 1966 e'l
2363 1915 2468 1985 γάρ
2498 1918 2700 1976 καίτις
2735 1917 2891 1968 τοῦτο
2921 1919 3199 1986 ἁφραίνων
3224 1920 3283 1970 οὐ
3311 1920 3448 1987 δοίη,
3473 1921 3564 1971 τὸν
3593 1921 3752 1973 Θεὸν
3787 1925 3864 1989 φή

2289 2024 2399 2059 σειε
2439 2006 2714 2070 παντελῶς
2749 2008 3072 2078 ἐστερῆσθαι
3122 2009 3467 2077 ἁγιωσύνης·
3507 2013 3606 2063 καὶ
3655 2013 3796 2072 πῶς
3831 2016 3890 2063 5-.

2291 2100 2319 2151 6
2350 2099 2510 2162 αὐτὸς
2538 2101 2647 2162 τοῖς
2675 2097 2918 2151 θέλουσιν
2964 2099 3134 2152 ἅπασι
3181 2101 3274 2152 τὸν
3305 2099 3534 2152 πλοῦτον
3561 2102 3677 2169 τῆς
3730 2102 3893 2161 Θείας

2291 2191 2508 2260 χάριτος
2548 2189 2811 2260 ἀρύεσθαι
2859 2191 3227 2260 ἁπροσπαθῶς
3283 2191 3575 2270 ἐντίθησιν,
3638 2193 3821 2264 εἰπερ
3879 2200 3899 2240 ἐκ

2292 2281 2453 2344 αὐτὸς
2477 2282 2700 2351 ἄμοιρός
2725 2284 2868 2334 ἐστιν
2895 2284 3178 2353 ἁγιότητος
3199 2300 3213 2346 ;
3235 2285 3296 2336 Et
3321 2279 3412 2336 οὖν
3446 2285 3610 2346 αὐτὸς
3644 2284 3895 2353 ἄμοιροί

2292 2374 2440 2426 ἐστιν
2465 2373 2771 2442 ἁγιότητος,
2799 2374 2919 2426 οὐδὲ
2947 2375 3164 2440 ἁγιάσει
3189 2391 3201 2403 '
3231 2375 3381 2428 οὐδὲν
3406 2376 3514 2444 γὰρ
3533 2375 3656 2427 τῶν
3684 2377 3895 2428 ὄντων.

2291 2461 2428 2531 ὅπερ
2453 2462 2512 2512 ού
2549 2463 2808 2530 κέκτηται
2837 2463 3092 2533 παράσχῃ
3125 2465 3252 2528 τινὶ,
3288 2465 3383 2516 καὶ
3414 2457 3473 2516 οὗ
3519 2465 3772 2517 πένεται
3809 2465 3895 2516 ἆ).-

2293 2551 2414 2615 λους
2455 2550 2893 2608 καταπλουτίσει.
2929 2555 2988 2606 El
3039 2550 3131 2608 οὖν
3163 2557 3190 2607 ὁ
3238 2554 3372 2618 Θεὸς
3423 2556 3673 2624 ἄμοιρός
3738 2559 3904 2607 ἑστι-ιι

2295 2638 2594 2709 ἁγιότητος,
2645 2640 2800 2710 δῆλον
2851 2643 2933 2694 ὅτι
2984 2644 3075 2694 καὶ
3128 2646 3160 2713 ἡ
3215 2644 3390 2706 κτίσις
3444 2645 3642 2697 ἁπασα.
3702 2647 3901 2710 πολλιῖι

2299 2729 2498 2801 μᾶλλον
2533 2731 2714 2799 ἐρήμη
2752 2732 2817 2783 ἂν
2849 2732 2932 2802 είη
2965 2734 3298 2802 χαρίσματός
3339 2751 3396 2786 τε
3432 2737 3526 2787 καὶ
3563 2735 3730 2788 θείου
3765 2740 3902 2805 τρο--

2296 2837 2398 2872 που
2424 2834 2438 2849 °
2488 2818 2626 2872 ἁλλὰ
2663 2819 2766 2890 μὴν
2799 2821 2832 2890 η
2865 2821 3041 2883 κτίσις
3071 2822 3129 2872 οὺ
3177 2822 3451 2886 παντελῶς
3496 2824 3700 2894 ἐρήμη
3743 2825 3905 2878 ﬂete.-

2297 2909 2633 2978 χαρίσματος
2667 2913 2758 2963 καὶ
2795 2911 3106 2980 ἁγιωσύνης
3151 2914 3245 2966 καὶ
3277 2915 3572 2982 ἀσφαλείας
3610 2919 3908 2971 καθίστα-

2296 3016 2423 3052 ται·
2473 3002 2601 3063 πῶς.
2641 3002 2749 3072 γὰρ
2801 3003 2866 3055 ἂν
2913 3003 3006 3056 καὶ
3040 3005 3358 3074 συνείχετο;
3391 3006 3548 3076 δῆλον
3585 3009 3685 3062 ὅτι
3720 2995 3836 3062 καὶ
3887 3017 3910 3061 ε

2298 3092 2499 3160 ταύτης
2531 3092 2878 3160 μεταδοτικὸς
2900 3134 2914 3158 ,
2947 3091 3081 3164 ὅπερ
3122 3097 3237 3148 ἐστὶ
3267 3096 3398 3158 Θεὸς
3421 3135 3437 3160 ,
3469 3097 3665 3167 πολλῷ
3721 3101 3902 3152 πλέοι»,

2298 3183 2592 3247 οὐσιώδους
2624 3183 2910 3248 ἀνάπλεώς
2957 3188 3102 3239 ἐστιν
3129 3188 3414 3257 ἁγιότητος
3441 3228 3455 3250 .
3491 3193 3583 3242 καὶ
3622 3191 3692 3242 ἐν
3730 3193 3911 3258 ἁγια-

2300 3275 2423 3344 σμῷ
2450 3276 2540 3328 τὸν
2580 3277 2783 3345 κόσμον
2817 3275 3150 3338 διευθετίζει.
3195 3280 3258 3331 El
3282 3274 3423 3331 οὗνό
3450 3279 3580 3342 Θεὸς
3621 3282 3690 3334 ιν
3718 3284 3910 3349 ἁγιω-

2301 3365 2433 3435 σύνῃ
2465 3364 2616 3432 ἁγιος
2655 3365 2751 3428 ὢν,
2785 3367 2876 3418 τὸν
2911 3367 3111 3435 κόσμον
3150 3366 3369 3434 ἁγιάζει
3401 3369 3495 3421 καὶ
3524 3369 3911 3435 διευθετίζει.

2301 3458 2395 3509 καὶ
2425 3457 2582 3514 θείων
2609 3458 2958 3527 ἑμπνεὸσεων
2984 3458 3080 3512 καὶ
3114 3461 3366 3528 μυήσεων
3392 3461 3487 3529 καὶ
3513 3465 3914 3532 χαρισμάτων

2300 3548 2428 3600 ὄντα
2475 3549 2847 3618 ἐμπίμπλησι,
2882 3553 3113 3621 φανερὸν
3153 3553 3234 3604 ὅτι
3275 3552 3541 3622 ἁγιότητα
3575 3553 3706 3623 ἔχει
3736 3571 3750 3585 ·
3797 3563 3908 3610 πᾶν

2300 3641 2356 3692 δὲ
2386 3640 2446 3692 τὸ
2488 3641 2611 3709 ἔχον
2638 3641 2923 3710 άγιότητα,
2953 3642 2987 3711 ἢ
3020 3642 3188 3705 θιτῶς
3217 3644 3422 3713 ταύτην
3454 3643 3566 3712 ἔχει
3602 3645 3640 3714 ἢ
3680 3649 3868 3714 φύσει
3903 3671 3908 3676 ·

2302 3730 2416 3782 ἀλλ’
2438 3732 2485 3782 εί
2519 3730 2616 3800 μὲν
2645 3732 2812 3795 θετῶς
2841 3731 2974 3801 ἔχει,
3006 3735 3228 3786 σκοπεῖν
3256 3732 3371 3786 ἔστι
3397 3734 3482 3786 διά
3507 3734 3909 3808 συλλογισμοί

2302 3821 2360 3870 τὸ
2387 3820 2588 3873 ἄτοπον
2612 3835 2625 3849 ⁸
2655 3820 2684 3870 6
2705 3819 2836 3880 Θεὸς
2865 3819 3022 3889 θετὴν
3052 3819 3163 3888 ἔχει
3191 3819 3289 3891 τὴν
3318 3821 3482 3874 αὑτοῦ
3515 3823 3820 3892 ἁγιότητά
3853 3845 3911 3877 τε

2303 3910 2395 3963 καὶ
2426 3907 2722 3977 ἔμπνευσιν
2749 3925 2762 3939 ·
2793 3910 2901 3962 πᾶν
2931 3908 3073 3962 δὲτὸ
3095 3908 3268 3973 οὕτως
3314 3911 3457 3979 ἔχον,
3488 3913 3553 3964 ἐκ
3583 3917 3912 3983 προκοπῆς

2301 3999 2597 4053 τελειοῦται
2627 4018 2639 4030 ·
2669 4001 2963 4068 συνάγεται
3002 4000 3110 4068 ἄρα
3137 4001 3218 4052 ὅτι
3246 4002 3275 4054 6
3306 4000 3456 4064 ιΘεὸς
3488 4003 3642 4056 κατὰ
3681 4021 3910 4074 προκο-

2303 4091 2408 4160 πὴν
2443 4091 2740 4144 τελειοῦται
2767 4109 2779 4121 ο
2830 4091 2967 4160 ὅπερ
3010 4091 3154 4143 ἐστὶν
3201 4091 3292 4142 ἐπὶ
3320 4090 3455 4144 Θεοῦ
3481 4090 3677 4160 λέγειν
3718 4094 3915 4162 βλάσ-

2305 4197 2503 4248 φημονο

2377 4361 2458 4415 ιδ’.
2501 4363 2611 4415 Καὶ
2637 4361 2844 4424 ἄλλως⁸
2875 4362 2939 4415 El
2966 4352 3153 4425 6,086:
3199 4361 3361 4432 θετὴν
3411 4362 3521 4431 ἔχει
3566 4363 3675 4434 τὴν
3718 4367 3913 4418 αὑτοῦ

647 4469 883 4520 ειίιέιιριιι
955 4482 1107 4519 suam
1169 4473 1329 4531 atque
1400 4463 1830 4531 inspirationem,
1886 4469 2029 4528 patet
2079 4475 2198 4513 eum

2308 4454 2573 4525 ἁγιότητά
2595 4471 2654 4506 τε
2685 4455 2779 4506 καὶ
2812 4453 3127 4523 ἒμπνευσιν,
3145 4451 3302 4522 δῆλον
3325 4453 3408 4506 ὅτι
3438 4452 3684 4521 θύραθεν
3713 4457 3880 4522 αὐτ-ἡ
3888 4476 3913 4508 ν

646 4559 982 4610 extrinsecus
1009 4556 1153 4606 illam
1181 4553 1451 4617 accepisse
1478 4570 1489 4603 :
1521 4554 1668 4619 atqui
1700 4549 1878 4603 omnis
1900 4549 1991 4618 qui
2013 4549 2086 4602 ita
2112 4563 2206 4603 ac-

647 4651 870 4716 ceperit,
910 4647 1099 4697 :ibalio
1129 4643 1547 4709 acet-pilzuulla
1601 4641 1744 4693 enirn
1798 4655 1883 4693 res
1936 4640 2206 4692 exsistens

649 4739 763 4809 ipsa
792 4755 883 4807 tit-1‘
926 4755 980 4789 se
1006 4744 1056 4786 t-t
1081 4734 1178 4787 sibi
1216 4733 1378 4786 (latet
1405 4729 1582 4792 datur,
1639 4729 1943 4785 sanctiﬁcat
1981 4740 2034 4782 et
2081 4744 2206 4782 san-

648 4832 946 4890 Μυῖα-ιον,
998 4828 1266 4880 illuminat
1317 4838 1368 4879 et
1422 4826 1800 4887 illuminatur;
1862 4825 2002 4876 sicut
2065 4821 2204 4875 idem

627 4927 808 4977 .homo
828 4938 930 4973 non
951 4921 1101 4972 docet
1126 4920 1434 4971 etdocetur.
1471 4916 1524 4968 Si
1551 4930 1676 4975 ergo
1706 4914 1842 4967 Deus
1867 4913 2208 4966 sanctitatem

625 5017 716 5066 .ab
746 5015 850 5066 alio
875 5013 1100 5078 accepit,
1137 5012 1216 5063 vel
1247 5027 1275 5062 a
1305 5011 1420 5079 pari
1447 5009 1678 5076 accepit,
1705 5007 1838 5059 vela
1871 5005 2100 5067 minore,
2123 5001 2208 5056 vel

649 5104 883 5170 denique
909 5119 934 5151 a
969 5103 1192 5170 majore.
1221 5101 1324 5153 Sed
1366 5102 1507 5152 enim
1537 5097 1681 5166 quod
1744 5096 1811 5148 ab
1868 5096 2061 5146 horum
2114 5108 2208 5145 nc-

651 5197 796 5247 mine
817 5195 1104 5258 acceperit,
1150 5193 1274 5244 hinc
1302 5199 1515 5243 constat
1563 5206 1574 5240 :

633 5296 758 5338 tem
791 5285 860 5338 ab
891 5284 1074 5351 aliquo
1106 5284 1322 5350 accipit,
1357 5291 1412 5333 ut
1439 5279 1801 5357 satu-titicetur
1854 5274 2082 5345 accipit:
2117 5273 2208 5339 qui

652 5387 831 5432 autem
860 5375 1173 5446 accipiendo
1211 5374 1598 5434 sanctiﬁcatur,
1634 5388 1660 5422 a
1698 5371 1900 5437 majore
1940 5364 2210 5434 accipitet

655 5469 1042 5522 sanctilicatur.
1074 5463 1243 5516 Porro
1294 5465 1481 5516 horum
1524 5463 1658 5513 alter
1683 5470 1764 5512 cst
1794 5459 2050 5519 deterior,
2078 5461 2211 5507 alter

604 5560 905 5627 aequalis;
942 5573 1062 5609 nam
1093 5558 1364 5609 meliorem
1417 5554 1523 5607 Deo
1587 5554 1850 5604 neruinein
1889 5566 2008 5603 esse
2059 5559 2208 5599 corn—

660 5646 839 5698 munis
878 5645 1030 5700 nobis
1063 5660 1255 5700 sensus
1307 5645 1517 5698 suadet.
1569 5642 1733 5707 Igitur
1793 5639 1931 5692 Deus
1981 5638 2048 5689 ab
2101 5635 2210 5686 alio

657 5733 993 5788 sanctitatem
1027 5750 1180 5790 suam
1207 5721 1311 5788 non
1344 5731 1567 5800 accepit.
1597 5729 1748 5795 Quod
1783 5731 1826 5784 si
1865 5741 2205 5796 nequaquam

1626 5203 1749 5240 nam
1804 5185 1894 5254 qui
1951 5183 2212 5237 sanctita-

2309 4545 2549 4615 εῐληφενο
2575 4547 2681 4597 πᾶν
2705 4545 2760 4598 δὲ
2784 4544 2842 4596 τὸ
2872 4543 3042 4606 οὕτως
3067 4544 3321 4613 ἐσχηκὸς,
3345 4542 3477 4610 παρ’
3505 4543 3710 4612 ἑτέρου
3751 4535 3916 4605 τινὸς

2308 4636 2511 4704 ταύτην
2534 4636 2720 4705 εἴληφε
2740 4651 2752 4665 ·
2773 4636 2866 4688 καὶ
2889 4634 2995 4702 γὰρ
3019 4634 3169 4686 οὐδὲν
3194 4633 3300 4685 τῶν
3333 4634 3501 4686 ὄντων
3529 4633 3672 4686 αὐτὸ
3704 4637 3904 4705 ἑαυτῆ

2311 4727 2539 4796 παρέχει
2586 4727 2680 4777 καὶ
2712 4725 3028 4796 παρέχεται,
3076 4725 3288 4791 ἁγιάζει
3321 4741 3379 4777 τε
3425 4710 3519 4776 καὶ
3549 4724 3914 4791 ἁγιάζεται⁸

2310 4817 2495 4886 ὥσπερ
2536 4817 2655 4869 οὐδὲ
2689 4816 2750 4868 τό
2788 4815 2919 4870 αὐτὸ
2952 4815 3189 4868 διδάσκει
3219 4832 3277 4866 τε
3317 4817 3407 4866 καὶ
3447 4815 3810 4869 διδάσκεται.
3851 4819 3918 4871 EE

2310 4905 2403 4961 οὖν
2443 4911 2470 4961 6
2521 4907 2650 4969 Θεὸς
2679 4908 2805 4977 παρ’
2841 4907 3027 4978 ἑτέρου
3071 4906 3274 4974 ταύτην
3321 4905 3560 4976 εἴληφεν,
3603 4908 3738 4975 ἦτοι
3799 4912 3920 4961 ἀπὸ

2315 5001 2450 5063 ἴσου,
2486 5000 2519 5069 ἢ
2556 4999 2664 5054 ἀπὸ
2691 4999 2968 5060 ἐλάττονος
2995 5038 3009 5062 ,
3039 4999 3072 5068 ἢ
3108 4999 3215 5052 ἀπὸ
3257 4998 3591 5068 κρείττονος’
3637 4999 3780 5051 ἁλλ’
3822 5003 3910 5053 ὅτι

2319 5092 2417 5159 μὲν
2453 5091 2550 5144 ούκ
2574 5092 2667 5145 ἀπ’
2697 5091 2908 5152 οὐδενὸς
2935 5090 3138 5163 τούτων
3163 5089 3454 5159 ἐνδέχεται,
3487 5088 3763 5142 ἐντεῦθεν
3815 5093 3918 5158 δῆ-

2315 5183 2434 5232 λον’
2469 5183 2528 5232 τὸ
2560 5181 2659 5249 μὲν
2685 5180 2794 5250 γάρ
2821 5181 3084 5250 ἁγιότητὰ
3118 5197 3233 5241 πως
3263 5180 3325 5231 ἔκ
3353 5195 3496 5241 τινος
3526 5180 3918 5249 μεταλαμεέ-

2315 5288 2422 5334 νον,
2461 5272 2821 5341 ἁγιαζόμενόν
2854 5287 2967 5332 πως
3005 5269 3406 5339 μεταλαμϐάνει
3427 5285 3439 5296 ·
3473 5268 3533 5320 τὸ
3563 5268 3626 5320 δὲ
3669 5272 3922 5338 ἁγιαζί-

2319 5378 2474 5428 μενον
2505 5365 2561 5414 ὲν
2587 5362 2662 5430 τῷ
2689 5356 3005 5428 λαμϐάνειν,
3055 5361 3162 5412 άπὸ
3192 5359 3493 5428 κρείττονος
3526 5361 3914 5429 μεταλαμϐα-

2314 5469 2395 5503 νει
2435 5454 2527 5505 καὶ
2575 5454 2882 5520 ἁγιάζεται·
2926 5451 3130 5505 τούςων
3163 5450 3217 5502 δὲ
3247 5451 3304 5501 τὸ
3341 5450 3437 5517 μὲν
3475 5451 3692 5518 χεῖρον,
3740 5453 3818 5503 τὲ,
3866 5457 3916 5502 r2;

2319 5545 2430 5596 ἴσον
2451 5563 2464 5574 ⁸
2501 5547 2743 5616 κρεῖττον
2770 5544 2824 5594 δὲ
2853 5543 2987 5596 Θεοῦ
3007 5545 3110 5608 ρύκ
3143 5542 3306 5605 ἐστιν,
3340 5541 3413 5603 ὡς
3449 5541 3688 5611 η’κοινὴ
3721 5543 3862 5595 ἐψαο
3895 5565 3921 5594 .z

2315 5635 2424 5704 ἔχει
2445 5653 2457 5665 ο
2486 5637 2583 5687 οὐκ
2611 5635 2715 5702 ἄρα
2737 5635 2765 5684 6
2786 5633 2915 5695 Θεὸς
2939 5635 3065 5703 παρ’
3091 5635 3274 5702 ἑτέρου
3297 5635 3393 5701 τὴν
3418 5632 3587 5685 αὑτοῦ
3624 5635 3845 5701 thr/Str
3871 5655 3919 5684 :2

2317 5727 2562 5796 εἴληφενο
2598 5729 2643 5778 εὶ
2678 5725 2732 5775 δὲ
2769 5727 2845 5797 μὴ
2889 5725 3018 5791 παρ’
3049 5727 3254 5798 ἐτέρου,
3287 5724 3444 5794 δῆλον
3489 5725 3576 5778 ὅτι
3618 5727 3748 5780 οὐδ’
3786 5728 3922 5792 ἔξω·
