3926 6308
48 256 181 318 589
1226 263 1652 324 REFUTATIO
1689 266 2164 329 MOHAMEDIS.
3202 267 3309 331 690

46 366 167 465 Bia
186 378 201 393 ο
231 365 282 416 εξ
308 364 367 417 δὲ
403 365 480 436 μὴ
500 364 722 472 ἔξωθεν,
747 368 868 422 οὐδὲ
904 368 1072 433 Θετῶς
1090 384 1103 399 ·
1148 372 1238 425 διά
1269 372 1328 425 τὸ
1351 375 1459 427 πᾶν
1481 374 1543 425 τὸ
1564 373 1651 426 Θε-

1771 379 1819 433 ιὶ)
1844 379 1971 441 alio,
2036 385 2252 432 constat
2302 378 2443 447 quod
2500 392 2597 431 uec
2650 375 3012 431 extrinsecus.
3072 376 3224 441 Quod
3259 376 3305 431 si

48 470 182 517 τως
212 472 458 521 τοιοῦτον
484 467 646 512 εἰναι.

1771 471 1977 524 ninime
2026 470 2387 532 extrinsecus,
2416 484 2483 523 ne
2536 468 2788 537 adoptive
2837 467 3089 537 quidem:
3148 482 3308 522 omne

150 657 238 706 ιε’.
282 655 391 707 Καὶ
415 652 624 716 ἄλλως·
682 654 744 707 Ei
790 656 818 707 6
850 654 981 717 Θεὸς
1011 654 1172 727 θετὴν
1206 658 1327 726 ἔχει
1366 659 1464 727 τὴν
1498 659 1651 725 ἀγιὸ-

52 760 239 813 τητα,
268 745 503 815 φανερὸν
525 746 607 799 ὅτι
639 745 986 816 συμϐέϐηκεν
1028 746 1177 818 αὐτῷ
1196 765 1210 777 ·
1247 750 1352 799 πᾶν
1371 748 1426 799 δὲ
1458 750 1651 816 συμϐε-

56 834 271 903 ϐηκὸς,
315 836 728 906 πεπερασμένον
757 837 817 888 τὲ
855 838 969 889 ἐστι
995 876 1011 901 ,
1043 837 1137 907 καὶ
1180 840 1236 890 ὲν
1268 840 1458 907 κτιστῇ
1493 836 1651 905 φύσει

59 928 329 997 δηλονότι
364 923 500 979 εἶναι
534 928 643 997 ἔχει
664 944 680 958 ·
742 929 1029 995 συνάγεται
1046 906 1167 996 ίᾶρά
1195 930 1275 981 ὅτι
1303 932 1330 981 6
1357 906 1489 990 Θεὸς
1531 947 1650 981 κτι-

68 1016 213 1079 στός
246 1019 387 1081 ἐστι,
415 1018 508 1070 καὶ
531 1019 759 1089 κτιστὴν
784 1018 945 1086 φύσιν
972 1018 1084 1089 ἔχει
1102 1036 1115 1049 ·
1147 1021 1194 1070 εἰ
1238 1020 1295 1072 δὲ
1320 1018 1495 1085 τοῦτο,
1536 1020 1653 1088 ἦτοι

70 1106 217 1174 παρ’
258 1106 455 1159 ἑαυτοῦ
486 1106 755 1170 ἔκτισται,
804 1109 837 1177 ἢ
887 1109 1029 1178 adp"
1047 1110 1265 1178 ἑτέρου-
1302 1109 1415 1161 ἀλλ’
1450 1112 1497 1161 εἰ
1550 1110 1648 1179 μὲν

67 1196 213 1265 παρ’
250 1195 499 1259 “ὲάυτοῦ,
551 1196 703 1251 ἔσται
752 1199 895 1252 κατὰ
945 1200 1111 1252 ταυτὸ
1141 1203 1168 1252 ὀ
1202 1200 1359 1261 αὐτὸς
1392 1200 1655 1269 παράγων

66 1286 182 1337 καὶ
217 1287 622 1357 παραγόμενος,
672 1288 869 1350 κτίζων
900 1290 993 1341 καὶ
1029 1289 1369 1357 κτιξόμενος,
1400 1289 1656 1359 δημιουρ-

66 1377 198 1444 γῶν
228 1379 328 1430 καὶ
359 1379 855 1449 δημιουργούμενος
876 1397 889 1410 ’
910 1381 1063 1434 οὐδὲν
1090 1382 1145 1435 δὲ
1163 1382 1270 1434 τῶν
1295 1383 1464 1440 ὄντων
1490 1382 1658 1435 τοιοῦ-

72 1471 178 1523 τόν
208 1473 394 1523 ἐστιν·
423 1472 521 1545 οὐκ
565 1473 674 1541 ἀρα.
712 1475 739 1526 ὁ
787 1472 915 1535 Θεὸς
952 1474 1080 1543 παρ’
1129 1473 1322 1542 ἑαυτοῦ
1372 1474 1613 1527 ἔκτισται
1640 1491 1652 1505 ·

74 1560 206 1614 ἀλλ’
253 1562 377 1615 οὐδὲ
426 1562 557 1630 παρ’
592 1562 815 1634 ἑτέρου·
849 1565 899 1615 ει
940 1563 1047 1633 γὰρ
1092 1552 1369 1617 καὶτοῦτο
1393 1563 1507 1634 δοίη
1549 1581 1654 1629 τις,

70 1656 244 1707 ἔσται
272 1654 369 1707 τοῦ
390 1654 524 1707 Θεοῦ
552 1655 684 1717 Θεός
704 1673 717 1685 ·
754 1656 849 1707 καὶ
877 1656 1005 1725 περὶ
1037 1656 1245 1707 ἐκείνου
1271 1655 1339 1708 τὰ
1361 1656 1500 1709 αὐτὰ
1521 1656 1658 1709 ἀπο-

82 1748 362 1817 ρήσομεν,
387 1749 484 1799 καὶ
509 1747 666 1812 τοῦτο
686 1748 769 1800 ἐπ’
794 1748 1022 1817 ἄπειρον
1043 1762 1055 1776 ο
1087 1747 1188 1800 οὐκ
1220 1747 1328 1815 ἄρα
1356 1748 1383 1799 6
1410 1746 1538 1810 Θεὸς
1567 1747 1655 1799 iis.

72 1839 184 1909 τὴν
213 1839 331 1907 ἔχει
362 1837 459 1907 τὴν
492 1837 658 1890 αὑτοῦ
687 1838 947 1907 ἀγιότητσ.
985 1838 1078 1891 καὶ
1110 1837 1406 1907 ἐμπνευσιν
1430 1838 1537 1891 τῶν
1559 1855 1658 1907 χα-

78 1931 396 1999 ρισμάτων.
427 1929 490 1981 Ei
515 1924 608 1981 οὗν
647 1930 675 1981 6
714 1928 894 1994 λόγος,
931 1928 1021 1980 διὰ
1051 1928 1260 1980 πολλῶν
1297 1928 1661 1999 ἐπιχειρημά-

74 2038 219 2085 των,
260 2019 522 2073 ἀδύνατον
555 2019 723 2084 ἔδειξε
760 2018 818 2070 τὸ
863 2017 1031 2081 θετῶς
1077 2017 1221 2088 ἔχειν
1266 2019 1354 2071 τὸν
1383 2019 1662 2089 Θεὸν.τὴν
1697 2043 1700 2048 ·

76 2109 257 2162 αὑτοῦ
312 2109 575 2179 ἀγιότητσ.
626 2109 720 2161 καὶ
765 2107 1083 2177 ἔμπνευσιν,
1119 2108 1350 2177 φανερὸν
1377 2110 1459 2160 ὅτι
1504 2107 1663 2176 φύσει

81 2203 266 2271 αὐτὴν
303 2202 416 2272 ἔχει
437 2217 452 2232 ·
515 2202 563 2253 εί
591 2200 683 2253 θῦν
715 2200 874 2269 φύσει
907 2200 1075 2270 αὐτὴν
1106 2199 1239 2269 ἔχει,
1268 2200 1472 2270 ﬂeor-t5
1502 2200 1666 2267 ἀνάγ-

87 2312 199 2363 κης
222 2294 263 2361 ἢ
298 2293 371 2356 ὡς
399 2293 491 2347 ἐπὶ
513 2294 573 2345 τὸ
603 2291 737 2346 πολὺ
760 2309 773 2321 ·
816 2291 931 2346 ἀλλ’
967 2294 1050 2346 ὅτι
1097 2292 1196 2363 μὲν
1219 2292 1294 2355 ὼς
1326 2291 1418 2345 ἐπὶ
1442 2292 1504 2345 τὸ
1528 2292 1664 2347 πολὺ

82 2387 149 2439 οὗ
186 2386 469 2455 πρόσεστι,
503 2385 686 2453 δῆλον·
712 2385 780 2453 ,τὸ
831 2383 1033 2453 γὰρ-ὡς
1064 2385 1155 2437 ἐπὶ
1186 2384 1246 2437 τὸ
1275 2384 1432 2451 πολὺ,
1462 2386 1664 2438 ἀποτυ-

84 2481 184 2549 χίά
214 2480 431 2548 φύσεώς
461 2481 637 2533 ἐστιν·
687 2482 1053 2548 ἀποτυγχάνει
1083 2478 1189 2548 γὰρ
1218 2480 1251 2550 ἠ
1282 2479 1445 2547 φύσις
1491 2479 1665 2533 ἐνίοτε

85 2573 202 2625 τῶν
223 2572 315 2625 ἐπ’
333 2571 647 2623 ὲλαττόνωψ
673 2573 698 2624 ὲ
712 2572 1022 2641 πιτυγχάνει
1044 2571 1099 2635 δὲ
1119 2571 1226 2624 τῶν
1243 2571 1317 2633 ὡς
1338 2571 1433 2623 ἐπὶ
1453 2572 1512 2623 τὸ
1532 2571 1667 2623 πολὺ

88 2667 190 2718 καὶ
221 2665 332 2718 τῶν
374 2664 433 2728 ἐξ
458 2664 736 2733 ἀνάγκηςο
787 2663 848 2715 τὸ
887 2662 931 2715 δ’
980 2662 1375 2731 ἀποτυγχάνειν
1428 2661 1521 2714 ἐπὶ
1567 2664 1668 2732 τῆς

88 2761 247 2825 θείας
276 2760 513 2829 φύσεως,
548 2761 815 2813 ἀνοίκειόν
840 2761 1007 2813 ἐστιν’
1036 2760 1194 2831 εἴπερ
1227 2760 1373 2813 πᾶσι
1400 2759 1669 2829 ἀποτυχίσ,

92 2855 241 2925 μετά
266 2853 471 2915 πάθους
492 2870 507 2884 ·
555 2855 582 2905 ὀ
607 2852 662 2905 δὲ
694 2851 823 2913 Θεὸς
838 2852 1052 2913 ’παντὸς
1079 2850 1283 2914 πάθους
1327 2849 1626 2919 ἀνῴκισται
1651 2865 1665 2878 ⁸

88 2948 193 2999 οὐκ
213 2947 323 3015 ἄρα
348 2945 423 3006 ὡς
456 2944 547 2996 ἐπὶ
573 2944 634 2995 τὸ
666 2944 798 2995 πολὺ
829 2945 855 2994 ὁ
880 2942 1009 3002 Θεὸς
1051 2940 1164 3009 ἔχει
1194 2942 1292 3009 τὴν
1318 2939 1482 2992 αὐτοῦ
1515 2938 1667 3006 ἀγιό-

89 3053 237 3105 τητα
258 3054 271 3067 ο
292 3036 536 3088 λείπεται
557 3035 614 3099 ἐξ
638 3034 882 3100 ἀνάγκης
902 3050 913 3062 σ
950 3034 997 3083 εί
1026 3031 1071 3083 δ’
1097 3032 1157 3095 ἐξ
1181 3031 1445 3098 ἀνάγκης,
1466 3030 1557 3083 καὶ
1580 3028 1667 3082 ἀεί

92 3130 271 3191 ἐστιν,
302 3126 458 3193 εἴπερ
497 3122 719 3175 τοιαῦτα
750 3123 819 3174 τά
846 3122 901 3187 ἐξ
931 3122 1204 3191 ἀνάγκηςο
1243 3121 1370 3173 εἰδὲ
1408 3120 1494 3173 ἀεί
1522 3122 1668 3172 ἐστιν

94 3219 128 3281 ἡ
165 3216 395 3283 ἀγιότης
423 3214 517 3267 καὶ
550 3215 581 3282 ἡ
616 3196 916 3282 ἑμπνευσίς
946 3211 1039 3264 τοῦ
1066 3211 1199 3263 Θεοῦ
1232 3212 1290 3263 ὲν
1322 3210 1471 3280 αὐτῷ
1496 3248 1511 3273 ,
1550 3210 1669 3279 ἦτοι

92 3307 173 3369 ὡς
221 3305 586 3368 ἑνυπόστατός
620 3304 681 3357 τέ
724 3306 863 3367 ἐστι,
914 3303 1007 3356 καὶ.
1035 3301 1383 3371 καθ’.ὲαυτὴν
1423 3300 1483 3353 τὸ
1528 3296 1670 3353 εἶναι

97 3398 213 3465 ἔχει
235 3413 249 3427 ·
280 3394 313 3465 ἢ
337 3394 412 3456 ὡς
443 3396 526 3446 ὲτε
537 3393 899 3463 ροῦπόστατος
934 3392 1028 3445 καὶ
1051 3391 1395 3462 συμϐεϐηκός
1414 3406 1426 3419 ⁸
1454 3390 1569 3443 ἀλλ’
1589 3392 1670 3443 ὅτι

100 3482 202 3548 μὲν
246 3481 320 3542 ὡς
380 3480 835 3550 ἐτεροῡπόστατος
863 3482 956 3534 καὶ
987 3480 1331 3550 συμϐεϐηκὸς
1368 3478 1467 3533 οὐκ
1503 3479 1671 3543 ἔστιν,

96 3566 200 3626 ὧδε
231 3572 296 3641 δή
332 3572 446 3635 πώς
480 3573 595 3624 ἐστι
623 3568 803 3639 δῆλον.
1237 3564 1243 3570 ’

1751 561 1893 616 enim
1930 561 2240 630 adeptivum
2291 560 2361 612 ita
2394 575 2449 613 se
2482 559 2663 613 habet.

1823 653 1891 708 15
1937 653 2122 707 Adhuc
2149 654 2321 705 aliter.
2352 650 2409 705 Si
2467 652 2606 706 Deus
2632 649 2935 718 adoptivam
2984 648 3145 700 hahet
3184 663 3309 702 san-

1752 744 2014 806 ctitatem,
2115 751 2330 797 constat
2394 756 2510 795 eam
2568 742 2638 794 illi
2701 742 2986 793 accidisse.
3036 738 3308 806 Quidquid

1753 840 1932 888 autem
1958 832 2174 897 accidit,
2204 832 2619 894 limitatumest,
2681 832 2810 884 etin
2864 839 3059 883 natura
3131 837 3313 882 creata

1754 926 1872 982 sine
1912 925 2077 980 dubio
2131 925 2292 978 habet
2357 904 2791 979 subsistentiain.
2850 922 3133 990 Colligitur
3186 935 3313 987 ergo

1754 1016 1923 1071 Deum
1957 1030 2077 1071 esse
2114 1023 2379 1078 creatum,
2418 1022 2470 1065 et
2520 1021 2759 1066 creatam
2793 1011 2990 1066 habere
3033 1020 3310 1063 naturam.

1754 1107 1911 1173 Quod
1952 1106 1997 1161 si
2034 1106 2106 1159 ita
2156 1115 2258 1169 est,
2288 1105 2371 1159 vel
2412 1119 2439 1156 a
2463 1120 2519 1158 se
2544 1104 2677 1173 ipso
2697 1112 2913 1157 creatus
2974 1100 3098 1164 fuit,
3136 1099 3217 1153 vel
3246 1099 3314 1151 ab

1755 1199 1883 1253 alio.
1904 1198 2007 1252 Sed
2026 1197 2070 1253 si
2102 1212 2132 1251 a
2174 1213 2233 1252 se
2268 1197 2405 1265 ipso,
2451 1195 2553 1249 erit
2606 1194 2747 1247 idem
2803 1192 3111 1262 producens
3155 1190 3314 1244 simul

1755 1299 1805 1343 et
1837 1288 2370 1358 productus,creans
2421 1295 2475 1338 et
2518 1293 2759 1342 creatus.
2802 1281 2996 1335 artifex
3050 1289 3104 1333 et
3158 1289 3337 1331 arte»

1757 1376 1953 1432 factus.
1985 1376 2145 1445 Atqui
2220 1373 2356 1429 nihil
2421 1372 2733 1441 huiusmodi
2790 1371 2843 1423 in
2894 1384 3072 1424 rerum
3123 1377 3318 1420 natura

1756 1477 1871 1522 est:
1904 1482 2008 1522 non
2039 1468 2199 1534 igitur
2225 1474 2401 1520 semet
2431 1463 2545 1532 ipse
2576 1461 2776 1516 creavit
2813 1460 2974 1514 Deus.
3007 1458 3112 1514 Sed
3144 1475 3317 1535 neque

1757 1560 1826 1615 ab
1857 1558 1964 1615 alio
1993 1567 2212 1613 creatus
2240 1556 2376 1618 fuit;
2416 1569 2540 1607 nam
2576 1555 2629 1613 si
2680 1554 2784 1607 hoc
2811 1535 3084 1630 quispiam
3118 1565 3316 1603 conce-

1759 1644 1868 1717 dat',
1898 1652 2003 1708 erit
2034 1650 2120 1705 Dei
2148 1648 2309 1712 Deus,
2342 1647 2515 1713 deque
2542 1648 2643 1699 hoc
2672 1644 2918 1698 similiter
2939 1642 3277 1711 ambigemus
3303 1658 3315 1701 ;

1759 1742 1921 1810 idque
1969 1740 2021 1793 in
2082 1738 2373 1793 inﬁnitum.
2424 1735 2539 1788 Non
2605 1734 2770 1803 igitur
2817 1731 2957 1787 Deus
3008 1732 3317 1799 adoptivum

1759 1834 1920 1887 habet
1965 1831 2305 1887 sanctitatem
2323 1844 2477 1883 suam
2498 1836 2549 1881 et
2583 1818 2847 1880 donorum
2881 1823 3321 1892 inspirationem.

1762 1927 1816 1981 Si
1841 1943 1971 1997 ergo
1993 1942 2175 1983 sermo
2213 1934 2401 1979 noster
2445 1923 2631 1977 niultis
2677 1921 3011 1990 argumentis
3069 1918 3323 1988 impossi-

1762 2021 1867 2075 bile
1898 2019 2133 2077 ostendit
2196 2017 2503 2086 adeptivam
2538 2004 2577 2067 a'
2600 2012 2710 2068 Deo
2759 2012 3026 2081 possideri
3056 2010 3324 2065 sanctita-

1761 2100 1872 2165 tem'
1895 2125 2047 2165 suam
2079 2118 2133 2163 et
2160 2106 2594 2176 inspirationem,
2622 2112 2838 2157 constat
2855 2118 2973 2156 eam
2999 2100 3323 2155 naturaliter

1762 2203 1831 2257 ab
1860 2218 1924 2255 eo
1958 2201 2163 2255 haberi.
2194 2199 2247 2253 Si
2277 2212 2406 2267 ergo
2443 2196 2757 2249 naturaliter
2779 2210 2897 2249 eam
2934 2194 3115 2256 habet,
3150 2193 3202 2247 id
3235 2193 3318 2246 vel

1764 2295 2097 2356 necessario,
2133 2292 2215 2346 vel
2251 2292 2603 2360 plerumque;
2636 2288 2728 2342 sed
2760 2286 2903 2355 quod
2928 2302 3033 2338 non
3082 2284 3324 2353 plerum-

1763 2370 1888 2453 que;
1921 2391 2169 2448 constat;
2214 2396 2335 2434 nam
2367 2378 2509 2449 quod
2538 2374 2851 2445 plerumque
2880 2385 3087 2428 tantum
3120 2374 3320 2434 evenit,

1765 2476 1816 2529 id
1855 2482 2061 2528 natura:
2114 2470 2384 2526 deiectum
2429 2469 2665 2521 indicat:
2714 2465 3119 2520 frustrationem
3177 2462 3323 2516 ertim

1729 2556 2057 2633 ’aliquando
2111 2569 2305 2614 natura
2358 2558 2559 2628 patitur
2589 2558 2715 2609 dum
2780 2556 3049 2608 minorem
3113 2563 3322 2623 partem

1766 2655 1906 2711 fert:
1939 2656 2085 2709 bono
2112 2664 2289 2707 autem
2321 2664 2579 2707 successu
2626 2649 2795 2700 utitur
2827 2655 2936 2700 tum
2998 2646 3049 2699 in
3103 2646 3170 2700 iis
3208 2654 3327 2713 qua:

1765 2749 2083 2817 plerumque
2130 2743 2405 2805 accidunt,
2474 2750 2588 2793 tum
2644 2739 2807 2793 etiam
2866 2738 2919 2790 in
2957 2736 3323 2790 -necessariis.

1767 2838 1930 2907 Atqui
2002 2835 2253 2890 frustrari
2322 2834 2375 2886 in
2408 2832 2642 2887 divinam
2708 2838 2954 2882 naturam
2986 2841 3092 2880 nou
3138 2827 3323 2887 cadit;

1771 2926 2038 2997 siquidem
2069 2923 2249 2978 omnis
2280 2921 2567 2976 frustratio
2602 2934 2708 2973 non
2739 2918 2856 2972 sine
2886 2918 3143 2986 passione
3196 2927 3279 2969 est
3305 2935 3315 2967 :

1695 3052 1736 3107 ο
1772 3019 1915 3073 Deus
1950 3032 2078 3071 vero
2118 3014 2343 3072 cuilibet
2405 3012 2643 3083 passioni
2709 3010 2977 3078 superior.
3034 3006 3155 3061 Non
3199 3023 3326 3075 erga
3367 3074 3375 3079 ξ

1773 3112 1932 3166 habet
1959 3110 2101 3164 Deus
2152 3107 2308 3177 quasi
2366 3107 2693 3175 plerumque,
2734 3102 3074 3156 sanctitatem
3149 3115 3323 3153 suam.

1775 3202 2063 3271 Reliquum
2098 3208 2201 3262 est,
2248 3208 2307 3253 ut
2356 3197 2688 3252 necessario.
2749 3192 2856 3247 Sed
2906 3193 2950 3246 si
2995 3190 3351 3249 necessario,.

1775 3306 1986 3361 semper
2019 3302 2237 3359 quoque
2265 3287 2443 3349 habet,
2472 3282 2906 3353 quandoquidem
2937 3281 3050 3333 hzec
3077 3294 3327 3333 necessa-

1778 3384 1983 3437 riorum
2008 3388 2201 3434 natura
2248 3384 2352 3431 est.
2385 3376 2503 3429 Jam
2534 3375 2579 3427 si
2637 3387 2851 3440 semper
2901 3370 3011 3425 Deo
3064 3371 3203 3423 inest
3230 3384 3328 3423 sua

1778 3472 2039 3528 sanctitas
2069 3479 2123 3522 et
2154 3466 2436 3536 inspiratiu
2463 3483 2475 3527 ;
2505 3480 2567 3519 ea
2605 3464 2825 3532 quidem
2879 3463 2960 3515 vel
3010 3461 3331 3531 enhyposta-

1780 3565 1886 3619 tica
1914 3571 2018 3627 est,
2078 3570 2136 3615 et
2193 3574 2286 3627 per
2327 3573 2386 3610 se
2438 3557 2552 3625 ipsa
2610 3555 2893 3619 subsistit;
2928 3553 3008 3606 vel
3062 3552 3112 3605 in
3160 3552 3330 3605 altern

98 3662 371 3725 subsistit,
411 3672 464 3717 et
506 3674 590 3718 est
644 3662 919 3718 accidens.
977 3662 1082 3717 Sed
1134 3662 1279 3733 quod
1323 3678 1385 3718 ea
1452 3663 1504 3716 in
1559 3661 1732 3715 altero
1778 3672 1885 3712 non
1941 3655 2205 3709 subsistat
2264 3666 2366 3704 nec
2421 3650 2492 3703 sit
2536 3648 2807 3712 accidens,
2878 3649 2947 3699 ita
2992 3645 3105 3699 fere
3158 3644 3329 3712 palam

100 3758 211 3814 ﬂet.

170 3857 273 3916 ις’.
312 3851 371 3906 '0
403 3850 533 3915 Θεὸς
560 3842 939 3915 ἁπλούστατός
965 3854 1081 3905 ἐστι
1101 3894 1116 3917 ,
1151 3854 1245 3907 καὶ
1280 3854 1460 3920 πάσης
1486 3852 1670 3905 συνθέ-

106 3960 250 4004 σεως
297 3945 392 3995 καὶ
435 3941 755 4011 συνθετικῆς
804 3944 1012 4005 ἐννοίας
1046 3944 1340 4009 ἐπέκεινα,
1385 3944 1459 4005 ὡς
1489 3944 1581 3995 καὶ
1612 3943 1669 3994 αἱ

109 4037 291 4088 κοιναὶ
324 4034 523 4088 ἔννοιαι
553 4034 736 4105 ἔχουσι
758 4051 770 4063 ·
789 4037 917 4088 πᾶν
945 4036 1000 4088 δὲ
1032 4022 1378 4108 συμϐεϐηκὸς
1410 4035 1549 4105 μετά
1575 4033 1669 4087 τοῦ

104 4121 148 4191 ᾧ
185 4125 531 4193 συμϐέϐηκεν
556 4165 571 4188 ,
608 4125 857 4179 σύνθετόν
892 4128 1043 4179 ὲστιν
1101 4127 1194 4179 καὶ
1238 4126 1542 4192 ).ογίζεςαι’
1594 4126 1672 4179 διὸ

106 4216 225 4267 ἐστι
272 4215 686 4282 συλλογίσασθαι
745 4216 952 4280 οὕτως·
1016 4217 1073 4270 '0
1118 4218 1251 4279 Θεὸς
1303 4217 1676 4280 ἀπλούστατός

108 4304 263 4356 εστιν
296 4304 403 4355 πᾶν
442 4303 500 4355 δὲ
536 4304 881 4373 συμϐεϐηκὸς
924 4304 1061 4374 μετά
1090 4305 1182 4357 τοῦ
1232 4298 1276 4371 ᾧ
1310 4306 1687 4373 συμϐέϐηκεν,.

107 4393 203 4461 οὐχ
232 4390 438 4445 ἁπλοῦν
462 4392 523 4444 τέ
555 4393 786 4445 ἐστικαὶ
815 4392 1116 4459 λογίζετάιε
1152 4395 1443 4460 συνάγεται
1472 4394 1579 4463 ἄρα
1595 4396 1676 4447 ὄτι

1853 3846 1939 3899 16.
1982 3842 2124 3895 Deus
2153 3836 2591 3905 simplicissimus
2628 3836 2731 3896 est,
2762 3831 3019 3898 omnique
3059 3827 3329 3893 composi-

1777 3935 1908 3990 tioni
1957 3931 2371 3999 compositoque
2428 3926 2626 3980 mentis
2704 3922 2990 3991 conceptui
3064 3921 3329 3988 superior.

1779 4030 1919 4083 sicut
1942 4035 1996 4080 et
2022 4038 2338 4078 communes
2396 4019 2645 4073 notiones
2691 4023 2894 4069 tenent.
2934 4013 3103 4066 Omne
3152 4019 3371 4067 autem.

1781 4119 2051 4181 accidens,
2085 4130 2237 4183 aeque
2262 4129 2325 4166 ac
2347 4111 2477 4165 illud
2505 4109 2591 4163 cui
2624 4106 2841 4169 accidit,
2866 4103 3227 4170 compositum
3250 4111 3334 4156 est

1779 4219 1832 4265 et
1854 4210 1925 4261 ita
1951 4214 2255 4276 reputatur.
2288 4201 2465 4266 Quare
2496 4199 2574 4252 sic
2604 4198 2729 4249 licet
2755 4194 3123 4265 argumentari
3152 4208 3168 4244 :
3196 4192 3334 4262 Deus

1772 4296 2211 4366 simplicissimus
2244 4302 2355 4344 est:
2400 4302 2562 4341 omne
2594 4293 2773 4339 autem
2808 4281 3061 4336 accidens
3094 4293 3247 4346 atque
3272 4293 3335 4328 ac

1772 4389 1903 4442 illud
1938 4387 2024 4440 cui
2057 4383 2273 4443 accidit,
2319 4392 2493 4447 neque
2530 4376 2755 4443 simplex
2789 4381 2891 4430 .est
2919 4384 3092 4437 neque
3124 4376 3338 4433 reputa-

108 4482 134 4532 6
160 4458 295 4544 See;
330 4480 680 4544 ἀνεπίδεκτος
718 4458 1123 4552 συμϐεϐηκότος
1144 4500 1158 4513 ·
1188 4458 1306 4551 ἔχει
1329 4483 1383 4533 δὲ
1412 4458 1665 4553 ἀγιότητα

1781 4488 1905 4531 tur:
1939 4472 2280 4529 concluditur
2310 4484 2438 4537 ergo
2484 4465 2652 4518 Deum
2694 4477 2815 4516 esse
2853 4458 3151 4513 accidentis
3187 4458 3337 4509 inca-

111 4575 167 4624 ὲν
202 4571 381 4641 ἐαυτῷ
416 4573 510 4624 καὶ
539 4573 858 4641 ἐμπνευσιν,
882 4574 915 4642 ἢ
946 4574 1036 4625 καὶ
1066 4573 1290 4642 Πνεῦμα
1322 4574 1457 4626 Θεοῦ
1496 4575 1677 4627 καλεῖ-

109 4680 216 4727 ται,
250 4663 372 4715 καο’
420 4663 457 4715 ἃ
508 4666 773 4732 μαρτυρεί
825 4664 916 4715 καὶ
963 4663 1023 4715 τὸ
1087 4664 1349 4733 ὑμέτερον
1403 4666 1665 4734 γράμμα,

111 4754 275 4821 ἡγουν
302 4755 336 4821 ή
364 4752 456 4804 τοῦ
491 4752 738 4821 Μωὰμετ
776 4753 954 4822 βίϐλος
985 4754 1058 4824 (5)
1080 4769 1093 4783 ⁸
1145 4755 1244 4807 οὐκ
1272 4756 1379 4823 ἄρα
1400 4757 1515 4807 ἐστὶ
1540 4774 1676 4826 συμο

110 4842 370 4914 ϐεϐηκός·
396 4844 445 4896 εί
473 4844 528 4895 δὲ
553 4845 610 4895 οὐ
630 4844 993 4914 συμϐεϐηκὸς,
1019 4846 1379 4901 ἐνυπόστατόν
1410 4849 1544 4909 ἐστι,
1579 4848 1674 4900 καὶ

112 4934 232 4987 καθ’
269 4935 433 4985 ἑαυτὸ
462 4934 521 4987 τὸ
543 4930 681 4987 εἶναι
712 4934 827 5003 ἔχει
853 4920 875 4964 ’Δ
895 4934 1010 4988 ἔστι
1037 4936 1093 4989 δὲ
1124 4937 1215 4989 καὶ
1246 4937 1331 4989 ἀεί
1352 4954 1365 4966 ο
1396 4939 1503 4989 πᾶν
1530 4938 1583 4990 δὲ
1612 4938 1672 4991 τὸ

112 5024 511 5087 ὲνυπόστατον,·
533 5025 625 5077 καὶ
672 5024 789 5077 καθ’
835 5025 992 5077 ἑαυτὸ
1021 5025 1082 5077 τὸ
1120 5020 1259 5078 εἶναι
1302 5025 1442 5095 ἔχον,
1475 5028 1562 5078 ἀεὶ
1589 5027 1668 5090 ὃν,

112 5113 229 5167 οὔτε
270 5117 446 5184 ἀρχὴν
485 5116 598 5184 ἔχει
642 5115 896 5186 χρονικὴν
937 5116 1060 5168 οῦτε
1098 5118 1279 5179 τέλος·
1323 5118 1383 5168 τὸ
1415 5117 1469 5169 δὲ
1501 5117 1671 5179 οὕτως

115 5203 253 5272 ἔχον,
289 5206 505 5268 πάντως
542 5207 636 5259 καὶ
664 5208 916 5260 ἄκτιστόν
946 5210 1060 5259 ἐστι
1089 5206 1183 5260 καὶ
1210 5209 1472 5278 ἀγένητον
1494 5226 1510 5239 ο
1544 5225 1670 5260 συν-

116 5296 308 5363 ἀγετοιι
342 5298 470 5362 ἄρα,
512 5297 594 5349 ὅτι
629 5299 660 5366 ἡ
695 5297 787 5350 τοῦ
824 5298 956 5351 Θεοῦ
985 5300 1211 5368 ἁγιότης
1237 5300 1330 5350 καὶ
1365 5302 1396 5367 ἡ
1445 5299 1675 5367 ἔμπνευ-

118 5404 217 5451 σις,
279 5387 314 5456 ἢ
365 5387 461 5440 καὶ
514 5388 734 5456 Πνεῦμα
792 5388 927 5441 Θεοῦ
970 5390 1185 5457 λέγεται
1238 5389 1385 5457 παρὰ
1433 5393 1497 5458 τῇ
1556 5389 1675 5458 Θείᾳ

114 5476 323 5547 Γραφῇ,
354 5477 615 5548 ἀγένητόν
642 5478 756 5550 [ita
787 5479 943 5549 cod.]
978 5481 1090 5533 ἐστι
1118 5483 1211 5533 καὶ
1236 5481 1517 5533 ἅκτιστον·
1546 5482 1671 5545 ἀγέ-

183 5656 260 5725 (Ξί)
294 5652 421 5710 Sur.
453 5655 517 5722 V,
548 5657 666 5711 {69.

1789 4582 1992 4635 pacem.
2040 4564 2210 4616 Hahet
2239 4570 2415 4614 autem
2474 4555 2816 4611 sanctitatem
2848 4552 2898 4603 in
2935 4566 2992 4603 se
3022 4550 3141 4616 ipso
3172 4557 3227 4631 et
3250 4549 3302 4600 in
3323 4577 3335 4585 -

1785 4656 2161 4724 spirationem,
2199 4668 2319 4718 qua!
2356 4650 2517 4703 etiam
2545 4646 2777 4715 Spiritus
2810 4643 2898 4696 Dei
2928 4650 3171 4705 voratur,
3195 4641 3338 4693 sicut

1781 4750 1940 4800 etiam
1976 4756 2152 4797 vestra
2187 4743 2466 4808 Scriptura
2493 4745 2741 4798 tesmtur,
2773 4733 2821 4784 id
2870 4740 2951 4785 est
3007 4728 3336 4783 ltluhamedis

1780 4840 1932 4894 liber.
1966 4836 2153 4906 Itaque
2206 4836 2291 4887 illa
2336 4848 2439 4885 non
2491 4840 2574 4884 est
2606 4827 2880 4881 accidens.
2930 4825 3082 4890 Quod
3132 4824 3174 4878 si
3227 4838 3333 4874 nun

1779 4930 2048 4992 accidens,
2082 4924 2489 4996 enhypostatiea
2518 4929 2688 4981 est,et
2735 4918 2788 4970 in
2818 4931 2875 4971 se
2901 4916 3014 4984 ipsa
3037 4915 3334 4967 subsisten~

1778 5022 1906 5075 tiam
1963 5020 2169 5080 habet,
2228 5027 2546 5081 semperque
2620 5017 2738 5068 est.
2808 5021 2980 5074 neque
3040 5005 3333 5072 temporale

1780 5114 1989 5167 initium
2035 5112 2195 5163 habet
2234 5122 2408 5175 neque
2435 5106 2614 5158 linem.
2644 5100 2799 5167 Quod
2832 5100 3042 5152 veroita
3075 5113 3131 5148 se
3152 5094 3328 5149 habet.

1782 5203 1831 5257 id
1863 5203 2084 5255 omnino
2116 5201 2413 5253 increatum
2453 5207 2534 5249 est
2579 5201 2632 5247 et
2686 5190 3004 5258 ingenitum.
3038 5182 3331 5237 Conﬁcitur

1779 5310 1908 5364 ergo
1942 5303 1999 5347 ut
2028 5292 2118 5345 Dei
2146 5290 2405 5345 sanctitas
2434 5296 2597 5355 atque
2620 5283 2928 5352 inspiratio,
2964 5291 3082 5345 qua:
3107 5284 3161 5325 et
3216 5272 3331 5339 Spi-

1781 5363 1915 5441 ritus
1964 5385 2054 5437 Dei
2085 5382 2285 5435 dicitur
2315 5379 2453 5447 apud
2514 5377 2749 5431 divinam
2799 5372 3151 5435 Scripturam,
3186 5363 3329 5429 iugu-

1784 5478 1891 5530 uita
1920 5477 1984 5529 sit
2029 5482 2081 5528 et
2118 5467 2515 5527 increata..iam
2552 5466 2846 5537 ingenitum
2900 5472 3021 5511 cum
3073 5452 3331 5521 ingenito,
