3926 6308
63 335 160 411 €93

1190 300 1625 397 RE-FUTATIO'
1653 323 2120 396 MOHAMEDIS:

3147 332 3259 398 ιιι

66 444 312 496 στάσεσιν
349 443 727 513 θεωρουμένην
750 462 762 476 ·
807 444 1035 512 φανερὸν
1066 445 1148 497 ὅτι
1173 449 1200 498 ὁ
1234 444 1417 514 Πατὴρ
1450 436 1542 498 καὶ
1577 448 1605 500 ὁ

1728 454 1757 499 τι
1787 445 1981 499 Filium
2016 450 2071 498 et
2113 442 2372 512 Spiritum
2402 450 2675 505 sanctum,
2708 438 3008 496 secundum
3043 439 3258 495 unicam

65 533 184 593 Υἱὸς
218 534 312 608 καὶ
337 533 398 584 τὸ
430 528 649 603 Πνεῦμα
677 532 737 584 τὸ
760 531 933 603 ἅγιον,
965 534 1102 587 κατὰ
1135 536 1261 604 μίαν
1299 536 1522 601 θεότητά
1545 554 1601 588 τε

1728 536 2059 599 Iivinitatem,
2109 540 2423 601 potestatem
2483 547 2546 586 ac
2611 528 3069 591 dominationem,
3118 526 3258 582 idem

64 625 151 678 καὶ
183 624 432 690 εξουσίαν
478 626 571 677 καὶ
601 624 896 693 κυριότητα
924 626 1290 690 ταυτίζονταιν
1322 627 1416 678 καὶ
1444 626 1501 678 ἓν
1530 628 1606 677 ει-

1708 640 1983 694 unumque
2020 638 2140 678 esse
2164 641 2188 689 ;-
2215 622 2477 691 siquidem
2509 636 2671 676 unam
2706 620 3057 687 eamdemque
3092 616 3265 672 deita-

65 730 142 767 σιν
164 729 177 742 ·
235 714 395 783 εῐπερ
422 714 524 781 τῆς
552 713 719 781 αὐτῆς
762 711 854 765 καὶ
901 714 1042 780 μιᾶς,
1082 714 1332 783 θεότητος
1364 715 1451 766 ἐπ’
1487 716 1607 784 ῐσης

1728 731 1810 771 em
1843 730 1996 785 reque
2034 702 2241 768 tenent?
2267 712 2326 766 Si
2356 726 2486 781 ergo
2513 701 2654 765 Deus
2680 709 2860 775 Pater,
2896 716 2948 762 et
2973 706 3177 772 Filius,
3208 713 3265 781 et

64 802 387 870 πεφύκασιν.
420 804 480 855 Εἰ
510 801 604 856 οὖν
637 803 666 855 ὁ
694 802 827 866 Θεὸς
848 804 942 855 καὶ
974 805 1158 875 Πατὴρ
1197 807 1290 859 καὶ
1314 807 1340 857 6
1366 805 1490 869 Υἱὸς
1514 808 1607 859 καὶ¹

63 895 118 946 τὸ
141 893 368 963 Πνεῦμα
406 894 465 945 τὸ
492 894 646 960 ἅγιον
680 892 803 948 καθ’
825 893 853 947 ὃ
873 896 972 965 τῆς
1001 896 1129 964 μιᾶς
1157 896 1407 965 θεότητος
1432 913 1490 949 τε
1514 896 1609 949 καὶ

63 982 305 1047 ἔξουσίας
337 984 589 1043 ὶσοκλεῶς
624 982 856 1053 ἔχουσιν,
889 985 949 1037 ἓν
978 984 1036 1036 τέ
1067 986 1175 1050 εισι
1207 986 1302 1041 καὶ
1326 987 1607 1039 πιστεύον-

62 1090 169 1135 ται,
199 1070 547 1142 ὡμολόγηται
570 1072 628 1127 δὲ
659 1074 740 1126 ὅτι
791 1075 900 1136 πᾶς
940 1074 1170 1145 ἀριθμὸς
1190 1077 1287 1145 τῆς
1312 1078 1608 1145 ποσότητος

62 1161 165 1215 τῶν
193 1162 570 1233 ὑποκειμένων
598 1163 715 1216 ἐστὶ
737 1163 1051 1231 δηλωτικὺς,
1069 1166 1161 1218 καὶ
1186 1166 1246 1218 οὐ
1275 1165 1371 1233 τῆς
1400 1166 1612 1234 φύσεως

62 1248 169 1302 τῶν
211 1252 554 1317 πραγμάτων
573 1267 588 1281 ·
622 1251 715 1304 καὶ
740 1250 944 1305 τούτων
964 1252 1075 1321 ,οὐχ
1103 1246 1389 1326 ᾖταυτῶν,
1423 1248 1537 1308 ἀλλ’
1575 1250 1609 1331 ᾗ

61 1339 367 1409 διαφόρων·
413 1342 505 1393 καὶ
544 1344 695 1396 πᾶσα
728 1342 1140 1414 συναρίθμησις,
1169 1346 1439 1399 τουτέστιν
1472 1348 1505 1416 ἡ
1532 1350 1613 1409 εις

61 1428 151 1483 ινα
169 1428 406 1499 ἀριθμὸν
424 1431 730 1500 συναιρεσις
742 1432 863 1499 τῶν
881 1431 1214 1505 ἕτεροτήτων
1242 1452 1377 1500 πως,
1399 1430 1433 1509 ᾖ
1454 1436 1615 1506 ἕτερά

60 1514 205 1581 ἐστι,
233 1517 485 1581 σύνθεσις
514 1520 663 1584 ἐστι,
696 1521 929 1591 φανερὸν
956 1523 1065 1592 ἄρα
1096 1525 1178 1577 ὅτι
1206 1524 1339 1579 Θεὸν
1378 1527 1471 1577 τὸν
1503 1526 1615 1579 Πα-

60 1607 194 1677 τέρα
241 1608 387 1671 ιδιως
412 1608 677 1677 λέγοντες,
725 1610 985 1675 ὡσαύτως
1011 1612 1067 1665 δὲ
1098 1616 1189 1666 καὶ
1218 1613 1309 1666 τὸν
1335 1614 1481 1678 Υιὺν,
1521 1614 1614 1668 καὶ

60 1700 119 1751 τὸ
148 1699 377 1768 Πνεῦμα
401 1700 464 1752 τὸ
494 1700 667 1767 ἆγιον,
698 1702 758 1754 οὐ
788 1704 930 1770 τρεῖς
963 1702 1115 1765 θεοὺς
1150 1704 1445 1772 εἰσάγομεν
1489 1722 1616 1757 συν-

60 1788 429 1857 αριθμοῦντες
465 1789 563 1860 τὴν
588 1791 747 1858 φύσιν
764 1808 780 1822 ·
810 1787 877 1860 ἦν
904 1790 1011 1860 γὰρ
1044 1792 1111 1844 ἂν
1136 1794 1165 1845 ὀ
1192 1792 1426 1864 ἀριθμὸς
1451 1795 1545 1848 καὶ
1579 1797 1613 1865 ή

63 1879 463 1948 συναρίθμησις
492 1881 593 1949 τῆς
624 1881 857 1951 φύσεως,
889 1882 985 1937 καὶ
1016 1877 1076 1947 οὐ
1102 1884 1212 1959 τῶν
1241 1885 1615 1957 ὑποκειμένων

63 1970 404 2039 πραγμάτων
429 1973 525 2041 τῆς
551 1973 861 2043 ποσότητος,
888 1975 980 2027 καὶ
1005 1975 1113 2029 τῶν
1138 1976 1351 2029 ταυτῶν
1447 1978 1616 2031 ταυτά

61 2063 193 2123 ἐστι,
229 2060 328 2114 καὶ
356 2062 476 2130 οὐχὶ
506 2062 616 2116 τῶν
649 2064 848 2133 ἑτέρων
944 2064 1106 2132 ἕτερά
1133 2066 1299 2129 ἐστιν,
1342 2066 1478 2136 ὅπερ
1519 2068 1615 2135 οὐχ

58 2149 405 2219 ὡμολόγηται
422 2143 440 2181 ’ν
474 2152 553 2205 διὸ
590 2152 807 2221 Πατέρα
830 2152 1216 2223 ὁμολογοῦντες
1249 2155 1339 2206 καὶ
1369 2154 1494 2207 Υῑὺν
1524 2150 1618 2209 καὶ

61 2238 292 2306 Πιεῦμα
319 2239 496 2304 ἅγιον,
541 2240 603 2292 ού
634 2240 757 2293 καθ’
789 2240 818 2291 ὅ
847 2242 1032 2314 Πατὴρ
1062 2244 1095 2314 ὴ
1143 2242 1271 2306 Υἱὸς
1316 2243 1348 2311 ἤ
1398 2245 1619 2313 Πνεῦμα

61 2327 219 2390 ἅγιον
268 2329 328 2380 ἓν
373 2330 489 2381 ἐστι
522 2330 959 2400 καταγγέλλομεν
990 2330 1184 2398 (ταῦτα
1205 2334 1315 2404 γὰρ
1342 2334 1615 2405 διάφορα),

60 2416 178 2467 ἀλλ’
228 2410 267 2487 ᾖ
325 2418 421 2486 μία
473 2417 661 2488 θεύτης
701 2437 763 2472 τε
812 2422 907 2475 καὶ
940 2420 1179 2488 ἐξουσία,
1215 2423 1310 2477 καὶ
1355 2418 1433 2486 εἷς
1486 2414 1620 2487 Θεὸς

64 2504 391 2573 Θιωρεῖταιξ
411 2506 515 2560 κᾶν
540 2507 670 2577 τρία
694 2512 815 2582 ταῖς
843 2512 1172 2565 ὑποστάσεσι
1204 2514 1547 2584 πιστεύηται.

136 2596 226 2649 ιθν.
262 2598 372 2650 Καὶ
392 2597 563 2661 άλλως
578 2598 693 2652 εστι
714 2590 1009 2665 δεῖξαι,νὸτι
1036 2608 1097 2654 ού
1130 2604 1278 2673 τρεῖς
1305 2602 1459 2667 θεοὺς
1505 2607 1621 2656 εἱσ-

66 2685 284 2752 άγομεν
337 2685 429 2737 επὶ
457 2688 522 2755 τῇ
565 2689 662 2757 μιᾷ
692 2686 928 2759 θεότητι,
978 2690 1081 2743 κᾶν
1112 2692 1260 2760 τρεῖς
1304 2691 1624 2755 ὑποστάσεις

63 2772 476 2843 ὁμολογοῦμεν
527 2778 578 2829 ει
621 2777 714 2831 οὖν
759 2781 789 2831 ὁ
833 2780 1023 2850 Πατὴρ
1061 2781 1155 2835 καὶ
1198 2783 1228 2834 ὀ
1275 2780 1399 2843 Υἱὸς
1429 2783 1522 2836 καὶ
1562 2784 1625 2836 τὸ

66 2863 299 2933 Πνεῦμα
326 2865 387 2917 τὸ
419 2865 574 2933 ἅγιον
598 2866 842 2937 ἀκρισῶς
892 2871 1021 2940 παρ’
1049 2873 1179 2941 ἡμῖν
1224 2871 1486 2926 δέδεικται
1544 2875 1624 2927 ὅτι

63 2953 163 3019 τῆς
198 2955 334 3022 μιᾶς
368 2955 464 3007 καὶ
495 2957 751 3011 άκτίστου
790 2960 885 3014 καὶ
932 2950 1195 3031 ἀγενήτου
1225 2960 1476 3030 θεότητος
1502 2980 1625 3015 συν-

1709 804 1944 875 Spiritus
1972 813 2217 867 sanctus,
2246 811 2514 872 quatenus
2536 800 2778 871 eamdem
2801 798 3052 853 deitatem
3074 809 3138 851 ac
3163 809 3263 863 po-

1711 904 1954 951 testatem
1987 909 2142 964 aeque
2183 893 2399 962 habent,
2433 904 2601 943 unum
2631 889 2757 957 quid
2791 899 2919 944 sunt
2942 895 2997 941 et
3034 884 3268 942 credun-
3346 889 3354 896 '

1710 997 1839 1054 tur;
1878 988 1931 1041 in
1963 987 2211 1042 confesso
2233 991 2412 1038 autem
2457 990 2541 1037 est
2577 985 2790 1035 Omnem
2833 992 3116 1032 numerum
3160 976 3263 1032 de-

1711 1086 2017 1133 monstrare
2073 1076 2436 1145 sulijcctarum
2493 1085 2674 1125 rerum
2716 1069 3106 1139 quantitatem,
3156 1078 3267 1120 non

1713 1178 1891 1223 autem
1920 1184 2097 1224 rerum
2127 1175 2401 1226 naturam,
2433 1171 2489 1217 et
2516 1160 2708 1214 harum
2742 1157 2959 1227 quidem
2995 1171 3103 1211 non
3131 1169 3269 1225 quas

1713 1266 1869 1312 tenus
1894 1259 2227 1321 earumdem,
2252 1255 2345 1310 sed
2376 1260 2646 1322 quatenus
2675 1250 2856 1318 potius
2884 1247 3219 1322 diversarum
3251 1260 3268 1309 ;

1712 1358 1766 1402 et
1787 1348 1833 1403 si
1852 1349 2026 1403 omnis
2050 1345 2480 1405 connumeratio.
2498 1344 2549 1398 id
2570 1350 2673 1403 est,
2697 1340 2750 1393 in
2781 1334 2948 1392 unum
2979 1349 3262 1389 numerum

1714 1437 2040 1499 contractio,
2081 1437 2486 1499 diversitatem,
2530 1440 2801 1501 quatenus
2843 1427 3070 1482 diversa:
3103 1432 3272 1504 sunt,

1715 1527 2033 1597 compositio
2054 1536 2137 1581 est
2164 1543 2180 1588 ς
2204 1534 2415 1579 constat
2442 1525 2690 1592 prorsus,
2719 1518 2865 1587 quod
2902 1530 3026 1571 cum
3061 1513 3272 1567 Patrem

1713 1632 1959 1673 seorsum
1983 1616 2233 1676 dicimus.
2267 1616 2501 1683 itemque
2535 1611 2730 1666 Filium
2755 1617 2812 1664 et
2849 1606 3111 1675 Spiritum
3154 1619 3279 1658 san-

1716 1718 1863 1763 ctum
1890 1746 1904 1773 ,
1935 1717 2047 1763 tres
2088 1706 2219 1761 deos
2248 1721 2353 1761 non
2391 1703 2700 1773 inducimus
2738 1698 2893 1770 quasi
2940 1694 3279 1752 numerando

1716 1800 1997 1851 naturam;
2019 1793 2208 1860 Secus,
2235 1809 2491 1849 numerus
2512 1800 2567 1846 et
2590 1788 3006 1845 conuumeratio
3028 1795 3278 1839 naturam

1717 1888 1970 1950 alliceret,
1983 1896 2090 1941 non
2107 1896 2285 1941 autem
2304 1885 2668 1955 subiectarum
2683 1894 2865 1934 rerum
2883 1877 3235 1946 quantitatem
3259 1891 3276 1939 ;

1715 1988 1771 2034 et
1801 1979 2015 2047 quidem
2045 1993 2139 2033 eas
2170 1987 2426 2044 tanquam
2453 1973 2693 2034 easdem.
2720 1983 2830 2024 non
2858 1968 3098 2025 diversas
3121 1974 3309 2049 prout.
3381 2018 3383 2021 .

1716 2072 1946 2125 diversae
1988 2079 2155 2134 sunt;
2201 2070 2347 2139 quod
2387 2082 2492 2121 non
2537 2062 2869 2119 conceditur.
2923 2061 3107 2129 itaque
3153 2072 3280 2112 cum

1716 2161 1929 2216 Patrem
1958 2161 2279 2215 conﬁtemur
2304 2166 2358 2213 et
2387 2156 2586 2210 Filium
2613 2165 2667 2209 et
2708 2146 2969 2221 Spit-itum
3012 2156 3283 2210 sanctum.

1721 2269 1824 2307 non
1854 2253 2009 2323 quasi
2035 2251 2189 2307 Pater
2219 2260 2274 2305 et
2300 2248 2471 2304 Filius
2509 2254 2563 2301 et
2595 2243 2831 2314 Spiritus
2865 2248 3086 2304 sanctus
3112 2252 3286 2292 unum

1718 2344 1846 2411 quid
1884 2344 2006 2397 sint
2046 2340 2500 2412 pronuntiamus;
2562 2336 2616 2389 hi
2679 2333 2823 2389 enim
2875 2329 3072 2395 diversi
3136 2335 3285 2388 sunt,

1718 2431 1809 2485 sed
1837 2439 2103 2499 quatenus
2128 2443 2234 2482 una
2255 2426 2448 2489 deitas,
2470 2438 2575 2477 una
2603 2429 2860 2491 potestas,
2892 2429 2945 2471 et
2972 2431 3115 2470 unus
3147 2414 3289 2467 Dcus
3364 2480 3366 2483 τ

1718 2522 2423 2590 consideratur,quanquam
2451 2524 2559 2570 tres
2584 2526 2830 2583 persona:
2860 2510 3177 2564 creduntur.

1794 2612 1880 2677 i9,
1933 2611 2125 2665 Adhuc
2162 2611 2318 2665 aliter
2361 2622 2475 2662 rem
2532 2608 2908 2661 demonstrare
2948 2613 3239 2668 possumus
3268 2637 3286 2665 ,

1724 2693 2062 2769 nequaquam
2100 2708 2212 2755 tres
2246 2699 2383 2753 Deos
2412 2712 2442 2751 a
2472 2694 2625 2747 nobis
2651 2691 2832 2745 induci
2862 2690 2917 2743 in
2953 2702 3060 2740 una
3090 2686 3288 2751 divini-

1726 2794 1857 2854 tate,
1878 2790 2088 2844 etiamsi
2119 2802 2378 2857 personas
2401 2797 2515 2841 tres
2530 2782 2873 2840 conﬁtemur.
2904 2778 2961 2833 Si
2978 2793 3107 2848 ergo
3130 2776 3291 2831 Pater

1725 2888 1780 2932 ct
1832 2877 1999 2934 Filius
2035 2889 2095 2933 et
2130 2879 2364 2947 Spiritus
2405 2884 2627 2932 sanctus
2651 2913 2666 2937 ,
2704 2881 2865 2942 prout
2903 2862 3294 2926 accurate'nos

1727 2968 2239 3032 demonstravimus,
2296 2980 2459 3021 unam
2512 2980 2612 3019 nec
2651 2973 2889 3018 creatam
2944 2974 3045 3014 nec
3095 2960 3291 3012 fartam

65 3043 261 3107 αῑὸίως
289 3043 476 3112 έχουσι
496 3086 510 3109 ,
546 3046 639 3119 καὶ
670 3047 770 3115 μία
794 3049 954 3116 φύσις
980 3048 1088 3102 τῶν
1115 3050 1282 3120 τριῶν
1308 3056 1622 3123 κατηγορεῖ-

1729 3056 2061 3111 divinitatem
2092 3065 2351 3125 perpetuo
2380 3056 2541 3107 simul
2573 3053 2803 3117 habent,
2843 3064 3057 3120 unaque
3097 3059 3290 3103 natura

65 3150 178 3196 ται.
219 3128 331 3190 και
366 3135 463 3203 οὐχ
503 3136 665 3204 ἑτέρα
704 3139 800 3193 καὶ
850 3138 1031 3211 ἑτέρα,
1071 3141 1304 3211 φανερὸν
1348 3143 1430 3196 ὅτι
1480 3147 1628 3213 τρεῖς

66 3224 398 3288 (imminet;
448 3224 717 3292 λέγοντες.
772 3228 833 3281 οὐ
892 3230 1279 3299 συνεισάγομεν
1324 3231 1419 3285 καὶ
1480 3234 1628 3301 τρεῖς

65 3312 264 3375 θεούς-⁸
310 3316 362 3369 ει
402 3316 514 3385 γάρ
565 3334 650 3380 τις
686 3319 819 3388 ἡμῖν
856 3317 1015 3372 τοῦτο
1054 3319 1449 3391 καταφημιζει,
1476 3321 1629 3377 οὐδὲν

67 3402 201 3456 ἄλλο
243 3404 411 3460 αὐτὸν
444 3405 561 3459 ἐστι
587 3405 788 3473 λέγειν,
822 3405 935 3461 ἀλλ’
965 3407 999 3478 ἢ
1030 3408 1173 3462 κατά
1218 3409 1418 3475 ταυτὸν
1463 3410 1525 3463 ιν
1568 3426 1629 3464 τε

66 3488 389 3549 “tum
436 3491 598 3561 εἶναι,
642 3497 735 3550 καὶ
771 3496 870 3566 τὴν
915 3498 1200 3567 ἀντίφασιν
1228 3499 1629 3569 συναληθεύειν,

67 3583 167 3635 καὶ
198 3585 272 3636 τά
301 3584 563 3638 ἐλάττονα
617 3585 725 3639 τῶν
771 3586 1029 3640 ἑπιπλέον
1090 3590 1509 3661 κατηγορεῖσθαι
1536 3593 1632 3644 καὶ

72 3671 377 3739 έξισάζειν,
401 3674 539 3745 ὅπερ
569 3675 690 3729 οὐδὲ
710 3678 829 3738 ταῖς
853 3676 1099 3745 λογικαῖς
1131 3678 1393 3748 μεθόδοις.
1421 3681 1541 3735 om
1563 3685 1630 3752 τῇ

65 3763 299 3833 ἀληθείᾳ
326 3764 616 3833 σύμφωνον
632 3778 648 3794 ⁸
673 3767 766 3817 καὶ
790 3767 937 3829 ὅπως
964 3768 1093 3836 ἡμῖν
1125 3768 1295 3837 σαφὲς
1320 3770 1546 3839 γένηται
1573 3772 1633 3824 τὸ

66 3852 391 3921 λεγόμενον,
422 3853 499 3915 ὡς
528 3854 587 3905 ὲν
606 3853 998 3922 ὑποδείγματος
1025 3856 1213 3926 τρόπῳ
1234 3856 1333 3927 τὴν
1361 3858 1634 3927 ἀνθρωπί-

65 3954 167 4005 νην
193 3938 365 4006 φύσιν
394 3939 670 4004 λαϐόντες,
696 3942 789 3995 καὶ
813 3943 897 4009 ἐφ’
922 3934 998 3994 ὧν
1025 3934 1199 4015 ταύτῃ
1221 3948 1630 4016 κατηγορεῖται,

65 4027 233 4096 δῆλον
261 4027 392 4097 ὑμῖν
430 4029 492 4081 τὸ
533 4029 821 4098 λεγόμενον
862 4034 1233 4102 arepennem"
1264 4035 1445 4089 Ἔστω
1471 4038 1504 4105 ἡ
1541 4039 1634 4090 άν-

67 4117 321 4185 θρωπίνη
380 4117 539 4185 φύσις
572 4119 648 4181 ὡς
696 4121 753 4172 έν
804 4120 1055 4174 ὑποθέσει
1088 4122 1253 4192 τριῶν
1281 4124 1634 4180 ύποστάσεων

70 4206 259 4271 μόνων
283 4206 753 4276 κατηγορουμένη,
783 4205 892 4260 οἷον
921 4194 1148 4281 Πέτρου,
1180 4214 1343 4282 φημὶ,
1375 4214 1467 4267 καὶ
1490 4216 1636 4268 Παύ-

62 4295 159 4347 λου
194 4296 296 4348 καὶ
324 4294 527 4363 Θωμᾶ⁶
553 4296 692 4367 αὕτη
717 4296 807 4350 οὖν
836 4300 869 4367 ἡ
896 4298 1055 4367 φύσις
1088 4301 1181 4370 ὅλη
1209 4301 1284 4365 ὡς
1310 4303 1406 4371 ὅλη
1441 4305 1635 4375 ἀμερι-

1727 3143 1889 3198 trium
1921 3144 2261 3212 pradicatur,
2283 3157 2391 3197 non
2429 3141 2532 3195 alia
2558 3149 2613 3194 et
2636 3140 2766 3204 alia,
2795 3144 2941 3208 patet
2967 3137 3134 3207 quod,
3159 3136 3288 3190 dum

1727 3241 1844 3287 ιτοε
1866 3248 2126 3301 personas
2153 3233 2407 3291 dicimus.
2454 3230 2597 3285 haud
2637 3240 2749 3285 tres
2787 3230 2919 3284 deos
2958 3228 3291 3284 inducimus.

1728 3321 1883 3389 Quod
1906 3322 1949 3378 si
1980 3323 2104 3392 quis
2139 3322 2302 3377 nobis
2330 3322 2578 3390 imputet,
2613 3321 2756 3375 idem
2782 3318 2914 3375 facit
2940 3318 3164 3384 dicenti,
3194 3316 3292 3372 ali-

1728 3406 1860 3476 quid
1881 3408 2177 3463 secundum
2196 3408 2360 3467 idem.
2383 3417 2439 3462 et
2461 3421 2631 3461 unum
2655 3422 2777 3463 esse
2800 3416 2856 3462 et
2874 3407 3053 3477 plura,
3083 3414 3138 3461 et
3161 3420 3293 3461 con-

1730 3497 2038 3553 tradictioni
2072 3500 2253 3553 inesse
2290 3496 2574 3553 veritatem
2596 3537 2613 3559 .
2657 3505 2712 3553 et
2744 3484 2955 3551 minora
2995 3496 3296 3566 majoribus

1732 3588 2002 3657 exaequari
2030 3588 2339 3657 pariterque
2369 3587 2623 3656 appellari
2656 3605 2669 3642 :
2706 3588 2850 3656 quod
2886 3602 3065 3656 neque
3109 3578 3297 3655 lngicis

1734 3675 1934 3744 regulis
1952 3691 2129 3745 neque
2152 3677 2357 3730 veritati
2387 3683 2673 3732 consonat.
2696 3673 2873 3745 Atque
2896 3686 2953 3730 ut
2978 3675 3135 3733 nabis
3156 3675 3297 3730 dicta

1734 3779 1823 3818 res
1873 3765 2068 3821 clarior
2112 3764 2224 3828 flat,
2270 3764 2563 3818 humanam
2598 3774 2848 3819 naturam
2882 3765 2949 3817 ad
2991 3763 3300 3831 exemplum

1734 3865 1978 3920 sumens,
2007 3855 2304 3909 secundum
2331 3854 2573 3923 ejusdem
2614 3855 3055 3924 pradicamenta,
3087 3852 3299 3922 perspi-

1734 3959 1893 3998 cuam
1917 3944 2069 3998 vobis
2098 3944 2289 3998 faciam
2320 3945 2623 3999 orationem
2661 3959 2858 3999 meam.
2892 3942 3020 3998 Esto
3056 3943 3303 3998 humana

1737 4044 1926 4089 natura
1959 4047 2219 4103 tanquam
2262 4036 2316 4089 in
2357 4034 2600 4105 subjecto
2627 4035 2784 4088 trium
2809 4021 3017 4087 tantum
3044 4048 3302 4101 persona-

1736 4138 1856 4177 rum
1882 4124 2194 4193 praedicata,
2226 4124 2385 4178 veluti
2420 4123 2585 4186 Petri,
2619 4122 2792 4184 Pauli,
2818 4137 2883 4175 ac
2904 4121 3148 4177 Thomte.
3176 4120 3299 4179 Haec

1736 4214 1903 4281 igitur
1923 4223 2116 4268 natura
2142 4223 2249 4268 tota
2276 4223 2430 4283 prout
2456 4223 2541 4268 est
2570 4212 2799 4268 indivise
2827 4199 2879 4266 in
2913 4214 3095 4278 Petro,
3132 4213 3298 4269 Paulo

1739 4317 1802 4357 ac
1824 4301 2484 4362 Thoma,dcnominatur:
2518 4316 2639 4354 nam
2679 4301 2872 4353 horum
2905 4302 3300 4371 unusquisque,
3406 4322 3411 4325 Α

64 4402 210 4447 στως
240 4386 341 4437 ἐπὶ
368 4386 575 4458 Πέτρου
606 4392 700 4442 καὶ
732 4388 941 4443 Παύλου
986 4390 1082 4445 καὶ
1106 4390 1278 4461 emus
1318 4399 1622 4464 κατηγορεῖ·

1732 4392 1932 4446 animal
1961 4400 2044 4447 est
2080 4393 2365 4457 rationale,
2396 4391 2660 4456 mortale,
2707 4391 2909 4445 tuentis
2953 4391 3304 4463 scientiaeque
3368 4450 3369 4453 η

62 4490 156 4525 ται
178 4488 193 4501 ·
231 4474 333 4527 καὶ
363 4473 471 4542 γὰρ
499 4475 726 4540 ἕκαστος
768 4476 920 4547 (cod.
952 4477 1206 4551 ἕκαστον]
1232 4481 1465 4547 τούτων,
1495 4481 1633 4545 ζῶον

62 4562 290 4630 λογικὸν
335 4561 547 4633 θνητὸν,
580 4566 675 4618 νοῦ
721 4568 816 4622 καὶ
861 4570 1172 4639 ἐπιστήμης
1197 4570 1445 4624 δεκτικόν
1479 4574 1631 4641 ὲστιέ

59 4650 313 4722 φανερὸν
344 4651 426 4705 ὅτι
454 4656 637 4709 καὶτὰ
670 4657 984 4727 μετέχοντα,
1017 4660 1137 4713 καθ’
1163 4660 1193 4713 ὃ
1224 4661 1323 4731 τῆς
1350 4662 1517 4733 αὐτῆς
1540 4666 1634 4715 καὶ

64 4745 198 4810 μιᾶς
232 4741 455 4810 φύσεως
492 4745 829 4813 μετέχουσιν.
856 4747 914 4800 ἓν
944 4766 1004 4801 τε
1029 4750 1123 4803 καὶ
1142 4752 1319 4805 ταυτά
1341 4753 1447 4805 εισι
1464 4769 1480 4784 ⁸
1509 4753 1632 4807 καθ’

56 4835 86 4885 ὃ
122 4835 185 4886 δὲ
218 4832 460 4902 διάφορα
509 4838 628 4899 ταῖς
675 4838 1022 4899 ὑποστάσεσι,
1073 4841 1283 4894 καὶτὸν
1311 4846 1464 4912 τρεῖς
1513 4844 1633 4913 ἀρι-

56 4922 202 4990 θμὸν
228 4920 635 4992 ἐκληρώσαντο.
658 4926 717 4977 Εἰ
744 4922 837 4978 οὖν
860 4943 943 4988 τις
968 4927 1068 4998 τὴν
1096 4928 1404 4996 ἄνθρωπος
1428 4931 1630 5001 φωνὴν,

55 5014 193 5081 ἥτις
218 5013 350 5066 ἐστὶ
380 5014 594 5081 φύσεως
631 5015 899 5089 δηλωτικὴ
937 5019 1028 5071 ἐπὶ
1053 5017 1161 5071 τῶν
1192 5020 1367 5090 τριῶν
1397 5022 1633 5077 dmord-

58 5120 230 5167 σεων,
267 5102 401 5171 μίαν
427 5101 590 5157 οὖσαν
619 5111 710 5159 καὶ
743 5107 842 5174 τὴν
870 5107 1038 5179 αὑτὴν
1066 5109 1161 5161 καὶ
1184 5109 1491 5180 άμερίστως
1534 5113 1635 5166 αύ-

53 5194 168 5245 τὼν
231 5196 740 5263 κατηγορουμένην,
788 5192 907 5251 εἶτα
953 5199 1049 5253 καὶ
1081 5198 1159 5262 ὠς
1202 5200 1371 5269 τριῶν
1414 5218 1633 5274 συναρι-

54 5280 439 5351 θμουμένων,
472 5286 564 5335 καὶ
614 5286 814 5355 ταύτην
849 5288 948 5357 τὴν
974 5289 1282 5356 ἄνθρωπος
1328 5293 1511 5363 φωνὴν
1576 5293 1634 5358 ἐξ

54 5374 327 5440 ἀνάγκης
360 5373 479 5434 ταῖς
522 5373 848 5429 ὑποστάσεσι
894 5379 1308 5450 συναριθμήσει,
1347 5386 1497 5451 τρεῖς
1539 5384 1634 5436 άν-

55 5464 329 5531 θρώπους
362 5462 605 5528 φάσκων,
636 5466 785 5518 οὐδὲν
808 5467 937 5521 ἄλλο
966 5469 1130 5538 λέγει,
1159 5464 1272 5525 ἀλλ’
1296 5472 1327 5540 ἢ
1360 5478 1507 5541 τρεῖς
1536 5474 1636 5541 φύ-

55 5543 176 5612 σὲις
206 5553 277 5603 ἂν
307 5554 430 5615 ταῖς
472 5557 646 5624 τρισὶν
687 5556 1017 5613 ὑποστάσεσι
1060 5562 1412 5633 θεωρεῖσθαι·
1454 5567 1486 5632 ἡ
1524 5565 1633 5633 γὰρ

52 5640 386 5709 ἅνθρωπος
409 5645 562 5717 φωνὴ
602 5647 815 5715 φύσεώς
840 5650 957 5717 εστι
978 5651 1243 5724 δηλωτική
1264 5670 1278 5684 ο
1312 5656 1359 5707 εἰ
1382 5654 1438 5705 δὲ
1458 5654 1628 5721 τοῦτο,

1736 4496 1925 4551 capax.
1947 4480 2173 4537 Constat
2207 4482 2307 4535 hos
2335 4480 2646 4549 participes,
2681 4489 2947 4547 quatenus
2977 4494 3138 4531 unam
3160 4474 3301 4534 θαηιὲ

1736 4572 1967 4646 demque
2004 4580 2253 4625 naturam
2296 4571 2642 4641 participant.
2678 4586 2845 4625 unum
2890 4569 3020 4639 quid
3052 4566 3303 4634 idemque

1737 4676 1893 4716 esse:
1925 4668 2192 4729 quatenus
2218 4667 2397 4713 autem
2434 4660 2631 4715 diversi
2661 4670 2789 4713 sunt
2819 4657 3084 4726 personis.
3117 4665 3302 4707 terna-

1736 4751 1876 4806 rium
1904 4765 2185 4805 numerum
2212 4751 2428 4804 habere.
2449 4746 2647 4820 Siquis
2665 4764 2791 4819 ergo
2816 4748 3134 4805 vocabulum
3151 4748 3307 4797 Iconio

1738 4841 1881 4908 quod
1914 4847 2162 4894 naturam
2200 4840 2440 4903 denotat,
2477 4839 2728 4908 quodque
2756 4852 2923 4891 unum
2960 4837 3209 4903 idemque
3250 4843 3307 4888 ct

1740 4930 1968 4984 indivise
1988 4931 2053 4983 de
2078 4932 2249 4984 tribus
2268 4929 2618 4998 praedicatur;
2641 4927 2832 4982 deinde
2858 4928 3111 4995 tauquam
3131 4927 3303 4979 tribus

1733 5022 1844 5090 jam
1876 5021 2483 5083 simulconnumeratis,
2504 5021 2649 5073 idem
2676 5019 2780 5072 hoc
2804 5019 3124 5072 vocabulum
3150 5019 3306 5069 homo

1740 5112 2047 5166 necessario
2092 5126 2214 5165 cum
2263 5111 2508 5177 personis
2545 5117 2918 5172 connumeret,
2963 5116 3072 5160 tres
3117 5109 3299 5156 dicens

1740 5201 1989 5255 homines
2016 5220 2029 5267 ;
2058 5202 2188 5254 nihil
2219 5200 2537 5260 aliud‘dicit,
2570 5199 2674 5253 nisi
2697 5210 2808 5254 tres
2849 5210 3069 5252 naturas
3100 5198 3149 5248 in
3177 5210 3297 5261 per-

1740 5294 1887 5345 sonis
1924 5293 2093 5345 tribus
2120 5290 2351 5358 spectari
2383 5307 2396 5343 :
2433 5305 2666 5360 namque
2696 5289 2935 5343 hominis
2973 5286 3293 5339 vocabulum

1741 5389 1985 5436 naturam
2020 5385 2257 5437 denotat.
2288 5380 2443 5447 Quod
2487 5382 2532 5435 si
2576 5396 2764 5435 verum
2804 5389 2906 5441 est,
2948 5379 3126 5442 utique
3156 5375 3293 5426 idem

1741 5473 2033 5526 secundum
2062 5472 2201 5525 idem
2238 5471 2621 5539 comperietur,
2664 5470 2714 5523 id
2768 5480 2849 5524 est
2880 5470 3167 5520 humanam
3202 5480 3299 5514 na-

1742 5574 1934 5626 turam.
1963 5575 2015 5617 ct
2044 5578 2208 5617 unum
2240 5563 2369 5631 quid
2411 5578 2532 5617 esse
2564 5574 2617 5615 et
2647 5573 2829 5616 contra
2860 5577 2872 5611 :
2912 5567 2963 5610 et
2994 5554 3135 5623 quod
3170 5568 3299 5605 cou-

1742 5654 1992 5709 tradictio
2031 5662 2134 5719 est,
2170 5669 2356 5707 verum
2414 5652 2639 5729 evadet;
2678 5654 2939 5723 quodest
2980 5645 3291 5703 absurdum.
