  <div class='ocr_page' id='page_1' title='image "/cluster/home/n/w/nwhite01/storage/ocr_20150623/105/pst.000005714155/420.png"; bbox 0 0 3926 6308; ppageno 0'>
   <div class='ocr_carea' id='block_1_1' title="bbox 134 258 215 326">
    <p class='ocr_par' dir='ltr' id='par_1_1' title="bbox 134 258 215 326">
     <span class='ocr_line' id='line_1_1' title="bbox 134 258 215 326; baseline -0.049 0"><span class='ocrx_word' id='word_1_1' title='bbox 134 258 215 326; x_wconf 76' lang='grc' dir='ltr'><strong>τοι</strong></span> 
     </span>
    </p>
   </div>
   <div class='ocr_carea' id='block_1_2' title="bbox 1203 263 2134 327">
    <p class='ocr_par' dir='ltr' id='par_1_2' title="bbox 1203 263 2134 327">
     <span class='ocr_line' id='line_1_2' title="bbox 1203 263 2134 327; baseline -0.006 1"><span class='ocrx_word' id='word_1_2' title='bbox 1203 264 1628 327; x_wconf 78' lang='lat' dir='ltr'><strong>REFUTATIO</strong></span> <span class='ocrx_word' id='word_1_3' title='bbox 1662 263 2134 324; x_wconf 73' lang='lat' dir='ltr'><strong>MAHOMEDIS.</strong></span> 
     </span>
    </p>
   </div>
   <div class='ocr_carea' id='block_1_3' title="bbox 3208 232 3330 329">
    <p class='ocr_par' dir='ltr' id='par_1_3' title="bbox 3208 232 3330 329">
     <span class='ocr_line' id='line_1_3' title="bbox 3208 232 3330 329; baseline -0.025 -3"><span class='ocrx_word' id='word_1_4' title='bbox 3208 247 3330 329; x_wconf 71' lang='grc' dir='ltr'>τοι.</span> 
     </span>
    </p>
   </div>
   <div class='ocr_carea' id='block_1_4' title="bbox 134 352 1693 445">
    <p class='ocr_par' dir='ltr' id='par_1_4' title="bbox 134 352 1693 443">
     <span class='ocr_line' id='line_1_4' title="bbox 134 352 1693 443; baseline 0 -18"><span class='ocrx_word' id='word_1_5' title='bbox 134 362 505 442; x_wconf 61' lang='grc' dir='ltr'>ὲστιπρᾶγμζα,</span> <span class='ocrx_word' id='word_1_6' title='bbox 545 352 747 435; x_wconf 55' lang='grc' dir='ltr'>ὡς’καὶ</span> <span class='ocrx_word' id='word_1_7' title='bbox 775 372 911 443; x_wconf 80' lang='grc' dir='ltr'>αὑτὴ</span> <span class='ocrx_word' id='word_1_8' title='bbox 957 373 1116 440; x_wconf 80' lang='grc' dir='ltr'>φύσις</span> <span class='ocrx_word' id='word_1_9' title='bbox 1168 392 1249 438; x_wconf 87' lang='grc' dir='ltr'><strong>τις</strong></span> <span class='ocrx_word' id='word_1_10' title='bbox 1302 375 1455 442; x_wconf 82' lang='grc' dir='ltr'>οὖσα,</span> <span class='ocrx_word' id='word_1_11' title='bbox 1507 376 1579 430; x_wconf 57' lang='grc' dir='ltr'>τὰ</span> <span class='ocrx_word' id='word_1_12' title='bbox 1598 374 1693 433; x_wconf 56' lang='grc' dir='ltr'><strong>δὲ.</strong></span> 
     </span>
    </p>
   </div>
   <div class='ocr_carea' id='block_1_5' title="bbox 1795 352 3320 445">
    <p class='ocr_par' dir='ltr' id='par_1_5' title="bbox 1797 372 3320 445">
     <span class='ocr_line' id='line_1_5' title="bbox 1797 372 3320 445; baseline 0.003 -20"><span class='ocrx_word' id='word_1_13' title='bbox 1797 373 2078 430; x_wconf 78' lang='lat' dir='ltr'><strong>nivei-sale.</strong></span> <span class='ocrx_word' id='word_1_14' title='bbox 2101 377 2286 445; x_wconf 84' lang='lat' dir='ltr'><strong>Itaque</strong></span> <span class='ocrx_word' id='word_1_15' title='bbox 2302 372 2345 429; x_wconf 86' lang='lat' dir='ltr'><strong>si</strong></span> <span class='ocrx_word' id='word_1_16' title='bbox 2359 372 2539 427; x_wconf 81' lang='lat' dir='ltr'><strong>divina</strong></span> <span class='ocrx_word' id='word_1_17' title='bbox 2555 373 2818 442; x_wconf 68' lang='lat' dir='ltr'><strong>beateque</strong></span> <span class='ocrx_word' id='word_1_18' title='bbox 2829 379 3017 426; x_wconf 79' lang='lat' dir='ltr'><strong>natura</strong></span> <span class='ocrx_word' id='word_1_19' title='bbox 3034 373 3320 429; x_wconf 79' lang='lat' dir='ltr'><strong>commune</strong></span> 
     </span>
    </p>
   </div>
   <div class='ocr_carea' id='block_1_6' title="bbox 134 460 1660 534">
    <p class='ocr_par' dir='ltr' id='par_1_6' title="bbox 134 460 1660 534">
     <span class='ocr_line' id='line_1_6' title="bbox 134 460 1660 534; baseline 0 -19"><span class='ocrx_word' id='word_1_20' title='bbox 134 460 294 515; x_wconf 79' lang='grc' dir='ltr'>κοινόν</span> <span class='ocrx_word' id='word_1_21' title='bbox 323 477 378 514; x_wconf 90' lang='grc' dir='ltr'><strong>τι</strong></span> <span class='ocrx_word' id='word_1_22' title='bbox 402 464 612 531; x_wconf 74' lang='grc' dir='ltr'>χρῆμα,</span> <span class='ocrx_word' id='word_1_23' title='bbox 642 462 739 530; x_wconf 84' lang='grc' dir='ltr'>οὑχ</span> <span class='ocrx_word' id='word_1_24' title='bbox 777 464 893 525; x_wconf 79' lang='grc' dir='ltr'>ἑνός</span> <span class='ocrx_word' id='word_1_25' title='bbox 922 466 1034 517; x_wconf 71' lang='grc' dir='ltr'>ἐστι</span> <span class='ocrx_word' id='word_1_26' title='bbox 1066 466 1262 528; x_wconf 77' lang='grc' dir='ltr'>κοινὸν,</span> <span class='ocrx_word' id='word_1_27' title='bbox 1300 465 1487 534; x_wconf 82' lang='grc' dir='ltr'>ὥσπερ</span> <span class='ocrx_word' id='word_1_28' title='bbox 1516 462 1660 533; x_wconf 81' lang='grc' dir='ltr'><strong>ήτοῦ</strong></span> 
     </span>
    </p>
   </div>
   <div class='ocr_carea' id='block_1_7' title="bbox 132 550 1663 624">
    <p class='ocr_par' dir='ltr' id='par_1_7' title="bbox 132 550 1663 624">
     <span class='ocr_line' id='line_1_7' title="bbox 132 550 1663 624; baseline 0.001 -21"><span class='ocrx_word' id='word_1_29' title='bbox 132 550 351 620; x_wconf 65' lang='grc' dir='ltr'>ἀγγέλου</span> <span class='ocrx_word' id='word_1_30' title='bbox 381 553 474 605; x_wconf 80' lang='grc' dir='ltr'><strong>καὶ</strong></span> <span class='ocrx_word' id='word_1_31' title='bbox 519 551 808 622; x_wconf 82' lang='grc' dir='ltr'>ἀνθρώπου</span> <span class='ocrx_word' id='word_1_32' title='bbox 844 555 1023 621; x_wconf 81' lang='grc' dir='ltr'>φύσις,</span> <span class='ocrx_word' id='word_1_33' title='bbox 1073 555 1169 624; x_wconf 81' lang='grc' dir='ltr'><strong>οὐχ</strong></span> <span class='ocrx_word' id='word_1_34' title='bbox 1200 557 1316 618; x_wconf 76' lang='grc' dir='ltr'>ἑνός</span> <span class='ocrx_word' id='word_1_35' title='bbox 1348 556 1491 609; x_wconf 68' lang='grc' dir='ltr'>ἔστιν</span> <span class='ocrx_word' id='word_1_36' title='bbox 1529 555 1663 606; x_wconf 83' lang='grc' dir='ltr'>ἀλλὰ</span> 
     </span>
    </p>
   </div>
   <div class='ocr_carea' id='block_1_8' title="bbox 136 640 1665 717">
    <p class='ocr_par' dir='ltr' id='par_1_8' title="bbox 136 640 1665 717">
     <span class='ocr_line' id='line_1_8' title="bbox 136 640 1665 717; baseline -0.001 -18"><span class='ocrx_word' id='word_1_37' title='bbox 136 644 380 699; x_wconf 72' lang='grc' dir='ltr'>πλειόνων</span> <span class='ocrx_word' id='word_1_38' title='bbox 399 660 413 675; x_wconf 89' lang='grc'>·</span> <span class='ocrx_word' id='word_1_39' title='bbox 438 643 695 707; x_wconf 83' lang='grc' dir='ltr'><strong>ὡσαύτως</strong></span> <span class='ocrx_word' id='word_1_40' title='bbox 714 640 777 697; x_wconf 79' lang='grc' dir='ltr'><strong>δὲ</strong></span> <span class='ocrx_word' id='word_1_41' title='bbox 825 646 920 699; x_wconf 75' lang='grc' dir='ltr'><strong>καὶ</strong></span> <span class='ocrx_word' id='word_1_42' title='bbox 946 646 1005 699; x_wconf 83' lang='grc' dir='ltr'>τὸ</span> <span class='ocrx_word' id='word_1_43' title='bbox 1030 647 1316 699; x_wconf 75' lang='grc' dir='ltr'>καθολικὺν</span> <span class='ocrx_word' id='word_1_44' title='bbox 1350 648 1579 717; x_wconf 83' lang='grc' dir='ltr'>πρᾶγμα</span> <span class='ocrx_word' id='word_1_45' title='bbox 1605 646 1665 698; x_wconf 82' lang='grc' dir='ltr'>τὸ</span> 
     </span>
    </p>
   </div>
   <div class='ocr_carea' id='block_1_9' title="bbox 135 735 1665 805">
    <p class='ocr_par' dir='ltr' id='par_1_9' title="bbox 135 735 1665 805">
     <span class='ocr_line' id='line_1_9' title="bbox 135 735 1665 805; baseline 0.001 -18"><span class='ocrx_word' id='word_1_46' title='bbox 135 735 261 789; x_wconf 70' lang='grc' dir='ltr'>κατὰ</span> <span class='ocrx_word' id='word_1_47' title='bbox 279 735 538 788; x_wconf 81' lang='grc' dir='ltr'>πλειόνων</span> <span class='ocrx_word' id='word_1_48' title='bbox 560 736 867 803; x_wconf 80' lang='grc' dir='ltr'>λεγόμενον,</span> <span class='ocrx_word' id='word_1_49' title='bbox 888 737 961 798; x_wconf 83' lang='grc' dir='ltr'>ὡς</span> <span class='ocrx_word' id='word_1_50' title='bbox 983 738 1039 788; x_wconf 86' lang='grc' dir='ltr'>αἱ</span> <span class='ocrx_word' id='word_1_51' title='bbox 1060 737 1274 803; x_wconf 78' lang='grc' dir='ltr'>λογικαὶ</span> <span class='ocrx_word' id='word_1_52' title='bbox 1293 736 1665 805; x_wconf 84' lang='grc' dir='ltr'>διαγορεύουσι</span> 
     </span>
    </p>
   </div>
   <div class='ocr_carea' id='block_1_10' title="bbox 136 828 1667 901">
    <p class='ocr_par' dir='ltr' id='par_1_10' title="bbox 136 828 1667 901">
     <span class='ocr_line' id='line_1_10' title="bbox 136 828 1667 901; baseline 0 -20"><span class='ocrx_word' id='word_1_53' title='bbox 136 830 363 901; x_wconf 78' lang='grc' dir='ltr'>μίθοδοι,</span> <span class='ocrx_word' id='word_1_54' title='bbox 395 828 764 900; x_wconf 76' lang='grc' dir='ltr'>φανερὸν“ᾶρα</span> <span class='ocrx_word' id='word_1_55' title='bbox 793 828 875 881; x_wconf 82' lang='grc' dir='ltr'>ὅτι</span> <span class='ocrx_word' id='word_1_56' title='bbox 915 831 1008 882; x_wconf 77' lang='grc' dir='ltr'><strong>καὶ</strong></span> <span class='ocrx_word' id='word_1_57' title='bbox 1039 829 1157 882; x_wconf 88' lang='grc' dir='ltr'>θεία</span> <span class='ocrx_word' id='word_1_58' title='bbox 1204 831 1365 896; x_wconf 83' lang='grc' dir='ltr'>φύσις</span> <span class='ocrx_word' id='word_1_59' title='bbox 1408 829 1667 881; x_wconf 81' lang='grc' dir='ltr'>πλειόνων</span> 
     </span>
    </p>
   </div>
   <div class='ocr_carea' id='block_1_11' title="bbox 134 910 1664 990">
    <p class='ocr_par' dir='ltr' id='par_1_11' title="bbox 134 910 1664 990">
     <span class='ocr_line' id='line_1_11' title="bbox 134 910 1664 990; baseline 0.001 -19"><span class='ocrx_word' id='word_1_60' title='bbox 134 920 272 974; x_wconf 73' lang='grc' dir='ltr'>ἐστίν</span> <span class='ocrx_word' id='word_1_61' title='bbox 301 936 314 948; x_wconf 95' lang='grc'><strong>·</strong></span> <span class='ocrx_word' id='word_1_62' title='bbox 350 919 506 989; x_wconf 70' lang='grc' dir='ltr'>εἴπερ</span> <span class='ocrx_word' id='word_1_63' title='bbox 539 920 711 971; x_wconf 85' lang='grc' dir='ltr'>κοινόν</span> <span class='ocrx_word' id='word_1_64' title='bbox 740 936 790 971; x_wconf 84' lang='grc' dir='ltr'><strong>τι</strong></span> <span class='ocrx_word' id='word_1_65' title='bbox 815 921 908 971; x_wconf 70' lang='grc' dir='ltr'><strong>καὶ</strong></span> <span class='ocrx_word' id='word_1_66' title='bbox 938 921 1222 974; x_wconf 80' lang='grc' dir='ltr'>καθολικὺν</span> <span class='ocrx_word' id='word_1_67' title='bbox 1248 910 1480 990; x_wconf 62' lang='grc' dir='ltr'>πρᾶγμά</span> <span class='ocrx_word' id='word_1_68' title='bbox 1511 922 1625 973; x_wconf 76' lang='grc' dir='ltr'>ἐστι</span> <span class='ocrx_word' id='word_1_69' title='bbox 1650 936 1664 950; x_wconf 91' lang='grc'><strong>·</strong></span> 
     </span>
    </p>
   </div>
   <div class='ocr_carea' id='block_1_12' title="bbox 134 1008 1535 1079">
    <p class='ocr_par' dir='ltr' id='par_1_12' title="bbox 134 1008 1535 1079">
     <span class='ocr_line' id='line_1_12' title="bbox 134 1008 1535 1079; baseline 0.001 -18"><span class='ocrx_word' id='word_1_70' title='bbox 134 1008 276 1067; x_wconf 77' lang='grc' dir='ltr'>τοῦτο</span> <span class='ocrx_word' id='word_1_71' title='bbox 311 1010 412 1079; x_wconf 81' lang='grc' dir='ltr'>γὰρ</span> <span class='ocrx_word' id='word_1_72' title='bbox 440 1009 802 1079; x_wconf 83' lang='grc' dir='ltr'>ὡμολόγηται.</span> <span class='ocrx_word' id='word_1_73' title='bbox 1530 1012 1535 1013; x_wconf 55' lang='grc'><strong><em>⁷</em></strong></span> 
     </span>
    </p>
   </div>
   <div class='ocr_carea' id='block_1_13' title="bbox 194 1098 1671 1171">
    <p class='ocr_par' dir='ltr' id='par_1_13' title="bbox 194 1098 1671 1171">
     <span class='ocr_line' id='line_1_13' title="bbox 194 1098 1671 1171; baseline -0.001 -16"><span class='ocrx_word' id='word_1_74' title='bbox 194 1101 286 1155; x_wconf 76' lang='grc' dir='ltr'>κε’.</span> <span class='ocrx_word' id='word_1_75' title='bbox 327 1104 391 1156; x_wconf 81' lang='lat' dir='ltr'><strong>El</strong></span> <span class='ocrx_word' id='word_1_76' title='bbox 416 1098 507 1156; x_wconf 80' lang='grc' dir='ltr'>οὖν</span> <span class='ocrx_word' id='word_1_77' title='bbox 532 1102 709 1171; x_wconf 62' lang='lat' dir='ltr'><strong>Maia</strong></span> <span class='ocrx_word' id='word_1_78' title='bbox 736 1103 894 1170; x_wconf 82' lang='grc' dir='ltr'><strong>φύσις</strong></span> <span class='ocrx_word' id='word_1_79' title='bbox 922 1102 1179 1154; x_wconf 85' lang='grc' dir='ltr'>πλειόνων</span> <span class='ocrx_word' id='word_1_80' title='bbox 1201 1104 1366 1166; x_wconf 68' lang='grc' dir='ltr'>ἐστὶν,</span> <span class='ocrx_word' id='word_1_81' title='bbox 1393 1102 1467 1163; x_wconf 82' lang='grc' dir='ltr'>ὡς</span> <span class='ocrx_word' id='word_1_82' title='bbox 1497 1103 1671 1155; x_wconf 84' lang='grc' dir='ltr'>κοινόν</span> 
     </span>
    </p>
   </div>
   <div class='ocr_carea' id='block_1_14' title="bbox 134 1192 1672 1265">
    <p class='ocr_par' dir='ltr' id='par_1_14' title="bbox 134 1192 1672 1265">
     <span class='ocr_line' id='line_1_14' title="bbox 134 1192 1672 1265; baseline 0.001 -21"><span class='ocrx_word' id='word_1_83' title='bbox 134 1208 182 1244; x_wconf 79' lang='grc' dir='ltr'><strong>τι</strong></span> <span class='ocrx_word' id='word_1_84' title='bbox 208 1194 296 1246; x_wconf 74' lang='grc' dir='ltr'><strong>καὶ</strong></span> <span class='ocrx_word' id='word_1_85' title='bbox 327 1193 612 1246; x_wconf 81' lang='grc' dir='ltr'>καθολικὺν</span> <span class='ocrx_word' id='word_1_86' title='bbox 640 1194 891 1265; x_wconf 79' lang='grc' dir='ltr'>πρᾶγμα.</span> <span class='ocrx_word' id='word_1_87' title='bbox 914 1194 1117 1263; x_wconf 76' lang='grc' dir='ltr'>ἑκάστη</span> <span class='ocrx_word' id='word_1_88' title='bbox 1155 1193 1212 1246; x_wconf 81' lang='grc' dir='ltr'><strong>δὲ</strong></span> <span class='ocrx_word' id='word_1_89' title='bbox 1244 1192 1403 1261; x_wconf 88' lang='grc' dir='ltr'>φύσις</span> <span class='ocrx_word' id='word_1_90' title='bbox 1436 1195 1585 1261; x_wconf 86' lang='grc' dir='ltr'>κοινή</span> <span class='ocrx_word' id='word_1_91' title='bbox 1613 1209 1672 1246; x_wconf 85' lang='grc' dir='ltr'><strong>τε</strong></span> 
     </span>
    </p>
   </div>
   <div class='ocr_carea' id='block_1_15' title="bbox 136 1276 1673 1358">
    <p class='ocr_par' dir='ltr' id='par_1_15' title="bbox 136 1276 1673 1358">
     <span class='ocr_line' id='line_1_15' title="bbox 136 1276 1673 1358; baseline -0.003 -21"><span class='ocrx_word' id='word_1_92' title='bbox 136 1283 219 1337; x_wconf 78' lang='lat' dir='ltr'><strong>ul.</strong></span> <span class='ocrx_word' id='word_1_93' title='bbox 234 1283 489 1355; x_wconf 79' lang='grc' dir='ltr'>καθολικὴ</span> <span class='ocrx_word' id='word_1_94' title='bbox 517 1284 668 1349; x_wconf 79' lang='grc' dir='ltr'>οὖσα,</span> <span class='ocrx_word' id='word_1_95' title='bbox 690 1287 787 1337; x_wconf 83' lang='grc' dir='ltr'><strong>οὐκ</strong></span> <span class='ocrx_word' id='word_1_96' title='bbox 808 1284 966 1358; x_wconf 75' lang='grc' dir='ltr'>άλλου</span> <span class='ocrx_word' id='word_1_97' title='bbox 987 1285 1127 1347; x_wconf 84' lang='grc' dir='ltr'>τινός</span> <span class='ocrx_word' id='word_1_98' title='bbox 1154 1287 1268 1337; x_wconf 83' lang='grc' dir='ltr'>ὲστι</span> <span class='ocrx_word' id='word_1_99' title='bbox 1292 1284 1465 1355; x_wconf 82' lang='grc' dir='ltr'>κοινὴ,</span> <span class='ocrx_word' id='word_1_100' title='bbox 1500 1276 1673 1353; x_wconf 73' lang='grc' dir='ltr'>ἀλλ”ἢ</span> 
     </span>
    </p>
   </div>
   <div class='ocr_carea' id='block_1_16' title="bbox 137 1367 1675 1445">
    <p class='ocr_par' dir='ltr' id='par_1_16' title="bbox 137 1367 1675 1445">
     <span class='ocr_line' id='line_1_16' title="bbox 137 1367 1675 1445; baseline 0.001 -20"><span class='ocrx_word' id='word_1_101' title='bbox 137 1372 234 1425; x_wconf 79' lang='grc' dir='ltr'><strong>τῶν</strong></span> <span class='ocrx_word' id='word_1_102' title='bbox 258 1375 317 1425; x_wconf 69' lang='grc' dir='ltr'><strong>ιν</strong></span> <span class='ocrx_word' id='word_1_103' title='bbox 340 1367 422 1436; x_wconf 77' lang='grc' dir='ltr'><strong>οἷς</strong></span> <span class='ocrx_word' id='word_1_104' title='bbox 449 1373 731 1443; x_wconf 84' lang='grc' dir='ltr'>θεωρεῖται</span> <span class='ocrx_word' id='word_1_105' title='bbox 756 1376 849 1427; x_wconf 81' lang='grc' dir='ltr'><strong>καὶ</strong></span> <span class='ocrx_word' id='word_1_106' title='bbox 882 1369 956 1429; x_wconf 77' lang='grc' dir='ltr'><strong>ὧν</strong></span> <span class='ocrx_word' id='word_1_107' title='bbox 987 1377 1388 1445; x_wconf 78' lang='grc' dir='ltr'><strong>κατηγορεῖται,</strong></span> <span class='ocrx_word' id='word_1_108' title='bbox 1416 1372 1675 1439; x_wconf 51' lang='lat' dir='ltr'><strong>casus:</strong></span> 
     </span>
    </p>
   </div>
   <div class='ocr_carea' id='block_1_17' title="bbox 140 1459 1675 1535">
    <p class='ocr_par' dir='ltr' id='par_1_17' title="bbox 140 1459 1675 1535">
     <span class='ocr_line' id='line_1_17' title="bbox 140 1459 1675 1535; baseline -0.001 -18"><span class='ocrx_word' id='word_1_109' title='bbox 140 1465 199 1517; x_wconf 82' lang='grc' dir='ltr'>ἂν</span> <span class='ocrx_word' id='word_1_110' title='bbox 226 1459 337 1517; x_wconf 70' lang='grc' dir='ltr'>εἷεν</span> <span class='ocrx_word' id='word_1_111' title='bbox 365 1466 420 1517; x_wconf 83' lang='grc' dir='ltr'><strong>αι</strong></span> <span class='ocrx_word' id='word_1_112' title='bbox 448 1468 641 1517; x_wconf 77' lang='grc' dir='ltr'><strong>οἰκεῖαι</strong></span> <span class='ocrx_word' id='word_1_113' title='bbox 676 1465 1019 1535; x_wconf 73' lang='grc' dir='ltr'><strong>ὑποστάσεις,</strong></span> <span class='ocrx_word' id='word_1_114' title='bbox 1069 1466 1357 1533; x_wconf 78' lang='grc' dir='ltr'>συνάγεται</span> <span class='ocrx_word' id='word_1_115' title='bbox 1389 1465 1497 1535; x_wconf 74' lang='grc' dir='ltr'>ἄρα</span> <span class='ocrx_word' id='word_1_116' title='bbox 1528 1466 1608 1518; x_wconf 82' lang='grc' dir='ltr'>ὅτι</span> <span class='ocrx_word' id='word_1_117' title='bbox 1641 1466 1675 1534; x_wconf 78' lang='grc' dir='ltr'>ἡ</span> 
     </span>
    </p>
   </div>
   <div class='ocr_carea' id='block_1_18' title="bbox 137 1544 1679 1623">
    <p class='ocr_par' dir='ltr' id='par_1_18' title="bbox 137 1544 1679 1623">
     <span class='ocr_line' id='line_1_18' title="bbox 137 1544 1679 1623; baseline 0 -16"><span class='ocrx_word' id='word_1_118' title='bbox 137 1544 433 1621; x_wconf 63' lang='grc' dir='ltr'>θεωίῷύσις</span> <span class='ocrx_word' id='word_1_119' title='bbox 482 1555 631 1623; x_wconf 76' lang='grc' dir='ltr'>κοινὴ</span> <span class='ocrx_word' id='word_1_120' title='bbox 673 1550 837 1615; x_wconf 82' lang='grc' dir='ltr'>οὖσα,</span> <span class='ocrx_word' id='word_1_121' title='bbox 874 1555 1131 1607; x_wconf 87' lang='grc' dir='ltr'>πλειόνων</span> <span class='ocrx_word' id='word_1_122' title='bbox 1166 1556 1512 1608; x_wconf 83' lang='grc' dir='ltr'>ὑποστάσεων</span> <span class='ocrx_word' id='word_1_123' title='bbox 1550 1571 1679 1607; x_wconf 79' lang='grc' dir='ltr'>κατ-</span> 
     </span>
    </p>
   </div>
   <div class='ocr_carea' id='block_1_19' title="bbox 1765 455 3317 537">
    <p class='ocr_par' dir='ltr' id='par_1_19' title="bbox 1765 455 3317 537">
     <span class='ocr_line' id='line_1_19' title="bbox 1765 455 3317 537; baseline -0.001 -20"><span class='ocrx_word' id='word_1_124' title='bbox 1765 466 1892 537; x_wconf 86' lang='lat' dir='ltr'><strong>quid</strong></span> <span class='ocrx_word' id='word_1_125' title='bbox 1920 476 1973 520; x_wconf 88' lang='lat' dir='ltr'><strong>et</strong></span> <span class='ocrx_word' id='word_1_126' title='bbox 2006 465 2309 522; x_wconf 75' lang='lat' dir='ltr'><strong>universale</strong></span> <span class='ocrx_word' id='word_1_127' title='bbox 2333 473 2435 528; x_wconf 89' lang='lat' dir='ltr'><strong>est,</strong></span> <span class='ocrx_word' id='word_1_128' title='bbox 2464 474 2732 534; x_wconf 88' lang='lat' dir='ltr'><strong>quatenus</strong></span> <span class='ocrx_word' id='word_1_129' title='bbox 2753 473 2806 533; x_wconf 81' lang='lat' dir='ltr'><strong>et</strong></span> <span class='ocrx_word' id='word_1_130' title='bbox 2834 455 2950 531; x_wconf 83' lang='lat' dir='ltr'><strong>ipsa</strong></span> <span class='ocrx_word' id='word_1_131' title='bbox 2980 462 3173 517; x_wconf 87' lang='lat' dir='ltr'><strong>natura</strong></span> <span class='ocrx_word' id='word_1_132' title='bbox 3197 471 3317 531; x_wconf 86' lang='lat' dir='ltr'><strong>est;</strong></span> 
     </span>
    </p>
   </div>
   <div class='ocr_carea' id='block_1_20' title="bbox 1767 553 3322 619">
    <p class='ocr_par' dir='ltr' id='par_1_20' title="bbox 1767 553 3322 619">
     <span class='ocr_line' id='line_1_20' title="bbox 1767 553 3322 619; baseline -0.002 -7"><span class='ocrx_word' id='word_1_133' title='bbox 1767 575 1855 614; x_wconf 89' lang='lat' dir='ltr'><strong>res</strong></span> <span class='ocrx_word' id='word_1_134' title='bbox 1895 568 2073 612; x_wconf 89' lang='lat' dir='ltr'><strong>autem</strong></span> <span class='ocrx_word' id='word_1_135' title='bbox 2103 557 2429 619; x_wconf 75' lang='lat' dir='ltr'><strong>communis,</strong></span> <span class='ocrx_word' id='word_1_136' title='bbox 2460 570 2564 610; x_wconf 92' lang='lat' dir='ltr'><strong>non</strong></span> <span class='ocrx_word' id='word_1_137' title='bbox 2601 555 2694 609; x_wconf 87' lang='lat' dir='ltr'><strong>uni</strong></span> <span class='ocrx_word' id='word_1_138' title='bbox 2725 562 2807 608; x_wconf 88' lang='lat' dir='ltr'><strong>est</strong></span> <span class='ocrx_word' id='word_1_139' title='bbox 2829 553 3152 616; x_wconf 87' lang='lat' dir='ltr'><strong>communis,</strong></span> <span class='ocrx_word' id='word_1_140' title='bbox 3179 554 3322 609; x_wconf 87' lang='lat' dir='ltr'><strong>sicut</strong></span> 
     </span>
    </p>
   </div>
   <div class='ocr_carea' id='block_1_21' title="bbox 1769 641 3322 717">
    <p class='ocr_par' dir='ltr' id='par_1_21' title="bbox 1769 641 3322 717">
     <span class='ocr_line' id='line_1_21' title="bbox 1769 641 3322 717; baseline -0.005 -15"><span class='ocrx_word' id='word_1_141' title='bbox 1769 648 1942 717; x_wconf 82' lang='lat' dir='ltr'><strong>angeli</strong></span> <span class='ocrx_word' id='word_1_142' title='bbox 1974 647 2314 715; x_wconf 82' lang='lat' dir='ltr'><strong>hominisque</strong></span> <span class='ocrx_word' id='word_1_143' title='bbox 2344 654 2556 711; x_wconf 88' lang='lat' dir='ltr'><strong>natura,</strong></span> <span class='ocrx_word' id='word_1_144' title='bbox 2594 660 2700 698; x_wconf 89' lang='lat' dir='ltr'><strong>non</strong></span> <span class='ocrx_word' id='word_1_145' title='bbox 2733 654 2815 697; x_wconf 89' lang='lat' dir='ltr'><strong>est</strong></span> <span class='ocrx_word' id='word_1_146' title='bbox 2845 642 3030 705; x_wconf 89' lang='lat' dir='ltr'><strong>unius,</strong></span> <span class='ocrx_word' id='word_1_147' title='bbox 3059 641 3153 696; x_wconf 91' lang='lat' dir='ltr'><strong>sed</strong></span> <span class='ocrx_word' id='word_1_148' title='bbox 3200 643 3322 709; x_wconf 87' lang='lat' dir='ltr'><strong>plu-</strong></span> 
     </span>
    </p>
   </div>
   <div class='ocr_carea' id='block_1_22' title="bbox 1769 736 3327 811">
    <p class='ocr_par' dir='ltr' id='par_1_22' title="bbox 1769 736 3327 811">
     <span class='ocr_line' id='line_1_22' title="bbox 1769 736 3327 811; baseline -0.004 -13"><span class='ocrx_word' id='word_1_149' title='bbox 1769 745 1947 811; x_wconf 82' lang='lat' dir='ltr'><strong>rium;</strong></span> <span class='ocrx_word' id='word_1_150' title='bbox 1975 755 2127 808; x_wconf 69' lang='lat' dir='ltr'><strong>seque</strong></span> <span class='ocrx_word' id='word_1_151' title='bbox 2145 757 2208 795; x_wconf 89' lang='lat' dir='ltr'><strong>ac</strong></span> <span class='ocrx_word' id='word_1_152' title='bbox 2225 741 2549 806; x_wconf 66' lang='lat' dir='ltr'><strong>universalis</strong></span> <span class='ocrx_word' id='word_1_153' title='bbox 2574 755 2661 793; x_wconf 89' lang='lat' dir='ltr'><strong>res</strong></span> <span class='ocrx_word' id='word_1_154' title='bbox 2678 740 2744 794; x_wconf 91' lang='lat' dir='ltr'><strong>de</strong></span> <span class='ocrx_word' id='word_1_155' title='bbox 2760 739 3004 807; x_wconf 78' lang='lat' dir='ltr'><strong>pluribus</strong></span> <span class='ocrx_word' id='word_1_156' title='bbox 3024 736 3240 802; x_wconf 89' lang='lat' dir='ltr'><strong>dicitur,</strong></span> <span class='ocrx_word' id='word_1_157' title='bbox 3265 744 3327 791; x_wconf 85' lang='lat' dir='ltr'><strong>ut</strong></span> 
     </span>
    </p>
   </div>
   <div class='ocr_carea' id='block_1_23' title="bbox 1772 820 3327 906">
    <p class='ocr_par' dir='ltr' id='par_1_23' title="bbox 1772 820 3327 906">
     <span class='ocr_line' id='line_1_23' title="bbox 1772 820 3327 906; baseline -0.006 -16"><span class='ocrx_word' id='word_1_158' title='bbox 1772 838 1955 906; x_wconf 69' lang='lat' dir='ltr'><strong>logicae</strong></span> <span class='ocrx_word' id='word_1_159' title='bbox 1978 836 2174 905; x_wconf 69' lang='lat' dir='ltr'><strong>regulae</strong></span> <span class='ocrx_word' id='word_1_160' title='bbox 2194 834 2413 887; x_wconf 83' lang='lat' dir='ltr'><strong>tradunt</strong></span> <span class='ocrx_word' id='word_1_161' title='bbox 2435 831 2457 897; x_wconf 67' lang='grc' dir='ltr'><em>ξ</em></span> <span class='ocrx_word' id='word_1_162' title='bbox 2482 839 2629 901; x_wconf 87' lang='lat' dir='ltr'><strong>patet</strong></span> <span class='ocrx_word' id='word_1_163' title='bbox 2652 830 2833 898; x_wconf 83' lang='lat' dir='ltr'><strong>utique</strong></span> <span class='ocrx_word' id='word_1_164' title='bbox 2853 820 3087 884; x_wconf 79' lang='lat' dir='ltr'><strong>divinam</strong></span> <span class='ocrx_word' id='word_1_165' title='bbox 3112 840 3327 897; x_wconf 89' lang='lat' dir='ltr'><strong>quoque</strong></span> 
     </span>
    </p>
   </div>
   <div class='ocr_carea' id='block_1_24' title="bbox 1774 920 3332 997">
    <p class='ocr_par' dir='ltr' id='par_1_24' title="bbox 1774 920 3332 997">
     <span class='ocr_line' id='line_1_24' title="bbox 1774 920 3332 997; baseline -0.006 -15"><span class='ocrx_word' id='word_1_166' title='bbox 1774 941 2019 983; x_wconf 86' lang='lat' dir='ltr'><strong>naturam</strong></span> <span class='ocrx_word' id='word_1_167' title='bbox 2062 927 2298 997; x_wconf 88' lang='lat' dir='ltr'><strong>plurium</strong></span> <span class='ocrx_word' id='word_1_168' title='bbox 2338 938 2477 985; x_wconf 87' lang='lat' dir='ltr'><strong>esse,</strong></span> <span class='ocrx_word' id='word_1_169' title='bbox 2535 921 2970 991; x_wconf 83' lang='lat' dir='ltr'><strong>quandoquidem</strong></span> <span class='ocrx_word' id='word_1_170' title='bbox 3027 920 3332 976; x_wconf 82' lang='lat' dir='ltr'><strong>communis</strong></span> 
     </span>
    </p>
   </div>
   <div class='ocr_carea' id='block_1_25' title="bbox 1776 1010 3271 1086">
    <p class='ocr_par' dir='ltr' id='par_1_25' title="bbox 1776 1010 3271 1086">
     <span class='ocr_line' id='line_1_25' title="bbox 1776 1010 3271 1086; baseline -0.004 -15"><span class='ocrx_word' id='word_1_171' title='bbox 1776 1019 2207 1086; x_wconf 80' lang='lat' dir='ltr'><strong>universalisque</strong></span> <span class='ocrx_word' id='word_1_172' title='bbox 2229 1031 2312 1069; x_wconf 88' lang='lat' dir='ltr'><strong>res</strong></span> <span class='ocrx_word' id='word_1_173' title='bbox 2337 1025 2439 1068; x_wconf 90' lang='lat' dir='ltr'><strong>est.</strong></span> <span class='ocrx_word' id='word_1_174' title='bbox 2473 1013 2585 1065; x_wconf 86' lang='lat' dir='ltr'><strong>Hoc</strong></span> <span class='ocrx_word' id='word_1_175' title='bbox 2610 1010 2754 1064; x_wconf 87' lang='lat' dir='ltr'><strong>enim</strong></span> <span class='ocrx_word' id='word_1_176' title='bbox 2794 1019 2879 1065; x_wconf 90' lang='lat' dir='ltr'><strong>est</strong></span> <span class='ocrx_word' id='word_1_177' title='bbox 2911 1012 2963 1063; x_wconf 90' lang='lat' dir='ltr'><strong>in</strong></span> <span class='ocrx_word' id='word_1_178' title='bbox 3002 1012 3271 1065; x_wconf 81' lang='lat' dir='ltr'><strong>confesso.</strong></span> 
     </span>
    </p>
   </div>
   <div class='ocr_carea' id='block_1_26' title="bbox 1844 1100 3325 1174">
    <p class='ocr_par' dir='ltr' id='par_1_26' title="bbox 1844 1100 3325 1174">
     <span class='ocr_line' id='line_1_26' title="bbox 1844 1100 3325 1174; baseline -0.007 -12"><span class='ocrx_word' id='word_1_179' title='bbox 1844 1110 1934 1164; x_wconf 73' lang='lat'><strong>25.</strong></span> <span class='ocrx_word' id='word_1_180' title='bbox 1969 1108 2234 1174; x_wconf 80' lang='lat' dir='ltr'><strong>Quoniam</strong></span> <span class='ocrx_word' id='word_1_181' title='bbox 2280 1106 2463 1173; x_wconf 92' lang='lat' dir='ltr'><strong>itaque</strong></span> <span class='ocrx_word' id='word_1_182' title='bbox 2494 1103 2673 1156; x_wconf 80' lang='lat' dir='ltr'><strong>divina</strong></span> <span class='ocrx_word' id='word_1_183' title='bbox 2716 1111 2909 1157; x_wconf 86' lang='lat' dir='ltr'><strong>natura</strong></span> <span class='ocrx_word' id='word_1_184' title='bbox 2945 1100 3180 1169; x_wconf 87' lang='lat' dir='ltr'><strong>plurium</strong></span> <span class='ocrx_word' id='word_1_185' title='bbox 3216 1107 3325 1165; x_wconf 89' lang='lat' dir='ltr'><strong>est,</strong></span> 
     </span>
    </p>
   </div>
   <div class='ocr_carea' id='block_1_27' title="bbox 1731 1193 3335 1270">
    <p class='ocr_par' dir='ltr' id='par_1_27' title="bbox 1731 1193 3335 1270">
     <span class='ocr_line' id='line_1_27' title="bbox 1731 1193 3335 1270; baseline -0.008 -14"><span class='ocrx_word' id='word_1_186' title='bbox 1731 1250 1740 1259; x_wconf 82' lang='lat'><strong><em>,</em></strong></span> <span class='ocrx_word' id='word_1_187' title='bbox 1778 1209 1961 1270; x_wconf 90' lang='lat' dir='ltr'><strong>utpote</strong></span> <span class='ocrx_word' id='word_1_188' title='bbox 1992 1213 2111 1268; x_wconf 71' lang='lat' dir='ltr'><strong>quae</strong></span> <span class='ocrx_word' id='word_1_189' title='bbox 2141 1195 2448 1251; x_wconf 86' lang='lat' dir='ltr'><strong>communis</strong></span> <span class='ocrx_word' id='word_1_190' title='bbox 2472 1193 2901 1260; x_wconf 89' lang='lat' dir='ltr'><strong>universalisqne</strong></span> <span class='ocrx_word' id='word_1_191' title='bbox 2928 1206 3015 1244; x_wconf 87' lang='lat' dir='ltr'><strong>res</strong></span> <span class='ocrx_word' id='word_1_192' title='bbox 3043 1199 3158 1255; x_wconf 83' lang='lat' dir='ltr'><strong>est;</strong></span> <span class='ocrx_word' id='word_1_193' title='bbox 3194 1205 3335 1244; x_wconf 86' lang='lat' dir='ltr'><strong>una-</strong></span> 
     </span>
    </p>
   </div>
   <div class='ocr_carea' id='block_1_28' title="bbox 1768 1282 3335 1361">
    <p class='ocr_par' dir='ltr' id='par_1_28' title="bbox 1768 1282 3335 1361">
     <span class='ocr_line' id='line_1_28' title="bbox 1768 1282 3335 1361; baseline -0.009 -14"><span class='ocrx_word' id='word_1_194' title='bbox 1768 1306 2002 1361; x_wconf 65' lang='lat' dir='ltr'><strong>quaeque</strong></span> <span class='ocrx_word' id='word_1_195' title='bbox 2040 1301 2219 1344; x_wconf 86' lang='lat' dir='ltr'><strong>autem</strong></span> <span class='ocrx_word' id='word_1_196' title='bbox 2274 1294 2461 1341; x_wconf 86' lang='lat' dir='ltr'><strong>natura</strong></span> <span class='ocrx_word' id='word_1_197' title='bbox 2506 1294 2689 1354; x_wconf 85' lang='lat' dir='ltr'><strong>utpote</strong></span> <span class='ocrx_word' id='word_1_198' title='bbox 2746 1282 3052 1339; x_wconf 74' lang='lat' dir='ltr'><strong>communis</strong></span> <span class='ocrx_word' id='word_1_199' title='bbox 3109 1291 3163 1335; x_wconf 90' lang='grc' dir='ltr'><strong>ει</strong></span> <span class='ocrx_word' id='word_1_200' title='bbox 3212 1282 3335 1334; x_wconf 87' lang='lat' dir='ltr'><strong>uni-</strong></span> 
     </span>
    </p>
   </div>
   <div class='ocr_carea' id='block_1_29' title="bbox 1777 1365 3336 1444">
    <p class='ocr_par' dir='ltr' id='par_1_29' title="bbox 1777 1365 3336 1444">
     <span class='ocr_line' id='line_1_29' title="bbox 1777 1365 3336 1444; baseline -0.006 -9"><span class='ocrx_word' id='word_1_201' title='bbox 1777 1381 2027 1441; x_wconf 76' lang='lat' dir='ltr'><strong>versalis,</strong></span> <span class='ocrx_word' id='word_1_202' title='bbox 2052 1379 2195 1434; x_wconf 82' lang='lat' dir='ltr'><strong>haud</strong></span> <span class='ocrx_word' id='word_1_203' title='bbox 2228 1365 2323 1432; x_wconf 60' lang='lat' dir='ltr'><strong>illi</strong></span> <span class='ocrx_word' id='word_1_204' title='bbox 2379 1378 2632 1444; x_wconf 81' lang='lat' dir='ltr'><strong>cuiquam</strong></span> <span class='ocrx_word' id='word_1_205' title='bbox 2678 1365 2994 1429; x_wconf 66' lang='lat' dir='ltr'><strong>eorumunis</strong></span> <span class='ocrx_word' id='word_1_206' title='bbox 3047 1382 3130 1427; x_wconf 88' lang='lat' dir='ltr'><strong>est</strong></span> <span class='ocrx_word' id='word_1_207' title='bbox 3172 1386 3336 1439; x_wconf 83' lang='lat' dir='ltr'><strong>quam</strong></span> 
     </span>
    </p>
   </div>
   <div class='ocr_carea' id='block_1_30' title="bbox 1791 1463 3338 1538">
    <p class='ocr_par' dir='ltr' id='par_1_30' title="bbox 1791 1463 3338 1538">
     <span class='ocr_line' id='line_1_30' title="bbox 1791 1463 3338 1538; baseline -0.007 -11"><span class='ocrx_word' id='word_1_208' title='bbox 1791 1471 1904 1527; x_wconf 85' lang='lat' dir='ltr'><strong>illis</strong></span> <span class='ocrx_word' id='word_1_209' title='bbox 1927 1472 1980 1525; x_wconf 92' lang='lat' dir='ltr'><strong>in</strong></span> <span class='ocrx_word' id='word_1_210' title='bbox 2017 1470 2214 1538; x_wconf 87' lang='lat' dir='ltr'><strong>quibus</strong></span> <span class='ocrx_word' id='word_1_211' title='bbox 2244 1478 2542 1537; x_wconf 84' lang='lat' dir='ltr'><strong>spectatur,</strong></span> <span class='ocrx_word' id='word_1_212' title='bbox 2578 1467 2772 1531; x_wconf 83' lang='lat' dir='ltr'><strong>idest,</strong></span> <span class='ocrx_word' id='word_1_213' title='bbox 2796 1463 3029 1535; x_wconf 77' lang='lat' dir='ltr'><strong>propriis</strong></span> <span class='ocrx_word' id='word_1_214' title='bbox 3059 1464 3338 1533; x_wconf 80' lang='lat' dir='ltr'><strong>personis;</strong></span> 
     </span>
    </p>
   </div>
   <div class='ocr_carea' id='block_1_31' title="bbox 1782 1555 3337 1629">
    <p class='ocr_par' dir='ltr' id='par_1_31' title="bbox 1782 1555 3337 1629">
     <span class='ocr_line' id='line_1_31' title="bbox 1782 1555 3337 1629; baseline -0.004 -13"><span class='ocrx_word' id='word_1_215' title='bbox 1782 1562 2137 1629; x_wconf 89' lang='lat' dir='ltr'><strong>consequitur</strong></span> <span class='ocrx_word' id='word_1_216' title='bbox 2180 1569 2238 1614; x_wconf 91' lang='lat' dir='ltr'><strong>ut</strong></span> <span class='ocrx_word' id='word_1_217' title='bbox 2270 1559 2450 1613; x_wconf 88' lang='lat' dir='ltr'><strong>divina</strong></span> <span class='ocrx_word' id='word_1_218' title='bbox 2490 1567 2677 1611; x_wconf 87' lang='lat' dir='ltr'><strong>natura</strong></span> <span class='ocrx_word' id='word_1_219' title='bbox 2707 1572 2828 1625; x_wconf 73' lang='lat' dir='ltr'><strong>quae</strong></span> <span class='ocrx_word' id='word_1_220' title='bbox 2872 1555 3178 1610; x_wconf 82' lang='lat' dir='ltr'><strong>communis</strong></span> <span class='ocrx_word' id='word_1_221' title='bbox 3230 1565 3337 1617; x_wconf 84' lang='lat' dir='ltr'><strong>est.</strong></span> 
     </span>
    </p>
   </div>
   <div class='ocr_carea' id='block_1_32' title="bbox 135 1634 1693 1719">
    <p class='ocr_par' dir='ltr' id='par_1_32' title="bbox 135 1634 1681 1719">
     <span class='ocr_line' id='line_1_32' title="bbox 135 1634 1681 1719; baseline -0.004 -22"><span class='ocrx_word' id='word_1_222' title='bbox 135 1648 427 1715; x_wconf 72' lang='grc' dir='ltr'>ηγορεῖται,</span> <span class='ocrx_word' id='word_1_223' title='bbox 458 1644 553 1696; x_wconf 79' lang='grc' dir='ltr'><strong>καὶ</strong></span> <span class='ocrx_word' id='word_1_224' title='bbox 573 1646 629 1695; x_wconf 84' lang='grc' dir='ltr'>ὲν</span> <span class='ocrx_word' id='word_1_225' title='bbox 658 1642 867 1697; x_wconf 81' lang='grc' dir='ltr'>πλείοσι</span> <span class='ocrx_word' id='word_1_226' title='bbox 895 1634 1195 1713; x_wconf 81' lang='grc' dir='ltr'>θεωρεῖται·</span> <span class='ocrx_word' id='word_1_227' title='bbox 1225 1648 1360 1714; x_wconf 81' lang='grc' dir='ltr'>ὅπερ</span> <span class='ocrx_word' id='word_1_228' title='bbox 1380 1646 1526 1697; x_wconf 74' lang='grc' dir='ltr'>ἐστὶν</span> <span class='ocrx_word' id='word_1_229' title='bbox 1550 1644 1681 1719; x_wconf 81' lang='grc' dir='ltr'>ἀλη..</span> 
     </span>
    </p>
   </div>
   <div class='ocr_carea' id='block_1_33' title="bbox 1795 1634 3343 1719">
    <p class='ocr_par' dir='ltr' id='par_1_33' title="bbox 1795 1644 3343 1719">
     <span class='ocr_line' id='line_1_33' title="bbox 1795 1644 3343 1719; baseline -0.006 -12"><span class='ocrx_word' id='word_1_230' title='bbox 1795 1653 1851 1707; x_wconf 72' lang='lat' dir='ltr'><strong>ie</strong></span> <span class='ocrx_word' id='word_1_231' title='bbox 1908 1646 2150 1719; x_wconf 84' lang='lat' dir='ltr'><strong>pluribus</strong></span> <span class='ocrx_word' id='word_1_232' title='bbox 2203 1649 2451 1718; x_wconf 87' lang='lat' dir='ltr'><strong>personis</strong></span> <span class='ocrx_word' id='word_1_233' title='bbox 2504 1648 2853 1716; x_wconf 65' lang='lat' dir='ltr'><strong>praedicetur.</strong></span> <span class='ocrx_word' id='word_1_234' title='bbox 2911 1656 2965 1698; x_wconf 87' lang='lat' dir='ltr'><strong>et</strong></span> <span class='ocrx_word' id='word_1_235' title='bbox 3009 1646 3062 1698; x_wconf 92' lang='lat' dir='ltr'><strong>in</strong></span> <span class='ocrx_word' id='word_1_236' title='bbox 3084 1644 3343 1714; x_wconf 73' lang='lat' dir='ltr'><strong>pluribus</strong></span> 
     </span>
    </p>
   </div>
   <div class='ocr_carea' id='block_1_34' title="bbox 140 1714 1693 1812">
    <p class='ocr_par' dir='ltr' id='par_1_34' title="bbox 140 1714 1676 1803">
     <span class='ocr_line' id='line_1_34' title="bbox 140 1714 1676 1803; baseline 0.001 -18"><span class='ocrx_word' id='word_1_237' title='bbox 140 1714 292 1797; x_wconf 73' lang='grc' dir='ltr'>θῐνὺν,</span> <span class='ocrx_word' id='word_1_238' title='bbox 323 1736 562 1796; x_wconf 59' lang='lat' dir='ltr'><strong>mimi;</strong></span> <span class='ocrx_word' id='word_1_239' title='bbox 602 1734 901 1802; x_wconf 80' lang='grc' dir='ltr'>Γραφικαῖς</span> <span class='ocrx_word' id='word_1_240' title='bbox 934 1734 1159 1797; x_wconf 72' lang='grc' dir='ltr'>ἐννοίαις</span> <span class='ocrx_word' id='word_1_241' title='bbox 1199 1736 1442 1803; x_wconf 80' lang='grc' dir='ltr'>συνᾷδον.</span> <span class='ocrx_word' id='word_1_242' title='bbox 1498 1734 1559 1787; x_wconf 83' lang='lat' dir='ltr'><strong>El</strong></span> <span class='ocrx_word' id='word_1_243' title='bbox 1585 1716 1676 1798; x_wconf 71' lang='grc' dir='ltr'>οὖν</span> 
     </span>
    </p>
   </div>
   <div class='ocr_carea' id='block_1_35' title="bbox 1795 1714 3341 1812">
    <p class='ocr_par' dir='ltr' id='par_1_35' title="bbox 1795 1714 3341 1812">
     <span class='ocr_line' id='line_1_35' title="bbox 1795 1714 3341 1812; baseline -0.006 -15"><span class='ocrx_word' id='word_1_244' title='bbox 1795 1714 2383 1807; x_wconf 50' lang='grc' dir='ltr'>εοηεῑᾶει-ειιιιοίιιυοό</span> <span class='ocrx_word' id='word_1_245' title='bbox 2447 1714 2635 1804; x_wconf 77' lang='lat' dir='ltr'><strong>reapse</strong></span> <span class='ocrx_word' id='word_1_246' title='bbox 2682 1749 2867 1788; x_wconf 87' lang='lat' dir='ltr'><strong>verum</strong></span> <span class='ocrx_word' id='word_1_247' title='bbox 2923 1744 3023 1812; x_wconf 84' lang='lat' dir='ltr'><strong>est,</strong></span> <span class='ocrx_word' id='word_1_248' title='bbox 3049 1744 3109 1788; x_wconf 89' lang='lat' dir='ltr'><strong>.et</strong></span> <span class='ocrx_word' id='word_1_249' title='bbox 3137 1733 3341 1788; x_wconf 78' lang='lat' dir='ltr'><strong>divinis</strong></span> 
     </span>
    </p>
   </div>
   <div class='ocr_carea' id='block_1_36' title="bbox 136 1820 1685 1896">
    <p class='ocr_par' dir='ltr' id='par_1_36' title="bbox 136 1820 1685 1896">
     <span class='ocr_line' id='line_1_36' title="bbox 136 1820 1685 1896; baseline 0.001 -21"><span class='ocrx_word' id='word_1_250' title='bbox 136 1823 192 1875; x_wconf 75' lang='grc' dir='ltr'>ἓν</span> <span class='ocrx_word' id='word_1_251' title='bbox 218 1824 393 1896; x_wconf 69' lang='grc' dir='ltr'>μὶντῇ</span> <span class='ocrx_word' id='word_1_252' title='bbox 418 1824 595 1891; x_wconf 82' lang='grc' dir='ltr'>φύσει,</span> <span class='ocrx_word' id='word_1_253' title='bbox 622 1823 790 1877; x_wconf 81' lang='grc' dir='ltr'>πολλὰ</span> <span class='ocrx_word' id='word_1_254' title='bbox 815 1824 871 1876; x_wconf 72' lang='grc' dir='ltr'><strong>δὲ</strong></span> <span class='ocrx_word' id='word_1_255' title='bbox 891 1826 1008 1886; x_wconf 78' lang='grc' dir='ltr'>ταῖς</span> <span class='ocrx_word' id='word_1_256' title='bbox 1026 1824 1311 1894; x_wconf 35' lang='grc' dir='ltr'>νίδιότησιν,</span> <span class='ocrx_word' id='word_1_257' title='bbox 1338 1823 1425 1895; x_wconf 68' lang='grc' dir='ltr'><strong>ἦτ’</strong></span> <span class='ocrx_word' id='word_1_258' title='bbox 1453 1820 1545 1877; x_wconf 84' lang='grc' dir='ltr'>οὖν</span> <span class='ocrx_word' id='word_1_259' title='bbox 1565 1827 1685 1888; x_wconf 85' lang='grc' dir='ltr'>ταῖς</span> 
     </span>
    </p>
   </div>
   <div class='ocr_carea' id='block_1_37' title="bbox 142 1913 1684 1984">
    <p class='ocr_par' dir='ltr' id='par_1_37' title="bbox 142 1913 1684 1984">
     <span class='ocr_line' id='line_1_37' title="bbox 142 1913 1684 1984; baseline 0 -19"><span class='ocrx_word' id='word_1_260' title='bbox 142 1914 511 1975; x_wconf 81' lang='grc' dir='ltr'>ὑποστάσεσιν,</span> <span class='ocrx_word' id='word_1_261' title='bbox 544 1917 573 1968; x_wconf 83' lang='grc' dir='ltr'><strong>ὁ</strong></span> <span class='ocrx_word' id='word_1_262' title='bbox 608 1915 763 1983; x_wconf 83' lang='grc' dir='ltr'>λόγος</span> <span class='ocrx_word' id='word_1_263' title='bbox 792 1913 989 1978; x_wconf 69' lang='grc' dir='ltr'>ἔδειξεν</span> <span class='ocrx_word' id='word_1_264' title='bbox 1034 1916 1250 1984; x_wconf 80' lang='grc' dir='ltr'>ἀληθὲς,</span> <span class='ocrx_word' id='word_1_265' title='bbox 1303 1914 1531 1982; x_wconf 80' lang='grc' dir='ltr'>φανερὸν</span> <span class='ocrx_word' id='word_1_266' title='bbox 1577 1915 1684 1983; x_wconf 77' lang='grc' dir='ltr'>ἄρα</span> 
     </span>
    </p>
   </div>
   <div class='ocr_carea' id='block_1_38' title="bbox 136 2004 1686 2077">
    <p class='ocr_par' dir='ltr' id='par_1_38' title="bbox 136 2004 1686 2077">
     <span class='ocr_line' id='line_1_38' title="bbox 136 2004 1686 2077; baseline -0.003 -17"><span class='ocrx_word' id='word_1_267' title='bbox 136 2010 210 2061; x_wconf 78' lang='grc' dir='ltr'>ὅτι</span> <span class='ocrx_word' id='word_1_268' title='bbox 242 2008 301 2060; x_wconf 85' lang='grc' dir='ltr'>τὸ</span> <span class='ocrx_word' id='word_1_269' title='bbox 320 2008 382 2061; x_wconf 77' lang='grc' dir='ltr'><strong>ιν</strong></span> <span class='ocrx_word' id='word_1_270' title='bbox 410 2009 508 2076; x_wconf 80' lang='grc' dir='ltr'><strong>μὲν</strong></span> <span class='ocrx_word' id='word_1_271' title='bbox 534 2006 781 2077; x_wconf 67' lang='grc' dir='ltr'><strong>⁸τῇφύσει</strong></span> <span class='ocrx_word' id='word_1_272' title='bbox 819 2008 919 2059; x_wconf 70' lang='grc' dir='ltr'><strong>καὶ</strong></span> <span class='ocrx_word' id='word_1_273' title='bbox 952 2008 1018 2075; x_wconf 80' lang='grc' dir='ltr'><strong>τῇ</strong></span> <span class='ocrx_word' id='word_1_274' title='bbox 1050 2006 1344 2064; x_wconf 77' lang='grc' dir='ltr'>ὑποστάσει</span> <span class='ocrx_word' id='word_1_275' title='bbox 1384 2004 1686 2073; x_wconf 80' lang='grc' dir='ltr'>ἀπελήλεγ-</span> 
     </span>
    </p>
   </div>
   <div class='ocr_carea' id='block_1_39' title="bbox 139 2090 1707 2173">
    <p class='ocr_par' dir='ltr' id='par_1_39' title="bbox 139 2090 1707 2173">
     <span class='ocr_line' id='line_1_39' title="bbox 139 2090 1707 2173; baseline -0.003 -21"><span class='ocrx_word' id='word_1_276' title='bbox 139 2113 282 2152; x_wconf 76' lang='grc' dir='ltr'>κται·</span> <span class='ocrx_word' id='word_1_277' title='bbox 319 2102 367 2152; x_wconf 83' lang='grc' dir='ltr'><strong>εί</strong></span> <span class='ocrx_word' id='word_1_278' title='bbox 401 2100 458 2152; x_wconf 81' lang='grc' dir='ltr'><strong>δὲ</strong></span> <span class='ocrx_word' id='word_1_279' title='bbox 490 2102 523 2169; x_wconf 82' lang='grc' dir='ltr'><strong>ἡ</strong></span> <span class='ocrx_word' id='word_1_280' title='bbox 551 2098 667 2152; x_wconf 85' lang='grc' dir='ltr'>θεία</span> <span class='ocrx_word' id='word_1_281' title='bbox 713 2099 805 2152; x_wconf 68' lang='grc' dir='ltr'><strong>καὶ</strong></span> <span class='ocrx_word' id='word_1_282' title='bbox 843 2098 1083 2173; x_wconf 63' lang='grc' dir='ltr'>μακαρία</span> <span class='ocrx_word' id='word_1_283' title='bbox 1123 2096 1283 2165; x_wconf 85' lang='grc' dir='ltr'>φύσις</span> <span class='ocrx_word' id='word_1_284' title='bbox 1319 2099 1385 2166; x_wconf 74' lang='grc' dir='ltr'>τῇ</span> <span class='ocrx_word' id='word_1_285' title='bbox 1414 2096 1574 2163; x_wconf 84' lang='grc' dir='ltr'>φύσει</span> <span class='ocrx_word' id='word_1_286' title='bbox 1604 2090 1707 2157; x_wconf 59' lang='grc' dir='ltr'>ἓν,</span> 
     </span>
    </p>
   </div>
   <div class='ocr_carea' id='block_1_40' title="bbox 142 2181 1689 2257">
    <p class='ocr_par' dir='ltr' id='par_1_40' title="bbox 142 2181 1689 2257">
     <span class='ocr_line' id='line_1_40' title="bbox 142 2181 1689 2257; baseline -0.003 -15"><span class='ocrx_word' id='word_1_287' title='bbox 142 2190 299 2254; x_wconf 67' lang='grc' dir='ltr'>πολλὰ</span> <span class='ocrx_word' id='word_1_288' title='bbox 326 2189 386 2241; x_wconf 80' lang='grc' dir='ltr'><strong>δὲ</strong></span> <span class='ocrx_word' id='word_1_289' title='bbox 414 2192 533 2252; x_wconf 81' lang='grc' dir='ltr'>ταῖς</span> <span class='ocrx_word' id='word_1_290' title='bbox 562 2189 918 2243; x_wconf 83' lang='grc' dir='ltr'>ὑποστάσεσιν</span> <span class='ocrx_word' id='word_1_291' title='bbox 945 2190 1002 2239; x_wconf 83' lang='grc' dir='ltr'>ὲν</span> <span class='ocrx_word' id='word_1_292' title='bbox 1031 2181 1116 2248; x_wconf 72' lang='grc' dir='ltr'>αἷς</span> <span class='ocrx_word' id='word_1_293' title='bbox 1144 2187 1427 2257; x_wconf 78' lang='grc' dir='ltr'>θεωρεῖται</span> <span class='ocrx_word' id='word_1_294' title='bbox 1470 2186 1545 2249; x_wconf 82' lang='grc' dir='ltr'>ὡς</span> <span class='ocrx_word' id='word_1_295' title='bbox 1575 2202 1689 2239; x_wconf 81' lang='grc' dir='ltr'>κοι-</span> 
     </span>
    </p>
   </div>
   <div class='ocr_carea' id='block_1_41' title="bbox 140 2267 1689 2350">
    <p class='ocr_par' dir='ltr' id='par_1_41' title="bbox 140 2267 1689 2350">
     <span class='ocr_line' id='line_1_41' title="bbox 140 2267 1689 2350; baseline -0.003 -18"><span class='ocrx_word' id='word_1_296' title='bbox 140 2282 222 2333; x_wconf 61' lang='grc' dir='ltr'><strong>νόν</strong></span> <span class='ocrx_word' id='word_1_297' title='bbox 243 2298 292 2332; x_wconf 92' lang='grc' dir='ltr'><strong>τι</strong></span> <span class='ocrx_word' id='word_1_298' title='bbox 320 2280 412 2332; x_wconf 71' lang='grc' dir='ltr'><strong>καὶ</strong></span> <span class='ocrx_word' id='word_1_299' title='bbox 436 2267 719 2332; x_wconf 81' lang='grc' dir='ltr'>καθολικὸν</span> <span class='ocrx_word' id='word_1_300' title='bbox 750 2280 978 2350; x_wconf 79' lang='grc' dir='ltr'>πρᾶγμα</span> <span class='ocrx_word' id='word_1_301' title='bbox 998 2272 1149 2340; x_wconf 79' lang='grc' dir='ltr'>οὖσα,</span> <span class='ocrx_word' id='word_1_302' title='bbox 1171 2275 1611 2346; x_wconf 79' lang='grc' dir='ltr'>ὑπεραναϐἐὸηκε</span> <span class='ocrx_word' id='word_1_303' title='bbox 1633 2275 1689 2327; x_wconf 73' lang='grc' dir='ltr'><strong>δὲ</strong></span> 
     </span>
    </p>
   </div>
   <div class='ocr_carea' id='block_1_42' title="bbox 143 2368 1692 2439">
    <p class='ocr_par' dir='ltr' id='par_1_42' title="bbox 143 2368 1692 2439">
     <span class='ocr_line' id='line_1_42' title="bbox 143 2368 1692 2439; baseline -0.003 -17"><span class='ocrx_word' id='word_1_304' title='bbox 143 2371 311 2439; x_wconf 71' lang='grc' dir='ltr'>πάσης</span> <span class='ocrx_word' id='word_1_305' title='bbox 336 2371 817 2438; x_wconf 78' lang='grc' dir='ltr'>κτιστῆςφύσεως,</span> <span class='ocrx_word' id='word_1_306' title='bbox 848 2368 941 2421; x_wconf 75' lang='grc' dir='ltr'><strong>καὶ</strong></span> <span class='ocrx_word' id='word_1_307' title='bbox 970 2368 1167 2437; x_wconf 77' lang='grc' dir='ltr'>μᾶλλον</span> <span class='ocrx_word' id='word_1_308' title='bbox 1187 2368 1274 2436; x_wconf 18' lang='grc' dir='ltr'>’τῷ</span> <span class='ocrx_word' id='word_1_309' title='bbox 1305 2368 1382 2419; x_wconf 76' lang='grc' dir='ltr'><strong>ἐνὶ</strong></span> <span class='ocrx_word' id='word_1_310' title='bbox 1418 2383 1692 2436; x_wconf 85' lang='grc' dir='ltr'>χαρακτη-</span> 
     </span>
    </p>
   </div>
   <div class='ocr_carea' id='block_1_43' title="bbox 142 2446 1693 2533">
    <p class='ocr_par' dir='ltr' id='par_1_43' title="bbox 142 2446 1693 2533">
     <span class='ocr_line' id='line_1_43' title="bbox 142 2446 1693 2533; baseline -0.006 -17"><span class='ocrx_word' id='word_1_311' title='bbox 142 2461 417 2532; x_wconf 79' lang='grc' dir='ltr'>ριζομένη,</span> <span class='ocrx_word' id='word_1_312' title='bbox 468 2446 609 2533; x_wconf 68' lang='grc' dir='ltr'>ἢπερ</span> <span class='ocrx_word' id='word_1_313' title='bbox 652 2463 709 2514; x_wconf 80' lang='grc' dir='ltr'>ὲν</span> <span class='ocrx_word' id='word_1_314' title='bbox 754 2463 866 2523; x_wconf 77' lang='grc' dir='ltr'>τοῖς</span> <span class='ocrx_word' id='word_1_315' title='bbox 896 2459 1135 2512; x_wconf 75' lang='grc' dir='ltr'>πλείοσιν</span> <span class='ocrx_word' id='word_1_316' title='bbox 1154 2473 1170 2487; x_wconf 82' lang='grc'><strong><em>⁸</em></strong></span> <span class='ocrx_word' id='word_1_317' title='bbox 1203 2458 1298 2511; x_wconf 75' lang='grc' dir='ltr'><strong>καὶ</strong></span> <span class='ocrx_word' id='word_1_318' title='bbox 1326 2456 1433 2527; x_wconf 82' lang='grc' dir='ltr'>γὰρ</span> <span class='ocrx_word' id='word_1_319' title='bbox 1466 2454 1693 2527; x_wconf 80' lang='grc' dir='ltr'>βραχεῖά</span> 
     </span>
    </p>
   </div>
   <div class='ocr_carea' id='block_1_44' title="bbox 142 2538 1687 2625">
    <p class='ocr_par' dir='ltr' id='par_1_44' title="bbox 142 2538 1687 2625">
     <span class='ocr_line' id='line_1_44' title="bbox 142 2538 1687 2625; baseline -0.006 -18"><span class='ocrx_word' id='word_1_320' title='bbox 142 2568 251 2616; x_wconf 72' lang='grc' dir='ltr'>τως</span> <span class='ocrx_word' id='word_1_321' title='bbox 278 2553 376 2607; x_wconf 74' lang='grc' dir='ltr'><strong>καὶ</strong></span> <span class='ocrx_word' id='word_1_322' title='bbox 402 2554 616 2625; x_wconf 79' lang='grc' dir='ltr'>ἀμυδρά</span> <span class='ocrx_word' id='word_1_323' title='bbox 640 2556 695 2604; x_wconf 81' lang='grc' dir='ltr'>ὲν</span> <span class='ocrx_word' id='word_1_324' title='bbox 723 2552 798 2625; x_wconf 81' lang='grc' dir='ltr'>τῷ</span> <span class='ocrx_word' id='word_1_325' title='bbox 827 2550 945 2625; x_wconf 77' lang='grc' dir='ltr'>Θεῷ</span> <span class='ocrx_word' id='word_1_326' title='bbox 978 2538 1236 2619; x_wconf 62' lang='grc' dir='ltr'>διαφορά·</span> <span class='ocrx_word' id='word_1_327' title='bbox 1266 2548 1323 2601; x_wconf 79' lang='grc' dir='ltr'>ἓν</span> <span class='ocrx_word' id='word_1_328' title='bbox 1427 2549 1519 2600; x_wconf 77' lang='grc' dir='ltr'><strong>καὶ</strong></span> <span class='ocrx_word' id='word_1_329' title='bbox 1556 2565 1687 2609; x_wconf 81' lang='grc' dir='ltr'>ταυ-</span> 
     </span>
    </p>
   </div>
   <div class='ocr_carea' id='block_1_45' title="bbox 142 2638 1696 2714">
    <p class='ocr_par' dir='ltr' id='par_1_45' title="bbox 142 2638 1696 2714">
     <span class='ocr_line' id='line_1_45' title="bbox 142 2638 1696 2714; baseline -0.003 -20"><span class='ocrx_word' id='word_1_330' title='bbox 142 2642 317 2714; x_wconf 80' lang='grc' dir='ltr'>τότης,</span> <span class='ocrx_word' id='word_1_331' title='bbox 341 2641 486 2696; x_wconf 76' lang='grc' dir='ltr'>κατὰ</span> <span class='ocrx_word' id='word_1_332' title='bbox 509 2641 682 2694; x_wconf 84' lang='grc' dir='ltr'>πάντα</span> <span class='ocrx_word' id='word_1_333' title='bbox 710 2640 1157 2710; x_wconf 79' lang='grc' dir='ltr'><strong>ἀπαραλλάκτως,</strong></span> <span class='ocrx_word' id='word_1_334' title='bbox 1181 2640 1318 2708; x_wconf 81' lang='grc' dir='ltr'>πλὴν</span> <span class='ocrx_word' id='word_1_335' title='bbox 1346 2638 1437 2690; x_wconf 80' lang='grc' dir='ltr'><strong>τοῦ</strong></span> <span class='ocrx_word' id='word_1_336' title='bbox 1468 2639 1696 2707; x_wconf 76' lang='grc' dir='ltr'>ἀγεννή·</span> 
     </span>
    </p>
   </div>
   <div class='ocr_carea' id='block_1_46' title="bbox 143 2727 1695 2801">
    <p class='ocr_par' dir='ltr' id='par_1_46' title="bbox 143 2727 1695 2801">
     <span class='ocr_line' id='line_1_46' title="bbox 143 2727 1695 2801; baseline -0.002 -19"><span class='ocrx_word' id='word_1_337' title='bbox 143 2746 231 2782; x_wconf 84' lang='grc' dir='ltr'><strong>του</strong></span> <span class='ocrx_word' id='word_1_338' title='bbox 282 2732 381 2783; x_wconf 71' lang='grc' dir='ltr'><strong>καὶ</strong></span> <span class='ocrx_word' id='word_1_339' title='bbox 429 2732 688 2801; x_wconf 81' lang='grc' dir='ltr'>γεννητοῦ</span> <span class='ocrx_word' id='word_1_340' title='bbox 726 2729 942 2782; x_wconf 78' lang='grc' dir='ltr'>καὶτοῦ</span> <span class='ocrx_word' id='word_1_341' title='bbox 969 2728 1332 2798; x_wconf 75' lang='grc' dir='ltr'>ὲκπορευτοῢο</span> <span class='ocrx_word' id='word_1_342' title='bbox 1368 2729 1424 2780; x_wconf 84' lang='grc' dir='ltr'>ὲν</span> <span class='ocrx_word' id='word_1_343' title='bbox 1480 2727 1536 2780; x_wconf 80' lang='grc' dir='ltr'><strong>δὲ</strong></span> <span class='ocrx_word' id='word_1_344' title='bbox 1583 2730 1695 2790; x_wconf 83' lang='grc' dir='ltr'>τοῖς</span> 
     </span>
    </p>
   </div>
   <div class='ocr_carea' id='block_1_47' title="bbox 148 2817 1695 2890">
    <p class='ocr_par' dir='ltr' id='par_1_47' title="bbox 148 2817 1695 2890">
     <span class='ocr_line' id='line_1_47' title="bbox 148 2817 1695 2890; baseline -0.003 -17"><span class='ocrx_word' id='word_1_345' title='bbox 148 2822 431 2890; x_wconf 77' lang='grc' dir='ltr'>κτίσμασιν</span> <span class='ocrx_word' id='word_1_346' title='bbox 454 2821 717 2874; x_wconf 85' lang='grc' dir='ltr'>ἀνάπαλιν</span> <span class='ocrx_word' id='word_1_347' title='bbox 742 2820 909 2889; x_wconf 83' lang='grc' dir='ltr'>πολλὴ</span> <span class='ocrx_word' id='word_1_348' title='bbox 943 2820 1038 2887; x_wconf 81' lang='grc' dir='ltr'><strong>μὲν</strong></span> <span class='ocrx_word' id='word_1_349' title='bbox 1063 2818 1334 2888; x_wconf 76' lang='grc' dir='ltr'>ἑτερότης,</span> <span class='ocrx_word' id='word_1_350' title='bbox 1356 2818 1614 2885; x_wconf 73' lang='grc' dir='ltr'>ταυτότης</span> <span class='ocrx_word' id='word_1_351' title='bbox 1637 2817 1695 2869; x_wconf 82' lang='grc' dir='ltr'><strong>δὲ</strong></span> 
     </span>
    </p>
   </div>
   <div class='ocr_carea' id='block_1_48' title="bbox 144 2900 1696 2977">
    <p class='ocr_par' dir='ltr' id='par_1_48' title="bbox 144 2900 1696 2977">
     <span class='ocr_line' id='line_1_48' title="bbox 144 2900 1696 2977; baseline -0.004 -17"><span class='ocrx_word' id='word_1_352' title='bbox 144 2909 312 2977; x_wconf 73' lang='grc' dir='ltr'>ὀλίγη·</span> <span class='ocrx_word' id='word_1_353' title='bbox 342 2908 574 2977; x_wconf 72' lang='grc' dir='ltr'>φανερὸν</span> <span class='ocrx_word' id='word_1_354' title='bbox 599 2908 678 2960; x_wconf 85' lang='grc' dir='ltr'>ὅτι</span> <span class='ocrx_word' id='word_1_355' title='bbox 700 2907 878 2977; x_wconf 75' lang='grc' dir='ltr'>καὶαι</span> <span class='ocrx_word' id='word_1_356' title='bbox 905 2906 1145 2967; x_wconf 82' lang='grc' dir='ltr'>πλείονες</span> <span class='ocrx_word' id='word_1_357' title='bbox 1174 2906 1497 2966; x_wconf 80' lang='grc' dir='ltr'>ὑποστάσεις</span> <span class='ocrx_word' id='word_1_358' title='bbox 1525 2904 1584 2954; x_wconf 78' lang='grc' dir='ltr'>ὲν</span> <span class='ocrx_word' id='word_1_359' title='bbox 1606 2900 1696 2964; x_wconf 79' lang='grc' dir='ltr'>αἶς</span> 
     </span>
    </p>
   </div>
   <div class='ocr_carea' id='block_1_49' title="bbox 146 2985 1697 3075">
    <p class='ocr_par' dir='ltr' id='par_1_49' title="bbox 146 2985 1697 3075">
     <span class='ocr_line' id='line_1_49' title="bbox 146 2985 1697 3075; baseline -0.003 -26"><span class='ocrx_word' id='word_1_360' title='bbox 146 3001 179 3068; x_wconf 76' lang='grc' dir='ltr'>ἡ</span> <span class='ocrx_word' id='word_1_361' title='bbox 203 2999 298 3067; x_wconf 81' lang='grc' dir='ltr'>μία</span> <span class='ocrx_word' id='word_1_362' title='bbox 456 2997 868 3069; x_wconf 80' lang='grc' dir='ltr'>ἀπαράλλακτος</span> <span class='ocrx_word' id='word_1_363' title='bbox 899 2985 1058 3065; x_wconf 81' lang='grc' dir='ltr'>φύσις</span> <span class='ocrx_word' id='word_1_364' title='bbox 1084 2995 1399 3065; x_wconf 75' lang='grc' dir='ltr'>θεωρεῖται,</span> <span class='ocrx_word' id='word_1_365' title='bbox 1434 2996 1533 3046; x_wconf 81' lang='grc' dir='ltr'>οὑκ</span> <span class='ocrx_word' id='word_1_366' title='bbox 1563 2995 1697 3046; x_wconf 71' lang='grc' dir='ltr'>εἰσιν</span> 
     </span>
    </p>
   </div>
   <div class='ocr_carea' id='block_1_50' title="bbox 147 3083 1704 3159">
    <p class='ocr_par' dir='ltr' id='par_1_50' title="bbox 147 3083 1704 3159">
     <span class='ocr_line' id='line_1_50' title="bbox 147 3083 1704 3159; baseline -0.004 -17"><span class='ocrx_word' id='word_1_367' title='bbox 147 3089 369 3158; x_wconf 75' lang='grc' dir='ltr'>ιπειρον</span> <span class='ocrx_word' id='word_1_368' title='bbox 417 3088 657 3159; x_wconf 81' lang='grc' dir='ltr'>πλῆθος’</span> <span class='ocrx_word' id='word_1_369' title='bbox 714 3089 774 3140; x_wconf 84' lang='grc' dir='ltr'><strong>οὑ</strong></span> <span class='ocrx_word' id='word_1_370' title='bbox 823 3088 929 3159; x_wconf 87' lang='grc' dir='ltr'><strong>γάρ</strong></span> <span class='ocrx_word' id='word_1_371' title='bbox 986 3088 1103 3137; x_wconf 79' lang='grc' dir='ltr'>ἐστι</span> <span class='ocrx_word' id='word_1_372' title='bbox 1150 3085 1393 3155; x_wconf 81' lang='grc' dir='ltr'>συμφυὲς</span> <span class='ocrx_word' id='word_1_373' title='bbox 1429 3084 1509 3153; x_wconf 82' lang='grc' dir='ltr'><strong>τῷ</strong></span> <span class='ocrx_word' id='word_1_374' title='bbox 1536 3083 1617 3146; x_wconf 76' lang='grc' dir='ltr'><strong>ἑνὶ</strong></span> <span class='ocrx_word' id='word_1_375' title='bbox 1639 3084 1704 3151; x_wconf 57' lang='grc' dir='ltr'>τὰ</span> 
     </span>
    </p>
   </div>
   <div class='ocr_carea' id='block_1_51' title="bbox 148 3168 1699 3248">
    <p class='ocr_par' dir='ltr' id='par_1_51' title="bbox 148 3168 1699 3248">
     <span class='ocr_line' id='line_1_51' title="bbox 148 3168 1699 3248; baseline -0.005 -15"><span class='ocrx_word' id='word_1_376' title='bbox 148 3180 389 3248; x_wconf 77' lang='grc' dir='ltr'>ἄπειρον,</span> <span class='ocrx_word' id='word_1_377' title='bbox 428 3170 541 3233; x_wconf 77' lang='grc' dir='ltr'>ἀλλ’</span> <span class='ocrx_word' id='word_1_378' title='bbox 595 3179 901 3247; x_wconf 74' lang='grc' dir='ltr'><strong>ἀλλότριον⁴</strong></span> <span class='ocrx_word' id='word_1_379' title='bbox 936 3178 1043 3231; x_wconf 73' lang='grc' dir='ltr'>οὐδ’</span> <span class='ocrx_word' id='word_1_380' title='bbox 1093 3178 1276 3239; x_wconf 80' lang='grc' dir='ltr'>ἁπλῶς</span> <span class='ocrx_word' id='word_1_381' title='bbox 1306 3168 1699 3245; x_wconf 72' lang='grc' dir='ltr'>ἑξαπλοὺμεναι</span> 
     </span>
    </p>
   </div>
   <div class='ocr_carea' id='block_1_52' title="bbox 150 3265 1701 3339">
    <p class='ocr_par' dir='ltr' id='par_1_52' title="bbox 150 3265 1701 3339">
     <span class='ocr_line' id='line_1_52' title="bbox 150 3265 1701 3339; baseline -0.004 -16"><span class='ocrx_word' id='word_1_382' title='bbox 150 3269 405 3323; x_wconf 62' lang='grc' dir='ltr'>ἐπέκεινα</span> <span class='ocrx_word' id='word_1_383' title='bbox 434 3269 528 3323; x_wconf 79' lang='grc' dir='ltr'><strong>τοῦ</strong></span> <span class='ocrx_word' id='word_1_384' title='bbox 569 3271 716 3339; x_wconf 81' lang='grc' dir='ltr'>τρεῖς</span> <span class='ocrx_word' id='word_1_385' title='bbox 749 3268 981 3338; x_wconf 77' lang='grc' dir='ltr'>ἀριθμοῦ</span> <span class='ocrx_word' id='word_1_386' title='bbox 1004 3284 1019 3299; x_wconf 79' lang='grc'><em>’</em></span> <span class='ocrx_word' id='word_1_387' title='bbox 1054 3268 1147 3320; x_wconf 77' lang='grc' dir='ltr'>τοῦ</span> <span class='ocrx_word' id='word_1_388' title='bbox 1175 3267 1281 3336; x_wconf 81' lang='grc' dir='ltr'><strong>γὰρ</strong></span> <span class='ocrx_word' id='word_1_389' title='bbox 1312 3266 1550 3335; x_wconf 80' lang='grc' dir='ltr'>πλήθους</span> <span class='ocrx_word' id='word_1_390' title='bbox 1579 3265 1701 3319; x_wconf 81' lang='grc' dir='ltr'>καθ’</span> 
     </span>
    </p>
   </div>
   <div class='ocr_carea' id='block_1_53' title="bbox 150 3354 1702 3431">
    <p class='ocr_par' dir='ltr' id='par_1_53' title="bbox 150 3354 1702 3431">
     <span class='ocr_line' id='line_1_53' title="bbox 150 3354 1702 3431; baseline -0.003 -20"><span class='ocrx_word' id='word_1_391' title='bbox 150 3359 276 3411; x_wconf 72' lang='grc' dir='ltr'>αὐτὸ</span> <span class='ocrx_word' id='word_1_392' title='bbox 333 3358 431 3411; x_wconf 81' lang='grc' dir='ltr'>τοῦ</span> <span class='ocrx_word' id='word_1_393' title='bbox 458 3357 597 3419; x_wconf 79' lang='grc' dir='ltr'>’ἑνὸς</span> <span class='ocrx_word' id='word_1_394' title='bbox 649 3358 1038 3427; x_wconf 80' lang='grc' dir='ltr'>ἀφεστηκότος,</span> <span class='ocrx_word' id='word_1_395' title='bbox 1070 3357 1225 3431; x_wconf 82' lang='grc' dir='ltr'>δῆλον</span> <span class='ocrx_word' id='word_1_396' title='bbox 1278 3356 1359 3408; x_wconf 80' lang='grc' dir='ltr'>ὃτι</span> <span class='ocrx_word' id='word_1_397' title='bbox 1391 3355 1453 3407; x_wconf 80' lang='grc' dir='ltr'>τὸ</span> <span class='ocrx_word' id='word_1_398' title='bbox 1481 3354 1702 3423; x_wconf 78' lang='grc' dir='ltr'>ἄπειρον</span> 
     </span>
    </p>
   </div>
   <div class='ocr_carea' id='block_1_54' title="bbox 153 3445 1701 3519">
    <p class='ocr_par' dir='ltr' id='par_1_54' title="bbox 153 3445 1701 3519">
     <span class='ocr_line' id='line_1_54' title="bbox 153 3445 1701 3519; baseline -0.001 -20"><span class='ocrx_word' id='word_1_399' title='bbox 153 3447 349 3516; x_wconf 79' lang='grc' dir='ltr'>πλῆθος</span> <span class='ocrx_word' id='word_1_400' title='bbox 380 3447 656 3519; x_wconf 79' lang='grc' dir='ltr'>παντελῶς</span> <span class='ocrx_word' id='word_1_401' title='bbox 705 3448 982 3515; x_wconf 73' lang='grc' dir='ltr'>ἀλλότριον</span> <span class='ocrx_word' id='word_1_402' title='bbox 1015 3449 1110 3500; x_wconf 76' lang='grc' dir='ltr'>καὶ</span> <span class='ocrx_word' id='word_1_403' title='bbox 1162 3445 1415 3507; x_wconf 71' lang='grc' dir='ltr'>ἀπεοικὸς</span> <span class='ocrx_word' id='word_1_404' title='bbox 1459 3445 1701 3498; x_wconf 65' lang='grc' dir='ltr'>ἐκείνουο</span> 
     </span>
    </p>
   </div>
   <div class='ocr_carea' id='block_1_55' title="bbox 152 3533 1706 3608">
    <p class='ocr_par' dir='ltr' id='par_1_55' title="bbox 152 3533 1706 3608">
     <span class='ocr_line' id='line_1_55' title="bbox 152 3533 1706 3608; baseline -0.001 -17"><span class='ocrx_word' id='word_1_405' title='bbox 152 3538 245 3591; x_wconf 71' lang='grc' dir='ltr'><strong>καὶ</strong></span> <span class='ocrx_word' id='word_1_406' title='bbox 268 3537 382 3608; x_wconf 81' lang='grc' dir='ltr'>γὰρ</span> <span class='ocrx_word' id='word_1_407' title='bbox 403 3539 453 3607; x_wconf 69' lang='grc' dir='ltr'><strong>εί</strong></span> <span class='ocrx_word' id='word_1_408' title='bbox 474 3535 614 3607; x_wconf 81' lang='grc' dir='ltr'><strong>ἀρχὴ</strong></span> <span class='ocrx_word' id='word_1_409' title='bbox 640 3536 838 3606; x_wconf 74' lang='grc' dir='ltr'>πλῆθος</span> <span class='ocrx_word' id='word_1_410' title='bbox 856 3533 942 3606; x_wconf 75' lang='grc' dir='ltr'>ἦν,</span> <span class='ocrx_word' id='word_1_411' title='bbox 962 3536 1067 3588; x_wconf 65' lang='grc' dir='ltr'>ἔδει</span> <span class='ocrx_word' id='word_1_412' title='bbox 1087 3537 1147 3588; x_wconf 80' lang='grc' dir='ltr'>τὸ</span> <span class='ocrx_word' id='word_1_413' title='bbox 1168 3536 1266 3604; x_wconf 78' lang='grc' dir='ltr'>τῆς</span> <span class='ocrx_word' id='word_1_414' title='bbox 1287 3535 1458 3603; x_wconf 80' lang='grc' dir='ltr'>αὐτῆς</span> <span class='ocrx_word' id='word_1_415' title='bbox 1485 3535 1706 3600; x_wconf 79' lang='grc' dir='ltr'>ἀμέσως</span> 
     </span>
    </p>
   </div>
   <div class='ocr_carea' id='block_1_56' title="bbox 159 3614 1717 3697">
    <p class='ocr_par' dir='ltr' id='par_1_56' title="bbox 159 3614 1717 3697">
     <span class='ocr_line' id='line_1_56' title="bbox 159 3614 1717 3697; baseline -0.003 -18"><span class='ocrx_word' id='word_1_416' title='bbox 159 3614 382 3697; x_wconf 75' lang='grc' dir='ltr'>μετέχον</span> <span class='ocrx_word' id='word_1_417' title='bbox 415 3627 612 3695; x_wconf 79' lang='grc' dir='ltr'>μᾶλλον</span> <span class='ocrx_word' id='word_1_418' title='bbox 643 3621 778 3680; x_wconf 72' lang='grc' dir='ltr'>εἶναι</span> <span class='ocrx_word' id='word_1_419' title='bbox 812 3627 1015 3694; x_wconf 81' lang='grc' dir='ltr'>πλῆθος</span> <span class='ocrx_word' id='word_1_420' title='bbox 1050 3626 1144 3678; x_wconf 80' lang='grc' dir='ltr'>τοῦ</span> <span class='ocrx_word' id='word_1_421' title='bbox 1175 3625 1520 3697; x_wconf 75' lang='grc' dir='ltr'>ποῤῥωτέρου</span> <span class='ocrx_word' id='word_1_422' title='bbox 1541 3639 1556 3655; x_wconf 78' lang='grc' dir='ltr'><strong><em>ο</em></strong></span> <span class='ocrx_word' id='word_1_423' title='bbox 1584 3624 1717 3676; x_wconf 59' lang='grc' dir='ltr'>ἐπεὶ</span> 
     </span>
    </p>
   </div>
   <div class='ocr_carea' id='block_1_57' title="bbox 155 3713 1708 3786">
    <p class='ocr_par' dir='ltr' id='par_1_57' title="bbox 155 3713 1708 3786">
     <span class='ocr_line' id='line_1_57' title="bbox 155 3713 1708 3786; baseline -0.003 -16"><span class='ocrx_word' id='word_1_424' title='bbox 155 3718 209 3770; x_wconf 70' lang='grc' dir='ltr'><strong>δὲ</strong></span> <span class='ocrx_word' id='word_1_425' title='bbox 228 3718 290 3770; x_wconf 76' lang='grc' dir='ltr'>τὸ</span> <span class='ocrx_word' id='word_1_426' title='bbox 315 3717 377 3769; x_wconf 77' lang='grc' dir='ltr'>ἐν</span> <span class='ocrx_word' id='word_1_427' title='bbox 428 3718 527 3784; x_wconf 83' lang='grc' dir='ltr'>τῆς</span> <span class='ocrx_word' id='word_1_428' title='bbox 567 3717 715 3779; x_wconf 83' lang='grc' dir='ltr'>θείας</span> <span class='ocrx_word' id='word_1_429' title='bbox 768 3716 980 3786; x_wconf 82' lang='grc' dir='ltr'>φύσεώς</span> <span class='ocrx_word' id='word_1_430' title='bbox 1028 3718 1173 3768; x_wconf 75' lang='grc' dir='ltr'>ἐστιν</span> <span class='ocrx_word' id='word_1_431' title='bbox 1216 3716 1377 3785; x_wconf 75' lang='grc' dir='ltr'>ἀρχὴ,</span> <span class='ocrx_word' id='word_1_432' title='bbox 1412 3715 1625 3782; x_wconf 77' lang='grc' dir='ltr'>ἀνάγκη</span> <span class='ocrx_word' id='word_1_433' title='bbox 1647 3713 1708 3766; x_wconf 84' lang='grc' dir='ltr'>τὸ</span> 
     </span>
    </p>
   </div>
   <div class='ocr_carea' id='block_1_58' title="bbox 154 3786 1707 3874">
    <p class='ocr_par' dir='ltr' id='par_1_58' title="bbox 154 3786 1707 3874">
     <span class='ocr_line' id='line_1_58' title="bbox 154 3786 1707 3874; baseline 0.001 -19"><span class='ocrx_word' id='word_1_434' title='bbox 154 3804 345 3874; x_wconf 63' lang='grc' dir='ltr'>ἐκείνῳ</span> <span class='ocrx_word' id='word_1_435' title='bbox 373 3803 607 3872; x_wconf 83' lang='grc' dir='ltr'>συναφὲς</span> <span class='ocrx_word' id='word_1_436' title='bbox 644 3805 749 3856; x_wconf 86' lang='grc' dir='ltr'><strong>τῶν</strong></span> <span class='ocrx_word' id='word_1_437' title='bbox 782 3806 937 3857; x_wconf 84' lang='grc' dir='ltr'>θείων</span> <span class='ocrx_word' id='word_1_438' title='bbox 971 3804 1316 3856; x_wconf 87' lang='grc' dir='ltr'>ὑποστάσεων</span> <span class='ocrx_word' id='word_1_439' title='bbox 1336 3786 1559 3870; x_wconf 78' lang='grc' dir='ltr'>πλῆθος,</span> <span class='ocrx_word' id='word_1_440' title='bbox 1585 3803 1707 3856; x_wconf 79' lang='grc' dir='ltr'>ὲλά-</span> 
     </span>
    </p>
   </div>
   <div class='ocr_carea' id='block_1_59' title="bbox 155 3882 1707 3965">
    <p class='ocr_par' dir='ltr' id='par_1_59' title="bbox 155 3882 1707 3965">
     <span class='ocr_line' id='line_1_59' title="bbox 155 3882 1707 3965; baseline -0.001 -19"><span class='ocrx_word' id='word_1_441' title='bbox 155 3912 337 3962; x_wconf 83' lang='grc' dir='ltr'>χιστον</span> <span class='ocrx_word' id='word_1_442' title='bbox 378 3895 659 3958; x_wconf 83' lang='grc' dir='ltr'>παντελῶς</span> <span class='ocrx_word' id='word_1_443' title='bbox 692 3882 1137 3965; x_wconf 53' lang='grc' dir='ltr'><strong>καῖπορῥωτέρω</strong></span> <span class='ocrx_word' id='word_1_444' title='bbox 1174 3894 1409 3961; x_wconf 87' lang='grc' dir='ltr'>πληθύος</span> <span class='ocrx_word' id='word_1_445' title='bbox 1428 3909 1443 3924; x_wconf 77' lang='grc' dir='ltr'><strong>ο</strong></span> <span class='ocrx_word' id='word_1_446' title='bbox 1470 3892 1623 3945; x_wconf 77' lang='grc' dir='ltr'>τοῦτο</span> <span class='ocrx_word' id='word_1_447' title='bbox 1650 3892 1707 3945; x_wconf 83' lang='grc' dir='ltr'><strong>δέ</strong></span> 
     </span>
    </p>
   </div>
   <div class='ocr_carea' id='block_1_60' title="bbox 104 3981 1705 4056">
    <p class='ocr_par' dir='ltr' id='par_1_60' title="bbox 104 3981 1705 4056">
     <span class='ocr_line' id='line_1_60' title="bbox 104 3981 1705 4056; baseline -0.002 -14"><span class='ocrx_word' id='word_1_448' title='bbox 104 4035 111 4042; x_wconf 95' lang='grc'><strong>.</strong></span> <span class='ocrx_word' id='word_1_449' title='bbox 152 3987 299 4041; x_wconf 71' lang='grc' dir='ltr'>ἐστιν</span> <span class='ocrx_word' id='word_1_450' title='bbox 330 3988 366 4056; x_wconf 83' lang='grc' dir='ltr'><strong>ἡ</strong></span> <span class='ocrx_word' id='word_1_451' title='bbox 396 3986 551 4055; x_wconf 79' lang='grc' dir='ltr'>τριάς</span> <span class='ocrx_word' id='word_1_452' title='bbox 576 4002 591 4017; x_wconf 86' lang='grc'><strong>·</strong></span> <span class='ocrx_word' id='word_1_453' title='bbox 618 3985 741 4039; x_wconf 80' lang='grc' dir='ltr'>οὔτε</span> <span class='ocrx_word' id='word_1_454' title='bbox 778 3987 883 4056; x_wconf 85' lang='grc' dir='ltr'><strong>γὰρ</strong></span> <span class='ocrx_word' id='word_1_455' title='bbox 907 3991 939 4054; x_wconf 81' lang='grc' dir='ltr'>ἡ</span> <span class='ocrx_word' id='word_1_456' title='bbox 964 3986 1111 4049; x_wconf 84' lang='grc' dir='ltr'>δυὰς,</span> <span class='ocrx_word' id='word_1_457' title='bbox 1140 3986 1225 4037; x_wconf 83' lang='grc' dir='ltr'><strong>διὰ</strong></span> <span class='ocrx_word' id='word_1_458' title='bbox 1258 3987 1316 4037; x_wconf 80' lang='grc' dir='ltr'>τὸ</span> <span class='ocrx_word' id='word_1_459' title='bbox 1344 3986 1416 4055; x_wconf 80' lang='grc' dir='ltr'><strong>μὴ</strong></span> <span class='ocrx_word' id='word_1_460' title='bbox 1449 3981 1585 4037; x_wconf 78' lang='grc' dir='ltr'>εἶναι</span> <span class='ocrx_word' id='word_1_461' title='bbox 1606 3986 1705 4053; x_wconf 78' lang='grc'><strong>(8)’</strong></span> 
     </span>
    </p>
   </div>
   <div class='ocr_carea' id='block_1_61' title="bbox 152 4057 1709 4146">
    <p class='ocr_par' dir='ltr' id='par_1_61' title="bbox 152 4057 1709 4146">
     <span class='ocr_line' id='line_1_61' title="bbox 152 4057 1709 4146; baseline -0.002 -16"><span class='ocrx_word' id='word_1_462' title='bbox 152 4076 273 4130; x_wconf 73' lang='grc' dir='ltr'>οὔτε</span> <span class='ocrx_word' id='word_1_463' title='bbox 301 4078 415 4146; x_wconf 77' lang='grc' dir='ltr'>γὰρ</span> <span class='ocrx_word' id='word_1_464' title='bbox 440 4077 563 4131; x_wconf 75' lang='grc' dir='ltr'>ἄλλο</span> <span class='ocrx_word' id='word_1_465' title='bbox 583 4093 657 4142; x_wconf 81' lang='grc' dir='ltr'><strong>τι,</strong></span> <span class='ocrx_word' id='word_1_466' title='bbox 682 4057 769 4129; x_wconf 70' lang='grc' dir='ltr'><strong>διξὶ</strong></span> <span class='ocrx_word' id='word_1_467' title='bbox 790 4076 848 4127; x_wconf 80' lang='grc' dir='ltr'>τὸ</span> <span class='ocrx_word' id='word_1_468' title='bbox 877 4076 950 4145; x_wconf 82' lang='grc' dir='ltr'><strong>μὴ</strong></span> <span class='ocrx_word' id='word_1_469' title='bbox 980 4076 1223 4145; x_wconf 80' lang='grc' dir='ltr'>πρώτως·</span> <span class='ocrx_word' id='word_1_470' title='bbox 1260 4077 1487 4144; x_wconf 81' lang='grc' dir='ltr'>φανερὸν</span> <span class='ocrx_word' id='word_1_471' title='bbox 1520 4076 1624 4146; x_wconf 77' lang='grc' dir='ltr'>ἄρα</span> <span class='ocrx_word' id='word_1_472' title='bbox 1646 4078 1709 4127; x_wconf 75' lang='grc' dir='ltr'><strong>ἐκ</strong></span> 
     </span>
    </p>
   </div>
   <div class='ocr_carea' id='block_1_62' title="bbox 154 4148 1707 4236">
    <p class='ocr_par' dir='ltr' id='par_1_62' title="bbox 154 4148 1707 4236">
     <span class='ocr_line' id='line_1_62' title="bbox 154 4148 1707 4236; baseline -0.002 -16"><span class='ocrx_word' id='word_1_473' title='bbox 154 4168 358 4220; x_wconf 73' lang='grc' dir='ltr'>τούτων</span> <span class='ocrx_word' id='word_1_474' title='bbox 395 4154 477 4219; x_wconf 78' lang='grc' dir='ltr'>ὅτι</span> <span class='ocrx_word' id='word_1_475' title='bbox 509 4169 538 4219; x_wconf 85' lang='grc' dir='ltr'><strong>ό</strong></span> <span class='ocrx_word' id='word_1_476' title='bbox 560 4148 689 4229; x_wconf 63' lang='grc' dir='ltr'>Θεὸς</span> <span class='ocrx_word' id='word_1_477' title='bbox 741 4170 805 4236; x_wconf 81' lang='grc' dir='ltr'><strong>τῇ</strong></span> <span class='ocrx_word' id='word_1_478' title='bbox 844 4167 938 4235; x_wconf 80' lang='grc' dir='ltr'><strong>μὲν</strong></span> <span class='ocrx_word' id='word_1_479' title='bbox 966 4166 1121 4232; x_wconf 86' lang='grc' dir='ltr'>φύσει</span> <span class='ocrx_word' id='word_1_480' title='bbox 1154 4161 1233 4227; x_wconf 73' lang='grc' dir='ltr'>εἷς</span> <span class='ocrx_word' id='word_1_481' title='bbox 1276 4166 1371 4230; x_wconf 83' lang='grc' dir='ltr'><strong>ὣν,</strong></span> <span class='ocrx_word' id='word_1_482' title='bbox 1401 4167 1548 4235; x_wconf 64' lang='grc' dir='ltr'>τρισὶ.</span> <span class='ocrx_word' id='word_1_483' title='bbox 1589 4169 1707 4228; x_wconf 78' lang='grc' dir='ltr'>ταῖς</span> 
     </span>
    </p>
   </div>
   <div class='ocr_carea' id='block_1_63' title="bbox 1785 1817 3429 1893">
    <p class='ocr_par' dir='ltr' id='par_1_63' title="bbox 1785 1817 3429 1893">
     <span class='ocr_line' id='line_1_63' title="bbox 1785 1817 3429 1893; baseline -0.009 -5"><span class='ocrx_word' id='word_1_484' title='bbox 1785 1829 2066 1888; x_wconf 82' lang='lat' dir='ltr'><strong>sententiis</strong></span> <span class='ocrx_word' id='word_1_485' title='bbox 2100 1842 2423 1882; x_wconf 86' lang='lat' dir='ltr'><strong>consonum.</strong></span> <span class='ocrx_word' id='word_1_486' title='bbox 2454 1825 2626 1893; x_wconf 72' lang='lat' dir='ltr'><strong>igitur</strong></span> <span class='ocrx_word' id='word_1_487' title='bbox 2667 1823 2712 1877; x_wconf 89' lang='lat' dir='ltr'><strong>si</strong></span> <span class='ocrx_word' id='word_1_488' title='bbox 2754 1822 2895 1890; x_wconf 87' lang='lat' dir='ltr'><strong>quod</strong></span> <span class='ocrx_word' id='word_1_489' title='bbox 2927 1831 3011 1876; x_wconf 87' lang='lat' dir='ltr'><strong>est</strong></span> <span class='ocrx_word' id='word_1_490' title='bbox 3032 1838 3199 1877; x_wconf 92' lang='lat' dir='ltr'><strong>unum</strong></span> <span class='ocrx_word' id='word_1_491' title='bbox 3240 1837 3343 1876; x_wconf 89' lang='lat' dir='ltr'><strong>na-</strong></span> <span class='ocrx_word' id='word_1_492' title='bbox 3424 1817 3429 1821; x_wconf 81' lang='grc'><em>’</em></span> 
     </span>
    </p>
   </div>
   <div class='ocr_carea' id='block_1_64' title="bbox 1786 1913 3345 1988">
    <p class='ocr_par' dir='ltr' id='par_1_64' title="bbox 1786 1913 3345 1988">
     <span class='ocr_line' id='line_1_64' title="bbox 1786 1913 3345 1988; baseline -0.004 -16"><span class='ocrx_word' id='word_1_493' title='bbox 1786 1931 1927 1984; x_wconf 87' lang='lat' dir='ltr'><strong>tura,</strong></span> <span class='ocrx_word' id='word_1_494' title='bbox 1950 1916 2389 1988; x_wconf 83' lang='lat' dir='ltr'><strong>proprietatibus,</strong></span> <span class='ocrx_word' id='word_1_495' title='bbox 2403 1914 2549 1986; x_wconf 83' lang='lat' dir='ltr'><strong>idest</strong></span> <span class='ocrx_word' id='word_1_496' title='bbox 2570 1913 2839 1982; x_wconf 81' lang='lat' dir='ltr'><strong>personis,</strong></span> <span class='ocrx_word' id='word_1_497' title='bbox 2861 1913 3011 1979; x_wconf 89' lang='lat' dir='ltr'><strong>plura</strong></span> <span class='ocrx_word' id='word_1_498' title='bbox 3025 1927 3145 1966; x_wconf 85' lang='lat' dir='ltr'><strong>esse</strong></span> <span class='ocrx_word' id='word_1_499' title='bbox 3163 1925 3345 1966; x_wconf 84' lang='lat' dir='ltr'><strong>sermo</strong></span> 
     </span>
    </p>
   </div>
   <div class='ocr_carea' id='block_1_65' title="bbox 1787 2005 3418 2075">
    <p class='ocr_par' dir='ltr' id='par_1_65' title="bbox 1787 2005 3418 2075">
     <span class='ocr_line' id='line_1_65' title="bbox 1787 2005 3418 2075; baseline -0.006 -8"><span class='ocrx_word' id='word_1_500' title='bbox 1787 2020 1975 2071; x_wconf 79' lang='lat' dir='ltr'><strong>naster</strong></span> <span class='ocrx_word' id='word_1_501' title='bbox 2008 2025 2132 2064; x_wconf 84' lang='lat' dir='ltr'><strong>vere</strong></span> <span class='ocrx_word' id='word_1_502' title='bbox 2155 2006 2568 2069; x_wconf 84' lang='lat' dir='ltr'><strong>demonstravit,</strong></span> <span class='ocrx_word' id='word_1_503' title='bbox 2598 2012 2741 2075; x_wconf 90' lang='lat' dir='ltr'><strong>patet</strong></span> <span class='ocrx_word' id='word_1_504' title='bbox 2773 2021 2924 2069; x_wconf 85' lang='lat' dir='ltr'><strong>sane,</strong></span> <span class='ocrx_word' id='word_1_505' title='bbox 2972 2006 3023 2059; x_wconf 89' lang='lat' dir='ltr'><strong>id</strong></span> <span class='ocrx_word' id='word_1_506' title='bbox 3054 2005 3199 2074; x_wconf 83' lang='lat' dir='ltr'><strong>quod</strong></span> <span class='ocrx_word' id='word_1_507' title='bbox 3258 2013 3343 2060; x_wconf 85' lang='lat' dir='ltr'><strong>est</strong></span> <span class='ocrx_word' id='word_1_508' title='bbox 3416 2039 3418 2043; x_wconf 53' lang='grc' dir='ltr'>ν</span> 
     </span>
    </p>
   </div>
   <div class='ocr_carea' id='block_1_66' title="bbox 1789 2096 3345 2168">
    <p class='ocr_par' dir='ltr' id='par_1_66' title="bbox 1789 2096 3345 2168">
     <span class='ocr_line' id='line_1_66' title="bbox 1789 2096 3345 2168; baseline -0.007 -9"><span class='ocrx_word' id='word_1_509' title='bbox 1789 2118 1957 2159; x_wconf 88' lang='lat' dir='ltr'><strong>unum</strong></span> <span class='ocrx_word' id='word_1_510' title='bbox 2008 2110 2224 2163; x_wconf 87' lang='lat' dir='ltr'><strong>natura,</strong></span> <span class='ocrx_word' id='word_1_511' title='bbox 2281 2113 2514 2168; x_wconf 90' lang='lat' dir='ltr'><strong>persona</strong></span> <span class='ocrx_word' id='word_1_512' title='bbox 2592 2113 2809 2167; x_wconf 90' lang='lat' dir='ltr'><strong>quoque</strong></span> <span class='ocrx_word' id='word_1_513' title='bbox 2848 2097 3088 2166; x_wconf 79' lang='lat' dir='ltr'><strong>coargui.</strong></span> <span class='ocrx_word' id='word_1_514' title='bbox 3142 2096 3345 2162; x_wconf 80' lang='lat' dir='ltr'><strong>Quodsi</strong></span> 
     </span>
    </p>
   </div>
   <div class='ocr_carea' id='block_1_67' title="bbox 1787 2184 3344 2257">
    <p class='ocr_par' dir='ltr' id='par_1_67' title="bbox 1787 2184 3344 2257">
     <span class='ocr_line' id='line_1_67' title="bbox 1787 2184 3344 2257; baseline -0.007 -10"><span class='ocrx_word' id='word_1_515' title='bbox 1787 2194 1969 2247; x_wconf 78' lang='lat' dir='ltr'><strong>divina</strong></span> <span class='ocrx_word' id='word_1_516' title='bbox 1999 2192 2259 2257; x_wconf 86' lang='lat' dir='ltr'><strong>beataque</strong></span> <span class='ocrx_word' id='word_1_517' title='bbox 2287 2197 2475 2241; x_wconf 89' lang='lat' dir='ltr'><strong>natura</strong></span> <span class='ocrx_word' id='word_1_518' title='bbox 2507 2186 2823 2240; x_wconf 90' lang='lat' dir='ltr'><strong>naturaliter</strong></span> <span class='ocrx_word' id='word_1_519' title='bbox 2859 2184 3025 2238; x_wconf 83' lang='lat' dir='ltr'><strong>unum</strong></span> <span class='ocrx_word' id='word_1_520' title='bbox 3061 2185 3191 2254; x_wconf 89' lang='lat' dir='ltr'><strong>quid</strong></span> <span class='ocrx_word' id='word_1_521' title='bbox 3239 2194 3344 2251; x_wconf 84' lang='lat' dir='ltr'><strong>est,</strong></span> 
     </span>
    </p>
   </div>
   <div class='ocr_carea' id='block_1_68' title="bbox 1789 2276 3351 2353">
    <p class='ocr_par' dir='ltr' id='par_1_68' title="bbox 1789 2276 3351 2353">
     <span class='ocr_line' id='line_1_68' title="bbox 1789 2276 3351 2353; baseline -0.006 -16"><span class='ocrx_word' id='word_1_522' title='bbox 1789 2284 1942 2353; x_wconf 89' lang='lat' dir='ltr'><strong>plura</strong></span> <span class='ocrx_word' id='word_1_523' title='bbox 1967 2293 2143 2335; x_wconf 79' lang='lat' dir='ltr'><strong>autem</strong></span> <span class='ocrx_word' id='word_1_524' title='bbox 2173 2278 2471 2346; x_wconf 79' lang='lat' dir='ltr'><strong>secundum</strong></span> <span class='ocrx_word' id='word_1_525' title='bbox 2524 2291 2783 2347; x_wconf 85' lang='lat' dir='ltr'><strong>personas</strong></span> <span class='ocrx_word' id='word_1_526' title='bbox 2835 2277 2888 2329; x_wconf 93' lang='lat' dir='ltr'><strong>in</strong></span> <span class='ocrx_word' id='word_1_527' title='bbox 2923 2276 3122 2344; x_wconf 81' lang='lat' dir='ltr'><strong>quibus</strong></span> <span class='ocrx_word' id='word_1_528' title='bbox 3170 2276 3351 2330; x_wconf 88' lang='lat' dir='ltr'><strong>cousi-</strong></span> 
     </span>
    </p>
   </div>
   <div class='ocr_carea' id='block_1_69' title="bbox 1792 2369 3348 2441">
    <p class='ocr_par' dir='ltr' id='par_1_69' title="bbox 1792 2369 3348 2441">
     <span class='ocr_line' id='line_1_69' title="bbox 1792 2369 3348 2441; baseline -0.005 -11"><span class='ocrx_word' id='word_1_529' title='bbox 1792 2376 2037 2437; x_wconf 89' lang='lat' dir='ltr'><strong>deratur,</strong></span> <span class='ocrx_word' id='word_1_530' title='bbox 2073 2390 2169 2427; x_wconf 87' lang='lat' dir='ltr'><strong>ceu</strong></span> <span class='ocrx_word' id='word_1_531' title='bbox 2204 2388 2290 2425; x_wconf 90' lang='lat' dir='ltr'><strong>res</strong></span> <span class='ocrx_word' id='word_1_532' title='bbox 2312 2370 2555 2441; x_wconf 75' lang='lat' dir='ltr'><strong>quaedam</strong></span> <span class='ocrx_word' id='word_1_533' title='bbox 2589 2369 2893 2423; x_wconf 88' lang='lat' dir='ltr'><strong>communis</strong></span> <span class='ocrx_word' id='word_1_534' title='bbox 2910 2377 2963 2421; x_wconf 86' lang='lat' dir='ltr'><strong>et</strong></span> <span class='ocrx_word' id='word_1_535' title='bbox 2991 2369 3348 2433; x_wconf 87' lang='lat' dir='ltr'><strong>universalis;</strong></span> 
     </span>
    </p>
   </div>
   <div class='ocr_carea' id='block_1_70' title="bbox 1792 2460 3353 2529">
    <p class='ocr_par' dir='ltr' id='par_1_70' title="bbox 1792 2460 3353 2529">
     <span class='ocr_line' id='line_1_70' title="bbox 1792 2460 3353 2529; baseline -0.004 -12"><span class='ocrx_word' id='word_1_536' title='bbox 1792 2463 2129 2519; x_wconf 83' lang='lat' dir='ltr'><strong>transcendit</strong></span> <span class='ocrx_word' id='word_1_537' title='bbox 2164 2470 2348 2515; x_wconf 88' lang='lat' dir='ltr'><strong>autem</strong></span> <span class='ocrx_word' id='word_1_538' title='bbox 2381 2460 2677 2529; x_wconf 87' lang='lat' dir='ltr'><strong>quamlibet</strong></span> <span class='ocrx_word' id='word_1_539' title='bbox 2705 2470 2941 2513; x_wconf 88' lang='lat' dir='ltr'><strong>creatam</strong></span> <span class='ocrx_word' id='word_1_540' title='bbox 2977 2471 3250 2522; x_wconf 83' lang='lat' dir='ltr'><strong>naturam,</strong></span> <span class='ocrx_word' id='word_1_541' title='bbox 3297 2466 3353 2511; x_wconf 83' lang='lat' dir='ltr'><strong>et</strong></span> 
     </span>
    </p>
   </div>
   <div class='ocr_carea' id='block_1_71' title="bbox 1794 2536 3359 2620">
    <p class='ocr_par' dir='ltr' id='par_1_71' title="bbox 1794 2536 3359 2620">
     <span class='ocr_line' id='line_1_71' title="bbox 1794 2536 3359 2620; baseline -0.004 -11"><span class='ocrx_word' id='word_1_542' title='bbox 1794 2565 1975 2609; x_wconf 85' lang='lat' dir='ltr'><strong>tamen</strong></span> <span class='ocrx_word' id='word_1_543' title='bbox 2032 2555 2241 2605; x_wconf 90' lang='lat' dir='ltr'><strong>unitate</strong></span> <span class='ocrx_word' id='word_1_544' title='bbox 2265 2551 2439 2620; x_wconf 78' lang='lat' dir='ltr'><strong>magis</strong></span> <span class='ocrx_word' id='word_1_545' title='bbox 2466 2560 2909 2618; x_wconf 73' lang='lat' dir='ltr'><strong>reprmsentatur,</strong></span> <span class='ocrx_word' id='word_1_546' title='bbox 2934 2564 3101 2617; x_wconf 90' lang='lat' dir='ltr'><strong>quam</strong></span> <span class='ocrx_word' id='word_1_547' title='bbox 3158 2536 3359 2617; x_wconf 64' lang='lat' dir='ltr'><strong>plurali</strong></span> 
     </span>
    </p>
   </div>
   <div class='ocr_carea' id='block_1_72' title="bbox 1792 2638 3349 2707">
    <p class='ocr_par' dir='ltr' id='par_1_72' title="bbox 1792 2638 3349 2707">
     <span class='ocr_line' id='line_1_72' title="bbox 1792 2638 3349 2707; baseline -0.006 -7"><span class='ocrx_word' id='word_1_548' title='bbox 1792 2661 2020 2700; x_wconf 85' lang='lat' dir='ltr'><strong>numero</strong></span> <span class='ocrx_word' id='word_1_549' title='bbox 2055 2661 2067 2695; x_wconf 94' lang='lat'>:</span> <span class='ocrx_word' id='word_1_550' title='bbox 2100 2644 2295 2697; x_wconf 88' lang='lat' dir='ltr'><strong>etenim</strong></span> <span class='ocrx_word' id='word_1_551' title='bbox 2329 2641 2382 2693; x_wconf 92' lang='lat' dir='ltr'><strong>in</strong></span> <span class='ocrx_word' id='word_1_552' title='bbox 2421 2640 2527 2693; x_wconf 88' lang='lat' dir='ltr'><strong>Deo</strong></span> <span class='ocrx_word' id='word_1_553' title='bbox 2582 2641 2761 2694; x_wconf 83' lang='lat' dir='ltr'><strong>brevis</strong></span> <span class='ocrx_word' id='word_1_554' title='bbox 2783 2638 3028 2707; x_wconf 60' lang='lat' dir='ltr'><strong>quaedam</strong></span> <span class='ocrx_word' id='word_1_555' title='bbox 3079 2638 3349 2706; x_wconf 78' lang='lat' dir='ltr'><strong>exilisque</strong></span> 
     </span>
    </p>
   </div>
   <div class='ocr_carea' id='block_1_73' title="bbox 1795 2733 3354 2799">
    <p class='ocr_par' dir='ltr' id='par_1_73' title="bbox 1795 2733 3354 2799">
     <span class='ocr_line' id='line_1_73' title="bbox 1795 2733 3354 2799; baseline -0.006 -7"><span class='ocrx_word' id='word_1_556' title='bbox 1795 2737 2095 2792; x_wconf 72' lang='lat' dir='ltr'><strong>differentia</strong></span> <span class='ocrx_word' id='word_1_557' title='bbox 2128 2744 2232 2797; x_wconf 90' lang='lat' dir='ltr'><strong>est,</strong></span> <span class='ocrx_word' id='word_1_558' title='bbox 2286 2733 2380 2787; x_wconf 88' lang='lat' dir='ltr'><strong>sed</strong></span> <span class='ocrx_word' id='word_1_559' title='bbox 2410 2737 2578 2785; x_wconf 87' lang='lat' dir='ltr'><strong>unum</strong></span> <span class='ocrx_word' id='word_1_560' title='bbox 2615 2742 2668 2786; x_wconf 89' lang='lat' dir='ltr'><strong>et</strong></span> <span class='ocrx_word' id='word_1_561' title='bbox 2712 2733 2851 2785; x_wconf 86' lang='lat' dir='ltr'><strong>idem</strong></span> <span class='ocrx_word' id='word_1_562' title='bbox 2894 2748 2985 2799; x_wconf 88' lang='lat' dir='ltr'><strong>per</strong></span> <span class='ocrx_word' id='word_1_563' title='bbox 3014 2733 3196 2784; x_wconf 88' lang='lat' dir='ltr'><strong>omnia</strong></span> <span class='ocrx_word' id='word_1_564' title='bbox 3223 2746 3354 2783; x_wconf 61' lang='lat' dir='ltr'><strong>conc</strong></span> 
     </span>
    </p>
   </div>
   <div class='ocr_carea' id='block_1_74' title="bbox 1798 2822 3352 2894">
    <p class='ocr_par' dir='ltr' id='par_1_74' title="bbox 1798 2822 3352 2894">
     <span class='ocr_line' id='line_1_74' title="bbox 1798 2822 3352 2894; baseline -0.007 -11"><span class='ocrx_word' id='word_1_565' title='bbox 1798 2838 2022 2887; x_wconf 86' lang='lat' dir='ltr'><strong>stanter,</strong></span> <span class='ocrx_word' id='word_1_566' title='bbox 2054 2827 2272 2894; x_wconf 90' lang='lat' dir='ltr'><strong>dempto</strong></span> <span class='ocrx_word' id='word_1_567' title='bbox 2304 2824 2545 2893; x_wconf 81' lang='lat' dir='ltr'><strong>ingenito</strong></span> <span class='ocrx_word' id='word_1_568' title='bbox 2591 2832 2644 2875; x_wconf 88' lang='lat' dir='ltr'><strong>et</strong></span> <span class='ocrx_word' id='word_1_569' title='bbox 2673 2823 2858 2893; x_wconf 77' lang='lat' dir='ltr'><strong>genito</strong></span> <span class='ocrx_word' id='word_1_570' title='bbox 2900 2838 2963 2877; x_wconf 86' lang='lat' dir='ltr'><strong>ac</strong></span> <span class='ocrx_word' id='word_1_571' title='bbox 2991 2822 3308 2890; x_wconf 82' lang='lat' dir='ltr'><strong>procedente</strong></span> <span class='ocrx_word' id='word_1_572' title='bbox 3337 2839 3352 2887; x_wconf 89' lang='lat'><strong>;</strong></span> 
     </span>
    </p>
   </div>
   <div class='ocr_carea' id='block_1_75' title="bbox 1798 2912 3357 2981">
    <p class='ocr_par' dir='ltr' id='par_1_75' title="bbox 1798 2912 3357 2981">
     <span class='ocr_line' id='line_1_75' title="bbox 1798 2912 3357 2981; baseline -0.006 -7"><span class='ocrx_word' id='word_1_573' title='bbox 1798 2928 1853 2974; x_wconf 90' lang='lat' dir='ltr'><strong>at</strong></span> <span class='ocrx_word' id='word_1_574' title='bbox 1880 2933 2007 2972; x_wconf 86' lang='lat' dir='ltr'><strong>vero</strong></span> <span class='ocrx_word' id='word_1_575' title='bbox 2045 2919 2095 2970; x_wconf 92' lang='lat' dir='ltr'><strong>in</strong></span> <span class='ocrx_word' id='word_1_576' title='bbox 2142 2916 2407 2970; x_wconf 83' lang='lat' dir='ltr'><strong>creaturis</strong></span> <span class='ocrx_word' id='word_1_577' title='bbox 2442 2924 2677 2979; x_wconf 75' lang='lat' dir='ltr'><strong>contra;</strong></span> <span class='ocrx_word' id='word_1_578' title='bbox 2724 2913 2996 2966; x_wconf 83' lang='lat' dir='ltr'><strong>diversum</strong></span> <span class='ocrx_word' id='word_1_579' title='bbox 3023 2927 3184 2981; x_wconf 73' lang='lat' dir='ltr'><strong>saepe,</strong></span> <span class='ocrx_word' id='word_1_580' title='bbox 3212 2912 3357 2965; x_wconf 88' lang='lat' dir='ltr'><strong>idem</strong></span> 
     </span>
    </p>
   </div>
   <div class='ocr_carea' id='block_1_76' title="bbox 1799 3002 3349 3075">
    <p class='ocr_par' dir='ltr' id='par_1_76' title="bbox 1799 3002 3349 3075">
     <span class='ocr_line' id='line_1_76' title="bbox 1799 3002 3349 3075; baseline -0.008 -10"><span class='ocrx_word' id='word_1_581' title='bbox 1799 3025 1958 3075; x_wconf 86' lang='lat' dir='ltr'><strong>raro;</strong></span> <span class='ocrx_word' id='word_1_582' title='bbox 1993 3016 2136 3075; x_wconf 84' lang='lat' dir='ltr'><strong>patet</strong></span> <span class='ocrx_word' id='word_1_583' title='bbox 2168 3007 2329 3060; x_wconf 91' lang='lat' dir='ltr'><strong>etiam</strong></span> <span class='ocrx_word' id='word_1_584' title='bbox 2390 3005 2573 3073; x_wconf 90' lang='lat' dir='ltr'><strong>plures</strong></span> <span class='ocrx_word' id='word_1_585' title='bbox 2607 3018 2888 3072; x_wconf 84' lang='lat' dir='ltr'><strong>personas,</strong></span> <span class='ocrx_word' id='word_1_586' title='bbox 2928 3002 2980 3054; x_wconf 89' lang='lat' dir='ltr'><strong>in</strong></span> <span class='ocrx_word' id='word_1_587' title='bbox 3014 3002 3218 3070; x_wconf 83' lang='lat' dir='ltr'><strong>quibus</strong></span> <span class='ocrx_word' id='word_1_588' title='bbox 3243 3014 3349 3053; x_wconf 85' lang='lat' dir='ltr'><strong>una</strong></span> 
     </span>
    </p>
   </div>
   <div class='ocr_carea' id='block_1_77' title="bbox 1802 3089 3362 3164">
    <p class='ocr_par' dir='ltr' id='par_1_77' title="bbox 1802 3089 3362 3164">
     <span class='ocr_line' id='line_1_77' title="bbox 1802 3089 3362 3164; baseline -0.007 -12"><span class='ocrx_word' id='word_1_589' title='bbox 1802 3098 2250 3164; x_wconf 82' lang='lat' dir='ltr'><strong>invariabilisque</strong></span> <span class='ocrx_word' id='word_1_590' title='bbox 2306 3104 2496 3148; x_wconf 88' lang='lat' dir='ltr'><strong>natura</strong></span> <span class='ocrx_word' id='word_1_591' title='bbox 2544 3102 2839 3162; x_wconf 86' lang='lat' dir='ltr'><strong>spectatur,</strong></span> <span class='ocrx_word' id='word_1_592' title='bbox 2873 3106 2978 3144; x_wconf 91' lang='lat' dir='ltr'><strong>non</strong></span> <span class='ocrx_word' id='word_1_593' title='bbox 3033 3089 3362 3144; x_wconf 85' lang='lat' dir='ltr'><strong>esseinlini-</strong></span> 
     </span>
    </p>
   </div>
   <div class='ocr_carea' id='block_1_78' title="bbox 1758 3180 3418 3261">
    <p class='ocr_par' dir='ltr' id='par_1_78' title="bbox 1758 3180 3418 3261">
     <span class='ocr_line' id='line_1_78' title="bbox 1758 3180 3418 3261; baseline -0.009 -19"><span class='ocrx_word' id='word_1_594' title='bbox 1758 3258 1761 3261; x_wconf 18' lang='grc' dir='ltr'><em>Α</em></span> <span class='ocrx_word' id='word_1_595' title='bbox 1802 3198 1911 3241; x_wconf 83' lang='lat' dir='ltr'><strong>tam</strong></span> <span class='ocrx_word' id='word_1_596' title='bbox 1979 3185 2379 3249; x_wconf 81' lang='lat' dir='ltr'><strong>multitudinem</strong></span> <span class='ocrx_word' id='word_1_597' title='bbox 2413 3201 2425 3234; x_wconf 90' lang='lat'><strong>:</strong></span> <span class='ocrx_word' id='word_1_598' title='bbox 2458 3196 2565 3235; x_wconf 89' lang='lat' dir='ltr'><strong>non</strong></span> <span class='ocrx_word' id='word_1_599' title='bbox 2624 3185 2768 3261; x_wconf 77' lang='lat' dir='ltr'><strong>enim</strong></span> <span class='ocrx_word' id='word_1_600' title='bbox 2826 3180 3200 3233; x_wconf 84' lang='lat' dir='ltr'><strong>connaluralis</strong></span> <span class='ocrx_word' id='word_1_601' title='bbox 3236 3236 3237 3239; x_wconf 28' lang='grc' dir='ltr'><strong>η</strong></span> <span class='ocrx_word' id='word_1_602' title='bbox 3270 3187 3359 3232; x_wconf 82' lang='lat' dir='ltr'><strong>est</strong></span> <span class='ocrx_word' id='word_1_603' title='bbox 3410 3218 3418 3227; x_wconf 89' lang='lat'><strong>.</strong></span> 
     </span>
    </p>
   </div>
   <div class='ocr_carea' id='block_1_79' title="bbox 1804 3246 3357 3337">
    <p class='ocr_par' dir='ltr' id='par_1_79' title="bbox 1804 3246 3357 3337">
     <span class='ocr_line' id='line_1_79' title="bbox 1804 3246 3357 3337; baseline -0.005 -8"><span class='ocrx_word' id='word_1_604' title='bbox 1804 3276 1999 3330; x_wconf 89' lang='lat' dir='ltr'><strong>unitati</strong></span> <span class='ocrx_word' id='word_1_605' title='bbox 2039 3273 2526 3333; x_wconf 72' lang='lat' dir='ltr'><strong>innumeraliilitas,</strong></span> <span class='ocrx_word' id='word_1_606' title='bbox 2593 3246 2906 3323; x_wconf 50' lang='lat' dir='ltr'><strong>sed/aliena</strong></span> <span class='ocrx_word' id='word_1_607' title='bbox 2935 3270 3137 3337; x_wconf 83' lang='lat' dir='ltr'><strong>potius.</strong></span> <span class='ocrx_word' id='word_1_608' title='bbox 3167 3267 3357 3336; x_wconf 73' lang='lat' dir='ltr'><strong>Neque</strong></span> 
     </span>
    </p>
   </div>
   <div class='ocr_carea' id='block_1_80' title="bbox 1784 3354 3357 3437">
    <p class='ocr_par' dir='ltr' id='par_1_80' title="bbox 1784 3354 3357 3437">
     <span class='ocr_line' id='line_1_80' title="bbox 1784 3354 3357 3437; baseline -0.006 -15"><span class='ocrx_word' id='word_1_609' title='bbox 1784 3354 2047 3437; x_wconf 58' lang='lat' dir='ltr'><strong>&#39;persona:</strong></span> <span class='ocrx_word' id='word_1_610' title='bbox 2079 3364 2397 3434; x_wconf 75' lang='lat' dir='ltr'><strong>amplianda:</strong></span> <span class='ocrx_word' id='word_1_611' title='bbox 2413 3373 2535 3415; x_wconf 85' lang='lat' dir='ltr'><strong>sunt</strong></span> <span class='ocrx_word' id='word_1_612' title='bbox 2552 3363 2690 3416; x_wconf 90' lang='lat' dir='ltr'><strong>ultra</strong></span> <span class='ocrx_word' id='word_1_613' title='bbox 2713 3361 3014 3413; x_wconf 84' lang='lat' dir='ltr'><strong>ternarium</strong></span> <span class='ocrx_word' id='word_1_614' title='bbox 3033 3372 3357 3413; x_wconf 80' lang='lat' dir='ltr'><strong>numerum:</strong></span> 
     </span>
    </p>
   </div>
   <div class='ocr_carea' id='block_1_81' title="bbox 1803 3448 3359 3522">
    <p class='ocr_par' dir='ltr' id='par_1_81' title="bbox 1803 3448 3359 3522">
     <span class='ocr_line' id='line_1_81' title="bbox 1803 3448 3359 3522; baseline -0.008 -9"><span class='ocrx_word' id='word_1_615' title='bbox 1803 3476 1925 3514; x_wconf 87' lang='lat' dir='ltr'><strong>nam</strong></span> <span class='ocrx_word' id='word_1_616' title='bbox 1984 3473 2106 3511; x_wconf 89' lang='lat' dir='ltr'><strong>cum</strong></span> <span class='ocrx_word' id='word_1_617' title='bbox 2146 3454 2431 3509; x_wconf 88' lang='lat' dir='ltr'><strong>multitudo</strong></span> <span class='ocrx_word' id='word_1_618' title='bbox 2464 3468 2563 3522; x_wconf 89' lang='lat' dir='ltr'><strong>per</strong></span> <span class='ocrx_word' id='word_1_619' title='bbox 2600 3467 2659 3506; x_wconf 82' lang='lat' dir='ltr'><strong>se</strong></span> <span class='ocrx_word' id='word_1_620' title='bbox 2687 3451 2975 3505; x_wconf 82' lang='lat' dir='ltr'><strong>abhorreat</strong></span> <span class='ocrx_word' id='word_1_621' title='bbox 3011 3448 3080 3503; x_wconf 86' lang='lat' dir='ltr'><strong>ab</strong></span> <span class='ocrx_word' id='word_1_622' title='bbox 3133 3448 3359 3511; x_wconf 83' lang='lat' dir='ltr'><strong>unitate,</strong></span> 
     </span>
    </p>
   </div>
   <div class='ocr_carea' id='block_1_82' title="bbox 1804 3539 3361 3619">
    <p class='ocr_par' dir='ltr' id='par_1_82' title="bbox 1804 3539 3361 3619">
     <span class='ocr_line' id='line_1_82' title="bbox 1804 3539 3361 3619; baseline -0.008 -15"><span class='ocrx_word' id='word_1_623' title='bbox 1804 3557 1949 3619; x_wconf 80' lang='lat' dir='ltr'><strong>patet</strong></span> <span class='ocrx_word' id='word_1_624' title='bbox 1984 3548 2245 3601; x_wconf 81' lang='lat' dir='ltr'><strong>inﬁnitam</strong></span> <span class='ocrx_word' id='word_1_625' title='bbox 2306 3544 2700 3597; x_wconf 81' lang='lat' dir='ltr'><strong>multitudinem</strong></span> <span class='ocrx_word' id='word_1_626' title='bbox 2732 3556 2959 3611; x_wconf 89' lang='lat' dir='ltr'><strong>prorsus</strong></span> <span class='ocrx_word' id='word_1_627' title='bbox 2999 3542 3067 3593; x_wconf 87' lang='lat' dir='ltr'><strong>ab</strong></span> <span class='ocrx_word' id='word_1_628' title='bbox 3099 3540 3185 3592; x_wconf 90' lang='lat' dir='ltr'><strong>illa</strong></span> <span class='ocrx_word' id='word_1_629' title='bbox 3226 3539 3361 3593; x_wconf 83' lang='lat' dir='ltr'><strong>alie-</strong></span> 
     </span>
    </p>
   </div>
   <div class='ocr_carea' id='block_1_83' title="bbox 1805 3632 3359 3706">
    <p class='ocr_par' dir='ltr' id='par_1_83' title="bbox 1805 3632 3359 3706">
     <span class='ocr_line' id='line_1_83' title="bbox 1805 3632 3359 3706; baseline -0.006 -10"><span class='ocrx_word' id='word_1_630' title='bbox 1805 3642 1929 3706; x_wconf 84' lang='lat' dir='ltr'><strong>nam</strong></span> <span class='ocrx_word' id='word_1_631' title='bbox 1953 3656 2081 3695; x_wconf 90' lang='lat' dir='ltr'><strong>esse</strong></span> <span class='ocrx_word' id='word_1_632' title='bbox 2108 3651 2160 3693; x_wconf 86' lang='lat' dir='ltr'><strong>et</strong></span> <span class='ocrx_word' id='word_1_633' title='bbox 2180 3641 2587 3692; x_wconf 86' lang='lat' dir='ltr'><strong>abhorrentem.</strong></span> <span class='ocrx_word' id='word_1_634' title='bbox 2636 3635 2770 3690; x_wconf 84' lang='lat' dir='ltr'><strong>Nam</strong></span> <span class='ocrx_word' id='word_1_635' title='bbox 2804 3636 2848 3689; x_wconf 89' lang='lat' dir='ltr'><strong>si</strong></span> <span class='ocrx_word' id='word_1_636' title='bbox 2877 3642 3039 3703; x_wconf 91' lang='lat' dir='ltr'><strong>caput</strong></span> <span class='ocrx_word' id='word_1_637' title='bbox 3067 3632 3359 3686; x_wconf 84' lang='lat' dir='ltr'><strong>multitudo</strong></span> 
     </span>
    </p>
   </div>
   <div class='ocr_carea' id='block_1_84' title="bbox 1805 3722 3360 3797">
    <p class='ocr_par' dir='ltr' id='par_1_84' title="bbox 1805 3722 3360 3797">
     <span class='ocr_line' id='line_1_84' title="bbox 1805 3722 3360 3797; baseline -0.01 -12"><span class='ocrx_word' id='word_1_638' title='bbox 1805 3741 1967 3794; x_wconf 86' lang='lat' dir='ltr'><strong>esset,</strong></span> <span class='ocrx_word' id='word_1_639' title='bbox 2015 3738 2285 3797; x_wconf 85' lang='lat' dir='ltr'><strong>oporteret</strong></span> <span class='ocrx_word' id='word_1_640' title='bbox 2317 3727 2445 3781; x_wconf 90' lang='lat' dir='ltr'><strong>illud</strong></span> <span class='ocrx_word' id='word_1_641' title='bbox 2482 3726 2621 3795; x_wconf 91' lang='lat' dir='ltr'><strong>quod</strong></span> <span class='ocrx_word' id='word_1_642' title='bbox 2654 3725 2899 3794; x_wconf 84' lang='lat' dir='ltr'><strong>proxime</strong></span> <span class='ocrx_word' id='word_1_643' title='bbox 2953 3724 3006 3777; x_wconf 87' lang='lat' dir='ltr'><strong>ei</strong></span> <span class='ocrx_word' id='word_1_644' title='bbox 3056 3722 3360 3791; x_wconf 72' lang='lat' dir='ltr'><strong>participat,</strong></span> 
     </span>
    </p>
   </div>
   <div class='ocr_carea' id='block_1_85' title="bbox 1806 3811 3366 3890">
    <p class='ocr_par' dir='ltr' id='par_1_85' title="bbox 1806 3811 3366 3890">
     <span class='ocr_line' id='line_1_85' title="bbox 1806 3811 3366 3890; baseline -0.006 -15"><span class='ocrx_word' id='word_1_645' title='bbox 1806 3822 1977 3890; x_wconf 81' lang='lat' dir='ltr'><strong>magis</strong></span> <span class='ocrx_word' id='word_1_646' title='bbox 2005 3835 2122 3874; x_wconf 87' lang='lat' dir='ltr'><strong>esse</strong></span> <span class='ocrx_word' id='word_1_647' title='bbox 2152 3819 2494 3887; x_wconf 87' lang='lat' dir='ltr'><strong>plurativum,</strong></span> <span class='ocrx_word' id='word_1_648' title='bbox 2519 3832 2678 3885; x_wconf 75' lang='lat' dir='ltr'><strong>quam</strong></span> <span class='ocrx_word' id='word_1_649' title='bbox 2706 3815 2848 3883; x_wconf 83' lang='lat' dir='ltr'><strong>quod</strong></span> <span class='ocrx_word' id='word_1_650' title='bbox 2914 3814 3195 3867; x_wconf 84' lang='lat' dir='ltr'><strong>remotius.</strong></span> <span class='ocrx_word' id='word_1_651' title='bbox 3226 3811 3366 3877; x_wconf 77' lang='lat' dir='ltr'><strong>Quia</strong></span> 
     </span>
    </p>
   </div>
   <div class='ocr_carea' id='block_1_86' title="bbox 1805 3906 3368 3976">
    <p class='ocr_par' dir='ltr' id='par_1_86' title="bbox 1805 3906 3368 3976">
     <span class='ocr_line' id='line_1_86' title="bbox 1805 3906 3368 3976; baseline -0.006 -11"><span class='ocrx_word' id='word_1_652' title='bbox 1805 3925 1933 3965; x_wconf 90' lang='lat' dir='ltr'><strong>vero</strong></span> <span class='ocrx_word' id='word_1_653' title='bbox 1971 3912 2147 3964; x_wconf 89' lang='lat' dir='ltr'><strong>unitas</strong></span> <span class='ocrx_word' id='word_1_654' title='bbox 2184 3919 2345 3976; x_wconf 87' lang='lat' dir='ltr'><strong>caput</strong></span> <span class='ocrx_word' id='word_1_655' title='bbox 2380 3915 2462 3962; x_wconf 88' lang='lat' dir='ltr'><strong>est</strong></span> <span class='ocrx_word' id='word_1_656' title='bbox 2514 3906 2707 3960; x_wconf 81' lang='lat' dir='ltr'><strong>divinae</strong></span> <span class='ocrx_word' id='word_1_657' title='bbox 2753 3914 2976 3965; x_wconf 84' lang='lat' dir='ltr'><strong>naturae,</strong></span> <span class='ocrx_word' id='word_1_658' title='bbox 3031 3917 3251 3957; x_wconf 88' lang='lat' dir='ltr'><strong>necesse</strong></span> <span class='ocrx_word' id='word_1_659' title='bbox 3281 3909 3368 3957; x_wconf 85' lang='lat' dir='ltr'><strong>est</strong></span> 
     </span>
    </p>
   </div>
   <div class='ocr_carea' id='block_1_87' title="bbox 1807 3996 3367 4069">
    <p class='ocr_par' dir='ltr' id='par_1_87' title="bbox 1807 3996 3367 4069">
     <span class='ocr_line' id='line_1_87' title="bbox 1807 3996 3367 4069; baseline -0.006 -15"><span class='ocrx_word' id='word_1_660' title='bbox 1807 4001 1861 4055; x_wconf 89' lang='lat' dir='ltr'><strong>id</strong></span> <span class='ocrx_word' id='word_1_661' title='bbox 1897 4001 2037 4069; x_wconf 90' lang='lat' dir='ltr'><strong>quod</strong></span> <span class='ocrx_word' id='word_1_662' title='bbox 2066 4000 2139 4052; x_wconf 92' lang='lat' dir='ltr'><strong>illi</strong></span> <span class='ocrx_word' id='word_1_663' title='bbox 2168 3997 2531 4061; x_wconf 89' lang='lat' dir='ltr'><strong>connectitur,</strong></span> <span class='ocrx_word' id='word_1_664' title='bbox 2565 3996 2869 4049; x_wconf 87' lang='lat' dir='ltr'><strong>divinarum</strong></span> <span class='ocrx_word' id='word_1_665' title='bbox 2895 4008 3085 4061; x_wconf 80' lang='lat' dir='ltr'><strong>nempe</strong></span> <span class='ocrx_word' id='word_1_666' title='bbox 3104 4007 3367 4062; x_wconf 83' lang='lat' dir='ltr'><strong>persona-</strong></span> 
     </span>
    </p>
   </div>
   <div class='ocr_carea' id='block_1_88' title="bbox 1809 4076 3366 4164">
    <p class='ocr_par' dir='ltr' id='par_1_88' title="bbox 1809 4076 3366 4164">
     <span class='ocr_line' id='line_1_88' title="bbox 1809 4076 3366 4164; baseline -0.007 -19"><span class='ocrx_word' id='word_1_667' title='bbox 1809 4106 1928 4144; x_wconf 83' lang='lat' dir='ltr'><strong>rum</strong></span> <span class='ocrx_word' id='word_1_668' title='bbox 1956 4104 2264 4150; x_wconf 89' lang='lat' dir='ltr'><strong>numerum,</strong></span> <span class='ocrx_word' id='word_1_669' title='bbox 2292 4076 2577 4164; x_wconf 62' lang='lat' dir='ltr'><strong>minimum</strong></span> <span class='ocrx_word' id='word_1_670' title='bbox 2617 4100 2839 4151; x_wconf 87' lang='lat' dir='ltr'><strong>prorsus</strong></span> <span class='ocrx_word' id='word_1_671' title='bbox 2874 4097 2996 4137; x_wconf 89' lang='lat' dir='ltr'><strong>esse</strong></span> <span class='ocrx_word' id='word_1_672' title='bbox 3024 4090 3079 4135; x_wconf 89' lang='lat' dir='ltr'><strong>et</strong></span> <span class='ocrx_word' id='word_1_673' title='bbox 3125 4097 3155 4134; x_wconf 88' lang='lat' dir='ltr'><strong>a</strong></span> <span class='ocrx_word' id='word_1_674' title='bbox 3180 4082 3366 4135; x_wconf 89' lang='lat' dir='ltr'><strong>multi-</strong></span> 
     </span>
    </p>
   </div>
   <div class='ocr_carea' id='block_1_89' title="bbox 1808 4172 3366 4258">
    <p class='ocr_par' dir='ltr' id='par_1_89' title="bbox 1808 4172 3366 4258">
     <span class='ocr_line' id='line_1_89' title="bbox 1808 4172 3366 4258; baseline -0.007 -24"><span class='ocrx_word' id='word_1_675' title='bbox 1808 4181 1996 4258; x_wconf 80' lang='lat' dir='ltr'><strong>tudine</strong></span> <span class='ocrx_word' id='word_1_676' title='bbox 2045 4179 2503 4233; x_wconf 89' lang='lat' dir='ltr'><strong>remotissimum.</strong></span> <span class='ocrx_word' id='word_1_677' title='bbox 2565 4174 2713 4227; x_wconf 87' lang='lat' dir='ltr'><strong>Talis</strong></span> <span class='ocrx_word' id='word_1_678' title='bbox 2764 4188 2925 4241; x_wconf 90' lang='lat' dir='ltr'><strong>porro</strong></span> <span class='ocrx_word' id='word_1_679' title='bbox 2978 4172 3194 4226; x_wconf 86' lang='lat' dir='ltr'><strong>trinitas</strong></span> <span class='ocrx_word' id='word_1_680' title='bbox 3262 4178 3366 4223; x_wconf 74' lang='lat' dir='ltr'><strong>est.</strong></span> 
     </span>
    </p>
   </div>
   <div class='ocr_carea' id='block_1_90' title="bbox 156 4245 1693 4339">
    <p class='ocr_par' dir='ltr' id='par_1_90' title="bbox 156 4245 1693 4325">
     <span class='ocr_line' id='line_1_90' title="bbox 156 4245 1693 4325; baseline 0 -18"><span class='ocrx_word' id='word_1_681' title='bbox 156 4245 487 4310; x_wconf 64' lang='grc' dir='ltr'>ὑποστάσεσι</span> <span class='ocrx_word' id='word_1_682' title='bbox 504 4256 826 4322; x_wconf 75' lang='grc' dir='ltr'>γινώσκεται</span> <span class='ocrx_word' id='word_1_683' title='bbox 848 4272 906 4308; x_wconf 87' lang='grc' dir='ltr'><strong>τε</strong></span> <span class='ocrx_word' id='word_1_684' title='bbox 926 4258 1017 4307; x_wconf 77' lang='grc' dir='ltr'><strong>καὶ</strong></span> <span class='ocrx_word' id='word_1_685' title='bbox 1035 4256 1211 4316; x_wconf 82' lang='grc' dir='ltr'>καλῶς</span> <span class='ocrx_word' id='word_1_686' title='bbox 1235 4256 1381 4325; x_wconf 83' lang='grc' dir='ltr'>παρὰ</span> <span class='ocrx_word' id='word_1_687' title='bbox 1405 4256 1511 4307; x_wconf 82' lang='grc' dir='ltr'>τῶν</span> <span class='ocrx_word' id='word_1_688' title='bbox 1537 4254 1693 4325; x_wconf 72' lang='grc' dir='ltr'>ὀρθῶς</span> 
     </span>
    </p>
   </div>
   <div class='ocr_carea' id='block_1_91' title="bbox 1795 4245 3369 4339">
    <p class='ocr_par' dir='ltr' id='par_1_91' title="bbox 1810 4252 3369 4339">
     <span class='ocr_line' id='line_1_91' title="bbox 1810 4252 3369 4339; baseline -0.006 -15"><span class='ocrx_word' id='word_1_689' title='bbox 1810 4252 1959 4324; x_wconf 27' lang='lat' dir='ltr'><strong>Nam.</strong></span> <span class='ocrx_word' id='word_1_690' title='bbox 2006 4286 2177 4339; x_wconf 75' lang='lat' dir='ltr'><strong>neque</strong></span> <span class='ocrx_word' id='word_1_691' title='bbox 2236 4271 2342 4322; x_wconf 86' lang='lat' dir='ltr'><strong>duo</strong></span> <span class='ocrx_word' id='word_1_692' title='bbox 2384 4283 2504 4320; x_wconf 80' lang='lat' dir='ltr'><strong>esse</strong></span> <span class='ocrx_word' id='word_1_693' title='bbox 2533 4275 2800 4334; x_wconf 86' lang='lat' dir='ltr'><strong>poterant,</strong></span> <span class='ocrx_word' id='word_1_694' title='bbox 2860 4264 2985 4331; x_wconf 89' lang='lat' dir='ltr'><strong>quia</strong></span> <span class='ocrx_word' id='word_1_695' title='bbox 3039 4278 3146 4315; x_wconf 90' lang='lat' dir='ltr'><strong>non</strong></span> <span class='ocrx_word' id='word_1_696' title='bbox 3178 4262 3369 4315; x_wconf 79' lang='lat' dir='ltr'><strong>fuisset</strong></span> 
     </span>
    </p>
   </div>
   <div class='ocr_carea' id='block_1_92' title="bbox 155 4339 1706 4412">
    <p class='ocr_par' dir='ltr' id='par_1_92' title="bbox 155 4339 1706 4412">
     <span class='ocr_line' id='line_1_92' title="bbox 155 4339 1706 4412; baseline -0.003 -16"><span class='ocrx_word' id='word_1_697' title='bbox 155 4344 501 4411; x_wconf 76' lang='grc' dir='ltr'>φρονούντων</span> <span class='ocrx_word' id='word_1_698' title='bbox 524 4342 856 4412; x_wconf 83' lang='grc' dir='ltr'>Χριστιανῶν</span> <span class='ocrx_word' id='word_1_699' title='bbox 882 4341 1193 4393; x_wconf 78' lang='grc' dir='ltr'>πιστεύεται</span> <span class='ocrx_word' id='word_1_700' title='bbox 1210 4340 1384 4391; x_wconf 65' lang='grc' dir='ltr'>τεκαὶ</span> <span class='ocrx_word' id='word_1_701' title='bbox 1411 4339 1706 4403; x_wconf 73' lang='grc' dir='ltr'>δοξάζεταιο</span> 
     </span>
    </p>
   </div>
   <div class='ocr_carea' id='block_1_93' title="bbox 157 4429 1713 4501">
    <p class='ocr_par' dir='ltr' id='par_1_93' title="bbox 157 4429 1713 4501">
     <span class='ocr_line' id='line_1_93' title="bbox 157 4429 1713 4501; baseline -0.003 -16"><span class='ocrx_word' id='word_1_702' title='bbox 157 4434 247 4485; x_wconf 78' lang='grc' dir='ltr'><strong>καὶ</strong></span> <span class='ocrx_word' id='word_1_703' title='bbox 295 4432 464 4486; x_wconf 83' lang='grc' dir='ltr'>τοῦτο</span> <span class='ocrx_word' id='word_1_704' title='bbox 508 4433 637 4501; x_wconf 78' lang='grc' dir='ltr'><strong>ἡμῖν</strong></span> <span class='ocrx_word' id='word_1_705' title='bbox 689 4434 834 4485; x_wconf 76' lang='grc' dir='ltr'>ἐστιν</span> <span class='ocrx_word' id='word_1_706' title='bbox 863 4432 892 4483; x_wconf 84' lang='grc' dir='ltr'>ὁ</span> <span class='ocrx_word' id='word_1_707' title='bbox 942 4431 1127 4500; x_wconf 79' lang='grc' dir='ltr'>Πατὴρ</span> <span class='ocrx_word' id='word_1_708' title='bbox 1171 4432 1263 4483; x_wconf 74' lang='grc' dir='ltr'><strong>καὶ</strong></span> <span class='ocrx_word' id='word_1_709' title='bbox 1296 4433 1322 4482; x_wconf 85' lang='grc' dir='ltr'>ὁ</span> <span class='ocrx_word' id='word_1_710' title='bbox 1356 4429 1476 4491; x_wconf 81' lang='grc' dir='ltr'>Υἱὸς</span> <span class='ocrx_word' id='word_1_711' title='bbox 1526 4431 1618 4482; x_wconf 79' lang='grc' dir='ltr'><strong>καὶ</strong></span> <span class='ocrx_word' id='word_1_712' title='bbox 1653 4429 1713 4480; x_wconf 83' lang='grc' dir='ltr'>τὸ</span> 
     </span>
    </p>
   </div>
   <div class='ocr_carea' id='block_1_94' title="bbox 156 4522 586 4591">
    <p class='ocr_par' dir='ltr' id='par_1_94' title="bbox 156 4522 586 4591">
     <span class='ocr_line' id='line_1_94' title="bbox 156 4522 586 4591; baseline 0.005 -15"><span class='ocrx_word' id='word_1_713' title='bbox 156 4522 308 4590; x_wconf 70' lang='grc' dir='ltr'>ἅγιον</span> <span class='ocrx_word' id='word_1_714' title='bbox 337 4522 586 4591; x_wconf 77' lang='grc' dir='ltr'>Πνεῦμα.</span> 
     </span>
    </p>
   </div>
   <div class='ocr_carea' id='block_1_95' title="bbox 570 4772 1355 4879">
    <p class='ocr_par' dir='ltr' id='par_1_95' title="bbox 570 4772 1355 4879">
     <span class='ocr_line' id='line_1_95' title="bbox 570 4772 1355 4879; baseline -0.004 -16"><span class='ocrx_word' id='word_1_715' title='bbox 570 4772 996 4872; x_wconf 62' lang='grc' dir='ltr'>Ελειηκτικοὲ</span> <span class='ocrx_word' id='word_1_716' title='bbox 1034 4809 1315 4861; x_wconf 76' lang='grc' dir='ltr'>ΠΡΩΤΟΣ.</span> <span class='ocrx_word' id='word_1_717' title='bbox 1352 4876 1355 4879; x_wconf 4' lang='grc' dir='ltr'><strong>ρ</strong></span> 
     </span>
    </p>
   </div>
   <div class='ocr_carea' id='block_1_96' title="bbox 228 4898 1651 5021">
    <p class='ocr_par' dir='ltr' id='par_1_96' title="bbox 228 4898 1651 5021">
     <span class='ocr_line' id='line_1_96' title="bbox 228 4898 1651 5021; baseline -0.001 -68"><span class='ocrx_word' id='word_1_718' title='bbox 228 4902 393 4959; x_wconf 80' lang='grc' dir='ltr'>Κατὰ</span> <span class='ocrx_word' id='word_1_719' title='bbox 420 4900 537 4953; x_wconf 80' lang='grc' dir='ltr'>τῶν</span> <span class='ocrx_word' id='word_1_720' title='bbox 564 4902 631 4953; x_wconf 85' lang='grc' dir='ltr'><strong>ἐν</strong></span> <span class='ocrx_word' id='word_1_721' title='bbox 662 4902 739 4965; x_wconf 83' lang='grc' dir='ltr'>τῷ</span> <span class='ocrx_word' id='word_1_722' title='bbox 774 4900 975 5021; x_wconf 43' lang='lat' dir='ltr'><strong>agdn?)</strong></span> <span class='ocrx_word' id='word_1_723' title='bbox 1014 4902 1168 4966; x_wconf 77' lang='grc' dir='ltr'><strong>λόγῳ</strong></span> <span class='ocrx_word' id='word_1_724' title='bbox 1200 4899 1539 4951; x_wconf 82' lang='grc' dir='ltr'>δοκούντων</span> <span class='ocrx_word' id='word_1_725' title='bbox 1571 4898 1651 4962; x_wconf 83' lang='grc' dir='ltr'>τῷ</span> 
     </span>
     <span class='ocr_line' id='line_1_97' title="bbox 864 4985 1072 5021; baseline 0.005 -1"><span class='ocrx_word' id='word_1_726' title='bbox 864 4985 1072 5021; x_wconf 81' lang='grc' dir='ltr'>ωααετ.</span> 
     </span>
    </p>
   </div>
   <div class='ocr_carea' id='block_1_97' title="bbox 864 4985 1072 5035">
    <p class='ocr_par' dir='ltr' id='par_1_97' title="bbox 864 4985 1072 5035">
     <span class='ocr_line' id='line_1_98' title="bbox 864 4985 1072 5035; baseline 0.005 -14"><span class='ocrx_word' id='word_1_727' title='bbox 864 4985 1072 5035; x_wconf 84' lang='grc' dir='ltr'>ωαμετ.</span> 
     </span>
    </p>
   </div>
   <div class='ocr_carea' id='block_1_98' title="bbox 230 5055 1723 5128">
    <p class='ocr_par' dir='ltr' id='par_1_98' title="bbox 230 5055 1723 5128">
     <span class='ocr_line' id='line_1_99' title="bbox 230 5055 1723 5128; baseline -0.003 -15"><span class='ocrx_word' id='word_1_728' title='bbox 230 5061 345 5124; x_wconf 68' lang='grc' dir='ltr'>ις’.</span> <span class='ocrx_word' id='word_1_729' title='bbox 379 5060 439 5111; x_wconf 84' lang='grc' dir='ltr'><strong>Ἐ</strong></span> <span class='ocrx_word' id='word_1_730' title='bbox 448 5058 533 5110; x_wconf 74' lang='grc' dir='ltr'>πεὶ</span> <span class='ocrx_word' id='word_1_731' title='bbox 554 5055 684 5111; x_wconf 80' lang='grc' dir='ltr'><strong>οὖνὸ</strong></span> <span class='ocrx_word' id='word_1_732' title='bbox 708 5058 929 5123; x_wconf 80' lang='grc' dir='ltr'>λόγοςὲξ</span> <span class='ocrx_word' id='word_1_733' title='bbox 952 5060 1141 5125; x_wconf 86' lang='grc' dir='ltr'>ὲπιστη</span> <span class='ocrx_word' id='word_1_734' title='bbox 1151 5060 1371 5128; x_wconf 77' lang='grc' dir='ltr'>μονικῆς</span> <span class='ocrx_word' id='word_1_735' title='bbox 1386 5058 1605 5126; x_wconf 81' lang='grc' dir='ltr'>μεθόδου</span> <span class='ocrx_word' id='word_1_736' title='bbox 1630 5058 1723 5109; x_wconf 76' lang='grc' dir='ltr'><strong>καὶ</strong></span> 
     </span>
    </p>
   </div>
   <div class='ocr_carea' id='block_1_99' title="bbox 158 5147 1718 5218">
    <p class='ocr_par' dir='ltr' id='par_1_99' title="bbox 158 5147 1718 5218">
     <span class='ocr_line' id='line_1_100' title="bbox 158 5147 1718 5218; baseline -0.003 -15"><span class='ocrx_word' id='word_1_737' title='bbox 158 5150 580 5218; x_wconf 78' lang='grc' dir='ltr'>συλλογιστικῆς</span> <span class='ocrx_word' id='word_1_738' title='bbox 603 5148 943 5212; x_wconf 79' lang='grc' dir='ltr'>ἀποδείξεως,</span> <span class='ocrx_word' id='word_1_739' title='bbox 974 5148 1069 5215; x_wconf 84' lang='grc' dir='ltr'>τὴν</span> <span class='ocrx_word' id='word_1_740' title='bbox 1098 5147 1338 5217; x_wconf 77' lang='grc' dir='ltr'>περὶτῆς</span> <span class='ocrx_word' id='word_1_741' title='bbox 1364 5148 1523 5215; x_wconf 83' lang='grc' dir='ltr'>ἁγίας</span> <span class='ocrx_word' id='word_1_742' title='bbox 1552 5148 1718 5216; x_wconf 87' lang='grc' dir='ltr'>Τριά-</span> 
     </span>
    </p>
   </div>
   <div class='ocr_carea' id='block_1_100' title="bbox 157 5237 1715 5307">
    <p class='ocr_par' dir='ltr' id='par_1_100' title="bbox 157 5237 1715 5307">
     <span class='ocr_line' id='line_1_101' title="bbox 157 5237 1715 5307; baseline -0.004 -13"><span class='ocrx_word' id='word_1_743' title='bbox 157 5240 660 5307; x_wconf 73' lang='grc' dir='ltr'>δοςόμοουσιότητα</span> <span class='ocrx_word' id='word_1_744' title='bbox 692 5242 783 5291; x_wconf 73' lang='grc' dir='ltr'><strong>καὶ</strong></span> <span class='ocrx_word' id='word_1_745' title='bbox 815 5241 1135 5306; x_wconf 84' lang='grc' dir='ltr'>ταυτότητα,</span> <span class='ocrx_word' id='word_1_746' title='bbox 1186 5240 1278 5289; x_wconf 71' lang='grc' dir='ltr'><strong>καὶ</strong></span> <span class='ocrx_word' id='word_1_747' title='bbox 1306 5240 1402 5305; x_wconf 82' lang='grc' dir='ltr'>τὴν</span> <span class='ocrx_word' id='word_1_748' title='bbox 1441 5238 1567 5307; x_wconf 84' lang='grc' dir='ltr'>μίαν</span> <span class='ocrx_word' id='word_1_749' title='bbox 1592 5237 1715 5289; x_wconf 82' lang='grc' dir='ltr'>θεό-</span> 
     </span>
    </p>
   </div>
   <div class='ocr_carea' id='block_1_101' title="bbox 156 5326 1719 5400">
    <p class='ocr_par' dir='ltr' id='par_1_101' title="bbox 156 5326 1719 5400">
     <span class='ocr_line' id='line_1_102' title="bbox 156 5326 1719 5400; baseline -0.004 -17"><span class='ocrx_word' id='word_1_750' title='bbox 156 5346 295 5400; x_wconf 73' lang='grc' dir='ltr'>τητα</span> <span class='ocrx_word' id='word_1_751' title='bbox 324 5333 426 5382; x_wconf 79' lang='grc' dir='ltr'><strong>καὶ</strong></span> <span class='ocrx_word' id='word_1_752' title='bbox 466 5330 778 5398; x_wconf 83' lang='grc' dir='ltr'>μοναρχίαν,</span> <span class='ocrx_word' id='word_1_753' title='bbox 810 5332 932 5383; x_wconf 85' lang='grc' dir='ltr'>ὅσον</span> <span class='ocrx_word' id='word_1_754' title='bbox 959 5330 1098 5383; x_wconf 83' lang='grc' dir='ltr'>κατὰ</span> <span class='ocrx_word' id='word_1_755' title='bbox 1136 5328 1196 5380; x_wconf 85' lang='grc' dir='ltr'>τδ</span> <span class='ocrx_word' id='word_1_756' title='bbox 1223 5328 1441 5380; x_wconf 81' lang='grc' dir='ltr'>δυνατὸν</span> <span class='ocrx_word' id='word_1_757' title='bbox 1484 5327 1551 5377; x_wconf 75' lang='grc' dir='ltr'>τὰ</span> <span class='ocrx_word' id='word_1_758' title='bbox 1581 5326 1719 5395; x_wconf 80' lang='grc' dir='ltr'>ὑπὲρ</span> 
     </span>
    </p>
   </div>
   <div class='ocr_carea' id='block_1_102' title="bbox 136 5400 1716 5497">
    <p class='ocr_par' dir='ltr' id='par_1_102' title="bbox 136 5400 1716 5497">
     <span class='ocr_line' id='line_1_103' title="bbox 136 5400 1716 5497; baseline -0.003 -25"><span class='ocrx_word' id='word_1_759' title='bbox 136 5420 315 5490; x_wconf 68' lang='grc' dir='ltr'>λόγον</span> <span class='ocrx_word' id='word_1_760' title='bbox 346 5422 451 5473; x_wconf 71' lang='grc' dir='ltr'><strong>καὶ</strong></span> <span class='ocrx_word' id='word_1_761' title='bbox 474 5420 603 5472; x_wconf 77' lang='grc' dir='ltr'>ὄντα</span> <span class='ocrx_word' id='word_1_762' title='bbox 648 5422 742 5472; x_wconf 68' lang='grc' dir='ltr'><strong>καὶ</strong></span> <span class='ocrx_word' id='word_1_763' title='bbox 768 5421 1146 5497; x_wconf 75' lang='grc' dir='ltr'>πιστευόμενα,</span> <span class='ocrx_word' id='word_1_764' title='bbox 1177 5400 1367 5479; x_wconf 28' lang='grc' dir='ltr'>καλῶς.</span> <span class='ocrx_word' id='word_1_765' title='bbox 1384 5417 1716 5484; x_wconf 86' lang='grc' dir='ltr'>παρέστησε,</span> 
     </span>
    </p>
   </div>
   <div class='ocr_carea' id='block_1_103' title="bbox 1816 4353 3368 4430">
    <p class='ocr_par' dir='ltr' id='par_1_103' title="bbox 1816 4353 3368 4430">
     <span class='ocr_line' id='line_1_104' title="bbox 1816 4353 3368 4430; baseline -0.006 -17"><span class='ocrx_word' id='word_1_766' title='bbox 1816 4362 2040 4430; x_wconf 90' lang='lat' dir='ltr'><strong>pluralis</strong></span> <span class='ocrx_word' id='word_1_767' title='bbox 2096 4375 2352 4412; x_wconf 78' lang='lat' dir='ltr'><strong>numerus</strong></span> <span class='ocrx_word' id='word_1_768' title='bbox 2382 4376 2394 4411; x_wconf 89' lang='lat'><strong>:</strong></span> <span class='ocrx_word' id='word_1_769' title='bbox 2447 4371 2621 4423; x_wconf 89' lang='lat' dir='ltr'><strong>neque</strong></span> <span class='ocrx_word' id='word_1_770' title='bbox 2651 4355 2792 4407; x_wconf 90' lang='lat' dir='ltr'><strong>aliud</strong></span> <span class='ocrx_word' id='word_1_771' title='bbox 2819 4353 3059 4422; x_wconf 82' lang='lat' dir='ltr'><strong>quidvis,</strong></span> <span class='ocrx_word' id='word_1_772' title='bbox 3094 4353 3221 4421; x_wconf 88' lang='lat' dir='ltr'><strong>quia</strong></span> <span class='ocrx_word' id='word_1_773' title='bbox 3260 4368 3368 4404; x_wconf 87' lang='lat' dir='ltr'><strong>non</strong></span> 
     </span>
    </p>
   </div>
   <div class='ocr_carea' id='block_1_104' title="bbox 1818 4444 3367 4518">
    <p class='ocr_par' dir='ltr' id='par_1_104' title="bbox 1818 4444 3367 4518">
     <span class='ocr_line' id='line_1_105' title="bbox 1818 4444 3367 4518; baseline -0.006 -14"><span class='ocrx_word' id='word_1_774' title='bbox 1818 4460 1962 4504; x_wconf 85' lang='lat' dir='ltr'><strong>esset</strong></span> <span class='ocrx_word' id='word_1_775' title='bbox 1985 4450 2259 4518; x_wconf 89' lang='lat' dir='ltr'><strong>primitus.</strong></span> <span class='ocrx_word' id='word_1_776' title='bbox 2297 4448 2371 4500; x_wconf 82' lang='lat' dir='ltr'><strong>Ex</strong></span> <span class='ocrx_word' id='word_1_777' title='bbox 2404 4448 2485 4500; x_wconf 83' lang='lat' dir='ltr'><strong>his</strong></span> <span class='ocrx_word' id='word_1_778' title='bbox 2512 4447 2677 4514; x_wconf 83' lang='lat' dir='ltr'><strong>igitur</strong></span> <span class='ocrx_word' id='word_1_779' title='bbox 2697 4453 2917 4513; x_wconf 87' lang='lat' dir='ltr'><strong>apparet</strong></span> <span class='ocrx_word' id='word_1_780' title='bbox 2976 4444 3141 4496; x_wconf 90' lang='lat' dir='ltr'><strong>Deum</strong></span> <span class='ocrx_word' id='word_1_781' title='bbox 3173 4452 3367 4495; x_wconf 85' lang='lat' dir='ltr'><strong>natura</strong></span> 
     </span>
    </p>
   </div>
   <div class='ocr_carea' id='block_1_105' title="bbox 1814 4534 3372 4608">
    <p class='ocr_par' dir='ltr' id='par_1_105' title="bbox 1814 4534 3372 4608">
     <span class='ocr_line' id='line_1_106' title="bbox 1814 4534 3372 4608; baseline -0.004 -16"><span class='ocrx_word' id='word_1_782' title='bbox 1814 4540 2034 4608; x_wconf 87' lang='lat' dir='ltr'><strong>quidem</strong></span> <span class='ocrx_word' id='word_1_783' title='bbox 2067 4555 2256 4597; x_wconf 89' lang='lat' dir='ltr'><strong>unum,</strong></span> <span class='ocrx_word' id='word_1_784' title='bbox 2289 4539 2343 4590; x_wconf 90' lang='lat' dir='ltr'><strong>in</strong></span> <span class='ocrx_word' id='word_1_785' title='bbox 2368 4538 2540 4589; x_wconf 78' lang='lat' dir='ltr'><strong>tribus</strong></span> <span class='ocrx_word' id='word_1_786' title='bbox 2565 4535 2809 4603; x_wconf 85' lang='lat' dir='ltr'><strong>personis</strong></span> <span class='ocrx_word' id='word_1_787' title='bbox 2837 4534 3080 4601; x_wconf 74' lang='lat' dir='ltr'><strong>agnosci,</strong></span> <span class='ocrx_word' id='word_1_788' title='bbox 3116 4541 3372 4599; x_wconf 72' lang='lat' dir='ltr'><strong>recteque</strong></span> 
     </span>
    </p>
   </div>
   <div class='ocr_carea' id='block_1_106' title="bbox 1820 4624 3371 4691">
    <p class='ocr_par' dir='ltr' id='par_1_106' title="bbox 1820 4624 3371 4691">
     <span class='ocr_line' id='line_1_107' title="bbox 1820 4624 3371 4691; baseline -0.005 -8"><span class='ocrx_word' id='word_1_789' title='bbox 1820 4632 1887 4683; x_wconf 90' lang='lat' dir='ltr'><strong>ab</strong></span> <span class='ocrx_word' id='word_1_790' title='bbox 1914 4630 2225 4682; x_wconf 83' lang='lat' dir='ltr'><strong>orthodoxis</strong></span> <span class='ocrx_word' id='word_1_791' title='bbox 2254 4628 2575 4681; x_wconf 86' lang='lat' dir='ltr'><strong>Christianis</strong></span> <span class='ocrx_word' id='word_1_792' title='bbox 2606 4625 2749 4678; x_wconf 87' lang='lat' dir='ltr'><strong>credi</strong></span> <span class='ocrx_word' id='word_1_793' title='bbox 2774 4633 2826 4676; x_wconf 90' lang='lat' dir='ltr'><strong>et</strong></span> <span class='ocrx_word' id='word_1_794' title='bbox 2855 4624 3166 4691; x_wconf 84' lang='lat' dir='ltr'><strong>glorilicari.</strong></span> <span class='ocrx_word' id='word_1_795' title='bbox 3197 4624 3371 4690; x_wconf 83' lang='lat' dir='ltr'><strong>Atque</strong></span> 
     </span>
    </p>
   </div>
   <div class='ocr_carea' id='block_1_107' title="bbox 1812 4714 3368 4783">
    <p class='ocr_par' dir='ltr' id='par_1_107' title="bbox 1812 4714 3368 4783">
     <span class='ocr_line' id='line_1_108' title="bbox 1812 4714 3368 4783; baseline -0.005 -10"><span class='ocrx_word' id='word_1_796' title='bbox 1812 4720 1900 4773; x_wconf 85' lang='lat' dir='ltr'><strong>hic</strong></span> <span class='ocrx_word' id='word_1_797' title='bbox 1924 4720 2060 4774; x_wconf 89' lang='lat' dir='ltr'><strong>Deus</strong></span> <span class='ocrx_word' id='word_1_798' title='bbox 2085 4720 2237 4772; x_wconf 84' lang='lat' dir='ltr'><strong>nobis</strong></span> <span class='ocrx_word' id='word_1_799' title='bbox 2261 4728 2344 4771; x_wconf 91' lang='lat' dir='ltr'><strong>est</strong></span> <span class='ocrx_word' id='word_1_800' title='bbox 2367 4716 2523 4769; x_wconf 76' lang='lat' dir='ltr'><strong>Pater</strong></span> <span class='ocrx_word' id='word_1_801' title='bbox 2542 4725 2594 4767; x_wconf 87' lang='lat' dir='ltr'><strong>et</strong></span> <span class='ocrx_word' id='word_1_802' title='bbox 2619 4714 2783 4767; x_wconf 85' lang='lat' dir='ltr'><strong>Filius</strong></span> <span class='ocrx_word' id='word_1_803' title='bbox 2801 4723 2853 4768; x_wconf 88' lang='lat' dir='ltr'><strong>et</strong></span> <span class='ocrx_word' id='word_1_804' title='bbox 2877 4714 3111 4783; x_wconf 88' lang='lat' dir='ltr'><strong>Spiritus</strong></span> <span class='ocrx_word' id='word_1_805' title='bbox 3127 4724 3368 4767; x_wconf 80' lang='lat' dir='ltr'><strong>sanctus.</strong></span> 
     </span>
    </p>
   </div>
   <div class='ocr_carea' id='block_1_108' title="bbox 2230 4804 2945 4861">
    <p class='ocr_par' dir='ltr' id='par_1_108' title="bbox 2230 4804 2945 4861">
     <span class='ocr_line' id='line_1_109' title="bbox 2230 4804 2945 4861; baseline -0.004 -1"><span class='ocrx_word' id='word_1_806' title='bbox 2230 4804 2665 4861; x_wconf 78' lang='lat' dir='ltr'><strong>CONFUTATIO</strong></span> <span class='ocrx_word' id='word_1_807' title='bbox 2715 4804 2945 4857; x_wconf 77' lang='lat' dir='ltr'><strong>PRIMA.</strong></span> 
     </span>
    </p>
   </div>
   <div class='ocr_carea' id='block_1_109' title="bbox 1899 4892 3269 4964">
    <p class='ocr_par' dir='ltr' id='par_1_109' title="bbox 1899 4892 3269 4964">
     <span class='ocr_line' id='line_1_110' title="bbox 1899 4892 3269 4964; baseline -0.006 -13"><span class='ocrx_word' id='word_1_808' title='bbox 1899 4902 2149 4953; x_wconf 80' lang='lat' dir='ltr'><strong>Adversus</strong></span> <span class='ocrx_word' id='word_1_809' title='bbox 2172 4899 2449 4951; x_wconf 73' lang='lat' dir='ltr'><strong>sententias</strong></span> <span class='ocrx_word' id='word_1_810' title='bbox 2488 4895 2643 4964; x_wconf 77' lang='lat' dir='ltr'><strong>primi</strong></span> <span class='ocrx_word' id='word_1_811' title='bbox 2680 4895 2891 4963; x_wconf 82' lang='lat' dir='ltr'><strong>capituli</strong></span> <span class='ocrx_word' id='word_1_812' title='bbox 2923 4892 3269 4946; x_wconf 77' lang='lat' dir='ltr'><strong>Monamedis.</strong></span> 
     </span>
    </p>
   </div>
   <div class='ocr_carea' id='block_1_110' title="bbox 1896 5044 3356 5123">
    <p class='ocr_par' dir='ltr' id='par_1_110' title="bbox 1896 5044 3356 5123">
     <span class='ocr_line' id='line_1_111' title="bbox 1896 5044 3356 5123; baseline -0.012 -13"><span class='ocrx_word' id='word_1_813' title='bbox 1896 5057 1983 5110; x_wconf 70' lang='lat'><strong>26.</strong></span> <span class='ocrx_word' id='word_1_814' title='bbox 2017 5057 2303 5123; x_wconf 83' lang='lat' dir='ltr'><strong>Postquam</strong></span> <span class='ocrx_word' id='word_1_815' title='bbox 2337 5068 2515 5105; x_wconf 90' lang='lat' dir='ltr'><strong>sermo</strong></span> <span class='ocrx_word' id='word_1_816' title='bbox 2547 5057 2737 5103; x_wconf 74' lang='lat' dir='ltr'><strong>noster</strong></span> <span class='ocrx_word' id='word_1_817' title='bbox 2765 5047 3041 5103; x_wconf 87' lang='lat' dir='ltr'><strong>doctriuali</strong></span> <span class='ocrx_word' id='word_1_818' title='bbox 3080 5044 3356 5103; x_wconf 79' lang='lat' dir='ltr'><strong>metimdo,</strong></span> 
     </span>
    </p>
   </div>
   <div class='ocr_carea' id='block_1_111' title="bbox 1824 5132 3367 5217">
    <p class='ocr_par' dir='ltr' id='par_1_111' title="bbox 1824 5132 3367 5217">
     <span class='ocr_line' id='line_1_112' title="bbox 1824 5132 3367 5217; baseline -0.014 -13"><span class='ocrx_word' id='word_1_819' title='bbox 1824 5163 1923 5203; x_wconf 86' lang='lat' dir='ltr'><strong>nec</strong></span> <span class='ocrx_word' id='word_1_820' title='bbox 1958 5164 2063 5201; x_wconf 90' lang='lat' dir='ltr'><strong>non</strong></span> <span class='ocrx_word' id='word_1_821' title='bbox 2096 5147 2426 5217; x_wconf 80' lang='lat' dir='ltr'><strong>syllogistica</strong></span> <span class='ocrx_word' id='word_1_822' title='bbox 2476 5141 2953 5199; x_wconf 86' lang='lat' dir='ltr'><strong>demonstratione,</strong></span> <span class='ocrx_word' id='word_1_823' title='bbox 3017 5144 3215 5189; x_wconf 64' lang='lat' dir='ltr'><strong>sancta!</strong></span> <span class='ocrx_word' id='word_1_824' title='bbox 3243 5132 3367 5185; x_wconf 88' lang='lat' dir='ltr'><strong>Tri-</strong></span> 
     </span>
    </p>
   </div>
   <div class='ocr_carea' id='block_1_112' title="bbox 1821 5232 3364 5301">
    <p class='ocr_par' dir='ltr' id='par_1_112' title="bbox 1821 5232 3364 5301">
     <span class='ocr_line' id='line_1_113' title="bbox 1821 5232 3364 5301; baseline -0.01 -8"><span class='ocrx_word' id='word_1_825' title='bbox 1821 5240 2002 5293; x_wconf 80' lang='lat' dir='ltr'><strong>nitatis</strong></span> <span class='ocrx_word' id='word_1_826' title='bbox 2031 5236 2646 5291; x_wconf 85' lang='lat' dir='ltr'><strong>consubstantialitatem</strong></span> <span class='ocrx_word' id='word_1_827' title='bbox 2678 5242 2731 5287; x_wconf 91' lang='lat' dir='ltr'><strong>et</strong></span> <span class='ocrx_word' id='word_1_828' title='bbox 2753 5232 3057 5301; x_wconf 87' lang='lat' dir='ltr'><strong>paritatem.</strong></span> <span class='ocrx_word' id='word_1_829' title='bbox 3094 5238 3364 5290; x_wconf 86' lang='lat' dir='ltr'><strong>unamque</strong></span> 
     </span>
    </p>
   </div>
   <div class='ocr_carea' id='block_1_113' title="bbox 1824 5316 3365 5391">
    <p class='ocr_par' dir='ltr' id='par_1_113' title="bbox 1824 5316 3365 5391">
     <span class='ocr_line' id='line_1_114' title="bbox 1824 5316 3365 5391; baseline -0.012 -8"><span class='ocrx_word' id='word_1_830' title='bbox 1824 5328 2159 5383; x_wconf 86' lang='lat' dir='ltr'><strong>divinitatem</strong></span> <span class='ocrx_word' id='word_1_831' title='bbox 2207 5335 2261 5379; x_wconf 90' lang='lat' dir='ltr'><strong>et</strong></span> <span class='ocrx_word' id='word_1_832' title='bbox 2299 5325 2664 5377; x_wconf 72' lang='lat' dir='ltr'><strong>mormrchiam</strong></span> <span class='ocrx_word' id='word_1_833' title='bbox 2695 5322 2974 5391; x_wconf 88' lang='lat' dir='ltr'><strong>(quantum</strong></span> <span class='ocrx_word' id='word_1_834' title='bbox 3029 5316 3139 5369; x_wconf 84' lang='lat' dir='ltr'><strong>ﬁeri</strong></span> <span class='ocrx_word' id='word_1_835' title='bbox 3188 5321 3365 5380; x_wconf 83' lang='lat' dir='ltr'><strong>potest</strong></span> 
     </span>
    </p>
   </div>
   <div class='ocr_carea' id='block_1_114' title="bbox 1824 5401 3429 5486">
    <p class='ocr_par' dir='ltr' id='par_1_114' title="bbox 1824 5401 3429 5486">
     <span class='ocr_line' id='line_1_115' title="bbox 1824 5401 3429 5486; baseline -0.012 -14"><span class='ocrx_word' id='word_1_836' title='bbox 1824 5419 1881 5472; x_wconf 90' lang='lat' dir='ltr'><strong>in</strong></span> <span class='ocrx_word' id='word_1_837' title='bbox 1924 5418 1989 5471; x_wconf 91' lang='lat' dir='ltr'><strong>iis</strong></span> <span class='ocrx_word' id='word_1_838' title='bbox 2020 5432 2139 5486; x_wconf 76' lang='lat' dir='ltr'><strong>qua:</strong></span> <span class='ocrx_word' id='word_1_839' title='bbox 2177 5430 2338 5485; x_wconf 89' lang='lat' dir='ltr'><strong>supra</strong></span> <span class='ocrx_word' id='word_1_840' title='bbox 2370 5414 2631 5469; x_wconf 89' lang='lat' dir='ltr'><strong>rationem</strong></span> <span class='ocrx_word' id='word_1_841' title='bbox 2658 5420 2783 5469; x_wconf 85' lang='lat' dir='ltr'><strong>sunt</strong></span> <span class='ocrx_word' id='word_1_842' title='bbox 2809 5421 2861 5466; x_wconf 89' lang='lat' dir='ltr'><strong>et</strong></span> <span class='ocrx_word' id='word_1_843' title='bbox 2893 5421 3009 5463; x_wconf 88' lang='lat' dir='ltr'><strong>esse</strong></span> <span class='ocrx_word' id='word_1_844' title='bbox 3044 5401 3356 5469; x_wconf 87' lang='lat' dir='ltr'><strong>creduntur)</strong></span> <span class='ocrx_word' id='word_1_845' title='bbox 3427 5405 3429 5408; x_wconf 72' lang='lat'><em>‘</em></span> 
     </span>
    </p>
   </div>
   <div class='ocr_carea' id='block_1_115' title="bbox 225 5591 1952 5675">
    <p class='ocr_par' dir='ltr' id='par_1_115' title="bbox 225 5591 1952 5675">
     <span class='ocr_line' id='line_1_116' title="bbox 225 5591 1952 5675; baseline -0.005 -23"><span class='ocrx_word' id='word_1_846' title='bbox 225 5594 307 5666; x_wconf 68' lang='grc' dir='ltr'><strong>(Β)</strong></span> <span class='ocrx_word' id='word_1_847' title='bbox 340 5592 524 5675; x_wconf 58' lang='lat' dir='ltr'><strong>Graeci</strong></span> <span class='ocrx_word' id='word_1_848' title='bbox 574 5592 831 5663; x_wconf 77' lang='lat' dir='ltr'><strong>pluralem</strong></span> <span class='ocrx_word' id='word_1_849' title='bbox 873 5610 902 5650; x_wconf 85' lang='lat' dir='ltr'><strong>a</strong></span> <span class='ocrx_word' id='word_1_850' title='bbox 942 5591 1085 5647; x_wconf 84' lang='lat' dir='ltr'><strong>duali</strong></span> <span class='ocrx_word' id='word_1_851' title='bbox 1138 5608 1361 5659; x_wconf 77' lang='lat' dir='ltr'><strong>numero</strong></span> <span class='ocrx_word' id='word_1_852' title='bbox 1403 5593 1711 5649; x_wconf 85' lang='lat' dir='ltr'><strong>distinctum</strong></span> <span class='ocrx_word' id='word_1_853' title='bbox 1748 5591 1952 5649; x_wconf 88' lang='lat' dir='ltr'><strong>volunt.</strong></span> 
     </span>
    </p>
   </div>
  </div>
