3926 6308
524 370 632 437 τω

1785 362 2079 423 NICET/E
2114 361 2512 420 ΒΥΖΛΝΤΙΝΙ

3646 362 3729 424 704

528 486 673 557 recte
726 475 994 545 exposuit,
1028 457 1379 540 nostrumque
1428 472 1620 540 dogma
1673 473 2046 540 comprobavit

2193 470 2285 523 καὶ
2333 470 2393 523 τό
2442 472 2637 523 οἰκεῖον
2667 468 2839 537 δόγμα
2872 467 3259 528 κατεσκεύασε,
3314 467 3502 538 καιρὸς
3526 468 3625 539 ἤδη
3654 481 3730 530 καὶ

529 547 741 638 tempus
782 531 890 636 jam
960 574 1042 617 est
1095 572 1154 617 ut
1208 563 1633 617 nefandissinms
1676 573 1728 618 et
1748 564 1977 617 mendax
2012 531 2118 617 ιιι)χ

512 662 708 730 ,Arahc
748 658 1065 713 Mohamede
1123 657 1367 712 falsidico
1409 659 1619 709 calamo
1664 659 1895 723 scriptus
1933 657 2085 720 liber,

531 760 711 803 utrum
750 748 994 801 veritatis
1030 756 1295 813 rectaeque
1325 745 1585 798 doctrina:
1638 746 1839 814 aliquid
1873 746 2088 811 habeat,

528 839 961 902 consideremus.

522 928 657 981 Cum
713 927 1060 980 multifariam
1115 930 1415 996 Oppugnari
1453 929 1624 996 possit
1683 928 2088 981 inlicetissimus

534 1018 866 1072 Mohamedis
926 1017 1098 1081 liber;
1154 1026 1297 1071 totus
1363 1020 1506 1070 enim
1569 1018 1843 1075 marcidus
1899 1025 1981 1070 est
2038 1027 2091 1069 et

523 1110 797 1171 ruinosos,
833 1110 1001 1176 putris
1034 1109 1201 1161 instar
1229 1109 1435 1162 aedilicii
1460 1110 1668 1163 cariosa
1696 1110 1915 1183 materie
1933 1124 2087 1161 com-

522 1201 682 1269 pacti,
716 1201 1068 1268 impcrithue
1101 1186 1419 1264 constructi,
1460 1201 1701 1271 nihilque
1751 1181 1965 1253 [irinum
1998 1208 2088 1253 aut

520 1290 713 1363 stabile
738 1292 1019 1345 habentis:
1045 1300 1167 1343 ante
1191 1292 1370 1344 omnia
1396 1304 1771 1360 argumentum
1792 1291 1921 1344 illud
1944 1291 2084 1359 quod

519 1384 687 1430 totum
703 1377 907 1430 :edificii
934 1378 1333 1432 l'umlameutum
1363 1380 1635 1431 continere
1656 1381 1884 1442 videtur,
1905 1379 2087 1447 profe-

518 1459 701 1520 minus
721 1486 734 1531 ;
757 1483 989 1535 namque
1008 1468 1056 1519 id
1071 1484 1196 1520 cum
1217 1469 1384 1521 sancti
1404 1468 1634 1536 Spiritus
1654 1484 1755 1538 ope
1777 1470 2086 1523 subvertere

522 1558 859 1611 meditamur.
900 1557 991 1613 Sic
1013 1560 1245 1611 enim'se
1276 1573 1461 1624 gerere
1511 1559 1876 1612 solentetiam
1916 1560 1948 1611 ii
1992 1563 2084 1627 qui

518 1652 787 1721 ejusmodi
818 1653 1041 1706 aedilicia
1070 1662 1307 1705 evertere
1335 1651 1519 1706 volunt
1543 1671 1555 1717 ;
1590 1652 1843 1705 nimirum
1869 1653 1935 1707 iis
1961 1668 2081 1721 quae

520 1743 694 1797 fulcra
755 1745 1007 1797 videntur
1061 1744 1375 1805 destructis,
1426 1744 1732 1796 universam
1794 1743 1975 1796 subito
2009 1743 2083 1795 fa-

1042 834 1133 891 Sic
1183 854 1311 905 ergo
1364 846 1651 891 tractatum
1716 838 2083 891 exordiantur.
2128 858 2140 872 ο

2188 563 2284 628 τὴν
2319 559 2715 629 μυῌσαρωτάτην
2741 559 2833 610 καὶ
2860 557 3191 627 ψιυδηγόρον
3214 557 3362 626 παρὰ
3387 558 3478 609 τοῦ
3514 560 3729 626 ’Ἄραϐος

2189 632 2432 720 Μωάμετ
2464 650 3039 720 πλαστογραφηθείσαν
3068 650 3267 719 βίϐλον,
3303 650 3395 701 καὶ
3425 652 3492 701 τὰ
3526 652 3581 701 ἐν
3611 650 3728 720 αὐτῇ

2190 744 2535 812 ἐμφερόμενα
2574 745 2622 794 εί
2672 740 2922 809 ἀληθείας
2956 759 3013 793 τε
3050 741 3141 793 καὶ
3194 741 3509 804 εὐθυϐολίας
3540 741 3732 809 ἔχουσιν

2189 831 2616 899 ἐπισκέψασθαι·
2660 830 2889 900 ἄρξομαι
2938 830 2993 882 δέ
3050 831 3142 882 καὶ
3197 831 3561 898 περὶτούτων
3606 824 3744 884 ιῖ›δε·’

2189 919 2491 989 Τοιγαροῦν
2550 920 2748 982 πολλὰς
2804 918 3056 980 ἐπιϐολὰς
3112 920 3417 988 ἀνασκευῆς
3462 907 3727 990 δεχομένω

2188 1005 2281 1057 τοῦ
2312 1005 2651 1072 ἀλογωτάτου
2682 1005 2885 1074 βιϐλίου
2933 1004 3039 1057 τοῦ
3077 1008 3320 1075 Μωάμετ
3350 1008 3490 1077 (ὅλον
3515 1010 3621 1077 γάρ
3647 1024 3730 1063 σα-

2189 1096 2313 1165 θρόν
2340 1098 2399 1148 τέ
2431 1100 2566 1160 ἐστι,
2601 1100 2692 1149 καὶ
2720 1097 3159 1160 εύκατάπτωτον,
3188 1096 3375 1167 ὥσπερ
3401 1098 3731 1167 οἰκίασαθρά

2186 1188 2251 1267 ἐκ
2275 1187 2372 1253 τῆς
2417 1186 2548 1254 ὕλης
2595 1188 2895 1257 εὐφθάρτου
2956 1189 3363 1259 συντεθειμένη.
3398 1188 3635 1258 ἀτεχνῶς
3679 1192 3726 1243 δὲ

2185 1276 2624 1346 οἰκοδομουμένη,
2654 1277 2745 1328 καὶ
2771 1278 3080 1347 μηδαμόθεν
3109 1278 3169 1329 τὸ
3198 1279 3409 1345 βέϐαιον
3441 1282 3531 1332 καὶ
3558 1284 3729 1349 στερέ-

2190 1384 2339 1435 μνιον
2382 1366 2631 1437 ἔχουσα),
2676 1367 2772 1435 τὴν
2832 1371 2891 1420 τὸ
2921 1368 3039 1421 ὅλον
3093 1369 3248 1421 τοῦτο
3284 1370 3525 1439 συνέχειν
3554 1370 3728 1423 δοκοῦν

2187 1460 2382 1531 βάθρον
2430 1461 2566 1531 [βοά.
2620 1460 2909 1531 βάραθρον]
2968 1462 3294 1513 ἀνασπῶσαν
3346 1464 3422 1531 (9)
3481 1463 3729 1533 πρότερον

2187 1556 2553 1622 προσαγοιμεν
2609 1542 2935 1620 ἀνασκευην,
2987 1553 3308 1620 ἀνατρέπειν
3356 1553 3484 1604 αὐτὸ
3520 1554 3618 1604 σὺν
3669 1558 3725 1621 τῇ

2185 1646 2405 1714 δυνάμει
2452 1643 2544 1695 τοῦ
2579 1628 2730 1710 ἁγίου
2790 1643 3100 1717 [ινεύματος
3138 1640 3515 1714 βεϐουλημένοι
3538 1664 3550 1673 ·
3587 1645 3728 1698 τοῦτο

2185 1735 2291 1802 γὰρ
2321 1734 2383 1802 δὴ
2414 1735 2505 1785 καὶ
2537 1734 2627 1785 ἐπὶ
2660 1733 2765 1785 τῶν
2794 1732 3044 1784 τοιούτων
3091 1733 3277 1784 οἰκιῶν
3324 1733 3563 1785 ποιοῦσιν
3596 1736 3642 1786 oi
3672 1736 3726 1786 τὸ

518 1832 720 1887 bricam
762 1834 915 1886 humi
952 1843 1222 1888 sternunt.
1260 1834 1551 1887 Estautem
1594 1834 1766 1902 prima
1812 1835 2066 1888 adversus

2181 1827 2462 1894 καθαιρεῖν
2498 1826 2664 1886 om;
2703 1824 3148 1892 προαιρούμενοι,
3182 1825 3246 1876 τὸ
3293 1825 3479 1877 δοκοῦν
3518 1822 3724 1895 ὑπερεί-

518 1924 621 1979 hoc
653 1936 805 1994 putre
832 1924 1116 1979 aedilicium
1149 1927 1417 1982 machina.
1445 1924 1777 1994 comparatio
1804 1925 1921 1994 ejus
1949 1941 2070 1980 cum
2102 1982 2106 1988 ,

516 2015 695 2070 divina
733 2017 1037 2085 Scriptura.
1077 2015 1209 2069 Nam
1234 2017 1356 2083 quia
1390 2016 1754 2080 Mohamedes,
1789 2015 1937 2068 omni
1980 2030 2072 2085 gee-

517 2119 646 2158 nerc
673 2106 932 2159 doctrina:
968 2108 1190 2170 omisso,
1227 2106 1337 2157 imo
1370 2106 1421 2159 in
1478 2116 1683 2175 tergunt
1712 2106 1931 2174 rejecto,
1973 2122 2065 2159 ca-

515 2204 613 2262 put
637 2196 720 2249 sui
752 2196 1019 2250 sermonis
1045 2196 1327 2256 constituit
1358 2192 1519 2249 in'Dei
1557 2212 1717 2263 quam
1751 2196 1852 2249 sibi
1896 2196 2068 2249 vindi-

516 2291 603 2339 cat
660 2286 1002 2349 allocutione,
1066 2302 1165 2340 nos
1219 2301 1436 2355 quoque
1500 2287 1757 2341 debemus
1825 2287 2064 2340 omnium

514 2384 779 2429 concessu
813 2376 1070 2431 divinitus
1092 2377 1345 2431 dictatam
1381 2379 1713 2446 Scripturam
1734 2394 1856 2431 cum
1888 2393 1950 2430 eo
1995 2377 2062 2428 li-

515 2468 614 2519 bro
637 2466 688 2518 in
721 2467 907 2535 primis
946 2467 1233 2533 conferre;
1276 2479 1334 2521 ut
1360 2479 1613 2522 accurato
1647 2458 2063 2536 comparationis

518 2555 723 2609 lumine
774 2558 1111 2625 deprehensa
1167 2559 1311 2613 illius
1376 2560 1709 2613 absurditate
1754 2568 1808 2612 ct
1875 2559 2064 2611 incon-

515 2650 782 2715 gruentia,
816 2651 1022 2719 reliqua
1054 2653 1234 2704 omnia
1267 2650 1397 2704 falsa
1434 2661 1484 2705 ct
1518 2667 1673 2715 vana,
1706 2648 1933 2719 ideoque
1960 2663 2059 2717 pa-

514 2736 619 2791 lam
653 2738 1024 2807 vituperanda,
1059 2740 1410 2808 despuantur.

2176 1919 2284 1969 δειν
2304 1918 2563 1987 πρότερον
2589 1916 2885 1977 ἀνελόντες,
2910 1917 3086 1966 πᾶσαν
3111 1916 3277 1984 αὐτὴν
3302 1916 3505 1991 ἀθρόως
3535 1919 3613 1979 εἰς
3632 1918 3724 1985 γῆν

2158 2009 2635 2079 ,καταστρέφουσιν
2662 2023 2675 2049 '.
2711 2006 2823 2058 ἐστι
2855 2006 2907 2056 δὲ
2943 2008 2973 2071 ἡ
3004 2004 3192 2076 πρώτη
3233 2008 3373 2059 κατὰ
3402 2006 3499 2075 τῆς
3530 2007 3724 2074 σαθρᾶς

2171 2101 2369 2167 ταύτης
2398 2099 2782 2167 προσαγομένη
2810 2097 3094 2165 οἰκοδομῆς
3132 2098 3363 2167 μηχανὴ,
3396 2101 3426 2168 ἡ
3475 2102 3605 2166 πρὸς
3638 2102 3725 2169 τὴν

2172 2192 2317 2243 θείαν
2351 2189 2567 2259 Γραφὴν
2594 2188 2879 2256 σύγκρισις
2900 2204 2912 2216 ·
2947 2188 3130 2255 ἐπειδὴ
3154 2189 3260 2257 γὰρ
3281 2190 3439 2253 αὐτὸς
3468 2193 3577 2243 πᾶν
3598 2186 3723 2253 εἶδος

2171 2282 2326 2348 λόγου
2362 2280 2732 2350 παραδραμὼν
2788 2280 2882 2331 καὶ
2932 2279 3381 2342 κατόπινέαυτοῦ
3416 2282 3597 2349 ῥίψας,
3635 2284 3723 2352 τὴν

2171 2369 2411 2439 κορυφὴν
2441 2368 2548 2420 τῶν
2568 2369 2738 2435 λόγων
2765 2372 2861 2436 τὴν
2893 2368 3213 2420 αὑτόλεκτον
3238 2368 3328 2420 τοῦ
3360 2370 3501 2422 Θεοῦ-
3519 2370 3724 2439 ὁμιλίαν

2170 2462 2317 2532 αὑτῷ
2369 2461 2743 2530 ἀπεγράψατο,
2785 2460 3071 2529 ὀφείλομεν
3120 2459 3214 2511 καὶ
3265 2462 3423 2529 ἡμεῖς
3469 2463 3605 2529 πρὸς
3636 2466 3723 2529 τὴν

2170 2552 2597 2623 ὁμολογουμένην
2642 2550 2792 2619 παρὰ
2838 2550 3051 2602 πάντων
3088 2549 3363 2603 θεόλεκτον
3404 2554 3643 2624 Γραφὴν,
3669 2555 3723 2606 τὸ

2169 2644 2405 2695 τοιοῦτον
2436 2642 2667 2711 γράμμα
2696 2643 2958 2710 πρότερον
2984 2641 3331 2711 παραθεῖναι,
3358 2643 3431 2706 ὡς
3462 2644 3525 2697 ἂν
3552 2649 3617 2716 τῇ
3644 2647 3725 2698 διὶ

2169 2733 2265 2800 τῆς
2288 2730 2635 2800 παραθέσεως
2655 2729 3018 2800 ἀκριϐολογίᾳ,
3047 2729 3102 2781 τὸ
3126 2730 3407 2784 ἀλλόκοτον
3436 2734 3528 2785 καὶ
3545 2735 3712 2803 ἀσύμ-

512 2828 673 2882 ϐατον
724 2827 884 2882 αὑτοῦ
937 2830 1204 2897 φωραθέν,
1263 2829 1607 2913 ὄλονθιοιπδν
1660 2829 1850 2899 ψευδές
1905 2845 1963 2880 τε
2027 2824 2123 2878 καὶ
2151 2825 2418 2893 μάταιον,
2448 2824 2542 2875 καὶ
2600 2822 2685 2875 διά
2715 2825 2869 2878 τοῦτο
2898 2827 3151 2898 ἐπίψογον
3194 2831 3522 2902 ἀπελεγχθέν
3565 2841 3723 2886 κατα·

513 2919 751 2972 παύοιτο.

581 3032 978 3101 ‘27.!nspirata:
1022 3032 1279 3087 divinitus
1337 3032 1629 3101 Scriptura;
1688 3033 2064 3101 unusquisque

2235 3027 2333 3091 κζ’.
2370 2996 2478 3097 Τῆς
2505 3028 2858 3082 θεοπνεύστου
2900 3031 3121 3099 Γραφῆς
3159 3034 3379 3104 ίδίᾳίκαὶ
3408 3039 3531 3107 παρ’
3560 3039 3719 3106 ἑαυτῇ

512 3121 667 3185 liber,
702 3138 942 3175 seorsum
971 3133 1044 3193 ,ει
1070 3138 1160 3190 per
1207 3138 1263 3176 se
1297 3133 1588 3191 Spectatus,
1644 3139 1951 3192 quanquam
1998 3124 2064 3175 ad

512 3227 678 3264 unum
708 3212 979 3279 religionis
1010 3227 1228 3280 scopum
1280 3213 1703 3279 tcndit.qualem
1750 3221 1931 3265 tamen
1972 3227 2066 3279 pe-

511 3300 791 3354 culiariter
817 3301 1097 3353 materiam
1130 3302 1421 3366 contineat,
1456 3304 1786 3356 denmnstrat
1828 3318 1890 3354 ex
1927 3317 2064 3370 prae-

511 3391 689 3457 posito
736 3390 837 3443 sibi
876 3390 1046 3453 titulo,
1095 3390 1184 3457 qui
1225 3400 1595 3459 argumentum
1651 3400 1820 3444 totum
1849 3392 2059 3458 aperit:

512 3480 585 3532 ita
630 3492 688 3531 ut
726 3480 806 3532 vel
856 3480 969 3533 sola
996 3481 1326 3547 singulorum
1386 3483 1722 3534 voluminum
1778 3481 2060 3551 inscriptio

513 3568 793 3635 profanum
826 3566 1136 3639 Quemlibet,
1197 3572 1389 3624 nedum
1427 3572 1717 3634 initiatum,
1776 3575 1840 3627 ad
1872 3574 2060 3628 lectio-

515 3675 634 3712 nem
697 3661 1018 3713 audiendam
1075 3662 1279 3714 invitet.
1352 3661 1548 3726 Veluti,
1602 3664 1833 3730 exempli
1874 3680 2057 3729 causa,

511 3750 711 3819 Moysis
748 3750 987 3819 quinque
1037 3752 1181 3813 libri,
1236 3752 1286 3805 id
1336 3762 1437 3817 est,
1490 3753 1711 3807 Genesis
1754 3764 1805 3808 et
1847 3756 2059 3823 reliqui,

511 3855 805 3909 congruam
845 3840 1005 3893 titulo
1060 3842 1447 3895 continentiam
1486 3852 1648 3897 totam
1709 3843 1907 3898 habent
1935 3860 2061 3899 ora-

513 3928 784 3997 tionisque
814 3938 1227 3983 consectaneam
1256 3932 1380 3993 vim,
1410 3930 1462 3984 et
1485 3949 1605 4001 qua:
1622 3949 1721 3987 suo
1746 3945 2061 4003 argumento

511 4018 857 4079 conveniunt,
910 4028 1098 4087 utpar
1139 4029 1237 4082 est,
1280 4033 1523 4076 narrant.
1582 4022 1765 4092 Itaque
1814 4024 2057 4088 Genesis,

510 4123 631 4175 qua}
662 4116 789 4162 sunt.
819 4124 1075 4177 geneseos
1104 4114 1348 4178 propria;
1384 4112 1615 4176 Exodus,
1646 4130 1763 4183 quae
1804 4115 1856 4169 in
1887 4117 2060 4169 exodo

510 4209 639 4252 sunt
674 4210 919 4267 peracta;
980 4199 1432 4255 Deuterouomion
1485 4206 1732 4273 denique,
1786 4224 1903 4274 qua:
1950 4209 2061 4277 lege

509 4287 701 4340 iterum
719 4289 920 4341 sancita
952 4288 1181 4342 fuerunt.
1217 4280 1542 4345 Posteriores
1565 4310 1777 4363 quoque
1808 4296 1922 4347 libri
1942 4313 2061 4363 pro-

2164 3118 2469 3187 τεταγμένη
2521 3119 2723 3185 ἑκάστη
2777 3119 2972 3188 βίϐλος,
3010 3124 3057 3173 εί
3104 3126 3193 3175 καὶ
3224 3126 3356 3194 πρὸς
3387 3127 3479 3179 ἕνα
3511 3128 3602 3178 τὸν
3628 3127 3721 3195 τῆς

2166 3209 2447 3267 εὐσεϐείας
2486 3208 2745 3275 ἀφορῶσα
2769 3213 2991 3270 σκοπὸν,
3028 3211 3141 3262 ἀλλ’
3175 3209 3266 3265 οὖν
3297 3216 3716 3285 διευκρινημένη

2164 3300 2313 3371 πᾶσά
2336 3301 2483 3350 ἐστιν
2525 3300 2623 3367 τῆς
2653 3299 2755 3350 ἀνὰ
2787 3300 2947 3369 μέρος
2978 3302 3372 3371 περιληπτικῆς
3398 3306 3715 3367 ὑποθέσεως,

2164 3354 2226 3439 ἐκ
2252 3387 2350 3453 τῆς
2375 3386 2511 3439 κατά
2688 3354 3017 3458 πραγραφὴν
3048 3354 3466 3458 σημιασίαςῗσὺν
3518 3394 3594 3463 τῷ
3624 3354 3751 3464 6);),

2168 3476 2351 3545 σκοπῷ
2385 3476 2485 3545 τῆς
2520 3476 2697 3544 βίϐλου
2720 3477 3052 3547 δηλουμένης
3076 3495 3089 3508 ·
3118 3480 3193 3542 ὡς
3219 3482 3399 3534 καὶῆ
3437 3484 3607 3552 μόνης
3628 3486 3721 3551 τῆς

2166 3569 2533 3636 προσηγορίας
2571 3568 2801 3638 ἑκάστης
2850 3570 3191 3638 συγγραφῆς,
3226 3572 3316 3624 καὶ
3351 3570 3440 3627 τὸν
3481 3575 3723 3644 ἀμύητον

2165 3659 2298 3725 πρὸς
2327 3657 2585 3726 ἀκρόασιν
2616 3658 2979 3726 ἐπιστρέφειν,
3017 3661 3088 3727 μή
3121 3661 3171 3712 τί
3221 3677 3281 3727 γε
3312 3662 3400 3714 τὸν
3434 3666 3718 3736 [nummi-

2164 3763 2249 3799 vov
2269 3764 2282 3777 ·
2314 3746 2407 3809 ὡς,
2441 3747 2571 3816 φέρε
2592 3750 2785 3812 εἰπεῖν,
2806 3749 2872 3800 τὰ
2903 3750 3040 3823 κατά
3070 3750 3305 3804 Μωῡσέα
3337 3753 3494 3804 πέντε
3521 3755 3719 3823 βιϐλία,

2162 3836 2304 3904 φημὶ
2335 3836 2411 3897 δὲ,
2440 3838 2474 3905 ῆ
2510 3854 2569 3888 τε
2602 3837 2816 3899 Γένεσις
2840 3838 2933 3890 καὶ
2972 3837 3037 3899 τὰ
3065 3839 3245 3905 λοιπὰ,
3282 3841 3630 3909 ἁρμόζουσαν
3657 3847 3720 3913 τῇ

2163 3929 2453 3995 προγραφῇ
2488 3928 2586 3995 τὴν
2613 3926 2818 3981 ἔννοιαν
2844 3928 2992 3997 ὃλην,
3035 3931 3128 3982 καὶ
3153 3932 3248 4001 τὴν
3280 3932 3373 3985 τοῦ
3406 3933 3563 4001 λόγου
3597 3934 3721 3987 σύν-

2161 4016 2354 4084 δρομον
2387 4016 2633 4085 δύναμιν,
2664 4019 2756 4069 καὶ
2796 4018 2863 4070 τά
2899 4022 3016 4071 κατ’
3071 4022 3236 4091 αὐτὴν
3269 4022 3551 4092 πρόσφορα
3594 4044 3719 4094 πρε-

2163 4107 2366 4168 πόντως
2420 4108 2778 4176 παρίστησιν·
2835 4110 2956 4179 ἥτε
3010 4112 3116 4179 γὰρ
3175 4113 3427 4177 Γένεσις,
3483 4116 3583 4167 ὅσα
3623 4117 3718 4184 τῆς

2163 4196 2424 4263 γενέσεως
2470 4193 2569 4267 ἦν’
2597 4199 2629 4266 ἦ
2658 4216 2714 4249 τε
2742 4201 2838 4266 τῆς
2869 4201 3093 4267 Ἐξόδου,
3118 4204 3216 4255 ὃσα
3243 4207 3299 4256 ἐν
3322 4209 3385 4275 τῇ
3414 4207 3578 4277 ἐξόδῳ
3626 4210 3719 4260 πέ-

2163 4306 2429 4357 πρακται·
2462 4290 2489 4340 ὅ
2515 4305 2573 4339 τε
2603 4289 2861 4359 Δεύτερος
2888 4293 3046 4359 νόμος
3076 4295 3174 4345 ὅσα
3203 4296 3262 4345 τὸ
3303 4296 3550 4367 δεύτερον
3578 4317 3716 4352 νενο-

512 4379 624 4444 prie
660 4388 839 4445 atque,
864 4388 919 4432 ut
980 4381 1049 4432 ita
1080 4383 1275 4443 dicam,
1306 4392 1508 4435 naturae
1560 4401 1669 4438 sua:
1702 4396 2058 4450 congruenter

2170 4380 2479 4446 μοθέτηκεν,
2519 4381 2612 4430 καὶ
2641 4380 2709 4430 τὰ
2740 4381 2969 4448 καθεξῆς
2994 4385 3206 4446 οἰκείως
3228 4402 3285 4436 τε
3319 4389 3410 4439 καί
3434 4391 3714 4459 συμφυῶς,

509 4468 752 4536 inscripti
804 4470 972 4523 fuere.
1012 4471 1268 4523 Similiter
1300 4473 1349 4524 in
1380 4473 1683 4542 Prophetis,
1746 4478 1796 4528 in
1834 4476 2054 4544 Sapien-

512 4559 746 4620 tialibus,
793 4560 843 4612 in
906 4561 1108 4627 liegum
1142 4563 1310 4621 libris,
1339 4564 1382 4615 si
1407 4580 1636 4632 qureres,
1674 4567 1874 4621 factum
1902 4584 2051 4629 com-

508 4652 715 4717 peries;
757 4653 939 4705 divino
976 4652 1177 4720 Spiritu
1224 4656 1358 4707 duce
1386 4656 1438 4707 in
1492 4658 1591 4709 hoc
1620 4674 1853 4726 quoque,
1885 4672 1941 4713 ut
1967 4677 2053 4714 ar-

507 4740 694 4803 bitror,
730 4742 1094 4795 sinceritatem
1117 4759 1267 4797 suam
1300 4756 1349 4799 et
1371 4748 1687 4815 sapientiam
1738 4752 2043 4807 exhibente.

510 4828 729 4898 Oportet
757 4834 897 4885 enim
948 4834 1141 4886 utentis
1166 4834 1413 4889 humana:
1446 4840 1782 4906 magistrum,
1810 4858 1869 4893 ea
1927 4858 2045 4909 quae

478 4938 690 4976 sanam
742 4925 1063 4976 sententiam
1114 4926 1365 4991 eﬂiciunt,
1400 4940 1553 4983 antea
1588 4931 1703 4984 sine
1737 4932 1863 4984 vitio
1892 4934 2045 4985 exhi-

505 5014 663 5077 bere;
699 5023 755 5065 ut
779 5026 1058 5080 postquam
1089 5014 1499 5071 iiitellrctualetn
1523 5037 1738 5074 sensum
1766 5024 2048 5076 rectitudi-

506 5103 591 5153 nis
616 5118 725 5154 su:e
776 5103 1278 5170 homo'gustavcrit,
1335 5117 1462 5159 tunc
1513 5124 1689 5163 rerum
1720 5127 1937 5179 quoque
1974 5127 2049 5165 rc-

505 5195 795 5245 motiorum
824 5195 1016 5246 certior
1045 5195 1152 5248 tiat.

572 5301 660 5352 28.
682 5303 746 5353 At
770 5302 907 5354 enim
936 5304 1291 5369 deplorandus
1312 5311 1361 5353 et
1382 5303 1743 5372 ineptissimum
1775 5312 2046 5365 Mohamc-

506 5391 586 5441 dis
614 5390 801 5443 Arabis
844 5392 1081 5450 libellus.
1128 5403 1474 5459 prmterquam
1530 5404 1667 5465 quod
1704 5402 2047 5465 liiaSphemiis

508 5479 766 5534 adversus
794 5481 1125 5535 Altissimum
1173 5493 1375 5553 sratet,
1422 5502 1540 5539 cum
1584 5490 1727 5538 muni
1774 5490 2041 5543 incondita

2124 4470 2227 4531 οὼς
2260 4472 2452 4534 εἰπεῖν,
2484 4472 2837 4541 περιώρισται
2862 4491 2873 4503 ·
2907 4474 3106 4542 ὁμοίως
3147 4476 3203 4528 δὲ
3230 4478 3331 4529 κάν
3360 4483 3474 4542 ταῖς
3500 4482 3717 4551 Προφη-

2152 4561 2339 4622 τείαις,
2376 4562 2474 4617 κάν
2503 4565 2619 4623 ταῖς
2644 4564 2884 4627 Σοφίαις,
2927 4567 3027 4617 κὰν
3053 4569 3172 4628 ταῖς
3200 4568 3503 4630 Βασιλείαις
3537 4572 3731 4639 ζητῶν.

2152 4650 2419 4718 εὑρήσεις,
2460 4651 2519 4701 τὸ
2574 4653 2829 4713 ἀπλανὲς,
2878 4650 3049 4722 οἶμαι,
3076 4656 3171 4706 καὶ
3198 4658 3358 4722 σοφὸν
3390 4658 3483 4709 τοῦ
3520 4660 3715 4727 ὁδηγοῦ

2157 4739 2297 4789 Θείου
2330 4740 2640 4807 Πνεύματος
2685 4742 2773 4793 τοῦ
2802 4740 2967 4808 λόγου
2988 4745 3088 4795 κάν
3114 4745 3284 4814 τούτῳ
3315 4750 3681 4815 παριστάντος
3700 4767 3713 4781 ·

2150 4831 2228 4881 δεῖ
2258 4833 2363 4899 γὰρ
2392 4832 2480 4883 τὸν
2510 4833 2602 4883 τοῦ
2631 4833 2719 4884 νοῦ
2758 4835 3098 4907 παιδαγωγὸν
3151 4837 3216 4888 τὰ
3252 4841 3588 4909 ἐμποιητικά
3619 4842 3717 4909 τῆς

2150 4922 2416 4982 ἀπλανοῦς
2442 4923 2711 4986 γνώσεως,
2741 4925 2996 4993 πρότερον
3020 4927 3312 4996 ἀλωϐήτως
3337 4935 3515 5001 κοσμή
3527 4951 3712 4992 σαντα.

2151 5013 2222 5073 ὡς
2252 5014 2349 5081 τὴν
2379 5014 2571 5081 νοητὴν
2597 5015 2849 5083 αἴσθησιν
2888 5016 2984 5083 τῆς
3012 5016 3215 5079 οἰκείας
3249 5015 3542 5088 ὀρθότητος
3586 5026 3717 5075 ἀπο-

2152 5106 2501 5173 γευσάμενον,
2522 5106 2583 5177 ¹τὸ
2610 5106 2906 5172 τηνικαῦτα
2943 5108 3034 5158 καὶ
3068 5110 3194 5176 περὶ
3226 5111 3330 5161 τῶν
3358 5116 3717 5184 πορῥωτέρων

2151 5195 2602 5247 διαϐεϐαιοῦσθαι.

2222 5313 2323 5379 κη’.
2358 5315 2427 5362 Τὸ
2448 5313 2501 5364 δέ
2532 5331 2593 5379 γε
2621 5316 2886 5368 οἴκτιστον
2919 5317 3010 5368 καὶ
3044 5317 3319 5382 ἀλόγιστον
3352 5317 3445 5368 τοῦ
3479 5317 3719 5388 Ἀραόος

2153 5405 2389 5467 Μωάμετ
2415 5402 2683 5470 βιϐλίδιον,
2714 5409 2846 5476 μετὰ
2883 5409 2980 5469 τὰς
3006 5410 3082 5470 είς
3114 5409 3202 5459 τὸν
3230 5408 3489 5475 ’Ὕψιστον
3511 5410 3717 5476 δυσφη-

2154 5493 2275 5558 μίας
2312 5494 2608 5561 ἀνάμεστον
2636 5498 2919 5564 τυγγάνον,
2950 5499 3044 5549 σὺν
3087 5498 3237 5569 πάσῃ
3262 5501 3324 5566 τῇ
3356 5499 3593 5568 ἀκόσμῳ
3625 5501 3715 5551 καὶ

579 5629 1035 5719 ίθξξλῑριιιιιιιηςει
1070 5631 1289 5691 fortasse
1318 5640 1665 5691 ἁνασπῶπαν·
1713 5654 1765 5693 et
1834 5644 2047 5710 quidem
2089 5646 2157 5699 ita
2196 5649 2448 5702 reiectum
2514 5652 2691 5704 fuitin
2726 5651 2914 5705 Codice
2942 5668 2971 5709 a
3000 5654 3237 5707 secunda
3314 5670 3498 5719 manu,
3562 5657 3693 5711 ahta

513 5698 585 5751 sis
605 5699 803 5768 aliquot
836 5702 1071 5766 syllabis.
