3926 6308
463 420 564 481 707

1673 413 1968 474 ΝΙΟΕΤίΕ
2007 414 2409 476 ΒΥΖΛΝΤΙΝῙ

3565 408 3678 475 ’108

466 537 570 591 ret,
607 523 962 596 theologicam
1009 523 1148 576 hanc
1183 522 1534 592 irreligiosam
1579 537 1762 576 vocem
1793 521 2018 590 crepuit,

2121 526 2182 577 τὸ
2209 525 2380 586 Θείον,
2403 485 2694 594 μᾶλλονδὲ,
2720 523 2796 586 ὡς
2823 509 2980 585 αὐτὸς
3008 517 3179 586 εἶπεν,
3210 520 3533 591 ὀλόσφαιρός
3559 522 3675 585 (Η)

464 617 606 688 quod
643 630 835 684 nempe
873 614 1014 669 Deus
1051 613 1221 683 ﬁgura
1255 612 1515 680 sphaerica
1549 611 1639 675 sit,
1685 612 1793 665 imo
1837 611 2014 681 potius

462 716 633 761 totum
675 706 988 774 sphaeralem
1022 705 1187 758 Deum
1220 703 1375 766 dixit,
1411 710 1611 770 putans
1639 718 1762 757 eum
1794 716 2015 770 prorsus

461 811 582 850 esse
607 811 920 863 corporemn
949 811 965 860 ;
1001 811 1172 864 neque
1197 795 1340 848 enim
1370 795 1525 846 aliter
1548 793 1768 861 sphaera!
1792 794 2014 862 figurant

460 885 745 953 reciperet.
797 884 913 939 Jam
959 881 1421 938 eum'materialis
1466 883 1672 952 sphzera
1723 884 2014 937 secundum

464 975 833 1029 Illohamcdem
859 976 998 1031 Deus
1020 978 1108 1039 sit,
1128 978 1173 1030 is
1194 976 1407 1044 quidem
1439 990 1609 1044 neque
1624 975 1825 1041 audiet,
1846 991 2018 1044 neque

464 1074 667 1129 cernet,
703 1067 1151 1130 intellectualiter,
1196 1067 1416 1133 inquam
1447 1082 1461 1130 ;
1505 1081 1677 1135 neque
1708 1067 1836 1120 item
1876 1078 2018 1135 aget,

466 1157 513 1210 si
539 1158 757 1224 quando
785 1159 851 1210 ah
882 1159 987 1210 alio
1020 1158 1338 1221 movebitur,
1374 1157 1745 1226 praecipueque
1766 1157 2018 1210 deorsum

464 1245 815 1298 stolidissime
830 1241 1117 1299 deleretur.
1146 1245 1363 1315 Ignosce
1386 1247 1538 1310 mihi,
1561 1244 1724 1308 Deus,
1749 1245 2028 1300 Mohame-

463 1334 547 1388 dis
605 1336 923 1388 sententiam
977 1337 1207 1400 dicenti,
1257 1351 1564 1405 quanquam
1612 1337 1788 1406 potius
1832 1350 2020 1391 contra

463 1421 640 1488 ipsum
692 1424 951 1491 loquenti.
998 1421 1154 1488 Quod
1185 1424 1228 1479 si
1265 1426 1399 1478 forte
1433 1426 1608 1493 ipsum
1653 1426 1848 1479 coelum
1892 1427 2022 1480 dicit

468 1512 657 1576 Deum,
689 1515 829 1568 sicut
855 1515 1006 1567 multi
1040 1515 1377 1568 ethnicorum
1411 1514 1632 1568 fabulati
1661 1525 1812 1580 sunt,
1845 1516 2020 1570 adlmc

463 1615 588 1652 vere
633 1617 727 1652 uos
756 1601 992 1656 diximus
1037 1602 1427 1669 daemoniacum
1473 1618 1593 1657 esse
1626 1601 2019 1657 Mohamedem.
2057 1652 2061 1656 .

460 1687 817 1759 PhysioIOgiae
863 1693 1078 1761 insuper
1127 1695 1202 1746 vel
1245 1694 1377 1746 nihil
1428 1695 1650 1748 omnino
1694 1695 1889 1759 novit;
1938 1695 2021 1748 vel

462 1795 584 1831 cum
622 1795 739 1833 eam
775 1781 1008 1837 salutare
1039 1782 1104 1836 de
1134 1785 1318 1837 limine
1359 1787 1558 1850 audet,
1587 1800 1652 1839 en
1687 1786 1817 1839 dicit
1840 1785 2018 1839 homi-

461 1884 585 1923 nem
618 1887 682 1924 ex
719 1872 968 1926 hirudine
1005 1888 1124 1929 esse
1154 1873 1350 1928 factum
1377 1891 1392 1940 ;
1425 1883 1480 1930 et
1507 1876 1674 1930 solem
1705 1877 1758 1930 in
1788 1864 2016 1931 calidam
2054 1869 2091 1922 Β

461 1975 655 2028 aquam
678 1962 972 2034 submergi,
999 1980 1117 2018 cum
1150 1966 1216 2019 ad
1245 1981 1519 2035 vesperam
1551 1967 1785 2022 devenit.
1813 1967 1931 2022 Jam
1965 1969 2018 2022 in

465 2067 523 2105 re
569 2056 755 2106 morali
799 2056 926 2124 quid
951 2058 1071 2110 ait?
1115 2057 1420 2112 Satisfacite
1460 2060 1746 2114 animabus
1770 2061 1965 2115 vestris
2003 2078 2018 2126 ;

461 2142 606 2195 odite
627 2146 941 2211 quemlibet,
975 2157 1136 2216 prout
1163 2147 1249 2202 ille
1278 2164 1372 2202 vos
1405 2150 1597 2203 oderit.
1621 2148 1773 2215 Quod
1806 2165 1932 2204 vero
1951 2150 2019 2204 ad

463 2233 742 2286 historiam
765 2237 974 2300 attinet,
999 2248 1198 2306 quanta
1227 2239 1293 2292 de
1319 2239 1519 2310 Moyse,
1543 2250 1596 2293 et
1619 2243 1682 2296 de
1707 2241 1822 2309 ipso
1841 2232 2026 2294 [δοιοὶ-ν

463 2339 533 2377 no
565 2333 748 2380 nostro
769 2325 892 2381 Jesu
923 2328 1138 2383 Christo
1162 2332 1414 2384 mentitur
1447 2331 1470 2382 ‘i
1507 2332 1660 2398 quasi
1689 2331 1799 2386 haec
1825 2332 1906 2386 vel
1927 2332 2018 2387 illa

463 2410 651 2468 fecerit
700 2427 790 2470 aut
834 2417 1045 2473 loeutus
1092 2419 1300 2486 fuerit;
1355 2437 1476 2490 qua;
1512 2421 1758 2476 videlicet
1798 2422 2021 2492 legendo

462 2505 808 2570 cognoscitis.
853 2505 986 2558 Nam
1032 2508 1236 2562 Christi
1295 2509 1516 2564 Matrem
1584 2525 1825 2564 sororem
1899 2524 2020 2566 esse

462 2591 662 2662 Moysis
703 2595 849 2661 dicit,
880 2606 931 2650 et
966 2597 1304 2653 Christianos
1345 2615 1465 2653 cum
1503 2599 1683 2669 Moyse
1710 2601 1762 2652 in
1805 2599 2020 2654 deserto

460 2693 722 2734 versatos.
753 2683 818 2735 Et
857 2674 921 2738 ne
960 2694 1152 2739 cuncta
1191 2703 1334 2742 nunc
1370 2703 1713 2748 enumerans,
1756 2689 1866 2742 haec
1904 2689 2020 2743 sine

462 2770 925 2830 demonstratione
943 2778 1332 2844 reprehendere
1352 2780 1553 2842 videar,
1579 2794 1639 2832 ea
1662 2777 2018 2833 confutationi

462 2869 650 2928 postea
678 2879 801 2917 cum
839 2863 930 2918 Dei
966 2868 1136 2932 gratia
1170 2866 1427 2922 faciendae
1453 2869 1758 2922 reservabo.
1802 2867 2020 2921 Interim

461 2963 688 3012 eatenus
720 2964 925 3007 tantum
955 2967 1218 3024 quatenus
1240 2973 1375 3024 opus
1400 2967 1515 3010 erat
1539 2957 1607 3009 ob
1627 2958 2018 3010 ostendendum

460 3044 643 3097 divina
702 3047 1044 3116 humanaque
1086 3049 1349 3115 sapientia
1421 3047 1664 3101 vacuam
1717 3047 1887 3101 fuisse
1928 3062 2018 3102 su-

425 3187 434 3196 _
461 3138 682 3204 perbam
713 3136 1046 3191 Mohamedis
1078 3148 1332 3201 mentem,
1372 3147 1426 3192 et
1464 3137 1656 3207 quovis
1688 3137 2019 3190 charismate

461 3226 718 3278 divinitus
761 3226 1073 3280 hominibus
1098 3226 1212 3310 dari
1236 3226 1397 3281 solito
1418 3227 1678 3291 caruisse,
1708 3225 2016 3279 summatim

460 3309 735 3386 pradicta'
752 3318 1018 3370 recensui.

543 3404 632 3456 50.
665 3403 800 3456 Nam
827 3420 948 3457 cum
977 3404 1235 3458 tredecim
1278 3420 1439 3473 supra
1477 3415 1695 3458 centum
1743 3413 1885 3458 totus
1924 3405 2013 3459 hic

2117 618 2262 668 ἐστιν
2295 618 2322 668 6
2354 616 2506 679 Θεὸς,
2537 615 2696 687 σῶμα
2735 614 2948 677 πάντως
2975 613 3134 666 αὐτὸν
3158 611 3400 682 οἰόμενος
3419 627 3432 639 ·
3465 609 3528 663 οὐ
3562 611 3680 680 γὰρ

2118 706 2183 760 ἃν
2214 706 2382 768 ἄλλως
2415 705 2474 758 τὸ
2510 708 2605 776 τῆς
2630 705 2858 775 σφαίρας
2886 703 3097 775 ἐδέχετο
3123 704 3339 770 σχῆμα·
3375 701 3587 769 σφαῖρα
3619 701 3680 754 ει

2108 797 2275 868 »ὑλικὴ
2321 798 2439 850 κατ’
2473 786 2634 850 αὑτὸν
2679 796 2978 864 τυγχάνων,
3024 793 3147 846 οὔτε
3197 790 3511 853 ἀκούσεται,
3545 790 3677 844 οὕτε

2117 889 2300 956 ὄψεται
2355 888 2557 958 νοητῶς
2593 887 2851 957 δηλονότι,
2906 883 3028 969 οὔτε
3065 883 3347 952 ἐνεργήσει
3404 879 3592 945 πάλιν,
3627 881 3684 932 εἴ

2119 997 2220 1030 που
2251 976 2400 1047 τύχοι
2451 979 2576 1046 παρ’
2637 975 2795 1030 ἄλλου
2834 969 3093 1043 κινηθεὶς,
3147 972 3240 1025 καὶ
3269 971 3503 1040 μάλιστα
3530 972 3682 1024 κατὰ

2119 1067 2355 1137 πρανοῦς
2374 1067 2669 1134 ἀλογίστως
2698 1063 2985 1135 φέρεσθαι*
3016 1063 3259 1132 ίλάσοητι
3293 1062 3444 1131 ἡμῖν,
3468 1061 3498 1113 6
3517 1059 3676 1126 Θεὸς,

2119 1159 2187 1210 τὰ
2211 1157 2374 1211 αὑτοῦ
2403 1157 2668 1224 λέγουσιν,
2691 1157 2737 1207 εί
2764 1155 2856 1209 καὶ
2878 1155 2994 1207 κατ’
3025 1153 3188 1207 αὑτοῦ
3213 1169 3227 1185 ο
3255 1155 3302 1204 εἰ
3333 1152 3390 1204 δὲ
3416 1151 3480 1220 δὴ
3508 1151 3678 1205 αὐτον

2121 1250 2208 1302 τὸν
2236 1249 2459 1318 οὐρανὸν
2481 1248 2569 1300 τὸν
2596 1247 2726 1300 Θεὸν
2753 1247 2919 1312 λέγει,
2949 1245 3020 1307 ὼς
3051 1244 3234 1296 πολλοὶ
3261 1243 3366 1296 τῶν
3407 1241 3678 1312 Ἑλλήνων

2121 1341 2408 1411 ὲλήρησαν,
2449 1340 2542 1392 καὶ
2570 1338 2741 1401 οὕτως
2776 1336 3062 1406 ἀληθεύσει
3088 1338 3114 1388 6
3142 1335 3315 1402 λόγος,
3345 1332 3679 1403 δαιμονιώδη

2119 1431 2276 1484 αὑτὸν
2327 1431 2561 1501 εἰρηκὼς
2619 1427 2776 1482 εἶναι.
2835 1429 2926 1490 EI;
2972 1427 3027 1480 δὲ
3085 1424 3426 1495 φυσιολογίαν
3459 1424 3492 1494 ἢ
3523 1422 3678 1477 οὐδὲν

2122 1525 2285 1591 φάναι
2310 1523 2595 1593 ἠπίστατο,
2635 1523 2667 1591 ἢ
2707 1522 2756 1574 εί
2789 1521 2883 1573 καὶ
2921 1518 3194 1588 προκύψαι
3219 1519 3296 1578 είς
3324 1515 3481 1569 τοῦτο
3523 1515 3679 1568 £161-

2125 1631 2312 1684 μησεν,
2369 1613 2513 1680 λέγει
2563 1612 2673 1681 (15)
2720 1613 2801 1664 ὅτι
2856 1612 2920 1662 ὲκ
2948 1609 3161 1678 βδέλλης
3199 1606 3363 1676 (16)ό
3388 1605 3680 1675 ἄνθρωπος

2119 1708 2346 1775 γίνεται,
2380 1708 2472 1758 καὶ
2499 1707 2527 1758 6
2556 1705 2702 1773 ἣλιος
2755 1704 2832 1767 είς
2867 1701 3074 1772 Θερμον
3105 1699 3248 1768 ὓδωρ
3277 1695 3689 1760 καταϐαπτίζε-

2120 1813 2208 1849 ται
2234 1797 2370 1867 πρὸς
2399 1796 2633 1865 ἑσπέραν
2687 1794 2978 1864 φερόμενος
3007 1791 3140 1861 (17).
3171 1791 3262 1852 EI;
3296 1789 3352 1841 δὲ
3383 1788 3596 1857 ἠθικὸν,
3624 1787 3683 1837 τί

2121 1888 2210 1939 καί
2240 1903 2432 1958 φησιν;
2465 1884 2750 1938 Συνέλθετε
2785 1888 2900 1946 ταῖς
2932 1883 3128 1952 ψυχαῖς
3158 1881 3331 1950 ὑμῶν,
3358 1880 3451 1931 καὶ
3475 1878 3682 1948 ἐχθρά-

2121 1993 2245 2028 νατε
2271 1975 2454 2039 παντὶ,
2477 1973 2595 2027 καθ’
2625 1973 2653 2026 6
2687 1973 2792 2034 πᾶς
2821 1989 2904 2034 τις
2949 1971 3215 2040 ἐχθραίνει
3243 1971 3370 2038 ὑμῖν
3405 1969 3539 2036 (I8).
3573 1967 3679 2028 Si;

2119 2067 2174 2120 δὲ
2206 2066 2461 2137 ιστορίαν,
2491 2066 2590 2118 ὅσα
2621 2064 2895 2126 Μωῦσὲως
2943 2061 3351 2130 καταψεύδεται,
3395 2057 3560 2113 αὐτοῦ
3608 2072 3679 2111 τι

2119 2155 2212 2209 τοῦ
2243 2156 2449 2225 Κυρίου
2482 2153 2634 2223 ἡμῶν
2674 2151 2848 2222 Ἰησοῦ
2883 2149 3142 2220 Χριστοῦ,
3167 2151 3240 2212 ὡς
3267 2149 3391 2202 τάδε
3424 2147 3519 2202 καὶ
3544 2149 3705 2222 τάδε,

2121 2245 2479 2313 πεποιηκότος
2501 2243 2591 2298 καὶ
2605 2242 2954 2310 λελαληκότος
2971 2279 2987 2304 ,
3015 2243 3108 2293 καὶ
3135 2240 3184 2313 oi
3209 2235 3675 2305 ἀναγινώσκοντας

2123 2337 2378 2405 συνορᾶτε
2399 2352 2412 2366 ο
2447 2335 2545 2404 τήν
2572 2350 2632 2388 τε
2657 2333 2764 2402 γὰρ
2792 2330 3018 2398 Μητέρα
3050 2327 3285 2402 Χριστοῦ
3303 2329 3400 2397 τὴν
3435 2325 3681 2396 ἀδελφὴν

2119 2426 2393 2488 Μωῦσέως
2422 2425 2616 2492 φάσκει
2648 2419 2806 2488 εἶναι,
2860 2420 2983 2483 τούς
3034 2436 3094 2471 τε
3144 2419 3496 2487 Χριστιανοὺς
3531 2413 3678 2486 μετὰ

2120 2517 2393 2576 Μωῡσέως
2421 2517 2652 2567 συνεῖναι
2674 2516 2730 2565 ὲν
2756 2514 2821 2581 τῇ
2843 2503 3033 2581 ὲρήμῴ
3061 2510 3168 2579 (19)
3195 2526 3208 2541 ’
3241 2511 3331 2560 καὶ
3357 2509 3442 2560 ἵνα
3477 2508 3551 2575 μὴ
3572 2504 3678 2559 νῦν

2119 2609 2188 2662 τὰ
2219 2609 2393 2660 πάντα
2443 2603 2914 2673 ἀπαριθμούμενος
2965 2601 3324 2654 ἀναπόδεικτα
3368 2598 3539 2650 ταῦτα
3563 2600 3673 2651 ἁπ-

2120 2684 2357 2767 ελέγχειν
2382 2697 2538 2760 δόξω,
2567 2699 2633 2764 τῇ
2683 2695 2969 2765 μετέπειτα
3013 2692 3146 2744 Θεοῦ
3179 2693 3357 2761 χάριτι
3384 2689 3677 2761 τεθειμένῃ

2120 2789 2330 2854 ἑκάστῳ
2373 2787 2551 2838 αὐτῶν
2580 2785 2855 2852 ἀνατροπῇ
2885 2781 3248 2850 ταμιεύσομαι
3270 2795 3283 2810 ο
3314 2780 3431 2831 νυνὶ
3457 2779 3510 2831 δὲ
3534 2779 3672 2831 ὀπό-

2123 2896 2212 2931 σον
2236 2879 2390 2946 μόνον
2414 2879 2550 2947 πρὸς
2577 2874 2637 2926 τὸ
2663 2873 2828 2937 δεῖξαι
2855 2873 3057 2942 ἔρημον
3091 2871 3238 2933 Θείας
3266 2875 3358 2922 καὶ
3387 2869 3670 2937 ἀνθρωπί-

2120 2987 2214 3039 νης
2247 2969 2436 3032 σοφίας
2462 2968 2551 3019 τὸν
2583 2966 2814 3028 ἀλαζόνα
2844 2965 2988 3028 νοῦν,
3018 2965 3109 3016 καὶ
3129 2955 3204 3016 ὦν
3233 2963 3520 3032 ἐστέρηται
3547 2961 3674 3014 Oeo-

2118 3061 2370 3129 δωρήτων
2398 3056 2702 3128 ἀνθρώποις
2750 3054 3118 3124 χαρισμάτων,
3150 3052 3526 3119 κεφαλαιωδῶς
3557 3053 3668 3104 tit:-

2045 3177 2091 3238 ε
2118 3150 2420 3220 ηρίθμησα.

2177 3409 2242 3461 λ’.
2275 3406 2452 3478 Τριῶν
2483 3407 2589 3474 γὰρ
2646 3406 2736 3458 καὶ
2774 3406 2903 3457 δέκα
2937 3403 3074 3475 πρὸς
3119 3407 3228 3466 τοῖς
3269 3368 3461 3456 ἑκατὸν
3493 3417 3664 3469 κιφα-

461 3495 677 3548 lihellus
724 3494 974 3562 capitulis
1022 3505 1269 3561 constet;
1312 3497 1362 3548 in
1405 3496 1576 3564 primo
1626 3495 1863 3564 quidem,
1892 3506 2014 3564 post

2121 3501 2276 3562 latiou;
2295 3499 2354 3551 τὸ
2382 3497 2500 3551 ὅλον
2528 3496 2684 3550 τοῦτο
2713 3495 3052 3566 ὲκδεδομένον
3084 3494 3354 3563 βιϐλίδιον,
3380 3495 3438 3545 ὲν
3472 3493 3566 3562 μὲν
3587 3490 3666 3562 τῷ

460 3601 580 3638 eam
616 3601 735 3654 quae
771 3586 1018 3653 prooemii
1048 3587 1223 3638 locum
1261 3587 1469 3640 videtur
1504 3597 1684 3640 tenere
1713 3586 2010 3654 scriptiun-

2121 3588 2310 3658 πρώτῳ
2354 3587 2514 3654 λόγῳ,
2573 3584 2712 3637 κατὰ
2739 3586 2836 3654 τὴν
2883 3583 3142 3637 δοκοῦσαν
3199 3582 3477 3652 προοιμίου
3503 3584 3666 3637 τόπον

461 3676 660 3738 culam,
699 3675 942 3728 homines
979 3691 1008 3728 a
1050 3691 1107 3728 se
1136 3677 1388 3743 deceptos
1438 3677 1771 3740 cohortatur,
1823 3690 1890 3730 ne
1915 3676 2016 3729 du-

2121 3679 2252 3748 ἔχειν
2279 3678 2511 3746 γραφὴν,
2545 3676 2859 3745 παραίνεσιν
2886 3677 3114 3727 ποιεῖται
3141 3673 3274 3743 πρὸς
3313 3674 3437 3736 τοὺς
3460 3675 3658 3726 πεπλαο

463 3766 779 3818 hitationem
819 3777 996 3820 mente
1023 3767 1239 3820 foveant
1267 3768 1407 3821 circa
1440 3768 1579 3820 hanc
1602 3783 1754 3821 suam
1791 3765 2013 3819 fraudu-

463 3857 665 3910 lentam
694 3858 1044 3926 sCripturam,
1063 3860 1216 3926 quasi
1245 3861 1576 3914 mendaciter
1597 3861 1667 3913 sit
1687 3859 2010 3929 conscripta.

541 4030 651 4100 (14)
685 4031 1015 4084 Vocabulum
1046 4029 1360 4095 Arabicum,
1407 4048 1516 4101 quo
1551 4033 1720 4085 utitur
1749 4032 2024 4087 Moliame-

463 4101 578 4158 des.
613 4101 916 4167 signiﬁcare
946 4113 1055 4152 tum
1088 4102 1399 4169 ὁλόσφυρον,
1426 4102 1674 4165 solidum,
1713 4112 1822 4155 tum
1859 4106 2019 4156 etiam

463 4181 734 4231 (uernum,
757 4170 866 4237 jam
896 4172 1287 4222 adnotaverunt
1310 4171 1577 4224 Ilelandus
1607 4174 1656 4221 in
1692 4169 2021 4224 Mohamedi-

463 4241 536 4290 cis
572 4239 663 4307 lib.
706 4254 764 4298 ιι,
802 4241 855 4294 5.
903 4249 956 4291 et
1000 4238 1312 4306 Freylagius
1347 4241 1398 4293 in
1447 4240 1661 4293 Lexico.
1697 4241 1761 4291 Et
1799 4242 2014 4307 quidem

461 4317 587 4360 ante
621 4306 918 4359 Relandum
949 4307 1244 4360 Maraecius
1270 4312 1617 4364 transtulerat
1647 4306 2016 4376 sempiternum

463 4377 516 4428 in
544 4391 668 4429 sura
699 4376 858 4439 CXII,
892 4378 945 4438 2,
978 4379 1040 4429 de
1070 4392 1177 4443 quo
1198 4378 1314 4430 loco
1347 4394 1490 4432 nunc
1517 4379 1752 4444 loquitur
1783 4378 2015 4443 Nicetes,

462 4447 617 4516 cujus
645 4447 1116 4516 halluciuatiouem
1150 4457 1366 4500 secutus
1395 4459 1474 4502 est
1504 4447 1822 4516 Euthymius
1849 4448 2017 4516 Zyga-

464 4487 634 4568 heims
664 4515 715 4565 iu
744 4513 1242 4587 I’anopliuaNoster
1264 4531 1388 4570 vero
1421 4487 1746 4587 Byzantinus
1778 4487 2020 4568 nonlolid-
2053 4487 2095 4539 Β

465 4600 668 4651 σφυρον
719 4585 924 4648 scribit,
957 4585 1046 4636 sed
1098 4585 1437 4651 ὁλόσφαιρον,
1467 4585 1754 4652 scripturae
1785 4597 1841 4638 ut
1888 4596 2019 4653 puto

463 4654 814 4705 similitudine
847 4654 1118 4720 deceptus.
1156 4653 1216 4705 Et
1255 4658 1468 4720 quidem
1504 4657 1652 4723 prius
1691 4653 2011 4708 vocabulum

461 4723 690 4793 Arabico
717 4724 1020 4789 respondet,
1040 4738 1146 4793 non
1169 4727 1293 4793 item
1312 4728 1624 4777 sccumlum.
1653 4725 1866 4778 Corruit
1892 4738 2018 4793 ergo

461 4791 621 4861 simul
642 4800 759 4861 tota
791 4792 1136 4861 reprehensio
1177 4792 1300 4846 hinc
1331 4809 1687 4861 consequens,
1735 4795 1875 4861 quod
1906 4791 2020 4846 Mo-

461 4860 744 4911 hamedaui
788 4860 952 4912 Deum
997 4863 1326 4914 matcrialem
1367 4878 1483 4916 esse
1514 4860 1841 4915 exiStimeut.
1893 4863 2019 4916 Lin-

462 4944 577 5000 guae
607 4943 810 5000 nempe
871 4930 1112 4982 Arabicae
1161 4934 1322 4984 uinus
1367 4945 1509 4984 arcta
1569 4941 1660 4983 aut
1709 4932 2016 5000 imperfecta

464 4997 679 5070 notitia
707 4999 922 5070 IIIIIIlaS‘
955 5004 1125 5065 apud"
1155 4999 1369 5053 Graacos
1426 5000 1754 5070 Latinosque
1784 4997 2018 5070 peperit

463 5067 844 5119 absurditates.
895 5067 968 5120 De
1019 5070 1119 5121 hoc
1156 5070 1384 5123 Arabico
1424 5067 1683 5124 vocabulo
1731 5067 1834 5123 non
1883 5067 2021 5123 inale

463 5135 883 5208 IIartl_I_olema-us
945 5139 1243 5208 monachus
1278 5139 1583 5192 Edessenus
1614 5155 1643 5192 a
1673 5139 1882 5208 Moynio
1906 5140 2019 5192 edi-

464 5215 552 5256 tus
593 5203 714 5258 Var.
739 5223 877 5258 sacr.
904 5217 943 5258 t.
970 5206 1010 5267 ι,
1044 5223 1094 5273 p.
1117 5207 1236 5269 308,
1270 5224 1428 5275 quem
1455 5209 1578 5261 item
1602 5211 1741 5264 inter
1761 5203 2017 5263 'Alcorani

466 5274 836 5330 t-onfutatores
871 5277 1136 5344 ignoravit
1174 5274 1490 5332 Maraccius.

539 5346 648 5413 (15)
683 5346 804 5398 Sur.
835 5345 1018 5406 XCVI,
1044 5345 1098 5399 ‘2.

537 5415 647 5480 (16)
678 5413 884 5468 Rursus
912 5416 1283 5479 hallucinalio,
1317 5432 1480 5485 quam
1515 5417 1676 5472 etiam
1705 5417 2018 5488 Zygabcnus

466 5488 678 5550 repetit,
703 5500 767 5536 ex
803 5489 1065 5557 vocabulo
1096 5488 1327 5540 Arabico
1351 5488 1491 5554 quod
1525 5491 1742 5557 sanguis
1773 5490 2017 5557 coagula-

467 5561 575 5627 ιιιεΔ
611 5565 764 5627 sonat
790 5565 923 5627 itseu
959 5556 1174 5627 σπέρμα
1215 5557 1578 5627 γεννητικόν),
1630 5556 1681 5610 et
1739 5556 1878 5610 cum
1918 5560 2017 5611 levi

463 5623 724 5675 varietate
748 5624 956 5674 hirudo.
993 5622 1067 5675 Ita
1085 5622 1234 5678 enim
1258 5622 1399 5680 recte
1432 5622 1753 5688 Maraccius,
1788 5643 1885 5681 nec
1912 5644 2016 5680 nou

465 5688 740 5765 ltelandus
771 5693 862 5743 lib.
896 5706 953 5751 II,
985 5692 1071 5754 56,
1111 5706 1158 5748 et
1189 5694 1499 5765 Freytagius
1523 5697 1573 5749 in
1601 5697 1817 5749 Lexico.
1853 5691 2018 5750 Porro

466 5768 521 5810 ut
545 5760 862 5831 Zygahenus
883 5771 1100 5816 secutus
1128 5775 1210 5821 est
1232 5760 1430 5822 Niceti:
1451 5765 1729 5836 Byzantini
1755 5782 2015 5830 errorem,

2119 3769 2378 3836 νημένους
2427 3765 2516 3818 ὑπ’
2545 3765 2730 3830 αὑτοῦ,
2769 3767 2843 3834 μὴ
2878 3765 3019 3833 ἔχειν
3051 3766 3106 3815 ἐν
3131 3762 3336 3831 διανοίᾳ
3372 3761 3661 3829 δισταγμὸν

2123 3858 2249 3926 περὶ
2286 3858 2380 3926 τῆς
2419 3856 2695 3926 ἀπατηλῆς
2731 3854 2892 3906 αὐτοῦ
2941 3853 3142 3921 ταύτης
3176 3853 3390 3920 γραφῆς
3443 3848 3552 3919 (20)
3583 3851 3664 3902 ὅτι

2124 4033 2197 4084 ita
2230 4029 2472 4084 vicissim
2510 4028 2850 4097 Zygahenum
2900 4037 3117 4083 secutus
3147 4039 3227 4082 est
3265 4030 3477 4083 Nieetas
3515 4029 3656 4084 Cho-

2127 4102 2272 4152 niata
2305 4101 2354 4151 in
2405 4101 2708 4167 orthodoxae
2747 4099 2870 4167 ﬁdei
2916 4097 3178 4150 Thesauro
3217 4114 3245 4151 a
3288 4102 3443 4152 nobis
3471 4099 3657 4167 partim

2123 4172 2265 4238 edito
2297 4167 2492 4227 Soet-il.
2528 4166 2680 4238 Rom.
2717 4176 2754 4219 t.
2790 4165 2876 4228 IV,
2913 4168 3002 4220 ubi
3036 4168 3229 4222 videsis
3253 4165 3498 4238 paginam
3535 4169 3655 4222 49%.

2123 4237 2202 4291 Re
2229 4239 2440 4305 quidem
2475 4252 2597 4288 vera
2631 4236 2971 4289 Moliamedes
2997 4239 3225 4300 primum
3258 4236 3526 4289 hominem
3558 4239 3658 4290 l'or-

2124 4320 2326 4360 malum
2354 4321 2381 4358 a
2429 4305 2532 4358 Deo
2563 4321 2625 4358 ex
2661 4306 2773 4358 luto
2803 4321 2894 4358 seu
2927 4307 3162 4373 pulvere,
3194 4306 3446 4373 deinceps
3488 4306 3655 4359 homi-

2125 4392 2221 4430 nes
2248 4390 2312 4430 ex
2356 4376 2649 4444 sanguineo
2677 4377 2921 4444 coagulo,
2959 4391 3050 4429 seu
3087 4379 3147 4427 ὲκ
3196 4375 3291 4427 τοῦ
3330 4377 3652 4444 σπέρματος,

2123 4447 2309 4514 gigni,
2343 4442 2592 4514 plurimis
2611 4446 2674 4514 in
2730 4442 2860 4497 locis
2893 4455 3074 4511 aperte
3127 4447 3278 4504 dicit,
3315 4442 3446 4514 sur.
3476 4442 3654 4504 XVIII.

2121 4513 2230 4579 58’;
2270 4513 2438 4575 XXII,
2468 4513 2520 4564 5.
2555 4513 2739 4577 XXIII,
2763 4517 2862 4578 12;
2899 4514 3109 4570 XXXII.
3139 4515 3191 4579 7,
3223 4515 3294 4578 κς
3327 4513 3653 4579 ΧΧΧν,Η;

2295 4584 2417 4648 69;·
2459 4579 2565 4646 LV,
2621 4584 2720 4648 It;
2783 4582 3003 4647 Lxxv,
3063 4585 3161 4650 57;
3212 4583 3410 4646 XCVI,
3473 4583 3559 4647 is,
3605 4594 3656 4638 et

2122 4668 2188 4705 8|
2234 4671 2268 4705 I.

2122 4655 2268 4707 alibi.
2446 4707 2456 4714 ,
2949 4710 2952 4716 .

2193 4723 2302 4794 (17)
2336 4724 2459 4779 Sur.
2494 4724 2682 4787 XVIII,
2714 4723 2801 4778 8⁵7.

2189 4790 2299 4861 (18)
2340 4799 2461 4848 Sur.
2507 4796 2569 4859 ll,
2608 4795 2746 4858 I32;
2781 4790 2870 4855 IX,
2902 4790 2958 4856 6,
2982 4790 3229 4861 75,7125.

2191 4860 2299 4932 (19)
2331 4861 2788 4918 Auachronisn’tus
2817 4862 3042 4932 insignis
3058 4860 3408 4926 Mohamedis,
3427 4860 3653 4916 hominis

2123 4934 2541 4987 illitteratissimi
2571 4951 2585 4999 ;
2624 4935 2714 4999 qui
2741 4947 2893 4985 error
2923 4932 3055 4984 satis
3084 4932 3425 5000 comprobari
3451 4933 3653 4986 videtur

2119 5017 2183 5055 ex
2215 5018 2339 5056 sura
2363 5003 2500 5067 XIX,
2522 5004 2610 5063 '27,
2640 5011 2948 5070 comparata
2971 5016 3094 5054 cum
3123 5016 3249 5054 sura
3274 5003 3357 5064 Ill,
3394 5003 3443 5058 1.
3478 5000 3653 5067 Quan-

2120 5087 2280 5139 quam
2314 5073 2710 5131 Mohamedaui,
2743 5071 3096 5136 nonnullique
3135 5071 3458 5135 Christiani,
3496 5071 3652 5124 veluti

2121 5140 2439 5195 Herhelotus
2469 5154 2521 5194 et
2555 5141 2828 5194 Relandus
2853 5140 2913 5201 II,
2945 5140 3034 5204 ‘20,
3087 5148 3293 5194 textum
3343 5140 3653 5194 historicum

2121 5212 2370 5263 Alcorani
2401 5211 2551 5261 aliter
2580 5212 2847 5278 explicare
2872 5225 2976 5262 non
3000 5210 3427 5277 improhabiliter
3455 5209 3655 5273 volunt,

2121 5280 2445 5348 quibuscum
2502 5289 2679 5333 tamen
2732 5279 3028 5333 Maraceius
3077 5292 3182 5332 non
3231 5279 3500 5332 consentit
3551 5287 3588 5331 ι.
3613 5278 3651 5344 I,

2119 5358 2260 5417 part.
2297 5348 2481 5417 tv,_85,
2517 5360 2569 5400 et
2605 5359 2641 5402 I.
2673 5350 2731 5410 Il,
2766 5365 2816 5417 p.
2848 5349 2969 5401 115.

2216 5419 2305 5484 20)
2337 5415 2512 5484 Vulgo
2538 5415 2849 5472 scribuniur
2873 5419 3162 5482 scctiones,
3188 5433 3282 5472 seu
3313 5432 3472 5480 surae,
3503 5416 3652 5470 Alco.

2119 5491 2237 5540 rani
2268 5485 2448 5546 CXIV,
2478 5489 2602 5553 quia
2632 5496 2800 5553 prima
2831 5489 2992 5540 etiam
3025 5498 3356 5549 numeratur,
3384 5502 3542 5555 quam
3573 5497 3650 5540 ut-

2121 5569 2242 5624 pote
2298 5559 2492 5610 nudam
2559 5560 2949 5610 invocationem
3016 5573 3109 5611 seu
3174 5555 3650 5625 prazfatiuncitlam,

2121 5628 2289 5680 Urzcci
2351 5630 2401 5678 in
2456 5643 2736 5680 num-erum
2778 5639 2878 5678 μου
2936 5626 3258 5679 referebant.
3317 5625 3556 5693 Namque
3603 5636 3654 5679 et

2123 5697 2355 5748 Iit-mlius
2379 5700 2673 5751 monachus
2704 5697 2840 5762 apud
2887 5696 3157 5760 Eutliymii
3188 5695 3448 5765 Zygabeni
3488 5693 3651 5765 Pano-

2121 5765 2306 5832 plium,
2343 5769 2423 5821 tit.
2478 5767 2664 5832 XXIV,
2700 5767 2752 5829 ‘2,
2805 5781 2961 5822 suras
3015 5763 3453 5820 nonnisi-CXIII
3506 5764 3647 5824 diett,
