3926 6308
123 532 219 596 709

1248 521 1674 585 REFUTATIO
1708 520 2176 581 MOHAMEDIS.

3198 515 3302 583 ’110

124 640 316 714 ψευδῶς
344 639 681 708 γέγραπται*
710 638 802 692 καὶ
830 638 963 708 πρὸς
990 637 1049 691 τὸ
1074 636 1302 707 πιθανὴν
1323 636 1420 715 τὴν
1450 636 1662 711 ἀπάτην

1782 632 1937 700 itque
1966 642 2023 684 ιιι
2050 630 2232 683 dolum
2266 642 2422 682 suum
2450 602 2761 684 credibilem
2793 628 2975 693 faciat,
3006 644 3127 684 cum
3151 642 3302 685 ante-

125 710 418 795 δείκνυσθαι
443 726 574 794 (21),
592 726 1039 796 συναποδέχιοθαι
1067 729 1184 788 ταῖς
1215 712 1454 796 πρώταις
1482 710 1660 791 ἁγίαις

126 815 373 885 Γραφαΐς,
411 814 504 867 καὶ
530 812 732 883 ταύτην
756 812 899 884 [aut
926 812 1170 885 ταύταις]
1211 813 1660 883 παρακελεύεται,

126 906 216 973 οὐκ
253 902 406 964 εἰδὼς
434 905 464 956 δ
493 903 768 978 ’βάρϐαρος
796 905 880 955 ἐπ’
933 904 1208 972 ἀνατροπῇ
1258 901 1452 955 ἑαυτοῦ
1508 900 1664 952 τοῦτο

127 996 395 1065 γινόμενον
414 1012 426 1022 ·
458 978 599 1062 κατὰ
628 995 904 1064 συνέχειαν
931 994 985 1046 δὲ
1021 995 1118 1063 τὴν
1141 994 1229 1046 ἀεὶ
1252 994 1389 1061 πρὸς
1414 992 1539 1053 τοὺς
1587 991 1665 1042 δι-

128 1082 477 1145 απιστοῦντας
503 1083 580 1152 τῷ
607 1082 908 1152 ἁσυμφόρῳ
924 1082 1031 1137 τῶν
1062 1081 1223 1135 αὑτοῦ
1244 1080 1437 1146 λόγων,
1472 1077 1665 1130 ἀπολοο

125 1176 241 1242 γίαν
256 1175 435 1242 τίθησι
469 1175 669 1243 μεστὴν
699 1164 861 1226 οὖσαν
905 1162 1214 1247 δυσφημίας
1249 1168 1388 1222 κατὰ
1420 1167 1512 1221 τοῦ
1543 1165 1663 1222 καθ’

124 1266 302 1320 ιαυτὺν
319 1264 614 1335 ὀμόσαντος
640 1261 844 1330 ἀγαθοῦ
857 1264 963 1337 καί
988 1260 1361 1330 φιλανθρώπου
1405 1258 1561 1322 Θεοῦ,
1586 1259 1667 1310 ὅτι

125 1354 179 1407 οὐ
210 1351 452 1422 βούλεται
482 1351 571 1405 τὸν
601 1350 825 1407 θάνατον
850 1350 945 1403 τοῦ
984 1347 1328 1419 ᾁμρτωλοῦ,
1350 1348 1445 1411 ὡς
1463 1347 1523 1399 τὸ
1552 1350 1669 1401 ὲπι-

128 1444 344 1515 στρέψαι
382 1443 477 1507 κα).
504 1440 600 1512 ζῇν
628 1442 787 1499 αὐτόν
804 1458 819 1473 ⁹
864 1440 980 1494 ἐστι
1004 1430 1062 1495 δὶ
1094 1439 1231 1512 αὕτη
1254 1455 1266 1467 ·
1296 1439 1396 1513 ,δτι
1423 1438 1547 1502 τοὺς
1574 1454 1670 1490 πε-

127 1520 471 1601 πιστευκότας
499 1537 564 1605 τῇ
588 1534 810 1605 τοιαύτῃ
838 1534 1022 1603 γραφῇ
1054 1534 1082 1584 ὁ
1128 1530 1258 1593 Θεὸς
1293 1527 1556 1590 συνετίζει
1586 1544 1673 1579 πι-

117 1624 338 1691 στεῦσαι
373 1622 487 1696 (22)
509 1639 522 1654 ’
561 1608 687 1688 τοῦς
721 1623 793 1678 ,δὲ
824 1618 1237 1691 διαπιστόὓντας
1293 1618 1453 1682 αὐτὸς
1478 1613 1673 1671 κωλύει

128 1712 404 1770 πιστεῦσαι
429 1714 539 1784 (25)
556 1732 569 1746 ο
602 1714 845 1779 καίτοιγε
866 1712 1080 1785 ἀληθῶς
1102 1710 1330 1774 ιναλλὰξ
1345 1706 1557 1779 ἔχοντος
1578 1707 1672 1770 τοῦ

124 1803 295 1873 λόγου,
324 1804 405 1857 ὅτι
434 1804 558 1867 τοὺς
578 1803 653 1873 τῷ
685 1804 897 1872 ματαίῳ
924 1804 1095 1872 τούτῳ
1126 1800 1476 1870 πειθομένους
1494 1804 1521 1854 ό
1544 1798 1675 1862 Θεὸς

123 1896 181 1951 οὐ
213 1895 455 1969 βούλεται
484 1896 793 1949 ἀπατᾶσθαι
815 1912 827 1924 ·
865 1895 940 1957 ὡς
962 1893 1031 1947 ἂν
1061 1893 1117 1947 δὲ
1152 1894 1473 1964 τρανότερον
1502 1891 1563 1943 τὸ
1591 1886 1676 1942 λέ-

1767 722 1997 776 rioribus
2030 722 2233 775 sanctis
2260 720 2550 789 Scripturis
2579 721 2678 774 has
2702 735 2914 790 quoque
2944 737 3071 776 suas
3101 723 3301 792 suscipi

1757 814 1948 882 jubet;
1992 814 2248 881 ignorans
2266 812 2549 875 barbarus,
2573 812 2623 865 id
2649 815 2715 866 ad
2746 814 2831 867 sui
2870 813 3040 882 ipsius
3072 814 3305 869 eversin-
3373 804 3387 812 ”

1764 919 1885 957 nem
1938 904 2091 956 tieri.’
2122 902 2475 957 Continentcr
2534 910 2709 956 autem
2756 904 3055 972 apologiam
3109 905 3307 973 ubique

1762 993 1893 1047 facit
1926 979 2111 1047 contra
2150 1009 2257 1047 non
2288 994 2569 1047 credentes
2594 992 2773 1062 inepto
2794 995 3165 1055 sermonisuo,
3194 1010 3309 1048 ma-

1765 1085 2074 1153 ledictorum
2106 1084 2315 1151 plenam
2344 1082 2603 1143 adversus
2636 1083 2803 1146 illum,
2846 1085 2937 1153 qui
2964 1101 3072 1151 .per
3106 1094 3307 1139 semet-

1765 1175 1938 1243 ipsum
2000 1174 2181 1242 jurat,
2258 1174 2457 1227 bonum
2535 1160 2925 1243 benignumque
2984 1174 3171 1235 Deum,
3220 1176 3309 1243 qui

1766 1266 2056 1332 peccatoris
2082 1273 2303 1317 mortem
2333 1278 2437 1315 non
2459 1263 2592 1325 vult,
2636 1264 2728 1315 sed
2742 1278 2860 1316 eum
2879 1268 3121 1319 converti
3153 1280 3216 1320 ac
3231 1267 3313 1317 vi-

1765 1368 1909 1408 vere.
1930 1352 2255 1420 Suntautem
2275 1354 2432 1429 verba
2451 1353 2567 1421 ejus
2593 1347 2916 1422 hujusmodi,
2959 1358 3097 1423 quod
3127 1372 3315 1424 nempe

1770 1446 1895 1498 huic
1920 1446 2199 1513 scripturae
2220 1442 2497 1509 credentes
2530 1444 3031 1511 Deusirttelligentes
3062 1448 3229 1498 reddit
3260 1458 3315 1497 ut

1770 1536 1994 1588 credant
2017 1551 2032 1599 ;
2064 1549 2170 1587 non
2198 1534 2481 1589 credentes
2505 1547 2683 1588 autem
2712 1534 2825 1601 ipse
2852 1549 2881 1586 a
2906 1535 3175 1603 credendo
3200 1549 3319 1602 pro.-

1772 1624 1919 1677 hibet
1953 1639 1967 1675 :
2009 1637 2133 1677 cum
2173 1632 2349 1678 tamen
2384 1639 2469 1679 res
2500 1626 2615 1679 vice
2643 1639 2805 1701 versa.
2828 1639 2885 1677 se
2928 1622 3135 1692 habeat,
3165 1626 3308 1699 quod

1772 1728 1964 1784 nempe
1989 1715 2150 1774 Deus.
2182 1716 2347 1769 stulto
2400 1716 2526 1769 huic
2574 1714 2874 1775 credentes,
2918 1714 3086 1782 decipi
3122 1716 3315 1780 nollet;

1773 1818 1868 1857 eos
1895 1813 2073 1858 autem
2104 1805 2196 1873 qui
2239 1818 2345 1857 non
2366 1804 2612 1866 credunt,
2640 1801 2992 1869 adjuvatipse
3023 1803 3315 1869 quominus

1774 1874 2132 1960 decipiantur.
2169 1893 2345 1960 Atque
2372 1889 2441 1944 ut
2469 1891 2612 1945 dicta
2648 1890 2875 1943 clariora
2912 1890 3061 1952 liant,
3109 1890 3173 1943 ad
3221 1891 3323 1943 hoc

123 1965 344 2056 γόμινον
365 1974 607 2055 γένηται,
629 1974 709 2047 είς
733 1984 890 2037 τοῦτο
917 1984 1047 2037 αὐτὸ
1070 1983 1364 2053 καταλήγει
1381 1985 1418 2051 ἠ
1450 1981 1668 2052 σκῆψις,

1782 1984 1952 2039 evadit
1980 1990 2349 2043 commentum
2383 1980 2528 2050 ejus;
2566 1996 2778 2049 nempe
2813 1980 2957 2048 quod
3012 1979 3149 2036 Deus
3179 1980 3320 2043 illos,

122 2077 199 2128 ὅτι
230 2072 321 2136 οὒς
354 2074 518 2143 μιν-ό
567 2074 697 2134 Θεὸς
750 2073 890 2126 θέλει
927 2073 1119 2138 σῶσαι,
1174 2071 1483 2142 καταρτίζει
1537 2066 1699 2141 πρὸς

124 2160 297 2215 πᾶσαν
331 2162 497 2215 αὑτοῦ
533 2163 750 2232 ἐντολὴν
795 2163 1067 2235 υπηκόους
1093 2179 1108 2195 υ
1138 2162 1230 2222 οὓς
1254 2163 1307 2215 δὲ
1330 2164 1391 2215 οὐ
1426 2160 1673 2231 βούλεται

125 2252 307 2316 σιῖισαι,
333 2254 394 2305 οὑ
418 2252 597 2305 δίδωσι
626 2254 807 2315 αὐτοῖς
832 2251 1049 2306 σύνεσίν
1085 2269 1146 2307 τε
1171 2253 1265 2305 καὶ
1313 2251 1539 2321 δύναμιν
1591 2251 1673 2302 ὲν-

127 2342 408 2408 ωτίζεσθαι
432 2382 445 2404 ,
486 2346 577 2396 καὶ
599 2347 768 2396 ποιεῖν
793 2344 861 2397 τὰ
904 2344 1053 2414 αὐτῷ
1096 2345 1383 2411 εὐάρεστα,
1408 2341 1675 2397 καὶικατὰ

123 2433 272 2488 τοῦτο
298 2438 368 2503 τῇ
401 2435 617 2488 κολάσει
644 2419 1025 2505 παραδίδωσιν.
1058 2496 1062 2500 _
1086 2434 1173 2496 Ὦς
1216 2436 1287 2486 ἐκ
1315 2418 1501 2487 τούτου
1530 2450 1674 2504 παρ-

128 2522 370 2578 ίστασθαι
401 2527 598 2585 ἐννοεῖν
641 2524 756 2576 τῶν
774 2524 990 2577 ἀτόπων
1016 2524 1332 2592 δυσφημιῶν
1369 2523 1427 2575 τὸ
1450 2523 1671 2593 πλῆθος,

125 2613 203 2668 ὅτι
225 2600 678 2683 όΘιὸξκωλυτής
721 2617 835 2667 ἐστι
867 2616 975 2677 τῶν
1023 2614 1159 2686 πρὸς
1190 2614 1251 2666 τὸ
1282 2615 1441 2667 καλὸν
1470 2615 1676 2685 ἀφωρι-

128 2702 358 2771 σμένων,
394 2705 474 2757 ὅτι
508 2704 722 2759 ἐναντία
747 2704 903 2766 αὐτὸς
935 2704 1110 2773 ἑαυτῷ
1148 2703 1443 2773 νομοθετεῖ,
1471 2704 1676 2766 πάντας

96 2820 99 2823 ν
129 2790 223 2860 μὲν
250 2791 324 2861 μὴ
353 2791 519 2845 θέλων
549 2792 740 2862 σῶσαι,
775 2793 906 2845 πᾶσι
955 2793 1131 2857 δὲτὰς
1159 2794 1427 2856 σωστικὰς
1460 2793 1676 2856 ἐντολὰς

129 2880 574 2950 προϐαλλόμενος,
629 2883 709 2942 είς
762 2880 1013 2949 ἀφορμὴν
1043 2880 1285 2948 ἐλέγχου,
1317 2879 1428 2932 ἀλλ’
1472 2882 1571 2933 οὐκ
1598 2884 1678 2942 είς

130 2967 427 3039 συνδρομὴν
459 2970 725 3023 ὲπάθλωψ
747 2970 827 3022 ὃτι
861 2969 1076 3032 πάντως
1106 2969 1315 3037 φθονῶν
1330 2969 1485 3023 τοῦτο
1513 2973 1675 3033 ποιεῖ,

129 3056 161 3125 ἢ
196 3057 274 3111 ὅτι
314 3058 603 3127 πενόμενος
646 3059 1035 3131 μισθοδοτῆσαι
1077 3061 1303 3121 πάντας,
1370 3059 1402 3129 ἢ
1443 3059 1518 3121 ὡς
1570 3060 1677 3111 ῐδια

128 3148 421 3213 διαπαίζων
468 3150 624 3219 ἔργα,
668 3149 741 3219 μὴ
792 3149 929 3219 ἔχων
954 3150 1014 3201 ὃν
1037 3149 1469 3219 εὐλαϐηθήσεται
1495 3149 1679 3202 ἕνεκεν

129 3240 224 3307 τῆς
276 3240 528 3309 τοιαύτης
561 3240 839 3309 ἀληθείας·
880 3242 911 3311 ἢ
955 3241 1028 3303 ὡς
1068 3242 1320 3311 ὲφήδονος
1351 3244 1414 3310 τῇ
1438 3241 1546 3313 τῶν
1584 3243 1673 3294 ἁν-

131 3326 361 3396 θρώπων
392 3328 850 3398 ἀπωλείᾳαπλῶς
875 3345 887 3358 ο
921 3328 953 3399 ἦ
986 3329 1059 3392 ὡς
1087 3329 1437 3398 μνησικακῶν
1470 3330 1554 3381 διὰ
1579 3329 1678 3399 τὴν

130 3415 263 3486 πρὸς
285 3415 378 3467 τὸν
401 3417 718 3485 προπάτορα
750 3416 903 3484 ἡμῶν
922 3417 1311 3483 ἀγανάκτησιν’
1348 3415 1380 3484 ἢ
1414 3416 1495 3467 ὅτι
1522 3416 1681 3483 φύσει

131 3502 298 3567 αἴτιός
318 3506 434 3561 ἐστι
465 3504 570 3557 τῶν
601 3505 802 3568 κακῶν,
833 3505 925 3557 κα)⁵
958 3505 1017 3556 οὺ
1050 3507 1125 3575 μὴ
1152 3503 1371 3557 δύναται
1416 3505 1491 3576 μὴ
1522 3523 1683 3558 κακο-
1720 3560 1723 3561 ,

132 3592 372 3663 ποιῆσαι.

196 3770 297 3826 λα’,
322 3762 506 3838 Ταῦτα
526 3771 617 3823 καὶ
638 3770 706 3838 τᾲ
728 3771 947 3824 τοιαῦτα
968 3772 996 3823 ό
1017 3770 1387 3839 ἀμαθέστατος
1418 3772 1684 3839 γνωμοδο-

132 3862 213 3914 ui
242 3860 533 3930 βάρϐαρος,
565 3861 629 3912 ὲκ
652 3861 946 3930 προοιμίων
974 3861 1130 3922 εὐθὺς
1158 3861 1255 3930 τὴν
1280 3861 1513 3929 ἀπορίαν
1542 3862 1685 3913 λύειν

78 4012 83 4015 ,
134 3951 393 4019 οιόμενος.
422 3951 513 4002 τοῦ
537 3951 611 4020 μὴ
636 3951 842 4022 πάντας
859 3950 1079 4021 θελῆσαι
1108 3949 1360 4019 mae-cos
1393 3951 1688 4018 ὑπενεχθῆ-

134 4057 221 4095 ναι
276 4041 494 4113 ἀπάτῃ·
549 4040 705 4094 τοῦτο
747 4039 803 4091 δὲ
862 4040 943 4092 δεῖ
986 4039 1367 4109 παρατηρῆσαι.
1398 4040 1455 4090 ὲν
1483 4039 1585 4108 ὅλῳ
1612 4039 1687 4108 τῷ

134 4130 438 4200 ἀγροικικῷ
462 4130 654 4199 ἐκείνῳ
712 4126 948 4200 βιϐλιδίῳ
975 4169 990 4196 ,
1029 4131 1109 4182 ὅτι
1163 4128 1411 4196 ἐγνωκὼς
1461 4129 1489 4180 ό
1533 4129 1687 4181 τοῦτο

129 4219 473 4290 ληρῳδήσας,
504 4218 935 4289 δυσπαράδεκτον
974 4221 1108 4280 ὅλως
1154 4216 1317 4271 οὖσαν
1350 4218 1684 4287 Χριστιανοῖς

132 4322 191 4360 τι
220 4307 317 4360 καὶ
361 4290 629 4371 Ἰουδαίοις
663 4308 761 4376 τὴν
808 4307 1048 4376 πλαστὴν
1096 4299 1265 4360 αὐτοῦ’
1288 4307 1489 4377 ταύτην
1520 4307 1685 4377 μυθο-

134 4396 374 4466 γραφίαν
435 4398 528 4449 καὶ
562 4396 897 4467 βαρόαρικὴν
938 4397 1252 4468 θρησκείαν,
1311 4398 1410 4460 τὰς
1447 4397 1593 4469 παρὰ
1620 4400 1685 4468 τῇ

134 4484 255 4557 θείᾳ
279 4487 470 4555 Γραφῇ
495 4486 749 4555 κειμένας
776 4486 923 4547 θείας
951 4485 1278 4552 ἐπαγγελίας
1320 4485 1683 4553 ἀποσυλήσας,

1775 2089 1914 2143 quos
1944 2075 2056 2127 vult
2087 2070 2319 2135 salvare,
2348 2071 2721 2127 accommodat
2749 2071 2815 2125 ad
2833 2072 3074 2127 mandati
3092 2077 3171 2124 sui
3193 2074 3327 2126 ohe-

1777 2164 2035 2219 dientiam
2068 2180 2082 2217 :
2119 2178 2257 2233 quos
2281 2170 2459 2216 autem
2499 2177 2605 2216 non
2648 2161 2761 2216 vult
2801 2162 3031 2225 salvare,
3072 2172 3230 2229 negat
3259 2165 3323 2215 iis

1777 2255 2188 2324 intelligentiam‘
2206 2264 2260 2306 et
2288 2254 2632 2308 auscultandi
2661 2252 2994 2317 facultatem,
3021 2262 3073 2306 et
3126 2256 3319 2318 placita

1778 2345 1826 2397 ei
1858 2343 2189 2417 exsequendi
2220 2348 2426 2409 :‘atque
2446 2342 2519 2395 ita
2538 2340 2806 2409 punitioni
2835 2340 3123 2399 contradit.
3151 2343 3323 2409 Atque
3405 2404 3413 2411 η

1779 2432 1910 2485 hinc
1972 2436 2214 2500 cogitare
2269 2430 2457 2484 subest
2508 2429 2964 2499 blasphemiarum
3023 2431 3323 2483 enormium

1782 2520 2177 2574 multitudinem
2203 2535 2218 2584 ς
2256 2533 2448 2585 nempe
2477 2518 2621 2586 quod
2651 2516 3075 2586 Deusimpediat
3103 2533 3195 2571 eos
3218 2522 3309 2587 qui

1781 2610 1848 2663 ad
1883 2612 2019 2663 bene
2047 2607 2310 2678 agendum
2354 2607 2537 2661 forent
2564 2607 2816 2672 destinati
2844 2625 2856 2660 :
2893 2608 3037 2675 quod
3071 2608 3193 2677 ipse
3220 2610 3322 2662 sibi

1780 2700 1987 2769 legibus
2015 2699 2248 2753 ferendis
2279 2697 2651 2764 contradicat;
2704 2708 2927 2767 cunctos
2976 2699 3188 2767 quidem
3222 2698 3330 2753 sal-

1740 2810 1751 2813 '
1781 2806 1907 2845 vare
1944 2792 2165 2851 nolens.‘
2195 2801 2249 2844 et
2279 2801 2457 2843 tamen
2512 2790 2769 2843 salutaria
2800 2797 3063 2857 praecepta
3119 2791 3330 2842 cunctis

1785 2882 2023 2947 edicens,
2053 2890 2111 2934 ut
2140 2882 2253 2935 haec
2282 2882 2390 2936 sint
2421 2878 2671 2947 cﬁlpaudi
2716 2879 2955 2941 occasio,
2997 2892 3104 2931 non
3150 2888 3326 2932 autem

1783 2971 2144 3047 consequendi
2179 2972 2381 3040 praemii
2415 2966 2772 3039 Tadjutorium.
2808 2970 2897 3021 Sic
2926 2977 3101 3021 autem
3139 2967 3219 3021 vel
3248 2968 3333 3021 in-

1783 3060 1905 3115 vide
1938 3061 2048 3129 git
2084 3063 2225 3113 Deus
2258 3079 2271 3113 :
2309 3060 2388 3112 vel
2416 3061 2541 3129 quia
2582 3070 2806 3111 cunctos
2859 3057 3191 3111 remunerari
3231 3072 3326 3109 ne-
3432 3102 3442 3106 -

1785 3150 1899 3219 quit
1934 3167 1948 3203 :
1987 3149 2070 3202 vel
2096 3150 2252 3218 quasi
2283 3159 2559 3205 creaturas
2592 3162 2720 3210 suas
2768 3147 3019 3211 illudens,
3057 3149 3326 3221 neminem

1786 3242 1988 3294 habens
2036 3255 2193 3307 quem
2247 3240 2317 3293 ob
2356 3240 2495 3292 hanc
2542 3239 2824 3291 veritatem
2878 3239 3330 3291 revereaturzvel

1782 3331 1908 3399 quia
1945 3331 2156 3389 laetatur
2188 3331 2406 3400 omnino
2444 3329 2722 3381 hominum
2754 3330 2990 3395 pernicie
3030 3346 3041 3380 :
3084 3329 3166 3382 vel
3201 3330 3330 3398 quia

1786 3418 2034 3472 ultricem
2093 3412 2421 3470 voluntatem
2477 3416 2702 3478 retinet,
2757 3417 2976 3484 propter
3026 3424 3330 3484 susceptam

1779 3523 1904 3561 cum
1943 3508 2287 3575 progenitore
2317 3516 2500 3560 nostro
2530 3505 2867 3559 inimicitiam
2908 3523 2921 3558 :
2959 3507 3040 3559 vel
3070 3508 3197 3575 quia
3236 3523 3334 3559 na-

1784 3597 2031 3651 turaliter
2056 3611 2221 3650 causa
2245 3596 2502 3649 malorum
2534 3608 2637 3659 est,
2662 3609 2835 3663 neque
2864 3605 3037 3664 potest
3065 3597 3201 3650 male
3227 3613 3331 3651 non

1784 3686 1979 3740 facere.

1852 3776 1939 3829 διὸ.
1973 3773 2129 3828 Tales
2154 3784 2436 3843 tantasque
2462 3776 2848 3829 inscitissimus
2880 3775 3145 3828 barbarus
3173 3778 3330 3843 quasi

1786 3866 2084 3919 Sententias
2130 3864 2322 3931 effutit,
2370 3864 2481 3933 jam
2558 3867 2738 3918 iudea
2792 3865 3057 3933 principio
3114 3866 3334 3919 dubium

1786 3955 1963 4009 statim
1996 3968 2056 4008 se
2086 3955 2377 4008 dissolvere
2408 3964 2621 4023 putans,
2655 3970 2753 4008 cur
2796 3970 2901 4008 non
2964 3970 3153 4009 omnes
3196 3957 3361 4010 dolis.

1784 4044 2112 4110 ejusirretiri
2133 4044 2421 4097 voluerint.
2461 4045 2573 4098 lloc
2590 4054 2771 4098 autem
2803 4045 3336 4105 animadvertendum

1785 4143 1866 4186 est
1898 4134 1949 4185 in
1982 4142 2091 4186 toto
2123 4133 2213 4186 illo
2246 4136 2443 4202 agresti
2472 4134 2670 4197 libello,
2696 4135 2836 4203 quod
2867 4133 2985 4201 ejus
3013 4136 3353 4202 nugatorius‘

1788 4230 1978 4273 auctor
2008 4236 2230 4289 gnarus,
2258 4230 2397 4291 aegre
2448 4224 2671 4276 omnino
2701 4222 2815 4276 fore
2843 4209 3150 4279 credibilem
3181 4222 3339 4279 Chri-

1787 4312 1979 4366 stianis
2016 4323 2175 4381 atque
2196 4314 2398 4368 Judaais
2450 4314 2632 4368 ﬁctam
2660 4316 2800 4368 hanc
2847 4331 2999 4369 suam
3024 4316 3340 4385 "mythogna-

1788 4401 1968 4469 phiam
2000 4402 2447 4473 barbarieamque
2484 4405 2818 4474 religionem,
2861 4415 3139 4460 exstantes
3189 4410 3335 4476 apud

1787 4492 2024 4546 divinam
2048 4488 2394 4563 .Scripturam
2428 4495 2519 4550 D‘ei
2549 4498 2935 4565 promissiones
2956 4484 2959 4487 5
2979 4488 3336 4565 subfnratur;

134 4576 225 4627 καὶ
275 4574 399 4626 οὐδὲ
446 4574 647 4636 ταύτας
702 4576 936 4638 ἁπάσας,
977 4575 1109 4628 ἀλλὰ
1157 4577 1333 4641 τόνγε
1370 4575 1677 4643 παράδεισοι

1793 4596 1964 4648 neque
1990 4583 2087 4636 has
2130 4593 2305 4638 tamen
2352 4600 2563 4650 omnes,
2611 4592 2704 4639 sed
2751 4588 3059 4655 paradisum
3110 4598 3340 4643 tantum-

138 4665 296 4732 μόνον
349 4666 405 4715 ὲν
433 4664 719 4733 ὑποσχέσει
766 4664 1114 4734 κληροδοσίας
1146 4664 1540 4732 καταψεύδεται
1583 4665 1677 4716 τῶι

1791 4672 1951 4725 modo
1983 4674 2309 4729 haereditatis
2362 4677 2482 4731 loco
2546 4681 2767 4733 asseclis
2833 4680 2947 4734 suis
3006 4682 3339 4735 mendaciter

131 4753 281 4823 αὑτῷ
314 4740 729 4806 ὑπακόυόντωνῖ
779 4754 872 4806 καὶ
929 4755 1085 4807 τοῦτο
1120 4752 1423 4816 παναθλίως
1478 4754 1688 4821 γυναιξί

133 4932 441 5002 Creteroqui
465 4938 648 5002 noster
662 4946 897 5002 quoque
924 4931 1134 4987 Nicetas
1156 4936 1397 5002 agnoscit
1427 4938 1676 4992 Alcorani

132 4997 461 5076 proremiiim
494 4997 632 5076 κατὰ
660 4997 938 5076 [puto—pro
965 5002 1121 5076 μετὰ]
1152 4997 1248 5071 τῆν
1270 5006 1527 5076 δοκοῦσαν
1550 5009 1682 5076 προ-

134 5069 317 5140 οιμίου
347 5071 509 5141 τόπον
546 5069 689 5137 ἔχειν
737 5069 974 5140 γραφήνζ
1032 5069 1141 5125 Νίὶε
1191 5069 1319 5141 ergo
1370 5075 1421 5126 in
1482 5069 1679 5129 Nicewe

135 5150 283 5193 textu
319 5140 538 5194 retentis
575 5141 879 5193 necessario
937 5141 1151 5207 scriptis
1195 5140 1267 5207 ab
1292 5144 1382 5196 illo
1419 5159 1673 5197 surarum

134 5210 407 5281 numeris,
447 5208 537 5277 qui
562 5222 770 5277 semper
796 5223 903 5281 uno
960 5211 1138 5261 minus
1173 5212 1401 5281 vulgatis
1447 5223 1592 5275 sunt,
1627 5214 1679 5267 in

135 5278 479 5347 marginibus
537 5288 711 5330 tamen
769 5280 1011 5345 vulgatos
1062 5278 1373 5333 earumdem
1430 5297 1680 5336 surarum

133 5346 396 5401 numeros
425 5347 778 5417 ascribemus,
808 5363 915 5417 quo
946 5346 1155 5401 facilius
1179 5348 1408 5405 lectores
1427 5352 1494 5404 ad
1522 5352 1683 5406 Alco-

137 5432 337 5470 ranum
369 5432 426 5468 se
450 5415 750 5469 conferant.
826 5415 839 5417 “
1140 5424 1142 5427 ’

210 5485 327 5554 (2|)
360 5484 486 5537 Sur.
524 5484 585 5554 ll,
611 5485 668 5554 fl.

207 5553 323 5623 (τε)
350 5557 481 5623 sur.
513 5553 575 5616 ll,
609 5553 637 5603 7
677 5569 756 5621 sq.

210 5621 326 5693 (25)
356 5621 577 5696 lmpiam
634 5622 1127 5696 hanellohamedis
1192 5625 1681 5696 doctrinam,~qua

138 5690 264 5745 sura
289 5690 527 5745 secunda
547 5699 735 5752 scatet,
773 5690 970 5745 frustra
1000 5693 1126 5745 mihi
1151 5696 1361 5747 elevare
1394 5704 1485 5747 aut
1515 5690 1683 5751 lenire

138 5760 352 5814 videtur
382 5760 659 5819 ltelaudus
688 5761 737 5811 in
783 5759 1154 5814 Multamedt'cis
1189 5763 1283 5817 lib.
1317 5778 1375 5825 Il,
1409 5763 1456 5814 ι.
1513 5762 1683 5819 Perti-

140 5838 229 5884 uet
248 5838 427 5887 autem
458 5831 527 5883 ad
580 5830 787 5885 celebre
822 5832 963 5900 apud
1020 5828 1433 5887 Mobamedanos
1480 5831 1673 5901 dogma

1793 4764 2083 4831 promittit,
2116 4765 2275 4839 idque
2330 4766 2620 4820 admodum
2675 4769 2979 4837 ﬂagitiose;
3015 4778 3208 4839 nempe
3244 4784 3341 4825 eos

1788 4942 1979 4993 decreti
2008 4942 2142 5013 (sive
2180 4942 2669 5013 praedestinationis
2701 4943 2948 5011 gratuitae
2975 4951 3029 4997 et
3058 4942 3338 5013 absoluta)

1790 5014 1855 5063 de
1880 5026 1987 5078 quo
2018 5010 2244 5076 legatur
2296 5010 2640 5078 llerbelotus_
2668 5010 2784 5063 vce.
2848 5014 3042 5065 cadha.
3105 5011 3340 5066 Evodius

1791 5066 2004 5147 quoque
2034 5066 2332 5150 monachus
2366 5080 2417 5132 in
2446 5066 2681 5150 historia
2704 5091 2995 5150 martyrum
3020 5080 3151 5150 Xbll
3177 5083 3341 5150 Amp-

1789 5150 2047 5217 riensiurn
2084 5165 2114 5202 a
2142 5147 2427 5202 Saracenis
2452 5149 2755 5202 occisorum
2783 5147 3047 5217 (Bulland.
3081 5149 3234 5200 Mart.
3269 5148 3331 5200 T.

1789 5214 1829 5279 l,
1864 5218 1949 5270 die
1976 5217 2029 5286 6)
2066 5220 2449 5271 concionautes
2474 5214 2880 5286 facitmarty'res
2909 5221 3167 5271 adversus
3195 5219 3339 5269 hunc

1794 5286 2079 5339 immanem
2130 5286 2379 5357 Aleorani
2416 5300 2675 5357 errorem.
2730 5287 2794 5357 Et
2838 5288 3053 5357 quidem
3113 5286 3334 5353 legenda

1795 5364 1877 5407 est
1910 5364 2014 5406 l0lu
2052 5357 2138 5408 illa
2195 5353 2377 5407 Evodii
2412 5356 2670 5409 adversus
2720 5353 3093 5409 Saracenicam
3131 5364 3333 5406 sectam

1799 5425 2045 5487 invectio,
2072 5425 2224 5489 cujus
2254 5424 2467 5475 nonnisi
2503 5426 2759 5491 particula
2809 5424 3035 5477 refertur
3076 5436 3149 5491 aﬂ
3166 5420 3339 5491 gyge-

1796 5492 1932 5545 heuo
1963 5494 2013 5545 in
2054 5487 2312 5559 Pauoplia
2373 5487 2658 5547 LalfBibl.
2689 5494 2790 5547 PP.
2841 5492 3008 5559 Lugd.
3040 5501 3076 5541 t.
3112 5487 3340 5559 XlV,p.

1794 5560 1919 5624 229,
1949 5565 2013 5614 de
2040 5561 2147 5614 Deo
2181 5558 2306 5631 mali
2331 5574 2587 5631 auctore;
2636 5577 2758 5631 quae
2814 5558 3073 5631 particula
3115 5558 3334 5612 incaute

1793 5645 1915 5682 cum
1960 5631 2149 5685 alienis
2190 5629 2387 5683 ibidem
2422 5626 2826 5695 confusa'fuitf
2852 5632 2902 5682 in
2934 5626 3124 5683 Greco
3154 5636 3335 5681 autem

1790 5698 1976 5821 Epdiﬁ
1996 5702 2137 5767 apud
2181 5698 2526 5771 Sylburgium
2559 5716 2625 5755 ne
2655 5716 2844 5757 nomen
2876 5699 3094 5767 quidem
3152 5696 3342 5753 Evodii

1852 5783 1893 5821 ι·ι
1938 5784 1951 5820 ι
1981 5784 2068 5821 ur.
2666 5814 2669 5817 λ

1788 5776 2068 5823 scribitur.
2666 5814 2669 5817 λ
