3926 6308
474 409 574 470 707

1684 402 1978 462 NiCETfE
2018 403 2420 465 BYZANTINI

3572 396 3691 462 ’108

477 527 580 580 ret,
617 512 972 584 theologicam
1020 512 1159 565 hanc
1192 510 1545 580 irreligiosam
1588 525 1773 564 vocem
1803 510 2029 579 crepuit,

2133 515 2193 565 τὸ
2219 513 2390 576 Θεῖον,
2413 471 2704 582 μᾶλλονδὲ,
2731 511 2806 575 ὡς
2833 497 2991 573 αὐτὸς
3017 505 3189 575 εἶπεν,
3220 507 3542 579 ὀλὸσφαιρός
3567 509 3687 574 (Η)

475 606 617 677 quod
653 619 846 672 nempe
884 603 1024 658 Deus
1061 602 1230 671 ligura
1266 601 1525 669 sphmrica
1559 600 1649 663 sit,
1695 601 1804 654 imo
1848 599 2025 670 potius

473 706 644 751 totum
686 695 999 762 sphaeralem
1034 693 1198 746 Deum
1230 691 1385 755 dixit,
1422 699 1621 759 putans
1649 706 1772 745 eum
1805 705 2025 758 prorsus

471 800 592 839 esse
617 799 930 852 corporeum
960 801 975 848 ;
1012 800 1182 852 neque
1207 783 1349 836 enim
1380 782 1535 834 aliter
1559 781 1779 850 sphaera:
1803 782 2024 850 Ilguram

471 874 756 942 reciperet.
808 873 923 927 Jam
970 871 1431 927 cum'materialis
1476 871 1683 940 sphaera
1733 872 2025 925 secundum

474 964 843 1017 Mohamedem
869 964 1008 1018 Deus
1030 966 1118 1027 sit,
1139 965 1184 1018 is
1205 965 1417 1032 quidem
1449 978 1620 1032 neque
1635 963 1835 1030 audiet,
1857 979 2028 1032 neque

475 1064 678 1117 cernet,
714 1055 1161 1119 intellectualiter,
1206 1055 1426 1122 inquam
1458 1071 1472 1119 ;
1515 1070 1688 1123 neque
1718 1055 1846 1108 item
1887 1066 2029 1123 aget,

477 1145 524 1200 si
549 1146 767 1213 quando
795 1147 861 1198 ab
892 1147 998 1198 alio
1031 1147 1349 1209 movebitur,
1385 1146 1755 1214 praecipueque
1777 1146 2029 1199 deorsum

475 1234 825 1287 stolidissime
841 1229 1128 1287 deferetui'.
1157 1233 1374 1303 Ignosce
1397 1235 1548 1299 mihi,
1572 1232 1734 1296 Deus,
1759 1233 2037 1289 Mohame-

474 1323 557 1376 dis
616 1325 934 1376 sententiam
987 1325 1217 1389 dicenti,
1268 1339 1575 1394 quanquam
1622 1325 1799 1394 potius
1842 1338 2031 1380 contra

475 1410 650 1478 ipsum
703 1412 962 1480 loquenti.
1009 1410 1164 1477 Quod
1195 1412 1238 1468 si
1276 1414 1410 1466 forte
1444 1414 1618 1481 ipsum
1665 1414 1859 1467 caelum
1903 1416 2033 1468 dicit

477 1501 668 1565 Deum,
699 1504 839 1556 sicut
865 1504 1017 1556 multi
1050 1503 1388 1557 ethnicorum
1422 1502 1643 1557 fabulati
1672 1513 1822 1568 sunt,
1857 1505 2032 1558 adhuc

474 1604 598 1642 vere
643 1605 737 1641 nos
767 1590 1002 1644 diximus
1047 1590 1437 1657 daamoniacum
1484 1606 1603 1646 esse
1636 1590 2029 1646 Mohamedem.
2070 1640 2071 1643 η

471 1676 828 1748 Physiologiie
873 1681 1089 1750 insuper
1137 1683 1214 1736 vel
1255 1683 1388 1735 nihil
1439 1683 1660 1736 omnino
1705 1683 1900 1747 novit;
1949 1683 2032 1737 vel

473 1784 595 1820 cum
632 1784 749 1822 eam
785 1770 1019 1826 salutare
1049 1771 1115 1825 de
1144 1774 1328 1826 limine
1369 1776 1530 1831 audet
1555 1815 1569 1838 ,
1598 1789 1663 1828 en
1697 1774 1828 1828 dicit
1851 1773 2029 1828 homi-

473 1873 596 1912 nem
629 1876 693 1913 ex
730 1861 979 1915 hirudine
1015 1877 1135 1917 esse
1164 1862 1360 1917 factum
1389 1880 1403 1929 ;
1436 1872 1490 1919 et
1517 1865 1684 1920 solem
1715 1865 1769 1919 in
1798 1853 2026 1919 calidam
2065 1858 2115 1910 Β-

472 1964 665 2018 aquam
689 1951 983 2022 submergi,
1009 1968 1128 2007 cum
1160 1954 1226 2007 ad
1255 1970 1530 2024 vesperam
1562 1955 1795 2010 devenit.
1824 1955 1942 2011 Jam
1976 1957 2029 2011 in

475 2055 534 2094 re
580 2044 766 2095 morali
809 2045 936 2113 quid
963 2046 1082 2099 ait?
1125 2045 1430 2100 Satisfacite
1471 2048 1758 2103 animabus
1781 2050 1976 2104 vestris
2014 2067 2029 2114 ;

472 2131 617 2184 odite
638 2134 951 2200 quemlibet,
986 2147 1146 2204 prout
1173 2136 1260 2190 ille
1289 2153 1382 2191 vos
1415 2138 1608 2191 oderit.
1631 2136 1784 2204 Quod
1817 2154 1943 2193 vero
1962 2139 2031 2192 ad

474 2222 753 2275 historiam
776 2225 984 2288 attinet,
1010 2237 1208 2295 quanta
1237 2228 1303 2281 de
1328 2228 1530 2298 Moyse,
1553 2237 1607 2282 et
1629 2231 1692 2283 de
1718 2230 1833 2296 ipso
1852 2220 2036 2283 Domi-

475 2327 544 2365 IIO
576 2321 758 2368 nostro
779 2314 903 2370 Jesu
934 2316 1148 2372 Christo
1173 2320 1425 2373 mentitur
1457 2319 1480 2371 ?
1517 2319 1670 2387 quasi
1699 2319 1810 2374 haec
1836 2320 1917 2374 vel
1938 2321 2030 2375 illa

474 2398 662 2456 fecerit
710 2415 801 2458 aut
845 2406 1056 2462 locutus
1103 2407 1311 2474 fuerit;
1365 2425 1486 2478 qua:
1522 2410 1769 2464 videlicet
1809 2410 2032 2480 legendo

473 2493 819 2559 cognoscitis.
862 2493 997 2547 Nam
1042 2496 1246 2550 Christi
1305 2499 1526 2553 Matrem
1595 2513 1836 2553 sororem
1910 2512 2031 2554 esse

472 2579 674 2650 Moysis
713 2584 860 2650 dicit,
890 2594 942 2639 et
977 2585 1314 2642 Christianos
1355 2603 1475 2642 cum
1514 2587 1694 2657 Moyse
1721 2589 1773 2640 in
1816 2588 2031 2643 deserto

471 2681 732 2723 versatos.
764 2672 828 2724 Et
868 2662 931 2726 ne
971 2683 1162 2728 cuneta
1202 2691 1345 2730 nunc
1381 2691 1724 2736 enumerans,
1766 2677 1876 2730 haec
1915 2677 2032 2731 sine

473 2759 935 2818 demonstratione
953 2766 1342 2833 reprehendere
1363 2753 1566 2832 videar,
1590 2783 1650 2820 ea
1673 2766 2029 2821 confutationi

472 2859 660 2917 postea
688 2868 811 2905 cum
849 2852 940 2906 Dei
976 2857 1146 2921 gratia
1180 2855 1438 2910 faciendae
1465 2857 1769 2910 reservabo.
1813 2856 2031 2910 Interim

471 2952 699 3001 eatenus
731 2953 936 2996 tantum
965 2955 1229 3012 quatenus
1250 2962 1386 3013 opus
1411 2956 1526 2999 erat
1551 2946 1618 2998 ob
1638 2946 2029 2999 ostendendum

471 3033 653 3087 divina
712 3035 1054 3104 humanaque
1097 3038 1360 3105 sapientia
1431 3051 1655 3090 vacuam
1727 3032 1898 3089 fuiSse
1939 3051 2030 3090 su-

435 3127 692 3193 ,perbam
723 3125 1056 3181 Mohamedis
1089 3137 1343 3190 mentem,
1383 3135 1436 3180 et
1475 3127 1666 3195 quovis
1700 3125 2030 3180 charismate

471 3215 729 3267 divinitus
770 3215 1084 3269 hominibus
1108 3215 1224 3280 dari
1247 3215 1407 3269 solito
1428 3215 1690 3280 caruisse,
1719 3214 2027 3268 summatim

471 3299 746 3375 praedicta‘
762 3307 1028 3359 recensui.
1129 3283 1147 3300 χ

553 3393 643 3446 ⁸50.
676 3392 810 3445 Nam
838 3409 959 3446 cuin
989 3394 1246 3448 tredecim
1289 3409 1450 3461 supra
1488 3403 1705 3447 centum
1754 3402 1896 3447 totus
1935 3393 2024 3447 hic

472 3484 688 3536 libellus
735 3483 984 3550 capitulis
1033 3493 1280 3550 constet;
1323 3486 1374 3537 in
1415 3485 1587 3553 primo
1637 3484 1874 3552 quidem,
1903 3495 2025 3554 post

472 3589 591 3627 eam
627 3590 746 3642 qua:
781 3575 1028 3643 prooemii
1059 3575 1234 3627 locum
1273 3577 1480 3628 videtur
1515 3585 1695 3629 tenere
1725 3575 2022 3643 scriptiun-

473 3665 670 3728 eulam,
710 3665 952 3717 homines
990 3680 1018 3717 a
1061 3679 1117 3717 se
1147 3666 1399 3732 deceptos
1449 3666 1782 3729 cohortatur,
1833 3679 1901 3718 ne
1927 3665 2028 3717 du-

475 3754 790 3807 bitationem
830 3766 1008 3809 metite
1033 3756 1250 3808 foveant
1278 3757 1419 3810 circa
1451 3757 1590 3809 hanc
1613 3772 1764 3809 suam
1802 3754 2024 3807 fraudu-

475 3845 675 3900 lentam
705 3847 1054 3914 scripturam,
1074 3849 1228 3916 quasi
1256 3849 1586 3903 mendaciter
1607 3850 1678 3901 sit
1698 3848 2021 3917 conscripta.

552 4019 662 4088 (I6)
697 4019 1025 4090 Vocabulum
1058 4019 1370 4083 Arabieum,
1418 4036 1527 4090 quo
1562 4021 1731 4073 utitur
1759 4020 2035 4075 Mohame-

475 4090 589 4147 des.
624 4089 928 4156 signiﬁcare
957 4102 1066 4141 tum
1098 4091 1410 4157 ὁλόσφυρον,
1437 4089 1686 4154 Solidum,
1724 4101 1833 4143 tum
1869 4093 2030 4144 etiam

475 4170 746 4219 aeternum,
768 4159 876 4226 jam
908 4160 1298 4211 adnotaverunt
1321 4160 1588 4213 Iielandus
1617 4162 1667 4210 in
1703 4158 2032 4212 Mohamedi-

474 4229 547 4279 cis
583 4227 674 4296 lib.
717 4242 775 4287 ll,
813 4230 866 4282 ὃ.
914 4237 969 4296 et
994 4226 1323 4296 ,Freytagius
1358 4230 1409 4281 in
1459 4228 1672 4281 Lexico.
1709 4229 1771 4280 Et
1809 4230 2025 4295 quidem

472 4305 598 4348 ante
633 4295 929 4347 Relandum
961 4295 1255 4349 MaraCcius
1281 4300 1628 4352 transtulerat
1658 4299 2028 4364 sempiternum

474 4365 527 4416 iii
556 4379 679 4417 sura
710 4364 869 4427 CXII,
903 4366 956 4426 2,
989 4367 1051 4418 de
1081 4381 1188 4432 quo
1209 4366 1325 4418 loco
1359 4382 1500 4420 nunc
1528 4367 1763 4432 loquitur
1794 4366 2027 4430 Nicetes,

473 4435 629 4502 cujus
656 4435 1128 4503 hallucinationem
1161 4445 1377 4489 secutus
1405 4447 1484 4490 est
1516 4436 1834 4503 Euthyniius
1860 4436 2028 4503 Ζηθ-

475 4503 646 4556 lienus
675 4503 726 4552 in
754 4502 1252 4574 ίνάηορίὶιιηΝοδιιςι·
1276 4519 1399 4558 vero
1432 4502 1757 4574 Byzantinus
1789 4502 2032 4556 nonom-

476 4589 679 4639 σφυρον
731 4573 935 4636 scribit,
968 4573 1057 4625 sed
1109 4573 1765 4640 6160oaipov,scripturm
1796 4584 1853 4626 ut
1899 4584 2030 4640 puto

474 4642 824 4693 similitudine
858 4642 1129 4709 deceptus.
1167 4641 1227 4693 Et
1265 4646 1478 4709 quidem
1515 4644 1664 4710 prius
1702 4641 2022 4696 vocabulum

473 4711 701 4780 Arabico
728 4713 1031 4777 respondet,
1052 4727 1157 4763 non
1180 4712 1304 4763 item
1322 4715 1635 4765 secundum.
1663 4712 1878 4765 Corruit
1903 4727 2030 4780 ergo

473 4778 770 4849 sinitiltota
803 4781 1146 4846 reprehensio
1188 4781 1311 4835 hinc
1341 4796 1698 4849 consequens,
1747 4783 1887 4849 quod
1917 4778 2032 4834 Mo-

473 4848 755 4899 liatnedani
800 4849 963 4901 Deum
1008 4851 1337 4902 materialem
1377 4866 1494 4905 esse
1525 4848 1852 4903 exiStinient.
1905 4851 2030 4904 Lino

474 4933 589 4988 git-Af.
619 4932 821 4988 nempe
882 4918 1124 4970 Arahij
1172 4922 1332 4973 nimis
1378 4933 1521 4973 arcta
1580 4929 1671 4972 aut
1719 4920 2027 4988 imperfecta

475 4986 691 5059 notitia
719 4988 934 5059 multas‘
966 4993 1136 5059 apud"
1165 4988 1379 5042 Graecos
1436 4989 1766 5058 Latinosque
1795 4986 2029 5059 peperit

475 5055 856 5108 absurditates.
907 5055 979 5109 De
1029 5058 1130 5110 hoc
1167 5059 1394 5112 Arabico
1435 5055 1694 5113 vocabulo
1741 5055 1846 5112 non
1894 5055 2033 5112 inale

474 5124 894 5198 Bartholema-us
957 5127 1254 5198 monachus
1289 5128 1595 5182 Edessenns
1625 5145 1654 5182 a
1683 5127 1893 5198 Moynio
1917 5129 2031 5198 edi:

476 5204 564 5245 tus
602 5191 726 5264 φναν.
751 5211 889 5247 sacr.
915 5205 954 5247 t.
982 5194 1022 5255 I,
1055 5211 1105 5262 p.
1129 5196 1248 5256 308,
1281 5213 1439 5264 quem
1466 5198 1589 5251 item
1613 5201 1753 5253 inter
1773 5191 2028 5252 'Alcorani

478 5263 847 5318 eoul‘utatores
883 5266 1147 5333 ignoravit
1185 5263 1502 5321 Maraccius.

551 5335 660 5401 (15)
695 5335 816 5386 Sur.
846 5333 1029 5395 XCVI,
1055 5333 1110 5388 2.

549 5403 658 5478 (167)
691 5402 895 5456 Rursus
923 5404 1295 5478 hallucinalio,
1329 5421 1498 5478 quam,
1526 5405 1688 5460 etiam
1717 5406 2030 5478 Zygabcnus

477 5477 691 5538 repetit,
716 5489 778 5525 ex
817 5478 1077 5547 vocabulo
1108 5477 1339 5529 Arabico
1363 5477 1503 5547 quod
1537 5480 1754 5547 sanguis
1784 5479 2028 5546 coagula-

479 5550 588 5616 ιιιεῇ
624 5554 777 5616 sonat
803 5551 935 5616 rlseu
971 5544 1186 5616 σπέρμα
1228 5546 1588 5616 γεννητικὸν),
1642 5544 1693 5600 et
1751 5544 1896 5600 cuur
1930 5549 2029 5600 levi

476 5611 736 5664 varietate
760 5613 967 5663 hirudo.
1005 5612 1078 5663 Ita
1096 5611 1238 5667 enim
1270 5611 1411 5668 recte
1445 5611 1765 5677 Maraccius,
1799 5633 1897 5670 nec
1924 5633 2028 5670 non

478 5677 753 5754 Relaiidus
783 5681 875 5732 liii.
906 5695 965 5740 ii,
997 5682 1083 5744 56,
1123 5695 1170 5737 et
1201 5683 1510 5754 Freytagius
1533 5687 1585 5738 in
1614 5687 1828 5739 Lexieo.
1864 5681 2030 5740 Porro

480 5757 535 5797 ut
559 5748 874 5820 Zygabenus
895 5761 1113 5805 secutus
1141 5764 1223 5810 est
1244 5748 1443 5811 Niceti:
1463 5754 1741 5825 Byzantini
1766 5771 2027 5821 errorem,

2057 3166 2102 3226 C

2065 4475 2106 4527 D

2128 606 2273 657 ἔστιν
2305 606 2332 656 6
2365 605 2517 668 Θεὸς,
2548 603 2707 676 σῶμα
2745 603 2959 664 πάντως
2986 601 3145 654 αὐτὸν
3169 599 3409 668 οἰόμενος
3429 615 3442 627 ·
3474 597 3538 650 οὐ
3571 598 3692 666 γὰρ

2129 695 2193 748 ἂν
2225 694 2392 757 ἄλλως
2425 694 2485 746 τὸ
2521 697 2615 764 τῆς
2640 692 2869 763 σφαίρας
2897 691 3107 764 ἐδέχετο
3133 692 3349 758 σχῆμα·
3385 689 3594 756 σφαῖρα
3624 687 3693 740 δι

2119 785 2286 857 ὑλικὴ
2332 786 2450 838 κατ’
2485 775 2644 838 αὑτὸν
2689 784 2988 854 τυγχάνων,
3035 780 3157 834 οὔτε
3207 778 3521 841 ἀκούσεται,
3555 777 3689 831 οὗτε

2127 877 2311 944 ὄψεται
2366 876 2566 946 νοητῶς
2603 875 2861 945 δηλονότι,
2916 872 3038 925 οὔτε
3075 870 3357 940 ἐνεργήσει
3415 866 3600 933 πάλιν,
3632 867 3695 919 εἴ

2130 985 2230 1019 που
2263 964 2411 1035 τύχοι
2450 945 2587 1034 παρ’
2648 964 2804 1019 ἄλλον
2845 945 3103 1031 κινηοὲἲς,
3157 960 3250 1012 καὶ
3280 958 3512 1027 μάλιστα
3540 959 3692 1011 κατῶ

2131 1055 2366 1125 πρανοῦς
2385 1055 2680 1122 ἀλογίστως
2709 1050 2962 1123 φέρεσθαι
2982 1068 2996 1082 ’
3027 1051 3269 1120 ίλάσθητι
3304 1049 3455 1118 ἡμῖν,
3479 1049 3509 1100 6
3528 1046 3688 1113 Θεὸς,

2130 1148 2198 1198 τὰ
2221 1145 2385 1199 αὑτοῦ
2414 1145 2679 1212 λέγουσιν,
2701 1145 2747 1195 εί
2775 1143 2866 1197 καὶ⁵
2888 1143 3005 1195 κατ’
3035 1141 3198 1194 αὑτοῦ
3223 1157 3238 1172 ο
3265 1142 3313 1192 εί
3343 1139 3400 1192 δὲ
3427 1139 3490 1207 δὴ
3518 1138 3690 1193 adﬁni

2132 1238 2219 1291 τὸν
2247 1237 2470 1306 οὐρανὸν
2492 1237 2580 1288 τὸν
2606 1235 2736 1288 Θεὸν
2763 1235 2930 1300 λέγει,
2959 1233 3031 1295 ὡς
3061 1232 3244 1284 πολλοὶ
3271 1231 3376 1284 τῶν
3417 1229 3689 1300 Ἑλλήνιον

2131 1330 2419 1400 ὲλήρησαν,
2459 1329 2552 1381 καὶ
2581 1326 2751 1389 οὕτως
2787 1325 3072 1395 ἀληθεύσει
3098 1325 3124 1376 6
3153 1322 3326 1390 λόγος,
3356 1319 3689 1392 δαιμονιώδη

2130 1419 2287 1473 αὐτὸν
2337 1419 2572 1489 εἰρηκὼς
2630 1415 2787 1471 εἶναι.
2845 1417 2936 1478 EI;
2983 1415 3037 1468 δὲ
3095 1411 3436 1482 φυσιολογίαν
3469 1411 3503 1482 ἢ
3533 1410 3690 1464 οὐδὲν

2133 1514 2296 1580 φάναι
2321 1511 2606 1581 ἠπίστατο,
2646 1511 2678 1579 ἢ
2718 1511 2767 1562 εί
2800 1509 2894 1561 καὶ
2931 1506 3205 1576 προκύψαι
3230 1507 3307 1566 είς
3335 1503 3493 1557 τοῦτο
3533 1502 3692 1556 ἐτόλ-

2136 1619 2323 1672 μησεν,
2381 1601 2524 1668 λέγει
2574 1602 2683 1669 (15)
2731 1601 2811 1653 ὅτι
2866 1600 2930 1650 ὲκ
2958 1597 3172 1667 βδέλλης
3209 1594 3373 1664 (16)ὁ
3399 1593 3690 1662 ἄνθρωπος

2130 1696 2356 1764 γίνεται,
2391 1696 2482 1746 καὶ
2510 1696 2538 1746 6
2567 1693 2713 1761 ἥλιος
2765 1693 2843 1754 είς
2877 1689 3085 1760 θερμδν
3115 1687 3258 1757 ὓδωρ
3287 1681 3696 1748 καταϐαπτίζε-

2131 1802 2218 1838 ται
2244 1785 2381 1855 πρὸς
2409 1774 2644 1853 ἑσπέραν
2697 1782 2988 1853 φερόμενος
3017 1779 3151 1848 (17).
3182 1779 3273 1839 Εἰς
3307 1777 3362 1829 δὲ
3394 1776 3605 1844 ἠθικὸν,
3630 1774 3687 1826 τί

2132 1875 2220 1928 καί
2251 1892 2443 1946 φησιν;
2475 1872 2761 1926 Συνέλθετε
2796 1876 2911 1934 ταῖς
2943 1872 3138 1940 ψυχαῖς
3169 1868 3342 1938 ὑμῶν,
3369 1868 3462 1919 καὶ
3486 1866 3688 1936 ἐχθρα-

2131 1980 2255 2017 νατε
2281 1964 2465 2028 παντὶ,
2489 1961 2606 2014 καθ’
2636 1961 2663 2014 ὃ
2698 1961 2802 2022 πᾶς
2832 1977 2914 2022 τις
2959 1959 3225 2028 ἐχθραίνει
3255 1958 3382 2026 ὑμῖν
3416 1957 3551 2024 (18).
3586 1955 3684 2016 Et;

2131 2056 2185 2108 δὲ
2217 2055 2471 2126 ἱστορίαν,
2503 2054 2601 2106 ὅσα
2632 2053 2905 2124 Μωῦσὲως
2953 2050 3362 2118 καταψεύδεται,
3406 2045 3572 2101 αὐτοῦ
3619 2061 3685 2099 τι

2131 2144 2223 2197 τοῦ
2254 2143 2460 2213 Κυρίου
2493 2141 2646 2211 ἡμῶν
2684 2139 2859 2210 Ἰησοῦ
2893 2138 3154 2208 Χριστοῦ,
3178 2139 3250 2201 ὡς
3277 2138 3402 2190 τάδε
3435 2136 3532 2190 καὶ
3556 2137 3713 2209 τάδε.

2131 2232 2490 2301 πεποιηκότος
2512 2232 2602 2286 καὶ
2616 2231 2963 2299 λελαληκότος
2981 2267 2998 2292 ,
3026 2231 3118 2280 καὶ
3146 2229 3195 2301 oi.
3219 2224 3682 2294 ἀναγινώσκοντες

2133 2326 2388 2394 συνορᾶτε
2410 2340 2423 2354 ’
2458 2323 2556 2392 τήν
2583 2338 2643 2376 τε
2668 2321 2774 2391 γὰρ
2803 2318 3028 2387 Μητέρα
3060 2316 3296 2390 Χριστοῦ
3315 2316 3411 2385 τὴν
3446 2314 3688 2385 ἀδελφὴν

2131 2415 2404 2476 Μωῦσέως
2433 2413 2628 2480 φάσκει
2658 2408 2816 2476 εἶναι,
2871 2408 2994 2472 τούς
3045 2425 3104 2459 τε
3154 2407 3508 2476 Χριστιανοὺς
3544 2401 3685 2475 μετὰ

2131 2505 2404 2566 Μωῦσὲως
2431 2506 2663 2555 συνεῖναι
2685 2505 2741 2553 ὲν
2767 2503 2831 2569 τῇ
2853 2491 3044 2570 eraun
3071 2498 3179 2568 (19)
3206 2515 3220 2529 ο
3252 2499 3344 2549 καὶ
3369 2498 3454 2549 ἵνα
3489 2496 3563 2563 μὴ
3584 2493 3686 2548 νῦν

2129 2597 2199 2650 τὰ
2230 2597 2404 2649 πάντα
2454 2591 2925 2662 ἀπαριθμούμενος
2975 2589 3335 2642 ἀναπόδεικτα
3380 2586 3551 2638 ταῦτα
3575 2588 3681 2639 ἁπ-

2131 2676 2368 2755 ελέγχειν
2394 2686 2548 2749 δόξω,
2578 2687 2643 2752 τῇ
2693 2684 2980 2754 μετέπειτα
3025 2681 3156 2733 Θεοῦ
3190 2682 3368 2750 χάριτι
3396 2678 3685 2750 τεθειμένῃ

2131 2778 2341 2842 ἑκάστῳ
2385 2775 2562 2827 αὐτῶν
2591 2773 2865 2840 ἀνατροπῇ
2896 2770 3294 2838 ταμιεύσομαι·
3326 2769 3443 2820 νυνὶ
3469 2768 3523 2820 δὲ
3547 2767 3680 2819 61:6-

2134 2885 2223 2919 σον
2248 2867 2401 2935 μόνον
2426 2867 2561 2935 πρὸς
2588 2863 2648 2915 τὸ
2674 2863 2839 2926 δεῖξαι
2866 2862 3068 2930 ἔρημον
3103 2861 3249 2921 Θείας
3278 2863 3370 2911 καὶ
3398 2858 3678 2926 ἁνθρωπί·

2131 2975 2226 3027 νης
2259 2957 2447 3021 σοφίας
2473 2957 2562 3007 τὸν
2594 2953 2824 3016 ἀλαζόνα
2855 2954 3000 3017 νοῦν,
3029 2953 3120 3004 καὶ
3141 2944 3216 3004 ὦν
3243 2952 3533 3019 ἐστέρηται
3558 2949 3684 3002 θεο-

2130 3050 2381 3117 δωρήτων
2409 3044 2713 3117 ἀνθρώποις
2761 3043 3129 3113 χαρισμάτων,
3161 3041 3538 3107 κεφαλαιωδῶς
3568 3041 3677 3092 ἀπ-

2130 3138 2431 3208 ηρίθμησα.

2188 3398 2253 3449 λ’.
2287 3395 2463 3466 Τριῶν
2493 3394 2600 3462 γὰρ
2657 3395 2747 3446 καὶ
2786 3394 2915 3445 δέκα
2948 3392 3086 3464 πρὸς
3131 3394 3239 3454 τοῖς
3280 3390 3472 3444 ἑκατὸν
3505 3405 3676 3458 κιφα-

2119 3489 2288 3550 λαίοις
2306 3487 2365 3540 τὸ
2393 3486 2512 3539 ὅλον
2539 3484 2695 3538 τοῦτο
2724 3483 3064 3554 ἐκδεδομένον
3095 3483 3364 3552 βισλίδιον,
3391 3483 3449 3533 ὲν
3484 3481 3578 3550 μὲν
3599 3478 3678 3550 τῷ

2122 3577 2320 3646 πρώτῳ
2365 3575 2524 3642 λόγῳ,
2583 3573 2723 3626 κατὰ
2750 3574 2847 3641 τὴν
2895 3571 3154 3624 δοκοῦσαν
3211 3571 3488 3639 προοιμίου
3515 3572 3680 3625 τόπον

2123 3669 2263 3736 ἔχειν
2290 3666 2522 3734 γραφὴν,
2555 3664 2871 3733 παραίνεσιν
2898 3665 3126 3715 ποιεῖται
3153 3661 3285 3732 πρὸς
3324 3662 3448 3724 τοὺς
3472 3663 3673 3714 πεπλα-

2130 3757 2388 3825 νημένους
2439 3753 2527 3806 ὑπ’
2555 3753 2740 3818 αὑτοῦ,
2780 3754 2854 3822 μὴ
2890 3753 3030 3821 ἔχειν
3062 3754 3118 3803 ὲν
3143 3749 3347 3819 διανοίᾳ
3384 3749 3678 3817 δισταγμὸν

2135 3846 2260 3915 περὶ
2297 3846 2392 3914 τῆς
2430 3844 2707 3914 ἀπατηλῆς
2743 3842 2904 3895 αὑτοῦ
2952 3840 3154 3909 ταύτης
3188 3841 3403 3908 γραφῆς
3453 3836 3566 3907 (‘20)
3596 3839 3681 3890 ὅτι

2136 4021 2209 4072 ita
2242 4017 2484 4073 vicissim
2521 4016 2862 4086 Zygabennm
2911 4025 3128 4086 secutus
3159 4026 3238 4070 est
3277 4017 3489 4072 Nieetas
3527 4017 3675 4072 Clio-

2138 4090 2282 4141 niata
2317 4089 2366 4156 in
2416 4085 2719 4156 orthodoxae
2759 4087 2882 4156 ﬁdei
2927 4085 3190 4139 Thesauro
3229 4102 3257 4139 a
3300 4089 3454 4140 nobis
3483 4088 3678 4156 partim

2134 4160 2276 4210 edito
2309 4155 2504 4216 Spei-il.
2539 4155 2691 4225 nam,
2729 4165 2765 4207 t.
2802 4154 2888 4216 IV,
2925 4157 3013 4208 ubi
3048 4156 3241 4210 videsis
3265 4154 3509 4225 paginam
3548 4157 3674 4210 69%.

2135 4225 2213 4280 Re
2240 4229 2452 4293 quidem
2487 4240 2608 4276 vera
2643 4224 2982 4277 Moliamedes
3009 4227 3236 4288 primum
3269 4224 3538 4278 hominem
3570 4227 3678 4277 Ior-

2135 4309 2337 4349 matum
2365 4309 2393 4346 a
2441 4294 2544 4347 Deo
2575 4309 2636 4346 ex
2673 4294 2784 4346 luto
2815 4310 2906 4346 seu
2939 4295 3174 4361 pulvere,
3206 4293 3458 4361 deinceps
3500 4293 3676 4346 homi-

2136 4381 2231 4418 nes
2260 4379 2323 4418 ex
2368 4364 2660 4432 sanguineo
2689 4365 2933 4432 coagulo,
2971 4379 3062 4416 seu
3099 4366 3159 4414 ὲκ
3208 4363 3303 4414 τοῦ
3341 4365 3674 4432 σπέρματος,

2135 4436 2300 4502 gigni,
2355 4430 2604 4514 plurimis
2637 4434 2686 4484 in
2742 4430 2872 4485 locis
2905 4443 3086 4512 aperte
3139 4435 3290 4492 dicit,
3327 4430 3457 4512 sur.
3489 4430 3676 4492 XVIII.

2133 4502 2449 4555 581XXII.
2479 4502 2532 4553 5.
2567 4500 2750 4555 XXIII.
2775 4505 2873 4555 1‘2:
2911 4501 3120 4555 XXXII.
3151 4502 3202 4555 '7.
3235 4501 3676 4555 81XXXVJI:

2132 4543 2256 4694 iiii):
2284 4543 2449 4636 ’ἃῆν
2471 4543 2705 4635 ivi]?
2717 4543 2750 4636 ξ’
2779 4543 2883 4625 ἰῖῇ
2895 4543 3140 4635 ﬁlms}
3159 4543 3202 4638 ξ’
3224 4543 3598 4635 ic’vi‘f'i'é,’
3617 4543 3681 4626 εἰ

2133 4657 2161 4694 3
2189 4659 2200 4693 I
2246 4660 2280 4694 I.

2133 4644 2280 4695 alibi.

2205 4712 2314 4784 (ιη
2348 4711 2471 4767 Sur.
2506 4711 2813 4784 XVIII,78-7.

2201 4777 2311 4851 (18)
2353 4787 2472 4836 δην.
2519 4784 2581 4847 ll,
2620 4783 2758 4851 192;
2793 4778 2881 4843 IX,
2913 4778 2969 4844 6,
2994 4777 3241 4851 75,_125.

2203 4847 2311 4919 (19)
2343 4849 2800 4906 AtiaclirOIiisnius
2829 4850 3053 4920 insignis
3070 4848 3420 4914 Mohamedis,
3438 4847 3678 4904 hominis

2136 4922 2552 4974 illitteratissimi
2583 4939 2597 4986 ;
2636 4924 2727 4987 qui
2753 4935 2904 4974 error
2935 4921 3067 4972 satis
3096 4920 3436 4987 comprobari
3462 4921 3678 4973 videtur

2131 5006 2195 5042 ex
2227 5006 2351 5043 sura
2374 4990 2512 5053 XIX,
2534 4992 2622 5050 :27,
2652 4999 2960 5058 comparata
2983 5004 3106 5042 cum
3135 5005 3261 5043 sura
3286 4990 3368 5052 Ill,
3405 4991 3455 5047 I.
3490 4989 3678 5054 Quan-

2132 5074 2293 5126 quam
2326 5059 2723 5120 Mohamcdani,
2756 5059 3108 5124 nonnullique
3151 5059 3469 5122 Christiani,
3508 5059 3677 5112 veluti

2133 5129 2451 5182 Herbelotus
2481 5141 2535 5182 et
2568 5129 2840 5182 Iielandus
2865 5128 2925 5189 Il,
2957 5128 3047 5192 ‘20,
3100 5136 3305 5182 textum
3356 5128 3678 5182 historicum

2133 5198 2382 5251 Alcorani
2412 5199 2565 5250 aliter
2593 5200 2859 5266 explicare
2879 5202 2987 5249 non
3011 5199 3439 5265 improbabiliter
3467 5197 3680 5261 volunt,

2132 5268 2458 5336 quibuscum
2515 5277 2693 5322 tamen
2745 5267 3040 5321 Maraecius
3088 5280 3194 5320 non
3243 5267 3512 5321 consentit
3565 5265 3675 5331 t.I,

2130 5345 2271 5406 part.
2309 5337 2495 5406 1385,
2529 5349 2583 5391 et
2618 5348 2654 5390 t.
2685 5338 2744 5399 ll,
2779 5353 2828 5405 p.
2861 5336 2983 5389 115.

2227 5407 2317 5475 20)
2349 5405 2525 5475 Vulgo
2552 5404 2862 5461 scribuntur
2886 5407 3174 5470 sectiones,
3200 5422 3294 5460 seu
3325 5420 3484 5466 surae,
3515 5404 3676 5458 Aleoo

2131 5478 2248 5530 rani
2280 5476 2461 5537 CXIV,
2491 5480 2615 5544 quia
2645 5481 2812 5542 prima
2844 5476 3006 5528 etiam
3038 5487 3368 5537 numeratur,
3395 5489 3554 5544 quam
3588 5485 3674 5528 ut-

2132 5558 2253 5614 pote
2309 5543 2520 5600 nudam’
2572 5549 2961 5600 invocationem
3029 5561 3122 5600 seu
3186 5543 3675 5614 praelatiunciilam,

2132 5613 2301 5670 Graeci
2363 5620 2414 5669 in
2469 5632 2750 5669 imm-erum
2792 5629 2891 5666 non
2949 5613 3270 5669 referebant.
3328 5613 3571 5681 Namque
3623 5623 3678 5667 et

2135 5687 2368 5739 li-vodius
2392 5689 2687 5740 monachus
2718 5687 2854 5751 apud
2903 5685 3170 5749 Euthyniii
3200 5684 3462 5754 Zyga-heiii
3499 5681 3675 5754 Pano-

2133 5757 2318 5824 plium,
2355 5759 2436 5810 tit.
2490 5755 2678 5820 XXIV,
2715 5756 2766 5818 ‘2,
2819 5769 2974 5810 suras
3028 5751 3465 5808 nonnisi'CXlll
3518 5752 3671 5812 dieit,
