3926 6308
491 431 593 495 7-17
1206 441 1219 457 λ
1719 435 2008 499 ΝῙΟΕΤΕ
2042 437 2047 496 ἶ

2148 435 2445 498 ζᾹΝΤΙΝῙ
3338 459 3342 462 ’
3602 435 3711 498 ’748

500 545 565 599 de
617 552 768 614 patre
819 543 1085 600 mendacii
1132 552 1312 609 natus,
1376 543 1452 598 ait
1492 542 1709 599 Judieos
1761 543 2042 598 dominum

2148 541 2372 610 ψεύδους
2424 545 2622 613 φάσκει
2648 537 2843 606 αὐτοῦς
2900 529 3326 616 κύριονὲαυτῶν
3350 548 3442 603 τὸν
3483 546 3710 620 Ἰσραὴλ

493 651 650 689 suum
707 635 965 690 lsraelem
1027 636 1131 690 sibi
1181 635 1500 705 sumpsisse,
1567 645 1761 705 praeter
1818 635 2047 691 Deum?

2149 633 2498 714 ἐπιλαϐέσθαι
2523 634 2695 705 πάρεξ
2728 635 2892 702 Θεοῦ;
2920 636 3309 708 ὲρωτάσθωσαν
3354 639 3599 694 Ἰουδαῖοι
3625 643 3712 694 ετο-

445 780 449 785 ,
492 723 900 794 Interrogentur
946 723 1114 778 Judaei
1166 733 1345 780 utrum
1402 725 1453 779 id
1509 725 1803 794 aliquando
1867 725 2047 781 animo

2148 740 2277 776 ποτε
2307 723 2467 777 τοῦτο
2493 725 2898 797 ὲντεθύμηνται,
2930 726 2961 797 ἦ
2993 727 3051 781 ὲν
3077 729 3316 797 Γραφαϊς
3339 730 3530 816 αὐτῶν.
3553 731 3711 800 εἰρη-

494 816 833 884 agitaverint,
873 816 953 869 vel
984 817 1037 870 in
1080 817 1297 871 illorum
1328 815 1627 882 Scripturis
1668 824 1919 870 occurrat
1953 817 2048 870 do-

495 906 672 959 minus
731 906 978 974 ipsorum
1041 906 1224 961 Israel.
1287 905 1579 960 Christiani
1629 914 1807 959 autem
1857 905 2084 960 verum~

494 1010 705 1062 reapse,
752 1005 916 1064 prout
954 997 1123 1057 decet,
1157 997 1450 1065 genuinum
1481 995 1678 1050 Filium
1711 1010 1834 1050 esse
1875 997 2047 1050 conli-

491 1095 670 1140 tentur
698 1086 996 1152 Christum,
1033 1103 1100 1140 ex
1144 1090 1331 1143 eadem
1373 1087 1548 1142 Patris
1581 1086 1676 1142 Dei
1706 1088 1890 1142 divina
1920 1087 2045 1141 sub-

494 1178 698 1232 stantia
735 1197 750 1245 ;
788 1187 950 1248 prout
1011 1188 1093 1233 est
1168 1179 1222 1232 in
1265 1194 1326 1232 ea
1370 1177 1645 1248 Scriptura
1719 1193 1882 1247 quam
1932 1177 2048 1246 ipse

489 1267 755 1321 barbarus
794 1265 994 1322 fatetur
1021 1283 1053 1321 a
1098 1269 1204 1321 Deo
1252 1267 1526 1332 traditam,
1567 1283 1760 1337 nempe
1787 1270 1840 1320 in
1870 1264 2047 1321 Evan-

488 1360 649 1428 gelio.
698 1357 835 1414 Nam
881 1360 950 1422 si,
1000 1369 1061 1414 ut
1112 1358 1338 1422 fatetur.
1399 1359 1658 1413 divinitus
1715 1359 1899 1412 datum
1945 1357 2047 1410 fuit

485 1451 838 1520 Evangelium
865 1469 879 1516 ;
911 1452 961 1505 in
994 1466 1059 1506 eo
1101 1434 1281 1506 autem
1324 1453 1585 1520 scriptum
1627 1459 1730 1512 est,
1764 1459 1846 1502 ter
1876 1449 2042 1503 Deum

485 1540 717 1610 desuper
759 1556 856 1609 pro
899 1535 1118 1596 Christo
1166 1542 1475 1607 clamasse;
1523 1541 1604 1595 bis
1643 1539 1859 1609 quidem
1898 1537 2045 1593 :Hic

483 1637 559 1683 est
592 1628 765 1684 Filius
807 1639 951 1684 meus
990 1630 1211 1686 dilectus
1233 1634 1253 1664 °
1283 1649 1298 1697 ;
1331 1632 1498 1686 semel
1527 1639 1706 1684 autem
1745 1648 1758 1682 :
1789 1628 1857 1682 Et
1883 1628 2044 1682 clari-

483 1718 658 1785 ﬁcavi,
686 1728 733 1772 et
755 1707 944 1773 iterum
979 1721 1282 1789 clariﬁcabo
1311 1722 1390 1784 ¹⁰;
1412 1719 1539 1788 quid
1566 1720 1858 1773 absurdum
1890 1733 2044 1787 pere—

483 1807 769 1873 grinumve
813 1806 1019 1861 faciunt
1050 1807 1371 1871 Christiani,
1406 1807 1575 1861 Deum
1619 1820 1683 1860 ac
1721 1802 1816 1858 Dei
1849 1801 2042 1856 Filium

2145 830 2238 867 ται
2275 813 2460 882 κύριος
2488 814 2664 868 αὐτῶν
2692 818 2720 868 6
2760 810 2972 886 Ἰσραήλ
2991 832 3004 844 ·
3039 818 3087 869 εί
3113 817 3168 869 δέ
3196 836 3260 886 γε
3286 810 3603 887 Χριστιανοὶ
3627 818 3710 889 τῷ

2145 904 2258 957 ὄντι
2287 905 2518 975 ἀληθῶς,
2530 907 2648 978 καθ’
2679 907 2707 960 6
2734 909 2941 978 πρέπον
2968 908 3086 978 Θεῷ
3135 912 3355 980 γνήσιον
3410 911 3554 974 Υίὸν,
3610 911 3710 964 καὶ

2146 993 2246 1063 τῆς
2274 995 2442 1066 αὐτῆς
2465 995 2559 1049 τοῦ
2587 997 2720 1050 Θεοῦ
2754 1001 2848 1052 καὶ
2885 1000 3096 1070 Πατρὸς
3127 1000 3312 1063 οὐσίας
3342 1002 3432 1054 τὸν
3469 1001 3710 1071 Χριστὸν

2147 1085 2500 1155 ὁμολογοῦσιν
2527 1090 2592 1158 τῇ
2623 1087 2773 1160 θεῖκῇ
2808 1091 2984 1162 οὐσίᾳ,
3015 1092 3154 1145 κατά
3187 1089 3283 1162 τὴν
3315 1093 3408 1146 καὶ
3435 1093 3565 1164 παρ’
3603 1094 3712 1147 αὑ-

2144 1176 2238 1229 τοῦ
2263 1177 2356 1230 τοῦ
2391 1178 2661 1249 βαρϐάρου
2703 1180 3134 1252 ὁμολογουμένην
3185 1185 3250 1237 ἐκ
3276 1166 3415 1238 Θεοῦ
3442 1184 3714 1240 ¹δεδόσθαι

2145 1270 2359 1337 γραφὴν
2386 1268 2480 1321 τοῦ
2515 1267 2864 1338 Εὑαγγελίου.
2889 1272 2951 1325 Ei
2980 1273 3106 1343 γὰρ,
3135 1274 3211 1337 ὡς
3236 1274 3501 1344 ὁμολογεῖ,
3523 1275 3714 1330 θεόθεν

2144 1356 2352 1411 δέδοται
2377 1359 2436 1412 τὸ
2470 1360 2818 1429 Εὐαγγέλιον,
2855 1364 2914 1415 ὲν
2954 1364 3104 1435 αὒτῷ
3141 1363 3197 1417 6i:
3253 1366 3579 1436 γέγραπται,
3627 1366 3714 1422 ὃτι

2143 1449 2325 1518 τρίτον
2354 1448 2558 1504 ἀνωθεν
2585 1451 2613 1503 6
2640 1451 2771 1516 Θεὸς
2800 1452 2939 1523 ὑπὲρ
2975 1454 3208 1525 Χριστοῦ
3240 1441 3538 1528 ἐπεϐόησεν
3559 1474 3574 1486 ·
3626 1458 3709 1528 πῆ

2123 1538 2126 1542 ’
2148 1539 2264 1607 μὲν,
2304 1536 2488 1605 Οὗτός
2524 1541 2693 1596 ἐστιν
2729 1544 2762 1596 ὁ
2788 1543 2917 1609 Υἱός·
2943 1561 3062 1612 μου
3102 1547 3135 1598 ό
3153 1546 3456 1616 ἀγαπητός
3472 1563 3494 1610 ;
3518 1547 3598 1619 πῆ
3627 1548 3714 1612 δὲ,

2144 1628 2249 1680 Kal
2273 1627 2556 1696 ἐδόξασα,
2587 1631 2684 1684 καὶ
2726 1631 2912 1687 πάλιν
2942 1634 3227 1700 δοξάσω;
3277 1634 3334 1688 τί
3378 1635 3578 1690 ἄτοπον
3618 1639 3718 1692 καὶ

2147 1714 2292 1779 ξένον
2317 1718 2557 1772 ποιοῦσιν
2573 1719 2627 1772 oi
2653 1720 2984 1790 Χριστιανοὶ,
3019 1721 3148 1776 Θεὸν
3179 1724 3272 1778 καὶ
3296 1723 3430 1779 Θεοῦ
3464 1726 3598 1779 Υίδν
3619 1726 3716 1781 τὸν

2143 1803 2374 1873 Χριστὸν
2406 1805 2789 1874 ὁμολογοῦντές
2810 1823 2838 1874 ;,Δ
2855 1807 2949 1861 τοῦ
2980 1807 3114 1862 Θεοῦ
3147 1806 3277 1862 aii-r6
3302 1810 3458 1864 τοῦτο
3491 1829 3714 1882 μαρτυ-

483 1895 760 1948 Christum
813 1891 1188 1951 conlitentes’?
1217 1897 1328 1952 Deo
1373 1897 1477 1950 hoc
1517 1893 1950 1958 idem‘testante,
1993 1899 2046 1946 et

2148 1894 2388 1964 ροῦντος,
2425 1897 2518 1947 καὶ
2550 1897 2706 1950 τοῦτο
2733 1896 2834 1965 μὲν
2879 1901 2941 1951 ὲκ
2981 1900 3081 1969 τῆς
3133 1886 3534 1970 ἐπαινουμένης
3572 1902 3716 1973 παρ’

379 2004 381 2006 ·
482 1986 703 2054 quidem
729 1986 783 2039 in
811 1986 1029 2042 laudato
1051 1990 1119 2042 ah
1149 1987 1268 2057 ipso
1303 1985 1619 2041 Moliamede
1657 1985 1814 2038 libro.
1858 1982 2042 2048 Quan-

483 2089 644 2144 quam
676 2076 913 2130 arbitror
944 2092 1220 2146 nunquam
1257 2077 1450 2132 lectam
1477 2076 1786 2141 divinorum
1811 2072 2046 2144 Evange-

480 2166 676 2222 liorum
706 2181 738 2220 a
777 2166 1010 2221 barbaro
1068 2167 1421 2236 scripturam,
1457 2165 1550 2242 sed
1585 2164 1800 2221 illorum
1834 2171 2042 2221 tantum

481 2258 704 2315 nomine
739 2258 944 2320 audito,
973 2257 1266 2323 laudasse;
1297 2257 1431 2327 quin
1478 2266 1656 2311 tamen
1705 2256 1871 2311 sciret
1906 2254 2044 2310 'scri-

439 2407 442 2411 ,
483 2359 634 2420 ptum
667 2350 744 2404 ibi
774 2350 920 2418 quod
957 2363 1087 2404 vere
1122 2349 1213 2402 Dei
1245 2347 1415 2402 Filius
1444 2332 1695 2404 Christus
1737 2349 1830 2405 sit.
1873 2351 1877 2355 '

551 2441 638 2495 6t.
676 2438 830 2506 Quod
861 2449 1041 2494 tamen
1067 2454 1130 2495 ex
1160 2439 1466 2508 antiquiore
1492 2440 1658 2495 etiam
1691 2442 2044 2510 mysticorum

482 2546 545 2584 ac
566 2530 954 2600 prophetarum
979 2529 1260 2598 Scriptura
1291 2529 1630 2597 exploratum
1657 2538 1759 2585 est.
1789 2529 1922 2585 Nam
1953 2546 2048 2601 pa-

472 2636 570 2685 res
629 2621 908 2676 stellarum
963 2636 1189 2675 numero
1217 2620 1461 2676 invenies
1504 2620 1583 2674 rei
1620 2620 1782 2688 hujus
1821 2623 2048 2676 demon-

485 2712 795 2776 strationes,
825 2712 937 2782 jam
976 2713 1101 2767 inde
1123 2728 1152 2766 a
1182 2712 1359 2781 primo
1386 2711 1626 2766 omnium
1658 2712 1795 2767 libro
1828 2711 2047 2784 Moysis,

484 2821 658 2875 usque
679 2804 744 2859 ad
770 2805 1044 2858 Danielem
1059 2803 1377 2873 prophetam
1395 2812 1448 2857 et
1467 2804 1721 2872 reliquos.
1741 2803 1896 2871 Quod
1923 2809 2050 2876 qui-

481 2896 603 2949 dem
625 2893 832 2965 Moyses
858 2904 1038 2950 nosset
1063 2893 1156 2948 Dei
1179 2893 1437 2947 unitatem
1464 2902 1691 2961 naturae,
1717 2905 1771 2950 et
1802 2902 2052 2966 proprie-

483 2993 654 3038 tatum
682 2984 734 3039 id
758 2993 840 3039 est
878 2997 1232 3054 personarum
1264 2981 1830 3053 diii‘erentiam,palam
1852 2976 2051 3041 factum

483 3083 568 3130 est
590 3090 712 3129 cum
754 3075 971 3144 scripsit
1000 3091 1013 3125 :
1049 3072 1336 3126 Faciamus
1380 3073 1641 3128 hominem
1669 3076 1738 3128 ad
1774 3077 2053 3146 imaginem

485 3183 548 3220 ac
569 3165 966 3219 similitudinem
997 3174 1229 3218 nostram
1257 3164 1320 3218 η.
1356 3162 1486 3218 Item
1516 3165 1685 3219 dixit:
1715 3164 1849 3220 Ecce
1883 3167 2051 3221 Adam

483 3258 635 3327 quasi
662 3273 796 3310 unus
818 3272 883 3310 ea:
913 3238 1060 3310 nobis
1095 3256 1267 3324 factus
1286 3263 1363 3308 est
1387 3254 1452 3308 ¹².
1494 3254 1733 3325 Denique
1755 3251 1877 3310 cum
1909 3258 2046 3311 scri-

481 3348 630 3419 psit:
663 3347 826 3413 Audi,
877 3346 1066 3411 lsrael,
1100 3345 1355 3403 Dominus
1410 3344 1550 3398 Deus
1605 3356 1748 3411 tuus,
1792 3347 2045 3401 Dominus

483 3457 620 3496 unus
650 3451 725 3496 est
756 3442 820 3497 ¹³.
853 3440 917 3494 Vi
954 3441 1230 3496 causativa
1284 3439 1541 3493 nimirum
1581 3448 1637 3495 et
1665 3441 1964 3495 substantia
1995 3452 2050 3496 et

484 3533 890 3602 conspiratione
919 3531 1126 3586 unitam
1167 3545 1288 3586 esse
1323 3529 1665 3597 Trinitatem,
1699 3532 2047 3585 manifestum

482 3634 604 3679 cst:
638 3638 800 3678 secus
837 3623 984 3677 enim
1021 3622 1291 3676 contraria
1311 3621 1413 3677 sibi
1438 3621 1765 3690 scripsisset,
1800 3622 2048 3690 superius

484 3714 701 3784 quidem
749 3711 943 3782 positis
991 3710 1221 3767 diversis
1263 3711 1516 3779 personis
1563 3710 2045 3780 .colloquentibus;

485 3806 678 3861 deinde
702 3819 872 3858 unam
930 3817 1222 3872 personam
1255 3802 1519 3856 inducens
1580 3801 1910 3870 loquentem,
1948 3816 2044 3855 au-

485 3897 720 3951 dientem
768 3904 928 3965 atque
981 3893 1289 3949 facientem.
1317 3893 1474 3958 Quod
1521 3890 1674 3947 nefas
1704 3889 1966 3947 est.-Tum
1995 3899 2048 3947 et

485 3986 728 4043 omnium
757 3995 999 4040 veterum
1035 3984 1418 4053 pr0phetarum
1451 3980 1911 4036 luculentissimus
1941 3981 2077 4044 Da-,

484 4077 612 4145 niel,
636 4078 923 4147 perspicue
955 4082 1167 4144 tempus
1199 4086 1418 4143 quoque
1454 4071 1820 4126 maniiestavit
1845 4069 2043 4127 Christ’

485 4169 769 4235 adventus,
813 4166 1166 4236 ejusdemque
1205 4164 1521 4234 dignitatem
1571 4163 1913 4234 signiﬁcavit,
1957 4163 2044 4217 di-

485 4275 611 4317 cens
643 4276 659 4313 :
691 4257 1048 4327 Aspiciebam,
1068 4265 1133 4310 νει
1156 4271 1271 4310 cccc
1297 4255 1350 4308 in
1380 4254 1602 4309 nubibus
1627 4254 1762 4319 cwli,
1798 4261 2045 4324 tanquam

492 4349 660 4406 Filius
693 4350 962 4414 hominis;
991 4350 1134 4417 eique
1161 4347 1318 4400 datus
1353 4353 1428 4399 est
1464 4345 1648 4411 honor,
1680 4355 1730 4399 et
1761 4344 2040 4408 veneratio,

494 4453 536 4495 e‘
564 4443 794 4512 reliqua.
823 4438 889 4494 Et
918 4435 1134 4509 quidem
1191 4435 1358 4491 etiam
1414 4431 1713 4503 Autiquum
1739 4431 1945 4486 dierum
1989 4432 2045 4496 in

518 4547 550 4586 τι
569 4535 765 4588 throno
790 4530 1063 4586 sedentem
1096 4526 1160 4580 “.
1316 4591 1322 4600 '

568 4621 644 4680 (ἢ.
683 4623 788 4679 Sed
817 4631 1023 4677 veteres
1070 4618 1387 4674 omittamus
1431 4614 1758 4689 Scripturas.
1803 4611 1882 4667 Ex
1914 4610 2046 4680 ipsis

513 4701 691 4768 Christi
743 4710 1206 4782 praedictionibus,
1250 4708 1554 4777 harumque
1601 4705 1770 4770 exitu,
1814 4705 1859 4758 si
1902 4709 2047 4757 certe

511 4797 700 4850 stultus
717 4802 1062 4859 liiohamedes
1102 4814 1290 4869 sapere
1318 4798 1517 4868 aliquid
1554 4801 1781 4864 poterat,
1808 4793 2046 4849 divinam

511 4879 654 4936 illius
703 4882 1002 4952 dignitatem
1059 4887 1432 4949 intellexisset,
1478 4897 1687 4939 necnon
1743 4881 1837 4936 abs
1883 4878 2049 4934 Joan-

507 4973 593 5027 nis
632 4960 950 5048 testimtnio,
983 4960 1291 5052 quemvipse
1325 4990 1377 5035 et
1412 4977 1728 5048 prophetam
1767 4983 1820 5029 et
1839 4974 2044 5044 justum

503 5064 776 5121 hominem
807 5066 1009 5140 dicens,
1040 5075 1293 5130 admittit.
1320 5054 1458 5126 item
1482 5083 1512 5122 a
1531 5066 1742 5121 Christi
1770 5065 2045 5120 miraculis

501 5159 859 5227 perciusdem
894 5154 1125 5229 symbols
1149 5166 1396 5234 patratis,
1427 5177 1459 5214 a
1480 5159 1757 5229 sepultura
1787 5166 1841 5213 et
1866 5172 2047 5212 resur-

502 5249 760 5304 rectione.
790 5247 890 5305 Sed
923 5253 1053 5308 nihil
1081 5258 1265 5309 borum
1295 5261 1475 5309 mente
1505 5263 1604 5306 sua
1636 5248 2044 5318 comprehendit

499 5336 587 5391 hic
611 5339 882 5394 latronum
913 5341 1019 5395 dux
1049 5356 1062 5389 :
1093 5358 1262 5412 neque
1292 5345 1338 5396 ei
1376 5340 1524 5396 cordi
1549 5337 1919 5406 unquam'fuit
1950 5335 2043 5389 Dei

500 5430 745 5483 notitiam
775 5432 1013 5498 assequi,
1066 5432 1157 5485 sed
1188 5431 1516 5501 decipiendis
1541 5421 1751 5486 tantum
1780 5427 2044 5484 auditori-

1976 4549 2121 4616 QD

2144 1984 2290 2053 αὐτῷ
2339 1983 2521 2053 βίϐλου
2580 1987 2687 2039 τῶν
2749 1987 3130 2056 Εὑαγγελίων·
3190 1990 3325 2054 ἀλλ’,
3370 1987 3564 2061 οἶμαι,
3606 1990 3717 2047 οὐκ

2144 2073 2350 2140 ἀνέγνω
2379 2074 2596 2129 πώποτε
2633 2078 2731 2144 τὴν
2759 2077 2865 2131 τῶν
2905 2067 3074 2132 θείων»
3099 2079 3443 2149 Εὑαγγελίων
3482 2082 3708 2152 γραφήν

2143 2165 2172 2215 6
2197 2154 2486 2234 βάρϐαρος,
2513 2167 2677 2236 μόνην
2699 2167 2754 2219 δὲ
2783 2167 2960 2220 αὐτῶν
2980 2169 3076 2239 τὴν
3104 2154 3470 2243 προσηγορίαν
3491 2171 3717 2248 ἀκούων

2147 2253 2449 2320 ἐξεθείαζε·
2500 2258 2592 2311 καὶ
2646 2258 2744 2311 οὐκ
2795 2258 2931 2329 ᾤετο
2959 2261 3016 2314 ἐν
3058 2261 3242 2325 αὐτοῖς
3287 2242 3597 2334 γεγράφθαι
3626 2265 3714 2318 ὅτι

2145 2345 2358 2416 ἀληθῶς
2392 2341 2516 2410 Υἱὸς
2548 2348 2682 2401 Θεοῦ
2715 2351 2863 2403 ἐστιν
2893 2353 2921 2406 6
2956 2351 3211 2423 Χριστός.
3561 2391 3568 2396 -

2218 2436 2315 2501 ξα’.
2355 2438 2448 2490 Ἐκ
2479 2438 2536 2517 δέ
2570 2439 2678 2494 τῶν
2729 2441 2969 2511 ἀπείρων
2996 2441 3096 2511 τῆς
3144 2429 3573 2523 προγενεστέρας
3598 2443 3716 2501 τῶν

2147 2525 2447 2579 θεοπτικῶν
2494 2527 2587 2580 καὶ
2621 2529 2970 2598 προφητικῶν
3017 2529 3268 2600 Γραφῆς’
3301 2532 3547 2601 ἀστέρων
3601 2532 3716 2604 γάρ

2147 2633 2231 2680 τις
2279 2617 2498 2689 ’ἀριθμῷ
2528 2604 3141 2690 σχεδὸνάμιλλωμένας
3175 2621 3396 2695 εὑρήσει
3424 2623 3526 2686 τὰς
3574 2624 3720 2678 ἀπο-

2147 2707 2360 2775 δείξεις,
2396 2709 2489 2761 ἀπ’
2538 2710 2704 2780 αὐτῆς
2735 2713 2834 2780 τῆς
2879 2712 3274 2782 πρωτογράφου
3309 2713 3495 2784 βίϐλου
3543 2715 3719 2768 Maii-

2150 2801 2286 2865 σέως
2315 2800 2418 2861 ἕως
2449 2800 2645 2870 Δανιὴλ
2669 2800 2762 2854 τοῦ
2793 2803 3070 2873 προφήτου
3107 2803 3199 2856 καὶ
3225 2803 3338 2857 τῶν
3354 2803 3716 2859 λοιπῶν.’οτι

2150 2890 2257 2960 γὰρ
2280 2890 2518 2960 Μωῦσῆς
2543 2891 2658 2961 ᾔδει
2709 2891 2799 2945 τοῦ
2831 2891 2985 2944 Θείου
3014 2893 3074 2946 τὸ
3099 2896 3197 2964 τῆς
3231 2893 3442 2962 φύσεως
3487 2896 3712 2964 μοναδι-

2141 2978 2267 3063 χκὸν,
2301 2978 2396 3031 καὶ
2420 2980 2528 3033 τῶν
2564 2981 2862 3051 ίδιοτήτων,
2892 2983 3088 3054 .ήγουν
3114 2986 3221 3037 τῶν
3252 2985 3623 3050 ὑποστάσεων,
3652 2986 3717 3039 τὸ

2150 3069 2423 3140 διάφορον,
2458 3071 2687 3139 φανερόν
2709 3087 2723 3101 ·
2773 3071 2933 3141 ήνίκα
2961 3072 3185 3144 ἔγραφε,
3235 3073 3586 3143 Ποιήσωμεν
3608 3073 3718 3149 ἇνδ-

2155 3162 2387 3226 θρωπον
2415 3160 2542 3212 κατ’
2575 3164 2779 3217 εικόνα
2805 3162 3098 3231 ἡμετέραν
3130 3163 3227 3217 καί
3254 3166 3555 3232 ὁμοίωσιν.
3601 3165 3715 3219 Καὶ

2080 3221 2122 3280 c
2154 3221 2242 3302 ὅτε
2270 3249 2526 3318 ἔφασκεν,
2564 3251 2709 3305 Ἰδοὺ
2742 3221 2996 3323 τεγὶὶνειὲ
3016 3254 3194 3322 Ἀδὰμ
3221 3221 3300 3320 (δέ
3327 3250 3414 3319 εἷς
3434 3255 3503 3319 ἐξ
3519 3255 3712 3324 ἡμῶν.

2167 3340 2324 3394 Ἀλλά
2363 3341 2456 3393 καὶ
2492 3338 2882 3411 ὄτεέγραφεν,
2905 3344 3141 3410 Ἄκουε,
3179 3343 3445 3411 Ἰσραὴλ,
3496 3347 3712 3413 Κύριος

2154 3431 2188 3483 ό
2225 3431 2368 3495 Θεός
2406 3444 2542 3496 σου,
2581 3429 2791 3498 Κύριος
2819 3426 2906 3496 εἷς
2929 3430 3058 3483 ἐστι
3079 3445 3094 3461 ·
3125 3429 3380 3498 τῷαίτίῳ
3407 3429 3500 3484 καὶ
3522 3431 3587 3499 τῇ
3618 3430 3712 3482 οὐ-

2153 3519 2247 3590 σίᾳ
2275 3519 2369 3572 καὶ
2427 3522 2699 3591 συμπνοίᾳ
2743 3520 3058 3591 ένιζομένην
3088 3519 3352 3589 ἐγίνωσκε
3377 3519 3476 3589 τὴν
3501 3517 3710 3590 Τριάδι

2152 3610 2413 3681 φανερόν·
2437 3610 2838 3684 ή“γάρ’ὲναντία
2870 3611 3048 3680 ἐαυτῷ
3084 3609 3339 3680 ἔγραφεν,
3367 3609 3478 3683 ἀνω
3508 3608 3610 3677 μιν
3634 3625 3714 3662 τι·

2153 3698 2266 3762 θεὶς
2296 3698 2524 3770 διάφορα
2555 3697 2817 3767 πρόσωπα
2846 3697 3240 3767 διαλεγόμενος,
3262 3694 3552 3765 μετέπειτα
3571 3691 3631 3745 δι
3652 3692 3711 3745 ἓν

2121 3839 2125 3843 ,
2159 3789 2315 3858 μόνον
2364 3773 2657 3858 ἐκήρυττεν
2685 3784 2824 3841 εἶναι
2857 3787 3162 3859 πρόσωπον-γ
3201 3785 3263 3838 τό
3317 3800 3376 3837 τε
3408 3783 3565 3851 λέγον
3614 3783 3744 3842 καὶ.

2154 3877 2348 3932 ἀκοῦον
2376 3879 2470 3931 καὶ
2496 3878 2680 3932 ποιοῦν
2697 3894 2715 3912 ο
2744 3879 2879 3950 ὅπερ
2900 3878 3171 3949 ἀθέμιτον.
3205 3874 3312 3930 Καὶ
3353 3874 3382 3927 6
3412 3874 3632 3946 πάντων
3652 3872 3712 3926 δὲ

2151 3968 2262 4022 τῶν
2293 3967 2457 4022 πάλαι
2489 3969 2778 4039 προφητῶν
2814 3968 3284 4039 ὲμφαντικώτατος
3329 3965 3549 4041 Δανιὴλ,
3579 3979 3710 4033 τρα-

2153 4057 2257 4122 νῶς
2274 4059 2367 4110 καὶΙ
2402 4057 2492 4111 τὸν
2512 4059 2704 4128 χρόνον
2733 4057 2998 4127 ἐδήλωσεν
3033 4056 3127 4126 τῆς
3155 4051 3391 4125 Χριστοῦ
3420 4050 3705 4112 ἐλεύσεως,

2153 4149 2362 4219 καὶτὴν
2399 4130 2562 4202 αὑτοῦ
2591 4148 2743 4213 ἀξίαν
2775 4148 3065 4218 ἐσήμανεν,
3101 4145 3262 4215 ήνίκα
3292 4142 3459 4212 λέγει’
3504 4139 3708 4194 Ἐθεώ-

2144 4254 2317 4305 ρουν,
2346 4237 2441 4290 καί
2471 4236 2599 4291 ἰδοὺ
2631 4236 2730 4289 ἐπι
2750 4236 2870 4289 τῶν
2897 4234 3166 4304 νεφελῶν
3203 4232 3310 4288 τοῦ
3341 4229 3601 4299 οὐρανοῦ
3628 4229 3706 4295 ὡς

2115 4349 2119 4352 λ
2151 4329 2280 4393 υίὸς
2299 4327 2609 4409 ἀνθρώποι)
2634 4342 2648 4356 ·
2703 4327 2800 4379 καὶ
2831 4325 2988 4390 αὐτῷ
3029 4323 3203 4392 ἐδόθη
3236 4326 3275 4393 ἠ
3312 4323 3471 4393 τιμὴ,
3523 4323 3620 4376 καὶ
3668 4325 3706 4390 ἡ

2151 4421 2582 4489 προσκύνησις,
2623 4422 2717 4475 καὶ
2772 4421 2838 4478 τὰ
2891 4420 3014 4491 ἑξῆς
3037 4437 3050 4452 ·
3109 4421 3282 4473 καίτοι
3322 4418 3415 4472 τοῦ
3468 4413 3706 4492 Παλαιοῦ

2151 4513 2259 4566 τῶν
2285 4494 2505 4583 ήμερῶν
2529 4511 2891 4582 καθεζομένου
2918 4512 3010 4564 ἐπὶ
3029 4509 3133 4563 τοῦ
3159 4493 3368 4580 θρόνου.

2221 4602 2318 4674 ξβ’.
2360 4594 2506 4656 ’Ἀλλ’
2532 4603 2772 4671 ἀφείσθω
2798 4602 2864 4655 τά
2891 4601 2996 4656 ἀπὸ
3031 4599 3138 4659 τῶν
3165 4598 3408 4670 ἀρχαίων
3433 4597 3666 4670 Γραφῶν
3687 4610 3704 4625 ⁸

2148 4693 2443 4750 ἀπἀὐτῶν
2468 4693 2575 4748 τῶν
2620 4693 2712 4746 τοῦ
2757 4691 2992 4765 Χριστοῦ
3047 4691 3425 4762 προρρήσεων,
3479 4689 3570 4742 καὶ
3597 4681 3709 4740 τῶν

2122 4773 2335 4861 τούτου
2361 4767 2655 4851 ἐκθάσεων,
2682 4783 2735 4836 εί
2759 4799 2822 4852 γε
2856 4783 3092 4839 συνιέναι
3119 4784 3147 4836 6
3181 4774 3408 4852 μάταιος
3449 4782 3623 4863 ἴσχυε,
3646 4778 3706 4831 τὸ

2146 4883 2243 4952 τῆς
2273 4882 2520 4952 θεότητος
2548 4879 2713 4941 αὑτοῦ
2743 4879 2904 4942 σέϐας
2936 4878 3230 4953 κατέλαϐεν
3263 4877 3330 4931 ἂν
3353 4877 3448 4929 καὶ
3478 4875 3590 4942 ἀπὺ
3608 4876 3708 4944 τῆς

2148 4973 2240 5025 τοῦ
2285 4974 2530 5028 Ἰωάννου
2561 4971 2882 5044 μαρτυρίας,
2915 4971 2974 5026 ὃν
3007 4969 3288 5041 προφήτην
3316 4965 3409 5021 καὶ
3433 4966 3600 5036 ἄνδρα
3627 4964 3705 5016 δί-

2148 5079 2300 5116 καιον
2327 5063 2502 5127 αὐτὸς·
2524 5062 2902 5132 καταγγέλλων
2935 5060 3280 5127 ἀποδέδεκται
3336 5057 3446 5127 (98)
3476 5072 3490 5085 °
3547 5057 3580 5126 ἢ
3612 5050 3706 5108 καὶ

2148 5153 2253 5206 ἀπὸ
2274 5154 2383 5208 τῶν
2413 5152 2861 5222 θαυματουργιῶν
2910 5151 3017 5204 τῶν
3071 5149 3234 5204 αὐτοῦ
3267 5146 3573 5216 συμβόλων,
3607 5142 3704 5196 τοῦ

2150 5246 2340 5314 τάφου,
2372 5246 2532 5313 φημὶ,
2568 5244 2663 5297 καὶ
2704 5244 2800 5312 τῆς
2829 5243 3213 5315 ἀναστάσεως*
3243 5239 3359 5293 ἀλλ’
3386 5238 3540 5292 οὐδὲν
3583 5235 3708 5289 τούς

2148 5353 2254 5390 των
2283 5335 2626 5403 συνεώρακεν
2685 5337 2713 5387 6
2761 5334 3114 5404 Mirum-(6".
3148 5331 3268 5385 οὐδὲ
3300 5331 3408 5400 γὰρ
3449 5324 3518 5399 ἦν
3555 5326 3738 5397 αὺτιῖι,

2150 5426 2296 5488 θείας
2324 5424 2540 5493 φροντὶς
2597 5425 2936 5494 ἐπιγνώσεως
2987 5425 3231 5490 πώποτε,
3276 5422 3413 5492 πλὴν
3457 5421 3581 5474 ὅσον
3611 5417 3705 5472 τοῦ

569 5566 808 5649 :Matth.
852 5544 934 5649 in;
973 5566 1071 5632 i7;
1119 5569 1250 5625 Luc.
1311 5586 1386 5639 ix,
1437 5570 1522 5626 55.
1600 5571 1642 5605 ⁸⁸
1677 5570 1832 5627 Joa’n.
1892 5584 1988 5634 xu,
2028 5567 2047 5621 Ε

2210 5567 2248 5596 τι
2283 5561 2415 5616 Gen.
2466 5580 2505 5649 ι,
2549 5564 2636 5619 26.
2716 5566 2913 5619 “Gen.
2964 5565 3186 5639 111,322.
3265 5541 3307 5599 ⁸³
3332 5564 3491 5619 Deut.
3536 5578 3611 5628 vr,
3644 5562 3700 5617 4.

501 5637 543 5668 ⁸⁸
571 5635 705 5691 Dan.
736 5652 830 5701 vn,
872 5636 958 5689 i3.

573 5773 680 5842 498)
715 5772 838 5827 Sur.
865 5770 956 5835 Ill,
986 5772 1090 5826 39..
