3926 6308
159 442 258 502 τίθ

1297 440 1724 502 BEFUTATIO
1758 442 2216 505 MOHA‘MEDIS.

3247 456 3348 516 ’ἴδη

156 549 384 620 θηρᾶσαι
434 547 519 601 διὰ
573 552 671 618 τῆς
722 552 1085 622 προσηγορίας
1139 552 1246 604 τῶν
1297 553 1527 622 Γραφῶν
1582 555 1706 615 τοὺς

1809 555 1909 609 bus
1936 559 2447 612 commemoratione
2480 560 2884 628 Scripturarum
2923 562 3190 617 studebat.
3214 565 3346 620 Nam

155 640 461 702 ἀκούοντας.
491 639 555 692 Τί
591 640 716 711 γάρ,
741 642 871 709 φέρε
894 645 1085 707 εἰπεῖν,
1103 642 1315 712 ἀληθῶς
1343 643 1515 710 λέγων
1554 659 1696 694 στοι-

156 735 261 800 χείν
283 731 373 784 τὸν
407 732 501 785 τοῦ
531 732 682 800 φίλου
717 733 879 785 αὑτοῦ
911 733 1068 800 λόγον
1107 735 1196 786 ἐπὶ
1224 733 1509 803 βεϐαιώσει
1539 733 1700 787 τινῶν

155 822 486 892 πραγμάτων
546 822 927 891 διηρνημένην,
991 824 1081 874 ἐπὶ
1137 822 1279 894 ἔργῳ
1333 824 1538 878 τίθεται
1603 825 1700 892 τὴν

153 913 350 965 ἐκείνου
378 913 588 977 πίστιν;
612 901 677 966 El
706 913 761 964 δὲ
790 913 882 965 καί
908 913 990 976 τίς
1013 931 1112 967 που
1135 915 1381 985 εὑρεθείη
1413 915 1698 980 τοοιοῖηος,

153 1001 252 1052 ὑπὸ
275 1001 520 1072 κατάραν
568 1005 703 1065 ἐστὶ,
747 1003 885 1055 κατὰ
935 1005 1032 1072 τὴν
1073 1003 1331 1074 Γραφήν·
1378 1004 1520 1057 Οὐαὶ
1568 1003 1700 1072 γὰρ,

151 1093 328 1160 φησὶν,
376 1089 698 1159 ἀμαρτωλῷ
721 1091 817 1146 ἐπὶ
863 1092 973 1146 δύο
1013 1093 1246 1160 τρίϐους
1297 1092 1702 1161 πορευομένῳί

150 1181 333 1250 ὥσπερ
359 1180 541 1252 δήκαὶ
563 1177 714 1246 οὗτος
742 1183 769 1233 ό
799 1182 986 1252 ἄφρων
1013 1199 1072 1235 τε
1101 1184 1194 1236 καὶ
1217 1183 1578 1253 ἀπάνθρωπος
1603 1196 1616 1210 ⁶
1650 1186 1700 1236 oi.

151 1273 246 1342 μέν
267 1289 429 1340 φασιν
455 1268 591 1326 εἶναι
616 1273 706 1327 τὸν
747 1272 960 1343 Ἰσραὴλ
981 1273 1094 1327 υίὺν
1121 1273 1276 1334 Θεοῦ,
1307 1273 1356 1325 οἱ
1381 1272 1437 1325 δὲ
1464 1271 1552 1325 τὸν
1574 1273 1703 1343 Χρι-

151 1363 290 1417 στόν.
329 1363 395 1419 Τί
425 1359 518 1418 οὖν
537 1365 694 1418 τοῦτο
717 1365 945 1435 ἐναργὲς
975 1365 1194 1434 σημεῖον
1213 1365 1437 1432 ψεύδους
1473 1364 1561 1417 ἀεὶ
1585 1364 1704 1434 κρί-

149 1473 274 1519 vste,
315 1456 377 1509 τὸ
401 1457 673 1527 διαφόρων
725 1456 1032 1527 προσώπων
1088 1454 1532 1527 ἀμφισαλλόντων
1580 1455 1705 1526 περί

149 1563 286 1609 τινος
317 1548 391 1618 μή
421 1549 729 1617 συμφωνεῖν
756 1548 1129 1619 ἀμφοτέρουςς
1180 1547 1274 1601 καὶ
1306 1547 1586 1618 ἀναίρεσιν
1605 1547 1707 1599 οίει

149 1637 238 1688 τοῦ
268 1639 592 1707 πράγματος
616 1638 862 1706 ,παντελῆ
888 1638 1131 1706 γίνεσθαι
1155 1638 1388 1710 ὁπηνίκα
1413 1639 1554 1700 τινὲς
1579 1639 1707 1708 περ)¹

148 1727 304 1781 αὐτοῦ
359 1729 646 1800 διαφόρους
676 1729 837 1800 ἔχωσι
888 1729 1063 1795 δόξας,
1115 1728 1211 1784 καὶ
1245 1732 1310 1800 τῇ
1364 1729 1470 1782 τῶν
1505 1729 1708 1800 ἐτέρων

148 1821 325 1891 μερῶν
353 1821 652 1890 ἀποφάσεις
681 1821 713 1892 ή
737 1822 1017 1892 οὐδέτερον
1045 1822 1273 1886 τούτων,
1305 1823 1338 1890 ἢ
1362 1822 1707 1875 παντάπασιν

1801 648 2094 712 quomodo,
2129 661 2248 710 oro,
2278 651 2386 702 veri
2431 652 2631 719 aliquid
2659 653 2882 719 diceret,
2911 655 3003 722 qui
3037 670 3095 709 se
3123 659 3352 723 sponde-

1800 745 1883 790 ret
1907 737 2066 791 amici
2093 741 2410 793 sententiam
2439 745 2588 811 sequi
2614 745 2683 798 ob‘
2700 745 2773 799 rei
2799 745 3030 815 alicujus
3059 748 3351 801 c0uﬁrma-

1799 826 2026 890 tionem,
2057 837 2111 880 et
2139 839 2316 882 tamen
2341 843 2587 899 negatam
2622 835 2764 889 circa
2799 836 2849 889 id
2892 837 3167 906 negotium
3207 840 3353 892 illius

1801 917 1958 971 Iidem
1987 919 2457 985 recitaret?Quod
2505 924 2549 978 si
2580 927 2702 994 quis
2737 927 3044 996 hujusmodi
3085 932 3354 998 reperire-

1804 1019 1910 1074 tur,
1947 1009 2000 1062 in
2025 1011 2455 1076 maledictionem
2474 1029 2502 1066 a
2521 1014 2793 1084 Scriptura
2817 1020 3041 1074 edictam
3063 1021 3351 1076 incideret:

1809 1097 1900 1152 Vw
1919 1101 2076 1163 enim,
2103 1099 2300 1170 inquit,
2319 1105 2581 1169 peccatori
2595 1107 2890 1175 quiduplici
2908 1112 2990 1164 via
3010 1114 3253 1180 graditur
3272 1115 3314 1146 "
3340 1131 3354 1167 :

1800 1189 1966 1242 veluti
2015 1205 2206 1259 reapse
2237 1191 2366 1246 facit
2421 1193 2506 1247 hic
2538 1197 2698 1249 etiam
2735 1213 2966 1255 vesanus
3010 1213 3062 1256 et
3102 1205 3357 1258 inhuma-

1802 1279 2108 1336 nusJudaai
2129 1282 2346 1351 quidem
2375 1284 2542 1339 tilium
2569 1284 2660 1339 Dei
2678 1286 2924 1343 lsraelem
2944 1291 3164 1358 dicunt;
3203 1294 3359 1348 Chri-

1802 1372 1963 1426 stiani
2009 1381 2214 1438 autem,
2248 1374 2546 1431 Christum.
2601 1377 2712 1432 Cur
2749 1385 2805 1432 tu
2832 1395 2993 1448 porro
3022 1383 3119 1438 ltoc
3139 1384 3358 1439 evidens

1802 1465 2249 1534 semperjudicas
2300 1468 2567 1523 mendacii
2627 1470 2906 1536 indicium,
2959 1475 3086 1542 quia
3133 1475 3370 1534 diversau

1804 1568 2047 1622 personre
2080 1557 2146 1610 de
2199 1572 2259 1611 re
2310 1559 2490 1626 aliqua
2527 1558 2683 1614 aliter
2715 1562 3028 1626 sentientes,
3081 1565 3360 1620 sententiis

1807 1659 1912 1697 non
1968 1647 2321 1715 conspirant?
2352 1649 2741 1719 existimasque
2771 1652 2962 1721 perimi
2994 1655 3214 1708 omnino
3249 1670 3359 1710 rem

1807 1726 2063 1801 aliquam,
2094 1735 2140 1789 si
2170 1734 2311 1790 forte
2355 1738 2602 1791 nonnulli
2629 1738 2896 1794 diversam
2923 1740 2989 1795 de
3025 1742 3115 1795 illa
3146 1753 3362 1797 senten-

1808 1822 1938 1875 tiam
1964 1824 2200 1890 gerant?
2227 1824 2295 1878 Et
2340 1825 2411 1880 ob
2449 1825 2759 1881 alterutrius
2789 1829 2957 1896 partis
3004 1831 3359 1900 negationem,
3397 1902 3401 1905 π

147 1915 241 1966 οὐκ
289 1912 787 1985 ῶνθάπελέγχεσθαι
835 1915 1112 1984 νομίζεις;
1170 1912 1439 1983 ὑπέρευγέ
1481 1930 1573 1966 σου
1612 1913 1707 1982 τῆς

1815 1913 1897 1964 vel
1938 1913 2071 1967 nihil
2116 1914 2425 1982 hujusmodi
2487 1926 2650 1983 stare,
2709 1918 2790 1973 vel
2845 1919 3066 1974 omnino
3125 1937 3364 1990 unquam

149 2004 471 2076 φιλαλήθους
499 1993 782 2072 γνώσεωςο
813 2005 868 2058 τί
905 2005 998 2059 οὖν
1032 2007 1282 2076 ποιήσεις
1316 2005 1474 2075 ήμῶν
1525 2005 1602 2074 μή
1624 2020 1711 2056 πι-

149 2093 442 2147 στευόντων
468 2094 546 2164 τῷ
567 2093 685 2165 Θεῷ
723 2111 839 2159 σου,
869 2094 1003 2149 ἀλλὰ
1032 2095 1109 2165 τῷ
1141 2094 1259 2164 Θεῷ
1291 2094 1468 2165 ήμῶν,
1496 2096 1589 2146 καὶ
1616 2089 1724 2146 σοῦ’

146 2184 593 2256 τῶνομιζομένῳ
624 2185 742 2255 Θεῷ
788 2203 880 2239 σου
914 2185 1280 2249 πιστεύοντος,
1338 2185 1451 2238 ἀλλ’
1479 2184 1711 2259 οὐχὶ-τῷ

146 2274 261 2345 Θεῷ
289 2274 472 2346 ήμῶν,
498 2276 620 2329 είπέ
646 2291 662 2341 ;
691 2275 792 2329 Σοῦ
833 2274 938 2345 γάρ
979 2277 1093 2329 ἐστι
1133 2275 1273 2328 κατὰ
1297 2275 1387 2327 τὸν
1427 2275 1710 2345 προφήτην

147 2366 393 2436 ἀφρόνως
444 2366 639 2429 είπετν,
669 2367 790 2419 οὐκ
838 2365 971 2418 ἔστι
1011 2366 1190 2430 Θεός·
1217 2367 1222 2372 ’
1248 2366 1296 2417 εἰ
1345 2365 1531 2434 ἕτερος
1581 2365 1710 2435 παρ’

147 2455 416 2527 ἑκατέρων
442 2455 594 2522 Θεὸς,
637 2456 716 2510 ῐδε
766 2455 869 2509 ποῦ
918 2455 1066 2526 αὐτῷ
1113 2457 1142 2508 ό
1179 2456 1437 2525 κραταιὸς
1492 2455 1709 2526 ἐλεγχος

146 2544 304 2598 αὐτοῦ
330 2546 720 2616 κατέστραπτε·
744 2547 948 2609 Ὄντως
967 2546 1310 2613 ἐπιστρέψει
1341 2548 1374 2600 ὁ
1395 2548 1582 2611 πόνος
1603 2548 1710 2600 αὐ-

145 2635 248 2690 τοῦ
266 2640 354 2703 εις
383 2638 658 2706 κεφαλὴν
685 2638 892 2702 αὐτοῦ,
923 2636 1023 2691 καί
1044 2636 1143 2690 ἐπὶ
1169 2637 1444 2706 κορυφὴν
1467 2637 1651 2692 αὐτοῦ
1669 2638 1707 2706 ἠ

140 2725 504 2797 βλασφημία
522 2727 710 2783 αὑτοῦ
731 2726 1131 2794 καταϐήσεται
1148 2744 1166 2778 °.
1193 2727 1429 2796 εὐλόγως
1461 2727 1518 2780 δὲ
1557 2729 1652 2780 καὶ
1681 2729 1708 2780 ό

127 2820 241 2889 ’τῆς
259 2819 550 2889 παιδίσκης
573 2819 687 2882 υἱὸς
713 2819 844 2889 (99),
879 2819 1036 2888 φύσει
1057 2817 1339 2883 δοῦλος,ῖν’
1355 2817 1525 2879 οὕτως
1547 2818 1704 2882 εἴπω,

147 2912 444 2979 τυγχάνων,
474 2909 569 2980 τὴν
589 2910 682 2964 τοῦ
712 2909 828 2962 υίοῦ
861 2909 1250 2979 προσηγορίαν,
1281 2909 1400 2960 οὐδὲ
1430 2908 1571 2960 κατὰ
1603 2909 1703 2978 χά-

150 3018 229 3071 ριν
251 3001 390 3054 κατὰ
410 3001 502 3054 τὸν
537 3001 750 3073 Ἰσραὴλ
779 2999 1159 3071 φαντασθῆναι
1180 3001 1352 3071 ίσχύει
1376 3018 1389 3031 ·
1417 2999 1708 3070 δουλοπρε-

148 3090 258 3156 ιυῶς
279 3093 665 3162 άνηνεγμένος,
684 3093 778 3147 καὶ
812 3091 1191 3162 δουλοπρεπῶς
1213 3093 1582 3162 μεμυημένος,
1615 3094 1710 3148 καὶ

147 3181 330 3235 τούτου
361 3182 523 3236 ⁸πλέον
551 3182 722 3237 οὐδέν.

1809 2000 2086 2055 exstitisse
2124 2001 2371 2070 judicasi
2392 2003 2564 2059 Macte
2584 2006 2686 2060 ista
2717 2008 2958 2063 veritatis
2985 2010 3157 2064 amica
3187 2021 3367 2065 mente

1810 2099 1904 2146 tua
1936 2093 1948 2145 l
1985 2091 2125 2159 Quid
2151 2108 2278 2164 ergo
2298 2093 2504 2160 iacies,
2555 2098 2712 2152 nobis
2745 2112 2849 2152 non
2889 2100 3229 2156 credentibus
3259 2102 3365 2156 Deo

1812 2189 1925 2248 tuo,
1953 2186 2046 2238 sed
2069 2185 2300 2240 nostro?
2341 2193 2393 2240 te
2416 2195 2594 2242 autem
2620 2197 2806 2257 putato
2833 2199 2926 2245 tuo
2957 2189 3065 2246 Deo
3090 2193 3363 2257 credente,

1810 2290 1917 2328 nun
1950 2285 2128 2330 autem
2153 2278 2515 2344 nostrorDic,
2539 2280 2717 2334 sodes.
2745 2277 3001 2349 Superest
3020 2283 3136 2346 tibi,
3166 2293 3368 2353 utpro-

1809 2367 1984 2436 pheta:
2014 2367 2195 2424 verbis
2223 2368 2372 2425 dicas
2407 2389 2420 2424 :
2446 2369 2571 2424 Non
2606 2381 2681 2426 est
2725 2372 2865 2427 Deus
2895 2373 2958 2438 “,
2994 2373 3250 2445 quoniam
3280 2375 3364 2429 di~

1812 2472 2005 2520 versus
2029 2468 2113 2514 est
2141 2461 2284 2528 apud
2336 2462 2526 2518 ambos
2580 2461 2745 2519 Deus.
2776 2461 2938 2519 Vid’es
2967 2479 3077 2535 quo
3131 2466 3363 2520 validum
3393 2488 3396 2490 τ

1809 2549 1930 2616 ejus
1953 2557 2334 2618 argumentum
2374 2560 2627 2620 tanquam
2678 2551 2884 2608 fulmen
2913 2555 3192 2610 deciderit.
3229 2552 3368 2612 Vere

1809 2649 2130 2694 convertetur
2151 2639 2300 2694 labor
2344 2639 2454 2710 ejus
2477 2642 2531 2694 in
2563 2652 2722 2711 caput
2751 2644 3006 2707 eiusdem,
3035 2654 3082 2697 et
3115 2646 3169 2698 in
3203 2647 3366 2700 verti-

1809 2745 1918 2783 cem
1940 2730 2102 2798 ipsius
2131 2730 2454 2800 blasphemia
2488 2733 2699 2802 propria
2719 2734 2990 2787 descendet
3011 2736 3074 2788 ιτ.
3105 2736 3368 2792 Praeclare

1813 2813 2030 2874 famulae
2096 2820 2275 2886 ﬁlius,
2327 2823 2644 2877 naturaliter
2688 2833 2746 2878 ut
2791 2825 2865 2878 ita
2904 2823 3082 2879 dicam
3133 2841 3363 2892 servus,

1813 2909 1909 2965 ﬁlii
1952 2913 2363 2981 appellationem
2431 2929 2498 2968 ne
2541 2915 2836 2969 secundum
2881 2917 3103 2984 gratiam
3149 2919 3368 2987 quidem
3435 2960 3442 2966 .

1758 3071 1767 3078 ι
1814 3001 2098 3071 imaginari
2130 3006 2292 3068 valet,
2327 3019 2451 3058 cum
2487 3005 2602 3073 ipse
2639 3006 2906 3060 serviliter
2937 3007 3008 3061 sit
3041 3016 3220 3076 natus,
3249 3023 3367 3065 ser-

1816 3095 1999 3150 viliter
2027 3094 2202 3168 sacris
2235 3096 2498 3161 initiatus,
2527 3103 2580 3151 et
2608 3097 2741 3151 nihil
2772 3098 3025 3167 amplius.

212 3269 308 3338 81'.
353 3271 576 3341 Ἔφεξῆς
596 3271 653 3324 δὲ
674 3271 734 3328 τὸ
763 3273 889 3342 περὶ
911 3271 1001 3326 τὸν
1035 3273 1396 3343 ’Δντίχριστον
1415 3274 1701 3343 εἰρημένον

1881 3271 1968 3326 65.
1999 3271 2199 3326 Deinde
2253 3272 2455 3326 dictum
2507 3274 2576 3326 ab
2623 3274 2882 3341 Apostolo
2921 3273 2989 3328 de
3036 3277 3368 3333 Antichristo

149 3363 366 3430 σημεῖον
389 3363 468 3432 τῷ
496 3359 830 3434 Ἆποστόλῳ,
863 3363 1106 3435 ἐναργῶς
1144 3367 1202 3416 ἐν
1239 3364 1413 3434 τούτῳ
1434 3365 1578 3421 ἐστιν
1606 3367 1697 3418 εὑ-

148 3453 258 3521 ρεῖν
281 3453 389 3522 (1)·
430 3471 448 3504 ι
483 3452 599 3506 Κᾶν
627 3453 806 3524 ἀηδῶς
833 3453 1028 3522 ἔχωσιν
1060 3455 1109 3505 oi
1149 3453 1531 3522 ἀρνησάμενοι,
1567 3439 1699 3518 etc;

145 3543 287 3596 ἐστιν
313 3545 342 3596 ό
373 3542 593 3613 πέμψας
645 3545 739 3596 τὸν
791 3544 1084 3598 ἀπόσοτλον
1115 3544 1304 3610 αὑτοῦ,
1333 3545 1410 3607 είς
1443 3545 1697 3615 ὁδήγησιν

147 3635 238 3688 καὶ
262 3636 344 3698 είς
372 3634 552 3688 πίστιν
579 3633 860 3706 ἀληθινήν,
892 3633 984 3687 τοῦ
1022 3634 1302 3698 δεσπόζειν
1329 3634 1488 3688 αὑτὸν
1516 3635 1700 3688 ἐπάνω

147 3727 322 3798 πάσης
350 3727 607 3790 πίστεως.
647 3744 667 3776 ι
712 3725 881 3780 Τοῦτο
905 3725 1099 3783 ταυτόν
1139 3723 1392 3796 ἐστιτῷ,
1433 3708 1702 3779 Ἀντιποί-

143 3834 318 3886 μενος
347 3818 443 3870 καί
498 3819 959 3886 ὑπεραιρόμενος
990 3817 1087 3871 ἐπὶ
1143 3819 1338 3871 πάντα
1379 3819 1705 3888 λεγόμενον

148 3909 292 3961 Θεὸν
309 3909 348 3977 ἢ
376 3907 671 3978 σέϐασμα·
700 3908 886 3970 ἁπλῶς
913 3907 1007 3960 τοῦ
1036 3908 1313 3972 δεσπόζειν
1330 3909 1490 3962 αὐτὸν
1520 3910 1704 3963 ἐπάνω

149 3999 324 4069 πάσης
355 4000 610 4060 πίστεωςο
642 3996 940 4067 ἐφαυλίσθη
960 3997 1068 4068 ἄρα
1098 4000 1226 4069 παρ’
1253 3999 1399 4068 αὐτῷ
1432 4001 1524 4053 καὶ
1552 4002 1585 4068 ή
1610 3998 1702 4052 τοῦ

161 4088 407 4160 ’Δὸραάμ
459 4079 656 4155 πίστις,
714 4086 835 4141 καθ’
862 4087 929 4157 ἥν
959 4082 1119 4151 αὐτὸς
1145 4088 1420 4140 πιστεύειν
1447 4087 1662 4156 ἐνόμιζε
1685 4104 1698 4117 ·

148 4184 237 4236 καὶ
263 4185 362 4253 οὐχ
388 4185 416 4236 ό
462 4182 624 4251 νόμος
676 4181 832 4252 μόνον
864 4179 984 4233 οὐδὲ
1020 4179 1080 4232 τὸ
1130 4177 1452 4245 Εὐαγγέλιω
1473 4192 1488 4207 ·
1522 4177 1706 4229 ἐπάνω

148 4274 252 4347 γὰρ
283 4277 464 4346 πάσης
496 4274 728 4338 πίστεώς
753 4286 933 4342 φησιν·
955 4271 1109 4336 τὸδὲ,
1127 4269 1441 4336 ἀληθινὴν,
1470 4269 1704 4338 εἴρηται,

147 4368 218 4432 ὡς
238 4368 378 4437 πρὸς
405 4366 503 4429 τὰς
534 4365 720 4427 λοιπάς
738 4380 754 4396 ο
783 4364 882 4417 οὐκ
912 4360 1055 4415 όκνῶ
1091 4360 1184 4414 τοῦ
1226 4359 1412 4413 λοιποῦ
1447 4360 1577 4427 περὶ
1603 4357 1705 4410 αὺ-

147 4456 238 4511 τοῦ
267 4454 688 4526 ἐντεθυμῆσθαι,
740 4454 823 4508 ὃτι
854 4457 945 4506 καὶ
971 4451 1124 4514 οὗτος
1162 4449 1520 4520 Ἀντίχριστός
1565 4451 1711 4501 ἐστιν

150 4547 362 4617 άληθῶς
385 4564 400 4578 ·
432 4549 552 4617 μετ’
570 4545 778 4615 κόλίγον
809 4543 854 4598 δ’
883 4545 1005 4598 ὅποι
1035 4543 1259 4612 φέρεται
1284 4543 1312 4593 ὁ
1346 4539 1563 4607 σύμπας
1611 4537 1711 4628 τῆς
1744 4575 1784 4628 D

149 4637 443 4707 θεομαχίας
472 4638 691 4701 σκοπὸς,
739 4635 959 4705 ἔκδηλος
1010 4635 1250 4702 γίνεται·
1304 4633 1332 4683 ὁ
1364 4631 1474 4699 γάρ
1502 4645 1582 4680 τοι
1608 4627 1712 4690 ἕως

150 4726 241 4782 τοῦ
272 4727 368 4781 νῦν
420 4727 881 4797 διισχυριζόμενος
934 4727 1014 4779 ὅτι
1059 4723 1189 4785 Θεὸς
1219 4720 1343 4775 Υίὸν
1369 4721 1466 4773 οὐκ
1492 4719 1623 4788 ἔχει,
1654 4720 1734 4796 ού⁵

150 4816 367 4889 θαρρῶν
399 4817 578 4886 ἑαυτῷ
596 4816 766 4869 ταῦτα
795 4812 1209 4883 φιλονεικοῦντι,
1243 4810 1378 4864 ἀλλὰ
1415 4809 1717 4877 διαλογισά-

153 4926 308 4979 μενος
337 4911 420 4963 ὅτι
449 4909 608 4978 τυχὸν
636 4907 732 4961 καὶ
760 4907 894 4977 εχει,
922 4906 1024 4981 οὐκ
1049 4905 1337 4960 ἀναδύεται
1365 4903 1542 4974 ἐαυτῷ
1558 4901 1715 4953 τοῦτο

152 5002 426 5073 προσάψαι
464 5001 527 5054 τὸ
586 5001 906 5072 πρόσωπον
966 5001 1013 5050 εἰ
1048 4997 1142 5052 καὶ
1173 4999 1235 5050 ἐκ
1285 4997 1509 5064 πλαγίου
1562 4995 1717 5049 τοῦτο

151 5093 451 5162 ἐπήγαγεν,
509 5092 1030 5163 καὶ’προσποιεῖται
1061 5088 1223 5140 οἱονεὶ
1283 5085 1718 5155 σχηματίζεσθαι

64 5188 70 5192 ”
153 5180 376 5248 βλακίαν
407 5183 548 5236 πάνυ
600 5182 850 5254 αἰσχράν,
877 5178 970 5233 καί
999 5195 1162 5249 φησιν
1194 5177 1269 5248 (2)
1297 5193 1312 5207 '
1378 5177 1532 5239 Τινὲς
1583 5194 1718 5245 συη-

153 5270 296 5322 νοῦσι
328 5272 474 5342 (cad.
508 5271 792 5345 σιαίνουσι]
839 5273 930 5325 τὸν
971 5271 1271 5341 προφήτην,
1329 5268 1426 5320 καὶ
1471 5269 1719 5336 λέγουσιν

153 5362 230 5414 ὅτι
259 5364 424 5426 αὐτὸς
454 5363 588 5426 Υίὸς
610 5365 686 5436 (5)
725 5361 862 5417 Θεοῦ
898 5366 1032 5416 ἐστι.
1075 5381 1093 5412 ι
1133 5363 1241 5414 Καὶ
1274 5359 1372 5412 οὐκ
1407 5354 1560 5412 εἶπεν
1583 5359 1663 5411 ὅτι
1689 5360 1716 5410 ό

223 5481 266 5512 ⁸⁸
299 5479 472 5536 Eceli.
504 5495 566 5545 ιι,
605 5482 688 5535 14,
767 5481 810 5512 ³⁸
835 5481 977 5536 Psal.
1011 5494 1124 5545 χιιι,
1159 5480 1210 5532 1.
1273 5479 1313 5508 ¹⁸
1338 5477 1479 5532 Psal.
1525 5470 1620 5542 vn',
1654 5476 1738 5529 i7.

243 5597 334 5668 99)
346 5594 570 5668 ANempe
595 5596 788 5668 ligatis
813 5596 978 5650 ﬁlius.

251 5665 469 5732 ilSur.
500 5665 590 5727 IX,
620 5665 708 5718 55.

228 5733 304 5807 (2)
329 5738 465 5807 δατ.
487 5735 581 5800 1X,
597 5734 701 5807 553,
722 5733 812 5807 '12.

228 5798 480 5876 (3)1tain
510 5798 696 5859 codice
716 5802 901 5859 Graeco
926 5808 1029 5866 est,
1063 5801 1208 5866 Υἱός,
1239 5798 1432 5852 Filius.
1459 5798 1526 5854 At
1553 5798 1715 5852 Arab.

1807 3361 2043 3429 signum,
2071 3361 2354 3429 perspicue
2395 3361 2449 3414 in
2506 3359 2824 3417 Moliamede
2867 3365 3184 3432 conspicere
3219 3367 3363 3432 licet.

1803 3450 1894 3504 Ait
1939 3450 2085 3504 enim
2135 3467 2149 3502 :
2201 3467 2220 3501 ι
2265 3451 2491 3505 Etiamsi
2543 3452 2772 3506 moleste
2848 3451 3026 3507 {erant
3083 3466 3365 3526 negantes,

1806 3541 1948 3596 Deus
1969 3549 2052 3595 est
2081 3541 2174 3610 qui
2233 3542 2382 3595 misit
2426 3541 2659 3611 legatum
2691 3557 2876 3608 suum,
2910 3545 2980 3599 ob
3005 3545 3360 3604 directionem

1808 3647 2101 3702 veramque
2129 3630 2497 3701 ﬁdem,atque
2525 3639 2584 3686 ut
2605 3633 2917 3689 dominetur
2931 3637 3150 3692 cuilibet
3166 3637 3309 3694 ﬁdei.
3342 3661 3360 3692 ι

1809 3724 1924 3778 lloc
1977 3721 2204 3793 perinde
2256 3732 2340 3778 est
2374 3734 2538 3794 atque
2589 3725 2717 3779 illud
2756 3743 2768 3779 :
2811 3724 2914 3791 Qui
2967 3727 3274 3782 adversatur
3317 3740 3368 3784 et

1811 3811 2087 3867 extollitur
2120 3829 2281 3882 supra
2337 3829 2488 3867 omne
2512 3817 2650 3884 quod
2677 3815 2873 3868 dicitur
2904 3815 3065 3882 Deus,
3097 3828 3189 3870 aut
3231 3820 3369 3888 quod

1811 3907 2003 3961 colitur
2034 3906 2097 3970 η,
2153 3905 2207 3960 id
2240 3915 2342 3972 est,
2392 3906 2537 3974 quod
2578 3920 2803 3973 prorsus
2853 3905 3074 3961 cuilibet
3108 3907 3228 3962 ﬁdei
3273 3910 3373 3962 do-

1812 4000 2070 4052 minatur.
2133 3996 2274 4066 Ergo
2330 3997 2470 4064 apud
2527 3997 2670 4049 hunc
2719 3997 3018 4064 despicatui
3073 4006 3156 4052 est
3203 4000 3366 4054 etiam

1811 4088 1944 4143 ﬁdes
1974 4087 2291 4151 Abrahami,
2321 4087 2386 4139 ad
2412 4087 2569 4154 cujus
2599 4101 2846 4139 normam
2887 4101 2946 4141 se
2990 4103 3207 4157 quoque
3247 4098 3367 4145 cre-

1812 4177 1941 4232 dere
1970 4177 2351 4231 existimabat:
2388 4183 2552 4242 atque
2597 4175 2844 4229 exsuﬁlat
2903 4192 3010 4231 non
3045 4179 3216 4244 legem
3244 4189 3366 4234 tan—
3474 4185 3476 4187 ’

1816 4271 2096 4325 tummodo
2147 4277 2202 4324 et
2259 4266 2649 4337 Evangelium;
2695 4283 2755 4321 se
2777 4269 2921 4322 enim
2975 4269 3197 4324 cuilibet
3244 4271 3368 4326 ﬁdei

1817 4361 2150 4430 superiorem
2177 4358 2342 4424 dicit;
2386 4373 2648 4427 suamque
2680 4373 2862 4413 veram
2891 4357 3119 4414 aﬂirmat
3143 4361 3368 4429 reliquis

1817 4458 2206 4519 comparatam.
2241 4446 2469 4517 Jamque
2490 4463 2589 4518 ego
2619 4463 2726 4502 non
2758 4449 2995 4517 ambigo,
3036 4449 3182 4503 hunc
3212 4450 3367 4504 dein-

1818 4554 1944 4608 ceps
1999 4538 2395 4591 Anticltristum
2419 4536 2692 4605 judicare,
2720 4538 3028 4606 cujusmodi
3053 4553 3241 4608 reapse
3261 4548 3365 4594 est.

1818 4630 1984 4683 Paulo
2017 4636 2194 4679 autem
2227 4637 2347 4696 post
2363 4637 2707 4697 apparetquo
2730 4637 2877 4683 totus
2902 4629 3019 4697 ejus
3050 4621 3367 4684 adversandi

1815 4719 1923 4773 Deo
1952 4733 2170 4786 .scopus
2231 4719 2413 4771 tendat
2443 4735 2456 4771 :
2483 4733 2606 4772 nam
2651 4721 2746 4789 qui
2805 4719 3069 4773 hactenus
3117 4720 3225 4774 Deo
3261 4737 3369 4774 non

1811 4827 1930 4868 esse
1959 4811 2152 4864 Filium
2184 4812 2556 4876 contenderat,
2591 4811 2736 4865 haud
2789 4811 2891 4865 sibi
2938 4813 3211 4866 conﬁdens
3244 4813 3369 4865 talia

1813 4904 1990 4957 verbis
2051 4903 2348 4967 vindicare,
2402 4911 2658 4972 reputans
2718 4912 2898 4956 tamen
2959 4902 3192 4958 fortasse
3253 4903 3365 4971 jam

1813 4993 2033 5057 habere,
2065 4993 2205 5049 hanc
2232 4995 2656 5063 sibi-personam
2689 5008 2794 5046 non
2825 4993 3021 5058 induit,
3056 5009 3367 5064 quanquam

1814 5085 2028 5153 oblique
2055 5085 2108 5137 id
2132 5086 2243 5157 agit
2279 5104 2291 5139 :
2323 5085 2544 5140 simulat
2573 5084 2754 5152 itaque
2781 5092 2834 5138 et
2858 5085 3113 5154 conﬁngit
3157 5083 3374 5152 turpetn'

1816 5177 2106 5230 admodum
2136 5155 2508 5240 stoliditatem,
2543 5176 2727 5243 aitque
2779 5193 2792 5228 :
2834 5195 2853 5228 (
2885 5175 3135 5229 Nonnulli
3169 5176 3366 5228 laedunt
3447 5155 3455 5174 ’

1824 5269 2164 5338 prOphetam,
2192 5269 2484 5336 dicuntque
2512 5266 2688 5335 ipsum
2717 5282 2836 5322 esse
2866 5266 3058 5321 Filium
3093 5265 3204 5317 Dei.
3246 5284 3262 5315 ι
3304 5266 3367 5316 Et

1821 5371 1932 5411 non
1978 5359 2124 5425 dixit
2159 5359 2435 5413 exclusivo
2467 5372 2633 5412 sensu
2670 5368 2724 5412 et
2752 5359 2966 5412 unicum
3000 5356 3194 5408 Filium
3248 5355 3360 5419 Dei,

1818 5475 1860 5506 "
1890 5474 1932 5527 ll
1965 5474 2156 5531 Thess.
2183 5491 2245 5540 ιι,
2273 5477 2325 5530 4.

1808 5591 1987 5658 (ιω-ἰεζ
2046 5589 2285 5642 Dicerem
2345 5589 2627 5658 scripturae
2685 5591 2881 5658 Graecae
2907 5584 3193 5658 _m_endum
3253 5588 3364 5644 ait;

1808 5674 1907 5727 pro
1928 5655 2042 5721 οὖς,
2087 5659 2252 5724 auris,
2285 5658 2389 5712 nisi
2429 5652 2553 5712 mox
2573 5657 2788 5714 Nicetas
2821 5657 2885 5709 dc
2905 5652 3041 5708 Filio
3067 5668 3257 5724 reapse
3281 5658 3360 5710 lo-

1819 5739 2098 5796 queretur.
