3926 6308
518 431 625 500 ’151

1752 387 2052 482 Μαιετέ
2088 420 2495 505 BYZANTINI

3656 418 3766 482 752

457 536 463 541 ’
525 544 592 595 de
621 540 711 594 illo
731 536 974 607 cogitans
1002 544 1159 600 quem
1197 525 1476 583 contendit
1500 525 1822 592 destruere;
1853 542 1919 582 ne
1935 526 2082 580 omni

2190 530 2314 594 Υἱός
2341 531 2507 591 ἔστιν.
2550 527 2894 598 λογιζόμενος
2923 526 2982 582 δν
3030 518 3635 608 ἀνελεῐνάγωνίζεται,
3670 530 3765 585 ενι

528 644 628 688 suo
686 630 809 684 dolo
842 627 1100 687 nudatus,
1153 637 1261 677 una
1308 635 1431 674 cum
1477 619 1568 674 illo
1626 628 1923 675 corrueret.
1981 616 2087 672 Sed

526 722 736 782 dicunt,
769 720 867 781 ait,
902 716 1077 784 ipsum
1106 728 1229 769 esse
1279 711 1477 765 Filium
1512 709 1606 765 Dei
1658 728 1671 763 ε
1708 712 1860 780 quasi
1895 710 2040 765 dicat
2071 726 2084 762 :

529 810 586 866 Si
614 826 699 865 me
729 808 888 863 vultis
910 806 1101 861 Filium
1115 802 1377 869 conﬁteri,
1400 817 1500 873 ego
1520 796 1777 873 pradieto
1798 800 2091 871 proximior

530 880 672 957 sum.
729 900 919 953 Postea
972 897 1229 952 nonnulla
1260 895 1545 950 indecore
1594 895 1887 955 blaterans,
1915 906 2088 960 nuga-

529 1008 761 1061 rumque
800 1006 1021 1045 suarum
1064 987 1365 1058 nugacibus
1386 984 1938 1057 demoustratipnibus
2000 983 2091 1035 llr-

528 1100 677 1139 mare
698 1085 969 1153 iactitans,
991 1081 1238 1136 nominat
1263 1079 1529 1150 quosdam
1549 1077 1780 1132 Thamut
1801 1088 1854 1129 et
1874 1074 2088 1129 Madian

528 1188 581 1231 et
608 1176 1021 1239 Mateuehamat,
1069 1173 1135 1227 ad
1193 1186 1355 1242 quos,
1412 1172 1605 1241 inquit,
1646 1168 1822 1240 legati
1881 1167 2088 1221 revela-

528 1270 732 1323 tionem
770 1280 924 1321 suam
981 1264 1318 1320 deferebant.
1376 1261 1606 1318 Prorsus
1634 1269 1813 1316 autem
1849 1259 1915 1336 lii
1961 1267 2089 1313 sunt

529 1358 812 1427 incogniti,
842 1366 895 1411 et
916 1358 1034 1411 sine
1068 1356 1178 1410 ulla
1209 1353 1544 1424 probatione,
1570 1348 1733 1420 prout
1752 1358 1807 1404 et
1843 1350 1957 1419 ipse
1984 1356 2086 1403 est.

526 1450 677 1504 illico
697 1458 878 1503 autem
906 1448 1171 1503 barbaros
1196 1454 1381 1502 contra
1406 1459 1506 1499 nos
1541 1444 1596 1497 in
1626 1444 1871 1513 praelium
1902 1442 2087 1506 mittit,

529 1549 584 1596 et
608 1554 729 1610 quae
759 1539 826 1593 ad
851 1538 900 1592 id
930 1538 1206 1593 concitare
1226 1536 1404 1591 valeat
1447 1534 1729 1599 allatrans,
1771 1547 1988 1611 vanam.
2012 1531 2089 1585 l'a-

530 1630 714 1685 bulam
736 1628 1031 1685 concludit.

1018 1714 1453 1773 CONFUT'ATIO
1492 1713 1584 1771 IX.

599 1812 689 1865 64.
718 1810 869 1866 Nona
892 1825 923 1865 a
946 1808 1262 1865 Mohamede
1304 1806 1490 1861 fabula
1548 1806 1869 1863 inscribitur
1896 1799 2087 1869 Jonas,

530 1904 663 1957 nihil
693 1912 872 1957 tamen
919 1901 986 1956 de
1022 1899 1157 1955 Jona
1191 1899 1243 1953 in
1273 1912 1336 1953 ea
1371 1899 1630 1954 Occurrit.
1670 1896 1774 1953 Sed
1809 1898 1991 1952 statim
2021 1894 2091 1951 ab

527 1993 752 2049 exordio
784 2002 1039 2062 tanquam
1067 2007 1315 2062 pugnans
1340 2000 1394 2046 et
1424 1990 1823 2060 reprehendens
1847 1987 2088 2045 etironia

527 2067 759 2154 quadam
791 2092 973 2149 utens,
1012 2085 1143 2147 «An,
1178 2083 1372 2152 inquit,
1413 2096 1615 2137 novum
1636 2088 1719 2136 est
1752 2080 2088 2145 hominibus,

528 2174 671 2242 quod
705 2173 844 2228 Deus
875 2174 1040 2227 alicui
1070 2172 1276 2227 homini
1301 2186 1369 2226 ex
1399 2171 1613 2225 illorum
1636 2185 1864 2225 numero
1885 2169 2090 2224 revela.

527 2266 667 2319 verit
705 2264 891 2319 testari
910 2263 1222 2318 hominibus
1247 2270 1301 2318 et
1323 2262 1699 2337 evangelizare
1720 2260 2087 2324 credentibus,
2132 2278 2147 2289 ο

530 2357 674 2425 quod
705 2356 842 2424 ipsis
869 2363 954 2410 est
996 2355 1391 2411 incrementum
1422 2368 1606 2408 verum
1632 2368 1668 2425 ,a
1723 2351 1955 2407 Domino
2006 2350 2088 2419 ip‘

530 2410 758 2501 s'orutnl?
804 2465 824 2500 ι
862 2445 989 2501 Ηαξο
1014 2446 1223 2502 scilicet
1250 2454 1508 2515 tanquam
1545 2459 1612 2499 ex
1631 2410 1732 2499 Dei
1759 2457 1993 2513 persona
2019 2410 2085 2496 de

530 2553 590 2594 se
647 2539 767 2608 ipso
803 2538 895 2593 ait.
945 2538 1147 2592 Deinde
1197 2538 1407 2593 inducit
1462 2537 1714 2591 homines
1752 2534 1949 2589 merito
1976 2547 2083 2588 non

531 2628 836 2691 credentes,
870 2628 1221 2698 dicentesque
1264 2647 1278 2682 :
1319 2625 1508 2698 Magus
1550 2628 1649 2685 liie
1677 2636 1780 2683 est.
1813 2624 1927 2680 Hoc
1973 2624 2087 2693 ipse

530 2722 597 2777 de
627 2736 705 2778 se.
740 2720 850 2776 Nos
877 2736 1005 2784 vero
1032 2722 1097 2779 ad
1129 2722 1364 2790 priorem
1389 2721 1659 2777 sermonis
1703 2726 1912 2789 partem
1950 2716 2086 2772 dici-

531 2826 674 2877 mus,
707 2812 849 2866 baud
880 2826 1011 2866 sane
1041 2826 1240 2866 novum
1272 2826 1410 2876 esse,
1443 2812 1586 2880 quod
1617 2808 1693 2866 ex‘
1723 2810 1832 2864 Deo
1882 2804 2086 2863 revele-

532 2914 631 2958 tur
645 2904 846 2973 aliquid
879 2912 934 2957 et
955 2904 1355 2975 evangelizetur
1414 2902 1782 2967 credentibus,
1806 2901 1935 2971 quia
1967 2899 2086 2955 sine

529 2994 698 3048 dubio
730 2994 1129 3048 incrementum
1163 2994 1270 3047 illis
1296 2994 1353 3047 ιιι
1390 2992 1572 3047 aDeo.
1604 2993 1758 3060 Quod
1782 3002 1961 3046 tamen
1992 3005 2085 3046 ve-

532 3098 653 3136 rum
690 3082 1078 3137 incrementum
1105 3081 1247 3136 circa
1268 3080 1639 3136 Mohamedem
1674 3080 1874 3135 factum
1904 3080 1997 3145 sit,
2032 3079 2086 3151 id

2190 622 2265 692 μὴ
2314 620 2516 691 γυμνὸς
2546 619 2822 683 παντελῶς
2853 620 2948 673 τοῦ
3014 617 3201 672 ὼύλου
3253 611 3627 689 καταληφθεὶς
3664 638 3765 674 συ.

2190 711 2441 781 σκελισθῇ
2464 753 2477 773 ,
2509 709 2621 764 ἀλλ’
2657 710 2737 762 ὅτι
2765 708 2927 773 αὐτὸς
2963 708 3091 773 Υίός
3120 711 3269 761 ἐστιν
3288 725 3305 742 ο
3441 708 3509 762 ἂν
3553 708 3605 762 α
3640 709 3763 764 ἰλι-

2188 816 2302 867 γεν,
2333 800 2412 851 ὅτι
2444 796 2506 851 Et
2528 797 2716 851 θέλετε
2743 797 2871 851 Υἰὸν
2894 797 3029 852 Θεοῦ
3058 797 3359 867 ὁμολογεῖν,
3392 799 3507 867 ἁγὼ
3534 796 3633 851 τοῦ
3660 799 3766 851 λα-

2188 890 2446 960 λουμένου
2489 888 2783 961 ἐγγύτερον
2802 905 2816 919 °
2871 885 2989 942 εἶτα
3034 889 3431 960 βαττολογήσας
3474 892 3594 944 τινά
3627 892 3766 945 ἀσι-

2192 1002 2356 1054 μνως,
2401 982 2630 1037 καὶτῶν
2674 982 2839 1036 αὐτοῦ
2889 983 3168 1054 φλυαριῶν
3223 984 3311 1038 διά
3342 985 3613 1057 φλυαρίας
3641 986 3765 1050 ’τὰς

2187 1074 2486 1140 ἀποδείξεις
2517 1074 2836 1129 πιστοῦσθαι
2870 1068 3257 1145 ἀϐρυνόμενος,
3288 1075 3562 1147 μέμνηταί
3596 1093 3765 1131 τινων

2187 1169 2429 1237 Θαμοὺτ,
2477 1170 2570 1222 καὶ
2600 1167 2843 1237 Μαδιάμ,
2896 1167 2991 1221 καὶ
3047 1167 3422 1239 Ματευχαμάτ
3473 1166 3571 1239 (ό),
3621 1168 3766 1238 πρὸς

2188 1258 2281 1323 οὒς
2309 1258 2523 1328 Ξφερον,
2556 1259 2743 1329 φησιν,
2774 1260 2821 1311 οί
2851 1257 3135 1313 ἀπόστολοι
3161 1257 3342 1336 αὺτῷν
3380 1258 3481 1328 τὴν
3504 1258 3763 1328 φανέρω-

2191 1367 2293 1414 σιν,
2318 1348 2526 1419 ἀδήλων
2551 1349 2719 1403 ὄντοιν
2749 1349 2955 1403 τούτων
2987 1351 3080 1405 καὶ
3107 1349 3532 1416 ἀναποδείκτων,
3564 1348 3766 1419 ὥσπερ

2187 1440 2251 1509 δὴ
2281 1440 2373 1491 καὶ
2404 1438 2565 1503 αὐτός
2586 1456 2601 1470 ο
2659 1440 2753 1493 καὶ
2800 1438 3003 1504 εὐθέως
3045 1438 3397 1510 ικστρατεύει
3434 1439 3562 1494 καθ’·
3595 1439 3766 1509 ἡμῶν

2187 1532 2312 1593 τοὺς
2342 1530 2668 1600 βαρϐάρους,
2696 1530 2879 1585 καὶ·τά
2910 1532 2989 1594 είς
3017 1529 3175 1595 τοῦτο
3219 1528 3765 1603 αὑτοὺςῒρεθίζοντα

2189 1620 2630 1691 καθυλακτήσας,
2660 1622 2963 1676 ἀποκόπτει
2990 1621 3090 1675 τὸν
3116 1621 3417 1693 φλήναφον.

2697 1708 3134 1769 ΕΛΕΓΚΤΙΚΟΣ
3183 1712 3239 1766 0’
3249 1754 3263 1770 .

2263 1805 2354 1870 ξδ’.
2392 1804 2455 1860 ’0
2495 1804 2680 1869 ἔνατος
2723 1805 2800 1875 τῷ
2853 1805 3100 1876 Μωάμετ
3133 1804 3300 1875 μῦθος
3350 1804 3766 1877 δπιγίγραπτατ

2200 1900 2416 1969 μὲνΕίς
2458 1899 2567 1953 τὸν
2608 1898 2830 1964 Ἰωνᾶν,
2869 1898 3023 1952 οὐδὲν
3078 1898 3135 1951 δὲ
3160 1896 3255 1951 τοῦ
3299 1899 3451 1953 Ἰωνᾶ
3496 1900 3557 1951 ιν
3608 1900 3767 1968 αὐτῷ

2197 1991 2456 2060 φέρεται·
2488 1988 2603 2043 ἀλλ’
2636 1988 2836 2053 εὐθέως
2886 1990 2952 2042 ὲκ
3006 1988 3304 2060 προοιμίων
3332 1987 3408 2061 (5)
3434 1987 3624 2059 ὥσπερ
3656 2007 3766 2059 μα-

2196 2084 2425 2154 χόμενος
2452 2082 2547 2137 καὶ
2581 2081 2829 2151 ἐγκαλῶν
2859 2083 2892 2153 ἢ
2928 2083 3348 2154 είρωνευόμενος
3366 2084 3765 2153 ἐπεισέρχεται

2194 2176 2364 2244 λέγων
2385 2192 2399 2206 ·
2437 2194 2456 2227 ι
2484 2170 2630 2246 *Δρα
2650 2172 2719 2246 ἦν
2752 2177 2865 2238 τοῖς
2901 2172 3205 2246 ἀνθρώποις
3239 2172 3392 2239 ξένον
3436 2176 3519 2228 ὅτι
3546 2174 3768 2229 ἀπεκά·

2194 2264 2358 2333 λυψεν
2385 2266 2413 2317 ό
2441 2264 2572 2327 Θεὸς
2604 2264 2756 2335 πρὸς·
2791 2263 3078 2334 ἄνθρωπον
3110 2262 3169 2327 ἐξ
3193 2263 3370 2317 αὐτῶν
3400 2262 3767 2338 τοῦηδιαμαρ-

2186 2354 2462 2426 ντύρασθαι
2512 2354 2623 2418 τοῖς
2679 2351 2989 2424 ἀνθρώποις
3038 2352 3129 2406 καλ
3154 2352 3615 2422 εὐαγγελίσασθαι
3648 2356 3765 2417 τοῖς

2198 2445 2550 2505 πιστεύσασιν
2571 2446 2650 2499 ὅτι
2679 2445 2827 2498 ἐστιν
2855 2445 3038 2508 αὐτοῖς
3067 2444 3322 2515 προκοπὴ
3351 2444 3579 2517 ἀληθινὴ
3610 2448 3764 2513 παρά

2197 2537 2289 2591 τοῦ
2319 2537 2522 2608 Κυρίου
2544 2536 2754 2603 abstini;
2790 2554 2809 2587 ι
2846 2536 3017 2591 ταῦτα
3045 2537 3099 2591 δὲ
3125 2537 3200 2600 ώς
3232 2539 3295 2591 ικ
3344 2537 3638 2609 προσώπου
3662 2540 3762 2608 δῆ-

2196 2627 2287 2681 θεν
2319 2618 2455 2680 Θεοῦ
2482 2626 2630 2695 λέγει
2661 2628 2789 2698 περὶ
2820 2626 3012 2682 αὐτοῦ’
3050 2623 3169 2680 εἶτα
3209 2629 3420 2698 εἰσάγει
3467 2631 3593 2691 τοὺς
3640 2632 3761 2693 καὶ,

2193 2718 2336 2772 κατά
2357 2718 2417 2771 τὸ
2440 2719 2607 2783 εἰκὸς,
2637 2717 3050 2783 διαπιστοῦντας
3067 2718 3160 2772 καὶ
3178 2719 3453 2787 λέγοντας,
3479 2720 3560 2773 ὅτι
3591 2714 3764 2782 Οὗτος

2194 2808 2477 2880 φαρμακός
2506 2810 2689 2863 ἐστιν’
2731 2809 2890 2863 τοῦτο
2934 2798 3097 2873 αὐτὸς
3126 2809 3267 2881 ὑπὲρ
3305 2810 3521 2865 ἑαυτοῦ.
3564 2811 3763 2880 Ἡμεῖς

2191 2901 2247 2954 δὲ
2270 2900 2406 2972 πρὸς
2452 2900 2543 2953 τὸν
2575 2899 2791 2972 πρῶτον
2846 2900 3003 2971 λόγον
3038 2903 3100 2955 ού
3148 2902 3287 2956 πάνυ
3313 2905 3491 2973 φαμὲν
3520 2902 3670 2969 ξένον
3698 2906 3762 2957 τὸ

2193 2992 2344 3063 παρά
2371 2991 2506 3046 Θεοῦ
2536 2993 2984 3065 ἀποκαλυφθῆναι
3040 2994 3131 3048 καὶ
3161 2994 3613 3065 εὑαγγελισθῆναι
3645 2999 3759 3059 τοῖς

2195 3084 2557 3152 πιστεύουσιν,
2586 3083 2844 3150 ὅτιέοτιν
2880 3086 3061 3150 αὐτοῖς
3088 3086 3338 3157 προκοπὴ
3371 3087 3596 3160 ἀληθινὴ
3628 3090 3760 3159 παρ’

533 3188 654 3227 cum
698 3170 1283 3241 putummendacium
1338 3180 1622 3241 appareat;
1664 3165 1936 3225 hominem
1991 3171 2086 3241 qui

2193 3176 2359 3267 αὐτοῦ
2383 3194 2403 3216 ἰ
2420 3177 2526 3241 ιως
2552 3177 2597 3231 δ’
2623 3178 2687 3231 ἂν
2709 3176 2950 3267 ἀληθεύῃ
2976 3181 3057 3244 sb,
3085 3164 3335 3250 προκοπὴ
3358 3180 3608 3252 ἀληθινὴ,
3632 3185 3762 3252 περὶ

532 3265 637 3318 hoc
683 3264 786 3318 sibi
843 3264 1141 3318 revelatum
1188 3264 1341 3331 dicit,
1367 3278 1466 3317 ceu
1499 3277 1626 3319 vere
1655 3262 1966 3326 scelestum,
2006 3273 2090 3318 at-

530 3370 635 3426 que
660 3365 721 3409 ut
763 3355 878 3425 ipse
924 3355 1000 3409 ait
1054 3369 1294 3426 magum,
1339 3354 1743 3409 abominamur.
1771 3353 2087 3408 Abrahamo

531 3448 604 3502 ita
651 3447 851 3502 factum
910 3448 1135 3511 scimus,
1190 3462 1368 3517 neque
1418 3447 1683 3502 miramur
1716 3446 1895 3506 :.Vult
1948 3446 2086 3500 enim

531 3539 672 3593 Deus
700 3555 874 3591 omnes
907 3540 1139 3592 homines
1171 3539 1394 3603 aalvare,
1430 3547 1477 3593 et
1508 3539 1574 3591 ad
1607 3539 1925 3610 agnitionem
1954 3538 2087 3591 veri-

533 3632 658 3683 tatis
685 3630 856 3683 venire
893 3630 956 3683 ".
991 3627 1201 3684 Etenim
1230 3645 1296 3683 ex
1346 3629 1685 3684 idololatrica
1713 3626 1933 3683 inscitia
1960 3640 2087 3695 pro-

530 3721 694 3776 cessit
718 3720 1056 3774 Abrahamus
1079 3720 1129 3773 in
1147 3721 1541 3773 incrementum
1561 3732 1748 3772 verum
1781 3717 1976 3785 divina;
1993 3730 2091 3771 no-

530 3810 682 3877 titiae,
706 3810 832 3880 quia
857 3810 970 3863 haec
994 3810 1042 3864 ei
1076 3810 1312 3865 revelata
1343 3824 1372 3862 a
1396 3809 1507 3864 Deo
1533 3808 1670 3874 luit;
1702 3819 1761 3879 et
1779 3821 1907 3869 mox
1923 3820 2087 3883 opera

529 3902 649 3970 ejus
679 3900 926 3970 religiosa
965 3898 1338 3954 manifestiora
1369 3906 1678 3964 evaserunt,
1712 3897 1960 3953 veritatis
1990 3884 2086 3951 co-

531 3992 827 4063 gnitionem
881 3991 1169 4045 lirmantia.
1211 3990 1341 4045 Post
1384 3990 1538 4044 illum
1598 3989 1778 4043 denuo
1833 3987 2087 4051 novimus

533 4084 769 4153 Moysem
796 4083 1162 4137 illuminatum
1202 4097 1233 4136 ο
1289 4081 1429 4147 Deo,
1456 4082 1528 4137 ob
1556 4081 1867 4136 testandum
1910 4080 2088 4136 homi-

458 4217 461 4219 .
534 4175 714 4238 nibus,
736 4174 877 4243 quod
910 4174 1042 4241 ipsis
1071 4171 1416 4227 credentibus
1443 4160 2085 4227 ﬂatinerementumrvve-

534 4281 657 4320 rum
696 4280 725 4318 a
772 4264 1006 4318 Domino
1063 4264 1331 4332 ipsorum;
1358 4263 1537 4332 Atque
1568 4264 1640 4317 ita
1670 4276 1860 4332 reapse
1887 4264 2085 4319 evenit.

528 4354 779 4425 Namque
810 4356 877 4409 ab
915 4354 1205 4409 Abrahami
1232 4354 1739 4424 adbucimpertecta
1776 4352 1869 4408 Dei
1896 4354 2087 4409 notitia

502 4520 505 4523 _
536 4456 590 4501 et
618 4448 742 4500 vita:
780 4446 1048 4510 instituto,
1085 4445 1151 4500 ad
1195 4444 1577 4515 perfeetiorem
1626 4444 1869 4500 divinam
1914 4444 2091 4501 scien-

2191 3266 2354 3322 αὑτοῦ
2392 3286 2408 3301 ο
2437 3268 2627 3323 τούτου
2678 3269 2734 3323 δὲ
2772 3262 2997 3339 ψεύδους
3021 3271 3342 3340 πεφηνότος,
3398 3273 3487 3326 τὸν
3533 3273 3761 3343 λέγοντα

2176 3357 2635 3430 ἀπὸκεκαλύφθαι
2659 3377 2712 3413 τι
2743 3358 3005 3424 τοιοῦτον,
3032 3359 3107 3424 ὥς
3136 3361 3335 3433 ἄνομον
3366 3362 3602 3434 ἀληθῶς,
3643 3368 3759 3429 καὶ,

2186 3446 2262 3511 ὡς
2290 3448 2453 3512 αὐτός
2483 3464 2638 3522 φησι,
2688 3448 2982 3518 φαρμακὸν
3028 3449 3485 3520 ἀποστρεφόμεθα
3508 3469 3521 3482 ·
3568 3452 3663 3505 τόν
3700 3471 3759 3507 τε

2187 3538 2295 3609 γὰρ
2336 3536 2588 3609 Ἀϐραάμ
2614 3538 2853 3595 τοιοῦτον
2882 3539 3161 3609 ἔγνωμεν,
3182 3540 3275 3594 καὶ
3403 3540 3757 3613 ξενιζόμεθα·

2190 3632 2361 3685 ϐέλει
2385 3633 2495 3713 γὰρ
2522 3634 2553 3686 ό
2596 3633 2741 3701 Θεὸς
2769 3633 3000 3701 πάντας
3038 3634 3388 3703 ἀνθρώπους
3413 3636 3632 3707 ςτῶσαι,
3660 3640 3759 3695 καὶ

2193 3723 2279 3788 είς
2301 3720 2633 3791 ἐπίγνωσιν
2646 3722 2932 3790 ἀληθείας
2954 3724 3174 3783 ἐλθεῖν·
3203 3726 3266 3779 ὲκ
3286 3725 3395 3795 γάρ
3414 3727 3511 3798 τῆς
3526 3729 3757 3783 εἰδώλων

2188 3810 2460 3878 ἀγνωσίας
2487 3812 2691 3883 προέϐη
2715 3812 2745 3863 ὁ
2781 3812 3030 3884 ’Δϐραάμ
3059 3815 3139 3877 είς
3164 3811 3445 3888 προκοπῇ
3496 3819 3756 3892 ἀληθινὴν

2186 3899 2537 3969 θεογνωσίας,
2561 3900 2649 3955 διά
2674 3901 2735 3957 τδ
2758 3902 3215 3974 ἀποκαλυφθῆναι
3244 3906 3391 3977 αύτῷ
3429 3910 3589 3962 τοῦτο
3607 3914 3756 3983 παρὰ

2186 3990 2322 4045 Θεοῦ
2350 4007 2365 4023 ο
2397 3993 2583 4046 καὶτὰ
2613 3993 2747 4063 ἔργα
2782 3994 2931 4065 αύτῷ
2966 3996 3067 4067 τῆς
3091 3996 3400 4064 θεοσεϐείας
3433 4002 3755 4075 ἑκδηλότερα

2186 4082 2378 4151 γέγονε
2408 4081 2725 4152 βεϐαιοῦντα
2746 4086 2843 4157 τὴν
2870 4089 2967 4158 τῆς
2994 4087 3247 4159 ἀληθείας
3277 4090 3593 4159 ἐπίγνωσιν,
3625 4097 3752 4149 Μετ’

2186 4176 2391 4228 ἐκεῖνον
2420 4175 2579 4230 πάλιν
2613 4176 2857 4249 ἔγνωμεν
2871 4174 3107 4237 Μωῦσέα
3129 4182 3579 4253 άποκαλυφθέντα
3607 4191 3753 4261 παρά

2186 4266 2321 4320 Θεοῦ
2350 4268 2821 4340 διαμαρτύρασθαι
2854 4274 2965 4332 τοῖς
2999 4274 3329 4343 ἀνθρώποις,
3362 4277 3441 4329 δτι
3475 4277 3624 4330 ἔστιν
3659 4281 3752 4333 αύ-

2186 4361 2298 4422 τοῖς
2333 4360 2583 4430 προκοπὴ
2633 4362 2873 4433 ἀληθινὴν
2887 4366 3203 4419 πιστεύουσι
3238 4368 3389 4438 παρά
3420 4368 3515 4422 τοῦ
3544 4371 3748 4440 Κυρίου

2186 4450 2366 4529 αύτῶν
2387 4466 2402 4483 ⁶
2428 4454 2520 4505 καὶ
2555 4453 2771 4520 ἐγένετο
2826 4455 2982 4509 τοῦτο
3007 4474 3021 4487 ’
3065 4459 3171 4513 ἀπὸ
3204 4461 3308 4531 γάρ
3339 4461 3440 4529 τῆς
3493 4464 3621 4532 περὶ
3662 4464 3750 4517 τὸν

538 4535 668 4589 tiam
728 4550 1012 4605 moresque
1050 4535 1272 4590 deduxit
1327 4534 1473 4593 illius
1524 4544 1776 4605 posteros
1830 4536 1936 4590 lex.
1967 4534 2083 4589 Nisi

2200 4526 2449 4613 ’Ᾱϐραάμ
2504 4542 2583 4596 ἔτι
2632 4544 2853 4609 ἀτελοῦς
2900 4546 3063 4615 οῦσης
3111 4526 3435 4618 θεογνωσίας
3479 4526 3747 4608 καὶ-πολι-

534 4624 681 4679 enim
743 4623 846 4676 hoc
894 4624 1239 4691 concedatur,
1302 4639 1705 4695 supervacanea
1765 4624 1983 4680 fuerunt
2027 4633 2081 4679 et

536 4714 845 4784 importuna
868 4713 1223 4785 omnia_legis
1256 4717 1523 4782 instituta,
1558 4726 1611 4771 et
1660 4717 1977 4783 Sabbatum,
2029 4728 2083 4773 et

536 4802 647 4858 Deo
696 4803 1053 4873 acceptabiles
1107 4803 1317 4869 hostiae,
1373 4820 1493 4873 qua
1548 4807 1733 4859 omnia
1766 4807 2082 4862 Abrahamo

539 4894 687 4949 l‘uere
706 4895 978 4965 inc0gnita
997 4912 1012 4961 ;
1035 4894 1177 4965 quod
1202 4894 1534 4964 impossibile
1552 4903 1653 4949 est.
1679 4894 1806 4950 Post
1823 4897 2078 4967 Moysem,

537 4994 597 5039 ut
633 5000 847 5055 pergam
891 4987 967 5041 uti
1016 4987 1359 5041 revelationis
1418 4984 1659 5049 nomine,
1694 4984 1867 5041 donec
1897 4990 2078 5041 exitus

478 5068 481 5071 ⁴
537 5075 721 5128 omnia
752 5075 1077 5143 manifestet,
1134 5076 1392 5130 revelavit
1430 5074 1575 5128 Deus
1615 5074 1903 5144 perJesum
1929 5077 2085 5131 Chri-

538 5174 682 5221 stum
714 5166 1051 5230 hominibus,
1101 5168 1241 5235 quod
1280 5164 1337 5218 ﬁt
1384 5164 1512 5233 ipsis
1556 5167 1945 5222 incrementum
1998 5184 2086 5223 ve-

544 5271 687 5320 rum,
725 5254 1069 5310 credentibus
1098 5255 1320 5319 scilicet,
1349 5270 1378 5307 a
1413 5254 1669 5323 Domino;
1728 5259 2001 5329 verbaque
2030 5261 2084 5314 in

540 5364 651 5402 rem
691 5349 885 5403 collata
939 5348 1087 5402 fuere
1114 5361 1126 5396 :
1153 5360 1276 5398 nam
1311 5354 1363 5399 et
1397 5348 1485 5402 Dei
1516 5350 1752 5419 cognitio
1776 5350 1993 5416 clarior,
2028 5362 2081 5406 et

537 5440 657 5495 vitae
680 5454 797 5495 mos
828 5435 1131 5494 accuratior
1156 5436 1377 5494 exstitit.
1401 5438 1560 5510 quue
1590 5442 1672 5500 vel
1692 5444 1815 5500 inde
1846 5456 2077 5513 constat,

611 5621 653 5652 "
685 5624 705 5674 l
733 5622 872 5678 Tim.
902 5638 961 5687 ll,
994 5623 1051 5677 4.

613 5782 687 5849 (ι)
716 5780 884 5838 Aliter
901 5781 985 5837 hic
998 5783 1140 5841 vides
1168 5787 1306 5858 apud
1326 5788 1669 5849 Maraccium.

2185 4632 2353 4699 τείας,
2390 4633 2482 4686 ἐπὶ
2508 4633 2603 4705 τὴν
2642 4636 2840 4704 μᾶλλον
2883 4637 3092 4711 τελείαν
3118 4638 3445 4708 θεογνωσίαν
3471 4644 3564 4696 καὶ
3598 4647 3745 4699 πολι-

2186 4725 2334 4778 τείαν
2361 4725 2558 4795 ἀνῆγεν
2589 4727 2713 4789 τοὺς
2743 4727 2904 4781 αὐτοῦ
2934 4731 3187 4799 ἐκγόνους
3223 4734 3252 4783 ό
3280 4733 3373 4787 τοῦ
3391 4735 3525 4789 Θεοῦ
3555 4739 3741 4807 νόμος·

2187 4818 2234 4868 εί
2268 4815 2479 4887 γάριμὴ
2506 4817 2661 4871 τοῦτο
2689 4818 2836 4891 δοθῇ,
2862 4824 3090 4891 περιττά
3114 4825 3207 4877 καὶ
3238 4825 3439 4897 ἄκαιρα
3477 4829 3652 4882 πάντα
3680 4833 3746 4883 τά

2187 4905 2279 4960 τοῦ
2312 4909 2498 4978 νόμου,
2527 4910 2587 4963 τό
2617 4927 2674 4963 τε
2707 4912 2973 4966 σάϐϐατον
3005 4916 3097 4968 καὶ
3133 4918 3189 4968 al
3226 4918 3497 4971 θεόδεκτοι
3544 4919 3747 4987 θυσίαι,

2181 4998 2335 5053 ἅτινα
2369 5001 2618 5072 Ἀϐραάμ
2649 5003 2747 5057 οὐκ
2771 5004 2906 5075 ᾔδει,
2931 5006 3068 5078 ὅπερ
3098 5009 3379 5062 ἀδύνατον.
3409 5012 3564 5064 Μετὰ
3588 5013 3747 5067 Matii-

2183 5086 2299 5154 σία,
2333 5090 2418 5143 ἵνα
2474 5093 2909 5163 καταχρήσωμαι
2944 5094 3021 5165 τῷ
3055 5096 3152 5163 τῆς
3201 5097 3601 5167 ἀποκαλύψεως
3633 5102 3743 5157 ὀνό-

2185 5195 2331 5247 ματι,
2359 5181 2461 5243 ἕως
2486 5182 2551 5235 ἀν
2582 5186 2613 5254 ή
2656 5184 2880 5250 ἔκϐασις
2909 5186 2969 5239 τὸ
2996 5188 3103 5239 πᾶν
3134 5187 3369 5260 δηλώσῃ,
3398 5191 3744 5264 ἀπεκάλυψεν

2183 5271 2209 5320 ό
2235 5268 2363 5331 Θεὸς
2384 5271 2469 5322 διὰ
2511 5272 2681 5341 Ἰησοῦ
2716 5276 2952 5347 Χριστοῦ
2979 5280 3091 5341 τοῖς
3124 5278 3449 5349 ἀνθρώποις,
3494 5285 3574 5341 ὅτι
3602 5286 3743 5341 ἐστιν

2188 5356 2368 5415 αὐτοῖς
2388 5360 2634 5431 προκοπὴ
2657 5364 2881 5434 ἀληθινὴ
2894 5365 3004 5428 τοῖς
3024 5366 3330 5421 πιστεύουσι
3355 5374 3504 5440 παρά
3518 5374 3741 5443 Κυρίου·

2191 5446 2281 5500 καὶ
2310 5446 2463 5516 ἔσχεν
2490 5451 2517 5501 ό
2538 5450 2691 5520 λόγος
2717 5456 2774 5508 τὸ
2800 5456 2958 5527 ἔργον
2985 5457 3155 5529 πέρας
3180 5476 3195 5491 ·
3228 5461 3261 5531 ἦ
3292 5478 3350 5515 τε
3379 5464 3486 5535 γὰρ
3517 5464 3742 5533 θεογνω-

2264 5799 2340 5870 (5)
2366 5797 2486 5858 Sur.
2520 5802 2587 5871 Χ,
2619 5803 2670 5857 5.
