3926 6308
211 248 331 315 753

1379 257 1804 321 REFUTATIO
1844 240 2308 322 MOHAMEDIS.

3332 269 3435 331 754

208 362 314 416 σία
362 364 691 434 τραωτέρα,
727 366 821 417 καὶ
871 367 904 437 ἡ
956 364 1199 422 πολιτεία
1252 368 1614 441 ἀκριϐεστέρα
1648 370 1766 423 καθι

1879 370 2023 439 quod
2085 370 2324 438 antiquis
2355 369 2561 424 dictum
2589 368 2710 436 fuit,
2755 369 2837 427 Ne
2884 375 3134 431 occidatis
3165 379 3244 447 ¹⁶;
3280 381 3451 445 nobis

204 455 416 526 ἔστηκε
436 472 455 489 ο
487 456 580 510 καὶ
607 456 763 532 δῆλον
783 458 842 510 ἐν
892 456 968 527 τῷ
1010 459 1238 522 ἐκείνοις
1271 461 1369 528 μὲν
1397 460 1669 529 λέγεσθαι,
1704 461 1777 531 μὴ

201 546 512 613 φονεῦσαι
537 563 552 576 ’
583 548 713 616 ἡμῖν
740 547 817 613 δὲ,
841 546 928 615 μὴ
959 548 1327 618 ὀργισθῆναι.
1510 550 1513 551 ⁷
1632 549 1640 555 ’
1691 548 1694 552 ’

284 635 379 702 ξέ.
426 638 577 690 Ἐπεὶ
606 638 699 692 οὖν
754 641 1000 710 προκοπὴ
1035 640 1259 710 ἀληθινὴ
1309 642 1625 708 καθορᾶται,
1684 643 1778 695 ἐπὶ

205 731 318 798 μὲν
361 730 606 801 Ἀϐραὰμ
634 730 741 783 ἀπὸ
782 729 889 783 τῶν
932 730 1165 784 εἰδώλων
1200 732 1471 812 ἀγνιυσίας
1516 731 1650 786 Θεοῦ
1685 721 1788 785 sui

198 820 366 891 Θεῷ·
405 821 498 874 καὶ⁸
552 822 761 890 μάρτυς
791 821 968 893 opto;
1015 822 1180 876 αὑτοῦ
1203 839 1218 854 ⁸
1252 824 1361 877 ἀπὸ
1406 824 1656 893 ’Δὸραάμ
1684 825 1776 877 ἐπὶ

195 913 303 965 τὸν
333 915 495 984 νόμον
529 914 779 984 προκοπὴ
813 913 1033 985 ἀληθινή
1060 932 1075 946 ο
1115 916 1206 967 καὶ
1261 918 1526 986 μαρτυρεῖ
1551 918 1583 986 ἠ
1611 917 1774 971 εὐτα-

198 1004 301 1068 ξία
327 1008 424 1074 τῆς
452 1006 769 1076 νομοθεσίας
791 1023 810 1066 ',
834 1007 941 1061 ἀπὸ
970 1006 1047 1067 δὲ
1080 1005 1174 1060 τοῦ
1206 1008 1370 1077 νόμου
1406 1008 1498 1061 ἐπὶ
1521 1009 1613 1063 τὸν
1660 1008 1774 1062 Κύ-

196 1112 327 1165 ριον
356 1096 515 1167 ἡμῶν
564 1097 768 1166 Ἰησοῦν
823 1082 1056 1168 Χριστὸν
1086 1098 1335 1169 προκοπὴ
1367 1098 1640 1169 ἀληθινήνο
1678 1101 1771 1154 καὶ

197 1185 482 1252 μαρτυρεῖ
515 1184 575 1236 τὸ
626 1184 851 1253 ἀκριϐὲς
896 1188 995 1256 τῆς
1039 1173 1397 1257 εὐαγγελικῆς
1462 1188 1767 1252 ’πολιτείας⁸

191 1274 304 1325 οὐκ
334 1274 449 1326 ἐστι
499 1274 647 1341 ξένον
691 1277 803 1336 τοῖς
858 1266 1180 1346 ἀνθρώποις,
1211 1276 1293 1330 ὅτι
1344 1278 1689 1348 ἀπεκάλυψεν
1742 1281 1771 1333 ὁ

191 1364 337 1427 Θεὸς
364 1365 500 1434 πρὸς
537 1365 818 1435 ἄνθρωπον
851 1366 911 1433 ἐξ
964 1368 1144 1421 αὐτῶν
1178 1368 1271 1421 τοῦ
1297 1369 1767 1439 διαμαρτύρασθαι

104 1478 109 1483 ·
191 1454 298 1506 καὶ
342 1454 794 1522 εὐαγγελίσασθαι
846 1458 958 1519 τοῖς
987 1456 1327 1510 πιστεύουσιν
1378 1458 1459 1511 ὅτι
1488 1458 1603 1511 ἐστι
1638 1475 1771 1527 προ.

192 1544 348 1617 κοπὴ
378 1546 638 1617 ἀληθινή.
660 1547 900 1618 Εῑδωμεν
931 1545 1111 1600 λοιπὸν
1132 1549 1180 1601 εί
1199 1550 1289 1602 καὶ
1311 1550 1401 1602 ἐπὶ
1421 1549 1513 1603 τοῦ
1525 1549 1768 1619 Μωάμιτ

190 1636 362 1691 τοῦτο
378 1638 611 1706 γεγονὸς
630 1636 865 1720 ,ερρηται
884 1655 896 1669 ·
923 1639 1072 1693 δοκεῖ
1097 1640 1205 1711 γὰρ
1240 1640 1526 1710 σεμνύνειν
1551 1641 1644 1695 καὶ
1667 1640 1767 1711 τὴν

1881 471 2082 528 autem,
2114 462 2192 516 Ne
2216 462 2519 516 irascamini
2548 463 2617 517 “.

1948 638 2035 693 65.
2079 637 2279 693 Verum
2318 654 2445 709 ergo
2479 639 2871 695 incrementum
2920 626 3297 713 conspicitur;
3334 646 3435 701 sub

1879 727 2191 783 Abrahamo
2219 724 2439 799 quidem
2478 730 2543 784 ad
2597 730 2938 785 idololatrica
2967 735 3181 787 inscitia
3222 735 3334 801 Dei,
3371 736 3439 789 ad

1877 813 2046 869 Deum
2079 816 2293 885 ipsum;
2326 816 2583 886 cujusrei
2606 818 2757 872 testis
2791 819 2898 872 vita
2926 820 3119 888 ipsius.
3153 822 3232 875 Ab
3264 823 3439 878 Abra-

1877 906 2040 962 bamo
2077 906 2144 961 ad
2190 908 2359 976 legem
2420 908 2848 972 incrementum;
2869 890 3079 977 verum,
3117 927 3281 981 quam
3322 928 3436 968 rem

1876 1004 2105 1051 testatur
2128 998 2483 1067 legislationis
2506 1010 2651 1053 recta
2684 999 2973 1054 ordinatio.
2993 1003 3038 1053 Α
3063 1002 3180 1073 lege
3200 993 3436 1071 denique

1873 1088 1939 1142 ad
1968 1073 2254 1142 Dominum
2317 1097 2560 1143 nostrum
2593 1086 2779 1167 Jesum
2813 1088 3087 1144 Christum
3130 1093 3436 1147 incremen-

1876 1186 1987 1231 tum
2019 1194 2225 1245 verum,
2253 1188 2413 1249 prout
2438 1180 2853 1236 demonstratur
2882 1198 2911 1236 a
2935 1181 3173 1251 perfecto
3206 1198 3436 1255 evange-

1873 1268 1991 1324 lica;
2050 1269 2174 1331 vitae
2226 1284 2441 1341 genere.
2491 1270 2608 1326 Non
2660 1280 2744 1327 est
2772 1286 2898 1343 ergo
2928 1288 3128 1327 novum
3160 1273 3298 1328 inter
3337 1275 3434 1329 ho-

1871 1360 2067 1426 mines,
2099 1358 2414 1429 quod‘Deus
2451 1361 2651 1416 revelet
2676 1362 2835 1417 alicui
2867 1377 2933 1416 ex
2965 1377 3155 1418 eorum
3183 1378 3430 1429 numero,

1871 1460 1931 1506 ut
1969 1461 2202 1507 testetur
2258 1462 2422 1522 atquc
2469 1454 2803 1600 evanggizet
2852 1455 3197 1510 credentibus
3246 1470 3434 1510 rerum

1871 1542 1986 1596 lleri
2006 1542 2419 1600 incrementum.
2454 1543 2626 1600 Super
2691 1538 3300 1600 tutvideamusiutrum
3331 1546 3434 1600 sub

1870 1542 1986 1596 lleri
2006 1542 2419 1611 incrementum.
2454 1534 2710 1614 Superest
2736 1534 3300 1603 utvideamusiutrum
3331 1546 3445 1600 sub

1872 1631 2189 1689 Mohamede
2245 1633 2297 1688 id
2349 1634 2642 1706 contigisse
2692 1635 3078 1706 comperiatur.
3144 1634 3355 1691 Etenim
3390 1637 3437 1691 is

205 1698 815 1798 'A6padp'nicstvt'xott
840 1728 933 1785 τὸν
960 1698 1142 1799 νόμον,
1175 1698 1277 1785 ’καὶ
1305 1698 1379 1785 ’τὸ
1408 1698 1761 1801 Εύαγγέλιον·

1872 1725 2115 1779 venerari
2163 1725 2378 1781 videtur
2431 1698 2728 1783 Abrahami
2788 1698 2966 1795 Itidem,
3017 1737 3072 1782 et
3127 1728 3321 1798 legem,
3377 1736 3437 1784 et

192 1819 297 1869 καὶ
321 1817 415 1870 τὸν
443 1819 540 1888 μὲν
581 1818 827 1889 ’Δδραάμ
851 1819 946 1873 καὶ
975 1820 1065 1874 τδν
1090 1821 1274 1891 νόμον.
1305 1821 1464 1886 αὐτὸς
1496 1823 1595 1875 οὐκ
1625 1821 1771 1892 ὀφεί-

190 1907 281 1959 λει
315 1907 684 1979 παραυξῆσαι,
721 1909 783 1962 τὸ
830 1909 1011 1980 μέντοι
1038 1897 1371 1981 Εὑαγγέλιον
1414 1912 1473 1977 se
1502 1913 1765 1983 ἀνάγκης.

205 1998 669 2069 Ἐπισκεψώμεθα
699 1995 791 2054 οὖν
830 2000 951 2056 τίνα
975 2001 1082 2055 τῶν
1135 2000 1363 2056 ἐντολῶν
1391 2000 1483 2056 τοῦ
1528 2002 1767 2074 Χριστοῦ

192 2090 511 2167 ἐπηύξησεν
530 2086 783 2160 ’ςᾶράηγε
802 2091 883 2155 τὰ
908 2093 1036 2164 περὶ
1050 2111 1063 2118 ν’
1079 2093 1623 2166 τῆςάκτημοσύνηη
1660 2090 1769 2167 ἆρά

149 2234 153 2237 _
194 2160 266 2249 τί
295 2182 365 2234 τὰ
398 2184 527 2253 περὶ
555 2183 939 2255 σωφροσύνης
1100 2160 1163 2253 γέ
1188 2185 1256 2239 τὰ
1438 2160 1763 2257 ἀοριῆσεάίςς

192 2272 316 2325 ἀλλ’
336 2274 489 2328 οὐδὲν
515 2274 716 2331 τούτων
746 2276 875 2347 παρ’
904 2277 1066 2330 αὑτοῦ
1090 2277 1387 2349 καθορᾶται
1409 2289 1424 2306 ⁶
1451 2278 1647 2348 μᾶλλον
1670 2280 1770 2347 μὲν

193 2360 292 2419 οὖν
349 2366 444 2420 καὶ
493 2367 788 2420 ἀπεναντία
837 2368 1044 2432 τούτοις
1100 2353 1263 2421 πᾶσιν
1318 2369 1523 2441 ἐγραψέ
1571 2386 1629 2422 τε
1673 2371 1768 2423 καὶ

194 2454 395 2525 ἔδρασε
414 2473 429 2488 ·
458 2456 697 2512 λείπεται
725 2458 832 2527 ἀρα
861 2461 1060 2512 ἐννοεῖν
1088 2458 1147 2523 ἐξ
1173 2459 1415 2531 ἀνάγκης
1438 2459 1513 2531 μὴ
1541 2462 1605 2515 ὲκ
1632 2459 1766 2514 Θεοῦ

196 2547 366 2600 αὑτὸν
407 2547 892 2619 ἀποκαλυφθῆναι·
951 2546 1091 2619 ἢὼς
1142 2551 1216 2620 μὴ
1260 2550 1768 2622 διαμαρτυράμενον

194 2638 317 2699 τοίς
368 2637 707 2709 ἀνθρώποις,
765 2638 899 2710 μηδὲ
946 2640 1457 2712 -εύαγγελισάμενον
1509 2645 1620 2704 τοῖς
1678 2660 1770 2695 m-

197 2722 758 2800 στεύουσιπροκοπὴν
776 2722 1065 2801 ἀληθινὴν,
1092 2723 1207 2785 ἀλλ’
1237 2724 1600 2803 ἀναστροφὴν,
1642 2734 1773 2802 μᾶλ-

195 2814 290 2873 λον
313 2814 374 2872 δι
412 2813 791 2892 καταστροφὴν
821 2822 915 2877 καὶ
964 2822 1269 2876 ἀπώλειαν·
1324 2823 1432 2877 ίδοὺ
1479 2824 1542 2893 δὴ
1572 2824 1663 2876 τὸν
1690 2825 1767 2877 oi-

195 2902 352 2965 κεῖον
385 2911 549 2965 αὐτοῦ
597 2911 776 2981 λόγον,’
826 2907 1082 2983 γνώμονα
1123 2915 1217 2968 καὶ
1262 2913 1461 2967 κανόνα
1491 2914 1768 2979 λαϐόντες,

196 3002 266 3055 δι’
328 3001 492 3056 αὐτοῦ
540 3002 1141 3073 αύτὺν’ἀπηλέγξαμεν
1173 3003 1268 3075 ,μὴ
1322 3004 1769 3073 ἀποκαλυφθέντα
1795 3024 1839 3082 C

197 3092 368 3161 παρὰ
388 3090 523 3145 Θεοῦ
544 3108 557 3122 ·
586 3084 803 3156 ἀλλ’ὡς
826 3094 985 3156 αὐτὸς
1009 3093 1107 3163 μὲν
1131 3095 1260 3165 ἔφη,
1288 3097 1579 3167 φαρμακὺς
1606 3097 1766 3162 ἔστω,

196 3182 249 3232 εί
283 3176 528 3250 βούλοιτο
553 3197 569 3212 ο
602 3180 741 3252 πλήν
770 3199 833 3250 γε
884 3183 1068 3237 θεόθεν
1093 3182 1243 3237 οὐδὲν
1267 3183 1427 3237 ἔλασε
1450 3201 1466 3245 _'
1493 3185 1685 3239 τούτου
1711 3186 1768 3238 δὲ

196 3270 470 3335 ἐκπεσὼν,
497 3271 616 3324 ὅποι
643 3270 706 3342 δὴ
762 3271 854 3324 καὶ
907 3270 1211 3338 τετάξεται,
1260 3274 1361 3326 οὐκ
1389 3274 1583 3344 ἄδηλον
1607 3292 1620 3305 ο
1675 3276 1767 3329 καὶ

197 3360 488 3429 ἀληθεύσει
527 3362 556 3413 ὁ
584 3360 842 3432 εἰρηκὼς,
886 3354 1223 3417 Πεσοῦνὲαι
1248 3363 1315 3416 ἐν
1339 3358 1768 3433 ἀμφὶϐλήστρῳ

198 3448 402 3504 αὐτῶν
443 3452 499 3504 ot
525 3452 889 3521 ἁμαρτωλοίθ
936 3443 1146 3507 τούτων
1199 3452 1361 3507 αὑτοῦ
1390 3453 1497 3508 τῶν
1531 3456 1767 3524 ἀφαυρο-

198 3533 378 3594 τάτων
411 3532 623 3608 λογίὼν,
659 3539 737 3593 ἔτι
768 3538 1068 3612 σαθρότερα
1103 3540 1349 3611 ῥησείδια
1382 3540 1763 3612 ὑποτιθέμενα,

198 3630 287 3683 διὰ
315 3630 416 3701 τὴν
443 3631 678 3700 παντελῆ
732 3629 1003 3699 χαύνωσιν
1053 3632 1148 3684 καὶ
1191 3632 1496 3703 ἀδράνειαν,
1548 3631 1788 3699 εὕλογον.

201 3722 449 3794 παριδεῖν
477 3722 771 3792 ἐκρίναμεν
796 3737 810 3751 ’
838 3722 1051 3790 φύσεως
1092 3722 1189 3792 μὲν
1220 3722 1328 3793 γὰρ
1364 3722 1439 3793 τῷ
1475 3725 1588 3775 ὄντι
1610 3739 1768 3792 πονη-

205 3816 301 3882 ρᾶς
330 3815 426 3866 καὶ
467 3804 787 3877 πολυλάλου,
820 3814 1022 3885 μᾶλλον
1064 3813 1121 3867 δὲ
1156 3814 1395 3884 φλυάρου
1453 3814 1548 3867 καὶ
1598 3831 1765 3882 γραο-

201 3900 447 3971 πρεποῦς
501 3901 794 3972 ἐτύγχανεν
818 3918 831 3931 ·
879 3900 962 3955 ἑτι
996 3902 1053 3955 δὲ
1078 3905 1178 3956 ’καλ⁹
1205 3902 1387 3972 δειλῆς
1408 3901 1520 3956 ’καὶ
1548 3903 1764 3972 ὀργίλου

202 3995 295 4045 καὶ
324 3990 557 4046 ὑπούλου
587 3992 679 4046 καὶ
705 3986 712 3991 ’
735 3994 1177 4065 μεγαλορήμονος
1201 4010 1215 4025 ·
1264 3994 1357 4047 καὶ
1388 3995 1487 4047 οὐκ
1534 3991 1630 4048 οἷδ’
1656 3996 1684 4048 ὃ
1711 4013 1763 4048 τι

201 4084 374 4135 κακὸν
423 4084 637 4137 ἐνέλιπε
685 4084 764 4153 τῷ
814 4084 1043 4156 διασόλῳ
1081 4086 1219 4157 ὅπερ
1252 4085 1399 4154 αύτῷ
1428 4085 1487 4137 ού
1521 4086 1757 4155 προσῆν·

96 4240 103 4245 υ
202 4172 366 4242 ὀρθῆς
393 4171 449 4225 δὲ
476 4173 706 4242 κρίσεως
744 4173 837 4226 καὶ
869 4172 1388 4242 διανοίας.εύστόχου
1422 4174 1764 4226 παντάπασιν

201 4264 427 4333 ἄμοιρος
450 4262 613 4316 αὐτοῦ
643 4264 671 4315 ὀ
700 4264 805 4326 πᾶς
825 4262 979 4330 λόγος
1003 4262 1259 4331 τυγχάνει
1285 4279 1299 4293 ·
1325 4263 1404 4315 διὸ
1436 4264 1597 4316 αὑτὸν
1623 4280 1762 4332 παρ-

1866 1813 2236 1886 Evangelium.
2264 1815 2332 1870 Et
2372 1811 2743 1871 Abrahamum
2774 1816 2996 1886 quidem
3041 1825 3208 1886 atque
3263 1817 3435 1887 legem

1868 1905 1917 1960 is
1951 1919 2058 1959 non
2081 1905 2240 1960 debet
2270 1919 2465 1975 augere
2492 1922 2507 1972 ;
2540 1906 2856 1961 necessarie
2879 1921 3008 1961 vero
3059 1907 3429 1975 Evangelium.

1869 1993 2187 2064 Spectemus
2242 1994 2446 2064 itaque,
2498 1995 2774 2065 quodnam
2808 1996 2875 2051 de
2922 1996 3122 2051 Christi
3162 1997 3433 2052 mandatis

1866 2085 2108 2150 auxerit;
2144 2100 2272 2140 num
2331 2086 2462 2140 illud
2496 2087 2562 2141 de
2606 2101 2714 2141 non
2758 2087 3124 2157 possidendo?
3180 2102 3309 2141 num
3367 2088 3437 2142 de

1868 2176 2177 2247 pudicitia?
2216 2193 2346 2231 num
2378 2178 2446 2232 de
2477 2177 2942 2233 mansuetudine?
2967 2177 3131 2244 Atqui
3162 2177 3303 2231 nihil
3328 2177 3432 2233 lto-

1867 2283 1990 2322 rum
2043 2253 2185 2338 apud
2225 2268 2598 2324 Mohamedem
2647 2268 3021 2339 conspicitur;
3075 2270 3186 2323 imo
3251 2268 3435 2323 omnia

1870 2362 1957 2417 his
1987 2362 2259 2416 contraria
2316 2361 2537 2431 scripsit
2566 2362 2804 2431 egitque.
2839 2360 3130 2431 Reliquum
3174 2374 3303 2429 ergo
3326 2369 3432 2425 est,
3462 2420 3474 2431 ,
3588 2421 3603 2434 _

1869 2459 1927 2507 ut
1957 2452 2261 2507 necessario
2297 2461 2550 2521 putemus
2581 2453 2717 2505 nihil
2761 2466 2791 2505 a
2824 2451 2935 2507 Deo
2967 2451 3071 2520 ipsi
3095 2452 3387 2505 revelatum
3413 2468 3428 2517 ;

1870 2540 1964 2595 sed
2004 2555 2176 2610 neque
2230 2541 2547 2596 hominibus
2583 2540 2885 2611 quidquam
2920 2549 3198 2614 testatum,
3255 2554 3436 2609 neque

1868 2645 2056 2685 verum
2096 2631 2490 2685 incrementum
2515 2631 2861 2686 credentibus
2890 2632 3306 2700 evangeliusse,
3336 2618 3433 2685 sed

1869 2721 2275 2775 decrementum
2313 2721 2497 2789 potius
2531 2730 2585 2775 et
2635 2721 3046 2777 subversionem
3097 2729 3259 2789 atque
3308 2719 3428 2773 exi-

1872 2795 2029 2867 tium.
2060 2812 2197 2865 Et-ce
2254 2810 2396 2865 enim
2432 2813 2651 2883 propria
2693 2814 2838 2868 illius
2869 2814 3033 2867 verba
3064 2828 3161 2867 ceu
3206 2791 3432 2883 gnme-

1873 2916 1996 2954 nem
2051 2903 2399 2971 regulamque
2447 2904 2643 2965 secuti,
2700 2903 2875 2974 ipsum
2928 2909 3028 2971 per
3082 2904 3437 2973 semetipsum

1872 2994 2225 3055 convicimus,
2256 2994 2458 3048 nullam
2486 3010 2515 3048 a
2546 2995 2655 3049 Deo
2712 2995 3096 3049 revelationem
3132 2997 3426 3064 accepisse.

1873 3084 2000 3148 Sed,
2033 3094 2091 3139 ut
2125 3085 2351 3153 ipsemet
2383 3086 2542 3151 dixit,
2576 3096 2692 3140 esto
2725 3088 2928 3155 utique,
2968 3087 3011 3141 si
3046 3087 3182 3150 vult,
3214 3102 3429 3155 magus,

1871 3177 1965 3232 sed
2025 3188 2171 3232 certe
2224 3177 2470 3231 divinum
2507 3173 2663 3231 'nihil
2702 3179 2927 3247 accepit.
2992 3178 3073 3231 Ab
3108 3178 3211 3231 hoc
3252 3178 3424 3247 gradu

1868 3269 2137 3334 deiectus,
2165 3270 2388 3323 ubinam
2420 3270 2492 3324 sit
2522 3269 2891 3338 reponendus,
2924 3276 3069 3337 patet
3096 3283 3110 3319 :
3155 3283 3432 3337 veraxque

1867 3359 1971 3415 erit
2011 3342 2116 3414 ille
2172 3361 2265 3429 qui
2321 3359 2500 3415 dixit:
2540 3358 2781 3413 Incident
2829 3362 2885 3413 in
2924 3360 3236 3412 retiaculum
3278 3374 3430 3412 suum

1867 3457 2162 3516 peccatores
2194 3450 2261 3500 ".
2322 3446 2418 3502 llis
2476 3447 2866 3502 inlirmissimis
2920 3447 3039 3516 ejus
3087 3448 3430 3502 sermonibus

1867 3540 2217 3595 marcidiorcs
2273 3538 2451 3593 adhuc
2504 3529 2863 3593 dictiunculas
2930 3539 2999 3593 ab
3073 3554 3137 3592 eo
3198 3537 3429 3607 subjun-

1867 3642 1999 3694 Ctas,
2036 3641 2252 3700 propter
2296 3629 2609 3683 futilitatem
2658 3630 2896 3699 ipsarum
2953 3636 3007 3683 et
3054 3629 3427 3692 inutilitatem,

1866 3722 2060 3775 merito
2140 3736 2171 3774 a
2239 3736 2325 3775 me
2391 3722 2714 3776 omittendas
2779 3719 3039 3789 iudicavi.
3103 3718 3228 3772 Fuit
3284 3720 3428 3772 enim

1866 3811 2207 3868 Mohamedes
2254 3812 2433 3867 indole
2481 3828 2665 3882 prava,
2714 3812 2964 3879 loquace,
3017 3809 3097 3863 vel
3132 3808 3307 3878 potius
3335 3825 3427 3862 vc-

1866 3902 2100 3957 tularum
2162 3918 2313 3970 more
2361 3918 2590 3973 nugace;
2640 3900 2989 3956 formidolosa
3038 3903 3278 3969 insuper,
3318 3899 3427 3953 ira-

1865 3993 2062 4055 cunda,
2145 3991 2424 4061 suspicace
2496 3999 2550 4045 et
2654 3999 2939 4059 arrogante
2990 4007 3003 4041 :
3054 3997 3215 4056 atque
3278 3990 3422 4042 haud

1865 4083 1979 4137 scio
2006 4097 2074 4135 an
2133 4084 2260 4151 quid
2306 4082 2455 4149 pravi
2494 4080 2712 4134 diabolo
2742 4080 2895 4143 resit,
2940 4094 3047 4147 quo
3080 4078 3423 4144 Mohamedcs

1863 4172 2115 4226 caruerit.
2178 4173 2347 4226 Recto
2407 4179 2584 4224 autem
2628 4168 2832 4237 judicio
2897 4183 2959 4221 ac
3018 4167 3425 4222 solertimente

1867 4262 2044 4317 omnis
2071 4261 2187 4331 ejus
2225 4243 2658 4329 se’rmo'prorsus
2686 4266 2769 4313 est
2812 4272 3021 4326 expers.
3059 4256 3423 4321 Quamobrem

203 4356 408 4423 ήσομεν
461 4355 517 4407 ὲν
534 4353 749 4417 ,τούτοις
779 4352 1167 4426 ἀδολεσχοῦντα
1192 4352 1492 4408 καταλῦσαι
1519 4353 1607 4407 τὸν
1632 4354 1766 4425 φλή-

1872 4350 2045 4419 ipsum
2086 4351 2329 4405 sinemus
2360 4364 2479 4403 cum
2511 4348 2595 4403 his
2621 4345 3175 4418 jocularibusjabuiae
3196 4360 3306 4401 sua:
3330 4361 3423 4401 co-

204 4462 396 4514 vatpov.

370 4522 377 4526 ’
731 4533 1162 4588 ΕΔΕΓΚΤΙΚΟΣ
1198 4534 1255 4589 ι’.

274 4624 385 4691 es“.
423 4625 481 4677 '0
503 4624 726 4687 δέκατος
756 4624 922 4693 μῦθος
947 4622 1023 4693 τῷ
1051 4624 1316 4694 Μωάμετ,
1355 4626 1546 4695 Λόγος
1584 4626 1763 4693 Χοῦδ,

207 4714 608 4783 ἐπιγέγραπται
633 4713 730 4783 (6),
767 4714 861 4765 καὶ
888 4713 948 4765 τὸ
969 4713 1257 4784 ,προοίμιον
1287 4716 1606 4785 καυχήσεως
1664 4735 1759 4769 πε-

207 4806 487 4875 πλήρωται
520 4802 753 4872 κομψῆς,
807 4803 907 4868 ὅτι,
951 4803 1135 4873 φησιν,
1204 4802 1306 4855 ὑπὸ
1364 4803 1526 4872 σοφοῦ
1571 4805 1761 4875 ἀνδρὸς

207 4892 465 4961 ὲσοφίσθη
489 4891 580 4944 καλ
601 4890 819 4961 ἑστίχθη
845 4891 939 4944 καὶ
966 4891 1206 4961 διεκρίθη
1242 4907 1254 4921 °
1282 4893 1417 4954 τέως
1454 4893 1635 4962 μέντοι
1663 4895 1759 4961 τῆς

208 5000 279 5033 πα
287 4982 358 5052 ρὰ
369 4978 665 5049 ἀνθρώπων
682 4978 927 5047 γνώσεως
944 4980 1128 5049 ἐπιδεῆ
1143 4980 1392 5049 ὁμολογεῖ
1406 4982 1503 5051 τὴν
1518 4981 1609 5033 τοῦ
1626 4982 1760 5035 Θεοῦ

209 5073 372 5125 αὑτοῦ
403 5071 628 5140 Γραφήν
661 5086 673 5099 ·
704 5072 929 5139 ἄρχεται
959 5069 1015 5123 δὲ
1052 5069 1210 5123 πάλιν
1228 5071 1620 5141 καταπλήττειν
1641 5074 1763 5135 τοὺς

211 5159 548 5229 βαρϐάρους,
581 5160 663 5210 ὅτι
694 5157 757 5226 δὴ
778 5156 911 5210 Θεοῦ
943 5160 1079 5211 εἰσιν
1110 5160 1420 5227 νομοθεσίαι
1448 5161 1516 5214 τὰ
1544 5160 1763 5213 τοιαῦτα

210 5250 433 5318 παίγνια
452 5264 465 5277 '
498 5249 591 5301 καὶ
617 5249 908 5317 καταφοϐεἰ
928 5250 1139 5315 αὐτοὺς,
1160 5251 1207 5302 εί
1235 5249 1309 5321 μὴ
1340 5251 1621 5317 πείθοιντο,
1656 5253 1761 5304 ἀπό

278 5423 328 5457 ’⁸
354 5422 527 5479 Exod.
561 5439 649 5489 xx,
684 5422 765 5478 ιδ.
841 5424 885 5453 ἰ
926 5422 1112 5479 Matth.
1145 5439 1195 5490 ν,
1227 5423 1315 5477 22.

285 5599 361 5668 (6)
383 5598 511 5654 Sur'.
539 5597 631 5664 ιιι,
652 5568 719 5665 ἐ,
750 5600 801 5667 ι,
832 5599 920 5667 ao,
941 5598 1029 5666 to,
1068 5599 1156 5664 42,
1187 5597 1273 5655 49.

1867 4440 2112 4495 ronidem
2144 4440 2445 4509 imponere.

2370 4526 2807 4584 CONFUTATIO
2846 4525 2915 4579 X.

1935 4621 2023 4675 66.
2055 4622 2269 4676 Decima
2299 4636 2329 4676 a
2356 4619 2671 4674 Mohamede
2692 4618 2872 4671 fabula
2902 4618 3211 4672 inscribitur
3237 4617 3419 4671 Sermo

1864 4714 2049 4768 Claudi.
2083 4714 2409 4768 Procemium
2436 4712 2647 4783 egregia
2669 4710 2989 4780 gloriatione
3008 4710 3268 4773 abundat,
3293 4709 3419 4777 quia

1865 4805 1993 4858 dicit
2032 4804 2173 4859 hunc
2204 4818 2508 4859 sermonem
2543 4819 2573 4857 a
2606 4803 2846 4871 sapiente
2875 4801 2989 4853 viro
3022 4802 3294 4869 sapienter
3312 4800 3423 4850 ela-

1868 4896 2140 4961 boratum,
2177 4894 2608 4964 dispositumque
2636 4892 2874 4961 periodis
2900 4893 3307 4947 etdistinctum.
3343 4889 3420 4940 ln-

1868 4989 2023 5040 terim
2079 5002 2208 5041 sane
2236 4987 2470 5039 humana
2499 4985 2691 5054 peritia
2724 4993 2966 5055 egentem
3010 4984 3294 5036 conlitctur
3325 4980 3415 5029 Dei

1871 5076 2041 5143 ipsius
2096 5075 2452 5144 Scripturam.
2502 5073 2710 5127 Rursus
2752 5084 2928 5127 autem
2968 5072 3152 5137 incipit
3182 5070 3417 5119 timorem

1869 5163 2115 5218 barbaris
2169 5165 2432 5228 incutere,
2474 5164 2615 5231 quod
2674 5163 2766 5216 Dei
2812 5164 2953 5231 leges
3010 5161 3133 5221 sint,
3176 5158 3284 5207 lucc
3320 5169 3413 5203 sua

1881 5253 2088 5309 ludicra
2122 5273 2139 5310 :
2177 5255 2491 5321 territatque
2521 5254 2665 5322 illos,
2716 5254 2824 5309 nisi
2856 5248 3206 5312 crediderint,
3236 5244 3415 5298 future.

1497 5428 1540 5458 "
1562 5426 1703 5483 Psal.
1736 5441 1855 5494 (ιιι,
1891 5425 1976 5481 10.
