3926 6308
541 308 744 392 755'

1670 393 1674 398 ,
1748 274 2053 379 ’ΝΙΟΕΜ
2083 318 2486 382 BYZANTINI

3642 335 3757 398 7.36

539 419 839 506 punitione,
859 434 987 490 etiis
1008 447 1124 502 quae
1140 441 1333 502 praeter
1351 419 1802 500 exspectationem
1829 433 2077 488 accidunt

2182 451 2239 487 τε
2267 435 2363 503 τῆς
2395 404 2691 506 μελλούσης
2724 437 3012 506 κολάσεως,
3050 404 3238 497 άπὸτε
3264 446 3372 498 τῶν
3421 448 3754 518 συμϐαινόν-

540 527 787 580 humanae
820 524 942 579 vita:
970 523 1257 577 molestiis.
1282 520 1412 574 Nam
1443 520 1488 574 si
1517 518 1670 589 quid,
1704 520 1898 590 inquit,
1925 521 2081 575 vobis

536 620 748 674 eveniet
797 625 937 671 terra
969 617 1195 680 marive,
1219 615 1267 668 id
1301 612 1485 681 utique
1510 620 1728 682 propter
1760 614 2078 684 vestramin

536 709 625 765 his
669 710 1094 764 incredulitatem
1154 705 1453 774 patiemini.
1500 704 1835 772 Adducitque
1891 687 2078 756 testem

537 799 856 867 prophetam
887 799 1228 867 legatumque
1256 793 1387 859 Noe,
1415 794 1500 850 cui
1550 810 1673 849 cum
1699 809 1890 848 omnes
1921 793 2095 846 (idem.

535 889 881 958 denegarem,
915 901 1106 956 omnes
1156 885 1427 954 perierunt
1459 902 1471 938 :
1501 893 1553 938 et
1580 885 1718 954 quod
1746 900 1886 939 unus
1937 883 2080 938 illio-

535 993 656 1032 rum
691 980 808 1046 ejus
857 977 1191 1041 incredulus,
1224 976 1380 1044 aquis
1406 974 1695 1029 suﬂocatus
1735 975 1913 1037 fuerit,
1950 987 2080 1028 sene

536 1075 812 1135 spectante
875 1085 888 1120 :
947 1075 998 1120 et
1057 1068 1200 1134 quod
1259 1081 1324 1118 ex
1385 1077 1709 1133 unaquaque
1767 1062 2075 1116 animalium

538 1160 717 1227 specie
772 1158 911 1211 haud
945 1169 1150 1228 septem
1205 1173 1267 1212 ac
1295 1157 1404 1211 duo
1433 1157 1606 1224 paria,
1632 1155 1723 1210 sed
1757 1168 1923 1208 unum
1953 1163 2076 1206 tan-

534 1251 813 1304 tummodo
862 1264 962 1318 par
1007 1263 1187 1304 secum
1221 1247 1490 1302 detulerit.
1518 1246 1784 1314 Additque
1822 1254 2077 1313 tanquam

534 1341 716 1410 aliquo
761 1342 809 1395 ei
845 1342 1116 1410 aspirante
1144 1358 1158 1395 :
1191 1339 1314 1395 Haec
1343 1357 1408 1395 ex
1473 1328 1714 1394 historiis
1744 1345 2077 1390 remotorum

534 1432 626 1486 tibi
659 1443 785 1486 nota
820 1432 1073 1496 facimus,
1105 1448 1224 1500 quae
1273 1442 1325 1486 tu
1363 1432 1671 1502 ignorabas,
1735 1429 2076 1499 populusque

532 1533 657 1577 tuus
684 1533 804 1578 ante
833 1525 939 1580 hoc
966 1533 1198 1594 tempus.
1258 1524 1395 1579 Ecce
1431 1532 1608 1578 autem
1645 1523 1760 1593 ipse
1781 1521 2075 1576 Mosaicam

532 1613 866 1685 Scripturam
924 1631 981 1670 se
1013 1631 1119 1670 non
1156 1615 1351 1686 legisse
1376 1614 1695 1680 conﬁtetur;
1729 1613 2076 1685 quandoqui-

446 1723 450 1727 ·
526 1707 648 1759 dem
683 1708 827 1763 illam,
858 1701 1008 1762 haud
1024 1719 1169 1763 recte
1199 1709 1410 1774 recitat,
1433 1707 1525 1763 sed
1557 1722 1809 1777 perverse
1832 1707 2073 1773 omnino,

2181 542 2288 577 των
2317 526 2463 597 παρὰ
2489 528 2814 596 προσδοκίαν
2847 530 3087 602 ἀνιαρῶν
3135 537 3246 599 τοῖς
3298 537 3610 609 ἀνθρώποις
3638 558 3652 572 ·
3697 543 3760 596 εῐ

2180 632 2230 667 τι
2254 616 2299 668 δ’
2328 617 2392 669 ἂν
2420 618 2548 687 γὰρ,
2582 619 2735 688 φησὶ,
2780 622 3048 696 συμϐαίνῃ
3083 625 3232 694 ύμῖν,
3266 628 3322 681 εί
3344 647 3402 682 τε
3427 632 3487 683 ἐν
3513 635 3584 701 γῇ
3632 634 3748 686 εἴτε

2181 706 2238 756 ἐν
2274 706 2536 779 θαλάσσῃ,
2566 708 2652 762 διὰ
2678 711 2775 781 τὴν
2806 713 2931 782 περὶ⁵
2962 711 3133 769 ταῦτα
3161 718 3704 774 άπιστίανπείσεσθε
3731 736 3775 753 ’·

2175 799 2278 850 καὶ
2303 801 2536 868 παράγει
2564 803 2643 864 είς
2669 807 2973 874 μαρτυρίαν
2999 809 3282 880 προφήτην
3304 812 3398 864 καὶ
3441 813 3751 869 ἀπόστολον

2180 892 2439 957 γεγονότα
2465 892 2557 972 τὸν
2593 893 2714 946 Νῶε
2739 912 2751 925 ’
2787 897 2900 968 καὶ.
2931 898 3011 951 ὅτι
3063 901 3280 954 πάντων
3324 905 3748 977 ἀρνησαμένων,

2179 981 2230 1032 οἱ
2257 982 2452 1046 πάντες
2474 984 2750 1039 ἀπώλοντο
2781 1004 2795 1018 ·
2820 990 2914 1042 καὶ
2943 991 3024 1044 ὅτι
3050 987 3130 1056 εἷς
3162 994 3271 1049 τῶν
3301 995 3461 1050 αὑτοῦ
3493 998 3630 1049 υἱῶν
3667 999 3747 1069 μὴ

2181 1072 2474 1138 πιστεύσας
2499 1076 2770 1148 ἀπεπνίγη
2794 1080 3022 1150 ὁρῶντος
3042 1083 3134 1137 τοῦ
3163 1071 3418 1156 γέροντος
3447 1105 3460 1118 °
3499 1090 3595 1143 καὶ
3658 1090 3747 1143 ¹ὅτι

2179 1163 2237 1228 ἐξ
2283 1164 2513 1218 ἑκάστου
2552 1162 2724 1231 εἴδους
2781 1171 2952 1237 ζώων,
3001 1174 3094 1244 οὐχ
3124 1176 3260 1230 ἐπτὰ
3290 1179 3381 1230 καὶ
3421 1177 3516 1231 δύο
3543 1178 3748 1248 ζυγὰς,

2179 1252 2295 1305 ἀλλ’
2328 1253 2431 1306 ἀνὰ
2461 1256 2588 1324 μίαν
2629 1257 2795 1326 μόνην
2839 1261 3006 1332 ζυγὴν
3028 1265 3146 1332 μετ’
3167 1261 3332 1318 αὑτοῦ
3369 1266 3528 1319 ἔλαϐε
3559 1283 3577 1299 ·
3648 1267 3749 1320 xci.

2180 1342 2532 1414 προστίθησιν
2561 1347 2636 1410 ὠς
2661 1350 2723 1401 ἐκ
2752 1350 2844 1402 τοῦ
2878 1339 3015 1423 πρδς
3061 1355 3223 1408 αὐτὸν
3267 1356 3425 1427 δῆθεν
3477 1358 3751 1426 ἐμπνέον-

2177 1438 2288 1496 τος,
2317 1435 2397 1489 ὅτι
2438 1436 2532 1490 Ἕκ
2559 1439 2666 1492 τῶν
2696 1440 3006 1511 ἐξηγήσεων
3026 1444 3132 1502 τῶν
3152 1447 3395 1500 ἀπόντων
3427 1448 3749 1518 δηλοποιοῦ-

2181 1543 2282 1594 μεν
2309 1527 2480 1582 ταῦτα
2506 1530 2641 1600 πρὸς
2671 1533 2729 1584 σέ
2747 1548 2759 1562 ·
2787 1535 2885 1592 οὐκ
2914 1531 2982 1605 ἧς
3012 1536 3297 1602 γινώσκων
3325 1535 3463 1594 αὐτὰ
3499 1541 3562 1593 σύ
3599 1557 3615 1571 ’
3646 1540 3746 1613 οβ-

2178 1633 2238 1670 τε
2258 1620 2285 1670 ὁ
2308 1617 2434 1682 λαός
2465 1637 2555 1673 σου
2579 1623 2684 1693 πρὸ
2711 1624 2904 1681 τούτου
2921 1643 2934 1657 ο
2971 1628 3078 1680 ίδοὺ
3100 1628 3155 1682 δέ
3184 1630 3347 1693 αὐτὸς
3392 1631 3524 1702 περὶ
3571 1633 3746 1686 αὑτοῦ

2178 1709 2428 1779 ὁμολογεῖ
2483 1712 2564 1765 ὅτι
2612 1714 2708 1783 τὴν
2741 1716 3040 1788 Μωσαῖκὴν
3093 1721 3315 1791 Γραφήν
3351 1723 3452 1775 οὐκ
3503 1723 3744 1790 ἀνέγνω,

528 1805 582 1850 et
639 1800 742 1853 sibi
809 1801 1288 1855 contradicentem.
1350 1799 1488 1855 lliuc
1546 1808 1782 1862 constat,
1819 1815 1941 1854 eum
1982 1800 2073 1868 qui

2179 1799 2360 1868 ἐπειδὴ
2387 1799 2559 1869 αὐτὴν
2583 1803 2644 1855 ού
2673 1804 2936 1875 προφέρει
2962 1806 3156 1876 ὀρθῶς,
3193 1809 3329 1865 ἀλλὰ
3384 1809 3526 1863 πάνυ
3560 1809 3746 1862 ἐνδια-

528 1890 674 1944 illam
705 1891 985 1946 historiam
1019 1891 1259 1958 dictavit,
1282 1892 1421 1945 haud
1449 1906 1593 1946 nunc
1609 1906 1729 1945 cum
1761 1890 2077 1944 Moliamede

412 2044 415 2048 _
527 1981 699 2050 loqui.
755 1980 856 2036 Sed
917 1981 1033 2048 ejus
1079 1982 1257 2050 potius
1306 1982 1598 2052 Scriptum
1653 1980 1868 2037 falsatio
1899 1982 1979 2034 vel
2008 1981 2076 2034 ab

526 2071 742 2126 homine
793 2070 1086 2128 Manichaee
1134 2081 1270 2137 erat,
1306 2074 1385 2127 vel
1430 2089 1460 2128 a
1505 2074 1788 2144 gdaunbne;
1818 2072 1899 2127 vel
1963 2073 2094 2142 ipse.

526 2159 869 2215 Moliamedes
902 2161 1080 2216 dedita
1117 2177 1278 2231 opera
1333 2162 1642 2216 malitiosus
1671 2171 1773 2223 est,
1807 2161 1992 2216 volens
2017 2174 2078 2216 se
2099 2213 2113 2227 ,

418 2274 422 2279 η
527 2265 690 2317 supra
748 2250 982 2322 Moysem
1013 2253 1256 2306 evehere.
1283 2250 1844 2310 PrtetereaZalethum
1871 2250 2076 2304 inducit

524 2339 864 2407 prophetam,
924 2340 1092 2409 ignoti
1154 2341 1335 2410 populi
1364 2341 1717 2410 magistrum;
1765 2341 1992 2408 etquod
2031 2340 2075 2394 is

525 2428 600 2482 illi
642 2430 997 2495 mandaverit,
1028 2432 1321 2499 quominus
1346 2433 1556 2486 camelo
1585 2432 1798 2484 cuidam
1861 2429 2075 2486 feminae

525 2531 784 2575 nocerent
811 2521 864 2574 in
903 2522 1043 2591 agris
1070 2523 1308 2590 pascenti
1346 2531 1432 2577 :et
1461 2524 1601 2599 quod
1634 2522 1710 2589 illi
1743 2522 2072 2592 immorigeri

527 2610 672 2665 illam
741 2611 1060 2676 occiderint,
1123 2613 1350 2682 ideoque
1412 2612 1591 2672 traditi
1665 2613 1774 2668 sint
1854 2621 2073 2682 propter

526 2703 796 2757 camelum
824 2705 916 2757 irae
943 2704 1033 2758 Dei
1061 2703 1114 2757 in
1150 2703 1576 2758 habitationibus
1602 2703 1718 2758 suis
1775 2703 2070 2766 maledicti,

524 2793 619 2862 qui
665 2804 718 2865 et
749 2808 1015 2862 nusquam
1065 2794 1434 2864 apparuerint.
1492 2791 1756 2847 Terribile
1785 2807 1812 2846 a
1840 2792 2074 2847 barbaro

524 2883 824 2952 chniplum
853 2883 1054 2950 ubique
1082 2871 1434 2951 proponitur;
1467 2884 1559 2937 sed
1577 2891 1752 2937 tamen
1781 2883 1858 2936 rei
1876 2882 2074 2937 veritas

524 2970 672 3025 nulla
701 2981 942 3040 apparet.
979 2969 1238 3024 Memorat
1261 2971 1421 3024 etiam
1450 2971 1744 3025 Abrahami
1773 2971 1826 3024 in
1849 2971 2074 3025 meridie

527 3062 812 3125 visionem,
888 3061 1124 3128 itemque
1170 3059 1410 3124 Lotum;
1470 3068 1841 3114 verumtamen
1889 3059 2071 3113 omnia

430 3149 438 3157 ’
525 3153 822 3220 corrumpit
848 3161 1007 3220 atque
1030 3150 1328 3206 confundit.
1354 3149 1528 3205 Simul
1551 3161 1602 3206 et
1643 3151 1941 3206 immissam
1968 3149 2070 3205 So-

524 3244 701 3298 domis
733 3244 866 3297 iram
894 3245 1062 3311 ponit,
1089 3252 1143 3297 et
1170 3242 1425 3314 incogniti
1447 3240 1726 3311 cujusdam
1753 3241 1933 3309 Soaipi
1959 3241 2075 3294 Ma-

523 3331 738 3384 dianitm
770 3330 1095 3384 mentionem
1133 3329 1278 3393 facit,
1328 3333 1374 3384 si
1407 3330 1492 3383 hic
1527 3344 1766 3397 unquam
1801 3327 1941 3381 inter
1975 3328 2074 3382 bo-

523 3421 696 3474 mines
725 3420 842 3474 fuit.
859 3419 965 3476 Res
987 3435 1201 3489 quoque
1225 3417 1522 3474 Pharaonis
1547 3419 1782 3487 attingit,
1804 3420 2074 3487 nectitque

523 3512 591 3566 iis
607 3513 824 3574 stultam
842 3527 994 3568 suam
1018 3511 1475 3582 praedicationem,
1499 3510 1666 3579 seque
1687 3509 1793 3564 illis
1813 3509 2071 3578 aequalem

523 3602 678 3670 facit;
711 3606 776 3660 Et
807 3604 1188 3674 meos.‘inquit,
1210 3617 1486 3658 sermones
1502 3601 1787 3658 admittite.
1808 3601 1980 3670 Atque
2000 3602 2073 3656 ita

527 3695 874 3765 nugatorium
921 3696 1028 3749 hoc
1078 3693 1369 3762 Capitulum
1419 3692 1651 3748 claudit.
1683 3692 1904 3763 Oportet
1946 3709 2074 3749 vero

532 3798 796 3838 summam
823 3783 1037 3838 barbari
1086 3781 1512 3836 animadvertere
1563 3780 2073 3836 inconsiderantiam

526 3876 617 3944 qui
648 3883 756 3928 tam
782 3873 946 3927 libere
993 3886 1248 3943 personas
1293 3870 1830 3937 illustres'memorat,
1868 3882 2076 3928 contra-

525 3967 664 4020 rium
686 3974 860 4018 tamen
877 3964 980 4019 illis
994 3963 1429 4028 vitaainstitutum
1454 3971 1709 4017 sectatur.
1724 3963 1862 4033 Ergo
1872 3963 2074 4018 alteru—

527 4065 668 4109 trum
705 4063 922 4123 peccat;
956 4054 1035 4106 vel
1064 4053 1218 4120 enim;
1239 4069 1298 4108 se
1321 4052 1788 4122 praevaricatorem
1821 4040 1939 4107 esse
1966 4068 2074 4107 non

528 4144 913 4212 intelligit,-vel
949 4143 999 4197 id
1031 4157 1221 4197 omnes
1273 4143 1442 4196 latere
1487 4140 1764 4196 existimat
1796 4159 1810 4195 :
1842 4156 2072 4211 quorum

528 4235 749 4288 alterum
776 4248 1002 4287 summa:
1031 4231 1316 4286 dementia:
1343 4238 1447 4296 est,
1473 4231 1705 4286 alterum
1732 4234 1971 4287 vesania:
2024 4241 2077 4287 et

529 4322 892 4395 impudentiae.

1015 4496 1451 4552 CONFUTATIO
1473 4496 1584 4575 ⁵ιιι.

599 4591 687 4643 67.
732 4588 1030 4643 Undecima
1077 4604 1107 4642 a
1155 4587 1464 4642 Mobamede
1516 4587 1694 4643 fabula
1767 4587 2078 4642 inscribitur
2148 4614 2155 4620 ·

531 4681 760 4746 Ioseph;
786 4689 970 4733 narrat
1000 4689 1176 4734 autem
1215 4694 1300 4733 res
1322 4679 1498 4747 pudici
1530 4677 1750 4749 Josephi
1792 4681 1950 4734 modo
1971 4681 2073 4733 im-

534 4771 788 4840 perfecte,
831 4773 994 4823 modo
1024 4769 1370 4839 interpolatas
1412 4780 1465 4824 et
1518 4779 1788 4831 extensas,
1830 4769 2074 4838 quzedam

532 4863 692 4918 etiam
727 4859 948 4915 ridicula
982 4868 1036 4914 et
1088 4861 1282 4929 turpia,
1326 4879 1344 4911 ι
1379 4871 1431 4915 et
1485 4860 1627 4928 quod
1665 4859 1859 4912 Rachel
1890 4859 1952 4913 ad
1983 4875 2075 4928 pe-

533 4954 626 5009 des
655 4953 773 5021 ejus
822 4951 1170 5021 procubuerit
1240 4968 1362 5007 cum
1416 4952 1608 5005 lsraele
1639 4960 1788 5017 patre
1836 4951 1980 5005 illius
2021 4952 2073 5003 iu

530 5044 810 5113 Egyptoa
845 5041 1005 5108 Atqui
1036 5040 1240 5104 Moyses
1272 5043 1400 5095 dicit
1423 5043 1590 5107 ipsam
1612 5050 1991 5107 prmmortuam
2022 5042 2074 5093 in

533 5143 685 5203 partu
708 5131 1193 5201 Benjamini.‘Adeo
1227 5146 1435 5198 semper
1481 5129 1654 5183 studet
1699 5129 1934 5182 fallacem
1984 5132 2064 5184 de—

537 5232 835 5278 monstrare
859 5222 1033 5277 virum
1072 5225 1277 5278 visione
1307 5223 1397 5274 Dei
1431 5221 1685 5280 donatum
1726 5221 1736 5271 !
1770 5219 2072 5286 Additque:

542 5333 560 5364 ι
593 5318 763 5381 Atque
814 5315 928 5370 haec
981 5331 1044 5368 ex
1091 5315 1329 5367 historiis
1371 5311 1710 5378 antiquorum
1777 5310 1868 5362 tibi
1929 5328 2076 5364 reve-

538 5403 710 5455 Iamus
738 5402 980 5456 Arabicis
1011 5401 1223 5454 litteris.
1263 5419 1278 5449 ι
1337 5400 1496 5466 Atqui
1527 5399 1649 5451 alibi
1680 5396 1827 5458 dicit,
1863 5414 1920 5454 se
1960 5401 2074 5456 sine

537 5494 737 5560 scripto
769 5493 864 5546 has
897 5492 1123 5560 ineptias
1168 5503 1293 5542 suas
1321 5491 1602 5562 recepisse.
1633 5489 1724 5546 Est
1752 5499 1928 5546 autem
1958 5508 2073 5547 ver-

610 5667 828 5735 mst”.
869 5668 951 5732 χι,
981 5670 1065 5731 δι,
1106 5670 1191 5736 69,
1225 5669 1305 5732 70,
1350 5668 1412 5720 76
1442 5687 1553 5740 seq.
1590 5671 1675 5734 85,
1702 5670 1786 5722 98.

2180 1890 2423 1959 στρόφως
2452 1893 2545 1945 καὶ
2570 1893 2959 1965 ἀκαταλλήλως
3005 1896 3137 1966 πρὸς
3164 1899 3363 1968 ἑαυτήν
3395 1917 3411 1932 ο
3475 1900 3750 1969 πρόδηλον

2175 1979 2256 2032 ὅτι
2295 1981 2356 2033 οὐ
2385 1979 2479 2033 τοῦ
2501 1980 2970 2055 ὗπαγορεύσαντος
3002 1989 3172 2052 αὑτήν
3197 1990 3344 2043 ἐστιν
3382 1992 3413 2058 ἠ
3455 1990 3591 2061 πρὸς
3647 1991 3749 2044 αύ-

2177 2069 2266 2121 τὺν
2294 2071 2498 2143 ὁμιλία,
2524 2073 2619 2126 καὶ
2643 2076 2676 2144 ή
2703 2075 2800 2145 τῆς
2829 2077 3056 2150 Γραφῆς
3086 2079 3348 2146 νόθευσις,
3390 2080 3506 2134 ἀλλ’
3558 2080 3592 2151 ἢ
3632 2099 3754 2132 πα-.

2177 2161 2245 2228 ρὰ
2263 2160 2454 2231 ἀνδρὸς
2477 2163 2800 2234 Μανιχαίου,
2841 2166 2874 2236 ἢ
2900 2168 3050 2237 παρὰ
3070 2168 3339 2239 δαίμονος,
3390 2171 3424 2241 ἢ
3455 2172 3595 2240 τάχα
3643 2173 3746 2224 καὶ

2173 2251 2452 2321 ἐθελοντὴς
2480 2257 2793 2327 κακουργεῖ,
2845 2257 2984 2327 ὑπὲρ
3027 2259 3265 2312 Μωῦσέα
3306 2260 3499 2315 ἑαυτὸν
3531 2245 3743 2331 ἐπᾶραι

2175 2339 2362 2394 θέλων.
2386 2342 2495 2394 Καὶ
2524 2343 2656 2414 πρὸς
2688 2345 2897 2410 τούτοις
2927 2348 3015 2401 τὸν
3039 2348 3207 2402 Ζάλεθ
3250 2351 3550 2419 εἰσηγεῖται
3599 2368 3748 2421 προε

2175 2431 2352 2501 φήτην
2379 2433 2455 2502 (7)
2480 2433 2576 2488 καὶ
2602 2435 2917 2488 διδάσκαλον
2955 2437 3083 2489 λαοῦ
3133 2438 3412 2507 ἀγνώστου
3443 2457 3458 2472 ⁸
3505 2443 3603 2495 καὶ
3654 2443 3744 2496 δτι

2173 2521 2498 2576 διεστείλατο
2528 2524 2708 2587 αὐτοῖς
2732 2525 2823 2578 τοῦ
2849 2527 2922 2597 μὴ
2966 2527 3164 2597 βλάψαι
3194 2530 3437 2600 κάμηλόν
3474 2549 3596 2591 τινα
3649 2549 3740 2584 νε-

2178 2610 2417 2679 μομένην
2459 2606 2528 2664 ’ἐν
2571 2611 2798 2680 άγροῖς’
2855 2616 2947 2666 καὶ
2999 2616 3080 2668 ὃτι
3118 2619 3312 2670 ἐκεῖνοι
3364 2618 3740 2699 παραϐάντες,
3797 2638 3805 2643 “

2174 2700 2464 2768 ἐφόνευσαν
2492 2701 2678 2771 αὐτὴν,
2697 2705 2790 2756 καὶ
2816 2704 3246 2775 κατελείφθησαν
3302 2706 3391 2760 διὰ.
3421 2709 3520 2778 τὴν
3548 2708 3744 2779 κάμη-

2173 2790 2263 2844 λον
2287 2785 2345 2845 ἐν
2369 2791 2504 2862 ὀργῇ
2534 2792 2669 2845 Θεοῦ
2699 2795 2779 2857 είς
2825 2795 2923 2857 τὰς
2947 2794 3117 2859 αὐλὰς
3174 2796 3351 2851 αὐτῶν
3394 2797 3742 2870 ἐξαρὼμενοι

2171 2884 2244 2946 ὼς
2299 2884 2372 2954 μή
2436 2885 2695 2953 φανέντες
2723 2901 2738 2917 ο
2761 2886 3026 2957 ,φοϐερὸν
3076 2887 3137 2940 τὸ
3161 2886 3254 2941 τοῦ
3292 2889 3566 2961 βαρϐάρου
3600 2891 3741 2945 ὑπό-

2173 2975 2370 3044 δειγμα
2401 2976 2459 3027 ἐν
2484 2976 2637 3037 πᾶσι,
2699 2975 2838 3047 πλὴν
2884 2976 2945 3030 τὺ
3003 2977 3198 3045 ἀληθὲς
3240 2981 3534 3051 πεφηνέναι
3567 2997 3584 3012 ·
3642 2981 3740 3050 μέ-

2176 3081 2374 3135 μνηται
2405 3065 2461 3118 δέ
2479 3062 2573 3120 καὶ
2600 3067 2697 3136 τῆς
2719 3067 2846 3135 περὶ
2868 3066 2959 3119 τὸν
2999 3066 3248 3138 Ἀϐραὰμ
3297 3069 3438 3122 κατὰ
3490 3069 3593 3140 τήν
3637 3071 3741 3140 τῆς

2183 3155 2522 3226 μεσημϐρίας
2545 3155 2828 3219 ὀπτασίαν,
2857 3157 2950 3210 καὶ
2977 3157 3070 3217 τοῦ
3099 3157 3219 3211 Λώτ
3245 3173 3259 3187 ·
3290 3158 3385 3211 καὶ
3409 3157 3739 3229 παρασολοι-

2180 3241 2321 3309 κίζει
2383 3246 2558 3300 πάντα
2607 3246 2726 3299 ml“
2749 3229 2938 3315 συγχεῖ
2966 3263 2981 3277 ·
3039 3249 3188 3316 ὅμως
3236 3246 3334 3319 τήν
3375 3250 3470 3301 ἐπὶ
3523 3250 3730 3317 Σόδομα

2178 3337 2590 3408 κατενεχθεῖσαν
2619 3336 2788 3407 ὀργὴν
2819 3337 3034 3401 ἐξέθετο
3075 3355 3089 3369 ο
3123 3328 3372 3392 πάλιν”’δέ
3411 3337 3503 3398 τοῦ
3531 3338 3734 3408 ἀδήλου

2179 3425 2382 3494 Σωαὴπ
2425 3425 2696 3495 μέμνηται
2738 3425 2830 3477 τοῦ
2875 3425 3222 3486 Μαδιανίτου,
3266 3425 3346 3477 εῐ’
3373 3443 3456 3488 τις
3492 3426 3600 3495 ἄρα
3633 3428 3731 3478 καὶ

2180 3514 2440 3583 ἐγεγόνει,
2475 3515 2699 3570 καὶτῶν
2736 3515 2827 3568 ἐπὶ
2848 3513 3044 3586 Φαραώ
3067 3533 3082 3547 ·
3113 3517 3203 3568 καὶ
3231 3517 3601 3589 ἐπισυνάπτει,
3641 3518 3734 3570 καὶ

2178 3608 2276 3676 τὴν
2308 3605 2471 3660 αὐτοῦ
2506 3596 2996 3677 ’ματαιοκηρυξίαν,
3040 3609 3120 3660 ὅτι
3159 3607 3307 3670 Ἑνός
3344 3625 3486 3670 τινος
3515 3608 3724 3661 τούτων

2183 3694 2315 3760 ἴσον,
2353 3698 2442 3749 καὶ
2478 3697 2603 3756 τοὺς
2638 3697 2803 3765 ἐμοὺς
2830 3697 3212 3768 παραδέξασθε.
3239 3696 3426 3764 λόγους
3460 3714 3475 3728 ·
3533 3697 3629 3750 καὶ
3673 3699 3734 3749 ἐν

2177 3786 2387 3848 τούτοις
2414 3786 2504 3839 τὸν
2528 3785 2803 3856 φλήναφον
2833 3788 3127 3856 ὲπετέμετο
3155 3802 3169 3819 ο
3207 3788 3427 3840 σκοπεῖν
3455 3788 3511 3839 δὲ
3546 3787 3626 3839 δεῖ
3673 3787 3733 3840 τὸ

2179 3877 2270 3931 τοῦ
2303 3876 2575 3948 βαρϐάρου
2603 3877 2880 3946 ἀλόγιστον
2913 3879 2968 3932 ἐν
2987 3879 3101 3941 τοῖς
3117 3877 3374 3940 τοιούτοις
3399 3878 3563 3930 αὐτοῦ
3599 3879 3732 3931 ὑπο-

2179 3968 2486 4037 δείγμασιν,
2526 3962 2623 4021 δτι
2665 3967 2773 4020 τῶν
2804 3966 2900 4037 μὲν
2928 3965 3149 4032 ἐνδόξων
3210 3967 3513 4038 προσώπων
3562 3968 3732 4030 ἀδεῶς

2180 4059 2596 4128 ἐμνημόνευσεν,
2627 4058 2724 4129 τὴν
2755 4059 3002 4112 ἐναντίαν
3029 4059 3084 4111 δέ
3112 4059 3294 4121 αὐτοῖς
3347 4060 3728 4130 πορευόμενος,

2180 4151 2323 4202 δυοῖν
2350 4149 2574 4217 θάτερον
2610 4149 2843 4218 ἔπασχεν
2863 4165 2876 4179 ·
2911 4150 2944 4219 ἢ
2994 4150 3100 4219 γὰρ
3133 4149 3194 4202 ού
3227 4149 3395 4202 συνίει
3441 4149 3602 4201 τοῦτο
3630 4166 3727 4200 πε-

2183 4241 2409 4305 πονθὼς,
2444 4243 2477 4308 ἢ
2504 4239 2684 4293 λαθεῖν
2715 4241 2929 4301 πάντως
2951 4240 3195 4309 ἐνόμισεν
3229 4256 3242 4269 ·
3284 4238 3396 4292 ἐστι
3428 4239 3483 4291 δέ
3539 4240 3602 4291 τὸ
3633 4240 3728 4307 μὲν

2181 4328 2390 4400 πρῶτον
2436 4327 2619 4390 ἀνοίας
2667 4328 2873 4391 ἁπλῶς,
2932 4327 2992 4380 τὸ
3039 4328 3094 4380 δέ
3149 4328 3393 4394 δεύτερον
3434 4329 3728 4399 παρανοίας

2107 4445 2151 4501 D
2183 4420 2276 4473 καὶ
2307 4419 2705 4488 ἀναισχυντίας.
2964 4471 2972 4474 _

2657 4509 3087 4563 ΕΛΕΓΚΤῙΚΟΣ
3139 4508 3240 4564 IA'.
3345 4490 3354 4497 ⁷

2243 4597 2336 4664 ξς·
2383 4598 2439 4650 Ὀ
2488 4597 2765 4659 ἑνδέκατος
2809 4598 2974 4666 μῦθος
3024 4597 3101 4668 τῷ
3148 4597 3391 4667 Μωάμετ
3436 4598 3776 4667 ἐπιγέγρα-εκ

2174 4679 2302 4742 πται
2333 4689 2430 4756 μὲν
2457 4687 2679 4752 Είςτὸν
2715 4687 2946 4756 Ἰωσὴφ,
2979 4688 3241 4756 διηγεῖται
3283 4689 3339 4741 δὲ
3367 4688 3436 4741 τὰ
3465 4691 3591 4756 περὶ
3633 4689 3725 4741 τοῦ

2175 4776 2443 4844 σώφρονος
2477 4775 2693 4843 Ἰωσὴφ,
2727 4775 2800 4843 πῆ
2830 4776 2925 4843 μὲν
2959 4775 3173 4843 ἐλλιπῆ,
3227 4776 3304 4843 πῆ
3353 4777 3409 4829 δὲ
3451 4778 3729 4846 παρεμϐε-

2178 4865 2419 4934 ϐλημένα
2445 4866 2536 4917 καὶ
2548 4864 2877 4933 ἐκτεταμένα
2898 4865 3254 4933 καὶγελοιώδη
3282 4867 3374 4918 καὶ
3401 4869 3599 4935 αἰσχρά
3627 4868 3725 4935 (8)'

2187 4973 2204 5007 ι
2249 4957 2355 5008 Καὶ
2384 4955 2484 5019 ὃτι,
2517 4955 2698 5023 φησὶν,
2732 4956 2764 5024 ἠ
2806 4952 3004 5024 Ῥαχὴλ
3024 4955 3215 5008 ἔπεσεν
3251 4957 3330 5018 είς
3378 4957 3504 5018 τοὺς
3561 4958 3726 5020 πόδας

2182 5045 2342 5100 αὐτοῦ
2364 5047 2461 5098 σὺν
2503 5044 2713 5112 Ἰσραὴλ
2741 5044 2818 5112 τῷ
2863 5044 3025 5113 πατρὶ
3075 5044 3238 5097 αὐτοῦ
3287 5046 3342 5097 ἐν
3383 5045 3664 5113 Αἰγύπτῳ.
3698 5064 3717 5095 ι

2182 5137 2434 5202 Καίτοιγε
2484 5137 2510 5186 ὁ
2545 5136 2777 5205 Μωῦσῆς
2831 5136 3247 5204 προτελευτῆσαι
3300 5136 3464 5204 αὐτὴν
3492 5136 3641 5202 λέγει
3672 5137 3728 5187 ἐν

2178 5225 2256 5295 τῷ
2283 5225 2425 5292 τόκῳ
2449 5223 2702 5292 Βενιαμίν
2726 5239 2741 5254 °
2781 5223 2950 5284 οὕτως
2980 5222 3064 5274 ἀεὶ
3111 5222 3432 5290 ψευδόμενον
3488 5223 3726 5289 φιλονει-

2181 5317 2267 5366 κεῖ
2292 5313 2557 5365 δεικνύναι
2597 5315 2687 5365 τὸν
2743 5312 2972 5383 θεόπτην
3006 5330 3021 5343 ·
3064 5313 3157 5365 καὶ
3205 5311 3577 5380 προστίθησιν,
3643 5315 3723 5366 ὅτι

2177 5422 2193 5454 ι
2217 5403 2402 5455 Τοῦτο
2429 5403 2490 5452 ἐκ
2533 5401 2638 5452 τῶν
2680 5403 2983 5471 διηγήσεων
3016 5402 3120 5454 τῶν
3150 5403 3400 5454 ἀπόντων
3446 5403 3726 5456 ἀποκαλύο

2171 5510 2373 5560 πτομεν
2390 5491 2554 5542 ταῦτα
2593 5493 2727 5561 πρὸς
2759 5496 2815 5544 σὲ
2841 5492 2928 5543 διὰ
2973 5491 3273 5563 Ἀραϐικῶν
3303 5485 3670 5560 γραμμάτων
3701 5510 3724 5543 ι

2248 5671 2319 5737 (8)
2348 5670 2466 5723 Sur.
2510 5669 2623 5735 xu,
2664 5669 2780 5724 too.
