3926 6308
112 317 221 354 ιτςπ

120 339 230 382 10³

1271 336 1702 400 REFUTATIO
1737 342 2207 410 MOHAMEDIS.

3221 371 3335 437 765

111 431 235 484 όντι
299 433 574 505 κεφαλαίῳ
600 435 875 494 διαπίπτει
920 443 1083 498 αὐτοῦ
1116 447 1264 502 πᾶσα
1289 450 1470 516 ἐλπίς·
1502 472 1652 523 φανε.

120 521 233 552 nl...
256 521 352 552 --π
386 526 655 552 mnu-1-1-.-
713 532 812 552 -.ιλ
848 551 859 552 γ
885 533 925 552 n
989 535 1014 548 ο
1047 537 1058 552 ι
1185 539 1238 552 ο..
1498 546 1511 552 -
1565 547 1590 552 _
1626 546 1641 552 -

1768 455 1948 527 Moyse
1983 459 2117 517 ﬁlios
2160 462 2252 518 Dei
2297 466 2606 525 nominante
2629 511 2645 538 ,
2680 469 2981 531 Holiamedi
3008 480 3160 534 cordi
3189 497 3339 552 erat,

117 521 233 616 ρῶς
256 521 352 576 τοῦ
385 526 655 592 Μωῦσέως
712 532 860 596 υἱοὺς
884 533 1015 589 Θεοῦ
1036 537 1388 607 ὀνομάζοντος
1411 560 1426 576 ο
1453 521 1600 616 αύτῷ
1621 546 1676 600 δὲ

110 605 183 680 ἦν
210 615 247 681 ἡ
274 617 476 688 σπουδὴ
508 619 704 688 μηδένα
733 624 878 696 αὐτῷ
903 605 1294 701 παραχωρῆσαι
1323 648 1336 665 ·
1371 605 1465 687 οιαὶ
1491 605 1675 709 ὥσπερ

110 705 475 771 ὲνθουσιάσας
500 712 812 782 ἀνταμείὸει
841 719 966 782 τοὺς
994 724 1346 794 χαρακτῆρας
1373 728 1481 781 τῶν
1510 705 1676 800 προσ--

108 792 288 849 om.»
315 797 496 852 καὶτὰ
520 801 631 870 είδη
651 817 665 831 ⁸
701 805 795 857 καλ⁸
827 808 936 861 τῶν
994 792 1306 884 θυγατέρων
1337 817 1444 870 τῶν
1469 792 1674 891 ἀνθρὼ-

109 900 236 936 πων
271 887 597 945 ἀναπλάττει
620 892 837 962 θηλείας
861 899 1124 967 ἀγγέλους
1156 905 1296 958 κατὰ
1316 909 1408 960 τὸν
1439 887 1674 982 Ἕλληνα

112 974 292 1042 μῦθον
311 993 326 1007 ⁸

260 1067 361 1126 Ῑρις
385 1069 425 1116 δ’
447 1069 505 1117 αὖ
540 1069 702 1134 Ἑλένῃ
725 1073 997 1140 λευκωλένῳ
1029 1080 1223 1142 ἄγγελος
1250 1083 1412 1144 ἦλθεν·
1440 1087 1542 1150 (22)
1577 1153 1606 1171 κ

105 1387 237 1453 γίας
260 1389 358 1441 καὶ
382 1373 686 1460 δυσφημίας
729 1398 840 1453 τοῖς
885 1397 1088 1464 ἀθλίοις
1116 1373 1407 1477 βαρϐάροις
1455 1373 1668 1478 προικί·

141 1491 240 1529 ει.τ

141 1491 212 1529 ει.
238 1500 240 1502 ν

107 1475 138 1537 ζ
176 1565 271 1619 σε’.
318 1569 392 1622 Τὸ
429 1570 484 1623 δὲ
535 1573 747 1625 πάντων
794 1575 1163 1648 ἐλεεινότερον,
1217 1583 1299 1636 ὅτι
1354 1586 1502 1656 παρὰ
1531 1588 1665 1642 Θεοῦ

106 1659 266 1713 τοῦτο
303 1663 549 1730 γενέσθαι
583 1669 958 1734 καταγγέλλει.
988 1690 1006 1722 ι
1046 1673 1361 1739 Ἐπελέξατο
1396 1674 1501 1747 γὰρ
1536 1681 1663 1749 ὑμῖν

101 1754 130 1802 ὁ
151 1751 362 1821 Κύριος
387 1755 540 1824 ἡμῶν
569 1757 731 1810 τέκνα
749 1773 762 1787 ·
795 1760 887 1812 καὶ
906 1761 1196 1817 ἐπελάϐετο
1217 1767 1280 1818 ὲκ
1297 1765 1400 1819 τῶν
1422 1769 1652 1845 ἀγγέλωι

2491 1751 2500 1753 ι
2538 1751 2547 1754 -
2600 1751 2805 1773 γ-Ἶ--
2831 1751 2885 1760 -..

1765 1792 1947 1838 noster
1981 1786 2140 1848 filios,
2187 1790 2520 1859 sumpsitque
2557 1806 2623 1847 ex
2682 1797 2885 1866 angelis

101 1843 327 1911 θηλείας
349 1862 364 1878 ·
397 1846 553 1912 ὑμεῖς
580 1843 635 1900 δὲ
678 1847 862 1916 λέγετε
891 1851 1082 1920 λόγους
1135 1856 1420 1924 μεγάλους.
1451 1877 1468 1910 ι
1527 1843 1664 1926 Τοὺς

102 1935 232 2002 περὶ
259 1934 358 1988 τοῦ
385 1937 518 1989 Θεοῦ
549 1956 733 2009 φησιν,
766 1941 846 1994 ὅτι
869 1942 931 2009 δὴ
969 1944 1231 2014 φημίζετε
1265 1947 1340 2017 τῷ
1370 1950 1486 2020 Θεῷ
1516 1953 1663 2014 υἱοὺς

103 2021 266 2089 ἔχειν,
302 2025 395 2076 καὶ
414 2025 630 2089 τούτους
653 2031 1002 2100 πεποιηκέναι
1025 2034 1303 2104 γαμϐροὺς
1329 2039 1627 2110 ἀνθρώπων
1644 2058 1657 2072 ·

102 2110 307 2172 μᾶλλον
331 2112 432 2180 μὲν
453 2109 544 2165 οὖν
559 2114 822 2183 ἀγγέλους
847 2118 1062 2187 θηλείας
1087 2122 1300 2192 νύμφας
1328 2109 1522 2181 δέδωκε
1547 2133 1660 2194 τοῖς

103 2201 235 2262 υἱοῖς
265 2202 376 2253 τῶν
398 2203 493 2256 ἀνθ
503 2205 717 2274 ρώπων’
741 2208 815 2272 ὡς
833 2208 923 2260 ἐπὶ
943 2209 1217 2281 διορθώσει
1234 2216 1340 2267 τῶν
1355 2219 1658 2275 Μωσαῖκῶν

100 2289 325 2349 τοιαῦτα
383 2293 635 2358 φάσκωνο
679 2296 865 2349 τούτου
904 2299 1061 2368 χάριν
1105 2303 1162 2355 ὲν
1209 2304 1286 2374 τῷ
1333 2309 1437 2377 πρὸ
1469 2306 1656 2364 τούτου

106 2379 257 2451 μύθῳ
295 2380 582 2451 ἐξόμνυται
606 2387 685 2438 ὅτι
709 2389 763 2440 al
791 2375 997 2458 θήλειαι
1025 2391 1243 2460 ἄγγελοι
1263 2375 1503 2453 οὐκ-εἰσὶ
1524 2403 1655 2455 Θεοῦ

103 2471 430 2542 θυγατέρες·
474 2475 610 2545 πλὴν
639 2479 715 2530 ὅτι
747 2479 951 2549 θήλειαί
983 2486 1086 2537 είσι
1137 2489 1408 2555 κραταιῶς
1461 2491 1658 2559 ἀγωνί-

103 2557 248 2623 ζεται
273 2563 387 2631 (25)
414 2582 426 2595 ”
449 2565 561 2618 ἀλλ’
589 2568 641 2620 οῖ
644 2586 732 2636 μοι
755 2570 831 2639 τῷ
865 2574 1298 2646 άμαρτωλοτέρῳ
1326 2557 1658 2650 πάσης-σαρ-

103 2652 192 2713 κός
216 2654 243 2728 ί.
265 2653 349 2706 ὅτι
381 2656 754 2727 ἀναγκάζομαι
781 2660 946 2716 θέλων
978 2666 1192 2732 ἐλέγξαι
1226 2669 1316 2720 τὸν
1348 2669 1539 2740 ἐχθρὸν
1560 2671 1655 2723 τοῦ

102 2743 264 2808 Θεοῦ,
296 2745 467 2800 ταῦτα
501 2749 593 2800 καὶ
623 2749 688 2802 τὰ
725 2752 949 2807 τοιαῦτα
997 2755 1204 2807 λαλεῖν·
1234 2758 1302 2809 τί·
1333 2759 1424 2811 οὖν
1469 2760 1656 2813 λοιπὸν

104 2833 234 2903 πρὸς
257 2833 432 2888 ταῦτα
485 2837 697 2906 ἐροῦσιν
725 2841 774 2893 οί
803 2842 1111 2910 ἀρνησίθεοι
1164 2837 1496 2916 Σαραιιιηνοίς
1546 2846 1654 2921 ἄρα

105 2923 529 2995 φιλονεικήσουσι
557 2929 692 2998 μετὰ
717 2930 906 2997 ταῦτα,
922 2934 1150 3004 θεόπτην
1172 2937 1412 3006 Μωάμετ
1435 2941 1616 2992 καλεῖν
1636 2957 1651 3006 ;

105 3013 134 3084 ἢ
165 3016 366 3083 μᾶλλον
411 3019 657 3070 ὲπαοιδὸν
706 3021 801 3074 καὶ
829 3022 1000 3094 γόητα
1029 3027 1121 3077 καὶ
1177 3027 1461 3082 ἀπατεῶνα
1497 3031 1655 3083 αὑτὸν

106 3113 377 3179 πεφηνότα
395 3112 751 3180 διαπτύουσι;
787 3113 1180 3186 βαττολογήσας
1227 3117 1280 3169 δὲ
1312 3120 1404 3178 καὶ
1449 3121 1648 3190 δυσφη-

2138 3108 2167 3124 υ
2291 3108 2300 3110 -
2330 3108 2426 3114 ___-
2599 3108 2773 3126 πη---
2807 3108 2862 3116 --
2887 3108 3168 3120 ..._....-.,.-
3199 3108 3282 3134 ,,...

1756 3160 1882 3198 num
1916 3147 2219 3202 convictum
2255 3150 2556 3218 despuent?
2579 3151 2855 3207 Blaterans
2885 3163 3097 3216 autem,
3131 3164 3185 3208 ct
3224 3155 3327 3211 liis‘

109 3201 274 3265 μήσας
301 3200 512 3263 τούτοις
537 3203 692 3271 ὅμοια
722 3204 961 3269 πλείονα,
986 3205 1171 3276 ὥσπερ
1200 3208 1295 3279 ἥδη
1331 3212 1519 3277 σαφεῖς
1557 3210 1649 3263 καὶ

105 3290 518 3360 ἁναντιρρήτους
541 3293 603 3344 ὲκ
651 3295 853 3348 τούτων
893 3294 989 3359 τὰς
1021 3298 1320 3364 ἀποδείξεις
1346 3300 1650 3369 ποιησάμε-

106 3394 187 3441 νος
209 3379 401 3446 ὲπάγει
423 3397 436 3411 ο
474 3401 491 3431 ι
525 3382 630 3433 Καὶ
652 3383 796 3436 είπέσ
843 3384 1160 3455 Εὐχαριστῶ
1207 3389 1284 3455 τῷ
1309 3388 1426 3458 Θεῷ
1468 3389 1543 3457 τῷ
1576 3389 1648 3460 μὴ

104 3467 402 3522 ἑπιλαὸόντι
429 3470 564 3524 υἱόν.
589 3491 606 3522 ι
643 3473 752 3525 Καὶ
778 3475 834 3527 ὲν
853 3476 1058 3539 τούτοις
1091 3476 1164 3546 τῷ
1192 3477 1450 3548 φληνάφῳ
1475 3481 1648 3546 πέρας

104 3555 325 3624 τίθησιν.
439 3590 448 3601 -
1148 3563 1152 3567 Δ

591 3649 1026 3705 ΕΛΕΓΚΤῙΚΟΣ
1072 3651 1164 3706 IZ'.

164 3736 270 3800 oc'.
299 3735 854 3795 Τδέπτακαιόἐκατον
890 3743 1144 3812 μυθάριον
1170 3743 1276 3814 (24)
1313 3745 1387 3816 τῷ
1403 3746 1647 3818 Μωὰμετ

105 3825 498 3898 ἐπιγέγραπται
555 3826 673 3898 μὲν,
711 3833 811 3895 Εἰς
863 3831 1004 3897 τοὺς
1042 3833 1309 3901 ἑταίρους
1358 3837 1460 3890 τοῦ
1493 3855 1648 3906 σπη-

104 3917 290 3980 λαίου,
318 3921 608 3988 ὰφηγεῖται
654 3920 711 3972 δὲ
759 3919 858 3990 ’τὴν
912 3913 1019 3973 τῶν
1048 3923 1217 3988 ἁγίων
1255 3924 1395 3977 ἑπτὰ
1439 3918 1645 3979 παίδων

103 4006 201 4062 τῶν
232 4008 290 4061 ἐν
325 4009 532 4078 Ἐφέσῳ
559 4010 696 4063 κατὰ
720 4010 780 4063 τδ
810 4010 1064 4082 σπήλαιον
1091 4013 1283 4084 φυγὴν,
1309 4015 1511 4068 καὶτὸν
1547 4016 1641 4069 θά-

106 4112 271 4163 νατον,
302 4097 398 4152 καὶ
425 4099 523 4169 τὴν
549 4098 839 4152 ἀνάστασιν
858 4116 872 4129 ο
905 4100 1108 4153 τούτων
1138 4102 1192 4155 δὲ
1241 4104 1644 4174 ἐμνημόνευσεν

106 4188 130 4237 ὁ
159 4185 364 4260 ἰδιώτης
385 4189 479 4241 καὶ
517 4188 784 4260 βάρϐαρος
829 4191 970 4244 κατὰ
992 4192 1223 4264 τρύπους
1258 4194 1370 4259 δύο,
1405 4195 1500 4249 ἕνα
1545 4197 1642 4266 μὲν

104 4277 187 4328 τοῦ
208 4277 349 4344 δόξαι
377 4280 599 4348 γραφῶν
626 4281 832 4335 πολλῶν
862 4282 1120 4352 ἔμπειρος
1174 4280 1334 4352 εἶναι,
1366 4289 1549 4359 ἕτερον
1586 4291 1644 4343 δὲ

104 4366 187 4419 τοῦ
215 4371 527 4440 σφετερίσαι
556 4374 635 4434 είς
661 4371 719 4424 τὸ
750 4371 939 4426 ἑαυτοῦ
968 4362 1143 4444 δὸγμα
1191 4377 1252 4430 τὸ
1301 4381 1420 4432 κατ’
1445 4381 1640 4444 αὐτοὺς

105 4457 303 4528 θαῦμαο
337 4463 521 4538 ἐπειδὴ
561 4463 617 4515 δὲ
662 4464 844 4533 σαφῶς
888 4450 1001 4536 ᾔδει
1045 4468 1403 4538 Χριστιανοὺς
1444 4473 1639 4536 αὐτοὺς

105 4546 247 4611 ὄντας
270 4551 364 4604 καὶ
397 4536 732 4621 σωζομένους
768 4555 1055 4625 ἀκεραίους
1083 4536 1218 4626 μετὰ
1243 4558 1485 4627 θάνατον,
1508 4564 1641 4616 ἐτῶν

107 4637 347 4694 πλειόνων
400 4646 829 4712 προσεποιήσατο
885 4646 1104 4714 ἄγνοιαν
1155 4650 1441 4721 ἐπαινετὴν
1468 4669 1481 4683 ο
1545 4654 1640 4708 καὶ

107 4732 557 4802 σχηματισάμενος
599 4736 875 4790 ἀκίνδυνον
928 4739 1191 4808 ὑπόληψιν
1226 4744 1351 4812 περὶ
1400 4744 1533 4798 Θεοῦ
1559 4749 1638 4799 ὃτι

104 4821 244 4884 αὐτὸς
265 4819 404 4877 οἶδεν
429 4826 526 4878 ὅσα
559 4829 722 4890 ποιεῖ,
754 4830 844 4882 καὶ
868 4829 983 4892 πῶς
1007 4832 1143 4882 αὐτὰ
1167 4837 1327 4900 ποιεῖ,
1354 4836 1638 4904 ἐκφεύγειν

104 4912 255 4966 οἴεται
281 4915 378 4985 τὴν
409 4917 515 4969 τῶν
563 4919 768 4971 πολλῶν
800 4921 1134 4990 πραγμάτων
1164 4923 1405 4992 ἔρευναν,
1433 4928 1496 4996 ἣν
1521 4929 1639 4980 οὐδὲ

105 5005 254 5058 θέλων
280 5009 540 5076 ἐγίνωσκε
562 5025 576 5039 ο
616 5011 755 5079 πλὴν
813 5013 993 5078 μέντοι
1025 5013 1132 5066 οὐδ’
1165 5014 1358 5078 αὐτοὺς
1394 5017 1636 5086 παρῆλθε

104 5094 209 5162 δίχα
228 5097 418 5166 ψόγουσ
449 5102 580 5169 φησὶ
601 5101 734 5171 γάρ’
771 5121 790 5154 ι
828 5104 1082 5172 Νομίζεις
1114 5107 1304 5168 αὐτοὺς
1335 5109 1634 5180 ὲγρηγορόυ

104 5201 206 5246 τας.
234 5189 322 5242 καὶ
345 5190 498 5242 αὐτοὶ
527 5192 821 5261 κοιμῶνται
849 5210 862 5224 ·
894 5195 1251 5267 ἀναστρέφεις
1294 5201 1488 5262 αὐτοὺς
1544 5201 1636 5252 ἐπὶ
1661 5242 1679 5247 -

103 5275 255 5341 δεξιὸν
283 5283 374 5335 καὶ
403 5283 494 5335 ἐπὶ
538 5284 596 5336 τὸ
627 5286 930 5355 ἀριστερὸν,
974 5290 1069 5341 καὶ
1099 5291 1156 5343 τὸ
1185 5292 1366 5345 σκυλὶν
1404 5293 1513 5364 (25)
1543 5293 1635 5345 αὐ-

292 5419 449 5472 Houi.
490 5419 650 5475 Iliad.
684 5421 772 5486 Ill,
808 5423 927 5478 121.

159 5484 258 5551 (‘23)
291 5487 566 5569 Relaudys
593 5493 646 5545 in
678 5484 838 5569 opere
871 5507 1010 5569 saepe
1029 5494 1206 5569 citato
1245 5508 1382 5564 part.
1421 5514 1479 5563 ιι,
1509 5515 1631 5569 cap.

113 5550 183 5614 l'»,
223 5568 374 5626 negat
402 5572 432 5610 a
466 5550 868 5616 Moliamedanis
889 5550 1179 5618 existimari
1226 5550 1631 5636 angelos'femri;

107 5633 211 5674 nos.

169 5691 264 5760 tu)
294 5693 418 5750 Sur.
444 5693 633 5762 X‘i’lll,
673 5695 1074 5768 8,17,25,3l,
1114 5703 1197 5767 51,
1236 5703 1322 5766 οε,
1356 5705 1439 5755 37.

1777 547 1983 602 nullum
2005 554 2229 608 omnino
2257 557 2424 613 lilium
2447 560 2553 616 Deo
2576 565 2871 620 concedere
2905 585 2918 621 :
2956 568 3181 639 ideoque
3213 585 3333 630 tau-

1776 653 1935 707 quam
1972 654 2138 698 αδδιτο
2164 649 2418 714 percitus,
2446 668 2799 730 personarum
2831 656 3033 715 formas
3056 672 3109 716 et
3137 682 3330 733 genera

1775 731 2023 788 immutat
2043 752 2057 801 ;
2075 746 2129 790 et
2152 751 2247 806 pro
2271 726 2480 798 filiabus
2495 745 2796 810 hominum,
2820 750 3081 821 contingit
3103 726 3330 813 feminas

1773 825 2011 894 angelos,
2035 827 2187 897 juxta
2213 829 2452 888 Graecam
2473 835 2712 892 fabulam
2741 856 2758 894 :
3240 838 3247 843 ’

1828 1108 1921 1160 Iris
1957 1123 2074 1162 vero
2103 1115 2182 1166 'ad
2221 1114 2460 1168 Helenam
2496 1121 2714 1172 candidis
2750 1105 2879 1193 mnis
2911 1126 3160 1193 pradilam
3189 1104 3340 1191 venit.

2848 1187 3059 1250 [n’uncia
3085 1189 3327 1253 (angeia).

1768 1247 1922 1305 Filiis
1963 1261 2143 1306 autem
2173 1254 2266 1310 Dei
2310 1258 2449 1313 ﬁlios
2493 1260 2771 1318 hominum
2806 1247 3103 1322 substituit.
3149 1247 3329 1340 A'tque

1767 1337 1840 1391 ita
1871 1342 2026 1408 quasi
2050 1346 2299 1411 sponsale
2319 1348 2561 1405 stultitiae
2588 1356 2916 1419 sumzmunus
2957 1359 3169 1418 miseris
3199 1337 3328 1417 bar-

1767 1427 1914 1484 baris
1951 1432 2190 1488 exhibet.

1833 1601 1923 1656 75.
1959 1574 2112 1668 Quod
2151 1620 2278 1659 vero
2313 1621 2421 1675 prae
2464 1611 2671 1667 caeteris
2713 1613 3099 1684 deplorandum
3146 1633 3248 1688 est,
3291 1641 3320 1679 a

1761 1690 1871 1745 Deo
1901 1692 2002 1746 hoc
2040 1693 2236 1748 factum
2277 1696 2505 1753 affirmat
2536 1705 2610 1754 :‘c
2635 1701 2806 1773 Elegit
2829 1708 2969 1761 enim
2989 1711 3150 1766 vobis
3182 1713 3325 1769 Deus

2930 1798 3175 1856 feminas.
3212 1802 3322 1860 Vos

1762 1867 1939 1928 autem
1989 1876 2163 1932 dicitis
2211 1881 2441 1946 grandes
2491 1896 2820 1947 sermones,»
2851 1901 3041 1959 nempe
3095 1891 3162 1945 de
3188 1891 3318 1957 Deo,

1760 1968 2191 2042 quandoquidem
2231 1972 2391 2025 Deum
2428 1972 2565 2029 ﬁlios
2607 1976 2803 2032 habere
2827 1977 3107 2047 dictitatis,
3157 1991 3320 2054 atque

1759 2055 1860 2110 hos
1902 2057 2205 2116 hominum
2231 2059 2424 2117 fecisse
2450 2079 2677 2132 generos
2709 2083 2724 2134 ;
2755 2082 2878 2122 cum
2919 2082 3106 2125 contra
3137 2072 3320 2140 potius

1758 2149 1976 2218 angelos
1994 2149 2220 2206 feminas
2244 2153 2366 2208 filiis
2390 2156 2666 2211 hominum
2694 2173 2890 2216 uxores
2922 2161 3169 2218 dederit:
3199 2180 3320 2233 quae

1758 2238 1960 2293 scilicet
2005 2240 2068 2294 ad
2112 2238 2359 2298 Mosaicm
2406 2245 2644 2301 historia:
2690 2251 3116 2306 emendationem
3163 2253 3316 2308 dicit.

1757 2327 2040 2399 Propterea
2065 2330 2116 2384 in
2148 2335 2480 2402 praecedente
2507 2337 2685 2392 fabula
2708 2340 2931 2408 juravit,
2961 2341 3189 2397 feminas
3215 2358 3316 2397 an-

1756 2419 1903 2488 gelos
1931 2415 2036 2475 nOu
2078 2438 2199 2478 esse
2239 2424 2330 2478 Dei
2367 2426 2502 2482 filias
2535 2446 2550 2484 :
2604 2439 2658 2484 et
2703 2432 3052 2490 nihilominus
3097 2435 3318 2505 angelos

1756 2515 1877 2563 esse
1899 2509 2124 2566 feminas
2149 2513 2422 2571 mordicus
2451 2521 2743 2574 contendit.
2784 2522 2885 2576 Sed
2915 2524 3017 2578 heu
3046 2525 3174 2578 mihi
3208 2541 3316 2594 prae

1755 2602 2005 2656 universa
2030 2618 2190 2680 carne
2221 2611 2510 2673 peccatori,
2537 2611 2629 2680 qui
2657 2627 2841 2682 cogor,
2873 2615 3310 2684 quandoquidem

1757 2691 1848 2745 Dei
1879 2692 2086 2747 hostem
2111 2696 2234 2749 volo
2261 2698 2560 2762 confutare,
2601 2710 2676 2754 tot
2708 2702 2941 2773 taliaque
2973 2706 3117 2773 loqui
3149 2707 3162 2759 l
3199 2705 3315 2760 Cm-

1759 2782 1964 2849 teroqui
1995 2781 2123 2850 quid
2150 2782 2216 2837 ad
2245 2783 2356 2839 haec
2385 2785 2566 2842 dicent
2591 2787 2682 2842 Dei
2707 2800 2985 2860 negatores
3009 2791 3263 2848 Saraceni
3290 2798 3313 2849 ?

1754 2869 1892 2924 Num
1915 2881 2034 2941 post
2055 2872 2168 2927 haec
2189 2875 2368 2930 volent
2389 2878 2564 2933 adhuc
2591 2881 2927 2948 pertinaciter
2939 2882 3308 2952 Mol‘iamedem

1756 2963 2023 3030 appellare
2068 2963 2158 3018 Dei
2188 2963 2527 3033 familiarem,
2561 2979 2614 3024 et
2653 2985 2759 3024 non
2799 2973 2976 3042 potius
3011 2977 3310 3046 praestigia-

1757 3064 1924 3108 torem
1965 3065 2018 3108 et
2048 3071 2261 3124 magum
2284 3058 2307 3110 ?
2330 3072 2428 3114 nec
2448 3067 2569 3114 eum
2599 3063 2773 3126 potius
2805 3072 2862 3116 ut
2887 3064 3168 3120 manifeste
3199 3067 3311 3134 pla-

1751 3232 1908 3302 plura
1930 3235 2125 3290 similia
2152 3236 2720 3309 hlasphemans,quasi
2755 3243 3064 3297 manifestas
3092 3254 3146 3297 et
3171 3244 3305 3297 irre-

1751 3321 1998 3380 futabiles
2021 3324 2235 3382 fecisset
2267 3328 2767 3395 demonstrationes,
2796 3334 2942 3386 addit
2974 3350 2986 3386 :
3021 3352 3038 3384 ι
3073 3334 3140 3386 Et
3184 3333 3304 3389 dic:

1749 3409 1893 3465 Laus
1923 3412 2032 3468 Deo
2057 3415 2148 3483 qui
2177 3416 2341 3469 tilium
2364 3433 2466 3472 nou
2502 3421 2761 3490 suscepit!
2789 3440 2806 3471 ι
2834 3425 3004 3490 Atque
3022 3423 3106 3477 his
3126 3423 3305 3488 dictis,

1742 3495 1942 3554 fabula:
1975 3516 2085 3556 sua:
2107 3502 2263 3556 finem
2298 3504 2543 3574 imponit.

2200 3679 2637 3738 CONFUTATIO
2677 3683 2838 3740 XVII.

1819 3769 1902 3823 76.
1940 3769 2155 3824 Decima
2177 3773 2444 3841 septimaa
2469 3774 2779 3830 Ilohamede
2796 3777 2972 3831 fabula
2991 3777 3304 3835 inscribitur

1747 3857 1965 3913 Sodoles
1995 3861 2251 3928 spelunca:
2277 3877 2296 3915 :
2328 3874 2511 3918 narrat
2543 3875 2719 3919 autem
2753 3876 3065 3924 sanctorum
3095 3879 3298 3938 septem

1745 3948 2166 4003 adolescentium
2198 3949 2388 4020 Ephesi
2413 3953 2477 4008 ad
2507 3955 2816 4022 speluncam
2837 3955 3046 4027 fugam,
3067 3966 3120 4012 et
3151 3975 3300 4014 mor-

1744 4045 1850 4091 tem
1901 4048 1952 4092 et
2005 4042 2472 4097 resurrectionem.
2515 4043 2623 4098 Hos
2667 4060 2794 4100 vero
2832 4059 3096 4102 memorat
3132 4038 3299 4110 idiota

1744 4128 2006 4185 barbarus
2038 4130 2237 4200 duplici
2264 4147 2327 4186 ex
2358 4148 2519 4188 causa
2548 4152 2562 4200 ;
2597 4149 2700 4187 una
2725 4137 2940 4205 quidem
2973 4149 3031 4193 ut
3057 4141 3301 4195 videatur

1743 4219 2032 4274 multarum
2067 4222 2451 4290 scripturarum
2497 4240 2696 4292 gnarus
2725 4244 2739 4292 ;
2771 4227 2934 4281 altera
2965 4237 3021 4284 ut
3051 4231 3134 4284 sui
3166 4231 3299 4301 dog-

1741 4303 1901 4362 matis
1926 4310 2200 4377 proprium
2242 4309 2404 4365 faciat
2430 4314 2572 4381 quod
2605 4314 2708 4369 illis
2747 4316 2924 4369 evenit
2957 4318 3292 4373 miraculum.

1743 4396 1877 4462 Quia
1909 4414 2032 4452 vero
2068 4399 2230 4468 probe
2258 4401 2458 4454 sciebat
2480 4401 2645 4456 fuisse
2674 4403 2792 4457 illos
2820 4404 3176 4470 Christianos,
3211 4418 3298 4460 at-

1745 4505 1851 4558 que
1890 4490 2187 4545 incolumes
2238 4501 2356 4558 post
2407 4502 2631 4547 mortem
2689 4505 2951 4559 servatos,
3003 4497 3301 4552 multorum

1747 4594 2009 4634 annorum
2035 4582 2306 4637 simulavit
2339 4584 2691 4651 ignorantiam
2716 4586 3055 4648 laudabilem.
3080 4603 3296 4657 praeque

1746 4685 1805 4726 se
1827 4669 2003 4726 ferens
2047 4687 2298 4746 securam
2323 4670 2388 4726 de
2424 4671 2530 4726 Deo
2560 4675 2890 4742 Opinionem,
2929 4693 3119 4746 nempe
3155 4679 3304 4732 scire

1745 4777 1866 4816 eum
1906 4778 2022 4831 qum
2055 4761 2202 4821 facit.
2242 4772 2294 4815 ct
2331 4764 2599 4831 quomodo
2626 4779 2685 4817 ea
2725 4764 2880 4831 facit,
2917 4766 3188 4821 declinare
3215 4769 3301 4821 sic

1745 4857 1895 4918 putat
1928 4850 2213 4903 multarum
2250 4867 2428 4904 rerum
2472 4853 2900 4921 vestigatiouem,
2949 4871 3110 4924 quam
3145 4873 3212 4910 ne
3246 4858 3291 4910 si

1739 4940 1893 4992 vellet
1916 4940 2129 5007 quidem
2153 4949 2554 5008 assequerctur.
2575 4943 2816 4996 Attamen
2850 4960 2917 4998 ne
2947 4946 3044 4999 IIOS
3073 4947 3289 5014 quidem

1737 5028 1853 5081 sine
1871 5028 2257 5096 vituperatione
2278 5045 2396 5083 esse
2426 5031 2578 5084 sinit.
2611 5032 2854 5086 Aitenim
2889 5052 2902 5087 :
2953 5053 2969 5083 ι
3000 5035 3300 5086 Existimas

1735 5116 1854 5170 illos
1876 5117 2174 5184 vigilantes,
2207 5127 2260 5170 at
2307 5119 2406 5185 ipsi
2439 5119 2716 5174 dormiunt
2747 5136 2993 5190 aversas
3036 5137 3126 5173 eos
3158 5121 3290 5173 dex-

1737 5216 1968 5261 trorsum
1994 5217 2046 5261 et
2069 5209 2437 5269 sinistrorsum
2475 5227 2488 5263 :
2519 5219 2571 5264 et
2604 5215 2752 5265 canis
2779 5227 2963 5266 eorum
2994 5211 3287 5264 extendens

1734 5297 1952 5352 brachia
1999 5313 2094 5352 sua
2131 5298 2184 5350 in
2229 5299 2463 5366 pulvere.
2512 5299 2773 5357 Dominus
2819 5305 2918 5356 scit
2960 5315 3044 5354 res
3073 5315 3281 5353 eorum.

1833 5431 2004 5516 25‘)"ln
2030 5434 2297 5487 Alcorano
2323 5434 2485 5488 Arab.
2509 5438 2691 5516 canis;
2719 5438 2895 5516 itaque
2917 5434 2993 5486 sic
3022 5434 3280 5516 intcrprc:

1738 5507 1841 5553 tor.
1883 5501 2119 5581 Nicetam
2166 5505 2552 5581 nostrum,_qui
2583 5501 2901 5581 cur_legerit
2948 5503 3148 5581 σκυλίν,
3175 5503 3278 5581 alii

1735 5580 1996 5648 quagraut.
2021 5569 2269 5648 Fortasse
2286 5569 2560 5648 proprium
2579 5569 2942 5648 canisnomen
2961 5571 3057 5624 fuit
3074 5572 3239 5648 scylin
3262 5589 3280 5632 ,-

1734 5639 1813 5712 vel
1843 5639 1979 5690 idem
2011 5639 2162 5712 canis
2196 5639 2266 5691 ita
2302 5639 2665 5712 appellabatur
2700 5643 2766 5697 ob
2797 5639 3014 5696 mis-tum
3061 5655 3124 5696 cx
3157 5639 3280 5694 albo

1733 5707 2000 5773 rubroque
2024 5708 2279 5763 colorem.
2336 5707 2349 5709 ’
2369 5707 2387 5712 ⁷
3284 5743 3287 5747 λ
