3926 6308
578 407 679 472 ’171

1828 397 2122 459 ΝΙΟΕΤΕ
2162 396 2560 456 ΒΥΖΛΝΤΙΝΙ

3700 396 3805 458 772

582 520 708 573 lirat
741 532 757 571 :
800 534 818 567 ι
853 514 919 568 Et
950 528 1072 569 cum
1099 512 1412 569 dixithsus
1454 511 1626 567 Filius
1655 510 1836 565 Mariae
1875 529 1888 564 :
1938 508 1982 562 0
2031 508 2117 561 ﬁlii

2225 509 2350 571 τοὺς
2377 508 2475 575 τῆς
2515 507 2702 568 ἀθλίας
2733 504 2897 559 αὑτοῦ
2927 504 3103 575 ψυχῆς
3148 503 3462 573 ὀφθαλμοὺς
3482 544 3498 566 ,
3532 505 3626 557 καὶ
3656 512 3803 558 κατὰ

582 608 814 671 lsraelis,
844 622 943 676 ego
972 620 1092 660 sum
1123 606 1210 659 Dei
1244 607 1450 681 legatus
1482 605 1548 659 ad
1592 619 1706 667 vos,
1740 611 1798 655 ut
1845 615 1967 654 vcra
2006 615 2127 655 esse

581 699 892 752 confirmem
919 712 1039 765 quae
1072 705 1196 750 ante
1219 711 1303 749 me
1332 696 1385 749 in
1438 696 1557 765 lege
1589 697 1832 758 fuerunt,
1877 703 2038 763 atque
2070 700 2129 747 ut

579 787 941 857 cvangelizcm
974 788 1203 857 legatum
1248 794 1368 853 post
1406 802 1493 841 me
1534 795 1841 845 venturum,
1891 786 1978 838 cui
2024 800 2127 839 no-

582 891 701 929 men
734 874 1054 931 Mohamedi.
1099 875 1273 929 Simul
1298 892 1360 930 ac
1382 887 1561 931 autem
1606 877 1745 930 hanc
1781 876 1887 930 illis
1927 877 2129 930 revela-

580 969 776 1023 tionem
802 970 1000 1031 attulit,
1038 970 1328 1025 dixerunt:
1363 971 1474 1026 Hoc
1513 978 1593 1025 est
1635 970 1986 1040 przestigium.
2020 971 2129 1038 Age

580 1074 707 1113 vero
737 1061 869 1129 quid,
891 1060 1132 1129 iniquius
1157 1061 1271 1115 fieri
1318 1072 1509 1131 potest.
1548 1076 1705 1129 quam
1739 1062 2125 1129 blasphemiam

580 1148 688 1205 Deo
719 1152 988 1205 ascribere
1025 1169 1042 1201 ι
1074 1168 1247 1221 neque
1285 1152 1444 1221 hujus
1470 1152 1545 1204 rei
1588 1152 1874 1220 scriptoris
1925 1166 2123 1205 nomen

577 1241 766 1294 saltem
800 1240 1090 1309 proferre?
1119 1242 1411 1312 Oportebat
1449 1242 1617 1305 enim,
1648 1243 1915 1310 siquidem
1966 1250 2126 1295 tanta:

577 1330 652 1383 rel
686 1331 961 1397 praedictio
992 1334 1259 1387 contineri
1287 1334 1503 1387 silentio
1533 1334 1811 1401 nequibat,
1843 1348 1910 1386 an
1935 1346 2125 1387 revera

574 1437 604 1473 a
635 1421 854 1477 Christo
886 1423 1079 1479 fuisset
1105 1424 1465 1492 pronuntiata,
1500 1425 1715 1492 exponi.
1759 1423 2123 1489 Quamobrem

576 1527 751 1582 neque
775 1513 1030 1582 cuiquam
1062 1513 1379 1567 nominatim
1408 1514 1511 1567 hoc
1535 1513 1752 1569 eli'atum
1787 1514 1991 1578 tribuit,
2031 1528 2124 1569 ne-

574 1617 679 1670 que
705 1602 905 1668 locum,
935 1591 1115 1673 neque
1133 1616 1365 1673 tempus,
1412 1620 1587 1674 neque
1641 1604 1975 1674 probabilem
2023 1604 2124 1659 ali-

570 1709 733 1762 quam
768 1710 987 1749 causam
1019 1696 1282 1769 assignat,
1304 1697 1655 1765 quamobrem
1689 1696 1835 1750 hunc
1869 1696 2123 1752 advenire

568 1783 878 1851 expediret:
899 1786 1022 1853 quia
1052 1789 1165 1840 haec
1186 1796 1239 1841 et
1268 1786 1353 1840 his
1375 1786 1589 1852 similia,
1620 1787 1928 1842 immaniter
1948 1787 2119 1855 abiis,

2233 598 2478 666 κρημνὸν
2502 597 2739 665 ἀρρήτου
2770 584 3205 665 ψεύδουςιὲαυτὸν
3242 594 3481 661 ὡθήσας.
3515 594 3659 648 οὕτω
3697 613 3803 647 πα-

2233 688 2451 758 ραλαλεῖ
2472 704 2485 716 ·
2543 706 2561 738 ι
2598 690 2706 740 Καὶ
2734 689 2810 739 ὅτ’
2839 689 2903 741 ἂν
2924 682 3073 740 εἶπεν
3107 686 3216 756 (45)
3260 686 3469 755 Ἰησοῦς
3518 686 3643 747 Υἱὸς
3676 687 3799 738 Μα-

2231 778 2386 847 ρίας·
2447 778 2542 828 Ἀε
2590 779 2692 829 υἱοὶ
2738 777 2972 848 Ἰσραὴλ,
3007 776 3115 845 ἐγὼ
3171 776 3471 837 ἀπόστολος
3497 777 3611 846 εἶμι
3659 777 3802 830 Θεοῦ

2229 867 2363 937 πρὸς
2386 868 2548 935 ὑμᾶς,
2606 867 2947 935 ἀληθοποιῶν
2978 868 3044 921 τὰ
3097 865 3401 937 ἔμπροσθέν
3444 883 3547 935 μου
3579 869 3642 918 ἐκ
3703 867 3797 919 τοῦ

2229 956 2416 1026 νόμου,
2442 958 2534 1009 καὶ
2558 957 3040 1024 εὐαγγελιζόμενος
3067 960 3143 1019 εἰς
3173 958 3468 1031 ἀπόστολον
3504 959 3799 1027 ἐρχόμενον

2231 1047 2346 1115 μετ’
2388 1046 2507 1115 ἐμὲ,
2558 1046 2727 1117 ὄνομα
2782 1046 2927 1116 αύτῷ
2983 1047 3257 1119 Μωάμετ·
3294 1048 3387 1100 καὶ
3417 1046 3536 1115 ἅμα
3568 1048 3801 1114 ἤνεγκεν

2224 1137 2404 1195 αὐτοῖς
2452 1136 2547 1206 τὴν
2584 1138 2920 1205 φανέρωσιν·
2971 1137 3206 1199 είπασιν,
3246 1136 3395 1205 Αῦτη
3427 1135 3545 1186 ἐστὶ
3575 1151 3799 1204 φαρμα-

2226 1224 2354 1279 κεία
2383 1244 2395 1257 ·
2427 1226 2520 1278 καὶ
2552 1226 2633 1288 τίς
2659 1226 2984 1297 ἀδικώτερος
3011 1225 3105 1279 τοῦ
3146 1224 3592 1297 βλασφημοῦντος
3612 1228 3799 1278 ἐπάνω

2224 1315 2318 1368 τοῦ
2346 1315 2479 1367 Θεοῦ
2513 1314 2764 1386 ψεῦσμα;
2798 1336 2815 1367 ι
2873 1317 2989 1369 οὐδὲ
3024 1317 3112 1369 τὸν
3143 1317 3600 1385 συγγραψάμενον
3637 1314 3798 1367 τοῦτο

2226 1408 2525 1476 τολμήσαις
2569 1408 2671 1461 κᾶν
2701 1408 2839 1461 κατὰ
2870 1409 3228 1478 συκοφαντίαν
3275 1407 3599 1477 ἐξονομάσαι
3626 1423 3640 1436 ·
3679 1406 3796 1475 ᾔδει

2222 1497 2333 1567 γὰρ
2358 1499 2638 1568 ἀμήχανον
2663 1499 2735 1561 ὡς
2766 1495 2833 1569 ἦν
2861 1502 3035 1570 σιωπῇ
3086 1500 3145 1553 τὸ
3179 1500 3321 1570 μέγα
3349 1497 3507 1552 τοῦτο
3536 1497 3791 1565 διάγγελ-

2228 1603 2324 1657 μα,
2359 1587 2413 1639 εῐ
2453 1604 2516 1656 γε
2543 1588 2633 1639 καὶ
2649 1588 2783 1650 ὅλως
2808 1588 2940 1658 πρὸς
2973 1588 3204 1658 Χριστὸν
3233 1588 3650 1656 άναπεφώνητο,
3685 1603 3792 1638 πα-

2227 1676 2656 1747 ραδοθήσεσθαι“ο
2714 1678 2795 1732 διὸ
2828 1677 2951 1731 οὔτε
2983 1679 3090 1741 τινὶ
3121 1678 3278 1732 τοῦτο
3320 1678 3582 1747 ὀνομαστὶ
3617 1693 3793 1747 προσ.

2224 1769 2454 1839 αναρτᾷ,
2481 1767 2605 1821 οὔτε
2638 1768 2826 1835 τόπου,
2866 1768 2988 1822 οὔτε
3014 1769 3225 1839 χρόνου,
3250 1767 3373 1821 οῦτε
3398 1768 3537 1831 τινος
3565 1766 3788 1833 εὐλόγου

569 1890 690 1942 qua:
716 1884 840 1929 vere
865 1876 1138 1939 dicuntur,
1190 1877 1468 1931 recedunt.
1520 1878 1775 1948 Alioquin
1805 1879 1967 1933 etiam
1997 1894 2117 1935 cum

2224 1860 2403 1925 αἰτίας
2422 1862 2824 1932 άπομέμνηται,
2856 1862 2977 1915 καθ’
3004 1863 3072 1932 ἢν
3111 1860 3421 1915 ἐλεύσεσθαι
3459 1859 3649 1912 τοῦτον
3672 1858 3788 1909 ἕνον

569 1966 777 2019 nullum
822 1966 1023 2045 Christi
1074 1969 1277 2022 dictum
1318 1968 1646 2025 Christianis
1706 1970 1953 2025 odiosum
2014 1986 2127 2025 cer.

568 2065 739 2121 neret,
791 2057 1109 2125 simpliciter
1145 2060 1511 2127 pronuntiavit
1551 2078 1565 2115 :
1618 2080 1637 2113 ι
1672 2062 1807 2115 Cum
1853 2062 1987 2116 dixit
2035 2059 2125 2117 Je-

565 2160 682 2210 sus,
712 2164 731 2196 »
764 2147 1011 2204 barbaris
1039 2162 1232 2218 nempe
1265 2164 1365 2205 ceu
1387 2149 1565 2205 adhuc
1586 2151 1705 2206 sine
1735 2159 1913 2206 mente
1937 2152 2122 2221 pueris

567 2235 821 2293 illudens.
1486 2231 1496 2241 ’

635 2567 722 2623 80.
756 2568 814 2623 ln
840 2570 1173 2646 sexagesima
1206 2573 1433 2641 septima
1455 2571 1630 2629 fabula
1659 2575 1903 2644 slcjurat
1927 2595 1939 2631 :
1966 2597 1984 2629 ι
2020 2577 2120 2634 Per

561 2662 855 2723 calamum.
884 2671 937 2717 et
970 2678 1029 2717 ea
1063 2679 1181 2732 qua:
1203 2665 1537 2728 scribuntur,
1570 2682 1676 2721 non
1705 2682 1763 2723 es
1794 2683 1888 2737 per
1914 2646 2118 2726 bonita-

562 2758 668 2806 tem
694 2751 791 2806 Dei
815 2752 1180 2809 daemoniacus
1205 2771 1219 2819 ;
1248 2764 1302 2807 et
1337 2764 1420 2809 est
1465 2755 1560 2809 tibi
1587 2771 1806 2812 merces
1834 2759 1953 2815 sine
1988 2775 2117 2816 con-

563 2842 733 2907 vicio;
786 2853 950 2913 atque
977 2844 1127 2922 esin
1171 2844 1501 2901 formatione
1556 2862 1771 2917 magna.
1810 2867 1829 2900 ι
1869 2850 1924 2903 1η
1968 2866 2118 2907 sexa-

561 2931 766 3001 gesima
825 2944 1015 2997 octava
1066 2933 1266 2998 fabula,
1314 2950 1476 3004 quam
1519 2935 1768 2992 inscribit
1823 2940 1985 3005 Acca,
2041 2944 2116 2998 ita

560 3021 872 3077 exorditur:
910 3024 1113 3089 «Acca;
1138 3023 1265 3091 quid
1287 3032 1368 3078 est
1386 3039 1511 3078 acea
1532 3026 1556 3078 τ
1580 3034 1634 3080 et
1659 3026 1799 3081 unde
1820 3043 2114 3097 cognosces

560 3109 689 3178 quid
721 3110 789 3163 sit
819 3125 945 3165 acea
970 3110 992 3163 l
1018 3118 1072 3166 et
1098 3112 1313 3181 negavit
1344 3121 1401 3165 ut
1428 3111 1617 3168 falsam
1659 3114 1847 3169 horam
1881 3115 2111 3172 Thamu-

2225 1947 2421 2024 ἧν,διὰ
2438 1952 2498 2006 τὸ
2522 1953 2745 2014 τούτων.
2775 1954 2869 2006 καὶ
2899 1954 3007 2007 τῶν
3050 1952 3258 2016 τούτοις
3287 1951 3504 2025 ὁμοίων,
3526 1951 3623 2003 ἐπὶ
3653 1950 3787 2003 πάν-

2225 2058 2335 2096 των
2359 2042 2467 2096 τῶν
2494 2043 2709 2115 ἀληθῶς
2734 2045 3036 2115 λεγομένων
3068 2044 3481 2114 φυλαττομένων
3511 2042 3573 2094 τὸ
3596 2039 3786 2110 ψεῦδος

2225 2132 2581 2203 άποίχεσθαι·
2638 2135 2733 2187 καὶ
2780 2135 2953 2198 άλλως
2988 2134 3095 2187 τῶν
3136 2132 3371 2203 Χριστοῦ
3418 2130 3597 2202 ῥητῶν
3635 2128 3784 2182 οὐδιν

2221 2224 2365 2295 δρῶν
2385 2224 2536 2297 παρὰ
2559 2226 2902 2297 Χριπιανοῖς
2928 2225 3399 2295 ἀποστυγούμενον
3417 2240 3432 2254 ·
3454 2222 3577 2275 ὅθεν
3599 2220 3813 2283 sums.

2219 2316 2596 2384 ἀποφαίνεται,
2619 2335 2639 2367 ι
2652 2317 2764 2370 Ὀτ⁹
2788 2318 2853 2371 ἂν
2866 2313 2983 2370 εἷπε
2995 2334 3070 2382 νὴ»
3094 2316 3294 2370 ὡσανεὶ
3320 2314 3511 2378 παῖδας
3528 2314 3783 2383 ἀνοήτους

2220 2406 2524 2471 διαπαίζων
2558 2410 2683 2473 τοὺς
2723 2408 3053 2481 βαρϐάρους.

2286 2543 2360 2599 π’.
2395 2546 2563 2599 Ἐνδὲ
2626 2547 2703 2615 τῷ
2748 2546 3023 2617 ἑξηκοστῷ
3056 2544 3266 2616 έδδόμῳ
3328 2543 3481 2614 μύθῳ
3518 2543 3655 2613 (ιδ),
3698 2542 3780 2606 ἐξ·

2219 2636 2450 2707 ὄμνυται
2473 2637 2643 2700 οὕτως
2657 2655 2672 2669 ο
2695 2655 2712 2689 ι
2734 2638 2826 2691 Μὰ
2852 2639 2942 2691 τὸν
2960 2636 3200 2706 κάλαμον
3230 2637 3408 2689 καὶτὰ
3429 2634 3777 2705 στιχίζουσιν,

2215 2727 2315 2779 οὐκ
2338 2722 2452 2779 εῐσε
2479 2728 2558 2791 είς
2584 2729 2652 2780 τά
2679 2727 2861 2795 ἀγαθὰ
2897 2726 3060 2779 αὑτοῦ
3101 2725 3476 2795 δαιμονιάρις⁶
3526 2724 3622 2779 καὶ
3662 2725 3777 2776 ἔστι

2218 2834 2299 2871 σοι
2338 2819 2524 2888 μισθὸς
2564 2820 2692 2873 άνευ
2736 2817 3037 2888 ὀνειδισμοῦ
3092 2817 3245 2887 (ιηο
3296 2819 3388 2869 καὶ
3436 2812 3553 2869 εἷσε
3596 2816 3777 2869 δπάνω

2216 2910 2529 2980 πλάσματος
2580 2910 2833 2980 μεγάλου.
2872 2930 2891 2964 ι
2943 2910 3029 2965 Ἐν
3075 2910 3134 2964 δὲ
3162 2908 3239 2980 τῷ
3288 2908 3567 2979 ἑξηκοστῷ
3611 2910 3776 2981 ὀγδόῳ

2216 3002 2369 3074 μύθῳ
2395 3004 2747 3074 ἑπιγράφοντι
2777 3004 2876 3067 Εἰς
2902 3003 2971 3057 τὰ
2989 3002 3143 3058 άκκὰ
3171 3003 3305 3073 (48),
3328 3003 3497 3062 οὕτως
3524 3005 3769 3073 άρχετιιι⁸

2215 3111 2237 3147 ι
2277 3093 2365 3164 Τῷ
2388 3095 2549 3149 άκκά·
2578 3093 2629 3147 τί
2653 3096 2766 3147 ἐστι
2798 3095 2859 3147 τὸ
2887 3095 3068 3160 άκκά;
3100 3095 3194 3149 καὶ
3220 3094 3380 3149 πόθεν
3408 3092 3547 3158 οῐδες
3578 3094 3633 3147 τί
3656 3096 3774 3149 ἔστι

560 3202 663 3255 dus
690 3209 743 3256 et
764 3201 1001 3257 Andus.»
1026 3180 1487 3272 Haacnugabatur,
1513 3203 1773 3261 barbaros
1797 3206 2106 3277 decipiens;

2220 3187 2269 3239 ιδ
2295 3186 2470 3253 ἀκκά;
2497 3185 2592 3242 καὶ
2623 3184 3003 3255 ἐψευδοποίησε
3040 3185 3260 3257 Θαμοὺθ
3286 3188 3377 3238 καὶ
3418 3185 3544 3237 uis
3564 3188 3645 3247 εις
3673 3188 3774 3254 τὴν

555 3291 834 3361 quasiipse
862 3292 1213 3361 sciretignota
1238 3293 1519 3362 quedam;
1545 3296 1824 3366 pergitque
1856 3276 2025 3367 usque
2042 3276 2109 3354 ad

2220 3276 2358 3349 ὥραν
2381 3279 2513 3346 (49).
2545 3298 2565 3330 ι
2587 3278 2769 3331 Ταῦτα
2799 3278 2855 3331 δὲ
2885 3277 3141 3347 ἐφλυάρει
3156 3278 3378 3331 ἀπατῶν
3407 3277 3534 3339 τοὺς
3569 3276 3773 3348 βαρϐά-

555 3384 1008 3453 septuagesimam
1046 3395 1296 3453 quartam
1321 3388 1590 3453 garriens.
1627 3388 1685 3440 In
1711 3392 2110 3458 septuagesima

490 3498 495 3503 υ
555 3484 749 3543 quarta
772 3491 893 3543 quae
916 3475 1229 3529 inscribitur
1255 3477 1607 3540 Rcsurroctio,
1632 3478 1711 3533 sic
1733 3479 1913 3548 jurat:
1952 3499 1971 3532 ι
1995 3480 2110 3535 Νοη

554 3565 680 3635 juro
698 3566 942 3634 perdiem
968 3567 1402 3631 resurrectionis,
1418 3582 1591 3635 neque
1611 3583 1703 3637 per
1720 3569 1954 3624 animam
1977 3571 2113 3640 ngu-

558 3666 752 3712 ratam.
786 3655 1257 3725 rQSeptuagesima.
1291 3667 1437 3711 sexta
1476 3656 1650 3712 fabula
1668 3660 2115 3727 quaeinscribitur

560 3746 759 3813 Missa,
778 3747 855 3802 sic
873 3746 1059 3816 incipit
1084 3767 1097 3802 :
1125 3745 1255 3801 «Per
1272 3748 1466 3802 missas
1487 3748 1795 3815 ordinatim,
1814 3759 1867 3804 et
1886 3766 1977 3819 per
1992 3765 2114 3820 pro-

554 3840 745 3893 cellam
790 3839 1168 3909 procellarum,
1220 3840 1653 3907 etexpandentes
1688 3842 2112 3909 expansione,et

468 3931 473 3937 ’
554 3941 865 3999 separantes
877 3930 1231 3999 separatione,
1252 3940 1303 3984 et
1318 3930 1531 3998 injicien
1541 3937 1643 3983 tem
1658 3932 1968 3987 memoriam
1985 3948 2114 4003 apo-

555 4024 835 4094 logeticam
851 4031 905 4076 et
945 4023 1426 4092 protestationem;
1460 4024 1604 4093 quod
1626 4022 1724 4079 fuit
1755 4025 2108 4094 promissum,

554 4115 784 4169 eveniet.
832 4131 849 4163 ι
880 4114 1289 4183 Septuagesima
1328 4102 1519 4167 octava
1562 4114 1739 4168 fabula
1788 4117 1869 4170 sic
1900 4131 1930 4169 a
1961 4117 2111 4186 jure-

553 4201 782 4267 iurando
806 4202 994 4269 incipit
1021 4218 1035 4254 ε
1067 4220 1083 4251 ι
1126 4201 1227 4255 Per
1254 4202 1628 4257 abstrahentes
1651 4203 1854 4269 funem,
1876 4213 1928 4258 et
1958 4206 2112 4261 aufe-

561 4299 744 4345 rentes
768 4292 1065 4354 ablatione,
1098 4306 1194 4361 per
1227 4301 1508 4347 natantem
1528 4296 1825 4361 natatione,
1861 4309 1958 4365 per
1979 4311 2107 4365 pro-

552 4381 825 4450 jicientem
856 4382 1205 4451 projectione,
1230 4395 1281 4439 et
1299 4399 1391 4453 per
1425 4385 1789 4441 moderantem
1812 4386 2107 4457 negotium,

442 4493 454 4513 ι
556 4485 665 4539 quo
696 4471 779 4524 die
821 4471 908 4524 fiet
936 4480 1093 4525 terra:
1136 4482 1317 4526 motus
1358 4474 1666 4529 concussio.
1707 4492 1725 4527 ι
1766 4473 2108 4544 Oetogesima

2214 3384 2341 3438 ρους
2358 3408 2371 3432 ,
2400 3369 2481 3419 ὅτι
2499 3370 2713 3428 πάντως
2733 3370 3018 3439 ἀπόρρητά
3041 3362 3163 3420 τινα
3176 3369 3429 3437 γινώσκει
3448 3382 3464 3399 ο
3489 3368 3581 3420 καὶ
3604 3370 3773 3423 ἄνεισι

2216 3456 2548 3526 βατταρίζων
2580 3456 2684 3519 ἕως
2736 3455 3134 3527 ἑὸδομηκοστοῦ
3165 3454 3425 3526 τετάρτου
3463 3454 3602 3527 [βοά.
3656 3456 3772 3509 δευ-

2213 3548 2417 3620 τέρου).
2461 3550 2551 3604 Ἐν
2582 3550 2639 3603 δὲ
2669 3549 2744 3620 τῷ
2789 3548 3172 3621 ἑϐδομηκοστῷ
3200 3549 3441 3619 τετάρτῳ
3489 3547 3627 3620 [βοά.
3657 3547 3773 3600 δευ-

2212 3640 2375 3712 τέρῳ]
2407 3641 2559 3711 μύθῳ
2576 3642 2949 3710 ἑπιγράφοντι,
2972 3634 3074 3706 Εἰς
3093 3640 3206 3709 τὴν
3228 3629 3586 3702 ἀνάστασιν,
3605 3639 3771 3702 οὕτως

2213 3736 2522 3804 ἀπόμνυται
2550 3735 2695 3804 (50)·
2735 3753 2753 3785 ι
2796 3734 2908 3786 Οὐκ
2948 3732 3131 3803 ὀμνύω
3157 3734 3236 3795 είς
3261 3732 3358 3802 τὴν
3413 3732 3628 3803 ἡμέραν
3672 3731 3769 3798 τῆς

2209 3826 2584 3887 ἀναστάσεωςο
2614 3826 2706 3879 καὶ
2756 3825 2855 3877 ούκ
2886 3823 3070 3893 ὀμνύω
3103 3825 3184 3887 είς
3210 3822 3309 3891 τὴν
3331 3824 3509 3893 ψυχὴν
3536 3823 3639 3893 τὴν
3677 3839 3769 3892 με·

2220 3917 2579 3988 μορφωμένην
2611 3916 2743 3987 (51).
2782 3934 2801 3967 ι
2834 3917 2905 3968 Τὸ
2925 3915 2981 3967 δὲ
3002 3915 3391 3984 ἑϐδομηκοστὸν
3410 3916 3565 3967 ἕκτον
3599 3913 3767 3984 μυθά-

2216 4024 2329 4079 ριον
2342 4005 2454 4077 (52)
2472 4007 2890 4076 ἐπιγέγραπται,
2906 4008 3007 4071 Είς
3024 4006 3129 4071 τὰς
3148 4005 3584 4071 ἀπολυομένας
3613 4007 3785 4075 ἀρχα-η

2213 4113 2303 4149 ται
2331 4094 2386 4149 δὲ
2416 4097 2585 4159 οὕτως
2606 4113 2621 4127 ο
2665 4115 2684 4147 ι
2712 4096 2804 4150 Μὰ
2839 4096 2937 4159 τὰς
2983 4095 3361 4164 ἀπολυομένας
3414 4094 3647 4165 ὀρδίνου,
3678 4097 3767 4149 καὶ

2214 4188 2538 4255 καταιγίδων
2571 4188 2839 4255 καταιγὶς,
2870 4188 2964 4241 καὶ
2986 4188 3095 4240 τῶν
3123 4185 3475 4241 ἁπλωθέντων
3504 4187 3763 4256 ᾰπλωμα·

2212 4283 2304 4335 καὶ
2325 4281 2649 4352 {comedam
2675 4282 2924 4351 χώρημα,
2957 4282 3050 4334 καὶ
3074 4279 3366 4348 ριπτούσης
3398 4280 3618 4350 μνήμην
3638 4281 3765 4333 ἀπο·

2212 4372 2500 4442 λογητικὴν
2521 4373 2613 4425 καὶ
2641 4358 3039 4442 διαμαρτυρίαν
3063 4389 3077 4403 ο
3114 4371 3501 4440 ὑπισχνύεσθαι
3535 4372 3645 4440 γὰρ
3676 4371 3764 4441 τὴν

2212 4467 2439 4522 ἐλευσιν.
2462 4486 2481 4519 ι
2508 4466 2579 4519 Τὸ
2596 4466 2990 4536 ἑϐδομηκοστὸν
3012 4465 3192 4533 ὄγδοον
3218 4463 3479 4534 μυθάριον
3500 4462 3611 4533 (53)
3630 4464 3765 4517 οὕτω

558 4570 748 4627 quarta
787 4558 962 4611 fabula
997 4559 1064 4612 ab
1089 4558 1394 4628 hujusmodi
1414 4561 1767 4631 jurejurando
1795 4543 2105 4618 exorditur:

2220 4559 2269 4624 ἐξ
2297 4560 2459 4629 ὅρκου
2488 4560 2709 4628 ἄρχεται
2731 4575 2745 4588 ’
2785 4577 2803 4607 ‹
2834 4558 2928 4611 Μὰ
2954 4558 3053 4621 τὰς
3088 4556 3480 4625 άνασπωμένας
3517 4554 3759 4625 βὰλισμα,

564 4648 695 4702 «Per
723 4647 919 4702 coelum
941 4648 1215 4713 turritum,
1235 4659 1287 4703 et
1308 4651 1447 4706 diem
1473 4653 1795 4718 condictam,
1816 4668 1911 4722 per
1928 4654 2112 4709 testifi-

558 4748 766 4792 cantem
790 4747 844 4791 et
877 4738 1245 4801 testiﬁcatum,
1268 4741 1448 4795 aboliti
1479 4751 1606 4795 sunt
1634 4743 1846 4799 sodales
1878 4745 2114 4811 alachut,

555 4830 698 4899 quod
728 4829 908 4899 ignem
950 4829 1183 4885 habebat
1221 4830 1286 4883 ad
1320 4832 1773 4887 comburendum.
1810 4852 1828 4885 ι
1876 4835 2110 4906 Octoge-

556 4921 691 4975 sima
718 4921 905 4989 quinta
936 4919 1112 4975 fabula
1143 4936 1173 4975 a
1197 4920 1551 4990 jurejurando
1578 4920 1765 4991 incipit
1804 4925 1875 4980 ita
1910 4945 1921 4979 :
1965 4948 1983 4978 ‹
2004 4927 2106 4983 Per

556 5013 751 5068 coelum
800 5021 853 5066 et
898 5013 1199 5069 altaricum.
1236 5012 1301 5065 Et
1360 5011 1631 5081 quomodo
1682 5013 1821 5068 scies
1866 5016 1992 5084 quid
2038 5018 2107 5072 sit

462 5164 481 5175 η,
555 5103 881 5157 altaricum?
911 5105 1074 5159 Stella
1118 5104 1415 5159 terebrans.
1450 5102 1692 5174 Namque
1722 5108 1867 5159 omni
1911 5108 2104 5163 animai

556 5194 835 5249 exsistenti
882 5196 1133 5263 praesidet
1181 5203 1385 5248 custos.
1445 5212 1465 5246 ι
1509 5192 1849 5265 Octogesima
1914 5208 2102 5254 octava

630 5373 740 5442 (45)
774 5373 899 5425 Sur.
938 5370 1077 5442 LX],

648 5445 736 5505 46)
765 5444 887 5495 Sur.
924 5440 1149 5498 LXVIII,
1182 5438 1239 5491 ⁷1.

626 5448 736 5574 (46)
765 5448 887 5495 Sur.
924 5448 1149 5498 LXVIII,
1182 5448 1239 5491 ⁷1.

651 5513 735 5580 47)
774 5512 997 5565 Arabice
1047 5512 1283 5576 perennis
1332 5512 1411 5567 vel
1441 5513 1668 5583 inﬁnita,
1704 5526 1761 5572 ut
1800 5526 1947 5573 certe
1998 5521 2109 5573 νυιι

563 5582 878 5635 ilaraccius.

626 5650 737 5713 (48)
762 5648 990 5699 Arabiae
1022 5646 1228 5713 fatalis.

627 5718 735 5783 (49)
775 5716 899 5767 Sur.
1154 5717 1205 5769 1.

629 5781 740 5851 (se)
768 5784 892 5837 Sur.
925 5781 1128 5848 Lxxv,
1164 5788 1211 5843 ι.

2211 4650 2303 4703 καὶ
2331 4650 2667 4719 ἀφελομένας
2696 4648 2977 4717 ἀφέλωμα,
3018 4647 3112 4701 καὶ
3153 4645 3527 4717 κολυμσούσης
3568 4647 3759 4715 κολυμ-

2211 4738 2324 4803 6ον,
2355 4739 2449 4792 xui.
2482 4738 2885 4808 προϐαλλούσης
2915 4736 3266 4807 προδάλωμα,
3322 4736 3418 4789 καὶ
3465 4736 3759 4803 διοικούσης

2212 4832 2442 4901 πρᾶγμα
2472 4826 2504 4901 ᾖ
2537 4831 2716 4902 ἡμέρᾳ
2732 4832 2787 4883 ὲν
2817 4826 3069 4902 ᾖσείειδ
3091 4829 3336 4898 δεισμός.
3371 4848 3389 4880 ι
3422 4830 3497 4881 Τὸ
3515 4830 3762 4897 ὀγδοηκο-

2216 4924 2341 4977 στὸν
2386 4924 2647 4993 τέταρτον
2684 4924 2945 4995 μυθάριον
2980 4924 3090 4993 (δι)
3149 4924 3213 4975 ἐκ
3252 4921 3495 4973 τοιούτου
3543 4921 3759 4991 ἄρχεται

2210 5018 2373 5085 ὅρκου
2402 5033 2414 5047 ’
2453 5036 2470 5068 ι
2508 5017 2597 5070 Μὰ
2628 5015 2716 5070 τὸν
2766 5015 2989 5104 οὐρανὸν
3021 5015 3111 5067 τὸν
3172 5013 3621 5083 πεπυργωμένον,
3674 5015 3760 5065 καὶ

2208 5108 2307 5177 τὴν
2329 5108 2541 5179 ἡμέραν
2572 5109 2670 5177 τῆς
2713 5108 3017 5176 συνταγῆς’
3046 5105 3139 5158 καὶ
3172 5104 3379 5175 μάρτυς
3431 5114 3526 5157 και
3558 5122 3758 5175 μαρτυ-

2210 5202 2497 5272 ρούμενοςο
2534 5202 2866 5273 ὲσφράγισαν
2914 5199 3011 5271 [ita
3043 5197 3183 5271 cod.]
3220 5201 3268 5251 οί
3292 5200 3495 5269 ἑταῖροι
3516 5197 3608 5251 τοῦ
3638 5200 3759 5254 ἄλα-

2286 5385 2397 5452 (51)
2436 5384 2681 5458 lta_cod.
2712 5376 3183 5458 μεμορφωμὲνην..
3221 5376 3398 5458 Quod“
3421 5374 3466 5429 si
3510 5375 3756 5458 Μενοιτξί

2211 5443 2723 5520 interpretationem
2788 5443 2996 5505 'mav'is‘
3034 5443 3226 5518 sequi,
3276 5446 3480 5502 scribes
3558 5443 3759 5513 Graec,

2213 5526 2571 5593 μεμφομένην

2280 5591 2391 5659 (se)
2428 5590 2552 5646 Sur'.
2580 5590 2839 5654 Lxxvu,
2879 5591 2928 5643 ι.

2278 5662 2388 5725 (53)
2425 5661 2548 5715 Sur.
2576 5659 2810 5715 LXXIX.
2855 5661 2903 5713 1.

2276 5730 2389 5804 (54)
2422 5730 2544 5785 Sur.
2578 5727 2832 5794 LXXXV,
2869 5730 2918 5783 1.
