3926 6308
122 360 233 421 777

1249 346 1678 409 REFUTATIO
1731 340 2204 401 MOHAMEDIS.

3269 333 3375 396 778

116 479 203 536 εἰς
255 472 350 542 τὴν
395 471 546 524 θείαν
587 467 810 539 Γραφὴν
851 466 1197 535 παρῴνησεν,
1229 459 1303 517 ὧν
1349 480 1405 515 τε
1441 461 1579 514 κατΞι
1608 460 1704 527 τῆς

1811 465 1924 508 tum
1972 457 2100 523 quia
2155 453 2421 506 adversus
2476 468 2690 508 sacram
2744 452 3083 532 Scripturam
3129 451 3373 516 insaniit,

114 563 286 632 δόξης
306 561 398 614 τοῦ
423 561 554 614 Θεοῦ
575 561 858 629 ἠσέϐησεν,
887 551 960 610 ὧν
991 574 1049 608 τε
1097 555 1235 608 κατὰ
1260 555 1369 607 τῶν
1399 555 1569 620 ἁγίων
1600 551 1699 604 αύ-

115 655 218 709 τοῦ
277 655 522 723 ἀγγέλων
580 652 949 719 ἐδυσφήμησε,
1004 649 1101 717 τῆς
1147 666 1207 700 τε
1259 647 1479 716 βαθείας
1533 641 1696 696 αὐτοῦ

118 747 426 812 ἀγνωσίας,
457 745 550 797 καὶ
590 743 795 805 ἀτελῶς,
848 742 922 804 ὡς
953 739 1106 810 ἔφην,
1138 739 1275 809 ιδίχα
1323 737 1464 799 τινὸς
1511 735 1697 803 ἐτέρου

120 837 356 905 ἐλέγχου
387 834 655 906 ἀριδήλως
699 830 1168 900 κτισματολάτρης
1219 829 1313 882 καὶ
1350 825 1698 893 δεισιδαίμων

119 927 393 995 ὑπάρχων
439 922 949 990 καταλαμϐάνεται·
987 921 1082 975 καὶ
1115 921 1288 994 μᾴτην
1326 914 1698 988 μεγαλαυχοῦ·

118 1035 209 1070 σιν
249 1019 301 1069 οἱ
339 1017 554 1083 ἀνόητοι
596 1013 918 1082 Σαρακηνοὶ,
975 1011 1068 1064 ἐπὶ
1115 1009 1193 1079 τῷ
1221 1009 1376 1077 γόητι
1428 1007 1602 1074 τούτῳ
1625 1005 1699 1068 ὼς

117 1108 392 1176 ἀληθινὴν
419 1106 615 1168 αὐτοὺς
649 1104 978 1171 θεογνωσίαν
1005 1101 1303 1164 διδάξαντι·
1331 1096 1701 1168 προκάλυμμα

117 1199 234 1266 γὰρ
284 1198 443 1267 μόνον
497 1195 556 1247 τὸ
589 1196 681 1246 τοῦ
722 1193 882 1264 μόνου
914 1191 1046 1243 Θεοῦ
1104 1188 1456 1257 περιεϐάλετο
1495 1188 1696 1253 ϐνομαο

121 1289 272 1342 κατὰ
299 1287 356 1339 δὲ
399 1288 459 1338 τὸ
494 1285 716 1351 λεληθὸς
759 1281 1285 1351 κτισματολατρείαν
1321 1277 1415 1330 καὶ⁸
1459 1277 1702 1346 Ἐλληνι-

119 1379 265 1448 σμὸν
302 1380 482 1438 αὐτοῖς
523 1377 878 1443 εἰσηγήσατοσ
912 1372 1005 1424 καὶ
1027 1371 1205 1440 δῆλον,
1237 1370 1311 1431 ὡς
1335 1369 1488 1439 ἔφην,
1507 1370 1570 1421 ὲκ
1596 1367 1703 1420 τῶν

118 1468 390 1522 τοιούτων
447 1468 609 1519 αὑτοῦ
647 1466 862 1534 ὅρκων·
921 1463 1038 1525 πῶς
1084 1462 1190 1532 γὰρ
1242 1457 1309 1531 ἦν
1342 1459 1563 1513 δυνατὸν
1612 1459 1704 1510 τὸν

120 1560 310 1630 ἀληθῆ
342 1559 478 1611 Θεὸν
506 1557 745 1627 ὀμνύντα
777 1554 916 1608 κατὰ
947 1554 1105 1616 κυνὸς
1134 1551 1419 1622 δρομικοῦ,
1452 1551 1543 1604 καὶ
1579 1550 1704 1602 σκό-

120 1667 252 1712 τους
303 1646 616 1718 νυκτερινοῦ
642 1687 655 1710 ,
694 1645 786 1698 καὶ
826 1644 932 1696 τῶν
986 1643 1172 1718 τούτου
1206 1643 1501 1710 χειρόνων;
1565 1637 1704 1692 Ἀλλ’

123 1740 321 1808 ἐπειδὴ
381 1716 639 1808 φορτικὸς
670 1733 736 1807 ἦν
770 1737 950 1798 αὐτοῖς
989 1716 1091 1786 και
1115 1733 1495 1801 ἁτέαράδεκτος
1534 1730 1593 1794 εξ
1619 1730 1705 1782 εὐ-

127 1830 282 1890 Θείας
307 1829 751 1898 προτρεπόμενος
776 1825 971 1886 αὐτοὺς
1007 1822 1289 1892 λατρεύειν
1318 1825 1382 1893 τῇ
1411 1823 1583 1874 κτίσει
1614 1823 1707 1874 καὶ

124 1921 241 1980 τοῖς
265 1919 540 1986 δαίμοσιν,
578 1915 993 1986 προοιμιάζεται
1025 1915 1121 1981 μὲν
1160 1913 1275 1975 ἐνὸς
1321 1912 1456 1964 Θεοῦ
1485 1913 1705 1981 γνῶσιν,

125 2008 201 2069 ὼς
230 2007 299 2059 ἂν
323 2008 411 2060 διὰ
429 2006 618 2058 τούτου
652 2005 876 2073 ἐκφύγοι
898 2004 995 2072 τὴν
1018 2004 1114 2071 τῆς
1137 2001 1427 2066 πολυθεῖας
1452 2001 1705 2070 ὑποψίαν·

129 2097 296 2152 πάλιν
319 2096 378 2148 δὲ
405 2097 614 2148 τούτων
637 2096 733 2148 οὐκ
759 2095 982 2164 ἁναίδην
1011 2094 1106 2147 καὶ
1146 2094 1299 2156 θεοὺς
1328 2094 1469 2162 ἔχειν
1501 2092 1569 2144 τὰ
1595 2093 1709 2144 xtl-

131 2205 322 2256 σματα
374 2188 636 2256 ὲκφωνεί·
691 2186 826 2239 ἀλλὰ
881 2185 977 2255 τὴν
1028 2185 1397 2254 προσηγορίαν
1445 2181 1537 2234 τοῦ
1573 2182 1707 2235 Θεοῦ

132 2282 456 2350 ἁποσιωπᾷο
507 2281 570 2333 τὸ
606 2279 668 2333 δὲ’
699 2279 940 2349 καθῆκον
967 2282 1094 2349 περὶ
1115 2278 1250 2331 Θεοῦ
1283 2280 1467 2343 σέϐας,
1501 2279 1562 2331 τὸ
1587 2279 1707 2330 κατ’

131 2370 299 2423 αὑτὸν
333 2372 502 2439 ὅρκῳ,
533 2372 694 2440 φημὶ,
728 2371 1033 2440 προσάπτει
1068 2370 1216 2440 αύτῷ
1240 2387 1254 2401 '
1283 2371 1424 2424 ὥστε
1452 2370 1510 2435 ἐξ
1537 2371 1708 2439 ἀνάγ-

133 2475 236 2525 κης
269 2457 556 2526 συμϐαίνει
579 2461 689 2520 τοῖς
719 2458 797 2526 τῷ
829 2457 935 2526 θεῷ
970 2457 1064 2509 τοῦ
1100 2459 1342 2525 Μωάμετ
1365 2455 1706 2525 λατρεύουσι,

129 2547 222 2598 διὰ
283 2548 452 2614 μέσου
510 2547 700 2599 τούτου
737 2549 801 2616 τῇ
855 2547 1027 2599 κτίσει
1057 2547 1148 2598 καὶ
1192 2549 1301 2607 τοῖς
1348 2546 1562 2615 δαίμοσι
1617 2545 1709 2597 λα·
1753 2556 1758 2560 ”

136 2638 384 2708 τρεύεινο
421 2637 510 2690 τὸν
535 2639 588 2692 δὲ
617 2637 747 2691 Θεὸν
779 2636 872 2690 τοῦ
920 2632 1167 2708 Ἀϐραὰμ
1194 2637 1422 2708 ὀμνύναι
1468 2638 1709 2708 Μωῦσῆς

137 2730 238 2798 μὲν
284 2729 517 2795 εἰσάγει,
549 2731 610 2781 οὺ
644 2729 762 2781 κατ’
793 2729 952 2782 ἄλλου
1008 2728 1064 2782 δέ
1111 2744 1254 2789 τινος
1284 2727 1512 2796 ὀμνύναι
1539 2727 1706 2794 λέγει,

134 2819 273 2872 ἀλλὰ
298 2820 424 2872 καθ’
455 2821 646 2871 ἑαυτοῦ
671 2835 685 2848 ⁶
725 2819 862 2871 Κατ’
892 2818 1151 2887 ἐμαυτοῦ
1188 2818 1315 2888 γὰρ,
1354 2818 1536 2886 φησὶν,
1565 2816 1712 2885 ὠμο-

137 2924 220 2960 σα
243 2925 254 2936 ·
292 2911 434 2961 ὥστε
456 2912 483 2962 ό
517 2910 606 2962 τὸν
637 2909 768 2961 Θεὸν
791 2910 882 2962 τοῦ
916 2909 1162 2979 Ἀϐραὰμ
1187 2909 1381 2973 σέϐων,
1401 2910 1500 2977 οὐχ
1524 2908 1711 2978 ’ἐτερόν

139 3016 258 3051 τινα
285 2999 419 3052 Θεὸν
442 2999 531 3053 διὰ
566 3000 733 3070 μέσου
767 2999 932 3053 αὑτοῦ
959 3000 1126 3062 σέϐει,
1149 3001 1263 3052 ἀλλ’
1285 3001 1448 3054 αὑτὸν
1478 3002 1705 3052 ἐκεῖνον·

1802 558 1914 600 tum
1972 545 2100 614 quia
2136 545 2402 598 adversus
2455 545 2547 597 Dei
2594 545 2934 613 majestatem
2970 527 3232 611 peccavit,
3259 551 3375 595 tum

1799 638 1928 708 quia
1989 636 2055 690 de
2103 636 2310 690 sanctis
2358 635 2776 703 blasphemavit.
2842 635 2992 687 Adde
3047 629 3375 701 profundam

1799 729 2046 797 ejusdem
2103 725 2397 780 inscitiam.
2433 724 2670 780 Omnino
2699 725 2974 778 evidenter
3019 725 3224 791 absque
3270 721 3377 776 alio

1800 820 1996 888 quovis
2025 817 2346 888 argumento
2370 827 2741 871 creaturarum
2784 817 3043 871 adorator
3098 826 3151 869 et
3179 829 3374 882 super-
3463 847 3467 850 -

1800 909 2046 966 stitiosos
2117 907 2481 963 convincitur.
2546 907 2771 962 Temere
2827 909 3009 977 itaque
3071 908 3376 978 gloriantur

1801 1000 1984 1056 stolidi
2037 999 2296 1053 Saraceni
2335 999 2400 1052 de
2452 998 2556 1051 hoc
2619 999 2933 1070 impostore,
2975 1000 3135 1068 quasi
3188 1015 3372 1053 veram

1798 1093 1949 1165 ipsos
2003 1092 2095 1146 Dei
2149 1091 2398 1145 notitiam
2447 1090 2713 1144 docuerit.
2744 1107 2748 1111 ·
2782 1089 3025 1159 Namque
3076 1099 3375 1160 prmtextus

1804 1185 2183 1239 tantummodo
2242 1199 2432 1244 causa,
2488 1182 2579 1236 Dei
2635 1183 2799 1236 unius
2834 1199 2940 1251 prae
2973 1200 3030 1237 se
3067 1185 3238 1237 tendit
3275 1199 3373 1237 no-

1803 1293 1956 1342 men;
1982 1279 2209 1331 latenter
2242 1292 2370 1330 vero
2395 1275 2756 1329 idololatrian)
2788 1283 2840 1326 et
2861 1275 3245 1329 cthuicismum
3269 1277 3376 1328 illis

1805 1367 2032 1422 invexit.
2091 1366 2258 1436 quue
2317 1375 2554 1430 constat,
2613 1373 2670 1418 ut
2744 1365 2876 1429 dixi,
2934 1379 2999 1418 ex
3064 1367 3373 1435 hujusmodi

1799 1459 2126 1528 iuramentis
2183 1458 2322 1528 ejus.
2374 1457 2508 1512 Nam
2552 1458 2641 1528 qui
2698 1457 2812 1510 ﬁeri
2851 1466 3067 1526 poterat
3112 1467 3171 1510 ut
3216 1473 3376 1511 verus

1806 1550 1948 1605 Deus
2002 1566 2098 1621 per
2125 1566 2316 1605 canem
2349 1549 2594 1612 velocem
2664 1548 2897 1616 jnraret,
2929 1563 3024 1616 per
3081 1556 3378 1601 nocturnas

1805 1641 2078 1705 tenebras,
2113 1650 2165 1694 et
2186 1657 2282 1710 per
2318 1643 2402 1696 his
2450 1640 2758 1695 deteriora?
2799 1640 3071 1719 Sed‘quia
3114 1639 3378 1715 molestus

1808 1730 2004 1787 fuisset
2066 1732 2172 1786 illis
2228 1731 2574 1785 Mohamedes
2621 1742 2672 1785 et
2732 1731 2956 1784 minime
3000 1730 3300 1792 credibilis,
3334 1731 3378 1782 si

1811 1831 1954 1876 recta
1984 1836 2079 1875 eos
2117 1822 2182 1876 ad
2216 1833 2482 1876 creaturae
2508 1822 2930 1889 daemonumque
2959 1822 3166 1874 cultum
3203 1822 3380 1889 impu-

1811 1911 1997 1974 lisset;
2032 1910 2191 1964 initio
2217 1911 2436 1979 quidem
2466 1913 2629 1966 unius
2663 1912 2752 1965 Dei
2798 1913 3052 1966 notitiam
3093 1913 3283 1974 tradit,
3323 1921 3382 1964 ut

1810 2004 1891 2057 sic
1921 2002 2264 2072 polytheismi
2287 2001 2650 2072 suspicionem
2683 2003 2834 2056 vitet.
2874 2004 3007 2056 item
3035 2005 3176 2056 haud
3201 2004 3379 2071 impu-

1810 2093 2000 2147 denter
2029 2101 2089 2146 ut
2113 2100 2394 2145 creaturas
2422 2091 2596 2146 instar
2625 2092 2717 2146 Dei
2748 2094 3006 2157 habeant,
3041 2093 3260 2156 clamat,
3286 2093 3380 2146 sed

1812 2185 1907 2238 Dei
1939 2199 2142 2238 nomen
2173 2186 2396 2248 reticet;
2428 2184 2787 2238 nihilominus
2820 2185 3237 2237 convenientem
3270 2182 3384 2235 Deo

1811 2276 2096 2332 honorem.
2157 2275 2248 2343 qui
2291 2289 2387 2343 per
2429 2273 2816 2344 jusjurandum
2881 2274 3062 2337 datur,
3099 2275 3267 2338 hune,
3299 2273 3386 2326 in-

1810 2381 1998 2436 quam,
2031 2366 2301 2420 creaturis
2340 2375 2598 2435 tanquam
2633 2364 2743 2418 Deo
2781 2364 2894 2418 dat.
2939 2365 3012 2418 Ex
3045 2380 3154 2434 quo
3190 2378 3386 2418 neces-

1809 2457 1959 2512 sario
1989 2452 2364 2526 consequitur,
2393 2468 2452 2510 ut
2479 2458 2568 2526 qui
2605 2455 2943 2510 Mobamedis
2983 2456 3144 2510 deum
3172 2457 3381 2520 colunt,

1810 2547 1915 2602 hoc
1939 2548 2284 2612 intermedio,
2323 2557 2435 2602 tum
2467 2556 2746 2602 creaturas
2773 2558 2889 2601 tum
2916 2547 3080 2601 etiam
3106 2548 3382 2602 daemones

1809 2639 2011 2695 colant.
2035 2638 2331 2693 Abrahami
2358 2653 2489 2692 sane
2513 2638 2678 2692 Deum
2705 2637 2914 2692 inducit
2935 2637 3208 2707 jurantem
3231 2637 3382 2708 Moy-

1787 2746 1927 2794 ses,
1958 2731 2049 2786 sed
2077 2745 2174 2799 per
2206 2731 2367 2784 aliam
2403 2744 2515 2783 rem
2567 2729 2770 2783 nullam
2815 2729 2919 2782 nisi
2953 2743 3050 2798 per
3080 2743 3139 2784 se
3159 2729 3336 2797 ipsum
3365 2743 3380 2781 :

1813 2819 1918 2874 Per
1966 2820 2326 2888 memetipsum
2342 2819 2524 2887 juravi
2547 2818 2616 2883 ",
2654 2819 2851 2887 inquit.
2889 2818 3250 2882 Quamobrem
3288 2817 3382 2886 qui

1813 2909 1982 2964 Deum
2003 2910 2295 2964 Abrahami
2330 2909 2479 2974 colit,
2518 2909 2685 2963 alium
2717 2909 2883 2962 Deum
2915 2909 3238 2964 intermedio
3264 2910 3383 2979 ipso

1815 3017 1922 3056 non
1967 3002 2120 3066 colit,
2158 3002 2251 3055 sed
2312 3001 2464 3055 illum
2521 3001 2723 3069 ipsum.
2774 2997 3158 3056 Mohamedani
3199 3011 3381 3055 autem

141 3092 198 3141 ol—
225 3091 282 3143 δὲ
309 3090 389 3159 τῷ
428 3089 522 3142 τοῦ
563 3091 808 3160 Μωάμετ
861 3091 1209 3160 λατρεύοντες
1249 3091 1386 3159 Θεῷ,
1419 3092 1486 3144 δι’
1535 3088 1699 3142 αὐτοῦ

1807 3097 1934 3146 dum
1993 3091 2161 3146 Deum
2198 3093 2406 3157 colunt,
2456 3092 2781 3147 intermedio
2845 3092 3033 3146 eodem
3088 3103 3277 3148 noctes
3327 3103 3382 3147 et

141 3180 354 3231 ἑκείνου
385 3179 584 3241 νύκτας
630 3195 690 3230 τε
739 3180 832 3230 καὶ
865 3178 1029 3241 κύνας
1072 3179 1164 3231 καὶ
1198 3181 1365 3242 συκᾶς
1400 3182 1491 3231 καὶ
1523 3178 1707 3242 ἐλαίας

143 3273 233 3322 καὶ
258 3269 438 3325 πάντα
457 3270 526 3321 τὰ
548 3269 918 3339 προειρημένα
940 3269 1262 3340 μυθεύματα
1290 3269 1703 3340 προσκυνοῦσιν’

143 3357 222 3412 διὸ
275 3359 342 3428 δὴ
373 3359 469 3429 τὴν
524 3359 731 3428 πλάνην
765 3361 1220 3428 κατανοήσαντες,
1272 3361 1364 3411 καὶ
1422 3361 1514 3413 τὸν
1559 3359 1706 3411 δόλον

143 3451 438 3512 συνιέντες,
469 3448 883 3518 ἀποστήτωσαν,
919 3452 966 3501 εί
1019 3449 1307 3518 βούλοιντο,
1341 3450 1442 3518 τῆς
1469 3433 1561 3502 τοῦ
1599 3467 1704 3519 μα-

143 3541 292 3592 ταίου
319 3539 510 3594 τούτου
539 3531 902 3609 ἇταροδηγίας·
942 3540 1035 3592 καὶ
1087 3541 1223 3610 μόνῃ
1261 3543 1324 3610 τῇ
1360 3539 1478 3609 θείᾳ
1516 3540 1702 3609 Γραφῇ

146 3629 546 3697 στοιχήσαντες,
598 3628 731 3697 παρ’
778 3628 948 3697 αὐτῆς
997 3627 1093 3698 τὴν
1146 3628 1357 3680 τελείαν
1412 3629 1507 3680 καὶ
1537 3629 1705 3698 μόνην

144 3717 314 3786 ἀληθῆ
341 3718 669 3784 θεογνωσίαν
694 3717 1125 3788 διδαχθήτωσαν·
1155 3719 1292 3788 πρὸς
1311 3721 1374 3789 ἣν
1391 3720 1460 3772 τὰ
1480 3720 1708 3790 κίϐδηλα

146 3807 331 3859 τούτου
386 3807 625 3878 μυθάρια
684 3809 1109 3878 συγκρινόμενα,
1160 3811 1258 3879 τὴν
1309 3812 1431 3863 ὅσον
1475 3813 1707 3881 κοπρίαν

146 3900 277 3966 πρὸς
330 3898 560 3969 δϐρυζον
609 3900 809 3970 χρυσὸν
845 3901 1339 3972 παραϐαλλομένην
1391 3902 1706 3958 ἀπόπτωσιν

148 3991 419 4059 πάσχοντα
450 3993 833 4062 ἁπελέγχεται.

662 4085 1054 4138 ΑΠΔΝΤΗΣΙΣ
1083 4086 1180 4140 ΙΘ’.

149 4171 295 4238 Πρὸς
323 4162 429 4226 τόν
465 4175 713 4242 Μωάμετ
769 4174 959 4242 ψιλῶς
1018 4177 1540 4244 ἐκλαμϐανόμενον
1591 4178 1706 4246 τὴν

207 4243 397 4299 Λόγος
429 4242 537 4299 (89)
570 4244 776 4299 φωνὴν
795 4244 894 4297 ἐπὶ
927 4245 1032 4298 τοῦ
1075 4246 1487 4299 ένυποστάτου
1511 4249 1704 4299 Λόγου

213 4244 397 4308 Λόγος
429 4244 537 4310 (89)
568 4244 776 4312 φωνὴν
795 4244 894 4297 ἐπὶ
927 4245 1032 4298 τοῦ
1075 4246 1487 4300 ὲνυποστάτου
1511 4244 1704 4317 Λόγου

213 4311 309 4363 καὶ
343 4314 478 4364 Υὶοῠ
510 4313 614 4365 τοῦ
644 4313 810 4368 Θεοῦ.

1809 3198 1970 3237 canes
1992 3193 2045 3237 et
2087 3185 2221 3236 licus
2250 3193 2303 3236 et
2328 3182 2491 3248 oleas,
2512 3191 2564 3236 et
2583 3183 2832 3251 praedicta
2863 3183 3042 3236 omnia
3075 3193 3381 3240 commenta

1807 3277 2059 3342 adorant.
2123 3274 2290 3345 igitur
2342 3289 2530 3329 errore
2577 3275 2793 3330 demum
2851 3277 3088 3344 cognito,
3147 3277 3382 3346 doloque

1806 3349 2101 3427 intellecto,
2137 3365 2420 3428 recedant,
2450 3366 2497 3420 si
2528 3374 2677 3419 certe
2714 3366 2930 3429 volunt,
2961 3367 3028 3420 ab
3051 3367 3214 3435 hujus
3231 3369 3382 3422 stulti

1805 3469 2038 3510 erroneo
2080 3455 2278 3509 ducatu
2331 3457 2579 3524 :unique
2635 3457 2832 3510 divina:
2859 3456 3158 3526 Scriptura:
3197 3460 3379 3513 adhae-

1807 3556 2006 3608 rentes,
2034 3545 2100 3599 ab
2123 3544 2311 3599 eadem
2336 3545 2634 3614 perlectum
2655 3547 2946 3615 solumque
2967 3562 3152 3601 verum
3176 3549 3380 3603 cultum

1808 3635 2055 3700 discant;
2118 3649 2244 3689 cum
2284 3650 2393 3705 qua
2457 3635 2640 3689 divina
2699 3635 2980 3705 Scriptura
3007 3651 3176 3691 cassa:
3217 3638 3382 3706 hujus

1809 3725 2049 3780 hominis
2092 3726 2461 3782 tabulationes
2514 3737 2862 3795 comparatae,
2926 3742 3025 3782 ceu
3066 3728 3113 3782 si
3168 3737 3384 3784 stercus

1807 3829 1934 3868 cum
1964 3830 2097 3870 auro
2128 3815 2317 3870 οι)τίιο
2348 3813 2686 3881 conferatur,
2731 3817 2889 3871 ruina
2927 3816 3128 3872 diaboli
3158 3833 3381 3888 compe-

1805 3907 2034 3962 rientur.

2241 4085 2745 4141 CONTRADICTIO
2783 4086 2924 4140 XIX.

1804 4176 2062 4229 Adversus
2079 4174 2458 4237 Moltamedem,
2473 4179 2560 4245 qui
2582 4177 2887 4230 vocabulum
2907 4176 3127 4232 Vensuu
3149 4149 3377 4245 simplici

1876 4248 2084 4368 tlgotjone
2131 4246 2377 4314 intelligit
2404 4247 2879 4316 iitenltypostatico
2924 4247 3088 4302 Verbo
3138 4259 3187 4301 et
3228 4249 3376 4304 Filio

1925 4333 1993 4369 et.
2304 4361 2306 4363 .

214 4401 316 4453 πδ’.
349 4396 450 4455 Ὧν
500 4403 778 4462 αίιούσίαι
825 4405 986 4474 ἧτουν
1009 4405 1064 4457 αἱ
1095 4405 1286 4474 φύσεις
1312 4406 1576 4478 διάφοροι,
1607 4409 1700 4462 καὶ

1874 4406 1966 4459 84.
2013 4403 2256 4470 Quorum
2294 4404 2633 4468 substantiae,
2685 4405 2737 4460 id
2766 4415 2852 4461 est
2886 4417 3114 4473 naturae,
3149 4411 3380 4467 diversa:

151 4493 279 4545 αὐτὰ
316 4496 532 4557 πάντως
554 4495 674 4547 κατ’
708 4495 894 4548 οὐσίαν
924 4496 1156 4568 διάφορα
1178 4512 1192 4526 ·
1219 4496 1255 4550 ἃ
1288 4497 1344 4549 δὲ
1370 4497 1544 4560 οὕτως
1574 4500 1710 4568 πρὸς

150 4583 342 4653 ἄλληλα
372 4585 638 4653 διαφέρει,
678 4587 774 4638 καὶ
824 4587 922 4648 τὰς
976 4585 1252 4648 οὐσιῶδεις
1297 4587 1561 4658 ίδιότητας
1601 4590 1708 4642 τῶν

148 4671 352 4738 φύσεων
380 4674 668 4742 διαφόρους
701 4676 794 4727 καὶ
843 4675 1132 4743 ἀνομοίους
1177 4675 1287 4744 ἔχει
1311 4694 1325 4708 ο
1375 4672 1449 4731 ὧν
1480 4674 1571 4732 οὖν
1600 4681 1707 4751 ἄρα

151 4761 201 4811 αί
227 4762 402 4814 οὐσίαι
425 4763 587 4832 ῆτουν
620 4762 676 4814 αἱ
712 4763 904 4830 φύσεις
930 4763 1197 4833 διάφοροι,
1233 4767 1328 4819 καὶ
1353 4769 1405 4819 al
1431 4768 1708 4832 ούσιὼδεις

151 4850 317 4903 αὐτῶν
352 4853 616 4922 ἰδιότητες
642 4852 749 4904 τῶν
786 4853 1002 4920 φύσεων
1032 4853 1279 4924 διάφοροι
1327 4858 1422 4912 καὶ
1443 4859 1703 4928 ἀνόμοιοι.

152 4940 206 4993 Εἰ
235 4938 323 4995 οὖν
362 4943 493 5006 Θεὸς
541 4945 634 4998 καὶ
682 4943 911 5011 ἄγγελος
970 4944 1063 4997 καὶ
1098 4945 1381 5016 ἄνθρωπος
1421 4951 1706 5022 διαφόρους

151 5029 250 5098 ἔχει
296 5034 396 5097 τὰς
427 5035 636 5098 οὐσίας,
692 5035 788 5088 καὶ
843 5037 997 5088 αύτοί
1031 5036 1278 5108 διάφοροι
1337 5038 1540 5102 ἂντεῐεν
1570 5045 1705 5114 πρὸς

153 5120 358 5185 ὲιυτούς
382 5141 396 5154 ι
433 5128 481 5178 εί
517 5127 573 5178 δὲ
603 5126 918 5198 διαφέρουσι
951 5127 1085 5196 πρὸς
1111 5130 1359 5196 ἑαυτοὺς,
1398 5133 1490 5186 καὶ
1519 5135 1573 5186 αἱ
1609 5136 1703 5187 ού-

155 5211 346 5276 σιώδεις
395 5216 574 5268 αὐτῶν
634 5217 890 5286 ἰδιότητες
935 5219 1040 5270 τῶν
1089 5219 1303 5287 φύσεων
1337 5223 1582 5294 διάφοροι
1611 5227 1702 5278 καὶ

155 5301 380 5370 ἀνόμοιοι
410 5305 593 5359 τέλεον
624 5308 833 5361 ἔσονται
865 5310 998 5379 πρὸς
1024 5311 1221 5374 ἑαυτάς
1247 5329 1262 5346 ο
1293 5315 1488 5368 οὐκοῦν
1515 5317 1697 5387 ἓτερον

154 5391 269 5445 Θεοῦ
316 5396 407 5448 καὶ
463 5397 710 5464 ἀγγέλων
769 5401 862 5453 καὶ
888 5401 1188 5471 ἀνθρώπων
1235 5403 1296 5456 τὸ
1324 5404 1540 5474 λογικὸν
1571 5411 1707 5479 πρὸς

214 5506 254 5538 ’⁷
275 5507 410 5565 Gen.
447 5524 582 5574 χχιι,
613 5511 700 5564 16.

1807 4508 1951 4565 sunt,
1987 4513 2050 4551 ea
2092 4497 2210 4566 ipsa
2239 4499 2458 4552 omnino
2494 4499 2928 4555 substantialiter
2959 4503 3172 4557 diversa
3201 4515 3329 4558 sunt
3360 4523 3376 4558 :

1807 4606 1926 4660 quae
1958 4599 2138 4644 autem
2203 4591 2436 4644 invicem
2468 4592 2547 4645 sic
2585 4590 2865 4657 diﬂ‘erunt,
2894 4608 2955 4646 ca
2987 4595 3378 4652 substantiales

1805 4696 2023 4751 quoque
2054 4689 2371 4735 naturarum
2406 4682 2766 4751 proprietates
2793 4683 3035 4739 diversas
3053 4685 3377 4739 dissimiles-

1807 4787 1911 4842 que
1941 4773 2161 4826 habent.
2195 4772 2365 4843 Igitur
2403 4788 2638 4843 quorum
2670 4775 3007 4838 substantize,
3038 4776 3090 4829 id
3139 4785 3222 4830 est
3277 4793 3377 4832 na-

1807 4875 1961 4930 tura’,
1994 4864 2274 4930 ditl‘erunt,
2337 4864 2656 4918 corumdem
2698 4866 3091 4921 substantiales
3158 4885 3376 4938 quoque

1804 4965 2123 5010 naturarum
2156 4955 2511 5026 proprietates
2538 4955 2764 5009 diversae
2793 4965 3111 5026 suntatque
3134 4961 3374 5014 dissimi-

1803 5046 1903 5100 les.
1938 5044 2007 5108 Si,
2030 5062 2162 5116 ergo
2225 5045 2366 5100 Deus
2387 5055 2438 5099 et
2470 5045 2697 5114 angelus
2731 5055 2783 5099 et
2807 5045 2970 5100 homo
2999 5048 3244 5103 diversas
3280 5051 3376 5102 ha-

1802 5141 1931 5193 bent
1959 5138 2315 5204 substantias,
2345 5136 2445 5205 ipsi
2469 5151 2688 5206 quoque
2710 5137 2912 5193 diversi
2948 5149 3108 5193 erunt
3132 5141 3271 5194 inter
3293 5158 3369 5195 se.

1808 5230 1964 5296 Quod
2000 5232 2045 5287 si
2077 5231 2131 5285 hi
2155 5229 2407 5284 diﬂ‘erunt
2435 5228 2578 5283 inter
2608 5244 2685 5293 se,
2713 5231 3102 5286 substantiales
3155 5246 3373 5299 quoque

1805 5324 1948 5390 apud
1984 5337 2078 5376 eos
2135 5332 2450 5374 naturarum
2490 5320 2851 5388 preprietates
2877 5321 3100 5374 diversae
3129 5320 3372 5374 dissimi-

1802 5413 1992 5482 lesquc
2021 5425 2246 5482 prorsus
2297 5417 2461 5464 erunt
2509 5409 2650 5464 inter
2694 5426 2772 5465 se.
2807 5411 2994 5477 itaque
3033 5411 3243 5466 diversa
3289 5422 3372 5466 est

213 5627 596 5715 {Sgﬂghristus
634 5630 856 5685 Verbum
887 5631 982 5686 Dei
1019 5635 1096 5690 vel
1135 5649 1198 5688 ea:
1227 5633 1356 5702 Deo,
1386 5638 1687 5707 appellatur
1725 5652 1754 5693 a
1789 5637 2111 5698 Mohamcdc
2137 5637 2287 5715 _Sur.
2317 5637 2406 5707 ΙΙΙ,
2441 5620 2530 5697 ιδ.
2583 5639 2781 5698 Recole
2835 5649 3015 5696 autem
3069 5644 3211 5713 apud
3274 5659 3371 5700 nos

158 5698 245 5751 col.
279 5700 392 5758 729.

495 5798 760 5858 PATROL.
802 5797 918 5858 Gn.
964 5799 1083 5861 CV.

2947 5803 3019 5860 25
