  <div class='ocr_page' id='page_1' title='image "/cluster/home/n/w/nwhite01/storage/ocr_20150623/105/pst.000005714155/469.png"; bbox 0 0 3926 6308; ppageno 0'>
   <div class='ocr_carea' id='block_1_1' title="bbox 584 482 692 548">
    <p class='ocr_par' dir='ltr' id='par_1_1' title="bbox 584 482 692 548">
     <span class='ocr_line' id='line_1_1' title="bbox 584 482 692 548; baseline 0 0"><span class='ocrx_word' id='word_1_1' title='bbox 584 482 692 548; x_wconf 83' lang='lat'><strong>779</strong></span> 
     </span>
    </p>
   </div>
   <div class='ocr_carea' id='block_1_2' title="bbox 1811 478 2559 543">
    <p class='ocr_par' dir='ltr' id='par_1_2' title="bbox 1811 478 2559 543">
     <span class='ocr_line' id='line_1_2' title="bbox 1811 478 2559 543; baseline 0.004 -3"><span class='ocrx_word' id='word_1_2' title='bbox 1811 480 2102 543; x_wconf 71' lang='lat' dir='ltr'><strong>NICETzE</strong></span> <span class='ocrx_word' id='word_1_3' title='bbox 2156 478 2559 543; x_wconf 79' lang='lat' dir='ltr'><strong>BYZANTINI</strong></span> 
     </span>
    </p>
   </div>
   <div class='ocr_carea' id='block_1_3' title="bbox 3725 491 3830 554">
    <p class='ocr_par' dir='ltr' id='par_1_3' title="bbox 3725 491 3830 554">
     <span class='ocr_line' id='line_1_3' title="bbox 3725 491 3830 554; baseline -0.01 0"><span class='ocrx_word' id='word_1_4' title='bbox 3725 491 3830 554; x_wconf 77' lang='lat'><strong>780</strong></span> 
     </span>
    </p>
   </div>
   <div class='ocr_carea' id='block_1_4' title="bbox 583 583 2141 669">
    <p class='ocr_par' dir='ltr' id='par_1_4' title="bbox 583 583 2141 663">
     <span class='ocr_line' id='line_1_4' title="bbox 583 583 2141 663; baseline -0.001 -13"><span class='ocrx_word' id='word_1_5' title='bbox 583 595 814 650; x_wconf 79' lang='lat' dir='ltr'><strong>invicem</strong></span> <span class='ocrx_word' id='word_1_6' title='bbox 847 592 938 648; x_wconf 83' lang='lat' dir='ltr'><strong>Dei</strong></span> <span class='ocrx_word' id='word_1_7' title='bbox 974 601 1026 648; x_wconf 90' lang='lat' dir='ltr'><strong>et</strong></span> <span class='ocrx_word' id='word_1_8' title='bbox 1057 591 1373 663; x_wconf 80' lang='lat' dir='ltr'><strong>angelorum</strong></span> <span class='ocrx_word' id='word_1_9' title='bbox 1436 602 1488 647; x_wconf 90' lang='lat' dir='ltr'><strong>ct</strong></span> <span class='ocrx_word' id='word_1_10' title='bbox 1539 592 1819 648; x_wconf 80' lang='lat' dir='ltr'><strong>hominum</strong></span> <span class='ocrx_word' id='word_1_11' title='bbox 1850 583 2141 650; x_wconf 72' lang='lat' dir='ltr'><strong>rationali:</strong></span> 
     </span>
    </p>
   </div>
   <div class='ocr_carea' id='block_1_5' title="bbox 2249 583 3833 669">
    <p class='ocr_par' dir='ltr' id='par_1_5' title="bbox 2259 594 3833 669">
     <span class='ocr_line' id='line_1_5' title="bbox 2259 594 3833 669; baseline 0.003 -20"><span class='ocrx_word' id='word_1_12' title='bbox 2259 597 2483 666; x_wconf 81' lang='grc' dir='ltr'>ἄλληλα,</span> <span class='ocrx_word' id='word_1_13' title='bbox 2524 596 2586 648; x_wconf 86' lang='grc' dir='ltr'><strong>οὑ</strong></span> <span class='ocrx_word' id='word_1_14' title='bbox 2619 594 2777 666; x_wconf 75' lang='grc' dir='ltr'>μόνον</span> <span class='ocrx_word' id='word_1_15' title='bbox 2806 595 2880 658; x_wconf 82' lang='grc' dir='ltr'>ὡς</span> <span class='ocrx_word' id='word_1_16' title='bbox 2907 595 3132 666; x_wconf 80' lang='grc' dir='ltr'><strong>ποιητοῦ</strong></span> <span class='ocrx_word' id='word_1_17' title='bbox 3167 596 3306 666; x_wconf 76' lang='grc' dir='ltr'>πρὸς</span> <span class='ocrx_word' id='word_1_18' title='bbox 3336 597 3574 669; x_wconf 80' lang='grc' dir='ltr'>ποίημα,</span> <span class='ocrx_word' id='word_1_19' title='bbox 3599 599 3724 654; x_wconf 79' lang='grc' dir='ltr'>οὐδὲ</span> <span class='ocrx_word' id='word_1_20' title='bbox 3756 603 3833 664; x_wconf 76' lang='grc' dir='ltr'>ὡς</span> 
     </span>
    </p>
   </div>
   <div class='ocr_carea' id='block_1_6' title="bbox 582 682 2158 756">
    <p class='ocr_par' dir='ltr' id='par_1_6' title="bbox 582 682 2158 756">
     <span class='ocr_line' id='line_1_6' title="bbox 582 682 2158 756; baseline -0.001 -16"><span class='ocrx_word' id='word_1_21' title='bbox 582 685 833 748; x_wconf 77' lang='lat' dir='ltr'><strong>facultas,</strong></span> <span class='ocrx_word' id='word_1_22' title='bbox 865 700 970 739; x_wconf 89' lang='lat' dir='ltr'><strong>non</strong></span> <span class='ocrx_word' id='word_1_23' title='bbox 1028 685 1201 737; x_wconf 83' lang='lat' dir='ltr'><strong>solum</strong></span> <span class='ocrx_word' id='word_1_24' title='bbox 1239 693 1495 754; x_wconf 89' lang='lat' dir='ltr'><strong>tanquam</strong></span> <span class='ocrx_word' id='word_1_25' title='bbox 1526 682 1801 739; x_wconf 79' lang='lat' dir='ltr'><strong>Creatoris</strong></span> <span class='ocrx_word' id='word_1_26' title='bbox 1847 700 1973 756; x_wconf 77' lang='lat' dir='ltr'><strong>erga</strong></span> <span class='ocrx_word' id='word_1_27' title='bbox 2006 700 2158 738; x_wconf 88' lang='lat' dir='ltr'><strong>crea-</strong></span> 
     </span>
    </p>
   </div>
   <div class='ocr_carea' id='block_1_7' title="bbox 542 762 2158 843">
    <p class='ocr_par' dir='ltr' id='par_1_7' title="bbox 542 762 2158 843">
     <span class='ocr_line' id='line_1_7' title="bbox 542 762 2158 843; baseline -0.001 -11"><span class='ocrx_word' id='word_1_28' title='bbox 542 762 545 768; x_wconf 54' lang='grc'><em>’</em></span> <span class='ocrx_word' id='word_1_29' title='bbox 579 787 778 839; x_wconf 88' lang='lat' dir='ltr'><strong>turam,</strong></span> <span class='ocrx_word' id='word_1_30' title='bbox 808 785 855 831; x_wconf 88' lang='lat' dir='ltr'><strong>et</strong></span> <span class='ocrx_word' id='word_1_31' title='bbox 891 774 1265 830; x_wconf 85' lang='lat' dir='ltr'><strong>immaterialis</strong></span> <span class='ocrx_word' id='word_1_32' title='bbox 1288 790 1412 843; x_wconf 79' lang='lat' dir='ltr'><strong>erga</strong></span> <span class='ocrx_word' id='word_1_33' title='bbox 1437 776 1733 840; x_wconf 90' lang='lat' dir='ltr'><strong>materiale,</strong></span> <span class='ocrx_word' id='word_1_34' title='bbox 1769 776 1862 830; x_wconf 86' lang='lat' dir='ltr'><strong>sed</strong></span> <span class='ocrx_word' id='word_1_35' title='bbox 1889 785 2158 843; x_wconf 82' lang='lat' dir='ltr'><strong>quatenus</strong></span> 
     </span>
    </p>
   </div>
   <div class='ocr_carea' id='block_1_8' title="bbox 581 866 2158 932">
    <p class='ocr_par' dir='ltr' id='par_1_8' title="bbox 581 866 2158 932">
     <span class='ocr_line' id='line_1_8' title="bbox 581 866 2158 932; baseline -0.002 -10"><span class='ocrx_word' id='word_1_36' title='bbox 581 868 634 922; x_wconf 88' lang='lat' dir='ltr'><strong>in</strong></span> <span class='ocrx_word' id='word_1_37' title='bbox 667 883 773 922; x_wconf 90' lang='lat' dir='ltr'><strong>uno</strong></span> <span class='ocrx_word' id='word_1_38' title='bbox 795 875 879 922; x_wconf 88' lang='lat' dir='ltr'><strong>est</strong></span> <span class='ocrx_word' id='word_1_39' title='bbox 910 867 1134 921; x_wconf 80' lang='lat' dir='ltr'><strong>verbum</strong></span> <span class='ocrx_word' id='word_1_40' title='bbox 1169 866 1540 920; x_wconf 86' lang='lat' dir='ltr'><strong>tantummodo</strong></span> <span class='ocrx_word' id='word_1_41' title='bbox 1567 869 1876 932; x_wconf 90' lang='lat' dir='ltr'><strong>internum;</strong></span> <span class='ocrx_word' id='word_1_42' title='bbox 1901 869 1951 920; x_wconf 89' lang='lat' dir='ltr'><strong>in</strong></span> <span class='ocrx_word' id='word_1_43' title='bbox 1987 867 2158 919; x_wconf 89' lang='lat' dir='ltr'><strong>altero</strong></span> 
     </span>
    </p>
   </div>
   <div class='ocr_carea' id='block_1_9' title="bbox 579 954 2158 1024">
    <p class='ocr_par' dir='ltr' id='par_1_9' title="bbox 579 954 2158 1024">
     <span class='ocr_line' id='line_1_9' title="bbox 579 954 2158 1024; baseline -0.003 -14"><span class='ocrx_word' id='word_1_44' title='bbox 579 958 742 1010; x_wconf 88' lang='lat' dir='ltr'><strong>etiam</strong></span> <span class='ocrx_word' id='word_1_45' title='bbox 803 955 1197 1010; x_wconf 84' lang='lat' dir='ltr'><strong>enuntiativum</strong></span> <span class='ocrx_word' id='word_1_46' title='bbox 1229 972 1240 1018; x_wconf 92' lang='lat'>;</span> <span class='ocrx_word' id='word_1_47' title='bbox 1285 955 1336 1006; x_wconf 91' lang='lat' dir='ltr'><strong>in</strong></span> <span class='ocrx_word' id='word_1_48' title='bbox 1371 955 1531 1007; x_wconf 84' lang='lat' dir='ltr'><strong>tertio</strong></span> <span class='ocrx_word' id='word_1_49' title='bbox 1563 954 1800 1022; x_wconf 89' lang='lat' dir='ltr'><strong>denique</strong></span> <span class='ocrx_word' id='word_1_50' title='bbox 1829 955 1950 1024; x_wconf 86' lang='lat' dir='ltr'><strong>plus</strong></span> <span class='ocrx_word' id='word_1_51' title='bbox 1993 969 2158 1022; x_wconf 89' lang='lat' dir='ltr'><strong>quam</strong></span> 
     </span>
    </p>
   </div>
   <div class='ocr_carea' id='block_1_10' title="bbox 577 1041 2153 1101">
    <p class='ocr_par' dir='ltr' id='par_1_10' title="bbox 577 1041 2153 1101">
     <span class='ocr_line' id='line_1_10' title="bbox 577 1041 2153 1101; baseline -0.003 0"><span class='ocrx_word' id='word_1_52' title='bbox 577 1046 848 1101; x_wconf 85' lang='lat' dir='ltr'><strong>internum</strong></span> <span class='ocrx_word' id='word_1_53' title='bbox 868 1053 921 1099; x_wconf 91' lang='lat' dir='ltr'><strong>et</strong></span> <span class='ocrx_word' id='word_1_54' title='bbox 948 1044 1360 1098; x_wconf 81' lang='lat' dir='ltr'><strong>enuntiativum.</strong></span> <span class='ocrx_word' id='word_1_55' title='bbox 1379 1041 1444 1094; x_wconf 86' lang='lat' dir='ltr'><strong>Et</strong></span> <span class='ocrx_word' id='word_1_56' title='bbox 1470 1059 1592 1097; x_wconf 90' lang='lat' dir='ltr'><strong>cum</strong></span> <span class='ocrx_word' id='word_1_57' title='bbox 1618 1044 1830 1097; x_wconf 91' lang='lat' dir='ltr'><strong>illorum</strong></span> <span class='ocrx_word' id='word_1_58' title='bbox 1867 1043 2006 1096; x_wconf 91' lang='lat' dir='ltr'><strong>haud</strong></span> <span class='ocrx_word' id='word_1_59' title='bbox 2021 1041 2153 1096; x_wconf 81' lang='lat' dir='ltr'><strong>sub-</strong></span> 
     </span>
    </p>
   </div>
   <div class='ocr_carea' id='block_1_11' title="bbox 578 1133 2158 1209">
    <p class='ocr_par' dir='ltr' id='par_1_11' title="bbox 578 1133 2158 1209">
     <span class='ocr_line' id='line_1_11' title="bbox 578 1133 2158 1209; baseline -0.005 -18"><span class='ocrx_word' id='word_1_60' title='bbox 578 1136 827 1191; x_wconf 85' lang='lat' dir='ltr'><strong>stantiale</strong></span> <span class='ocrx_word' id='word_1_61' title='bbox 853 1136 922 1190; x_wconf 85' lang='lat' dir='ltr'><strong>sit</strong></span> <span class='ocrx_word' id='word_1_62' title='bbox 951 1136 1196 1200; x_wconf 83' lang='lat' dir='ltr'><strong>verbum,</strong></span> <span class='ocrx_word' id='word_1_63' title='bbox 1219 1133 1500 1209; x_wconf 57' lang='lat' dir='ltr'><strong>nonrnim</strong></span> <span class='ocrx_word' id='word_1_64' title='bbox 1519 1143 1668 1187; x_wconf 79' lang='lat' dir='ltr'><strong>extra</strong></span> <span class='ocrx_word' id='word_1_65' title='bbox 1693 1133 1821 1186; x_wconf 86' lang='lat' dir='ltr'><strong>illud</strong></span> <span class='ocrx_word' id='word_1_66' title='bbox 1865 1133 1918 1186; x_wconf 82' lang='lat' dir='ltr'><strong>in</strong></span> <span class='ocrx_word' id='word_1_67' title='bbox 1940 1147 2048 1201; x_wconf 89' lang='lat' dir='ltr'><strong>quo</strong></span> <span class='ocrx_word' id='word_1_68' title='bbox 2078 1139 2158 1185; x_wconf 83' lang='lat' dir='ltr'><strong>est</strong></span> 
     </span>
    </p>
   </div>
   <div class='ocr_carea' id='block_1_12' title="bbox 576 1214 2152 1294">
    <p class='ocr_par' dir='ltr' id='par_1_12' title="bbox 576 1214 2152 1294">
     <span class='ocr_line' id='line_1_12' title="bbox 576 1214 2152 1294; baseline -0.002 -17"><span class='ocrx_word' id='word_1_69' title='bbox 576 1214 835 1294; x_wconf 76' lang='lat' dir='ltr'><strong>procedit,</strong></span> <span class='ocrx_word' id='word_1_70' title='bbox 860 1228 983 1290; x_wconf 87' lang='lat' dir='ltr'><strong>quia</strong></span> <span class='ocrx_word' id='word_1_71' title='bbox 1003 1224 1321 1277; x_wconf 86' lang='lat' dir='ltr'><strong>naturaliter</strong></span> <span class='ocrx_word' id='word_1_72' title='bbox 1338 1232 1711 1292; x_wconf 89' lang='lat' dir='ltr'><strong>comparatum</strong></span> <span class='ocrx_word' id='word_1_73' title='bbox 1734 1229 1815 1276; x_wconf 87' lang='lat' dir='ltr'><strong>est</strong></span> <span class='ocrx_word' id='word_1_74' title='bbox 1850 1231 1906 1274; x_wconf 90' lang='lat' dir='ltr'><strong>ut</strong></span> <span class='ocrx_word' id='word_1_75' title='bbox 1931 1222 2152 1274; x_wconf 81' lang='lat' dir='ltr'><strong>verbum</strong></span> 
     </span>
    </p>
   </div>
   <div class='ocr_carea' id='block_1_13' title="bbox 575 1316 2153 1386">
    <p class='ocr_par' dir='ltr' id='par_1_13' title="bbox 575 1316 2153 1386">
     <span class='ocr_line' id='line_1_13' title="bbox 575 1316 2153 1386; baseline -0.002 -13"><span class='ocrx_word' id='word_1_76' title='bbox 575 1320 628 1374; x_wconf 92' lang='lat' dir='ltr'><strong>in</strong></span> <span class='ocrx_word' id='word_1_77' title='bbox 657 1319 919 1371; x_wconf 87' lang='lat' dir='ltr'><strong>creaturis</strong></span> <span class='ocrx_word' id='word_1_78' title='bbox 957 1332 986 1370; x_wconf 88' lang='lat' dir='ltr'><strong>a</strong></span> <span class='ocrx_word' id='word_1_79' title='bbox 1031 1317 1278 1386; x_wconf 87' lang='lat' dir='ltr'><strong>subjecto</strong></span> <span class='ocrx_word' id='word_1_80' title='bbox 1309 1331 1406 1372; x_wconf 92' lang='lat' dir='ltr'><strong>suo</strong></span> <span class='ocrx_word' id='word_1_81' title='bbox 1437 1333 1540 1370; x_wconf 92' lang='lat' dir='ltr'><strong>non</strong></span> <span class='ocrx_word' id='word_1_82' title='bbox 1572 1316 1832 1380; x_wconf 85' lang='lat' dir='ltr'><strong>discedat,</strong></span> <span class='ocrx_word' id='word_1_83' title='bbox 1864 1316 1956 1370; x_wconf 89' lang='lat' dir='ltr'><strong>sed</strong></span> <span class='ocrx_word' id='word_1_84' title='bbox 2005 1317 2057 1369; x_wconf 93' lang='lat' dir='ltr'><strong>in</strong></span> <span class='ocrx_word' id='word_1_85' title='bbox 2089 1330 2153 1370; x_wconf 92' lang='lat' dir='ltr'><strong>eo</strong></span> 
     </span>
    </p>
   </div>
   <div class='ocr_carea' id='block_1_14' title="bbox 575 1406 2164 1473">
    <p class='ocr_par' dir='ltr' id='par_1_14' title="bbox 575 1406 2164 1473">
     <span class='ocr_line' id='line_1_14' title="bbox 575 1406 2164 1473; baseline -0.001 -12"><span class='ocrx_word' id='word_1_86' title='bbox 575 1408 877 1473; x_wconf 67' lang='lat' dir='ltr'><strong>subsident;</strong></span> <span class='ocrx_word' id='word_1_87' title='bbox 909 1407 998 1462; x_wconf 80' lang='lat' dir='ltr'><strong>Dei</strong></span> <span class='ocrx_word' id='word_1_88' title='bbox 1025 1418 1202 1462; x_wconf 89' lang='lat' dir='ltr'><strong>tamen</strong></span> <span class='ocrx_word' id='word_1_89' title='bbox 1224 1407 1574 1462; x_wconf 85' lang='lat' dir='ltr'><strong>substantiale</strong></span> <span class='ocrx_word' id='word_1_90' title='bbox 1592 1415 1673 1461; x_wconf 88' lang='lat' dir='ltr'><strong>est</strong></span> <span class='ocrx_word' id='word_1_91' title='bbox 1697 1406 1931 1461; x_wconf 83' lang='lat' dir='ltr'><strong>Verbum</strong></span> <span class='ocrx_word' id='word_1_92' title='bbox 1950 1414 2004 1460; x_wconf 89' lang='lat' dir='ltr'><strong>et</strong></span> <span class='ocrx_word' id='word_1_93' title='bbox 2030 1407 2164 1460; x_wconf 88' lang='lat' dir='ltr'><strong>insi-</strong></span> 
     </span>
    </p>
   </div>
   <div class='ocr_carea' id='block_1_15' title="bbox 573 1496 2160 1568">
    <p class='ocr_par' dir='ltr' id='par_1_15' title="bbox 573 1496 2160 1568">
     <span class='ocr_line' id='line_1_15' title="bbox 573 1496 2160 1568; baseline 0 -17"><span class='ocrx_word' id='word_1_94' title='bbox 573 1509 708 1565; x_wconf 91' lang='lat' dir='ltr'><strong>tum,</strong></span> <span class='ocrx_word' id='word_1_95' title='bbox 724 1514 1031 1568; x_wconf 88' lang='lat' dir='ltr'><strong>quanquam</strong></span> <span class='ocrx_word' id='word_1_96' title='bbox 1050 1498 1376 1552; x_wconf 84' lang='lat' dir='ltr'><strong>indivisibile</strong></span> <span class='ocrx_word' id='word_1_97' title='bbox 1391 1513 1452 1551; x_wconf 91' lang='lat' dir='ltr'><strong>ac</strong></span> <span class='ocrx_word' id='word_1_98' title='bbox 1472 1497 1829 1566; x_wconf 86' lang='lat' dir='ltr'><strong>inseparabile</strong></span> <span class='ocrx_word' id='word_1_99' title='bbox 1851 1496 1917 1550; x_wconf 89' lang='lat' dir='ltr'><strong>ab</strong></span> <span class='ocrx_word' id='word_1_100' title='bbox 1935 1511 2000 1550; x_wconf 92' lang='lat' dir='ltr'><strong>co</strong></span> <span class='ocrx_word' id='word_1_101' title='bbox 2019 1497 2160 1552; x_wconf 88' lang='lat' dir='ltr'><strong>unde</strong></span> 
     </span>
    </p>
   </div>
   <div class='ocr_carea' id='block_1_16' title="bbox 573 1587 2162 1658">
    <p class='ocr_par' dir='ltr' id='par_1_16' title="bbox 573 1587 2162 1658">
     <span class='ocr_line' id='line_1_16' title="bbox 573 1587 2162 1658; baseline -0.002 -15"><span class='ocrx_word' id='word_1_102' title='bbox 573 1589 837 1658; x_wconf 88' lang='lat' dir='ltr'><strong>procedit,</strong></span> <span class='ocrx_word' id='word_1_103' title='bbox 866 1599 919 1644; x_wconf 92' lang='lat' dir='ltr'><strong>et</strong></span> <span class='ocrx_word' id='word_1_104' title='bbox 937 1590 1022 1643; x_wconf 90' lang='lat' dir='ltr'><strong>cui</strong></span> <span class='ocrx_word' id='word_1_105' title='bbox 1049 1589 1187 1644; x_wconf 90' lang='lat' dir='ltr'><strong>inest</strong></span> <span class='ocrx_word' id='word_1_106' title='bbox 1209 1604 1223 1654; x_wconf 92' lang='lat'><strong>;</strong></span> <span class='ocrx_word' id='word_1_107' title='bbox 1242 1588 1366 1657; x_wconf 86' lang='lat' dir='ltr'><strong>quia</strong></span> <span class='ocrx_word' id='word_1_108' title='bbox 1387 1595 1440 1640; x_wconf 86' lang='lat' dir='ltr'><strong>et</strong></span> <span class='ocrx_word' id='word_1_109' title='bbox 1458 1587 1756 1642; x_wconf 88' lang='lat' dir='ltr'><strong>increatum</strong></span> <span class='ocrx_word' id='word_1_110' title='bbox 1780 1597 1928 1642; x_wconf 90' lang='lat' dir='ltr'><strong>estet</strong></span> <span class='ocrx_word' id='word_1_111' title='bbox 1952 1587 2162 1656; x_wconf 82' lang='lat' dir='ltr'><strong>ingeni-</strong></span> 
     </span>
    </p>
   </div>
   <div class='ocr_carea' id='block_1_17' title="bbox 572 1677 2160 1749">
    <p class='ocr_par' dir='ltr' id='par_1_17' title="bbox 572 1677 2160 1749">
     <span class='ocr_line' id='line_1_17' title="bbox 572 1677 2160 1749; baseline -0.002 -16"><span class='ocrx_word' id='word_1_112' title='bbox 572 1691 711 1734; x_wconf 89' lang='lat' dir='ltr'><strong>tum.</strong></span> <span class='ocrx_word' id='word_1_113' title='bbox 734 1679 868 1734; x_wconf 82' lang='lat' dir='ltr'><strong>Male</strong></span> <span class='ocrx_word' id='word_1_114' title='bbox 889 1681 1048 1749; x_wconf 83' lang='lat' dir='ltr'><strong>igitur</strong></span> <span class='ocrx_word' id='word_1_115' title='bbox 1073 1680 1324 1733; x_wconf 88' lang='lat' dir='ltr'><strong>indoctus</strong></span> <span class='ocrx_word' id='word_1_116' title='bbox 1346 1677 1711 1742; x_wconf 74' lang='lat' dir='ltr'><strong>.‘llohamcdes,</strong></span> <span class='ocrx_word' id='word_1_117' title='bbox 1733 1693 1966 1748; x_wconf 91' lang='lat' dir='ltr'><strong>quorum</strong></span> <span class='ocrx_word' id='word_1_118' title='bbox 1982 1679 2160 1732; x_wconf 84' lang='lat' dir='ltr'><strong>diver-</strong></span> 
     </span>
    </p>
   </div>
   <div class='ocr_carea' id='block_1_18' title="bbox 571 1767 2157 1839">
    <p class='ocr_par' dir='ltr' id='par_1_18' title="bbox 571 1767 2157 1839">
     <span class='ocr_line' id='line_1_18' title="bbox 571 1767 2157 1839; baseline -0.001 -13"><span class='ocrx_word' id='word_1_119' title='bbox 571 1767 630 1826; x_wconf 66' lang='grc' dir='ltr'>δα</span> <span class='ocrx_word' id='word_1_120' title='bbox 645 1773 941 1826; x_wconf 88' lang='lat' dir='ltr'><strong>substantia</strong></span> <span class='ocrx_word' id='word_1_121' title='bbox 956 1781 1056 1834; x_wconf 89' lang='lat' dir='ltr'><strong>est,</strong></span> <span class='ocrx_word' id='word_1_122' title='bbox 1076 1785 1180 1823; x_wconf 90' lang='lat' dir='ltr'><strong>una</strong></span> <span class='ocrx_word' id='word_1_123' title='bbox 1191 1787 1236 1822; x_wconf 87' lang='lat' dir='ltr'><strong>tn</strong></span> <span class='ocrx_word' id='word_1_124' title='bbox 1254 1771 1608 1838; x_wconf 82' lang='lat' dir='ltr'><strong>eamdemque</strong></span> <span class='ocrx_word' id='word_1_125' title='bbox 1625 1772 1828 1839; x_wconf 85' lang='lat' dir='ltr'><strong>putavit</strong></span> <span class='ocrx_word' id='word_1_126' title='bbox 1841 1779 2157 1824; x_wconf 87' lang='lat' dir='ltr'><strong>naturarum</strong></span> 
     </span>
    </p>
   </div>
   <div class='ocr_carea' id='block_1_19' title="bbox 569 1860 2144 1930">
    <p class='ocr_par' dir='ltr' id='par_1_19' title="bbox 569 1860 2144 1930">
     <span class='ocr_line' id='line_1_19' title="bbox 569 1860 2144 1930; baseline -0.001 -13"><span class='ocrx_word' id='word_1_127' title='bbox 569 1877 690 1917; x_wconf 90' lang='lat' dir='ltr'><strong>esse</strong></span> <span class='ocrx_word' id='word_1_128' title='bbox 733 1860 1116 1930; x_wconf 83' lang='lat' dir='ltr'><strong>preprictatem</strong></span> <span class='ocrx_word' id='word_1_129' title='bbox 1147 1877 1158 1913; x_wconf 93' lang='lat'>:</span> <span class='ocrx_word' id='word_1_130' title='bbox 1191 1868 1244 1914; x_wconf 88' lang='lat' dir='ltr'><strong>et</strong></span> <span class='ocrx_word' id='word_1_131' title='bbox 1269 1861 1551 1914; x_wconf 84' lang='lat' dir='ltr'><strong>hominum</strong></span> <span class='ocrx_word' id='word_1_132' title='bbox 1585 1862 1751 1914; x_wconf 87' lang='lat' dir='ltr'><strong>verbo</strong></span> <span class='ocrx_word' id='word_1_133' title='bbox 1780 1862 1922 1930; x_wconf 86' lang='lat' dir='ltr'><strong>quod</strong></span> <span class='ocrx_word' id='word_1_134' title='bbox 1951 1862 2144 1916; x_wconf 81' lang='lat' dir='ltr'><strong>dilabi-</strong></span> 
     </span>
    </p>
   </div>
   <div class='ocr_carea' id='block_1_20' title="bbox 2257 684 3833 757">
    <p class='ocr_par' dir='ltr' id='par_1_20' title="bbox 2257 684 3833 757">
     <span class='ocr_line' id='line_1_20' title="bbox 2257 684 3833 757; baseline 0.003 -21"><span class='ocrx_word' id='word_1_135' title='bbox 2257 685 2424 736; x_wconf 79' lang='grc' dir='ltr'>ἀΰ).ου</span> <span class='ocrx_word' id='word_1_136' title='bbox 2465 684 2559 738; x_wconf 76' lang='grc' dir='ltr'><strong>καὶ</strong></span> <span class='ocrx_word' id='word_1_137' title='bbox 2589 684 2795 748; x_wconf 84' lang='grc' dir='ltr'>ἐνύλου,</span> <span class='ocrx_word' id='word_1_138' title='bbox 2835 686 2949 738; x_wconf 78' lang='grc' dir='ltr'>ἀλλ’</span> <span class='ocrx_word' id='word_1_139' title='bbox 2979 687 3054 750; x_wconf 82' lang='grc' dir='ltr'>ὡς</span> <span class='ocrx_word' id='word_1_140' title='bbox 3110 690 3201 741; x_wconf 84' lang='grc' dir='ltr'><strong>τοῦ</strong></span> <span class='ocrx_word' id='word_1_141' title='bbox 3255 688 3356 757; x_wconf 87' lang='grc' dir='ltr'><strong>μέν</strong></span> <span class='ocrx_word' id='word_1_142' title='bbox 3386 689 3476 741; x_wconf 85' lang='grc' dir='ltr'><strong>τὸν</strong></span> <span class='ocrx_word' id='word_1_143' title='bbox 3525 692 3833 744; x_wconf 73' lang='grc' dir='ltr'><strong>ἐνδιάθετον</strong></span> 
     </span>
    </p>
   </div>
   <div class='ocr_carea' id='block_1_21' title="bbox 2259 775 3830 850">
    <p class='ocr_par' dir='ltr' id='par_1_21' title="bbox 2259 775 3830 850">
     <span class='ocr_line' id='line_1_21' title="bbox 2259 775 3830 850; baseline 0.005 -23"><span class='ocrx_word' id='word_1_144' title='bbox 2259 777 2473 843; x_wconf 79' lang='grc' dir='ltr'>ἔχοντος</span> <span class='ocrx_word' id='word_1_145' title='bbox 2507 776 2665 845; x_wconf 88' lang='grc' dir='ltr'>μόνον</span> <span class='ocrx_word' id='word_1_146' title='bbox 2692 775 2868 842; x_wconf 85' lang='grc' dir='ltr'>λόγον,</span> <span class='ocrx_word' id='word_1_147' title='bbox 2899 778 2993 829; x_wconf 87' lang='grc' dir='ltr'><strong>τοῦ</strong></span> <span class='ocrx_word' id='word_1_148' title='bbox 3022 778 3076 829; x_wconf 86' lang='grc' dir='ltr'><strong>δέ</strong></span> <span class='ocrx_word' id='word_1_149' title='bbox 3109 779 3201 830; x_wconf 70' lang='grc' dir='ltr'>καὶ</span> <span class='ocrx_word' id='word_1_150' title='bbox 3217 779 3307 832; x_wconf 80' lang='grc' dir='ltr'><strong>τὸν</strong></span> <span class='ocrx_word' id='word_1_151' title='bbox 3344 783 3701 850; x_wconf 81' lang='grc' dir='ltr'>προφορικόν·</span> <span class='ocrx_word' id='word_1_152' title='bbox 3740 784 3830 835; x_wconf 73' lang='grc' dir='ltr'><strong>τοῦ</strong></span> 
     </span>
    </p>
   </div>
   <div class='ocr_carea' id='block_1_22' title="bbox 2258 867 3831 942">
    <p class='ocr_par' dir='ltr' id='par_1_22' title="bbox 2258 867 3831 942">
     <span class='ocr_line' id='line_1_22' title="bbox 2258 867 3831 942; baseline 0.003 -22"><span class='ocrx_word' id='word_1_153' title='bbox 2258 868 2335 931; x_wconf 86' lang='grc' dir='ltr'>δὲ,</span> <span class='ocrx_word' id='word_1_154' title='bbox 2364 869 2499 938; x_wconf 76' lang='grc' dir='ltr'>ὑπὲρ</span> <span class='ocrx_word' id='word_1_155' title='bbox 2524 867 2613 921; x_wconf 81' lang='grc' dir='ltr'><strong>τὸν</strong></span> <span class='ocrx_word' id='word_1_156' title='bbox 2630 868 2932 922; x_wconf 73' lang='grc' dir='ltr'><strong>ἐνδιάθετον</strong></span> <span class='ocrx_word' id='word_1_157' title='bbox 2953 873 3044 921; x_wconf 68' lang='grc' dir='ltr'>καὶ</span> <span class='ocrx_word' id='word_1_158' title='bbox 3071 872 3403 940; x_wconf 83' lang='grc' dir='ltr'>προφορικόν</span> <span class='ocrx_word' id='word_1_159' title='bbox 3424 890 3436 904; x_wconf 88' lang='grc'><strong>·</strong></span> <span class='ocrx_word' id='word_1_160' title='bbox 3468 873 3560 924; x_wconf 72' lang='grc' dir='ltr'>καὶ</span> <span class='ocrx_word' id='word_1_161' title='bbox 3589 875 3699 925; x_wconf 84' lang='grc' dir='ltr'><strong>τῶν</strong></span> <span class='ocrx_word' id='word_1_162' title='bbox 3732 876 3831 942; x_wconf 83' lang='grc' dir='ltr'><strong>μὲν</strong></span> 
     </span>
    </p>
   </div>
   <div class='ocr_carea' id='block_1_23' title="bbox 2259 957 3828 1032">
    <p class='ocr_par' dir='ltr' id='par_1_23' title="bbox 2259 957 3828 1032">
     <span class='ocr_line' id='line_1_23' title="bbox 2259 957 3828 1032; baseline 0.001 -20"><span class='ocrx_word' id='word_1_163' title='bbox 2259 961 2504 1022; x_wconf 88' lang='grc' dir='ltr'>ἀνούσιος</span> <span class='ocrx_word' id='word_1_164' title='bbox 2550 959 2624 1012; x_wconf 83' lang='grc' dir='ltr'><strong>ὢν</strong></span> <span class='ocrx_word' id='word_1_165' title='bbox 2672 960 2880 1027; x_wconf 81' lang='grc' dir='ltr'>όλόγος</span> <span class='ocrx_word' id='word_1_166' title='bbox 2902 976 2938 1016; x_wconf 91' lang='grc'><strong>·.</strong></span> <span class='ocrx_word' id='word_1_167' title='bbox 2974 961 3036 1012; x_wconf 86' lang='grc' dir='ltr'><strong>οὑ</strong></span> <span class='ocrx_word' id='word_1_168' title='bbox 3078 962 3186 1032; x_wconf 82' lang='grc' dir='ltr'>γὰρ</span> <span class='ocrx_word' id='word_1_169' title='bbox 3217 963 3373 1025; x_wconf 80' lang='grc' dir='ltr'>ἐκτὸς</span> <span class='ocrx_word' id='word_1_170' title='bbox 3401 963 3498 1015; x_wconf 84' lang='grc' dir='ltr'><strong>τοῦ</strong></span> <span class='ocrx_word' id='word_1_171' title='bbox 3528 965 3585 1016; x_wconf 87' lang='grc' dir='ltr'><strong>ἐν</strong></span> <span class='ocrx_word' id='word_1_172' title='bbox 3609 957 3650 1030; x_wconf 80' lang='grc' dir='ltr'>ᾧ</span> <span class='ocrx_word' id='word_1_173' title='bbox 3681 964 3828 1014; x_wconf 81' lang='grc' dir='ltr'>ἐστιν</span> 
     </span>
    </p>
   </div>
   <div class='ocr_carea' id='block_1_24' title="bbox 2260 1050 3828 1121">
    <p class='ocr_par' dir='ltr' id='par_1_24' title="bbox 2260 1050 3828 1121">
     <span class='ocr_line' id='line_1_24' title="bbox 2260 1050 3828 1121; baseline 0.002 -20"><span class='ocrx_word' id='word_1_174' title='bbox 2260 1050 2584 1117; x_wconf 80' lang='grc' dir='ltr'>ὑφίστασθαι</span> <span class='ocrx_word' id='word_1_175' title='bbox 2608 1053 2637 1103; x_wconf 86' lang='grc' dir='ltr'><strong>ό</strong></span> <span class='ocrx_word' id='word_1_176' title='bbox 2665 1052 2820 1117; x_wconf 84' lang='grc' dir='ltr'>λόγος</span> <span class='ocrx_word' id='word_1_177' title='bbox 2846 1052 2956 1112; x_wconf 84' lang='grc' dir='ltr'>τοῖς</span> <span class='ocrx_word' id='word_1_178' title='bbox 2985 1051 3244 1120; x_wconf 78' lang='grc' dir='ltr'><strong>κτίσμασι</strong></span> <span class='ocrx_word' id='word_1_179' title='bbox 3281 1053 3545 1121; x_wconf 79' lang='grc' dir='ltr'>πέφυκεν,</span> <span class='ocrx_word' id='word_1_180' title='bbox 3582 1054 3699 1105; x_wconf 77' lang='grc' dir='ltr'>ἀλλ’</span> <span class='ocrx_word' id='word_1_181' title='bbox 3755 1054 3828 1115; x_wconf 83' lang='grc' dir='ltr'>ὡς</span> 
     </span>
    </p>
   </div>
   <div class='ocr_carea' id='block_1_25' title="bbox 2259 1141 3828 1211">
    <p class='ocr_par' dir='ltr' id='par_1_25' title="bbox 2259 1141 3828 1211">
     <span class='ocr_line' id='line_1_25' title="bbox 2259 1141 3828 1211; baseline 0.002 -20"><span class='ocrx_word' id='word_1_182' title='bbox 2259 1141 2317 1191; x_wconf 90' lang='grc' dir='ltr'><strong>ἐν</strong></span> <span class='ocrx_word' id='word_1_183' title='bbox 2350 1141 2724 1211; x_wconf 78' lang='grc' dir='ltr'><strong>ὑποκειμένῳ·</strong></span> <span class='ocrx_word' id='word_1_184' title='bbox 2781 1143 2874 1194; x_wconf 82' lang='grc' dir='ltr'><strong>τοῦ</strong></span> <span class='ocrx_word' id='word_1_185' title='bbox 2935 1143 2990 1195; x_wconf 85' lang='grc' dir='ltr'><strong>δέ</strong></span> <span class='ocrx_word' id='word_1_186' title='bbox 3035 1143 3272 1195; x_wconf 88' lang='grc' dir='ltr'>ἐνουσίου</span> <span class='ocrx_word' id='word_1_187' title='bbox 3331 1143 3484 1206; x_wconf 69' lang='grc' dir='ltr'>ὄντος</span> <span class='ocrx_word' id='word_1_188' title='bbox 3531 1143 3694 1210; x_wconf 86' lang='grc' dir='ltr'>λόγου</span> <span class='ocrx_word' id='word_1_189' title='bbox 3735 1146 3828 1196; x_wconf 74' lang='grc' dir='ltr'>καὶ</span> 
     </span>
    </p>
   </div>
   <div class='ocr_carea' id='block_1_26' title="bbox 2259 1229 3828 1304">
    <p class='ocr_par' dir='ltr' id='par_1_26' title="bbox 2259 1229 3828 1304">
     <span class='ocr_line' id='line_1_26' title="bbox 2259 1229 3828 1304; baseline 0.003 -22"><span class='ocrx_word' id='word_1_190' title='bbox 2259 1229 2646 1299; x_wconf 83' lang='grc' dir='ltr'>ἐνυπάρκτου,</span> <span class='ocrx_word' id='word_1_191' title='bbox 2736 1233 2783 1284; x_wconf 88' lang='grc' dir='ltr'><strong>εί</strong></span> <span class='ocrx_word' id='word_1_192' title='bbox 2869 1233 2963 1286; x_wconf 73' lang='grc' dir='ltr'><strong>καὶ</strong></span> <span class='ocrx_word' id='word_1_193' title='bbox 3038 1232 3424 1304; x_wconf 81' lang='grc' dir='ltr'>ἀνεκφοίτητος</span> <span class='ocrx_word' id='word_1_194' title='bbox 3518 1233 3613 1286; x_wconf 70' lang='grc' dir='ltr'>καὶ</span> <span class='ocrx_word' id='word_1_195' title='bbox 3681 1233 3828 1303; x_wconf 76' lang='grc' dir='ltr'><strong>ἀχώ-</strong></span> 
     </span>
    </p>
   </div>
   <div class='ocr_carea' id='block_1_27' title="bbox 2261 1315 3827 1394">
    <p class='ocr_par' dir='ltr' id='par_1_27' title="bbox 2261 1315 3827 1394">
     <span class='ocr_line' id='line_1_27' title="bbox 2261 1315 3827 1394; baseline 0.003 -22"><span class='ocrx_word' id='word_1_196' title='bbox 2261 1337 2460 1389; x_wconf 86' lang='grc' dir='ltr'>ριστος.</span> <span class='ocrx_word' id='word_1_197' title='bbox 2515 1321 2607 1374; x_wconf 89' lang='grc' dir='ltr'><strong>τοῦ</strong></span> <span class='ocrx_word' id='word_1_198' title='bbox 2655 1321 2713 1386; x_wconf 77' lang='grc' dir='ltr'>ἐξ</span> <span class='ocrx_word' id='word_1_199' title='bbox 2766 1315 2827 1375; x_wconf 74' lang='grc' dir='ltr'>οὗ</span> <span class='ocrx_word' id='word_1_200' title='bbox 2864 1323 3130 1394; x_wconf 70' lang='grc' dir='ltr'>προῆλθεν</span> <span class='ocrx_word' id='word_1_201' title='bbox 3165 1321 3282 1392; x_wconf 65' lang='grc' dir='ltr'><strong>ἅμα</strong></span> <span class='ocrx_word' id='word_1_202' title='bbox 3331 1325 3425 1376; x_wconf 69' lang='grc' dir='ltr'><strong>καὶ</strong></span> <span class='ocrx_word' id='word_1_203' title='bbox 3474 1326 3532 1374; x_wconf 87' lang='grc' dir='ltr'><strong>ἐν</strong></span> <span class='ocrx_word' id='word_1_204' title='bbox 3588 1317 3632 1391; x_wconf 81' lang='grc' dir='ltr'>ᾧ</span> <span class='ocrx_word' id='word_1_205' title='bbox 3677 1325 3827 1377; x_wconf 83' lang='grc' dir='ltr'>ἐστιν</span> 
     </span>
    </p>
   </div>
   <div class='ocr_carea' id='block_1_28' title="bbox 2261 1398 3822 1482">
    <p class='ocr_par' dir='ltr' id='par_1_28' title="bbox 2261 1398 3822 1482">
     <span class='ocr_line' id='line_1_28' title="bbox 2261 1398 3822 1482; baseline 0.003 -20"><span class='ocrx_word' id='word_1_206' title='bbox 2261 1411 2657 1479; x_wconf 68' lang='grc' dir='ltr'>ὑφισταμένου·</span> <span class='ocrx_word' id='word_1_207' title='bbox 2737 1413 2861 1465; x_wconf 65' lang='grc' dir='ltr'>ἐπεὶ</span> <span class='ocrx_word' id='word_1_208' title='bbox 2919 1416 3010 1465; x_wconf 70' lang='grc' dir='ltr'><strong>καὶ</strong></span> <span class='ocrx_word' id='word_1_209' title='bbox 3050 1413 3302 1476; x_wconf 72' lang='grc' dir='ltr'>ἄκτιστος</span> <span class='ocrx_word' id='word_1_210' title='bbox 3343 1398 3437 1466; x_wconf 72' lang='grc' dir='ltr'><strong>καὶ</strong></span> <span class='ocrx_word' id='word_1_211' title='bbox 3496 1414 3822 1482; x_wconf 76' lang='grc' dir='ltr'>ἀγέννητος·</span> 
     </span>
    </p>
   </div>
   <div class='ocr_carea' id='block_1_29' title="bbox 2259 1496 3826 1572">
    <p class='ocr_par' dir='ltr' id='par_1_29' title="bbox 2259 1496 3826 1572">
     <span class='ocr_line' id='line_1_29' title="bbox 2259 1496 3826 1572; baseline 0.002 -19"><span class='ocrx_word' id='word_1_212' title='bbox 2259 1502 2442 1564; x_wconf 86' lang='grc' dir='ltr'>κακῶς</span> <span class='ocrx_word' id='word_1_213' title='bbox 2465 1496 2558 1554; x_wconf 85' lang='grc' dir='ltr'><strong>οῦν</strong></span> <span class='ocrx_word' id='word_1_214' title='bbox 2584 1502 2692 1571; x_wconf 77' lang='grc' dir='ltr'>ἄρα</span> <span class='ocrx_word' id='word_1_215' title='bbox 2723 1504 2751 1554; x_wconf 88' lang='grc' dir='ltr'>ὁ</span> <span class='ocrx_word' id='word_1_216' title='bbox 2780 1501 2996 1572; x_wconf 78' lang='grc' dir='ltr'>ἀμαθὴς</span> <span class='ocrx_word' id='word_1_217' title='bbox 3051 1502 3312 1571; x_wconf 73' lang='grc' dir='ltr'>Μωάμετ,</span> <span class='ocrx_word' id='word_1_218' title='bbox 3348 1502 3456 1556; x_wconf 81' lang='grc' dir='ltr'><strong>τῶν</strong></span> <span class='ocrx_word' id='word_1_219' title='bbox 3487 1502 3606 1556; x_wconf 83' lang='grc' dir='ltr'>κατ’</span> <span class='ocrx_word' id='word_1_220' title='bbox 3636 1501 3826 1556; x_wconf 84' lang='grc' dir='ltr'>οὐσίαν</span> 
     </span>
    </p>
   </div>
   <div class='ocr_carea' id='block_1_30' title="bbox 2258 1591 3825 1662">
    <p class='ocr_par' dir='ltr' id='par_1_30' title="bbox 2258 1591 3825 1662">
     <span class='ocr_line' id='line_1_30' title="bbox 2258 1591 3825 1662; baseline 0.001 -18"><span class='ocrx_word' id='word_1_221' title='bbox 2258 1592 2638 1662; x_wconf 80' lang='grc' dir='ltr'>διαφερόντων,</span> <span class='ocrx_word' id='word_1_222' title='bbox 2675 1592 2804 1662; x_wconf 88' lang='grc' dir='ltr'>μίαν</span> <span class='ocrx_word' id='word_1_223' title='bbox 2827 1592 2921 1645; x_wconf 73' lang='grc' dir='ltr'>καὶ</span> <span class='ocrx_word' id='word_1_224' title='bbox 2954 1593 3051 1662; x_wconf 75' lang='grc' dir='ltr'>τὴν</span> <span class='ocrx_word' id='word_1_225' title='bbox 3083 1591 3248 1662; x_wconf 72' lang='grc' dir='ltr'>αὐτὴν</span> <span class='ocrx_word' id='word_1_226' title='bbox 3295 1592 3560 1647; x_wconf 75' lang='grc' dir='ltr'>ὑπέλαϐεν</span> <span class='ocrx_word' id='word_1_227' title='bbox 3589 1593 3825 1662; x_wconf 66' lang='lat' dir='ltr'><strong>citat-lqu</strong></span> 
     </span>
    </p>
   </div>
   <div class='ocr_carea' id='block_1_31' title="bbox 2263 1680 3822 1752">
    <p class='ocr_par' dir='ltr' id='par_1_31' title="bbox 2263 1680 3822 1752">
     <span class='ocr_line' id='line_1_31' title="bbox 2263 1680 3822 1752; baseline 0 -17"><span class='ocrx_word' id='word_1_228' title='bbox 2263 1683 2493 1750; x_wconf 78' lang='grc' dir='ltr'>ἰδιότητα</span> <span class='ocrx_word' id='word_1_229' title='bbox 2556 1682 2660 1734; x_wconf 86' lang='grc' dir='ltr'><strong>τῶν</strong></span> <span class='ocrx_word' id='word_1_230' title='bbox 2705 1682 2918 1750; x_wconf 77' lang='grc' dir='ltr'>φύσεων</span> <span class='ocrx_word' id='word_1_231' title='bbox 2942 1698 2956 1713; x_wconf 91' lang='grc'><strong>·</strong></span> <span class='ocrx_word' id='word_1_232' title='bbox 3011 1683 3105 1735; x_wconf 71' lang='grc' dir='ltr'><strong>καὶ</strong></span> <span class='ocrx_word' id='word_1_233' title='bbox 3130 1681 3206 1750; x_wconf 83' lang='grc' dir='ltr'>τῷ</span> <span class='ocrx_word' id='word_1_234' title='bbox 3238 1680 3514 1750; x_wconf 83' lang='grc' dir='ltr'>σκεδαστῷ</span> <span class='ocrx_word' id='word_1_235' title='bbox 3544 1683 3636 1734; x_wconf 74' lang='grc' dir='ltr'>καὶ</span> <span class='ocrx_word' id='word_1_236' title='bbox 3667 1683 3822 1752; x_wconf 70' lang='grc' dir='ltr'>διαρ-</span> 
     </span>
    </p>
   </div>
   <div class='ocr_carea' id='block_1_32' title="bbox 2260 1767 3819 1842">
    <p class='ocr_par' dir='ltr' id='par_1_32' title="bbox 2260 1767 3819 1842">
     <span class='ocr_line' id='line_1_32' title="bbox 2260 1767 3819 1842; baseline 0.002 -19"><span class='ocrx_word' id='word_1_237' title='bbox 2260 1773 2432 1842; x_wconf 78' lang='grc' dir='ltr'>ρέοντι</span> <span class='ocrx_word' id='word_1_238' title='bbox 2457 1771 2562 1825; x_wconf 86' lang='grc' dir='ltr'><strong>τῶν</strong></span> <span class='ocrx_word' id='word_1_239' title='bbox 2585 1771 2882 1842; x_wconf 84' lang='grc' dir='ltr'>ἀνθρώπων</span> <span class='ocrx_word' id='word_1_240' title='bbox 2904 1771 3063 1841; x_wconf 80' lang='grc' dir='ltr'>λόγῳ,</span> <span class='ocrx_word' id='word_1_241' title='bbox 3091 1774 3284 1825; x_wconf 65' lang='grc' dir='ltr'>ταυτον</span> <span class='ocrx_word' id='word_1_242' title='bbox 3308 1767 3444 1825; x_wconf 77' lang='grc' dir='ltr'>εἶναι</span> <span class='ocrx_word' id='word_1_243' title='bbox 3467 1774 3543 1842; x_wconf 87' lang='grc' dir='ltr'>τῷ</span> <span class='ocrx_word' id='word_1_244' title='bbox 3569 1773 3663 1828; x_wconf 88' lang='grc' dir='ltr'><strong>τοῦ</strong></span> <span class='ocrx_word' id='word_1_245' title='bbox 3685 1773 3819 1826; x_wconf 82' lang='grc' dir='ltr'>Θεοῦ</span> 
     </span>
    </p>
   </div>
   <div class='ocr_carea' id='block_1_33' title="bbox 2258 1859 3818 1934">
    <p class='ocr_par' dir='ltr' id='par_1_33' title="bbox 2258 1859 3818 1934">
     <span class='ocr_line' id='line_1_33' title="bbox 2258 1859 3818 1934; baseline 0.002 -20"><span class='ocrx_word' id='word_1_246' title='bbox 2258 1862 2415 1931; x_wconf 85' lang='grc' dir='ltr'><strong>Λόγῳ</strong></span> <span class='ocrx_word' id='word_1_247' title='bbox 2442 1861 2518 1932; x_wconf 80' lang='grc' dir='ltr'>τῷ</span> <span class='ocrx_word' id='word_1_248' title='bbox 2546 1862 2663 1915; x_wconf 79' lang='grc' dir='ltr'>καθ’</span> <span class='ocrx_word' id='word_1_249' title='bbox 2682 1862 2840 1916; x_wconf 76' lang='grc' dir='ltr'>ἑαυτὸ</span> <span class='ocrx_word' id='word_1_250' title='bbox 2862 1861 3231 1932; x_wconf 79' lang='grc' dir='ltr'>ὑφισταμένῳ,</span> <span class='ocrx_word' id='word_1_251' title='bbox 3251 1863 3344 1916; x_wconf 79' lang='grc' dir='ltr'>καὶ</span> <span class='ocrx_word' id='word_1_252' title='bbox 3367 1863 3430 1915; x_wconf 81' lang='grc' dir='ltr'><strong>τὸ</strong></span> <span class='ocrx_word' id='word_1_253' title='bbox 3455 1859 3592 1916; x_wconf 74' lang='grc' dir='ltr'>εἶναι</span> <span class='ocrx_word' id='word_1_254' title='bbox 3620 1863 3818 1934; x_wconf 70' lang='grc' dir='ltr'>ἔχοντι,</span> 
     </span>
    </p>
   </div>
   <div class='ocr_carea' id='block_1_34' title="bbox 569 1930 2141 2024">
    <p class='ocr_par' dir='ltr' id='par_1_34' title="bbox 569 1952 2141 2024">
     <span class='ocr_line' id='line_1_34' title="bbox 569 1952 2141 2024; baseline 0 -14"><span class='ocrx_word' id='word_1_255' title='bbox 569 1966 656 2010; x_wconf 88' lang='lat' dir='ltr'><strong>tur</strong></span> <span class='ocrx_word' id='word_1_256' title='bbox 688 1970 751 2009; x_wconf 88' lang='lat' dir='ltr'><strong>ac</strong></span> <span class='ocrx_word' id='word_1_257' title='bbox 773 1955 1086 2023; x_wconf 83' lang='lat' dir='ltr'><strong>dissipatur,</strong></span> <span class='ocrx_word' id='word_1_258' title='bbox 1119 1954 1296 2009; x_wconf 84' lang='lat' dir='ltr'><strong>simile</strong></span> <span class='ocrx_word' id='word_1_259' title='bbox 1324 1969 1444 2008; x_wconf 88' lang='lat' dir='ltr'><strong>esse</strong></span> <span class='ocrx_word' id='word_1_260' title='bbox 1473 1953 1566 2007; x_wconf 90' lang='lat' dir='ltr'><strong>Dei</strong></span> <span class='ocrx_word' id='word_1_261' title='bbox 1593 1952 1845 2018; x_wconf 80' lang='lat' dir='ltr'><strong>Verbum,</strong></span> <span class='ocrx_word' id='word_1_262' title='bbox 1880 1955 2021 2022; x_wconf 89' lang='lat' dir='ltr'><strong>quod</strong></span> <span class='ocrx_word' id='word_1_263' title='bbox 2049 1970 2141 2024; x_wconf 88' lang='lat' dir='ltr'><strong>per</strong></span> 
     </span>
    </p>
   </div>
   <div class='ocr_carea' id='block_1_35' title="bbox 2249 1930 2687 2024">
    <p class='ocr_par' dir='ltr' id='par_1_35' title="bbox 2249 1930 2687 2024">
     <span class='ocr_line' id='line_1_35' title="bbox 2249 1930 2687 2024; baseline 0.002 -18"><span class='ocrx_word' id='word_1_264' title='bbox 2249 1930 2687 2024; x_wconf 84' lang='grc' dir='ltr'>ἀνωμολόγησεν.</span> 
     </span>
    </p>
   </div>
   <div class='ocr_carea' id='block_1_36' title="bbox 569 2044 1929 2114">
    <p class='ocr_par' dir='ltr' id='par_1_36' title="bbox 569 2044 1929 2114">
     <span class='ocr_line' id='line_1_36' title="bbox 569 2044 1929 2114; baseline -0.003 -14"><span class='ocrx_word' id='word_1_265' title='bbox 569 2062 626 2101; x_wconf 85' lang='lat' dir='ltr'><strong>se</strong></span> <span class='ocrx_word' id='word_1_266' title='bbox 645 2046 889 2100; x_wconf 86' lang='lat' dir='ltr'><strong>subsistit</strong></span> <span class='ocrx_word' id='word_1_267' title='bbox 915 2046 1181 2114; x_wconf 85' lang='lat' dir='ltr'><strong>habetque</strong></span> <span class='ocrx_word' id='word_1_268' title='bbox 1209 2045 1605 2107; x_wconf 81' lang='lat' dir='ltr'><strong>exsistcntiam,</strong></span> <span class='ocrx_word' id='word_1_269' title='bbox 1629 2044 1929 2097; x_wconf 75' lang='lat' dir='ltr'><strong>afﬁrmavit.</strong></span> 
     </span>
    </p>
   </div>
   <div class='ocr_carea' id='block_1_37' title="bbox 566 2133 2140 2196">
    <p class='ocr_par' dir='ltr' id='par_1_37' title="bbox 566 2133 2140 2196">
     <span class='ocr_line' id='line_1_37' title="bbox 566 2133 2140 2196; baseline -0.001 -6"><span class='ocrx_word' id='word_1_270' title='bbox 566 2135 686 2191; x_wconf 76' lang='lat' dir='ltr'><strong>XX.</strong></span> <span class='ocrx_word' id='word_1_271' title='bbox 720 2136 984 2189; x_wconf 80' lang='lat' dir='ltr'><strong>Adversus</strong></span> <span class='ocrx_word' id='word_1_272' title='bbox 1034 2136 1266 2188; x_wconf 86' lang='lat' dir='ltr'><strong>eumdem</strong></span> <span class='ocrx_word' id='word_1_273' title='bbox 1322 2137 1599 2196; x_wconf 80' lang='lat' dir='ltr'><strong>dicentem,</strong></span> <span class='ocrx_word' id='word_1_274' title='bbox 1647 2133 1815 2186; x_wconf 84' lang='lat' dir='ltr'><strong>Deum</strong></span> <span class='ocrx_word' id='word_1_275' title='bbox 1880 2135 2140 2188; x_wconf 71' lang='lat' dir='ltr'><strong>mitiorum</strong></span> 
     </span>
    </p>
   </div>
   <div class='ocr_carea' id='block_1_38' title="bbox 893 2205 1818 2273">
    <p class='ocr_par' dir='ltr' id='par_1_38' title="bbox 893 2205 1818 2273">
     <span class='ocr_line' id='line_1_38' title="bbox 893 2205 1818 2273; baseline -0.004 -15"><span class='ocrx_word' id='word_1_276' title='bbox 893 2221 1036 2273; x_wconf 74' lang='lat' dir='ltr'><strong>cuque</strong></span> <span class='ocrx_word' id='word_1_277' title='bbox 1067 2221 1129 2256; x_wconf 89' lang='lat' dir='ltr'><strong>ac</strong></span> <span class='ocrx_word' id='word_1_278' title='bbox 1155 2205 1407 2257; x_wconf 81' lang='lat' dir='ltr'><strong>bonorum</strong></span> <span class='ocrx_word' id='word_1_279' title='bbox 1439 2219 1550 2255; x_wconf 71' lang='grc'><strong>8888</strong></span> <span class='ocrx_word' id='word_1_280' title='bbox 1581 2220 1818 2255; x_wconf 84' lang='lat' dir='ltr'><strong>causam.</strong></span> 
     </span>
    </p>
   </div>
   <div class='ocr_carea' id='block_1_39' title="bbox 635 2293 2140 2362">
    <p class='ocr_par' dir='ltr' id='par_1_39' title="bbox 635 2293 2140 2362">
     <span class='ocr_line' id='line_1_39' title="bbox 635 2293 2140 2362; baseline -0.002 -12"><span class='ocrx_word' id='word_1_281' title='bbox 635 2296 722 2350; x_wconf 83' lang='lat'><strong>85.</strong></span> <span class='ocrx_word' id='word_1_282' title='bbox 755 2296 976 2349; x_wconf 78' lang='lat' dir='ltr'><strong>illorum</strong></span> <span class='ocrx_word' id='word_1_283' title='bbox 1008 2309 1126 2362; x_wconf 68' lang='lat' dir='ltr'><strong>quae</strong></span> <span class='ocrx_word' id='word_1_284' title='bbox 1161 2293 1534 2347; x_wconf 87' lang='lat' dir='ltr'><strong>involuntarie</strong></span> <span class='ocrx_word' id='word_1_285' title='bbox 1563 2303 1883 2361; x_wconf 85' lang='lat' dir='ltr'><strong>Operantur,</strong></span> <span class='ocrx_word' id='word_1_286' title='bbox 1917 2293 2020 2348; x_wconf 89' lang='lat' dir='ltr'><strong>alia</strong></span> <span class='ocrx_word' id='word_1_287' title='bbox 2044 2309 2140 2362; x_wconf 89' lang='lat' dir='ltr'><strong>per</strong></span> 
     </span>
    </p>
   </div>
   <div class='ocr_carea' id='block_1_40' title="bbox 569 2383 2138 2456">
    <p class='ocr_par' dir='ltr' id='par_1_40' title="bbox 569 2383 2138 2456">
     <span class='ocr_line' id='line_1_40' title="bbox 569 2383 2138 2456; baseline -0.002 -13"><span class='ocrx_word' id='word_1_288' title='bbox 569 2404 626 2443; x_wconf 89' lang='lat' dir='ltr'><strong>se</strong></span> <span class='ocrx_word' id='word_1_289' title='bbox 646 2397 959 2456; x_wconf 88' lang='lat' dir='ltr'><strong>operantur,</strong></span> <span class='ocrx_word' id='word_1_290' title='bbox 989 2386 1090 2439; x_wconf 84' lang='lat' dir='ltr'><strong>alia</strong></span> <span class='ocrx_word' id='word_1_291' title='bbox 1120 2401 1215 2455; x_wconf 91' lang='lat' dir='ltr'><strong>per</strong></span> <span class='ocrx_word' id='word_1_292' title='bbox 1250 2385 1530 2439; x_wconf 85' lang='lat' dir='ltr'><strong>accidens.</strong></span> <span class='ocrx_word' id='word_1_293' title='bbox 1561 2383 1736 2438; x_wconf 84' lang='lat' dir='ltr'><strong>Veluti</strong></span> <span class='ocrx_word' id='word_1_294' title='bbox 1762 2384 1905 2453; x_wconf 74' lang='lat' dir='ltr'><strong>ignis</strong></span> <span class='ocrx_word' id='word_1_295' title='bbox 1936 2400 2030 2454; x_wconf 90' lang='lat' dir='ltr'><strong>per</strong></span> <span class='ocrx_word' id='word_1_296' title='bbox 2077 2400 2138 2440; x_wconf 88' lang='lat' dir='ltr'><strong>se</strong></span> 
     </span>
    </p>
   </div>
   <div class='ocr_carea' id='block_1_41' title="bbox 553 2475 2139 2545">
    <p class='ocr_par' dir='ltr' id='par_1_41' title="bbox 553 2475 2139 2545">
     <span class='ocr_line' id='line_1_41' title="bbox 553 2475 2139 2545; baseline 0 -14"><span class='ocrx_word' id='word_1_297' title='bbox 553 2476 782 2544; x_wconf 70' lang='lat' dir='ltr'><strong>quidem</strong></span> <span class='ocrx_word' id='word_1_298' title='bbox 848 2475 1128 2541; x_wconf 83' lang='lat' dir='ltr'><strong>calefacit;</strong></span> <span class='ocrx_word' id='word_1_299' title='bbox 1189 2490 1284 2544; x_wconf 88' lang='lat' dir='ltr'><strong>per</strong></span> <span class='ocrx_word' id='word_1_300' title='bbox 1335 2475 1588 2529; x_wconf 88' lang='lat' dir='ltr'><strong>accidens</strong></span> <span class='ocrx_word' id='word_1_301' title='bbox 1643 2486 1845 2540; x_wconf 87' lang='lat' dir='ltr'><strong>autem,</strong></span> <span class='ocrx_word' id='word_1_302' title='bbox 1919 2484 2139 2545; x_wconf 89' lang='lat' dir='ltr'><strong>propter</strong></span> 
     </span>
    </p>
   </div>
   <div class='ocr_carea' id='block_1_42' title="bbox 567 2566 2138 2636">
    <p class='ocr_par' dir='ltr' id='par_1_42' title="bbox 567 2566 2138 2636">
     <span class='ocr_line' id='line_1_42' title="bbox 567 2566 2138 2636; baseline 0.001 -13"><span class='ocrx_word' id='word_1_303' title='bbox 567 2571 898 2624; x_wconf 85' lang='lat' dir='ltr'><strong>contrariam</strong></span> <span class='ocrx_word' id='word_1_304' title='bbox 925 2567 1420 2632; x_wconf 86' lang='lat' dir='ltr'><strong>circumstantiam,</strong></span> <span class='ocrx_word' id='word_1_305' title='bbox 1455 2566 1725 2634; x_wconf 78' lang='lat' dir='ltr'><strong>frigefacit</strong></span> <span class='ocrx_word' id='word_1_306' title='bbox 1755 2583 1768 2632; x_wconf 90' lang='lat'><strong>;</strong></span> <span class='ocrx_word' id='word_1_307' title='bbox 1801 2567 1925 2621; x_wconf 87' lang='lat' dir='ltr'><strong>item</strong></span> <span class='ocrx_word' id='word_1_308' title='bbox 1958 2583 2052 2636; x_wconf 86' lang='lat' dir='ltr'><strong>per</strong></span> <span class='ocrx_word' id='word_1_309' title='bbox 2079 2583 2138 2624; x_wconf 87' lang='lat' dir='ltr'><strong>se</strong></span> 
     </span>
    </p>
   </div>
   <div class='ocr_carea' id='block_1_43' title="bbox 568 2657 2136 2729">
    <p class='ocr_par' dir='ltr' id='par_1_43' title="bbox 568 2657 2136 2729">
     <span class='ocr_line' id='line_1_43' title="bbox 568 2657 2136 2729; baseline -0.001 -15"><span class='ocrx_word' id='word_1_310' title='bbox 568 2659 789 2729; x_wconf 89' lang='lat' dir='ltr'><strong>quidem</strong></span> <span class='ocrx_word' id='word_1_311' title='bbox 834 2659 1128 2721; x_wconf 86' lang='lat' dir='ltr'><strong>illuminat,</strong></span> <span class='ocrx_word' id='word_1_312' title='bbox 1165 2667 1387 2727; x_wconf 87' lang='lat' dir='ltr'><strong>propter</strong></span> <span class='ocrx_word' id='word_1_313' title='bbox 1414 2657 1645 2727; x_wconf 88' lang='lat' dir='ltr'><strong>alicujus</strong></span> <span class='ocrx_word' id='word_1_314' title='bbox 1681 2667 1858 2711; x_wconf 88' lang='lat' dir='ltr'><strong>autem</strong></span> <span class='ocrx_word' id='word_1_315' title='bbox 1890 2659 2136 2727; x_wconf 87' lang='lat' dir='ltr'><strong>corporis</strong></span> 
     </span>
    </p>
   </div>
   <div class='ocr_carea' id='block_1_44' title="bbox 569 2744 2135 2812">
    <p class='ocr_par' dir='ltr' id='par_1_44' title="bbox 569 2744 2135 2812">
     <span class='ocr_line' id='line_1_44' title="bbox 569 2744 2135 2812; baseline 0.002 -14"><span class='ocrx_word' id='word_1_316' title='bbox 569 2746 1022 2810; x_wconf 87' lang='lat' dir='ltr'><strong>obstructionem,</strong></span> <span class='ocrx_word' id='word_1_317' title='bbox 1057 2744 1310 2797; x_wconf 87' lang='lat' dir='ltr'><strong>tenebras</strong></span> <span class='ocrx_word' id='word_1_318' title='bbox 1343 2744 1504 2812; x_wconf 87' lang='lat' dir='ltr'><strong>parit.</strong></span> <span class='ocrx_word' id='word_1_319' title='bbox 1537 2744 1796 2798; x_wconf 87' lang='lat' dir='ltr'><strong>Similiter</strong></span> <span class='ocrx_word' id='word_1_320' title='bbox 1829 2745 1882 2798; x_wconf 89' lang='lat' dir='ltr'><strong>in</strong></span> <span class='ocrx_word' id='word_1_321' title='bbox 1923 2747 2135 2801; x_wconf 79' lang='lat' dir='ltr'><strong>caeteris</strong></span> 
     </span>
    </p>
   </div>
   <div class='ocr_carea' id='block_1_45' title="bbox 569 2833 2132 2903">
    <p class='ocr_par' dir='ltr' id='par_1_45' title="bbox 569 2833 2132 2903">
     <span class='ocr_line' id='line_1_45' title="bbox 569 2833 2132 2903; baseline 0.001 -16"><span class='ocrx_word' id='word_1_322' title='bbox 569 2834 847 2896; x_wconf 86' lang='lat' dir='ltr'><strong>omnibus,</strong></span> <span class='ocrx_word' id='word_1_323' title='bbox 900 2833 1234 2902; x_wconf 89' lang='lat' dir='ltr'><strong>operationis</strong></span> <span class='ocrx_word' id='word_1_324' title='bbox 1265 2834 1570 2901; x_wconf 72' lang='lat' dir='ltr'><strong>analogiam</strong></span> <span class='ocrx_word' id='word_1_325' title='bbox 1631 2836 1752 2903; x_wconf 90' lang='lat' dir='ltr'><strong>quis</strong></span> <span class='ocrx_word' id='word_1_326' title='bbox 1813 2835 2132 2901; x_wconf 83' lang='lat' dir='ltr'><strong>observans,</strong></span> 
     </span>
    </p>
   </div>
   <div class='ocr_carea' id='block_1_46' title="bbox 571 2923 2136 2994">
    <p class='ocr_par' dir='ltr' id='par_1_46' title="bbox 571 2923 2136 2994">
     <span class='ocr_line' id='line_1_46' title="bbox 571 2923 2136 2994; baseline 0.003 -19"><span class='ocrx_word' id='word_1_327' title='bbox 571 2939 682 2977; x_wconf 91' lang='lat' dir='ltr'><strong>rem</strong></span> <span class='ocrx_word' id='word_1_328' title='bbox 713 2924 786 2976; x_wconf 89' lang='lat' dir='ltr'><strong>ita</strong></span> <span class='ocrx_word' id='word_1_329' title='bbox 809 2939 865 2976; x_wconf 91' lang='lat' dir='ltr'><strong>se</strong></span> <span class='ocrx_word' id='word_1_330' title='bbox 886 2923 1085 2978; x_wconf 89' lang='lat' dir='ltr'><strong>habere</strong></span> <span class='ocrx_word' id='word_1_331' title='bbox 1117 2925 1432 2992; x_wconf 86' lang='lat' dir='ltr'><strong>eomperiet.</strong></span> <span class='ocrx_word' id='word_1_332' title='bbox 1462 2925 1530 2977; x_wconf 83' lang='lat' dir='ltr'><strong>At</strong></span> <span class='ocrx_word' id='word_1_333' title='bbox 1571 2925 1659 2978; x_wconf 89' lang='lat' dir='ltr'><strong>illa</strong></span> <span class='ocrx_word' id='word_1_334' title='bbox 1682 2939 1803 2994; x_wconf 69' lang='lat' dir='ltr'><strong>quae</strong></span> <span class='ocrx_word' id='word_1_335' title='bbox 1832 2925 2136 2981; x_wconf 86' lang='lat' dir='ltr'><strong>voluntarie</strong></span> 
     </span>
    </p>
   </div>
   <div class='ocr_carea' id='block_1_47' title="bbox 570 3013 2133 3087">
    <p class='ocr_par' dir='ltr' id='par_1_47' title="bbox 570 3013 2133 3087">
     <span class='ocr_line' id='line_1_47' title="bbox 570 3013 2133 3087; baseline 0.001 -18"><span class='ocrx_word' id='word_1_336' title='bbox 570 3024 754 3083; x_wconf 82' lang='lat' dir='ltr'><strong>agunt,</strong></span> <span class='ocrx_word' id='word_1_337' title='bbox 781 3013 1128 3069; x_wconf 83' lang='lat' dir='ltr'><strong>frustratione</strong></span> <span class='ocrx_word' id='word_1_338' title='bbox 1152 3024 1397 3082; x_wconf 75' lang='lat' dir='ltr'><strong>excepta,</strong></span> <span class='ocrx_word' id='word_1_339' title='bbox 1432 3026 1623 3069; x_wconf 88' lang='lat' dir='ltr'><strong>cuncta</strong></span> <span class='ocrx_word' id='word_1_340' title='bbox 1652 3031 1745 3084; x_wconf 88' lang='lat' dir='ltr'><strong>per</strong></span> <span class='ocrx_word' id='word_1_341' title='bbox 1776 3031 1832 3070; x_wconf 90' lang='lat' dir='ltr'><strong>se</strong></span> <span class='ocrx_word' id='word_1_342' title='bbox 1862 3026 2046 3087; x_wconf 78' lang='lat' dir='ltr'><strong>agunt.</strong></span> <span class='ocrx_word' id='word_1_343' title='bbox 2077 3017 2133 3071; x_wconf 91' lang='lat' dir='ltr'><strong>Si</strong></span> 
     </span>
    </p>
   </div>
   <div class='ocr_carea' id='block_1_48' title="bbox 570 3103 2138 3177">
    <p class='ocr_par' dir='ltr' id='par_1_48' title="bbox 570 3103 2138 3177">
     <span class='ocr_line' id='line_1_48' title="bbox 570 3103 2138 3177; baseline 0.003 -17"><span class='ocrx_word' id='word_1_344' title='bbox 570 3107 732 3176; x_wconf 76' lang='lat' dir='ltr'><strong>igitUr</strong></span> <span class='ocrx_word' id='word_1_345' title='bbox 749 3107 892 3161; x_wconf 82' lang='lat' dir='ltr'><strong>Deus</strong></span> <span class='ocrx_word' id='word_1_346' title='bbox 908 3119 1136 3174; x_wconf 90' lang='lat' dir='ltr'><strong>operans</strong></span> <span class='ocrx_word' id='word_1_347' title='bbox 1159 3103 1558 3159; x_wconf 75' lang='lat' dir='ltr'><strong>frustrationem</strong></span> <span class='ocrx_word' id='word_1_348' title='bbox 1582 3121 1687 3160; x_wconf 87' lang='lat' dir='ltr'><strong>non</strong></span> <span class='ocrx_word' id='word_1_349' title='bbox 1702 3108 1922 3174; x_wconf 88' lang='lat' dir='ltr'><strong>patitur,</strong></span> <span class='ocrx_word' id='word_1_350' title='bbox 1953 3108 2138 3177; x_wconf 80' lang='lat' dir='ltr'><strong>utique</strong></span> 
     </span>
    </p>
   </div>
   <div class='ocr_carea' id='block_1_49' title="bbox 569 3193 2139 3266">
    <p class='ocr_par' dir='ltr' id='par_1_49' title="bbox 569 3193 2139 3266">
     <span class='ocr_line' id='line_1_49' title="bbox 569 3193 2139 3266; baseline 0.003 -16"><span class='ocrx_word' id='word_1_351' title='bbox 569 3211 662 3265; x_wconf 91' lang='lat' dir='ltr'><strong>per</strong></span> <span class='ocrx_word' id='word_1_352' title='bbox 690 3210 747 3249; x_wconf 89' lang='lat' dir='ltr'><strong>se</strong></span> <span class='ocrx_word' id='word_1_353' title='bbox 765 3203 1040 3263; x_wconf 87' lang='lat' dir='ltr'><strong>operatur.</strong></span> <span class='ocrx_word' id='word_1_354' title='bbox 1061 3193 1164 3249; x_wconf 90' lang='lat' dir='ltr'><strong>Per</strong></span> <span class='ocrx_word' id='word_1_355' title='bbox 1186 3210 1244 3249; x_wconf 89' lang='lat' dir='ltr'><strong>se</strong></span> <span class='ocrx_word' id='word_1_356' title='bbox 1259 3203 1438 3248; x_wconf 89' lang='lat' dir='ltr'><strong>autem</strong></span> <span class='ocrx_word' id='word_1_357' title='bbox 1470 3210 1723 3264; x_wconf 88' lang='lat' dir='ltr'><strong>operans,</strong></span> <span class='ocrx_word' id='word_1_358' title='bbox 1743 3196 1883 3249; x_wconf 89' lang='lat' dir='ltr'><strong>bona</strong></span> <span class='ocrx_word' id='word_1_359' title='bbox 1902 3212 2055 3266; x_wconf 66' lang='lat' dir='ltr'><strong>atque</strong></span> <span class='ocrx_word' id='word_1_360' title='bbox 2076 3213 2139 3254; x_wconf 91' lang='lat' dir='ltr'><strong>ac</strong></span> 
     </span>
    </p>
   </div>
   <div class='ocr_carea' id='block_1_50' title="bbox 2247 2128 3817 2200">
    <p class='ocr_par' dir='ltr' id='par_1_50' title="bbox 2247 2128 3817 2200">
     <span class='ocr_line' id='line_1_50' title="bbox 2247 2128 3817 2200; baseline 0.001 -15"><span class='ocrx_word' id='word_1_361' title='bbox 2247 2131 2330 2185; x_wconf 84' lang='lat' dir='ltr'><strong>K&#39;.</strong></span> <span class='ocrx_word' id='word_1_362' title='bbox 2367 2131 2520 2198; x_wconf 83' lang='grc' dir='ltr'>Πρὸς</span> <span class='ocrx_word' id='word_1_363' title='bbox 2543 2133 2648 2185; x_wconf 75' lang='grc' dir='ltr'>τὸν</span> <span class='ocrx_word' id='word_1_364' title='bbox 2669 2132 2854 2185; x_wconf 79' lang='grc' dir='ltr'>αὐτὸν</span> <span class='ocrx_word' id='word_1_365' title='bbox 2871 2132 3127 2200; x_wconf 68' lang='grc' dir='ltr'>λέγοντα</span> <span class='ocrx_word' id='word_1_366' title='bbox 3144 2131 3249 2184; x_wconf 74' lang='grc' dir='ltr'>τὸν</span> <span class='ocrx_word' id='word_1_367' title='bbox 3277 2133 3424 2185; x_wconf 80' lang='grc' dir='ltr'>Θεὸν</span> <span class='ocrx_word' id='word_1_368' title='bbox 3449 2134 3644 2186; x_wconf 65' lang='grc' dir='ltr'>αιτιοι·</span> <span class='ocrx_word' id='word_1_369' title='bbox 3665 2128 3817 2187; x_wconf 78' lang='grc' dir='ltr'>εἶναι</span> 
     </span>
    </p>
   </div>
   <div class='ocr_carea' id='block_1_51' title="bbox 2338 2201 3724 2272">
    <p class='ocr_par' dir='ltr' id='par_1_51' title="bbox 2338 2201 3724 2272">
     <span class='ocr_line' id='line_1_51' title="bbox 2338 2201 3724 2272; baseline 0.001 -18"><span class='ocrx_word' id='word_1_370' title='bbox 2338 2201 2456 2254; x_wconf 71' lang='grc' dir='ltr'><strong>τῶν</strong></span> <span class='ocrx_word' id='word_1_371' title='bbox 2495 2201 2693 2254; x_wconf 82' lang='grc' dir='ltr'>κακῶν</span> <span class='ocrx_word' id='word_1_372' title='bbox 2725 2201 2932 2270; x_wconf 83' lang='grc' dir='ltr'>ὥσπερ</span> <span class='ocrx_word' id='word_1_373' title='bbox 2961 2202 3036 2268; x_wconf 82' lang='grc' dir='ltr'>δὴ</span> <span class='ocrx_word' id='word_1_374' title='bbox 3068 2204 3164 2255; x_wconf 83' lang='grc' dir='ltr'><strong>καὶ</strong></span> <span class='ocrx_word' id='word_1_375' title='bbox 3196 2201 3312 2255; x_wconf 79' lang='grc' dir='ltr'><strong>τῶν</strong></span> <span class='ocrx_word' id='word_1_376' title='bbox 3326 2203 3561 2271; x_wconf 77' lang='grc' dir='ltr'>ἀγαθῶν</span> <span class='ocrx_word' id='word_1_377' title='bbox 3589 2202 3724 2272; x_wconf 85' lang='grc'><strong>(90).</strong></span> 
     </span>
    </p>
   </div>
   <div class='ocr_carea' id='block_1_52' title="bbox 2318 2291 3816 2362">
    <p class='ocr_par' dir='ltr' id='par_1_52' title="bbox 2318 2291 3816 2362">
     <span class='ocr_line' id='line_1_52' title="bbox 2318 2291 3816 2362; baseline 0.001 -19"><span class='ocrx_word' id='word_1_378' title='bbox 2318 2298 2420 2345; x_wconf 85' lang='grc' dir='ltr'>πε’.</span> <span class='ocrx_word' id='word_1_379' title='bbox 2458 2292 2578 2344; x_wconf 86' lang='grc' dir='ltr'>Τῶν</span> <span class='ocrx_word' id='word_1_380' title='bbox 2631 2292 2905 2362; x_wconf 76' lang='grc' dir='ltr'>ἀθελήτως</span> <span class='ocrx_word' id='word_1_381' title='bbox 2936 2291 3298 2362; x_wconf 76' lang='grc' dir='ltr'>ἐνεργούντων</span> <span class='ocrx_word' id='word_1_382' title='bbox 3326 2292 3361 2345; x_wconf 79' lang='grc' dir='ltr'><strong>ἃ.</strong></span> <span class='ocrx_word' id='word_1_383' title='bbox 3393 2293 3491 2361; x_wconf 82' lang='grc' dir='ltr'><strong>μὲν</strong></span> <span class='ocrx_word' id='word_1_384' title='bbox 3521 2292 3644 2345; x_wconf 82' lang='grc' dir='ltr'>καθ’</span> <span class='ocrx_word' id='word_1_385' title='bbox 3688 2293 3816 2345; x_wconf 79' lang='grc' dir='ltr'>αὑτὸ</span> 
     </span>
    </p>
   </div>
   <div class='ocr_carea' id='block_1_53' title="bbox 2246 2376 3813 2454">
    <p class='ocr_par' dir='ltr' id='par_1_53' title="bbox 2246 2376 3813 2454">
     <span class='ocr_line' id='line_1_53' title="bbox 2246 2376 3813 2454; baseline -0.001 -18"><span class='ocrx_word' id='word_1_386' title='bbox 2246 2384 2477 2454; x_wconf 76' lang='grc' dir='ltr'><strong>ἐνεργεῖ,</strong></span> <span class='ocrx_word' id='word_1_387' title='bbox 2510 2381 2546 2437; x_wconf 83' lang='grc' dir='ltr'><strong>δι</strong></span> <span class='ocrx_word' id='word_1_388' title='bbox 2595 2383 2648 2434; x_wconf 83' lang='grc' dir='ltr'><strong>δέ</strong></span> <span class='ocrx_word' id='word_1_389' title='bbox 2705 2383 2846 2436; x_wconf 76' lang='grc' dir='ltr'>κατὰ</span> <span class='ocrx_word' id='word_1_390' title='bbox 2877 2382 3221 2452; x_wconf 80' lang='grc' dir='ltr'>συμϐεϐηκός</span> <span class='ocrx_word' id='word_1_391' title='bbox 3243 2399 3256 2414; x_wconf 94' lang='grc'><strong>·</strong></span> <span class='ocrx_word' id='word_1_392' title='bbox 3307 2376 3417 2436; x_wconf 83' lang='grc' dir='ltr'>οἷον</span> <span class='ocrx_word' id='word_1_393' title='bbox 3447 2382 3506 2435; x_wconf 78' lang='grc' dir='ltr'>τὸ</span> <span class='ocrx_word' id='word_1_394' title='bbox 3554 2382 3666 2453; x_wconf 79' lang='grc' dir='ltr'><strong>πῦρ</strong></span> <span class='ocrx_word' id='word_1_395' title='bbox 3695 2382 3813 2436; x_wconf 74' lang='grc' dir='ltr'>καθ’</span> 
     </span>
    </p>
   </div>
   <div class='ocr_carea' id='block_1_54' title="bbox 2244 2472 3812 2542">
    <p class='ocr_par' dir='ltr' id='par_1_54' title="bbox 2244 2472 3812 2542">
     <span class='ocr_line' id='line_1_54' title="bbox 2244 2472 3812 2542; baseline -0.001 -17"><span class='ocrx_word' id='word_1_396' title='bbox 2244 2474 2373 2526; x_wconf 82' lang='grc' dir='ltr'>αὑτὸ</span> <span class='ocrx_word' id='word_1_397' title='bbox 2432 2472 2529 2539; x_wconf 86' lang='grc' dir='ltr'><strong>μὲν</strong></span> <span class='ocrx_word' id='word_1_398' title='bbox 2586 2472 2887 2542; x_wconf 82' lang='grc' dir='ltr'>θερμαίνει,</span> <span class='ocrx_word' id='word_1_399' title='bbox 2942 2473 3082 2525; x_wconf 85' lang='grc' dir='ltr'>κατὰ</span> <span class='ocrx_word' id='word_1_400' title='bbox 3116 2472 3457 2542; x_wconf 82' lang='grc' dir='ltr'>συμϐεϐηκὸς</span> <span class='ocrx_word' id='word_1_401' title='bbox 3502 2473 3556 2525; x_wconf 81' lang='grc' dir='ltr'>δὲ</span> <span class='ocrx_word' id='word_1_402' title='bbox 3596 2473 3686 2526; x_wconf 80' lang='grc' dir='ltr'>διὰ</span> <span class='ocrx_word' id='word_1_403' title='bbox 3717 2473 3812 2542; x_wconf 79' lang='grc' dir='ltr'>τὴν</span> 
     </span>
    </p>
   </div>
   <div class='ocr_carea' id='block_1_55' title="bbox 2243 2562 3810 2632">
    <p class='ocr_par' dir='ltr' id='par_1_55' title="bbox 2243 2562 3810 2632">
     <span class='ocr_line' id='line_1_55' title="bbox 2243 2562 3810 2632; baseline -0.001 -16"><span class='ocrx_word' id='word_1_404' title='bbox 2243 2562 2683 2631; x_wconf 75' lang='grc' dir='ltr'>ἀντιπερίστασιν</span> <span class='ocrx_word' id='word_1_405' title='bbox 2708 2562 2898 2632; x_wconf 75' lang='grc' dir='ltr'>ψύχει·</span> <span class='ocrx_word' id='word_1_406' title='bbox 2924 2564 3016 2614; x_wconf 74' lang='grc' dir='ltr'>καὶ</span> <span class='ocrx_word' id='word_1_407' title='bbox 3045 2562 3206 2616; x_wconf 74' lang='grc' dir='ltr'>πάλιν</span> <span class='ocrx_word' id='word_1_408' title='bbox 3227 2562 3364 2615; x_wconf 68' lang='grc' dir='ltr'>’καθ’</span> <span class='ocrx_word' id='word_1_409' title='bbox 3400 2562 3533 2616; x_wconf 80' lang='grc' dir='ltr'>αὑτὸ</span> <span class='ocrx_word' id='word_1_410' title='bbox 3559 2562 3660 2631; x_wconf 86' lang='grc' dir='ltr'>μὲν</span> <span class='ocrx_word' id='word_1_411' title='bbox 3698 2579 3810 2631; x_wconf 76' lang='grc' dir='ltr'>φω-</span> 
     </span>
    </p>
   </div>
   <div class='ocr_carea' id='block_1_56' title="bbox 2241 2653 3810 2724">
    <p class='ocr_par' dir='ltr' id='par_1_56' title="bbox 2241 2653 3810 2724">
     <span class='ocr_line' id='line_1_56' title="bbox 2241 2653 3810 2724; baseline 0 -19"><span class='ocrx_word' id='word_1_412' title='bbox 2241 2653 2403 2717; x_wconf 75' lang='grc' dir='ltr'>τίζει,</span> <span class='ocrx_word' id='word_1_413' title='bbox 2447 2653 2516 2705; x_wconf 81' lang='grc' dir='ltr'>δι’</span> <span class='ocrx_word' id='word_1_414' title='bbox 2574 2654 2949 2724; x_wconf 81' lang='grc' dir='ltr'>ἀντιφράσεως</span> <span class='ocrx_word' id='word_1_415' title='bbox 2998 2653 3054 2706; x_wconf 79' lang='grc' dir='ltr'><strong>δέ</strong></span> <span class='ocrx_word' id='word_1_416' title='bbox 3122 2670 3264 2719; x_wconf 88' lang='grc' dir='ltr'>τινος</span> <span class='ocrx_word' id='word_1_417' title='bbox 3323 2654 3571 2724; x_wconf 85' lang='grc' dir='ltr'>σώματος</span> <span class='ocrx_word' id='word_1_418' title='bbox 3625 2655 3810 2715; x_wconf 72' lang='grc' dir='ltr'>σκότος</span> 
     </span>
    </p>
   </div>
   <div class='ocr_carea' id='block_1_57' title="bbox 2244 2743 3814 2811">
    <p class='ocr_par' dir='ltr' id='par_1_57' title="bbox 2244 2743 3814 2811">
     <span class='ocr_line' id='line_1_57' title="bbox 2244 2743 3814 2811; baseline -0.001 -15"><span class='ocrx_word' id='word_1_419' title='bbox 2244 2746 2420 2796; x_wconf 86' lang='grc' dir='ltr'>ποιεῖ·</span> <span class='ocrx_word' id='word_1_420' title='bbox 2456 2743 2712 2805; x_wconf 86' lang='grc' dir='ltr'>ὡσαύτως</span> <span class='ocrx_word' id='word_1_421' title='bbox 2743 2744 2798 2796; x_wconf 90' lang='grc' dir='ltr'><strong>δέ</strong></span> <span class='ocrx_word' id='word_1_422' title='bbox 2827 2745 2918 2796; x_wconf 53' lang='grc' dir='ltr'><strong>καὶ⁸</strong></span> <span class='ocrx_word' id='word_1_423' title='bbox 2937 2744 3026 2796; x_wconf 73' lang='grc' dir='ltr'>ἐπὶ</span> <span class='ocrx_word' id='word_1_424' title='bbox 3051 2744 3156 2796; x_wconf 86' lang='grc' dir='ltr'><strong>τῶν</strong></span> <span class='ocrx_word' id='word_1_425' title='bbox 3184 2744 3356 2797; x_wconf 75' lang='grc' dir='ltr'>ἄλλων</span> <span class='ocrx_word' id='word_1_426' title='bbox 3379 2746 3661 2811; x_wconf 80' lang='grc' dir='ltr'>ἁπάντων,</span> <span class='ocrx_word' id='word_1_427' title='bbox 3682 2745 3814 2796; x_wconf 81' lang='grc' dir='ltr'>ἀνα-</span> 
     </span>
    </p>
   </div>
   <div class='ocr_carea' id='block_1_58' title="bbox 2243 2833 3813 2905">
    <p class='ocr_par' dir='ltr' id='par_1_58' title="bbox 2243 2833 3813 2905">
     <span class='ocr_line' id='line_1_58' title="bbox 2243 2833 3813 2905; baseline 0 -19"><span class='ocrx_word' id='word_1_428' title='bbox 2243 2834 2416 2900; x_wconf 87' lang='grc' dir='ltr'>λόγως</span> <span class='ocrx_word' id='word_1_429' title='bbox 2447 2838 2512 2905; x_wconf 80' lang='grc' dir='ltr'>τῇ</span> <span class='ocrx_word' id='word_1_430' title='bbox 2571 2835 2817 2904; x_wconf 75' lang='grc' dir='ltr'>ἐνεργείᾳ</span> <span class='ocrx_word' id='word_1_431' title='bbox 2850 2851 2934 2899; x_wconf 88' lang='grc' dir='ltr'><strong>τις</strong></span> <span class='ocrx_word' id='word_1_432' title='bbox 2986 2834 3315 2898; x_wconf 85' lang='grc' dir='ltr'>ἀκολουθῶν,</span> <span class='ocrx_word' id='word_1_433' title='bbox 3365 2835 3591 2904; x_wconf 78' lang='grc' dir='ltr'>εὑρήσει</span> <span class='ocrx_word' id='word_1_434' title='bbox 3643 2833 3813 2896; x_wconf 79' lang='grc' dir='ltr'>οὕτως</span> 
     </span>
    </p>
   </div>
   <div class='ocr_carea' id='block_1_59' title="bbox 2243 2921 3809 2992">
    <p class='ocr_par' dir='ltr' id='par_1_59' title="bbox 2243 2921 3809 2992">
     <span class='ocr_line' id='line_1_59' title="bbox 2243 2921 3809 2992; baseline 0.001 -19"><span class='ocrx_word' id='word_1_435' title='bbox 2243 2923 2365 2992; x_wconf 82' lang='grc' dir='ltr'>ἔχον</span> <span class='ocrx_word' id='word_1_436' title='bbox 2391 2941 2403 2954; x_wconf 95' lang='grc'><strong>·</strong></span> <span class='ocrx_word' id='word_1_437' title='bbox 2435 2923 2542 2975; x_wconf 86' lang='grc' dir='ltr'><strong>τῶν</strong></span> <span class='ocrx_word' id='word_1_438' title='bbox 2571 2923 2624 2974; x_wconf 84' lang='grc' dir='ltr'>δὲ</span> <span class='ocrx_word' id='word_1_439' title='bbox 2666 2922 2904 2990; x_wconf 82' lang='grc' dir='ltr'>θελητῶς</span> <span class='ocrx_word' id='word_1_440' title='bbox 2928 2921 3288 2990; x_wconf 81' lang='grc' dir='ltr'>ἐνεργούντων</span> <span class='ocrx_word' id='word_1_441' title='bbox 3314 2922 3453 2990; x_wconf 84' lang='grc' dir='ltr'>πλὴν</span> <span class='ocrx_word' id='word_1_442' title='bbox 3489 2922 3809 2991; x_wconf 80' lang='grc' dir='ltr'>ἀποτυχίας,</span> 
     </span>
    </p>
   </div>
   <div class='ocr_carea' id='block_1_60' title="bbox 2242 3007 3808 3080">
    <p class='ocr_par' dir='ltr' id='par_1_60' title="bbox 2242 3007 3808 3080">
     <span class='ocr_line' id='line_1_60' title="bbox 2242 3007 3808 3080; baseline -0.002 -16"><span class='ocrx_word' id='word_1_443' title='bbox 2242 3013 2421 3066; x_wconf 80' lang='grc' dir='ltr'>πάντα</span> <span class='ocrx_word' id='word_1_444' title='bbox 2449 3013 2572 3064; x_wconf 81' lang='grc' dir='ltr'>καθ’</span> <span class='ocrx_word' id='word_1_445' title='bbox 2594 3011 2722 3065; x_wconf 84' lang='grc' dir='ltr'><strong>αὑτὺ</strong></span> <span class='ocrx_word' id='word_1_446' title='bbox 2743 3014 2973 3080; x_wconf 81' lang='grc' dir='ltr'>ἐνεργεῖ.</span> <span class='ocrx_word' id='word_1_447' title='bbox 3009 3012 3070 3063; x_wconf 87' lang='lat' dir='ltr'><strong>El.</strong></span> <span class='ocrx_word' id='word_1_448' title='bbox 3099 3007 3190 3064; x_wconf 84' lang='grc' dir='ltr'>οὖν</span> <span class='ocrx_word' id='word_1_449' title='bbox 3228 3010 3358 3073; x_wconf 84' lang='grc' dir='ltr'>Θεὸς</span> <span class='ocrx_word' id='word_1_450' title='bbox 3382 3010 3644 3080; x_wconf 81' lang='grc' dir='ltr'>ἐνεργῶν</span> <span class='ocrx_word' id='word_1_451' title='bbox 3668 3011 3808 3062; x_wconf 80' lang='grc' dir='ltr'>ἀπο-</span> 
     </span>
    </p>
   </div>
   <div class='ocr_carea' id='block_1_61' title="bbox 2242 3098 3808 3170">
    <p class='ocr_par' dir='ltr' id='par_1_61' title="bbox 2242 3098 3808 3170">
     <span class='ocr_line' id='line_1_61' title="bbox 2242 3098 3808 3170; baseline -0.003 -15"><span class='ocrx_word' id='word_1_452' title='bbox 2242 3100 2434 3170; x_wconf 86' lang='grc' dir='ltr'>τυχίας</span> <span class='ocrx_word' id='word_1_453' title='bbox 2485 3102 2727 3166; x_wconf 79' lang='grc' dir='ltr'>ἀδεκτος,</span> <span class='ocrx_word' id='word_1_454' title='bbox 2774 3100 2948 3153; x_wconf 82' lang='grc' dir='ltr'>πάντα</span> <span class='ocrx_word' id='word_1_455' title='bbox 2977 3100 3083 3170; x_wconf 75' lang='grc' dir='ltr'>ἄρα</span> <span class='ocrx_word' id='word_1_456' title='bbox 3114 3101 3235 3154; x_wconf 85' lang='grc' dir='ltr'>καθ’</span> <span class='ocrx_word' id='word_1_457' title='bbox 3259 3100 3387 3154; x_wconf 81' lang='grc' dir='ltr'>αὐτὸ</span> <span class='ocrx_word' id='word_1_458' title='bbox 3411 3100 3624 3169; x_wconf 73' lang='grc' dir='ltr'>ἐνεργεῖ</span> <span class='ocrx_word' id='word_1_459' title='bbox 3644 3116 3658 3127; x_wconf 91' lang='grc'><strong>·</strong></span> <span class='ocrx_word' id='word_1_460' title='bbox 3689 3098 3808 3151; x_wconf 83' lang='grc' dir='ltr'>καθ’</span> 
     </span>
    </p>
   </div>
   <div class='ocr_carea' id='block_1_62' title="bbox 2245 3187 3810 3259">
    <p class='ocr_par' dir='ltr' id='par_1_62' title="bbox 2245 3187 3810 3259">
     <span class='ocr_line' id='line_1_62' title="bbox 2245 3187 3810 3259; baseline -0.003 -14"><span class='ocrx_word' id='word_1_461' title='bbox 2245 3193 2375 3246; x_wconf 77' lang='grc' dir='ltr'>αὐτὸ</span> <span class='ocrx_word' id='word_1_462' title='bbox 2399 3192 2454 3244; x_wconf 83' lang='grc' dir='ltr'><strong>δέ</strong></span> <span class='ocrx_word' id='word_1_463' title='bbox 2485 3191 2744 3259; x_wconf 87' lang='grc' dir='ltr'>ἐνεργῶν,</span> <span class='ocrx_word' id='word_1_464' title='bbox 2768 3192 2838 3242; x_wconf 86' lang='grc' dir='ltr'><strong>τὰ</strong></span> <span class='ocrx_word' id='word_1_465' title='bbox 2867 3189 3045 3257; x_wconf 78' lang='grc' dir='ltr'>ἀγαθὰ</span> <span class='ocrx_word' id='word_1_466' title='bbox 3068 3192 3160 3242; x_wconf 78' lang='grc' dir='ltr'>καὶ</span> <span class='ocrx_word' id='word_1_467' title='bbox 3187 3189 3254 3243; x_wconf 83' lang='grc' dir='ltr'>τὰ</span> <span class='ocrx_word' id='word_1_468' title='bbox 3285 3191 3429 3242; x_wconf 82' lang='grc' dir='ltr'>κακὰ</span> <span class='ocrx_word' id='word_1_469' title='bbox 3457 3187 3576 3242; x_wconf 58' lang='grc' dir='ltr'>κατ’</span> <span class='ocrx_word' id='word_1_470' title='bbox 3604 3191 3810 3242; x_wconf 82' lang='grc' dir='ltr'>ἐκεῖνον</span> 
     </span>
    </p>
   </div>
   <div class='ocr_carea' id='block_1_63' title="bbox 566 3264 2141 3354">
    <p class='ocr_par' dir='ltr' id='par_1_63' title="bbox 566 3264 2141 3354">
     <span class='ocr_line' id='line_1_63' title="bbox 566 3264 2141 3354; baseline 0 -16"><span class='ocrx_word' id='word_1_471' title='bbox 566 3264 709 3338; x_wconf 81' lang='lat' dir='ltr'><strong>mala</strong></span> <span class='ocrx_word' id='word_1_472' title='bbox 732 3282 1032 3336; x_wconf 87' lang='lat' dir='ltr'><strong>secundum</strong></span> <span class='ocrx_word' id='word_1_473' title='bbox 1066 3280 1440 3335; x_wconf 82' lang='lat' dir='ltr'><strong>Mohamedem</strong></span> <span class='ocrx_word' id='word_1_474' title='bbox 1463 3284 1738 3351; x_wconf 71' lang='lat' dir='ltr'><strong>operatur.</strong></span> <span class='ocrx_word' id='word_1_475' title='bbox 1769 3279 1909 3354; x_wconf 80' lang='lat' dir='ltr'><strong>Ergo</strong></span> <span class='ocrx_word' id='word_1_476' title='bbox 1929 3264 2141 3338; x_wconf 81' lang='lat' dir='ltr'><strong>contra-</strong></span> 
     </span>
    </p>
   </div>
   <div class='ocr_carea' id='block_1_64' title="bbox 2249 3264 3807 3354">
    <p class='ocr_par' dir='ltr' id='par_1_64' title="bbox 2249 3280 3807 3351">
     <span class='ocr_line' id='line_1_64' title="bbox 2249 3280 3807 3351; baseline -0.001 -17"><span class='ocrx_word' id='word_1_477' title='bbox 2249 3283 2491 3351; x_wconf 86' lang='grc' dir='ltr'>ἐνεργεῖ·</span> <span class='ocrx_word' id='word_1_478' title='bbox 2539 3281 2795 3334; x_wconf 84' lang='grc' dir='ltr'>τάναντία</span> <span class='ocrx_word' id='word_1_479' title='bbox 2854 3281 2958 3350; x_wconf 81' lang='grc' dir='ltr'>ἄρα</span> <span class='ocrx_word' id='word_1_480' title='bbox 2987 3281 3126 3334; x_wconf 76' lang='grc' dir='ltr'>κατὰ</span> <span class='ocrx_word' id='word_1_481' title='bbox 3153 3280 3242 3333; x_wconf 80' lang='grc' dir='ltr'><strong>τὸν</strong></span> <span class='ocrx_word' id='word_1_482' title='bbox 3287 3282 3530 3349; x_wconf 81' lang='grc' dir='ltr'>Μωὰμετ</span> <span class='ocrx_word' id='word_1_483' title='bbox 3561 3283 3807 3349; x_wconf 84' lang='grc' dir='ltr'>ἐνεργεῖ·</span> 
     </span>
    </p>
   </div>
   <div class='ocr_carea' id='block_1_65' title="bbox 566 3371 2140 3446">
    <p class='ocr_par' dir='ltr' id='par_1_65' title="bbox 566 3371 2140 3446">
     <span class='ocr_line' id='line_1_65' title="bbox 566 3371 2140 3446; baseline 0.001 -22"><span class='ocrx_word' id='word_1_484' title='bbox 566 3374 646 3426; x_wconf 86' lang='lat' dir='ltr'><strong>ria</strong></span> <span class='ocrx_word' id='word_1_485' title='bbox 668 3371 820 3439; x_wconf 85' lang='lat' dir='ltr'><strong>juxta</strong></span> <span class='ocrx_word' id='word_1_486' title='bbox 845 3371 1087 3440; x_wconf 88' lang='lat' dir='ltr'><strong>ejusdem</strong></span> <span class='ocrx_word' id='word_1_487' title='bbox 1111 3371 1706 3437; x_wconf 86' lang='lat' dir='ltr'><strong>sententiamOperatur</strong></span> <span class='ocrx_word' id='word_1_488' title='bbox 1737 3387 1750 3424; x_wconf 90' lang='lat'><strong>:</strong></span> <span class='ocrx_word' id='word_1_489' title='bbox 1784 3371 1857 3425; x_wconf 89' lang='lat' dir='ltr'><strong>ita</strong></span> <span class='ocrx_word' id='word_1_490' title='bbox 1878 3381 1934 3425; x_wconf 81' lang='lat' dir='ltr'><strong>ut</strong></span> <span class='ocrx_word' id='word_1_491' title='bbox 1957 3388 2021 3426; x_wconf 77' lang='lat' dir='ltr'><strong>ex</strong></span> <span class='ocrx_word' id='word_1_492' title='bbox 2047 3390 2140 3446; x_wconf 78' lang='lat' dir='ltr'><strong>ea-</strong></span> 
     </span>
    </p>
   </div>
   <div class='ocr_carea' id='block_1_66' title="bbox 566 3460 2139 3530">
    <p class='ocr_par' dir='ltr' id='par_1_66' title="bbox 566 3460 2139 3530">
     <span class='ocr_line' id='line_1_66' title="bbox 566 3460 2139 3530; baseline -0.001 -12"><span class='ocrx_word' id='word_1_493' title='bbox 566 3463 687 3518; x_wconf 89' lang='lat' dir='ltr'><strong>dem</strong></span> <span class='ocrx_word' id='word_1_494' title='bbox 711 3476 896 3524; x_wconf 89' lang='lat' dir='ltr'><strong>causa,</strong></span> <span class='ocrx_word' id='word_1_495' title='bbox 922 3460 1060 3514; x_wconf 92' lang='lat' dir='ltr'><strong>mala</strong></span> <span class='ocrx_word' id='word_1_496' title='bbox 1079 3475 1232 3529; x_wconf 68' lang='lat' dir='ltr'><strong>aeque</strong></span> <span class='ocrx_word' id='word_1_497' title='bbox 1254 3475 1315 3513; x_wconf 91' lang='lat' dir='ltr'><strong>ac</strong></span> <span class='ocrx_word' id='word_1_498' title='bbox 1337 3460 1476 3513; x_wconf 89' lang='lat' dir='ltr'><strong>bona</strong></span> <span class='ocrx_word' id='word_1_499' title='bbox 1511 3460 1825 3528; x_wconf 87' lang='lat' dir='ltr'><strong>procedant.</strong></span> <span class='ocrx_word' id='word_1_500' title='bbox 1865 3462 2028 3530; x_wconf 86' lang='lat' dir='ltr'><strong>Atqui</strong></span> <span class='ocrx_word' id='word_1_501' title='bbox 2075 3476 2139 3517; x_wconf 86' lang='lat' dir='ltr'><strong>ea</strong></span> 
     </span>
    </p>
   </div>
   <div class='ocr_carea' id='block_1_67' title="bbox 567 3549 2140 3622">
    <p class='ocr_par' dir='ltr' id='par_1_67' title="bbox 567 3549 2140 3622">
     <span class='ocr_line' id='line_1_67' title="bbox 567 3549 2140 3622; baseline -0.002 -15"><span class='ocrx_word' id='word_1_502' title='bbox 567 3568 688 3622; x_wconf 75' lang='lat' dir='ltr'><strong>quae</strong></span> <span class='ocrx_word' id='word_1_503' title='bbox 716 3567 809 3622; x_wconf 89' lang='lat' dir='ltr'><strong>per</strong></span> <span class='ocrx_word' id='word_1_504' title='bbox 837 3567 895 3606; x_wconf 89' lang='lat' dir='ltr'><strong>se</strong></span> <span class='ocrx_word' id='word_1_505' title='bbox 923 3566 986 3604; x_wconf 84' lang='lat' dir='ltr'><strong>ex</strong></span> <span class='ocrx_word' id='word_1_506' title='bbox 1023 3565 1126 3603; x_wconf 91' lang='lat' dir='ltr'><strong>una</strong></span> <span class='ocrx_word' id='word_1_507' title='bbox 1159 3564 1317 3604; x_wconf 88' lang='lat' dir='ltr'><strong>causa</strong></span> <span class='ocrx_word' id='word_1_508' title='bbox 1343 3549 1660 3617; x_wconf 88' lang='lat' dir='ltr'><strong>procedunt,</strong></span> <span class='ocrx_word' id='word_1_509' title='bbox 1689 3551 1961 3603; x_wconf 90' lang='lat' dir='ltr'><strong>contraria</strong></span> <span class='ocrx_word' id='word_1_510' title='bbox 2003 3551 2140 3604; x_wconf 85' lang='lat' dir='ltr'><strong>inter</strong></span> 
     </span>
    </p>
   </div>
   <div class='ocr_carea' id='block_1_68' title="bbox 569 3640 2139 3708">
    <p class='ocr_par' dir='ltr' id='par_1_68' title="bbox 569 3640 2139 3708">
     <span class='ocr_line' id='line_1_68' title="bbox 569 3640 2139 3708; baseline -0.001 -12"><span class='ocrx_word' id='word_1_511' title='bbox 569 3658 627 3696; x_wconf 84' lang='lat' dir='ltr'><strong>SC</strong></span> <span class='ocrx_word' id='word_1_512' title='bbox 659 3656 911 3696; x_wconf 88' lang='lat' dir='ltr'><strong>essenon</strong></span> <span class='ocrx_word' id='word_1_513' title='bbox 977 3647 1227 3708; x_wconf 85' lang='lat' dir='ltr'><strong>possunt,</strong></span> <span class='ocrx_word' id='word_1_514' title='bbox 1257 3653 1322 3692; x_wconf 89' lang='lat' dir='ltr'><strong>ne</strong></span> <span class='ocrx_word' id='word_1_515' title='bbox 1358 3653 1545 3704; x_wconf 89' lang='lat' dir='ltr'><strong>causa,</strong></span> <span class='ocrx_word' id='word_1_516' title='bbox 1599 3653 1664 3693; x_wconf 74' lang='grc' dir='ltr'>οι</span> <span class='ocrx_word' id='word_1_517' title='bbox 1700 3654 1806 3707; x_wconf 88' lang='lat' dir='ltr'><strong>qua</strong></span> <span class='ocrx_word' id='word_1_518' title='bbox 1867 3640 2139 3694; x_wconf 88' lang='lat' dir='ltr'><strong>contraria</strong></span> 
     </span>
    </p>
   </div>
   <div class='ocr_carea' id='block_1_69' title="bbox 567 3728 2137 3803">
    <p class='ocr_par' dir='ltr' id='par_1_69' title="bbox 567 3728 2137 3803">
     <span class='ocr_line' id='line_1_69' title="bbox 567 3728 2137 3803; baseline -0.004 -15"><span class='ocrx_word' id='word_1_519' title='bbox 567 3735 891 3803; x_wconf 89' lang='lat' dir='ltr'><strong>procedunt,</strong></span> <span class='ocrx_word' id='word_1_520' title='bbox 963 3731 1102 3785; x_wconf 89' lang='lat' dir='ltr'><strong>mala</strong></span> <span class='ocrx_word' id='word_1_521' title='bbox 1158 3731 1322 3785; x_wconf 89' lang='lat' dir='ltr'><strong>simul</strong></span> <span class='ocrx_word' id='word_1_522' title='bbox 1379 3730 1630 3795; x_wconf 89' lang='lat' dir='ltr'><strong>bonaque</strong></span> <span class='ocrx_word' id='word_1_523' title='bbox 1680 3743 1800 3783; x_wconf 83' lang='lat' dir='ltr'><strong>esse</strong></span> <span class='ocrx_word' id='word_1_524' title='bbox 1851 3728 2137 3794; x_wconf 86' lang='lat' dir='ltr'><strong>videatur;</strong></span> 
     </span>
    </p>
   </div>
   <div class='ocr_carea' id='block_1_70' title="bbox 567 3816 2138 3894">
    <p class='ocr_par' dir='ltr' id='par_1_70' title="bbox 567 3816 2138 3894">
     <span class='ocr_line' id='line_1_70' title="bbox 567 3816 2138 3894; baseline -0.004 -16"><span class='ocrx_word' id='word_1_525' title='bbox 567 3823 708 3894; x_wconf 88' lang='lat' dir='ltr'><strong>quod</strong></span> <span class='ocrx_word' id='word_1_526' title='bbox 737 3821 1111 3891; x_wconf 80' lang='lat' dir='ltr'><strong>blaSphemum</strong></span> <span class='ocrx_word' id='word_1_527' title='bbox 1163 3828 1245 3873; x_wconf 86' lang='lat' dir='ltr'><strong>est</strong></span> <span class='ocrx_word' id='word_1_528' title='bbox 1271 3828 1325 3873; x_wconf 91' lang='lat' dir='ltr'><strong>ct</strong></span> <span class='ocrx_word' id='word_1_529' title='bbox 1357 3817 1714 3886; x_wconf 79' lang='lat' dir='ltr'><strong>inexpiabile;</strong></span> <span class='ocrx_word' id='word_1_530' title='bbox 1758 3831 1885 3886; x_wconf 80' lang='lat' dir='ltr'><strong>ergo</strong></span> <span class='ocrx_word' id='word_1_531' title='bbox 1911 3831 1976 3871; x_wconf 82' lang='lat' dir='ltr'><strong>ex</strong></span> <span class='ocrx_word' id='word_1_532' title='bbox 2029 3816 2138 3871; x_wconf 89' lang='lat' dir='ltr'><strong>Deo</strong></span> 
     </span>
    </p>
   </div>
   <div class='ocr_carea' id='block_1_71' title="bbox 568 3908 2140 3977">
    <p class='ocr_par' dir='ltr' id='par_1_71' title="bbox 568 3908 2140 3977">
     <span class='ocr_line' id='line_1_71' title="bbox 568 3908 2140 3977; baseline -0.003 -11"><span class='ocrx_word' id='word_1_533' title='bbox 568 3913 710 3967; x_wconf 87' lang='lat' dir='ltr'><strong>mala</strong></span> <span class='ocrx_word' id='word_1_534' title='bbox 770 3927 879 3966; x_wconf 89' lang='lat' dir='ltr'><strong>non</strong></span> <span class='ocrx_word' id='word_1_535' title='bbox 929 3919 1099 3965; x_wconf 86' lang='lat' dir='ltr'><strong>sunt:</strong></span> <span class='ocrx_word' id='word_1_536' title='bbox 1135 3909 1276 3963; x_wconf 88' lang='lat' dir='ltr'><strong>mala</strong></span> <span class='ocrx_word' id='word_1_537' title='bbox 1309 3918 1487 3961; x_wconf 89' lang='lat' dir='ltr'><strong>autem</strong></span> <span class='ocrx_word' id='word_1_538' title='bbox 1549 3915 1770 3976; x_wconf 89' lang='lat' dir='ltr'><strong>peccata</strong></span> <span class='ocrx_word' id='word_1_539' title='bbox 1811 3908 1950 3973; x_wconf 91' lang='lat' dir='ltr'><strong>dico,</strong></span> <span class='ocrx_word' id='word_1_540' title='bbox 2017 3921 2140 3977; x_wconf 76' lang='lat' dir='ltr'><strong>qua:</strong></span> 
     </span>
    </p>
   </div>
   <div class='ocr_carea' id='block_1_72' title="bbox 568 3997 2136 4072">
    <p class='ocr_par' dir='ltr' id='par_1_72' title="bbox 568 3997 2136 4072">
     <span class='ocr_line' id='line_1_72' title="bbox 568 3997 2136 4072; baseline -0.002 -16"><span class='ocrx_word' id='word_1_541' title='bbox 568 4013 620 4058; x_wconf 88' lang='lat' dir='ltr'><strong>et</strong></span> <span class='ocrx_word' id='word_1_542' title='bbox 650 4017 931 4072; x_wconf 73' lang='lat' dir='ltr'><strong>ptenarum</strong></span> <span class='ocrx_word' id='word_1_543' title='bbox 981 4001 1256 4055; x_wconf 90' lang='lat' dir='ltr'><strong>causativa</strong></span> <span class='ocrx_word' id='word_1_544' title='bbox 1285 4008 1433 4053; x_wconf 83' lang='lat' dir='ltr'><strong>sunt.</strong></span> <span class='ocrx_word' id='word_1_545' title='bbox 1469 3997 1644 4052; x_wconf 88' lang='lat' dir='ltr'><strong>Prave</strong></span> <span class='ocrx_word' id='word_1_546' title='bbox 1694 3998 1859 4068; x_wconf 78' lang='lat' dir='ltr'><strong>igitur</strong></span> <span class='ocrx_word' id='word_1_547' title='bbox 1915 4014 2136 4055; x_wconf 86' lang='lat' dir='ltr'><strong>causam</strong></span> 
     </span>
    </p>
   </div>
   <div class='ocr_carea' id='block_1_73' title="bbox 567 4087 1906 4164">
    <p class='ocr_par' dir='ltr' id='par_1_73' title="bbox 567 4087 1906 4164">
     <span class='ocr_line' id='line_1_73' title="bbox 567 4087 1906 4164; baseline -0.004 -16"><span class='ocrx_word' id='word_1_548' title='bbox 567 4095 770 4164; x_wconf 77' lang='lat' dir='ltr'><strong>peccati</strong></span> <span class='ocrx_word' id='word_1_549' title='bbox 799 4093 966 4146; x_wconf 88' lang='lat' dir='ltr'><strong>Deum</strong></span> <span class='ocrx_word' id='word_1_550' title='bbox 1004 4106 1122 4146; x_wconf 85' lang='lat' dir='ltr'><strong>esse</strong></span> <span class='ocrx_word' id='word_1_551' title='bbox 1150 4091 1285 4145; x_wconf 84' lang='lat' dir='ltr'><strong>dixit</strong></span> <span class='ocrx_word' id='word_1_552' title='bbox 1312 4091 1509 4158; x_wconf 84' lang='lat' dir='ltr'><strong>impius</strong></span> <span class='ocrx_word' id='word_1_553' title='bbox 1538 4087 1906 4143; x_wconf 83' lang='lat' dir='ltr'><strong>Mohamedes.</strong></span> 
     </span>
    </p>
   </div>
   <div class='ocr_carea' id='block_1_74' title="bbox 573 4182 2136 4249">
    <p class='ocr_par' dir='ltr' id='par_1_74' title="bbox 573 4182 2136 4249">
     <span class='ocr_line' id='line_1_74' title="bbox 573 4182 2136 4249; baseline -0.003 -9"><span class='ocrx_word' id='word_1_554' title='bbox 573 4187 716 4240; x_wconf 76' lang='lat' dir='ltr'><strong>XXI.</strong></span> <span class='ocrx_word' id='word_1_555' title='bbox 759 4185 1019 4241; x_wconf 80' lang='lat' dir='ltr'><strong>Adversus</strong></span> <span class='ocrx_word' id='word_1_556' title='bbox 1049 4184 1292 4238; x_wconf 82' lang='lat' dir='ltr'><strong>eumdem</strong></span> <span class='ocrx_word' id='word_1_557' title='bbox 1323 4197 1483 4249; x_wconf 86' lang='lat' dir='ltr'><strong>prave</strong></span> <span class='ocrx_word' id='word_1_558' title='bbox 1513 4182 1790 4246; x_wconf 82' lang='lat' dir='ltr'><strong>dicentem,</strong></span> <span class='ocrx_word' id='word_1_559' title='bbox 1823 4183 2057 4236; x_wconf 76' lang='lat' dir='ltr'><strong>homines</strong></span> <span class='ocrx_word' id='word_1_560' title='bbox 2080 4183 2136 4235; x_wconf 78' lang='lat' dir='ltr'><strong>in</strong></span> 
     </span>
    </p>
   </div>
   <div class='ocr_carea' id='block_1_75' title="bbox 826 4252 1891 4323">
    <p class='ocr_par' dir='ltr' id='par_1_75' title="bbox 826 4252 1891 4323">
     <span class='ocr_line' id='line_1_75' title="bbox 826 4252 1891 4323; baseline -0.003 -16"><span class='ocrx_word' id='word_1_561' title='bbox 826 4254 1074 4323; x_wconf 74' lang='lat' dir='ltr'><strong>paradiso</strong></span> <span class='ocrx_word' id='word_1_562' title='bbox 1109 4252 1436 4320; x_wconf 80' lang='lat' dir='ltr'><strong>conjugafem</strong></span> <span class='ocrx_word' id='word_1_563' title='bbox 1464 4252 1626 4303; x_wconf 85' lang='lat' dir='ltr'><strong>vitam</strong></span> <span class='ocrx_word' id='word_1_564' title='bbox 1658 4261 1891 4304; x_wconf 80' lang='lat' dir='ltr'><strong>acturos.</strong></span> 
     </span>
    </p>
   </div>
   <div class='ocr_carea' id='block_1_76' title="bbox 639 4340 2134 4410">
    <p class='ocr_par' dir='ltr' id='par_1_76' title="bbox 639 4340 2134 4410">
     <span class='ocr_line' id='line_1_76' title="bbox 639 4340 2134 4410; baseline -0.003 -12"><span class='ocrx_word' id='word_1_565' title='bbox 639 4345 728 4400; x_wconf 89' lang='lat'><strong>86.</strong></span> <span class='ocrx_word' id='word_1_566' title='bbox 756 4344 945 4398; x_wconf 90' lang='lat' dir='ltr'><strong>Omnis</strong></span> <span class='ocrx_word' id='word_1_567' title='bbox 970 4342 1242 4398; x_wconf 87' lang='lat' dir='ltr'><strong>sensualis</strong></span> <span class='ocrx_word' id='word_1_568' title='bbox 1275 4349 1471 4394; x_wconf 87' lang='lat' dir='ltr'><strong>natura</strong></span> <span class='ocrx_word' id='word_1_569' title='bbox 1497 4340 1856 4394; x_wconf 88' lang='lat' dir='ltr'><strong>materialiter</strong></span> <span class='ocrx_word' id='word_1_570' title='bbox 1881 4354 2134 4410; x_wconf 89' lang='lat' dir='ltr'><strong>operans,</strong></span> 
     </span>
    </p>
   </div>
   <div class='ocr_carea' id='block_1_77' title="bbox 571 4432 2135 4506">
    <p class='ocr_par' dir='ltr' id='par_1_77' title="bbox 571 4432 2135 4506">
     <span class='ocr_line' id='line_1_77' title="bbox 571 4432 2135 4506; baseline -0.004 -14"><span class='ocrx_word' id='word_1_571' title='bbox 571 4453 794 4506; x_wconf 90' lang='lat' dir='ltr'><strong>scopum</strong></span> <span class='ocrx_word' id='word_1_572' title='bbox 834 4437 993 4490; x_wconf 88' lang='lat' dir='ltr'><strong>habet</strong></span> <span class='ocrx_word' id='word_1_573' title='bbox 1024 4433 1356 4502; x_wconf 85' lang='lat' dir='ltr'><strong>operationis</strong></span> <span class='ocrx_word' id='word_1_574' title='bbox 1385 4447 1648 4487; x_wconf 85' lang='lat' dir='ltr'><strong>sensuum</strong></span> <span class='ocrx_word' id='word_1_575' title='bbox 1683 4447 1929 4497; x_wconf 86' lang='lat' dir='ltr'><strong>suorum,</strong></span> <span class='ocrx_word' id='word_1_576' title='bbox 1977 4432 2135 4506; x_wconf 68' lang='lat' dir='ltr'><strong>juxta</strong></span> 
     </span>
    </p>
   </div>
   <div class='ocr_carea' id='block_1_78' title="bbox 569 4523 2135 4591">
    <p class='ocr_par' dir='ltr' id='par_1_78' title="bbox 569 4523 2135 4591">
     <span class='ocr_line' id='line_1_78' title="bbox 569 4523 2135 4591; baseline -0.004 -9"><span class='ocrx_word' id='word_1_577' title='bbox 569 4527 928 4582; x_wconf 87' lang='lat' dir='ltr'><strong>materialium</strong></span> <span class='ocrx_word' id='word_1_578' title='bbox 960 4539 1138 4579; x_wconf 88' lang='lat' dir='ltr'><strong>rerum</strong></span> <span class='ocrx_word' id='word_1_579' title='bbox 1167 4523 1502 4577; x_wconf 77' lang='lat' dir='ltr'><strong>affectionem</strong></span> <span class='ocrx_word' id='word_1_580' title='bbox 1526 4539 1538 4588; x_wconf 90' lang='lat'><strong>;</strong></span> <span class='ocrx_word' id='word_1_581' title='bbox 1570 4524 1728 4576; x_wconf 88' lang='lat' dir='ltr'><strong>finem</strong></span> <span class='ocrx_word' id='word_1_582' title='bbox 1755 4535 1882 4576; x_wconf 90' lang='lat' dir='ltr'><strong>vero</strong></span> <span class='ocrx_word' id='word_1_583' title='bbox 1909 4536 2135 4591; x_wconf 79' lang='lat' dir='ltr'><strong>genera-</strong></span> 
     </span>
    </p>
   </div>
   <div class='ocr_carea' id='block_1_79' title="bbox 2247 3368 3810 3439">
    <p class='ocr_par' dir='ltr' id='par_1_79' title="bbox 2247 3368 3810 3439">
     <span class='ocr_line' id='line_1_79' title="bbox 2247 3368 3810 3439; baseline -0.001 -16"><span class='ocrx_word' id='word_1_584' title='bbox 2247 3371 2386 3424; x_wconf 77' lang='grc' dir='ltr'>ὥστε</span> <span class='ocrx_word' id='word_1_585' title='bbox 2439 3373 2501 3423; x_wconf 86' lang='grc' dir='ltr'><strong>ἐκ</strong></span> <span class='ocrx_word' id='word_1_586' title='bbox 2532 3370 2633 3439; x_wconf 82' lang='grc' dir='ltr'>τῆς</span> <span class='ocrx_word' id='word_1_587' title='bbox 2661 3369 2831 3436; x_wconf 78' lang='grc' dir='ltr'>αὑτῆς</span> <span class='ocrx_word' id='word_1_588' title='bbox 2883 3369 3059 3432; x_wconf 87' lang='grc' dir='ltr'>αἰτίας</span> <span class='ocrx_word' id='word_1_589' title='bbox 3101 3369 3168 3421; x_wconf 84' lang='grc' dir='ltr'>τὰ</span> <span class='ocrx_word' id='word_1_590' title='bbox 3213 3368 3395 3436; x_wconf 80' lang='grc' dir='ltr'>ἀγαθὰ</span> <span class='ocrx_word' id='word_1_591' title='bbox 3432 3370 3525 3421; x_wconf 76' lang='grc' dir='ltr'>καὶ</span> <span class='ocrx_word' id='word_1_592' title='bbox 3563 3370 3635 3422; x_wconf 76' lang='grc' dir='ltr'>τὰ</span> <span class='ocrx_word' id='word_1_593' title='bbox 3667 3368 3810 3422; x_wconf 67' lang='grc' dir='ltr'>κακὰ</span> 
     </span>
    </p>
   </div>
   <div class='ocr_carea' id='block_1_80' title="bbox 2246 3457 3809 3532">
    <p class='ocr_par' dir='ltr' id='par_1_80' title="bbox 2246 3457 3809 3532">
     <span class='ocr_line' id='line_1_80' title="bbox 2246 3457 3809 3532; baseline -0.001 -23"><span class='ocrx_word' id='word_1_594' title='bbox 2246 3459 2576 3532; x_wconf 75' lang='grc' dir='ltr'>προέρχεται</span> <span class='ocrx_word' id='word_1_595' title='bbox 2601 3474 2615 3488; x_wconf 94' lang='grc'><strong>·</strong></span> <span class='ocrx_word' id='word_1_596' title='bbox 2642 3457 2713 3510; x_wconf 86' lang='grc' dir='ltr'>τὰ</span> <span class='ocrx_word' id='word_1_597' title='bbox 2740 3458 2795 3510; x_wconf 87' lang='grc' dir='ltr'>δὲ</span> <span class='ocrx_word' id='word_1_598' title='bbox 2830 3457 2951 3511; x_wconf 85' lang='grc' dir='ltr'>καθ’</span> <span class='ocrx_word' id='word_1_599' title='bbox 2979 3457 3118 3510; x_wconf 84' lang='grc' dir='ltr'>αὑτὰ</span> <span class='ocrx_word' id='word_1_600' title='bbox 3149 3459 3211 3509; x_wconf 88' lang='grc' dir='ltr'><strong>ἐκ</strong></span> <span class='ocrx_word' id='word_1_601' title='bbox 3247 3458 3376 3530; x_wconf 71' lang='grc' dir='ltr'>μιᾶς</span> <span class='ocrx_word' id='word_1_602' title='bbox 3405 3457 3582 3519; x_wconf 86' lang='grc' dir='ltr'>αίτίας</span> <span class='ocrx_word' id='word_1_603' title='bbox 3615 3473 3809 3525; x_wconf 86' lang='grc' dir='ltr'>προερ-</span> 
     </span>
    </p>
   </div>
   <div class='ocr_carea' id='block_1_81' title="bbox 2245 3541 3804 3618">
    <p class='ocr_par' dir='ltr' id='par_1_81' title="bbox 2245 3541 3804 3618">
     <span class='ocr_line' id='line_1_81' title="bbox 2245 3541 3804 3618; baseline 0 -18"><span class='ocrx_word' id='word_1_604' title='bbox 2245 3550 2469 3618; x_wconf 84' lang='grc' dir='ltr'>χόμενα,</span> <span class='ocrx_word' id='word_1_605' title='bbox 2498 3549 2556 3599; x_wconf 85' lang='grc' dir='ltr'><strong>οὑ</strong></span> <span class='ocrx_word' id='word_1_606' title='bbox 2589 3548 2836 3600; x_wconf 89' lang='grc' dir='ltr'>δύνανται</span> <span class='ocrx_word' id='word_1_607' title='bbox 2885 3547 3104 3610; x_wconf 69' lang='grc' dir='ltr'>ἐναντία</span> <span class='ocrx_word' id='word_1_608' title='bbox 3137 3545 3387 3615; x_wconf 81' lang='grc' dir='ltr'>ἀλλήλοις</span> <span class='ocrx_word' id='word_1_609' title='bbox 3419 3541 3580 3612; x_wconf 76' lang='grc' dir='ltr'>εἶναι,</span> <span class='ocrx_word' id='word_1_610' title='bbox 3613 3547 3702 3600; x_wconf 76' lang='grc' dir='ltr'>ἵνα</span> <span class='ocrx_word' id='word_1_611' title='bbox 3735 3548 3804 3615; x_wconf 84' lang='grc' dir='ltr'>μὴ</span> 
     </span>
    </p>
   </div>
   <div class='ocr_carea' id='block_1_82' title="bbox 2243 3633 3806 3707">
    <p class='ocr_par' dir='ltr' id='par_1_82' title="bbox 2243 3633 3806 3707">
     <span class='ocr_line' id='line_1_82' title="bbox 2243 3633 3806 3707; baseline -0.002 -15"><span class='ocrx_word' id='word_1_612' title='bbox 2243 3643 2304 3692; x_wconf 81' lang='grc' dir='ltr'><strong>τὸ</strong></span> <span class='ocrx_word' id='word_1_613' title='bbox 2333 3641 2524 3703; x_wconf 70' lang='grc' dir='ltr'>αἴτιον,</span> <span class='ocrx_word' id='word_1_614' title='bbox 2557 3639 2618 3703; x_wconf 83' lang='grc' dir='ltr'><strong>ἐξ</strong></span> <span class='ocrx_word' id='word_1_615' title='bbox 2634 3633 2694 3692; x_wconf 76' lang='grc' dir='ltr'>οὗ</span> <span class='ocrx_word' id='word_1_616' title='bbox 2727 3637 2795 3690; x_wconf 79' lang='grc' dir='ltr'>τὰ</span> <span class='ocrx_word' id='word_1_617' title='bbox 2822 3636 3034 3690; x_wconf 86' lang='grc' dir='ltr'>ἐναντία</span> <span class='ocrx_word' id='word_1_618' title='bbox 3068 3637 3331 3707; x_wconf 84' lang='grc' dir='ltr'>πρόεισιν,</span> <span class='ocrx_word' id='word_1_619' title='bbox 3372 3636 3490 3707; x_wconf 70' lang='grc' dir='ltr'>ἅμα</span> <span class='ocrx_word' id='word_1_620' title='bbox 3517 3637 3686 3690; x_wconf 75' lang='grc' dir='ltr'>κακὸν</span> <span class='ocrx_word' id='word_1_621' title='bbox 3718 3642 3806 3689; x_wconf 77' lang='grc' dir='ltr'><strong>καὶ</strong></span> 
     </span>
    </p>
   </div>
   <div class='ocr_carea' id='block_1_83' title="bbox 2245 3723 3805 3798">
    <p class='ocr_par' dir='ltr' id='par_1_83' title="bbox 2245 3723 3805 3798">
     <span class='ocr_line' id='line_1_83' title="bbox 2245 3723 3805 3798; baseline -0.001 -17"><span class='ocrx_word' id='word_1_622' title='bbox 2245 3729 2444 3797; x_wconf 79' lang='grc' dir='ltr'>ἀγαθὸν</span> <span class='ocrx_word' id='word_1_623' title='bbox 2491 3729 2672 3798; x_wconf 80' lang='grc' dir='ltr'>δειχθῇ</span> <span class='ocrx_word' id='word_1_624' title='bbox 2730 3723 2890 3782; x_wconf 87' lang='grc' dir='ltr'>εἶναι.</span> <span class='ocrx_word' id='word_1_625' title='bbox 2928 3727 2990 3780; x_wconf 83' lang='lat' dir='ltr'><strong>El</strong></span> <span class='ocrx_word' id='word_1_626' title='bbox 3028 3725 3083 3780; x_wconf 83' lang='grc' dir='ltr'><strong>δέ</strong></span> <span class='ocrx_word' id='word_1_627' title='bbox 3133 3725 3290 3779; x_wconf 85' lang='grc' dir='ltr'>τοῦτο</span> <span class='ocrx_word' id='word_1_628' title='bbox 3345 3727 3665 3797; x_wconf 77' lang='grc' dir='ltr'>βλάσφημον</span> <span class='ocrx_word' id='word_1_629' title='bbox 3716 3731 3805 3781; x_wconf 76' lang='grc' dir='ltr'><strong>καὶ</strong></span> 
     </span>
    </p>
   </div>
   <div class='ocr_carea' id='block_1_84' title="bbox 2247 3816 3803 3888">
    <p class='ocr_par' dir='ltr' id='par_1_84' title="bbox 2247 3816 3803 3888">
     <span class='ocr_line' id='line_1_84' title="bbox 2247 3816 3803 3888; baseline -0.001 -16"><span class='ocrx_word' id='word_1_630' title='bbox 2247 3821 2485 3886; x_wconf 86' lang='grc' dir='ltr'>ἀνίατον,</span> <span class='ocrx_word' id='word_1_631' title='bbox 2522 3819 2619 3871; x_wconf 82' lang='grc' dir='ltr'><strong>οὐκ</strong></span> <span class='ocrx_word' id='word_1_632' title='bbox 2645 3819 2750 3888; x_wconf 83' lang='grc' dir='ltr'>ἄρα</span> <span class='ocrx_word' id='word_1_633' title='bbox 2774 3820 2836 3870; x_wconf 84' lang='grc' dir='ltr'><strong>ἐκ</strong></span> <span class='ocrx_word' id='word_1_634' title='bbox 2859 3817 2951 3870; x_wconf 89' lang='grc' dir='ltr'><strong>τοῦ</strong></span> <span class='ocrx_word' id='word_1_635' title='bbox 2974 3816 3105 3870; x_wconf 87' lang='grc' dir='ltr'>Θεοῦ</span> <span class='ocrx_word' id='word_1_636' title='bbox 3129 3817 3196 3870; x_wconf 86' lang='grc' dir='ltr'>τὰ</span> <span class='ocrx_word' id='word_1_637' title='bbox 3219 3817 3365 3870; x_wconf 78' lang='grc' dir='ltr'>κακά</span> <span class='ocrx_word' id='word_1_638' title='bbox 3381 3835 3395 3849; x_wconf 91' lang='grc'><strong>·</strong></span> <span class='ocrx_word' id='word_1_639' title='bbox 3421 3820 3567 3872; x_wconf 79' lang='grc' dir='ltr'>κακὰ</span> <span class='ocrx_word' id='word_1_640' title='bbox 3587 3819 3645 3871; x_wconf 85' lang='grc' dir='ltr'>δὲ</span> <span class='ocrx_word' id='word_1_641' title='bbox 3666 3819 3803 3886; x_wconf 78' lang='grc' dir='ltr'>λέγω</span> 
     </span>
    </p>
   </div>
   <div class='ocr_carea' id='block_1_85' title="bbox 2244 3908 3802 3980">
    <p class='ocr_par' dir='ltr' id='par_1_85' title="bbox 2244 3908 3802 3980">
     <span class='ocr_line' id='line_1_85' title="bbox 2244 3908 3802 3980; baseline 0.001 -18"><span class='ocrx_word' id='word_1_642' title='bbox 2244 3909 2314 3962; x_wconf 82' lang='grc' dir='ltr'>τὰ</span> <span class='ocrx_word' id='word_1_643' title='bbox 2341 3910 2731 3980; x_wconf 77' lang='grc' dir='ltr'>ἁμαρτήματα,</span> <span class='ocrx_word' id='word_1_644' title='bbox 2763 3909 2906 3978; x_wconf 78' lang='grc' dir='ltr'>ἅπερ</span> <span class='ocrx_word' id='word_1_645' title='bbox 2931 3909 3034 3962; x_wconf 67' lang='lat' dir='ltr'><strong>sict</strong></span> <span class='ocrx_word' id='word_1_646' title='bbox 3060 3908 3151 3960; x_wconf 77' lang='grc' dir='ltr'>καὶ</span> <span class='ocrx_word' id='word_1_647' title='bbox 3179 3908 3285 3961; x_wconf 88' lang='grc' dir='ltr'><strong>τῶν</strong></span> <span class='ocrx_word' id='word_1_648' title='bbox 3308 3910 3587 3978; x_wconf 85' lang='grc' dir='ltr'>τιμωριῶν</span> <span class='ocrx_word' id='word_1_649' title='bbox 3610 3911 3802 3980; x_wconf 87' lang='grc' dir='ltr'>παραί-</span> 
     </span>
    </p>
   </div>
   <div class='ocr_carea' id='block_1_86' title="bbox 2244 3994 3800 4068">
    <p class='ocr_par' dir='ltr' id='par_1_86' title="bbox 2244 3994 3800 4068">
     <span class='ocr_line' id='line_1_86' title="bbox 2244 3994 3800 4068; baseline 0.002 -16"><span class='ocrx_word' id='word_1_650' title='bbox 2244 3999 2350 4053; x_wconf 88' lang='grc' dir='ltr'>τία.</span> <span class='ocrx_word' id='word_1_651' title='bbox 2399 3998 2596 4060; x_wconf 79' lang='grc' dir='ltr'>Κακῶς</span> <span class='ocrx_word' id='word_1_652' title='bbox 2640 3994 2732 4051; x_wconf 86' lang='grc' dir='ltr'>οὖν</span> <span class='ocrx_word' id='word_1_653' title='bbox 2781 3998 2887 4068; x_wconf 81' lang='grc' dir='ltr'>ἄρα</span> <span class='ocrx_word' id='word_1_654' title='bbox 2919 3998 3088 4051; x_wconf 81' lang='grc' dir='ltr'>αἴτιον</span> <span class='ocrx_word' id='word_1_655' title='bbox 3113 3998 3212 4067; x_wconf 81' lang='grc' dir='ltr'><strong>τῆς</strong></span> <span class='ocrx_word' id='word_1_656' title='bbox 3251 3998 3523 4067; x_wconf 81' lang='grc' dir='ltr'>ἁμαρτίας</span> <span class='ocrx_word' id='word_1_657' title='bbox 3556 4002 3648 4053; x_wconf 84' lang='grc' dir='ltr'><strong>τὸν</strong></span> <span class='ocrx_word' id='word_1_658' title='bbox 3675 3999 3800 4055; x_wconf 76' lang='grc' dir='ltr'>Θεὸν</span> 
     </span>
    </p>
   </div>
   <div class='ocr_carea' id='block_1_87' title="bbox 2244 4089 2911 4160">
    <p class='ocr_par' dir='ltr' id='par_1_87' title="bbox 2244 4089 2911 4160">
     <span class='ocr_line' id='line_1_87' title="bbox 2244 4089 2911 4160; baseline -0.003 -17"><span class='ocrx_word' id='word_1_659' title='bbox 2244 4091 2271 4143; x_wconf 84' lang='grc' dir='ltr'>ὁ</span> <span class='ocrx_word' id='word_1_660' title='bbox 2298 4089 2497 4160; x_wconf 82' lang='grc' dir='ltr'>ἀσεϐὴς</span> <span class='ocrx_word' id='word_1_661' title='bbox 2521 4089 2625 4156; x_wconf 73' lang='grc' dir='ltr'>ἔφη</span> <span class='ocrx_word' id='word_1_662' title='bbox 2649 4089 2911 4157; x_wconf 84' lang='grc' dir='ltr'>Μωάμετ.</span> 
     </span>
    </p>
   </div>
   <div class='ocr_carea' id='block_1_88' title="bbox 2243 4178 3800 4248">
    <p class='ocr_par' dir='ltr' id='par_1_88' title="bbox 2243 4178 3800 4248">
     <span class='ocr_line' id='line_1_88' title="bbox 2243 4178 3800 4248; baseline 0.001 -14"><span class='ocrx_word' id='word_1_663' title='bbox 2243 4181 2374 4234; x_wconf 79' lang='lat' dir='ltr'><strong>KA&#39;.</strong></span> <span class='ocrx_word' id='word_1_664' title='bbox 2409 4180 2562 4248; x_wconf 76' lang='grc' dir='ltr'>Πρὸς</span> <span class='ocrx_word' id='word_1_665' title='bbox 2600 4179 2705 4232; x_wconf 86' lang='grc' dir='ltr'>τὸν</span> <span class='ocrx_word' id='word_1_666' title='bbox 2741 4179 2926 4234; x_wconf 81' lang='grc' dir='ltr'>αὐτὸν</span> <span class='ocrx_word' id='word_1_667' title='bbox 2954 4178 3148 4244; x_wconf 79' lang='grc' dir='ltr'>κακῶς</span> <span class='ocrx_word' id='word_1_668' title='bbox 3168 4180 3421 4247; x_wconf 76' lang='grc' dir='ltr'>λέγοντα</span> <span class='ocrx_word' id='word_1_669' title='bbox 3459 4181 3610 4233; x_wconf 83' lang='grc' dir='ltr'>κατὰ</span> <span class='ocrx_word' id='word_1_670' title='bbox 3630 4180 3800 4242; x_wconf 81' lang='grc' dir='ltr'>συζυ-</span> 
     </span>
    </p>
   </div>
   <div class='ocr_carea' id='block_1_89' title="bbox 2348 4248 3698 4320">
    <p class='ocr_par' dir='ltr' id='par_1_89' title="bbox 2348 4248 3698 4320">
     <span class='ocr_line' id='line_1_89' title="bbox 2348 4248 3698 4320; baseline 0.002 -19"><span class='ocrx_word' id='word_1_671' title='bbox 2348 4250 2478 4316; x_wconf 72' lang='grc' dir='ltr'>γίας</span> <span class='ocrx_word' id='word_1_672' title='bbox 2500 4248 2688 4302; x_wconf 77' lang='grc' dir='ltr'>πάλιν</span> <span class='ocrx_word' id='word_1_673' title='bbox 2713 4249 2783 4301; x_wconf 83' lang='grc' dir='ltr'>ὲν</span> <span class='ocrx_word' id='word_1_674' title='bbox 2810 4249 3147 4316; x_wconf 78' lang='grc' dir='ltr'>παραδείσῳ</span> <span class='ocrx_word' id='word_1_675' title='bbox 3177 4249 3513 4303; x_wconf 81' lang='grc' dir='ltr'>διαιτᾶσθαι</span> <span class='ocrx_word' id='word_1_676' title='bbox 3542 4251 3698 4320; x_wconf 72' lang='lat'><strong>(90‘).</strong></span> 
     </span>
    </p>
   </div>
   <div class='ocr_carea' id='block_1_90' title="bbox 2314 4337 3796 4409">
    <p class='ocr_par' dir='ltr' id='par_1_90' title="bbox 2314 4337 3796 4409">
     <span class='ocr_line' id='line_1_90' title="bbox 2314 4337 3796 4409; baseline 0.003 -19"><span class='ocrx_word' id='word_1_677' title='bbox 2314 4338 2433 4401; x_wconf 78' lang='grc' dir='ltr'>πς⁹.</span> <span class='ocrx_word' id='word_1_678' title='bbox 2468 4339 2624 4390; x_wconf 81' lang='grc' dir='ltr'>Πᾶσα</span> <span class='ocrx_word' id='word_1_679' title='bbox 2654 4339 2686 4407; x_wconf 81' lang='grc' dir='ltr'><strong>ὴ</strong></span> <span class='ocrx_word' id='word_1_680' title='bbox 2731 4337 3022 4408; x_wconf 78' lang='grc' dir='ltr'>αίσθητικὴ</span> <span class='ocrx_word' id='word_1_681' title='bbox 3077 4338 3235 4407; x_wconf 85' lang='grc' dir='ltr'>φύσις</span> <span class='ocrx_word' id='word_1_682' title='bbox 3258 4338 3457 4402; x_wconf 81' lang='grc' dir='ltr'>ἐνύλως</span> <span class='ocrx_word' id='word_1_683' title='bbox 3487 4339 3796 4409; x_wconf 85' lang='grc' dir='ltr'>ἐνεργοῦσα,</span> 
     </span>
    </p>
   </div>
   <div class='ocr_carea' id='block_1_91' title="bbox 2247 4428 3797 4501">
    <p class='ocr_par' dir='ltr' id='par_1_91' title="bbox 2247 4428 3797 4501">
     <span class='ocr_line' id='line_1_91' title="bbox 2247 4428 3797 4501; baseline 0.001 -18"><span class='ocrx_word' id='word_1_684' title='bbox 2247 4429 2444 4483; x_wconf 68' lang='grc' dir='ltr'>σκοπὸν</span> <span class='ocrx_word' id='word_1_685' title='bbox 2476 4430 2587 4499; x_wconf 79' lang='grc' dir='ltr'>ἔχει</span> <span class='ocrx_word' id='word_1_686' title='bbox 2610 4429 2702 4482; x_wconf 92' lang='grc' dir='ltr'><strong>τοῦ</strong></span> <span class='ocrx_word' id='word_1_687' title='bbox 2741 4431 2979 4501; x_wconf 85' lang='grc' dir='ltr'>ἐνεργεῖν</span> <span class='ocrx_word' id='word_1_688' title='bbox 3008 4430 3118 4491; x_wconf 82' lang='grc' dir='ltr'>τοῖς</span> <span class='ocrx_word' id='word_1_689' title='bbox 3142 4428 3516 4500; x_wconf 86' lang='grc' dir='ltr'>αίσθητηρίοις</span> <span class='ocrx_word' id='word_1_690' title='bbox 3546 4430 3686 4484; x_wconf 75' lang='grc' dir='ltr'><strong>κατά</strong></span> <span class='ocrx_word' id='word_1_691' title='bbox 3704 4433 3797 4500; x_wconf 78' lang='grc' dir='ltr'>τὴν</span> 
     </span>
    </p>
   </div>
   <div class='ocr_carea' id='block_1_92' title="bbox 2242 4519 3796 4590">
    <p class='ocr_par' dir='ltr' id='par_1_92' title="bbox 2242 4519 3796 4590">
     <span class='ocr_line' id='line_1_92' title="bbox 2242 4519 3796 4590; baseline 0 -17"><span class='ocrx_word' id='word_1_692' title='bbox 2242 4521 2350 4574; x_wconf 87' lang='grc' dir='ltr'><strong>τῶν</strong></span> <span class='ocrx_word' id='word_1_693' title='bbox 2373 4519 2570 4573; x_wconf 82' lang='grc' dir='ltr'>ὑλικῶν</span> <span class='ocrx_word' id='word_1_694' title='bbox 2600 4520 2935 4588; x_wconf 83' lang='grc' dir='ltr'>πραγμάτων</span> <span class='ocrx_word' id='word_1_695' title='bbox 2974 4520 3345 4588; x_wconf 80' lang='grc' dir='ltr'>προσπάθειαν</span> <span class='ocrx_word' id='word_1_696' title='bbox 3367 4538 3380 4553; x_wconf 87' lang='grc'><strong>·</strong></span> <span class='ocrx_word' id='word_1_697' title='bbox 3425 4520 3575 4582; x_wconf 86' lang='grc' dir='ltr'>τέλος</span> <span class='ocrx_word' id='word_1_698' title='bbox 3605 4521 3680 4584; x_wconf 87' lang='grc' dir='ltr'><strong>δέ,</strong></span> <span class='ocrx_word' id='word_1_699' title='bbox 3704 4523 3796 4590; x_wconf 77' lang='grc' dir='ltr'>τὴν</span> 
     </span>
    </p>
   </div>
   <div class='ocr_carea' id='block_1_93' title="bbox 572 4596 2141 4683">
    <p class='ocr_par' dir='ltr' id='par_1_93' title="bbox 572 4596 2134 4683">
     <span class='ocr_line' id='line_1_93' title="bbox 572 4596 2134 4683; baseline -0.003 -11"><span class='ocrx_word' id='word_1_700' title='bbox 572 4620 794 4672; x_wconf 84' lang='lat' dir='ltr'><strong>tionem.</strong></span> <span class='ocrx_word' id='word_1_701' title='bbox 833 4615 934 4668; x_wconf 89' lang='lat' dir='ltr'><strong>Sed</strong></span> <span class='ocrx_word' id='word_1_702' title='bbox 964 4615 1089 4682; x_wconf 89' lang='lat' dir='ltr'><strong>quia</strong></span> <span class='ocrx_word' id='word_1_703' title='bbox 1113 4613 1261 4667; x_wconf 92' lang='lat' dir='ltr'><strong>omni</strong></span> <span class='ocrx_word' id='word_1_704' title='bbox 1300 4614 1589 4667; x_wconf 89' lang='lat' dir='ltr'><strong>mutationi</strong></span> <span class='ocrx_word' id='word_1_705' title='bbox 1610 4599 1673 4667; x_wconf 87' lang='lat' dir='ltr'><strong>ac</strong></span> <span class='ocrx_word' id='word_1_706' title='bbox 1692 4596 1862 4667; x_wconf 89' lang='lat' dir='ltr'><strong>motui</strong></span> <span class='ocrx_word' id='word_1_707' title='bbox 1897 4627 2134 4683; x_wconf 79' lang='lat' dir='ltr'><strong>congrua</strong></span> 
     </span>
    </p>
   </div>
   <div class='ocr_carea' id='block_1_94' title="bbox 2249 4596 3791 4683">
    <p class='ocr_par' dir='ltr' id='par_1_94' title="bbox 2249 4607 3791 4680">
     <span class='ocr_line' id='line_1_94' title="bbox 2249 4607 3791 4680; baseline -0.001 -16"><span class='ocrx_word' id='word_1_708' title='bbox 2249 4612 2492 4680; x_wconf 85' lang='grc' dir='ltr'>γέννησιν</span> <span class='ocrx_word' id='word_1_709' title='bbox 2516 4627 2529 4640; x_wconf 91' lang='grc'><strong>·</strong></span> <span class='ocrx_word' id='word_1_710' title='bbox 2553 4610 2668 4664; x_wconf 80' lang='grc' dir='ltr'>ἀλλ’</span> <span class='ocrx_word' id='word_1_711' title='bbox 2693 4609 2880 4678; x_wconf 82' lang='grc' dir='ltr'>ἐπειδὴ</span> <span class='ocrx_word' id='word_1_712' title='bbox 2912 4609 3059 4680; x_wconf 82' lang='grc' dir='ltr'>πάσῃ</span> <span class='ocrx_word' id='word_1_713' title='bbox 3098 4607 3365 4678; x_wconf 78' lang='grc' dir='ltr'>μεταϐολῇ</span> <span class='ocrx_word' id='word_1_714' title='bbox 3399 4608 3430 4677; x_wconf 74' lang='grc' dir='ltr'>ἢ</span> <span class='ocrx_word' id='word_1_715' title='bbox 3473 4608 3567 4662; x_wconf 73' lang='grc' dir='ltr'><strong>καὶ</strong></span> <span class='ocrx_word' id='word_1_716' title='bbox 3590 4612 3791 4680; x_wconf 80' lang='grc' dir='ltr'>κινήσει</span> 
     </span>
    </p>
   </div>
   <div class='ocr_carea' id='block_1_95' title="bbox 569 4700 2137 4774">
    <p class='ocr_par' dir='ltr' id='par_1_95' title="bbox 569 4700 2137 4774">
     <span class='ocr_line' id='line_1_95' title="bbox 569 4700 2137 4774; baseline -0.003 -14"><span class='ocrx_word' id='word_1_717' title='bbox 569 4716 654 4764; x_wconf 81' lang='lat' dir='ltr'><strong>est</strong></span> <span class='ocrx_word' id='word_1_718' title='bbox 702 4705 893 4774; x_wconf 85' lang='lat' dir='ltr'><strong>quies;</strong></span> <span class='ocrx_word' id='word_1_719' title='bbox 929 4701 1157 4755; x_wconf 88' lang='lat' dir='ltr'><strong>mutatio</strong></span> <span class='ocrx_word' id='word_1_720' title='bbox 1202 4701 1283 4754; x_wconf 88' lang='lat' dir='ltr'><strong>vel</strong></span> <span class='ocrx_word' id='word_1_721' title='bbox 1327 4712 1528 4765; x_wconf 87' lang='lat' dir='ltr'><strong>motus,</strong></span> <span class='ocrx_word' id='word_1_722' title='bbox 1563 4715 1758 4767; x_wconf 89' lang='lat' dir='ltr'><strong>secus;</strong></span> <span class='ocrx_word' id='word_1_723' title='bbox 1815 4700 1887 4754; x_wconf 89' lang='lat' dir='ltr'><strong>ita</strong></span> <span class='ocrx_word' id='word_1_724' title='bbox 1911 4715 2137 4769; x_wconf 77' lang='lat' dir='ltr'><strong>genera-</strong></span> 
     </span>
    </p>
   </div>
   <div class='ocr_carea' id='block_1_96' title="bbox 572 4791 2134 4863">
    <p class='ocr_par' dir='ltr' id='par_1_96' title="bbox 572 4791 2134 4863">
     <span class='ocr_line' id='line_1_96' title="bbox 572 4791 2134 4863; baseline -0.003 -11"><span class='ocrx_word' id='word_1_725' title='bbox 572 4799 703 4853; x_wconf 88' lang='lat' dir='ltr'><strong>tioni</strong></span> <span class='ocrx_word' id='word_1_726' title='bbox 745 4793 1025 4856; x_wconf 81' lang='lat' dir='ltr'><strong>contraria</strong></span> <span class='ocrx_word' id='word_1_727' title='bbox 1073 4800 1158 4847; x_wconf 90' lang='lat' dir='ltr'><strong>est</strong></span> <span class='ocrx_word' id='word_1_728' title='bbox 1208 4793 1506 4860; x_wconf 88' lang='lat' dir='ltr'><strong>corruptio.</strong></span> <span class='ocrx_word' id='word_1_729' title='bbox 1541 4791 1606 4845; x_wconf 85' lang='lat' dir='ltr'><strong>Et</strong></span> <span class='ocrx_word' id='word_1_730' title='bbox 1654 4807 1684 4846; x_wconf 87' lang='lat' dir='ltr'><strong>a</strong></span> <span class='ocrx_word' id='word_1_731' title='bbox 1712 4791 1890 4846; x_wconf 87' lang='lat' dir='ltr'><strong>divina</strong></span> <span class='ocrx_word' id='word_1_732' title='bbox 1917 4793 2134 4863; x_wconf 90' lang='lat' dir='ltr'><strong>quidem</strong></span> 
     </span>
    </p>
   </div>
   <div class='ocr_carea' id='block_1_97' title="bbox 571 4885 2132 4959">
    <p class='ocr_par' dir='ltr' id='par_1_97' title="bbox 571 4885 2132 4959">
     <span class='ocr_line' id='line_1_97' title="bbox 571 4885 2132 4959; baseline -0.005 -13"><span class='ocrx_word' id='word_1_733' title='bbox 571 4891 852 4959; x_wconf 89' lang='lat' dir='ltr'><strong>Scriptura</strong></span> <span class='ocrx_word' id='word_1_734' title='bbox 898 4886 1237 4956; x_wconf 89' lang='lat' dir='ltr'><strong>promittitur</strong></span> <span class='ocrx_word' id='word_1_735' title='bbox 1277 4885 1604 4939; x_wconf 89' lang='lat' dir='ltr'><strong>resurrectio</strong></span> <span class='ocrx_word' id='word_1_736' title='bbox 1633 4901 1648 4949; x_wconf 88' lang='lat'><strong>;</strong></span> <span class='ocrx_word' id='word_1_737' title='bbox 1690 4885 1780 4938; x_wconf 88' lang='lat' dir='ltr'><strong>sed</strong></span> <span class='ocrx_word' id='word_1_738' title='bbox 1812 4900 1918 4938; x_wconf 91' lang='lat' dir='ltr'><strong>non</strong></span> <span class='ocrx_word' id='word_1_739' title='bbox 1943 4900 2132 4954; x_wconf 89' lang='lat' dir='ltr'><strong>quem-</strong></span> 
     </span>
    </p>
   </div>
   <div class='ocr_carea' id='block_1_98' title="bbox 569 4975 2129 5049">
    <p class='ocr_par' dir='ltr' id='par_1_98' title="bbox 569 4975 2129 5049">
     <span class='ocr_line' id='line_1_98' title="bbox 569 4975 2129 5049; baseline -0.006 -12"><span class='ocrx_word' id='word_1_740' title='bbox 569 4981 860 5036; x_wconf 82' lang='lat' dir='ltr'><strong>admodum</strong></span> <span class='ocrx_word' id='word_1_741' title='bbox 906 4995 935 5032; x_wconf 93' lang='lat' dir='ltr'><strong>a</strong></span> <span class='ocrx_word' id='word_1_742' title='bbox 985 4978 1334 5049; x_wconf 74' lang='lat' dir='ltr'><strong>generatione</strong></span> <span class='ocrx_word' id='word_1_743' title='bbox 1392 4975 1590 5029; x_wconf 82' lang='lat' dir='ltr'><strong>transit</strong></span> <span class='ocrx_word' id='word_1_744' title='bbox 1625 4976 1788 5028; x_wconf 89' lang='lat' dir='ltr'><strong>homo</strong></span> <span class='ocrx_word' id='word_1_745' title='bbox 1823 4975 1888 5028; x_wconf 90' lang='lat' dir='ltr'><strong>ad</strong></span> <span class='ocrx_word' id='word_1_746' title='bbox 1939 4991 2129 5029; x_wconf 87' lang='lat' dir='ltr'><strong>corru-</strong></span> 
     </span>
    </p>
   </div>
   <div class='ocr_carea' id='block_1_99' title="bbox 570 5062 2130 5140">
    <p class='ocr_par' dir='ltr' id='par_1_99' title="bbox 570 5062 2130 5140">
     <span class='ocr_line' id='line_1_99' title="bbox 570 5062 2130 5140; baseline -0.004 -15"><span class='ocrx_word' id='word_1_747' title='bbox 570 5072 832 5140; x_wconf 89' lang='lat' dir='ltr'><strong>ptionem,</strong></span> <span class='ocrx_word' id='word_1_748' title='bbox 867 5069 936 5123; x_wconf 90' lang='lat' dir='ltr'><strong>ita</strong></span> <span class='ocrx_word' id='word_1_749' title='bbox 963 5069 1162 5138; x_wconf 87' lang='lat' dir='ltr'><strong>pariter</strong></span> <span class='ocrx_word' id='word_1_750' title='bbox 1201 5081 1231 5120; x_wconf 90' lang='lat' dir='ltr'><strong>a</strong></span> <span class='ocrx_word' id='word_1_751' title='bbox 1263 5066 1616 5134; x_wconf 88' lang='lat' dir='ltr'><strong>corruptione</strong></span> <span class='ocrx_word' id='word_1_752' title='bbox 1651 5062 1717 5116; x_wconf 89' lang='lat' dir='ltr'><strong>ad</strong></span> <span class='ocrx_word' id='word_1_753' title='bbox 1749 5063 2030 5132; x_wconf 80' lang='lat' dir='ltr'><strong>pristinam</strong></span> <span class='ocrx_word' id='word_1_754' title='bbox 2047 5079 2130 5118; x_wconf 88' lang='lat' dir='ltr'><strong>re-</strong></span> 
     </span>
    </p>
   </div>
   <div class='ocr_carea' id='block_1_100' title="bbox 571 5155 2135 5228">
    <p class='ocr_par' dir='ltr' id='par_1_100' title="bbox 571 5155 2135 5228">
     <span class='ocr_line' id='line_1_100' title="bbox 571 5155 2135 5228; baseline -0.003 -14"><span class='ocrx_word' id='word_1_755' title='bbox 571 5171 810 5216; x_wconf 83' lang='lat' dir='ltr'><strong>vertetur</strong></span> <span class='ocrx_word' id='word_1_756' title='bbox 867 5160 1267 5228; x_wconf 79' lang='lat' dir='ltr'><strong>generationem</strong></span> <span class='ocrx_word' id='word_1_757' title='bbox 1315 5178 1326 5211; x_wconf 89' lang='lat'><strong>:</strong></span> <span class='ocrx_word' id='word_1_758' title='bbox 1386 5156 1583 5210; x_wconf 85' lang='lat' dir='ltr'><strong>etenim</strong></span> <span class='ocrx_word' id='word_1_759' title='bbox 1670 5168 1848 5224; x_wconf 80' lang='lat' dir='ltr'><strong>nche</strong></span> <span class='ocrx_word' id='word_1_760' title='bbox 1915 5155 2135 5224; x_wconf 86' lang='lat' dir='ltr'><strong>copulas</strong></span> 
     </span>
    </p>
   </div>
   <div class='ocr_carea' id='block_1_101' title="bbox 574 5246 2133 5319">
    <p class='ocr_par' dir='ltr' id='par_1_101' title="bbox 574 5246 2133 5319">
     <span class='ocr_line' id='line_1_101' title="bbox 574 5246 2133 5319; baseline -0.004 -15"><span class='ocrx_word' id='word_1_761' title='bbox 574 5264 746 5319; x_wconf 89' lang='lat' dir='ltr'><strong>neque</strong></span> <span class='ocrx_word' id='word_1_762' title='bbox 796 5250 1117 5304; x_wconf 89' lang='lat' dir='ltr'><strong>concubitus</strong></span> <span class='ocrx_word' id='word_1_763' title='bbox 1177 5261 1350 5315; x_wconf 83' lang='lat' dir='ltr'><strong>neque</strong></span> <span class='ocrx_word' id='word_1_764' title='bbox 1395 5253 1582 5314; x_wconf 89' lang='lat' dir='ltr'><strong>partus</strong></span> <span class='ocrx_word' id='word_1_765' title='bbox 1631 5246 1912 5314; x_wconf 82' lang='lat' dir='ltr'><strong>corruptio</strong></span> <span class='ocrx_word' id='word_1_766' title='bbox 1963 5246 2133 5299; x_wconf 89' lang='lat' dir='ltr'><strong>novit.</strong></span> 
     </span>
    </p>
   </div>
   <div class='ocr_carea' id='block_1_102' title="bbox 570 5336 2135 5412">
    <p class='ocr_par' dir='ltr' id='par_1_102' title="bbox 570 5336 2135 5412">
     <span class='ocr_line' id='line_1_102' title="bbox 570 5336 2135 5412; baseline -0.003 -16"><span class='ocrx_word' id='word_1_767' title='bbox 570 5343 781 5412; x_wconf 84' lang='lat' dir='ltr'><strong>Alioqui</strong></span> <span class='ocrx_word' id='word_1_768' title='bbox 814 5342 858 5396; x_wconf 88' lang='lat' dir='ltr'><strong>si</strong></span> <span class='ocrx_word' id='word_1_769' title='bbox 887 5343 998 5396; x_wconf 60' lang='lat' dir='ltr'><strong>hac</strong></span> <span class='ocrx_word' id='word_1_770' title='bbox 1019 5342 1133 5395; x_wconf 87' lang='lat' dir='ltr'><strong>fieri</strong></span> <span class='ocrx_word' id='word_1_771' title='bbox 1163 5339 1570 5404; x_wconf 83' lang='lat' dir='ltr'><strong>concederetur,</strong></span> <span class='ocrx_word' id='word_1_772' title='bbox 1601 5353 1738 5406; x_wconf 92' lang='lat' dir='ltr'><strong>opus</strong></span> <span class='ocrx_word' id='word_1_773' title='bbox 1765 5336 1904 5392; x_wconf 86' lang='lat' dir='ltr'><strong>foret</strong></span> <span class='ocrx_word' id='word_1_774' title='bbox 1930 5339 2135 5392; x_wconf 88' lang='lat' dir='ltr'><strong>discer-</strong></span> 
     </span>
    </p>
   </div>
   <div class='ocr_carea' id='block_1_103' title="bbox 572 5427 2130 5500">
    <p class='ocr_par' dir='ltr' id='par_1_103' title="bbox 572 5427 2130 5500">
     <span class='ocr_line' id='line_1_103' title="bbox 572 5427 2130 5500; baseline -0.004 -14"><span class='ocrx_word' id='word_1_775' title='bbox 572 5448 698 5487; x_wconf 90' lang='lat' dir='ltr'><strong>nere</strong></span> <span class='ocrx_word' id='word_1_776' title='bbox 746 5434 1148 5500; x_wconf 87' lang='lat' dir='ltr'><strong>corruptionem</strong></span> <span class='ocrx_word' id='word_1_777' title='bbox 1201 5431 1259 5483; x_wconf 82' lang='lat' dir='ltr'><strong>in</strong></span> <span class='ocrx_word' id='word_1_778' title='bbox 1305 5429 1788 5498; x_wconf 88' lang='lat' dir='ltr'><strong>masculumatque</strong></span> <span class='ocrx_word' id='word_1_779' title='bbox 1839 5427 2130 5493; x_wconf 89' lang='lat' dir='ltr'><strong>feminam;</strong></span> 
     </span>
    </p>
   </div>
   <div class='ocr_carea' id='block_1_104' title="bbox 573 5517 2130 5594">
    <p class='ocr_par' dir='ltr' id='par_1_104' title="bbox 573 5517 2130 5594">
     <span class='ocr_line' id='line_1_104' title="bbox 573 5517 2130 5594; baseline -0.001 -16"><span class='ocrx_word' id='word_1_780' title='bbox 573 5525 711 5594; x_wconf 88' lang='lat' dir='ltr'><strong>quod</strong></span> <span class='ocrx_word' id='word_1_781' title='bbox 739 5533 820 5578; x_wconf 83' lang='lat' dir='ltr'><strong>est</strong></span> <span class='ocrx_word' id='word_1_782' title='bbox 863 5521 1213 5590; x_wconf 88' lang='lat' dir='ltr'><strong>impossibile.</strong></span> <span class='ocrx_word' id='word_1_783' title='bbox 1271 5517 1389 5574; x_wconf 80' lang='lat' dir='ltr'><strong>Non</strong></span> <span class='ocrx_word' id='word_1_784' title='bbox 1412 5519 1594 5589; x_wconf 88' lang='lat' dir='ltr'><strong>itaque</strong></span> <span class='ocrx_word' id='word_1_785' title='bbox 1626 5530 1684 5575; x_wconf 87' lang='lat' dir='ltr'><strong>ut</strong></span> <span class='ocrx_word' id='word_1_786' title='bbox 1730 5521 2009 5590; x_wconf 80' lang='lat' dir='ltr'><strong>generatio</strong></span> <span class='ocrx_word' id='word_1_787' title='bbox 2036 5521 2130 5576; x_wconf 88' lang='lat' dir='ltr'><strong>ho-</strong></span> 
     </span>
    </p>
   </div>
   <div class='ocr_carea' id='block_1_105' title="bbox 644 5711 2119 5780">
    <p class='ocr_par' dir='ltr' id='par_1_105' title="bbox 644 5711 2119 5780">
     <span class='ocr_line' id='line_1_105' title="bbox 644 5711 2119 5780; baseline 0 -16"><span class='ocrx_word' id='word_1_788' title='bbox 644 5714 752 5779; x_wconf 80' lang='lat'><strong>(90)</strong></span> <span class='ocrx_word' id='word_1_789' title='bbox 785 5714 905 5764; x_wconf 87' lang='lat' dir='ltr'><strong>Sur.</strong></span> <span class='ocrx_word' id='word_1_790' title='bbox 943 5713 1001 5774; x_wconf 89' lang='lat' dir='ltr'><strong>ll,</strong></span> <span class='ocrx_word' id='word_1_791' title='bbox 1033 5713 1086 5766; x_wconf 89' lang='lat'><strong>7.</strong></span> <span class='ocrx_word' id='word_1_792' title='bbox 1110 5720 1161 5764; x_wconf 91' lang='lat' dir='ltr'><strong>et</strong></span> <span class='ocrx_word' id='word_1_793' title='bbox 1192 5725 1331 5778; x_wconf 65' lang='lat' dir='ltr'><strong>srepc</strong></span> <span class='ocrx_word' id='word_1_794' title='bbox 1361 5711 1506 5764; x_wconf 84' lang='lat' dir='ltr'><strong>alibi.</strong></span> <span class='ocrx_word' id='word_1_795' title='bbox 1543 5713 1711 5767; x_wconf 84' lang='lat' dir='ltr'><strong>Porro</strong></span> <span class='ocrx_word' id='word_1_796' title='bbox 1757 5713 1824 5766; x_wconf 89' lang='lat' dir='ltr'><strong>ab</strong></span> <span class='ocrx_word' id='word_1_797' title='bbox 1855 5713 1954 5764; x_wconf 92' lang='lat' dir='ltr'><strong>hac</strong></span> <span class='ocrx_word' id='word_1_798' title='bbox 1984 5728 2119 5780; x_wconf 44' lang='lat' dir='ltr'><strong>quo-</strong></span> 
     </span>
    </p>
   </div>
   <div class='ocr_carea' id='block_1_106' title="bbox 574 5780 2218 5848">
    <p class='ocr_par' dir='ltr' id='par_1_106' title="bbox 574 5780 2218 5848">
     <span class='ocr_line' id='line_1_106' title="bbox 574 5780 2218 5848; baseline -0.001 -17"><span class='ocrx_word' id='word_1_799' title='bbox 574 5798 677 5848; x_wconf 81' lang='lat' dir='ltr'><strong>que</strong></span> <span class='ocrx_word' id='word_1_800' title='bbox 703 5780 1047 5833; x_wconf 73' lang='lat' dir='ltr'><strong>accusatione</strong></span> <span class='ocrx_word' id='word_1_801' title='bbox 1076 5790 1304 5832; x_wconf 91' lang='lat' dir='ltr'><strong>conatur</strong></span> <span class='ocrx_word' id='word_1_802' title='bbox 1335 5782 1661 5834; x_wconf 79' lang='lat' dir='ltr'><strong>Alcoranum</strong></span> <span class='ocrx_word' id='word_1_803' title='bbox 1697 5782 1985 5834; x_wconf 80' lang='lat' dir='ltr'><strong>defendere</strong></span> <span class='ocrx_word' id='word_1_804' title='bbox 2016 5782 2116 5832; x_wconf 72' lang='grc' dir='ltr'>ιιυ.</span> <span class='ocrx_word' id='word_1_805' title='bbox 2202 5832 2218 5846; x_wconf 66' lang='grc'><strong>,</strong></span> 
     </span>
    </p>
   </div>
   <div class='ocr_carea' id='block_1_107' title="bbox 575 5849 2123 5940">
    <p class='ocr_par' dir='ltr' id='par_1_107' title="bbox 575 5849 2123 5940">
     <span class='ocr_line' id='line_1_107' title="bbox 575 5849 2123 5940; baseline 0 -39"><span class='ocrx_word' id='word_1_806' title='bbox 575 5851 765 5903; x_wconf 73' lang='lat' dir='ltr'><strong>lendus</strong></span> <span class='ocrx_word' id='word_1_807' title='bbox 806 5864 890 5914; x_wconf 87' lang='lat' dir='ltr'><strong>op.</strong></span> <span class='ocrx_word' id='word_1_808' title='bbox 935 5851 1026 5903; x_wconf 90' lang='lat' dir='ltr'><strong>cit.</strong></span> <span class='ocrx_word' id='word_1_809' title='bbox 1060 5858 1198 5917; x_wconf 88' lang='lat' dir='ltr'><strong>part.</strong></span> <span class='ocrx_word' id='word_1_810' title='bbox 1223 5849 1283 5902; x_wconf 88' lang='lat' dir='ltr'><strong>ll.</strong></span> <span class='ocrx_word' id='word_1_811' title='bbox 1313 5865 1429 5917; x_wconf 88' lang='lat' dir='ltr'><strong>cap.</strong></span> <span class='ocrx_word' id='word_1_812' title='bbox 1468 5852 1663 5920; x_wconf 70' lang='lat' dir='ltr'><strong>4;quo</strong></span> <span class='ocrx_word' id='word_1_813' title='bbox 1699 5859 1872 5906; x_wconf 84' lang='lat' dir='ltr'><strong>tamen</strong></span> <span class='ocrx_word' id='word_1_814' title='bbox 1899 5853 2019 5940; x_wconf 74' lang='lat' dir='ltr'><strong>jure</strong></span> <span class='ocrx_word' id='word_1_815' title='bbox 2042 5850 2123 5903; x_wconf 80' lang='lat' dir='ltr'><strong>vel</strong></span> 
     </span>
    </p>
   </div>
   <div class='ocr_carea' id='block_1_108' title="bbox 2239 4699 3791 4772">
    <p class='ocr_par' dir='ltr' id='par_1_108' title="bbox 2239 4699 3791 4772">
     <span class='ocr_line' id='line_1_108' title="bbox 2239 4699 3791 4772; baseline -0.001 -17"><span class='ocrx_word' id='word_1_816' title='bbox 2239 4703 2544 4772; x_wconf 85' lang='grc' dir='ltr'>πρόσφορος</span> <span class='ocrx_word' id='word_1_817' title='bbox 2601 4702 2822 4771; x_wconf 71' lang='grc' dir='ltr'>ἠρεμία,</span> <span class='ocrx_word' id='word_1_818' title='bbox 2883 4699 3218 4770; x_wconf 74' lang='grc' dir='ltr'>ἡμεταϐολὴ</span> <span class='ocrx_word' id='word_1_819' title='bbox 3269 4699 3300 4768; x_wconf 74' lang='grc' dir='ltr'><strong>ἢ</strong></span> <span class='ocrx_word' id='word_1_820' title='bbox 3343 4701 3552 4766; x_wconf 82' lang='grc' dir='ltr'>κίνησις</span> <span class='ocrx_word' id='word_1_821' title='bbox 3582 4701 3791 4754; x_wconf 83' lang='grc' dir='ltr'>ἐναντία</span> 
     </span>
    </p>
   </div>
   <div class='ocr_carea' id='block_1_109' title="bbox 2236 4788 3790 4861">
    <p class='ocr_par' dir='ltr' id='par_1_109' title="bbox 2236 4788 3790 4861">
     <span class='ocr_line' id='line_1_109' title="bbox 2236 4788 3790 4861; baseline -0.002 -15"><span class='ocrx_word' id='word_1_822' title='bbox 2236 4793 2410 4846; x_wconf 85' lang='grc' dir='ltr'>ἐστίν·</span> <span class='ocrx_word' id='word_1_823' title='bbox 2451 4791 2544 4845; x_wconf 78' lang='grc' dir='ltr'>καὶ</span> <span class='ocrx_word' id='word_1_824' title='bbox 2597 4794 2662 4861; x_wconf 81' lang='grc' dir='ltr'>τῇ</span> <span class='ocrx_word' id='word_1_825' title='bbox 2691 4791 2900 4859; x_wconf 85' lang='grc' dir='ltr'>γενέσει</span> <span class='ocrx_word' id='word_1_826' title='bbox 2928 4790 3036 4860; x_wconf 78' lang='grc' dir='ltr'>ἄρα</span> <span class='ocrx_word' id='word_1_827' title='bbox 3089 4789 3304 4842; x_wconf 86' lang='grc' dir='ltr'>ἐναντία</span> <span class='ocrx_word' id='word_1_828' title='bbox 3355 4788 3562 4859; x_wconf 77' lang='grc' dir='ltr'>φθορά*</span> <span class='ocrx_word' id='word_1_829' title='bbox 3613 4791 3790 4859; x_wconf 78' lang='grc' dir='ltr'>ἐπειδὴ</span> 
     </span>
    </p>
   </div>
   <div class='ocr_carea' id='block_1_110' title="bbox 2235 4880 3789 4952">
    <p class='ocr_par' dir='ltr' id='par_1_110' title="bbox 2235 4880 3789 4952">
     <span class='ocr_line' id='line_1_110' title="bbox 2235 4880 3789 4952; baseline -0.003 -16"><span class='ocrx_word' id='word_1_830' title='bbox 2235 4885 2327 4936; x_wconf 69' lang='grc' dir='ltr'>καὶ</span> <span class='ocrx_word' id='word_1_831' title='bbox 2353 4883 2644 4945; x_wconf 84' lang='grc' dir='ltr'>ἀναϐίωσις</span> <span class='ocrx_word' id='word_1_832' title='bbox 2667 4882 2800 4952; x_wconf 73' lang='grc' dir='ltr'>πρὸς</span> <span class='ocrx_word' id='word_1_833' title='bbox 2823 4885 2886 4951; x_wconf 76' lang='grc' dir='ltr'>τῇ</span> <span class='ocrx_word' id='word_1_834' title='bbox 2915 4880 3032 4952; x_wconf 76' lang='grc' dir='ltr'>θεία</span> <span class='ocrx_word' id='word_1_835' title='bbox 3063 4882 3250 4950; x_wconf 81' lang='grc' dir='ltr'>Γραφῇ</span> <span class='ocrx_word' id='word_1_836' title='bbox 3285 4881 3712 4949; x_wconf 75' lang='grc' dir='ltr'>ἐπαγγέλλεται·</span> <span class='ocrx_word' id='word_1_837' title='bbox 3733 4882 3789 4932; x_wconf 83' lang='grc' dir='ltr'><strong>οὐ</strong></span> 
     </span>
    </p>
   </div>
   <div class='ocr_carea' id='block_1_111' title="bbox 2231 4969 3786 5041">
    <p class='ocr_par' dir='ltr' id='par_1_111' title="bbox 2231 4969 3786 5041">
     <span class='ocr_line' id='line_1_111' title="bbox 2231 4969 3786 5041; baseline -0.005 -14"><span class='ocrx_word' id='word_1_838' title='bbox 2231 4973 2351 5028; x_wconf 83' lang='grc' dir='ltr'>καθ’</span> <span class='ocrx_word' id='word_1_839' title='bbox 2377 4974 2404 5025; x_wconf 84' lang='grc' dir='ltr'><strong>ὃ</strong></span> <span class='ocrx_word' id='word_1_840' title='bbox 2420 4972 2615 5036; x_wconf 76' lang='grc' dir='ltr'>νῦνδιὰ</span> <span class='ocrx_word' id='word_1_841' title='bbox 2631 4972 2928 5041; x_wconf 84' lang='grc' dir='ltr'>γεννήσεως</span> <span class='ocrx_word' id='word_1_842' title='bbox 2941 4971 3018 5032; x_wconf 90' lang='grc' dir='ltr'><strong>είς</strong></span> <span class='ocrx_word' id='word_1_843' title='bbox 3039 4969 3241 5038; x_wconf 72' lang='grc' dir='ltr'>φθορὰν</span> <span class='ocrx_word' id='word_1_844' title='bbox 3262 4969 3542 5039; x_wconf 81' lang='grc' dir='ltr'>ἄνθρωπος</span> <span class='ocrx_word' id='word_1_845' title='bbox 3559 4971 3786 5038; x_wconf 79' lang='grc' dir='ltr'>ἔρχεται,</span> 
     </span>
    </p>
   </div>
   <div class='ocr_carea' id='block_1_112' title="bbox 2233 5055 3789 5130">
    <p class='ocr_par' dir='ltr' id='par_1_112' title="bbox 2233 5055 3789 5130">
     <span class='ocr_line' id='line_1_112' title="bbox 2233 5055 3789 5130; baseline -0.004 -15"><span class='ocrx_word' id='word_1_846' title='bbox 2233 5062 2371 5115; x_wconf 80' lang='grc' dir='ltr'>οὑτω</span> <span class='ocrx_word' id='word_1_847' title='bbox 2401 5062 2493 5114; x_wconf 64' lang='grc' dir='ltr'>καὶ</span> <span class='ocrx_word' id='word_1_848' title='bbox 2524 5061 2629 5114; x_wconf 78' lang='grc' dir='ltr'><strong>ἀπὸ</strong></span> <span class='ocrx_word' id='word_1_849' title='bbox 2651 5059 2856 5130; x_wconf 80' lang='grc' dir='ltr'>φθορᾶς</span> <span class='ocrx_word' id='word_1_850' title='bbox 2896 5055 3049 5121; x_wconf 79' lang='grc' dir='ltr'>αὖθις</span> <span class='ocrx_word' id='word_1_851' title='bbox 3090 5057 3230 5110; x_wconf 79' lang='grc' dir='ltr'>κατὰ</span> <span class='ocrx_word' id='word_1_852' title='bbox 3263 5058 3360 5126; x_wconf 85' lang='grc' dir='ltr'><strong>τὴν</strong></span> <span class='ocrx_word' id='word_1_853' title='bbox 3395 5055 3619 5125; x_wconf 86' lang='grc' dir='ltr'>πρώτην</span> <span class='ocrx_word' id='word_1_854' title='bbox 3642 5063 3789 5110; x_wconf 79' lang='grc' dir='ltr'>ἐπαν.</span> 
     </span>
    </p>
   </div>
   <div class='ocr_carea' id='block_1_113' title="bbox 2233 5139 3786 5221">
    <p class='ocr_par' dir='ltr' id='par_1_113' title="bbox 2233 5139 3786 5221">
     <span class='ocr_line' id='line_1_113' title="bbox 2233 5139 3786 5221; baseline 0 -19"><span class='ocrx_word' id='word_1_855' title='bbox 2233 5151 2349 5220; x_wconf 72' lang='grc' dir='ltr'>ἡξει</span> <span class='ocrx_word' id='word_1_856' title='bbox 2373 5152 2622 5221; x_wconf 78' lang='grc' dir='ltr'>γέννησιν</span> <span class='ocrx_word' id='word_1_857' title='bbox 2645 5167 2660 5181; x_wconf 91' lang='grc'><strong>·</strong></span> <span class='ocrx_word' id='word_1_858' title='bbox 2680 5150 2803 5202; x_wconf 71' lang='grc' dir='ltr'>ἐπεὶ</span> <span class='ocrx_word' id='word_1_859' title='bbox 2824 5139 3156 5219; x_wconf 64' lang='grc' dir='ltr'>μηδέμίξεις</span> <span class='ocrx_word' id='word_1_860' title='bbox 3179 5148 3274 5201; x_wconf 58' lang='grc' dir='ltr'><strong>καί¹</strong></span> <span class='ocrx_word' id='word_1_861' title='bbox 3291 5146 3574 5211; x_wconf 84' lang='grc' dir='ltr'>συνουσίας</span> <span class='ocrx_word' id='word_1_862' title='bbox 3595 5149 3684 5201; x_wconf 76' lang='grc' dir='ltr'><strong>καὶ</strong></span> <span class='ocrx_word' id='word_1_863' title='bbox 3707 5152 3786 5202; x_wconf 81' lang='grc' dir='ltr'>τό-</span> 
     </span>
    </p>
   </div>
   <div class='ocr_carea' id='block_1_114' title="bbox 2235 5238 3788 5312">
    <p class='ocr_par' dir='ltr' id='par_1_114' title="bbox 2235 5238 3788 5312">
     <span class='ocr_line' id='line_1_114' title="bbox 2235 5238 3788 5312; baseline -0.001 -18"><span class='ocrx_word' id='word_1_864' title='bbox 2235 5255 2357 5305; x_wconf 81' lang='grc' dir='ltr'>κους</span> <span class='ocrx_word' id='word_1_865' title='bbox 2381 5245 2412 5312; x_wconf 82' lang='grc' dir='ltr'>ἠ</span> <span class='ocrx_word' id='word_1_866' title='bbox 2437 5242 2608 5312; x_wconf 73' lang='grc' dir='ltr'>φθορὰ</span> <span class='ocrx_word' id='word_1_867' title='bbox 2637 5238 2792 5295; x_wconf 81' lang='grc' dir='ltr'>οἶδεν·</span> <span class='ocrx_word' id='word_1_868' title='bbox 2831 5242 2862 5312; x_wconf 86' lang='grc' dir='ltr'>ἢ</span> <span class='ocrx_word' id='word_1_869' title='bbox 2891 5242 2997 5312; x_wconf 77' lang='grc' dir='ltr'><strong>γὰρ</strong></span> <span class='ocrx_word' id='word_1_870' title='bbox 3017 5241 3080 5294; x_wconf 77' lang='grc' dir='ltr'><strong>ἂν</strong></span> <span class='ocrx_word' id='word_1_871' title='bbox 3095 5239 3324 5292; x_wconf 86' lang='grc' dir='ltr'>δεδόσθω</span> <span class='ocrx_word' id='word_1_872' title='bbox 3340 5239 3513 5292; x_wconf 86' lang='grc' dir='ltr'>ταῦτα</span> <span class='ocrx_word' id='word_1_873' title='bbox 3529 5240 3688 5310; x_wconf 84' lang='grc' dir='ltr'>ἐχειν,</span> <span class='ocrx_word' id='word_1_874' title='bbox 3705 5244 3788 5293; x_wconf 80' lang='grc' dir='ltr'><strong>καὶ</strong></span> 
     </span>
    </p>
   </div>
   <div class='ocr_carea' id='block_1_115' title="bbox 2232 5329 3787 5406">
    <p class='ocr_par' dir='ltr' id='par_1_115' title="bbox 2232 5329 3787 5406">
     <span class='ocr_line' id='line_1_115' title="bbox 2232 5329 3787 5406; baseline -0.002 -20"><span class='ocrx_word' id='word_1_875' title='bbox 2232 5331 2543 5401; x_wconf 84' lang='grc' dir='ltr'>διαιρείσθω</span> <span class='ocrx_word' id='word_1_876' title='bbox 2579 5335 2610 5402; x_wconf 80' lang='grc' dir='ltr'>ἡ</span> <span class='ocrx_word' id='word_1_877' title='bbox 2647 5333 2818 5406; x_wconf 84' lang='grc' dir='ltr'>φθορὰ</span> <span class='ocrx_word' id='word_1_878' title='bbox 2845 5335 2922 5395; x_wconf 84' lang='grc' dir='ltr'><strong>είς</strong></span> <span class='ocrx_word' id='word_1_879' title='bbox 2944 5333 3106 5401; x_wconf 78' lang='grc' dir='ltr'>ἄρσεν</span> <span class='ocrx_word' id='word_1_880' title='bbox 3136 5331 3229 5382; x_wconf 71' lang='grc' dir='ltr'>καὶ</span> <span class='ocrx_word' id='word_1_881' title='bbox 3259 5329 3392 5400; x_wconf 81' lang='grc' dir='ltr'>θῆλυ</span> <span class='ocrx_word' id='word_1_882' title='bbox 3415 5348 3429 5362; x_wconf 96' lang='grc'><strong>·</strong></span> <span class='ocrx_word' id='word_1_883' title='bbox 3461 5330 3577 5384; x_wconf 81' lang='grc' dir='ltr'>ἀλλ’</span> <span class='ocrx_word' id='word_1_884' title='bbox 3608 5331 3787 5384; x_wconf 78' lang='grc' dir='ltr'>ἀδύνα-</span> 
     </span>
    </p>
   </div>
   <div class='ocr_carea' id='block_1_116' title="bbox 2239 5421 3786 5494">
    <p class='ocr_par' dir='ltr' id='par_1_116' title="bbox 2239 5421 3786 5494">
     <span class='ocr_line' id='line_1_116' title="bbox 2239 5421 3786 5494; baseline -0.004 -16"><span class='ocrx_word' id='word_1_885' title='bbox 2239 5443 2326 5478; x_wconf 87' lang='grc' dir='ltr'><strong>τον</strong></span> <span class='ocrx_word' id='word_1_886' title='bbox 2349 5443 2360 5455; x_wconf 94' lang='grc'><strong>·</strong></span> <span class='ocrx_word' id='word_1_887' title='bbox 2396 5426 2494 5476; x_wconf 82' lang='grc' dir='ltr'><strong>οὑκ</strong></span> <span class='ocrx_word' id='word_1_888' title='bbox 2522 5425 2626 5493; x_wconf 77' lang='grc' dir='ltr'>ἄρα</span> <span class='ocrx_word' id='word_1_889' title='bbox 2657 5426 2730 5487; x_wconf 79' lang='grc' dir='ltr'>ὡς</span> <span class='ocrx_word' id='word_1_890' title='bbox 2765 5426 2796 5494; x_wconf 81' lang='grc' dir='ltr'>ἡ</span> <span class='ocrx_word' id='word_1_891' title='bbox 2833 5425 3081 5492; x_wconf 80' lang='grc' dir='ltr'>γέννησις</span> <span class='ocrx_word' id='word_1_892' title='bbox 3113 5421 3341 5491; x_wconf 83' lang='grc' dir='ltr'>προάγει</span> <span class='ocrx_word' id='word_1_893' title='bbox 3378 5421 3468 5474; x_wconf 84' lang='grc' dir='ltr'><strong>τὸν</strong></span> <span class='ocrx_word' id='word_1_894' title='bbox 3493 5422 3786 5491; x_wconf 79' lang='grc' dir='ltr'>ἄνθρωπον,</span> 
     </span>
    </p>
   </div>
   <div class='ocr_carea' id='block_1_117' title="bbox 2238 5513 3788 5586">
    <p class='ocr_par' dir='ltr' id='par_1_117' title="bbox 2238 5513 3788 5586">
     <span class='ocr_line' id='line_1_117' title="bbox 2238 5513 3788 5586; baseline -0.004 -16"><span class='ocrx_word' id='word_1_895' title='bbox 2238 5517 2377 5570; x_wconf 67' lang='grc' dir='ltr'>οὕτω</span> <span class='ocrx_word' id='word_1_896' title='bbox 2408 5519 2495 5567; x_wconf 76' lang='grc' dir='ltr'><strong>καὶ</strong></span> <span class='ocrx_word' id='word_1_897' title='bbox 2522 5518 2552 5585; x_wconf 74' lang='grc' dir='ltr'>ἡ</span> <span class='ocrx_word' id='word_1_898' title='bbox 2588 5516 2760 5586; x_wconf 81' lang='grc' dir='ltr'>φθορᾶ</span> <span class='ocrx_word' id='word_1_899' title='bbox 2781 5516 2865 5568; x_wconf 75' lang='grc' dir='ltr'>διὰ</span> <span class='ocrx_word' id='word_1_900' title='bbox 2901 5513 3203 5582; x_wconf 79' lang='grc' dir='ltr'>γεννήσεως</span> <span class='ocrx_word' id='word_1_901' title='bbox 3243 5513 3670 5577; x_wconf 72' lang='grc' dir='ltr'>πολυπλασιὰζει</span> <span class='ocrx_word' id='word_1_902' title='bbox 3699 5516 3788 5564; x_wconf 68' lang='grc' dir='ltr'><strong>αὖ·</strong></span> 
     </span>
    </p>
   </div>
   <div class='ocr_carea' id='block_1_118' title="bbox 2232 5707 2985 5777">
    <p class='ocr_par' dir='ltr' id='par_1_118' title="bbox 2232 5707 2985 5777">
     <span class='ocr_line' id='line_1_118' title="bbox 2232 5707 2985 5777; baseline 0.001 -17"><span class='ocrx_word' id='word_1_903' title='bbox 2232 5724 2393 5777; x_wconf 81' lang='lat' dir='ltr'><strong>qnam</strong></span> <span class='ocrx_word' id='word_1_904' title='bbox 2427 5710 2579 5773; x_wconf 81' lang='lat' dir='ltr'><strong>bene,</strong></span> <span class='ocrx_word' id='word_1_905' title='bbox 2613 5711 2700 5761; x_wconf 88' lang='lat' dir='ltr'><strong>alii</strong></span> <span class='ocrx_word' id='word_1_906' title='bbox 2727 5707 2985 5771; x_wconf 79' lang='lat' dir='ltr'><strong>judicent.</strong></span> 
     </span>
    </p>
   </div>
   <div class='ocr_carea' id='block_1_119' title="bbox 2237 5774 3786 5917">
    <p class='ocr_par' dir='ltr' id='par_1_119' title="bbox 2237 5774 3786 5917">
     <span class='ocr_line' id='line_1_119' title="bbox 2250 5774 3786 5915; baseline 0 -86"><span class='ocrx_word' id='word_1_907' title='bbox 2250 5774 2259 5777; x_wconf 65' lang='grc'><em>⁷</em></span> <span class='ocrx_word' id='word_1_908' title='bbox 2303 5779 2593 5915; x_wconf 43' lang='grc' dir='ltr'><strong>(ἶὶυλξόἱιγ.</strong></span> <span class='ocrx_word' id='word_1_909' title='bbox 2629 5779 2693 5844; x_wconf 88' lang='lat' dir='ltr'><strong>ll,</strong></span> <span class='ocrx_word' id='word_1_910' title='bbox 2723 5777 2811 5842; x_wconf 73' lang='lat'><strong>25,</strong></span> <span class='ocrx_word' id='word_1_911' title='bbox 2861 5787 2912 5830; x_wconf 74' lang='lat' dir='ltr'><strong>et</strong></span> <span class='ocrx_word' id='word_1_912' title='bbox 2952 5791 3092 5844; x_wconf 80' lang='lat' dir='ltr'><strong>saepe</strong></span> <span class='ocrx_word' id='word_1_913' title='bbox 3138 5777 3298 5841; x_wconf 86' lang='lat' dir='ltr'><strong>alibi,</strong></span> <span class='ocrx_word' id='word_1_914' title='bbox 3350 5783 3408 5828; x_wconf 90' lang='lat' dir='ltr'><strong>ttt</strong></span> <span class='ocrx_word' id='word_1_915' title='bbox 3459 5774 3577 5827; x_wconf 81' lang='lat' dir='ltr'><strong>dixi</strong></span> <span class='ocrx_word' id='word_1_916' title='bbox 3633 5791 3786 5846; x_wconf 81' lang='lat' dir='ltr'><strong>supra</strong></span> 
     </span>
     <span class='ocr_line' id='line_1_120' title="bbox 2237 5863 2543 5917; baseline -0.007 -17"><span class='ocrx_word' id='word_1_917' title='bbox 2237 5863 2322 5917; x_wconf 60' lang='grc' dir='ltr'><strong>μυ</strong></span> <span class='ocrx_word' id='word_1_918' title='bbox 2351 5887 2362 5897; x_wconf 93' lang='grc'><strong><em>.</em></strong></span> <span class='ocrx_word' id='word_1_919' title='bbox 2530 5885 2543 5898; x_wconf 93' lang='grc'><strong>.</strong></span> 
     </span>
    </p>
   </div>
  </div>
