3926 6308
155 526 268 593 781

1252 521 1689 584 REFUTATIO
1743 521 2216 583 MOHAMEDIS.

151 646 250 697 τόν
273 660 286 673 ·
343 643 468 698 ἐπεὶ
521 641 719 697 ταυτδν
749 637 902 693 ἔσται
931 635 1186 706 γέννησις
1211 636 1305 689 καὶ
1341 635 1540 705 φθορὰ,
1591 637 1729 706 ὅπερ

1834 633 2034 688 minem
2065 633 2336 703 producit,
2359 635 2440 691 sic
2469 635 2629 693 etiam
2665 637 2948 710 corruptio
2978 654 3072 710 per
3092 650 3396 714 generatio—

153 734 467 805 ἀμήχανον.
502 737 562 788 Ei
585 724 682 787 οὖν
700 730 841 785 κατὰ
867 730 1117 798 γέννησιν
1144 728 1203 780 οὐ
1235 727 1561 797 προέρχεται
1585 728 1643 781 έν
1663 729 1733 797 τῇ

153 825 458 881 ἀναστάσει
479 829 507 879 ὁ
533 824 842 892 ἄνθρωπος,
872 820 992 873 οὐδὲ
1026 821 1124 874 ὅσα
1143 819 1242 889 τῆς
1265 818 1572 888 γεννήσειῖκ
1591 819 1736 872 ἐστιν

151 915 446 986 ινεργήσει
468 931 485 946 °
530 912 654 968 επεὶ
709 910 840 981 μηδὶ
875 910 1079 981 φθορὰν
1127 910 1290 964 πάλιν
1329 907 1572 972 ἐλπίζειο
1603 909 1652 960 εί
1680 907 1736 963 δὲ

149 1006 259 1060 ὅσα
285 1007 388 1075 τῆς
423 1002 728 1074 γεννήσεῶς
756 1003 904 1056 ἐστιν
926 1003 1028 1055 οὒκ
1064 1002 1294 1071 ἐνεργεῖ,
1325 999 1468 1062 τίνος
1493 999 1678 1052 ἓνεκεν
1699 1002 1733 1072 ἡ

149 1095 250 1147 τοῦ
286 1096 518 1166 ἄρρενος
554 1095 645 1148 καὶ
683 1094 793 1166 τῆς
853 1091 1076 1162 θηλείας
1136 1090 1278 1144 κατὰ
1341 1089 1736 1160 συνουσιασμδν

151 1185 348 1254 μίξις;
378 1186 564 1248 τέλους
610 1186 722 1256 γὰρ
771 1187 845 1256 μὴ
875 1183 1259 1255 προκειμένου,
1307 1181 1591 1254 ἀποίχεται
1641 1183 1736 1236 καὶ

127 1275 388 1344 σκοπός.
445 1277 506 1332 El
557 1276 617 1330 δὲ
671 1277 897 1348 οὐδεμία
922 1274 1082 1347 χρεία
1112 1275 1337 1346 annva;
1392 1275 1487 1328 καὶ
1513 1273 1738 1345 θηλείας

153 1364 364 1432 μίξεως
395 1366 533 1434 μετά
565 1365 665 1435 τὴν
692 1366 1011 1430 ἀνάστασιν,
1059 1364 1111 1416 τί
1141 1364 1283 1417 εἴποι
1314 1364 1407 1417 καὶ
1434 1363 1487 1417 τί
1520 1363 1734 1434 ποιήσει

147 1454 180 1504 ό
219 1453 554 1524 καμηλὼδης
577 1454 843 1526 Μωάμετ,
869 1456 948 1516 είς
968 1454 1204 1524 ἄρρενας
1228 1455 1320 1506 καὶ
1345 1453 1568 1524 θηλείας
1594 1454 1734 1511 διαι-

151 1543 421 1612 ρεθέντας
451 1541 940 1618 τόὺς⁶ἀνθρώπους
978 1544 1119 1599 κατά
1155 1543 1415 1612 συζυγίας
1465 1545 1523 1596 ἐν
1557 1561 1732 1615 παραι-

147 1634 323 1706 δείσῳ
355 1635 660 1690 διαιτᾶσθαι
687 1637 958 1702 κελεύων;
996 1637 1044 1689 εί
1079 1636 1136 1689 δέ
1185 1653 1268 1698 τις
1309 1633 1605 1706 προῦἀλλει
1637 1636 1735 1706 τὴν

148 1727 220 1781 ὲκ
246 1728 356 1798 γῆς
377 1713 472 1782 τοῦ
509 1730 680 1800 Ἀδὰμ
706 1729 926 1795 πλάσιν,
959 1731 1052 1784 καὶ
1081 1730 1170 1782 τὸν
1197 1730 1332 1800 μετὰ
1356 1728 1526 1783 ταῦτα
1553 1729 1732 1794 τόκον,

150 1815 295 1870 ἵστω
325 1819 407 1870 ὅτι
442 1821 558 1872 ἐκεῖ
586 1822 684 1888 μὲν
705 1819 799 1872 τοῦ
835 1818 910 1890 μὴ
941 1819 1096 1882 ὄντος
1132 1821 1212 1882 είς
1243 1820 1302 1878 τὸ
1331 1813 1471 1871 εἶναι
1498 1814 1567 1889 ἦν
1596 1820 1734 1890 πρό-

144 1899 295 1973 οδος,
328 1909 423 1963 καὶ
455 1910 544 1963 διὰ
567 1911 630 1962 τὸ
657 1911 961 1981 τηρηθῆναι
1001 1911 1061 1964 τὸ
1090 1909 1424 1981 ἀνθρώπειον
1464 1910 1619 1979 γένος
1647 1912 1734 1965 διὰ

1838 740 1960 781 nem
1986 740 2111 780 eum
2135 727 2484 796 multiplicat.
2503 730 2758 800 Alioquin
2785 734 2926 787 idem
2952 745 3097 789 esset
3122 746 3402 806 generatio“

1834 825 1890 871 et
1916 817 2231 886 corruptio;
2262 819 2406 886 quod
2461 829 2544 882 est
2592 821 2948 892 impossibile.
2997 824 3054 879 Si
3088 842 3214 898 ergo
3258 831 3401 888 haud
3507 835 3520 843 ”

1835 910 2185 975 generatione
2241 910 2563 978 producitur
2596 913 2649 968 in
2686 919 3088 973 resurrectione
3136 923 3318 990 homo,
3357 927 3403 979 is

1836 1013 1904 1054 ne
1929 1000 2019 1056 illa
2048 1000 2268 1072 quidem
2305 1015 2488 1070 postea
2522 1008 2838 1075 operabitnr
2863 1025 2986 1077 qua:
3014 1024 3139 1066 sunt
3184 1017 3403 1084 propria

1833 1093 2240 1160 generationis;
2275 1108 2400 1146 nam
2442 1110 2618 1164 neque
2645 1099 3059 1166 corruptionem
3091 1104 3271 1159 denuo
3308 1122 3404 1160 ex-

1834 1196 2062 1258 spectat.
2095 1186 2151 1239 Si
2182 1199 2310 1254 ergo
2340 1199 2461 1254 qrne
2492 1194 2619 1239 sunt
2651 1188 3019 1256 generationis
3052 1194 3267 1260 prepria
3289 1197 3403 1263 jam

1835 1293 1941 1333 non
1969 1279 2100 1346 agit,
2135 1292 2234 1330 cur
2258 1276 2370 1344 jam
2404 1277 2632 1330 masculi
2669 1292 2731 1331 ac
2783 1278 3000 1334 femina:
3026 1297 3122 1351 per
3148 1286 3407 1338 concubi-

1831 1381 1947 1424 tum
1977 1368 2161 1424 mistio
2192 1367 2321 1422 ﬁat?
2343 1367 2476 1421 Nam
2511 1367 2615 1423 fine
2633 1375 2761 1422 “non
2791 1374 3086 1442 proposito,
3125 1367 3211 1428 rei'
3229 1392 3409 1445 perge.

1833 1461 1979 1516 cutio
2033 1460 2252 1516 desinit.
2296 1458 2452 1525 Quod
2483 1461 2530 1514 si
2560 1462 2739 1515 nullus
2767 1461 2876 1530 jam
2915 1474 3047 1519 uSus
3070 1469 3174 1520 erit
3200 1468 3404 1522 conon-

1833 1552 1981 1607 bitus
2045 1552 2274 1606 masculi
2333 1550 2409 1606 ac
2457 1551 2676 1606 {culinae
2722 1563 2842 1623 post
2898 1559 3406 1624 ressurreetionem,

1833 1641 1962 1708 quid
2011 1640 2145 1694 dicit
2193 1650 2286 1695 aut
2333 1642 2462 1711 quid
2492 1641 2993 1700 facitcamela'rius
3039 1646 3406 1714 Mobamedes,

1833 1730 1961 1785 dum
2009 1731 2064 1784 in
2097 1733 2370 1795 masculos
2424 1748 2488 1789 ac
2543 1735 2776 1790 feminas
2824 1738 3115 1793 distinctos
3159 1741 3408 1796 homines

1835 1819 2149 1873 conditione
2194 1822 2465 1890 conjugali
2518 1811 2704 1877 'vivere
2762 1826 2816 1878 in
2876 1829 3131 1895 paradiso
3179 1831 3408 1884 statuit?

1835 1908 1988 1975 Quod
2016 1910 2062 1964 si
2101 1909 2227 1980 quis
2275 1912 2498 1980 objiciat
2537 1915 2727 1967 Adami
2764 1930 2829 1969 ex
2869 1917 3090 1984 pulvere
3123 1916 3404 1975 fortunatio-

145 1997 253 2068 τὴν
292 1999 592 2054 ἔκπτωσιν.
626 1996 757 2054 ’Ὧδέ
783 2017 847 2067 γε
877 2002 983 2071 μὴν
1007 2002 1165 2070 χρεία
1205 2001 1298 2053 τοῦ
1331 2001 1547 2072 πρώτου
1577 2003 1729 2057 οὐδα-

1843 2016 1987 2064 nem,
2021 2011 2074 2055 et
2104 2010 2290 2070 postea
2324 2004 2748 2072 generationem,
2773 2006 2858 2061 hic
2891 2009 3024 2062 sciat
3076 2020 3204 2065 tunc
3235 2011 3405 2066 fuisse

151 2087 298 2155 μῶς,
317 2089 399 2141 ὅτι
429 2088 522 2159 καὶ
548 2089 686 2161 ὑπὲρ
715 2089 776 2142 τὸ
815 2090 1032 2162 πρῶτον
1052 2105 1066 2121 ⁸
1101 2090 1304 2161 φθορᾶς
1337 2091 1467 2162 γὰρ’,
1504 2092 1598 2144 καὶ
1625 2093 1732 2145 τῶν

145 2177 254 2246 τῆς
285 2177 498 2261 φθορᾶς
519 2179 706 2232 αίτίων
730 2179 917 2233 παθῶν
947 2179 1236 2261 ἀπαλλαγή
1268 2182 1415 2237 ἐστιν
1445 2182 1732 2251 ήάνάσταο

151 2282 264 2331 σις,
299 2267 421 2336 ἦτοι
463 2249 784 2338 ἀνάπλασις,
828 2269 945 2323 ἀλλ’
992 2272 1111 2341 οὐχὶ
1135 2252 1389 2340 γέννησις
1439 2249 1533 2325 καὶ
1584 2274 1728 2346 πάθη

147 2357 486 2428 γεννήσεως,
518 2360 721 2432 φθορᾶς
742 2360 1126 2432 προηγούμενα
1153 2358 1234 2425 οἷς
1255 2362 1392 2432 αὐτὴ
1417 2364 1730 2433 ἀναγκαίως

145 2445 370 2517 ἕψεται.

1833 2108 1866 2148 a
1906 2108 2012 2147 non
2041 2094 2339 2149 exsistente
2381 2096 2447 2150 ad
2483 2097 2851 2152 exsisteutiam
2894 2097 3405 2173 transitum,‘atque

1836 2194 1895 2238 ut
1945 2197 2362 2255 conservaretur
2399 2197 2520 2257 post
2574 2190 2783 2258 lapsum
2842 2208 3012 2261 genus
3078 2195 3400 2252 humanum.

1833 2275 1987 2331 Nunc
2017 2286 2195 2336 autem
2224 2278 2374 2332 nulla
2410 2289 2495 2335 est
2542 2282 2839 2337 necessitas
2884 2285 3083 2352 prioris
3131 2287 3231 2351 rei,
3274 2291 3402 2357 quia

1832 2379 2072 2436 prmsetts
2118 2373 2293 2426 status
2324 2368 2553 2436 priorem
2601 2381 2819 2440 superat
2859 2359 3100 2444 {quippe
3147 2378 3270 2445 quia
3321 2363 3386 2432 ei

1832 2459 2169 2527 ruptionem,
2216 2468 2271 2513 et
2305 2462 2670 2529 corruptionis
2709 2480 2930 2523 causam
2969 2470 3272 2538 passiones,
3315 2489 3402 2528 rc—

145 2541 427 2597 surrectio
460 2543 721 2613 destruit;
756 2559 877 2614 quae
894 2543 1109 2614 quidem
1143 2543 1461 2600 reformatio
1489 2556 1593 2610 est,
1622 2562 1728 2602 non
1768 2556 1951 2605 tamen
2009 2553 2306 2620 generatio,
2349 2541 2525 2624 neque
2585 2544 2972 2625 generationis,
3017 2563 3222 2633 passio,
3282 2581 3404 2637 quae

147 2634 498 2711 corruptioui
532 2645 796 2705 praeeunt,
823 2648 878 2690 et
905 2654 1040 2706 quas
1065 2638 1181 2706 ipsa
1223 2641 1504 2710 corruptio
1553 2645 1866 2699 necessario
1894 2647 2268 2718 subsequitur.

148 2726 285 2780 ΚΒ.
313 2730 474 2803 Πρὸς
499 2729 814 2803 rerum;
835 2731 1072 2800 ἀμαθῶς
1097 2733 1216 2803 ἅμα
1244 2736 1340 2789 καὶ
1373 2735 1602 2802 ἀσεϐῶς
1630 2735 1732 2794 ls-

223 2800 687 2875 rortaﬂqdelag
739 2796 1234 2875 εἴκαζ-ῥτγξέλόυς
1258 2846 1271 2870 ,
1338 2807 1450 2875 καί
1491 2796 1734 2875 ratirati;

221 2868 552 2921 συνελθεῖν
581 2868 720 2932 τοὺς
737 2869 838 2924 ἐπὶ
867 2868 996 2925 Νῶε
1023 2868 1375 2940 ἀνθρώπους
1410 2874 1543 2944 (91).

221 2957 340 3020 κζ’.
362 2957 544 3011 Πάντα
571 2959 640 3012 τὰ
665 2959 725 3023 ἐξ
761 2962 1074 3031 ὲτεροειδῶν
1114 2965 1256 3017 κατὰ
1288 2966 1542 3035 γέννησιν
1566 2965 1731 3036 ἀλλή-

149 3047 269 3109 λοις
298 3049 568 3116 συνιόντα,
583 3049 774 3118 nam...
797 3068 852 3102 τι
869 3053 1045 3122 πάντη
1075 3055 1226 3124 παρὰ
1241 3055 1310 3108 τὰ
1332 3056 1391 3120 ἐξ
1409 3051 1483 3109 ὧν
1505 3059 1729 3128 προελη-

150 3135 333 3202 λύθει,
365 3139 397 3209 ἢ
426 3138 500 3208 πῆ
543 3140 641 3210 μὲν
687 3141 867 3194 αὐτῶν
897 3143 1134 3212 μετέχει,
1182 3148 1258 3215 πῆ
1291 3145 1348 3198 δὲ
1374 3147 1467 3200 καὶ
1491 3148 1730 3218 διενηνο-

153 3229 292 3297 χότα
328 3229 540 3298 πρόεισι
563 3245 579 3262 ’
609 3231 703 3284 καὶ
731 3232 765 3301 ἢ
794 3233 1024 3302 κρείττω
1044 3235 1192 3288 ἐστὶν
1222 3235 1333 3288 τῶν
1361 3239 1725 3307 προαγόντων,

151 3315 186 3386 ἢ
210 3315 406 3386 χείρω.
430 3318 492 3373 Et
517 3317 610 3372 οὖν
635 3323 703 3372 ὲκ
726 3323 965 3385 συνόδου,
983 3323 1058 3383 ὠς
1086 3323 1437 3394 τερατεύεται
1459 3327 1725 3398 Μωάμετ,

153 3406 463 3476 ἀνθρώπων
495 3410 586 3462 καὶ
615 3410 859 3479 ἀγγέλων
889 3402 1198 3483 προήρχετό
1224 3431 1348 3469 τινα
1388 3420 1724 3487 γεννήματα,

1828 2740 1990 2824 ΧΧᾸΙ.
2023 2744 2280 2798 Adversus
2317 2745 2552 2824 {Iliadem
2577 2746 2888 2824 insipienter
2928 2751 3088 2814 simul
3139 2763 3188 2805 et
3247 2755 3404 2824 impie

1898 2813 2152 2884 dicentem
2194 2816 2404 2882 angelos
2429 2831 2537 2868 esse
2565 2817 2812 2884 feminas,
2852 2829 2901 2871 et
2931 2813 3077 2874 deum
3098 2824 3178 2877 Itis
3210 2813 3404 2878 concu-

1897 2881 2066 2934 buisse
2091 2881 2204 2934 Noe
2232 2881 2548 2950 témport‘bus
2566 2881 2831 2941 homines.
3317 2915 3320 2918 ’

1897 2971 1983 3025 87.
2039 2970 2387 3040 Quaecunque
2432 2991 2495 3027 ex
2544 2976 2918 3046 heterogeneis
2967 2997 3064 3051 per
3097 2988 3404 3054 generatio-

1828 3077 1948 3115 nem
1980 3061 2209 3118 invicem
2243 3066 2594 3131 conveniunt,
2633 3070 2716 3123 vel
2761 3071 3036 3127 diversum
3097 3076 3225 3144 quid
3273 3093 3402 3134 eva-

1830 3150 1969 3205 dunt
2016 3153 2084 3205 ab
2127 3146 2234 3208 illis
2287 3156 2429 3210 unde
2486 3159 2835 3225 procedunt,
2891 3163 2972 3216 vel
3027 3168 3219 3234 partim
3279 3169 3404 3224 inde

1828 3243 2174 3312 panicipant,
2199 3248 2395 3313 partim
2413 3248 2698 3305 dissimilia
2727 3254 3062 3324 procedunt;
3087 3268 3138 3311 et
3168 3261 3248 3314 vel
3275 3275 3404 3317 sum

1830 3334 2055 3389 meliora
2090 3335 2389 3392 factoribus
2423 3339 2537 3395 suis
2582 3328 2662 3394 vel
2707 3344 3000 3400 deteriora.
3037 3349 3096 3401 Si
3150 3366 3280 3421 ergo
3334 3371 3400 3408 ex

1829 3428 2042 3494 cepu'la,
2072 3431 2596 3498 utmonstrosedicit
2621 3432 2983 3502 Mohamcdes,
3029 3441 3308 3498 hominum
3347 3457 3402 3501 et

152 3496 188 3566 ἢ
207 3497 346 3551 ἄλλο
373 3515 427 3551 τι
459 3499 676 3563 πάντως
710 3502 840 3572 παρ’
871 3503 1108 3573 ἑκάτερα
1144 3504 1251 3558 ἔδει
1272 3501 1410 3560 εἶναι
1429 3524 1441 3537 ·
1470 3509 1564 3561 καὶ
1591 3509 1729 3563 ἔστω

1833 3516 2147 3582 angelorum
2178 3517 2438 3601 genitur‘m
2459 3520 2652 3588 aliquae
2675 3523 2897 3590 tierent;
2924 3541 3008 3579 res
3048 3538 3171 3583 nata
3217 3533 3298 3587 vel
3321 3535 3405 3589 di-

151 3591 214 3640 τὸ
231 3591 556 3658 τικτόμενον
583 3587 642 3656 ἐξ
661 3593 840 3646 αὐτῶν
863 3593 984 3648 οὗτε
1018 3596 1246 3664 ἄγγελος
1272 3597 1396 3652 οὔτε
1422 3601 1725 3671 ἄνθρωπος,

151 3679 440 3732 τουτέστιν
467 3679 587 3754 οὔτε
615 3682 806 3751 θνητὸν
825 3683 954 3737 οὔτε
985 3685 1429 3753 ἀθάνατον,ηοῦτε
1460 3694 1728 3763 σαρκοφά-

156 3785 256 3836 ρον
279 3767 402 3821 οὔτε
424 3771 731 3840 ἀσώματον,
750 3773 936 3844 ὥσπερ
966 3776 1210 3845 ἡμίονος,
1232 3779 1353 3832 οὔτε
1375 3798 1727 3851 χρεμετιστι-

153 3858 254 3911 κόν
279 3859 446 3926 ἐστιν,
485 3859 607 3914 οὔτε
651 3864 1059 3942 όγκηθμητικόν
1081 3882 1094 3896 ⁶
1126 3868 1240 3922 ἀλλ’
1263 3870 1383 3924 οὐδὲ
1410 3874 1572 3940 μέσον
1603 3874 1729 3947 θνη-

152 3947 253 4000 τοῦ
279 3949 372 4000 καὶ
420 3940 713 4017 ἀθανάτου,
772 3955 893 4010 οὐδὲ
925 3956 1112 4012 ὲνύλου
1150 3961 1245 4013 καὶ
1299 3961 1496 4016 ἀΰλου·
1548 3940 1727 4038 οίγὰρ

152 4037 411 4104 γίγαντες
449 4042 544 4096 καὶ
572 4043 887 4112 ἐτελεύτων,
915 4050 1010 4102 καὶ
1034 4048 1208 4104 ένυλοι
1237 4052 1482 4125 ὑπῆρχον
1521 4037 1728 4129 ἀνθρωέ-

155 4145 277 4184 που.
309 4132 421 4186 Οὐκ
441 4133 548 4204 ἄρα
569 4137 708 4192 κατά
731 4139 985 4209 γέννησιν
1005 4142 1215 4212 ἀνδρῶν
1236 4145 1490 4213 ἀγγέλοις
1519 4150 1726 4204 συνιόν-

154 4238 293 4288 των,
323 4223 448 4278 ἄλλο
476 4241 528 4279 τι
561 4228 805 4298 ἐτίκτετο
841 4231 874 4302 ἦ
921 4234 1036 4286 ἐστι
1064 4235 1134 4288 τὰ
1161 4239 1486 4307 τικτόμενα,
1521 4243 1598 4310 πῆ
1629 4244 1728 4312 μὲν

154 4309 274 4362 τῶν
299 4311 592 4391 τικτόντων
624 4317 940 4395 μετέχοντα,
971 4325 1044 4392 πῆ
1064 4323 1120 4378 δὲ
1139 4323 1539 4385 διαλλάττοντα.
1575 4309 1728 4385 Διἀλο

155 4397 401 4454 λαττέτω
419 4401 509 4458 οὖν
526 4407 667 4460 κατὰ
678 4407 737 4462 τὸ
759 4409 949 4478 θνητὸν
965 4412 1056 4465 τοῦ
1076 4414 1382 4484 ἀνθρώπου,
1404 4420 1436 4490 ἢ
1456 4423 1728 4492 μετεχέτω

155 4490 305 4542 κατᾶ
334 4490 395 4542 τὸ
424 4492 640 4548 ἔνυλον·
690 4497 1050 4555 διαλλαττέτω
1094 4505 1269 4559 πάλιν
1309 4490 1542 4576 ἀγγέλου
1583 4490 1726 4568 κατὰ
1769 4546 1773 4549 -

153 4579 217 4632 τὸ
243 4579 532 4648 ἀθάνατον,
576 4585 670 4637 καὶ
689 4589 976 4657 ’μετεχέτω
1013 4593 1153 4646 κατὰ
1181 4593 1241 4646 τὸ
1271 4595 1560 4666 ἀσώματον
1584 4615 1598 4627 ·
1632 4604 1725 4654 καὶ

156 4669 302 4724 ἔστω
326 4672 534 4744 θνητὸν,
558 4675 823 4733 ἀθάνατον
841 4697 855 4710 ·
887 4681 981 4756 καὶ
1005 4681 1206 4749 ἔνυλον,
1230 4686 1547 4757 ἀσώματον·
1587 4693 1725 4748 ἀλλὰ

155 4762 418 4853 ἀδύνατον
449 4782 462 4796 ³
495 4768 670 4824 ἐνυλοι
721 4771 830 4843 γὰρ
870 4775 1046 4842 μόνως
1075 4777 1168 4830 καὶ
1215 4778 1400 4847 θνητοὶ
1448 4782 1722 4853 ἄνθρωποι

1831 3615 1984 3656 versa
2007 3618 2232 3671 prorsus
2250 3620 2278 3658 a
2303 3607 2543 3674 pariente
2567 3609 2735 3674 ﬁeret,
2761 3623 2928 3680 atque
2949 3615 3022 3670 ita
3054 3633 3154 3672 nec
3180 3624 3402 3690 angelus

1830 3701 1973 3748 esset
1991 3695 2262 3749 nechomo
2283 3697 2365 3761 ;id
2380 3705 2481 3763 est,
2508 3713 2684 3767 neque
2709 3703 2953 3758 mortalis
2971 3721 3144 3776 neque
3176 3710 3401 3768 immor-

1829 3782 1976 3847 talis,
1999 3799 2174 3854 neque
2198 3787 2430 3862 carnalis
2457 3804 2630 3857 neque
2654 3791 3041 3862 incorporalis;
3065 3800 3193 3854 muli
3210 3802 3398 3871 instar,

1829 3873 1921 3942 qui
1945 3890 2116 3944 neque
2139 3876 2414 3934 hinniendi
2440 3894 2615 3949 neque
2639 3884 2866 3939 rudendi
2889 3885 3195 3947 facultatem
3217 3894 3398 3954 habet.

1825 3963 1933 4042 Sed
1992 3981 2168 4036 neque
2196 3983 2284 4023 res
2323 3971 2496 4026 media
2534 3984 2678 4030 esset
2716 3976 2858 4032 inter
2910 3983 3194 4037 mortalem
3223 3994 3276 4041 et
3299 3987 3400 4042 im-

1829 4040 2132 4125 mortalem,
2149 4069 2203 4114 et
2223 4061 2363 4116 inter
2379 4064 2714 4120 materialem
2737 4076 2795 4122 et-
2812 4069 3240 4129 immaterialem.
3261 4077 3397 4134 Nam
3440 4115 3445 4117 -

1829 4145 2074 4215 gigantes
2093 4158 2240 4206 certe
2257 4159 2312 4204 et
2332 4154 2533 4207 mortui
2568 4166 2714 4224 sunt,
2741 4167 2794 4213 et
2826 4163 3133 4220 materiales
3153 4166 3402 4225 homines

1828 4237 2067 4293 luerunt.
2094 4237 2212 4296 Non
2261 4241 2442 4311 itaque
2461 4259 2527 4298 ex
2574 4245 2705 4302 viris
2752 4250 3075 4322 angelisque
3106 4262 3401 4324 generandi

1829 4343 1991 4385 causa
2049 4334 2404 4400 coeuntibus,
2443 4336 2681 4404 genitum
2725 4343 3030 4411 quidquam
3071 4347 3263 4405 fuisset
3315 4353 3402 4406 die

1826 4431 2041 4473 versum
2073 4435 2104 4473 a
2127 4421 2487 4490 gignentibus,
2521 4427 2666 4494 quod
2717 4431 2915 4497 partim
2946 4434 3167 4490 eosdem
3220 4441 3395 4506 parti-

1827 4508 2050 4577 ciparet,
2078 4513 2270 4579 partim
2301 4515 2653 4585 discreparet.
2686 4519 2814 4574 Esto
2841 4522 3006 4590 igitur
3035 4526 3162 4580 illud
3195 4529 3398 4585 discre-

1826 4609 1961 4668 pans
1983 4601 2052 4656 ab
2078 4604 2296 4660 homine
2319 4645 2333 4671 ,
2369 4616 2635 4675 quatenus
2678 4612 2766 4667 hic
2801 4623 2887 4670 est
2948 4619 3196 4674 mortalis
3234 4625 3401 4685 ;c'on-

1827 4700 1984 4757 gruat
2017 4703 2220 4758 autem,
2254 4708 2523 4766 quatenus
2580 4703 2721 4757 idem
2765 4716 2852 4760 est
2893 4710 3210 4767 materialis.
3268 4714 3400 4769 Esto

1826 4781 1942 4836 vice
1972 4800 2124 4839 versa
2161 4788 2475 4867 discrepans
2505 4794 2573 4848 ab
2607 4797 2818 4866 angelo,
2854 4811 3124 4869 quatenus
3182 4806 3272 4860 hic
3315 4819 3401 4863 est

158 4854 338 4924 μόνως
357 4851 494 4927 ἦσαν
518 4861 569 4912 ot
597 4862 853 4931 γίγαντες
874 4881 890 4895 ο
932 4867 1031 4919 οὐκ
1078 4868 1184 4940 ἄρα
1229 4871 1439 4939 ἀνδρῶν
1472 4851 1722 4944 ἀγγέλοις

1833 4872 2191 4942 immortalis;
2235 4892 2501 4950 congruat
2538 4896 2715 4942 autem
2744 4929 2758 4953 ,
2816 4901 3085 4959 quatenus
3120 4895 3259 4951 idem
3312 4911 3398 4954 est

157 4945 467 5015 συνιόντων,
494 4949 571 5017 πῆ
595 4952 696 5021 μὲν
728 4953 796 5007 τὰ
824 4957 1117 5027 τικτόμενα
1143 4962 1344 5015 τούτων
1373 4968 1609 5036 μετεῖχε,
1645 4970 1721 5040 πῆ

155 5037 213 5093 δὲ
244 5037 585 5107 διήλλαττενο
617 5041 751 5103 ἀλλά
772 5044 1060 5114 δέδεικται,
1087 5049 1169 5102 ὃτι
1196 5050 1478 5122 οὐδέτερόν
1497 5072 1547 5107 τι
1573 5037 1747 5127 παρά.

153 5129 354 5185 ταῦτα.
411 5133 526 5186 Οὐκ
576 5133 682 5202 ἄρα
712 5135 792 5204 ιὲκ
820 5138 1048 5192 συνόδων
1093 5141 1313 5210 ἀνδρῶν.
1335 5145 1429 5197 καὶ
1474 5147 1722 5215 ἀγγέλων

154 5218 381 5272 δυνατόν
423 5239 477 5278 τι
532 5225 820 5294 τεχθῆναι·
856 5229 938 5281 ὅτι
977 5230 1111 5300 μηδὲ
1158 5233 1306 5304 παρὰ
1337 5235 1408 5288 τὰ
1455 5239 1724 5308 εἰρημένα

154 5310 412 5382 τεχθῆναί
443 5333 495 5367 τι
523 5316 744 5372 δύναται
791 5319 853 5385 ἐξ
873 5310 1184 5392 ἑτεροειδῶν
1209 5340 1223 5354 ’
1263 5327 1378 5379 ἀλλ’
1411 5330 1529 5383 οὐδὲ
1567 5333 1726 5400 φύσιν

158 5399 271 5471 ἔχει
304 5403 364 5454 τὸ
386 5407 636 5475 πρᾶγμα.
680 5410 740 5460 Ei
771 5412 877 5476 γὰρ
926 5413 1017 5462 καὶ
1049 5412 1196 5482 δοθῇ,
1247 5415 1383 5486 ὅπερ
1420 5399 1721 5490 ἀμήχανον,

159 5493 314 5563 ἀνδρὶ
345 5499 696 5564 συγγενέσθαι
737 5501 984 5571 ἀγγέλῳ,
1026 5503 1084 5554 ὲν
1128 5506 1254 5575 ποίᾳ
1293 5510 1475 5580 μήτρᾳ
1519 5514 1726 5577 συνέξει

159 5585 253 5637 καὶ
292 5585 501 5649 ζωὼσει
532 5591 588 5642 τὸ
617 5595 910 5663 ἀσώματον
968 5595 1028 5648 τὸ
1064 5599 1255 5667 orbita;
1309 5601 1434 5670 ποίᾳ
1467 5603 1522 5656 δὲ
1566 5607 1725 5676 ὁμοίᾳ

232 5767 348 5841 (9i)
375 5769 544 5837 Negat
573 5773 717 5826 hunc
744 5791 865 5830 esse
910 5777 1426 5835 Mohamedanorum
1481 5802 1721 5841 erret-em

161 5835 794 5918 δεῖειηέιμεξέρρλείιημῃι).
833 5863 888 5911 ιι,
922 5847 1008 5910 15,
1041 5853 1424 5918 cctttemlitque
1457 5835 1719 5910 16ὸίήὴᾏὶ

161 5906 297 5962 Sura
341 5906 612 5986 XXXVII,
642 5911 762 5982 150,
793 5906 1129 5974 contrarium
1171 5906 1352 5990 potius
1394 5906 1714 5992 signiﬁcare;

1829 4964 2202 5034 incorporeus.
2266 4971 2441 5041 Atque
2493 4975 2567 5030 ita
2630 4980 2880 5046 mortale,
2923 4984 2993 5036 sit
3047 4985 3393 5054 immortale;

1829 5059 2128 5122 materiale,
2160 5063 2230 5115 sit
2257 5063 2625 5133 incorporeum
2658 5085 2671 5133 ;
2718 5072 2863 5140 quod
2898 5084 2983 5129 est
3032 5077 3387 5146 impossibile.

1829 5145 1963 5202 Nam
1995 5150 2238 5220 gigantes
2287 5155 2421 5210 nihil
2481 5159 2625 5213 aliud
2661 5159 2882 5219 luerunt
2934 5145 3390 5236 quamimateria-

1831 5239 1908 5294 les
1940 5245 2303 5312 mortalesque
2331 5249 2597 5306 homines.
2628 5252 2743 5308 Non
2770 5272 2903 5328 ergo
2951 5275 3016 5314 ex
3051 5261 3287 5316 virorum
3341 5276 3393 5318 et

1829 5336 2142 5404 angelorum
2177 5342 2463 5395 concubitu
2494 5344 2954 5420 quidquam-gigni
2985 5362 3159 5420 potest
3191 5372 3204 5418 ;
3240 5357 3387 5423 quia,

1829 5436 2022 5494 pmter
2068 5431 2233 5495 dicta,
2265 5434 2398 5487 nihil
2451 5450 2514 5489 ex
2568 5438 2940 5514 heterogcneis
2991 5445 3386 5514 gigni'potcst.
3446 5513 3449 5516 _

1828 5516 2012 5587 Neque
2044 5521 2183 5576 hanc
2213 5533 2400 5579 natura
2447 5541 2556 5582 rem
2591 5511 2811 5597 patitur.
2847 5532 2974 5584 Nam
3005 5511 3217 5590 sifortc
3259 5553 3391 5593 con-

1830 5613 2070 5679 cedatur,
2120 5617 2171 5670 id
2223 5619 2364 5684 quod
2425 5619 2535 5674 ficri
2578 5623 2808 5694 ncquit,’
2847 5625 2961 5676 viro
3017 5641 3139 5680 cum
3194 5632 3388 5699 angelo

1837 5790 2324 5878 Eccole.col..765
2365 5815 2486 5856 cum
2526 5803 2784 5878 adn.Jam
2823 5820 2942 5872 qua
2970 5807 3290 5878 Euthymius
3331 5811 3384 5865 in

1835 5861 2088 5933 I'anoplia
2108 5867 2258 5936 dicit,
2290 5884 2354 5924 ea
2389 5888 2454 5926 ex
2485 5884 2669 5929 nostro
2697 5861 2884 5932 Niccla
2918 5861 3116 5934 haurit.

3291 535 3399 598 782
3486 576 3490 580 ~
