3926 6308
605 325 707 389 783

1837 341 2122 405 ΝΙΕΕἩΕ
2145 333 2147 336 ’
2184 344 2488 406 ΒΥΖΛΝΤΙ
2501 348 2581 407 NI

3686 351 3799 417 7M

599 439 764 530 coire,
806 450 1035 503 quanam
1078 440 1127 493 in
1188 442 1340 497 vulva
1381 445 1729 517 incorporeus
1780 455 2048 523 concipiet
2084 471 2102 509 ι

2209 509 2210 515 η
2241 457 2335 509 καὶ
2362 458 2678 527 καταλλήλῳ
2718 459 2813 528 ὕλῃ
2844 459 3066 530 αὐξήσει
3093 461 3183 513 τὸν
3213 461 3406 528 όγκον;
3453 463 3570 525 πῶς
3597 463 3653 519 δὲ
3696 469 3797 519 καὶ

593 522 885 577 vivillcabit
919 541 1114 593 corpus
1170 528 1432 596 aliquod?
1491 551 1727 602 quanam
1793 522 1954 593 simili
2006 555 2139 592 con-

2240 546 2578 614 ὲγγαστρίως
2610 546 2858 614 περιάξει
2893 565 2909 610 ;
2972 547 3085 608 πῶς
3138 549 3193 602 δὲ
3232 551 3324 600 καὶ
3360 549 3683 617 γαλουχήσει
3736 551 3797 605 τδ

587 627 830 681 gruaque
857 618 1078 669 materia
1097 619 1310 685 augebit
1339 626 1585 690 concepti
1618 628 1807 680 molem
1828 630 1851 680 τ
1871 618 2102 698 quomod

2239 634 2444 700 χυμοὺς
2477 633 2797 698 θρεπτικοὺς
2828 632 3014 694 εἰωθὸς
3032 633 3364 686 ἐπισπᾶσθαι
3394 633 3533 696 ζῶον
3580 635 3612 703 ἡ
3641 636 3796 690 ἀναι-

585 702 639 754 in
673 711 827 755 utero
865 704 1208 759 circumferet
1235 708 1551 776 ?quomodo
1577 714 1796 768 lactabit
1821 717 1842 768 7
1869 718 2139 778 quomodo

579 791 864 842 nutritivos
895 791 1151 847 humores
1179 809 1366 863 sugere
1399 799 1561 852 solito
1599 803 1820 856 animali
1883 802 2138 871 suppedi-

576 877 705 930 tabit
731 882 1017 950 exsanguis
1037 891 1090 935 et
1119 883 1490 942 immaterialis
1521 890 1754 944 natura?
1785 891 1924 960 Ergo
1975 909 2137 963 ange-

2242 735 2339 785 μος
2384 720 2473 769 καὶ
2500 717 2660 780 ἄῦλος
2689 718 2877 787 φύσιςς
2933 722 3032 773 οὐκ
3061 723 3167 792 ἀρα
3198 723 3523 791 συλλήψεται
3565 722 3795 788 ἄγγελος

2239 804 2296 868 ἐξ
2328 806 2549 874 ἀνδρός·
2588 807 2700 860 ἀλλ’
2746 808 2865 860 οὐδὲ
2921 809 3141 863 δυνατὸν
3189 813 3340 880 ἀνδρὶ
3392 811 3609 880 ἀγγέλῳ
3660 813 3795 881 πρὸς

2239 897 2521 948 συνουσίαν
2546 895 2749 950 ἐλθεῖν*
2794 899 2964 978 ἁπτὸν
3002 900 3099 969 μὲν
3127 901 3233 972 γὰρ
3260 902 3320 954 τὸ
3343 904 3452 955 τῶν
3487 902 3793 971 ἀνθρώπων

576 969 656 1020 'us
687 983 748 1020 ex
784 971 894 1022 viro
934 987 1039 1024 non
1096 975 1384 1043 concipiet.
1428 976 1533 1032 Sed
1575 996 1748 1050 neque
1795 983 1909 1036 ﬁeri
1960 993 2102 1052 potes

2235 985 2410 1053 σῶμα,
2440 986 2648 1056 ἀναφὴς
2668 987 2722 1038 δὲ
2747 989 2773 1040 ό
2802 969 3029 1056 ἄγγελος
3049 1007 3062 1020 ο
3113 985 3156 1058 ᾧ
3206 969 3263 1045 δὲ
3298 995 3407 1062 ἀφῇ
3445 994 3541 1062 οὐχ
3593 969 3790 1047 {mh

571 1067 629 1109 ut
653 1059 732 1111 vir
762 1060 826 1111 ad
855 1061 1027 1126 angeli
1068 1065 1418 1120 concubitum
1452 1069 1669 1124 veniat:
1707 1072 1910 1140 quippe
1953 1072 2097 1125 homi

2231 1092 2374 1140 πτει,
2403 1077 2520 1129 οὐδὲ
2572 1079 2854 1148 μετέχεται
2891 1084 3019 1150 παρ’
3055 1083 3246 1135 αὐτοῦ’
3286 1059 3422 1136 eis:
3472 1059 3790 1154 μετέχεσθαι

565 1162 691 1198 num
758 1149 1015 1215 tangibile
1067 1166 1268 1220 corpus
1321 1164 1440 1217 est,
1496 1157 1828 1227 intangibilis
1880 1159 2122 1228 angelus.

2227 1169 2358 1235 παρ’
2386 1167 2546 1220 αὑτοῦ
2574 1169 2633 1220 οὺ
2663 1170 2881 1223 δύναται
2903 1171 3151 1238 ἄγγελος,
3182 1173 3298 1224 οὐδὲ
3327 1175 3464 1226 κατὰ
3499 1175 3787 1227 συνουσίαν

483 1236 487 1240 ’
563 1237 714 1301 Quod
743 1247 922 1293 autem
959 1241 1062 1294 sub
1116 1252 1320 1296 tactum
1377 1242 1483 1299 non
1520 1248 1684 1309 cadit,
1740 1249 1913 1302 eidem
1963 1250 2102 1303 homi

2223 1256 2379 1326 ἀνδρὶ
2432 1259 2858 1328 συνεισέρχεται.
2916 1236 3115 1325 Κακῶς
3173 1265 3262 1316 οὖν
3301 1264 3407 1334 ἄρα
3457 1266 3550 1317 καὶ
3579 1265 3792 1327 ἀσεϐῶς

560 1343 666 1381 non
697 1333 1083 1393 communicat,
1115 1331 1231 1387 Jam
1270 1335 1314 1388 si
1347 1337 1570 1404 angelus
1606 1337 1671 1390 ad
1703 1353 1820 1391 eam
1872 1352 2120 1392 commu-

557 1419 771 1472 nionem
800 1421 938 1474 trahi
976 1425 1182 1490 nequit,
1215 1439 1280 1477 ne
1313 1425 1414 1478 viri
1455 1428 1670 1495 quidem
1705 1428 1914 1495 copula:
1954 1429 2122 1483 obno-

2225 1347 2465 1415 Μωάμετ
2495 1348 2709 1417 θηλείας
2737 1351 3083 1420 τερατεύεται
3115 1353 3400 1420 ἀγγέλους,
3432 1354 3527 1406 καὶ
3566 1355 3791 1414 ταύταις

2227 1435 2543 1504 ἀνθρώπους
2566 1439 2841 1492 συνελθεῖν
2876 1440 3204 1510 βλασφημεῖ.

556 1512 678 1568 xius
711 1516 833 1568 erit.
864 1515 998 1569 Male
1042 1516 1207 1583 igitur
1256 1517 1524 1587 impieque
1548 1518 1896 1574 Moliamedes
1922 1522 2178 1594 conﬁngit
2213 1525 2442 1584 feminas
2467 1531 2705 1600 angelos,
2737 1540 2935 1586 etcum
2983 1532 3068 1586 his
3099 1531 3340 1600 cepulari
3366 1531 3615 1587 homines
3643 1532 3789 1589 blas-

551 1609 789 1675 phemat.

559 1701 742 1756 XXIII.
780 1703 1036 1779 Adversus
1066 1704 1299 1779 eumdem
1330 1705 1584 1779 dicentem
1610 1707 1740 1760 nihil
1775 1707 1943 1760 valere
1986 1723 2102 1760 san-

2211 1709 2336 1763 Kl".
2366 1710 2519 1777 Πρὸς
2540 1711 2648 1763 τὸν
2674 1711 2859 1763 αὑτὸν
2877 1711 3134 1779 λέγοντα
3156 1710 3350 1777 μηδὲν
3382 1710 3622 1778 ἰσχύειν
3671 1707 3788 1779 τὴν

620 1783 843 1838 ειονυνη,
876 1775 964 1843 qui
1001 1777 1054 1826 in
1087 1776 1214 1828 cwlo
1245 1783 1364 1828 sunt
1387 1812 1401 1838 ,
1436 1776 1737 1845 angelorum
1788 1779 2112 1831 intercessio-

579 1854 591 1863 ‘
621 1859 760 1895 Item.

617 1931 704 1984 88.
731 1930 841 1985 Nisi
862 1931 1206 1987 Moliamedes
1237 1931 1524 1988 confessus
1556 1932 1751 1989 fuisset
1790 1934 2109 2003 angelorum

547 2021 1030 2084 intercessionem,
1065 2023 1418 2090 qumrendum
1472 2022 1612 2076 foret
1643 2037 1768 2074 nam
1827 2021 1941 2090 ipse
1991 2037 2111 2076 eam

546 2111 658 2162 ﬁeri
699 2124 854 2177 posse
909 2109 1268 2163 existimaret.
1325 2109 1428 2163 Sed
1490 2109 1616 2178 quia
1657 2110 1795 2163 hanc
1842 2110 2107 2174 concedit,

542 2199 636 2253 sed
673 2199 913 2252 inutilem
948 2198 1173 2252 aliirmat
1220 2215 1235 2264 ;
1268 2200 1616 2267 quaerendum
1661 2208 1927 2268 superest,
1959 2214 2107 2268 qua:-

543 2309 666 2346 nam
699 2293 862 2361 hujus
897 2291 1265 2347 frustrationis
1298 2306 1461 2346 causa
1491 2292 1583 2345 sit.
1607 2290 1741 2344 Nam
1777 2292 1820 2344 si
1849 2292 1962 2345 haec
1990 2290 2112 2359 qui-

540 2388 662 2437 dem
697 2384 820 2436 talis
856 2393 957 2450 est,
997 2382 1049 2435 id
1085 2383 1144 2436 ﬁt
1173 2381 1255 2434 vel
1288 2381 1414 2449 quia
1451 2379 1593 2433 Deus
1646 2363 2002 2454 implacabilis
2030 2386 2110 2433 est

538 2490 699 2544 prece
727 2474 968 2543 qualibet
1001 2490 1016 2539 ;
1062 2472 1145 2527 vel
1184 2473 1310 2541 quia
1348 2471 1524 2541 angeli
1579 2469 1872 2538 improprie
1918 2479 2107 2538 postu-

538 2565 672 2619 lant.
704 2563 857 2619 Nunc
889 2565 1015 2633 quia
1063 2565 1218 2632 prius
1266 2563 1402 2617 illud
1462 2576 1529 2617 ne
1565 2560 1936 2615 Moliamedem
1985 2560 2106 2629 qui-

535 2660 659 2711 dem
687 2657 973 2711 admittere
1000 2665 1215 2711 constat
1259 2671 1325 2711 ex
1360 2655 1480 2725 ejus
1514 2656 1582 2709 ad
1636 2670 1825 2724 preces
1856 2655 2108 2709 adliorta~

538 2748 799 2811 tionibus,
833 2754 1077 2815 superest
1103 2756 1163 2800 ut
1216 2755 1492 2814 putemus,
1525 2745 1768 2814 angelos,
1822 2752 2108 2814 propterea

536 2838 679 2906 quod
719 2837 854 2890 male
874 2844 1080 2905 petunt,
1099 2850 1205 2889 non
1236 2836 1496 2890 exaudiri.
1519 2835 1685 2904 Atqui
1723 2835 1863 2888 male
1906 2845 2106 2903 petere,

538 2931 678 2983 item
711 2938 793 2983 est
840 2944 902 2983 ac
932 2928 1070 2982 male
1097 2927 1268 2982 velle:
1293 2934 1421 2981 sunt
1463 2941 1592 2995 ergo
1619 2924 1794 2994 angeli
1829 2924 2102 2979 malevoli.

3608 1776 3787 1846 ἀττέ-

2280 1780 2601 1845 πρεσϐείαν
2661 1780 2780 1833 τῶν
2856 1782 2927 1833 ἐν
2991 1782 3272 1847 οὐρανοῖς
3349 1781 3534 1849 ἁγίων

2280 1852 2406 1901 λων
2435 1849 2572 1916 (92).

2280 1936 2392 2006 σπη’.
2427 1938 2489 1990 EI
2522 1938 2620 2008 μὲν
2647 1937 2806 2002 αὐτὸς
2836 1939 2934 2008 οὐχ
2963 1939 3226 2009 ὡμολόγει
3256 1938 3550 2008 πρεσϐείαν
3609 1937 3781 2005 ἀγγέ-

2211 2027 2336 2090 λων,
2363 2026 2605 2093 ἐζητεῖτο
2631 2027 2694 2080 ἂν
2736 2030 2784 2080 εἰ
2813 2030 2919 2098 ἄρα
2952 2030 3101 2081 ἐστὶν
3131 2028 3278 2096 αὐτῷ
3311 2027 3573 2090 δοξαστόν
3593 2042 3607 2054 ·
3630 2028 3784 2079 tusco

2210 2115 2273 2185 δὴ
2298 2116 2352 2168 δὲ
2376 2114 2531 2167 τοῦτο
2558 2115 2737 2168 δίδωσι
2767 2117 2888 2182 μὲν,
2923 2117 3177 2187 ἀνόνητον
3207 2118 3263 2170 δὲ
3288 2118 3456 2186 αὐτὴν
3490 2117 3782 2182 ἀποφαίνε-

2210 2223 2318 2270 ται,
2361 2205 2624 2274 ξητείσθω
2655 2206 2839 2259 λοιπὸν
2872 2208 2954 2269 τίς
2985 2210 3018 2276 ἠ
3056 2209 3200 2260 αἰτία
3225 2208 3322 2276 τῆς
3349 2206 3649 2276 ἀποτυχίας
3678 2204 3779 2257 αὖ·

2209 2280 2309 2363 τῆς
2328 2312 2342 2328 ·
2368 2299 2416 2350 εἰ
2439 2297 2545 2365 ἀρα
2577 2296 2669 2349 καὶ
2696 2296 2847 2349 ἔσται
2867 2313 2880 2327 ο
2913 2299 3028 2366 ἦτοι
3052 2299 3150 2367 μὲν
3172 2297 3280 2367 γὰρ
3296 2297 3610 2367 ἀμείλικτός
3631 2297 3778 2348 ἐστιν

2207 2382 2235 2435 ό
2259 2381 2390 2442 Θεὸς
2415 2381 2506 2433 ἐπὶ
2528 2383 2674 2452 πάσῃ
2698 2384 2944 2453 αἰτήσει,
2977 2384 3009 2454 ἢ
3040 2385 3256 2452 ἄγγελοι
3286 2385 3569 2446 ἀνοικείως
3592 2383 3776 2435 aito-3—

2210 2487 2312 2522 σιν.
2343 2470 2497 2524 Ἐπεὶ
2516 2471 2571 2524 δὲ
2599 2472 2660 2524 τὸ
2688 2473 2902 2542 πρῶτον
2926 2474 3044 2526 οὐδὲ
3072 2473 3234 2536 αὐτὸς
3253 2473 3593 2542 ἀποδέχεται,
3619 2473 3775 2542 δῆλον

2209 2562 2272 2614 ὲκ
2302 2561 2394 2615 τοῦ
2430 2566 2713 2632 παραινεῖν
2752 2563 3036 2634 εὔχεσθαι·
3085 2564 3328 2616 λείπεται
3367 2563 3477 2633 ἄρα
3525 2566 3638 2626 τοῖς
3672 2565 3775 2630 ἀγ-

2209 2653 2383 2722 γέλοις
2407 2654 2612 2708 οἴεσθαι
2661 2654 2842 2719 κακῶς
2874 2656 3111 2708 αἰτοῦσιν
3139 2657 3213 2727 μὴ
3252 2655 3546 2709 ἀκούεσθαι
3569 2672 3584 2683 '
3620 2656 3680 2706 τὸ
3713 2655 3769 2706 δὲ

2209 2745 2392 2807 κακῶς
2437 2746 2720 2810 αἰτεῖσθαι,
2775 2747 2967 2799 ταυτὸν
3023 2747 3100 2816 τῷ
3150 2747 3333 2807 κακῶς
3364 2745 3539 2798 θέλειν
3583 2744 3768 2797 ἐστίν·

2209 2833 2346 2887 ὥστε
2378 2835 2516 2887 κατά
2554 2835 2750 2888 ταυτὸν
2799 2835 3114 2898 κακοθελείς
3154 2837 3201 2888 oi
3235 2835 3456 2903 ἄγγελοι
3483 2852 3500 2869 ο
3535 2834 3771 2888 κακοθεα

2207 2922 2302 2991 λὴς
2321 2922 2375 2974 δέ
2407 2921 2520 2974 ὲστί
2546 2939 2630 2983 τις
2677 2921 2710 2990 ἢ
2739 2921 2798 2986 ἐξ
2824 2922 3041 2989 ἀγνοίας
3062 2961 3076 2985 ,
3107 2923 3141 2992 ἢ
3179 2925 3242 2975 ὲκ
3280 2923 3614 2993 μοχθηρίας·
3641 2923 3772 2986 πῶς

532 3019 827 3074 Malevolus
877 3027 1054 3072 autem
1087 3017 1283 3086 aliquis
1310 3025 1412 3080 est,
1443 3017 1527 3071 vel
1557 3032 1620 3070 ex
1653 3016 1885 3077 inscitia,
1927 3015 2009 3068 vel
2039 3030 2102 3069 ex

2209 3013 2261 3065 δέ
2289 3030 2371 3074 τις
2397 3012 2532 3072 ὅλως
2555 3012 2710 3081 οἰηθῇ
2736 3012 2842 3064 τῶν
2868 3012 3290 3081 εὐφρονούντων
3313 3015 3370 3065 ὲν
3405 3013 3598 3084 ἀγνοίᾳ
3631 3009 3771 3066 εἶναι

541 3111 905 3180 improbitate.
939 3108 1321 3163 Verumtamen
1345 3107 1468 3177 quis
1497 3107 1753 3162 cordatus
1801 3106 2095 3168 existimet,

533 3204 584 3256 in
631 3197 932 3268 ignorantia
986 3196 1113 3249 boni
1173 3194 1378 3249 versari
1425 3194 1548 3249 illos
1577 3194 1672 3264 qui
1732 3194 1834 3263 ipsi
1892 3193 2098 3246 innatze

528 3289 807 3358 sapientiae
834 3295 1005 3340 astant
1030 3285 1052 3337 ?
1078 3284 1352 3353 quomodo
1375 3283 1502 3337 item
1557 3283 1729 3336 malos
1759 3298 1851 3337 eos
1882 3281 2099 3351 judica-

528 3377 627 3441 bit,
668 3377 760 3444 qui
788 3389 1002 3429 summo
1053 3373 1414 3441 bonojugitcr
1471 3371 1834 3425 saturantur?
1870 3368 2025 3434 Quod
2054 3367 2099 3447 si

530 3469 644 3522 haec
669 3464 1027 3534 impossibilia
1059 3473 1205 3526 sunt,
1241 3463 1499 3516 mentitur
1525 3461 1643 3516 sine
1687 3462 1852 3515 dubio
1906 3460 2097 3513 Molia-

531 3557 758 3622 mcdcs;
800 3556 908 3608 imo
950 3570 1075 3608 vero
1108 3554 1468 3623 blasphemat,
1495 3553 1714 3607 inutiles
1743 3552 1930 3607 dicens
1975 3565 2099 3605 san-

529 3658 740 3700 ctorum
768 3645 1081 3711 angelorum
1114 3644 1554 3697 intercessiones.

529 3735 719 3791 XXIV.
755 3737 1014 3790 Adversus
1065 3735 1297 3786 eumdem
1340 3733 1615 3797 dicentem,
1665 3734 1830 3787 Deum
1869 3734 2094 3787 solidum

670 3823 816 3869 esse;
843 3815 889 3858 et
915 3819 1071 3874 neque
1099 3805 1358 3868 genuisse,
1385 3819 1542 3871 neque
1565 3805 1794 3872 genitum
1824 3820 1951 3856 esse.

610 3967 698 4021 8.9.
719 3964 817 4027 Qui
839 3961 1020 4015 omnia
1038 3959 1290 4030 produxit
1328 3957 1406 4025 ex}
1430 3957 1616 4019 nihilo,
1645 3957 1802 4010 rebus
1820 3970 1848 4008 a
1868 3969 1923 4010 se
1947 3954 2100 4007 factis

541 4069 765 4122 prorsus
816 4061 868 4105 et
909 4052 1118 4104 inﬁnite
1147 4049 1302 4102 debet
1340 4063 1434 4116 per
1474 4046 1654 4100 omnia
1701 4061 1820 4098 esse
1871 4044 2097 4109 melior,

547 4141 873 4203 substantia,
899 4140 1120 4203 viribus,
1141 4134 1821 4202 voluntate,perpetuitatc,
1847 4131 2095 4183 clﬁcacia.

538 4231 691 4296 Quod
714 4232 756 4282 si
777 4231 846 4282 ita
867 4239 1089 4291 nonest,
1108 4245 1173 4280 ne
1187 4228 1443 4295 produxit
1460 4226 1674 4293 quidem
1694 4225 1812 4276 illas
1827 4240 1888 4276 ex
1908 4223 2094 4274 nihilo.

2203 3095 2296 3150 τοῦ
2325 3096 2527 3166 ἀγαθοῦ
2563 3100 2686 3158 τοὺς
2730 3099 3161 3170 παρεστῶταςτῇ
3197 3101 3519 3172 αὑτοσοφίᾳ;
3554 3101 3668 3162 πῶς
3707 3101 3770 3168 ,δὲ

2203 3184 2296 3236 καὶ
2318 3185 2620 3254 μοχθηροὺς
2646 3184 2771 3246 τοὺς
2798 3185 2859 3236 τὸ
2890 3187 3091 3253 ἀγαθὸν
3133 3188 3342 3250 ἀενάως
3401 3188 3764 3257 ὲμπιπλωμέ-

2201 3293 2360 3342 νους;
2395 3277 2455 3328 Εἰ
2485 3277 2540 3328 δὲ
2577 3277 2750 3331 ταῦτα
2777 3278 3031 3343 ἀδύνατα,
3081 3278 3337 3346 ψεύδεται
3367 3280 3474 3349 ἄρα
3503 3281 3768 3349 Μωάμετ,

2206 3368 2404 3437 μᾶλλον
2462 3366 2518 3419 δὲ
2582 3366 2921 3443 βλασφημεῖ,
2956 3356 3264 3438 ’ἀνωφελεῖς
3308 3371 3408 3434 τὰς
3451 3371 3557 3423 τῶν
3599 3371 3768 3439 ἁγίων

2201 3457 2446 3525 ἀγγέλων
2471 3457 2768 3527 πρεσὸείας
2789 3458 3241 3528 ἀποφαινόμενος.

2204 3732 2326 3784 KA'.
2365 3730 2516 3796 Πρὸς
2541 3731 2646 3782 τὸν
2683 3729 2868 3782 αὐτὸν
2894 3728 3147 3798 λέγοντα
3170 3745 3182 3757 ·
3231 3729 3294 3780 Ὀ
3326 3717 3468 3793 Θεὸς
3495 3731 3756 3798 (5.1605511-

2265 3801 2374 3863 ρός
2414 3799 2521 3865 (95)
2582 3800 2786 3850 ἐστιν·
2843 3801 2953 3850 οὐκ
3011 3797 3371 3864 ἐγέννησεν,
3433 3801 3542 3851 οὐκ
3598 3797 3760 3867 ἐγεν-

2269 3869 2441 3933 νήθη.
2471 3915 2476 3920 .

2272 3956 2377 4010 πθ’.
2424 3957 2479 4009 Ὀ
2498 3957 2672 4009 πάντα
2706 3955 3040 4025 παραγαγὼν
3069 3955 3125 4018 ἐξ
3155 3956 3252 4007 οὐκ
3279 3955 3464 4020 ὄντων,
3501 3958 3762 4024 κρείττων

2200 4045 2488 4112 ἀπειράκις
2519 4045 2624 4096 τῶν
2664 4045 3011 4115 πραχθέντων
3057 4047 3119 4095 ὲκ
3169 4043 3365 4106 παντὸς
3397 4045 3459 4096 ἂν
3494 4049 3576 4113 εἴη
3622 4047 3758 4099 κατὰ

2201 4135 2394 4196 πάντα,
2432 4134 2604 4203 οὐσίᾳ,
2633 4135 2876 4200 δυνάμει,
2908 4134 3141 4202 θελήσει,
3179 4137 3457 4204 ἀῖδιότητι,
3489 4139 3580 4189 καὶ
3605 4141 3756 4207 ἐνερ-

2199 4223 2350 4291 γείᾳ·
2381 4225 2426 4273 εἰ
2451 4224 2557 4290 γὰρ
2597 4222 2692 4290 μὴ,
2729 4223 2847 4273 οὐδὲ
2881 4221 2939 4286 ἐξ
2965 4224 3064 4275 οὐκ
3095 4224 3259 4277 ὄντων
3310 4226 3446 4278 αὐτὰ
3477 4229 3713 4293 παράγει
3741 4243 3753 4254 ·

539 4321 688 4385 Quod
731 4322 897 4372 sinon
933 4319 1201 4386 produxit,
1236 4317 1419 4369 eadem
1460 4329 1521 4368 ac
1557 4315 1643 4367 ille
1671 4313 2094 4381 sempiternitate

2209 4315 2243 4364 εἰ
2275 4315 2328 4364 δὲ
2360 4314 2432 4381 μὴ
2476 4315 2718 4382 παράγῃ.
2756 4315 2851 4382 τῆς
2878 4315 3047 4383 αὐτῆς
3074 4317 3166 4367 τοῦ
3207 4317 3374 4368 ἀϊδίου
3405 4320 3498 4370 καὶ
3523 4321 3756 4388 ἀνάρχου

537 4422 588 4465 et
621 4413 735 4464 sine
766 4409 1030 4479 principio
1059 4408 1227 4477 gloria
1261 4415 1466 4461 cunctae
1508 4420 1592 4458 res
1642 4413 1768 4458 sunt
1813 4401 2043 4469 praeditas
2075 4419 2088 4453 :

539 4519 664 4570 ergo
687 4504 844 4556 etiam
887 4501 1090 4554 viribus
1140 4512 1296 4567 pares
1344 4506 1487 4562 sunt,
1537 4505 1590 4550 et
1647 4497 1794 4547 illum
1827 4497 1919 4563 qui
1973 4494 2092 4548 sine

539 4591 692 4643 initio
720 4599 800 4643 est
819 4596 1122 4656 exaequant.
1155 4586 1307 4650 Quod
1341 4586 1384 4638 si
1417 4600 1571 4653 pares
1613 4583 2014 4646 habenuyires,
2046 4583 2090 4635 is

535 4681 748 4747 quidem
796 4678 886 4746 qui
938 4677 1141 4744 absque
1181 4675 1331 4728 initio
1379 4681 1494 4735 est,
1529 4673 1665 4725 idem
1704 4679 1784 4723 est
1825 4670 1966 4738 quod
2003 4684 2087 4722 res

538 4781 742 4824 caelone
801 4782 1008 4820 omnes.
1067 4765 1224 4832 Atqui
1263 4765 1504 4816 videmus
1544 4763 1683 4814 haud
1735 4762 1909 4812 omnia
1963 4774 2088 4826 qua-

537 4874 689 4914 tenus
735 4860 951 4920 omnia,
1002 4857 1092 4910 sed
1154 4864 1406 4922 tanquam
1457 4868 1621 4912 unum
1678 4852 1857 4903 omnia
1906 4865 2089 4903 move-

538 4955 618 5017 ri;
656 4953 754 5004 etsi
789 4950 1033 5017 qumdam
1088 4949 1225 4999 inter
1276 4944 1474 5008 omnia,
1533 4943 1753 4995 meliora
1803 4941 2082 5002 ~videntur,

535 5043 777 5109 quantam
811 5054 936 5091 vero
971 5037 1258 5090 deteriora.
1297 5034 1397 5088 Sed
1425 5035 1554 5086 nihil
1598 5046 1782 5084 eorum
1833 5031 2087 5082 immuta-

538 5133 638 5183 bile
662 5130 848 5184 estvel
877 5128 1144 5181 immobile
1179 5145 1191 5178 :
1228 5126 1362 5179 adeo
1397 5135 1452 5176 ut
1501 5123 1545 5176 si
1574 5122 1754 5173 omnia
1796 5122 2083 5184 alternam,

537 5235 634 5272 nec
667 5217 932 5286 quatenus
985 5217 1163 5268 omnia
1193 5223 1338 5276 sunt,
1366 5219 1672 5273 moventur,
1704 5210 1793 5262 sed
1832 5218 2087 5277 tanquam

535 5323 722 5370 unum,
751 5322 852 5361 nou
883 5314 1008 5360 sunt
1035 5306 1212 5359 omnia
1247 5301 1393 5370 paria
1422 5301 1470 5354 ei
1501 5301 1591 5366 qui
1625 5301 1737 5353 sine
1776 5300 1928 5352 initio
1958 5309 2072 5356 est:

604 5499 711 5568 (οξ)
736 5499 858 5552 Sur.
883 5498 1022 5558 xm,
1052 5498 1141 5551 es.

603 5563 714 5637 (95)
743 5568 872 5621 Cod.
903 5568 1217 5637 dMacpa_tpo;
1248 5564 1337 5637 hic
1364 5572 1416 5616 ct
1438 5563 1603 5637 infra.
1645 5563 1892 5615 Attamen
1947 5579 2080 5617 con-

535 5648 636 5692 stat
666 5631 1006 5691 si-ribendum
1042 5634 1204 5688 fuisse
1237 5634 1545 5702 όλόσφυρος.
1578 5631 1694 5685 Iam
1729 5647 1851 5686 vero
1894 5641 1945 5686 ct
1987 5649 2077 5685 su-

3183 4408 3195 4426 ν

2193 4404 2462 4466 εὐκλείας,
2491 4403 2559 4454 τὰ
2589 4406 2762 4456 πάντα
2814 4405 3068 4474 τυγχάνει
3096 4423 3106 4436 ·
3145 4407 3335 4460 οὐκοῦν
3368 4409 3459 4460 καὶ
3491 4411 3754 4478 ἰσοσθενῆ,

2191 4494 2284 4544 καὶ
2312 4495 2750 4545 συνεπεκτείνετο
2784 4492 2847 4546 ἂν
2897 4495 2974 4560 τῷ
3008 4497 3226 4564 ἀνάρχῳ
3249 4512 3261 4525 ·
3295 4498 3343 4547 εἰ
3370 4498 3426 4548 δὲ
3473 4499 3752 4559 ίσοσθενεῖ,

2189 4581 2340 4632 ἔσται
2371 4583 2465 4635 καὶ
2502 4584 2528 4633 ὁ
2579 4583 2810 4652 ἄναρχος
2862 4583 3051 4646 ταυτὸς
3091 4590 3200 4646 τοῖς
3236 4588 3419 4640 πᾶσιν.
3461 4587 3620 4640 Ἀλλά
3650 4588 3755 4656 μὴν

2186 4671 2398 4741 ὁρῶμεν
2431 4672 2526 4740 οὐχ
2549 4673 2620 4734 ὡς
2648 4673 2822 4725 πάντα
2855 4673 2920 4725 τὰ
2942 4675 3137 4738 πάντα,
3171 4675 3282 4726 ἀλλ’
3303 4676 3374 4737 ὡς
3403 4677 3460 4726 ἓν
3489 4677 3556 4728 τὰ
3583 4679 3752 4729 πάντα

2187 4761 2461 4829 ἀγόμενα·
2500 4763 2675 4813 καίτοι
2717 4763 2751 4815 ἃ
2780 4763 2875 4831 μὲν
2902 4765 2958 4814 ὲν
2992 4767 3102 4826 τοῖς
3148 4767 3280 4816 πᾶσι
3331 4767 3566 4834 κρείττω
3615 4767 3756 4817 δοκεῖ

2189 4851 2350 4916 εἶναι,
2379 4853 2413 4906 ἃ.
2445 4854 2499 4905 δὲ
2527 4855 2690 4923 χείρω
2713 4871 2725 4883 ⁸
2758 4855 2869 4906 ἀλλ’
2899 4856 3050 4907 οὐδὲν
3079 4856 3254 4908 αὐτῶν
3287 4856 3641 4908 ἀναλλοίωτον
3667 4860 3754 4908 καὶ

2188 4943 2616 5012 ἀμετακίνητονο
2654 4943 2788 4994 ὥστε
2831 4946 2878 4996 εί
2917 4945 2984 4996 τὰ
3028 4945 3205 4998 πάντα
3245 4945 3485 5014 ἀμείὸει,
3523 4949 3615 4997 καὶ
3661 4948 3754 5015 οὐχ

2188 5033 2261 5094 ὡς
2297 5033 2471 5084 πάντα
2494 5035 2703 5099 ἄγεται,
2734 5034 2846 5085 ἀλλ’
2870 5034 2944 5096 ὡς
2972 5035 3048 5098 ἓν,
3079 5036 3177 5087 οὑκ
3212 5037 3456 5104 ἰσοσθενῆ
3486 5039 3553 5088 τὰ
3582 5040 3751 5088 πάντα

2187 5122 2264 5190 τῷ
2295 5122 2512 5190 ἀνάρχῳ
2533 5138 2545 5150 ·
2572 5125 2617 5172 εἰ
2649 5122 2703 5172 δὲ
2745 5123 2818 5191 μὴ
2850 5123 3118 5191 ἰσοσθενῆ,
3166 5124 3282 5175 οὐδὲ
3320 5126 3590 5176 συναῖδια·
3631 5129 3676 5177 εἰ
3701 5128 3753 5177 δὲ

2196 5213 2269 5281 μὴ
2302 5211 2565 5275 συναῒδια,
2597 5213 2723 5263 ὄντα
2753 5212 2828 5278 δὲ,
2877 5213 3025 5282 παρά
3077 5213 3168 5264 τοῦ
3220 5214 3456 5282 ἀνάρχου
3518 5215 3754 5281 δηλονότι

2187 5302 2429 5371 προήχθη
2453 5319 2465 5331 ⁸
2503 5304 2550 5352 εἰ
2581 5302 2634 5352 δὲ
2664 5303 2821 5365 αὐτὸς
2850 5304 3023 5355 πάντα
3054 5305 3308 5373 παράγει,
3361 5305 3627 5373 κρείττων
3657 5309 3755 5374 ἄρα

2192 5497 2373 5564 perius
2393 5495 2520 5558 (col.
2547 5497 2694 5565 776),
2720 5507 2772 5551 et
2798 5499 2897 5551 hoc
2924 5500 3084 5552 etiam
3108 5498 3590 5566 loco,palinodiam
3619 5503 3757 5553 canit

2189 5575 2374 5639 auctor
2398 5566 2611 5639 illorum
2645 5582 2761 5639 (illa).
2807 5583 3080 5639 perperam
3131 5571 3420 5636 scripserat
3465 5566 3602 5636 (col.
3637 5571 3758 5639 708)

2189 5634 2251 5686 dc
2282 5633 2497 5688 Arabici
2525 5633 2763 5689 vocabuli
2794 5636 3114 5706 signiﬁcatu.
