3926 6308
139 269 259 333 785
1243 271 1672 332 BEFUTATIO
1711 272 2160 333 MOHAMEDIS
2515 304 2517 308 -
3288 275 3391 336 786

137 378 444 447 ἀπειράκις
472 374 990 450 τῶνγπαραχθέντων
1019 377 1080 431 ἐκ
1112 379 1308 442 παντὸς
1354 382 1420 434 ἂν
1450 382 1535 449 είη
1571 381 1700 434 κατᾶ

1814 382 1954 450 quod
1982 381 2029 435 si
2065 381 2290 450 imparia
2313 379 2539 444 viribus,
2581 395 2648 434 ne
2680 390 2946 436 coaeterna
2976 381 3192 450 quidem
3221 395 3349 438 sunt
3375 403 3389 439 :

137 466 351 531 πάντα,
377 467 554 536 οὐσίᾳ,
589 466 836 536 δυνάμει,
867 468 1145 538 ἀῖδιότητι,
1180 469 1415 540 θελήσει,
1449 473 1543 527 καὶ
1572 475 1700 542 ἐνερ

1825 474 1969 544 quod
2001 474 2045 528 si
2075 487 2183 526 non
2207 481 2476 527 coaeterna
2511 481 2656 538 sunt,
2685 482 2737 526 et
2768 481 2948 527 tamen
2985 472 3279 538 exsistunt,
3304 489 3391 526 sc-
3426 471 3431 476 ’

136 557 299 627 γείᾳ.
347 557 561 628 Ἐπειδὴ
586 556 644 610 δὲ
670 557 797 628 τρία
829 557 942 624 εῐδη
966 559 1096 628 γένη
1124 560 1221 629 τῆς
1244 562 1452 627 οὐσίας,
1471 563 1630 633 σῶμά
1659 580 1700 615 τε

1828 567 2016 635 quitur
2050 572 2109 618 ut
2137 564 2206 618 ab
2234 578 2300 618 eo
2329 563 2420 632 qui
2452 560 2570 617 sine
2599 562 2754 617 initio
2776 572 2860 636 est
2889 563 3146 633 producta
3173 562 3390 616 fuerint.

135 647 236 699 καὶ
265 645 562 715 ἀσώματον
591 650 685 701 καὶ
716 649 776 701 τὸ
799 651 863 702 ὲκ
885 649 1089 702 τούτων
1122 652 1310 720 μικτόν
1337 669 1351 685 ο
1387 654 1720 724 γνωριστικὰ

131 733 217 796 δὲ,
247 735 506 804 σώματος
533 736 655 806 μὲν,
684 737 745 790 τὸ
767 739 927 809 τριχῆ
945 738 1244 804 διαστατδν,
1276 740 1336 794 τὸ
1369 742 1592 805 πυκνὸν,
1624 744 1719 797 καὶ

131 825 198 877 τὸ
224 827 434 894 μανόν’
472 828 770 898 ἀσωμάτου
802 829 881 894 δὲ,
923 829 986 882 τὸ
1013 831 1089 901 μὴ
1126 822 1402 902 πανταχοῦ
1435 835 1714 904 παρεῖναι,

131 914 234 965 καὶ
280 917 359 984 μὴ
404 916 629 986 ὑπὲριτὺ
658 919 784 980 πᾶν,
815 920 864 972 εί
892 920 985 972 καὶ
1030 919 1342 991 ἀσώματον,
1371 922 1507 975 ἀλλὰ
1559 940 1718 991 περι-

130 1003 389 1070 γραπτδν
411 1004 505 1057 καὶ
531 1004 663 1058 αὐτὸ
692 1005 905 1087 πάντως
922 1007 1000 1062 δν.
1044 1008 1164 1061 Ἐπὶ
1179 1008 1236 1061 δὲ
1262 1010 1361 1078 τῆς
1382 1009 1715 1080 δημιουργοῦ

128 1093 353 1158 οὐσίας,
384 1093 436 1146 τί
464 1094 739 1166 δώσομεν;
781 1098 980 1167 μᾶλλον
1008 1099 1064 1152 δέ
1095 1100 1230 1170 πρὸς
1258 1101 1436 1166 τοῦτο,
1468 1103 1516 1154 εί
1545 1102 1717 1157 ταῦτα

128 1182 297 1235 οὐσία
327 1183 575 1252 λέγονταί
594 1202 654 1238 τε
683 1188 778 1240 καὶ
800 1187 928 1253 sict,
969 1188 1027 1242 τὸ
1058 1189 1234 1243 ταῦτα
1265 1193 1588 1260 πεποιηκὸς,
1641 1191 1718 1254 ὡς

127 1275 429 1338 δέδεικται,
464 1277 517 1330 τί
542 1276 716 1344 ἔσται,
767 1281 862 1341 καὶ
881 1281 935 1334 τί
959 1281 1092 1335 αὐτὸ
1140 1283 1515 1353 ὀνομάσομενς
1563 1285 1716 1338 οὐδὲν

130 1365 238 1434 μὲν
268 1367 382 1437 γὰρ
406 1366 597 1436 ἕξομεν
637 1368 926 1438 ὁριστικῶς
950 1387 963 1400 ⁸
1010 1372 1070 1438 ἐξ
1122 1373 1466 1443 ὑπερθέσεως
1496 1373 1552 1427 δὲ
1589 1374 1715 1426 τού-

127 1469 241 1506 των
282 1457 798 1527 προσαγορεύσομεν
847 1460 1190 1529 ὑπερούσιον.
1248 1465 1312 1516 Εἰ
1343 1463 1437 1516 οῦν
1485 1463 1715 1533 ὑπερθύ-

129 1545 306 1607 σιοςὸ
348 1549 711 1618 Δημιουργὸς,
767 1551 985 1620 μακρὰν
1033 1551 1199 1606 αὐτοῦ
1237 1554 1609 1625 ἀποϐήσεσται
1653 1554 1718 1608 τὸ

128 1636 310 1705 μανὸν
340 1641 434 1692 καὶ
465 1641 525 1692 τὸ
568 1642 766 1694 πυκνὸν
814 1641 909 1695 καὶ
953 1642 1014 1696 τὸ
1059 1646 1219 1715 τριχῆ
1259 1645 1543 1699 διαστατόν
1567 1663 1580 1676 ·
1614 1645 1710 1700 καὶ

1785 637 1796 655 ’
1818 655 1976 722 Quod
1996 655 2040 709 si
2061 655 2148 709 hic
2165 653 2346 708 omnia
2366 653 2634 722 producit,
2650 654 2872 715 omnino
2898 654 3213 724 inliniteque
3232 655 3392 708 rebus

1816 760 1846 799 a
1869 758 1929 799 se
1954 741 2230 813 productis
2250 741 2439 795 melior
2457 742 2577 804 erit,
2597 742 2924 806 substantia,
2945 743 3170 812 viribus,
3196 758 3391 811 perpe-

1818 828 2031 900 tuitate,
2053 835 2330 889 voluntate
2382 839 2542 900 atque
2566 830 2824 888 elIicacia.
2846 832 3112 898 Quoniam
3134 848 3260 886 vero
3282 835 3383 886 tria

1815 932 1946 980 sunt
1965 931 2161 978 creatas
2188 921 2507 979 substantia;
2537 935 2753 991 genera,
2775 936 3118 991 corporeum,
3139 921 3393 988 ineorpog

1817 1030 1968 1070 reum
2008 1022 2062 1068 et
2090 1029 2156 1067 ex
2207 1022 2440 1081 utroque
2477 1011 2820 1074 mistum;‘et
2857 1011 3112 1080 quoniam
3145 1011 3390 1080 corporis

1815 1103 2031 1172 quidem
2061 1101 2483 1173 demonstrativa
2519 1107 2667 1166 sunt,
2687 1101 2877 1169 triplex
2903 1101 3164 1163 extensio,
3185 1110 3238 1154 et
3253 1100 3389 1156 den-

1815 1195 1974 1260 sitas,
2009 1209 2072 1249 ac
2105 1194 2302 1249 raritas
2330 1213 2344 1260 ;
2380 1182 2694 1262 incd'rporei
2721 1202 2921 1254 autem,
2955 1202 3012 1246 ut
3042 1208 3242 1261 neque
3272 1193 3392 1245 ubi-
3490 1253 3494 1257 ,

1815 1302 1922 1356 que
1950 1287 2041 1352 sit,
2071 1301 2247 1355 neque
2277 1301 2441 1354 super
2471 1288 2652 1340 omnia
2685 1297 2734 1339 et
2765 1299 3074 1354 quanquam
3105 1285 3178 1338 sit
3203 1284 3391 1338 iocor-

1816 1391 2063 1446 porcum,
2089 1373 2447 1429 nihilominus
2483 1375 2621 1429 idem
2653 1375 2722 1430 sit
2754 1374 3255 1442 circumscriptum.
3317 1373 3392 1425 De

1813 1466 2091 1522 Creatoris
2149 1475 2329 1540 autem
2368 1466 2674 1522 substantia
2707 1465 2837 1534 qttid
2891 1473 3192 1518 statuemus
3226 1464 3247 1515 ?
3280 1463 3393 1516 lmo

1818 1573 1965 1619 vero,
1993 1558 2040 1611 si
2101 1557 2205 1612 illa:
2258 1571 2344 1612 res
2392 1556 2696 1612 substantia
2724 1563 2850 1609 sunt
2886 1565 2941 1609 ct
2993 1555 3265 1617 dicuntur,
3312 1552 3389 1606 uti

1816 1646 2246 1701 demonstratum
2281 1653 2382 1709 est,
2417 1646 2544 1714 quid
2571 1646 2696 1708 erit,
2730 1654 2823 1702 aut
2854 1643 2980 1712 quid
3035 1643 3391 1712 appellabitur

124 1727 385 1782 ἀπόλωλε
433 1732 677 1802 Μωάμετ
715 1734 774 1786 τὸ
822 1734 1141 1803 ὁλόσφυρον,
1193 1737 1569 1806 πεφοϐημένος
1615 1737 1700 1807 sip

1817 1734 2236 1804 ipse,Creator?
2283 1735 2485 1800 nullam
2525 1735 2670 1814 enim
2731 1734 3064 1804 reperiemus
3113 1732 3378 1788 deﬁnitio-

127 1818 370 1874 κένωσιν
396 1819 481 1874 διὰ
500 1821 598 1892 τὴν
631 1823 855 1894 πρόοδον
882 1823 983 1878 τοῦ
1025 1825 1154 1878 Υίοῦ
1179 1826 1273 1878 καὶ
1300 1826 1496 1893 Λόγου.
1543 1824 1714 1879 Τοῦτο

121 1909 188 1979 δὴ
221 1911 325 1965 καὶ
354 1912 446 1963 ἐπὶ
497 1913 774 1982 δυνάμεως
806 1915 902 1968 καὶ
932 1916 1202 1985 κινήσεως
1243 1916 1341 1969 καὶ
1387 1903 1705 1986 ἐνεργείας·

121 2000 184 2051 τὸ
207 2000 356 2070 ὑπὲρ
390 2001 619 2070 κίνησιν,
653 2002 792 2073 ὑπὲρ
815 2003 1060 2074 δύναμιν,
1118 2006 1214 2070 καὶ
1242 2005 1383 2074 ὑπὲρ
1429 2005 1710 2074 ἐνέργειαν

123 2090 345 2161 ἀνάγκη
380 2090 624 2157 δοξάζειν
642 2111 656 2125 ο
682 2095 729 2146 εξ
768 2095 823 2148 δὲ
848 2093 1020 2147 ταῦτα
1035 2093 1207 2157 οὕτως
1236 2095 1367 2164 ἔχει,
1395 2093 1470 2165 μὴ
1498 2094 1706 2166 φοϐηθῇ

122 2182 376 2251 Μωάμετ
405 2183 496 2236 τὸν
522 2188 742 2254 συμφυῇ
767 2185 859 2238 καὶ
883 2186 1147 2239 συναῖδιον
1167 2184 1261 2238 τοῦ
1281 2183 1492 2256 Πατρδς
1510 2185 1702 2258 Λόγον,

123 2271 346 2326 ἁκούων
391 2275 732 2344 Δημιουργὸν
765 2275 895 2329 ὄντα
927 2276 1106 2346 πάσης
1144 2276 1398 2339 κτίσεως,
1421 2342 1430 2350 ·
1453 2275 1544 2329 καὶ
1572 2276 1703 2328 dva-

124 2365 434 2435 καινιστὴν,
453 2355 567 2419 ’καὶ
597 2367 719 2420 Υίδν
751 2368 826 2431 ὡς
849 2369 913 2420 ἐκ
931 2370 1250 2436 γεννήτορος
1274 2366 1368 2419 τοῦ
1389 2365 1480 2419 νοῦ
1505 2365 1701 2434 προελ-

1810 1823 2058 1878 nem.Ut
2117 1831 2298 1876 autem
2347 1835 2510 1890 supra
2565 1805 2688 1875 illas
2743 1812 3057 1882 extollatur,
3098 1817 3392 1886 appellabi-

1810 1929 1934 1969 mus
1971 1929 2096 1967 eum
2167 1911 2765 1981 supersubstantialem.
2805 1911 2861 1963 Si
2903 1924 3033 1978 ergo
3091 1908 3385 1975 superSub-

1797 2003 2078 2057 *stantialis
2125 2011 2206 2056 est.
2247 2001 2492 2062 Creator,
2538 2001 2727 2070 procul
2771 2013 2853 2060 ,eo
2900 2001 3004 2053 erit
3062 1998 3261 2052 raritas
3333 2007 3388 2050 et

1806 2094 2066 2158 densitas,
2106 2103 2160 2148 et
2196 2093 2387 2161 triplex
2415 2091 2705 2156 dimensio,
2745 2091 2991 2159 peritque
3048 2089 3387 2143 Mohamcdis

1810 2186 2067 2248 solidum,
2112 2183 2485 2253 cujuscemodi
2535 2198 2657 2237 eum
2719 2182 3010 2250 appellavit
3041 2181 3259 2245 timens,
3319 2196 3387 2234 ne

1809 2279 1962 2331 lieret
1997 2276 2242 2329 vacuitas
2274 2282 2491 2344 propter
2512 2274 2632 2327 Filii
2663 2284 2717 2328 et
2761 2273 2923 2327 Verbi
2947 2273 3379 2342 productionem.

1806 2355 2066 2426 Similiter
2088 2362 2373 2418 dicendum
2397 2371 2480 2417 est
2497 2362 2561 2416 de
2575 2347 3144 2430 attributispotentiae,
3171 2369 3384 2427 motus;

123 2452 286 2506 θόντα
306 2469 321 2483 ·
351 2457 753 2527 ἀνεκφοιτήτως
788 2459 896 2527 γὰρ
939 2456 1315 2529 προεληλύθει,
1345 2457 1439 2510 καὶ
1463 2456 1614 2525 μένει
1640 2457 1698 2508 ἐν

1801 2463 1854 2509 et
1878 2453 2134 2508 efﬁcaciae
2178 2466 2372 2521 nempe
2400 2450 2702 2505 credendus
2728 2462 2811 2505 est
2837 2443 3087 2519 superior
3115 2451 3263 2510 omni
3293 2465 3386 2518 po-

125 2543 306 2614 ἐαυτῷ
329 2545 446 2615 (94)
492 2547 551 2600 οὐ
586 2547 726 2601 κατὰ
759 2548 963 2617 σχέσιν,
990 2549 1051 2602 οὐ
1080 2549 1222 2602 κατὰ
1263 2547 1582 2615 συνάφειαν,
1633 2545 1696 2599 οὐ

1801 2543 2002 2604 lentiae,
2039 2539 2207 2594 motui
2237 2547 2290 2593 et
2324 2539 2591 2593 elﬁcaciae.
2631 2539 2764 2604 Quae
2805 2539 2853 2593 si
2879 2539 2949 2593 ita
2975 2554 3035 2594 se
3071 2539 3293 2603 habent,
3321 2554 3388 2591 ne

124 2633 268 2686 κατὰ
305 2636 531 2706 μνήμην
554 2637 718 2700 ,ἀλλ’
774 2637 914 2707 ὑπὲρ
944 2639 1157 2691 ταῦτα’
1194 2637 1516 2710 ὑπερούσιος
1560 2636 1690 2706 γὰρ,

1800 2649 1862 2688 ex
1873 2631 2488 2701 pavescatMohamedes
2509 2632 2636 2686 dum
2658 2631 3138 2686 connaturalem'et
3163 2639 3386 2683 coaeter-

121 2722 203 2775 ὅτι
238 2722 302 2787 ἐξ
324 2725 649 2794 ὕπερουσίου
682 2728 776 2780 καὶ
799 2727 1170 2796 ὑπερουσίως..

1800 2739 1925 2778 num
1956 2721 2102 2776 Patri
2133 2722 2364 2776 Verbum
2395 2722 2548 2776 audit
2585 2737 2706 2777 esse
2729 2721 2990 2776 factorem
3025 2720 3204 2774 omnis
3235 2735 3389 2774 crea-

125 2817 260 2866 turae
288 2829 354 2868 ac
381 2814 820 2881 instauratorem,
847 2831 901 2872 et
922 2817 1118 2872 Filium
1145 2826 1328 2887 utpote
1347 2833 1412 2874 ex
1435 2817 1743 2888 generantis
1760 2826 1939 2871 mente
1970 2829 2338 2884 progressum.
2361 2815 2570 2870 Etenim
2588 2815 2705 2870 sine
2722 2813 3063 2884 separatione
3092 2813 3354 2882 processit
3369 2852 3385 2876 .

126 2919 418 2978 manetque
448 2909 500 2962 in
527 2924 587 2965 se
615 2910 735 2979 ipso
769 2925 876 2966 non
902 2913 1200 2968 secundum
1236 2914 1578 2977 relationem,
1614 2927 1721 2966 non
1751 2911 2050 2967 secundum
2101 2911 2570 2979 conjunctionem,
2612 2923 2789 2978 neque
2832 2908 3134 2965 secundum
3177 2922 3385 2962 meme-
3432 2921 3436 2926 ’

125 3004 286 3069 riam,
327 3002 424 3058 sed
489 3005 650 3058 modo
696 3005 782 3062 his
850 3006 1105 3062 omnibus
1148 3006 1511 3062 sublimiore-z
1546 3015 1631 3064 est
1659 3006 1804 3062 enim
1837 3005 2411 3075 supersubstan‘tialis,
2466 3005 2592 3075 quia
2626 3008 2710 3060 est
2763 3019 2826 3058 ex
2877 3002 3385 3073 supersubstantialt

123 3105 173 3150 et
203 3098 823 3164 supersnbstantialiter.
2670 3136 2673 3138 -

192 3187 242 3249 ις
265 3225 278 3237 .
316 3184 409 3255 Μὴ
430 3183 524 3238 οὖν
551 3185 772 3254 λεγέτω,
795 3185 856 3238 Εἰ
889 3185 989 3239 οὐκ
1019 3187 1302 3259 ἐγεννήθη,
1332 3189 1451 3244 οὐδὲ
1471 3190 1693 3260 ἐγέννη-

1875 3188 1962 3244 90.
1997 3185 2071 3239 Ne
2104 3186 2288 3255 itaque
2310 3185 2544 3241 ulterius
2580 3186 2724 3240 dicat
2757 3203 2771 3238 :
2808 3185 2862 3238 Si
2896 3200 3002 3239 non
3038 3194 3120 3240 est
3150 3186 3386 3255 genitus,

125 3290 217 3327 σεν
238 3292 254 3307 ο
288 3275 400 3327 ἰδοὺ
426 3275 535 3343 γὰρ
563 3275 776 3345 ὁρῶμεν
799 3276 880 3328 δτι
902 3274 1090 3345 ὥσπερ
1125 3278 1226 3330 οὐκ
1255 3280 1546 3350 ἐγεννήθη,
1571 3281 1693 3334 ούδέ

1800 3296 1862 3335 ne
1913 3279 2099 3350 genuit
2130 3279 2370 3348 quidem.
2415 3277 2554 3332 Ecce
2583 3279 2728 3331 enim
2764 3278 3044 3332 cernimus
3069 3276 3262 3340 ,quod
3308 3279 3381 3330 si-

127 3364 559 3434 ἐδημιουργήθη·
587 3365 680 3418 δύο
702 3366 810 3437 γὰρ
838 3365 1028 3432 ταῦτα·
1049 3369 1363 3437 ἀναγκαίως
1403 3372 1430 3423 6
1460 3372 1693 3441 ἄναρχος

1800 3369 1900 3424 cuti
1956 3383 2062 3421 non
2094 3374 2176 3420 est
2209 3367 2446 3434 genitus,
2494 3365 2571 3418 ita
2600 3381 2668 3418 ne
2697 3377 2915 3419 creatus
2944 3364 3162 3433 quidem
3205 3381 3217 3417 :
3275 3363 3388 3418 haec

127 3451 255 3523 ἔχει.
280 3454 447 3508 Ἀλλὰ
475 3456 582 3526 μὴν
610 3457 826 3526 ὁρῶμεν
845 3456 926 3510 ὅτι
955 3459 1002 3510 εί
1028 3458 1122 3512 καὶ
1154 3459 1230 3530 μὴ
1260 3459 1686 3532 ἐδημιουργήθη,

1800 3461 1937 3515 enim
1964 3458 2071 3510 duo
2091 3456 2397 3509 necessario
2422 3455 2607 3517 habet,
2633 3455 2724 3524 qui
2757 3456 2874 3509 sine
2895 3455 3049 3508 initio
3075 3466 3177 3508 est.
3212 3454 3372 3521 Atqui

128 3543 238 3598 ἀλλ’
266 3546 720 3616 ἐδημιούργησεν.
780 3549 842 3601 El
889 3548 982 3602 οῦν
1027 3550 1087 3604 τὸ
1131 3550 1190 3604 ἓν
1218 3551 1432 3604 δίδωσιν
1485 3553 1692 3615 ἐκεῖνος

1800 3551 1951 3618 plane
1980 3550 2276 3612 cernimus,
2313 3547 2458 3614 quod
2502 3546 2602 3600 etsi
2636 3561 2742 3600 non
2792 3545 2890 3599 l‘uit
2918 3558 3154 3606 creatus.
3199 3554 3378 3600 tamen

127 3633 507 3710 ἐνηργηκέναι,
531 3637 624 3687 καί⁸
652 3635 808 3688 τοῦτο
841 3638 988 3707 αύτῷ
1016 3637 1164 3704 δόξα,
1204 3639 1297 3693 τοῦ
1325 3641 1528 3711 ἐτέρου,
1549 3641 1690 3704 τίνος

126 3724 310 3778 ἕνεκεν
336 3725 660 3796 ὲστέρηται;
692 3727 868 3779 καίτοι
893 3745 957 3796 γε
988 3730 1048 3780 οὺ
1083 3729 1320 3800 τοσαύτη
1377 3731 1526 3801 αὐτῷ
1556 3733 1588 3801 ὴ
1625 3733 1689 3783 ἐκ

127 3814 220 3886 τῆς
247 3815 474 3878 κτίσεως
505 3818 893 3888 προσαγομένη
923 3819 1071 3884 δόξα,
1103 3821 1200 3890 ὅση
1226 3821 1260 3891 ἡ
1301 3821 1388 3875 διὰ
1421 3821 1510 3873 τὸν
1531 3822 1688 3874 Υίόψ

128 3905 301 3976 πολλῷ
315 3906 422 3976 γὰρ
453 3909 632 3958 πλεῖον
660 3908 780 3958 ὅσον
808 3909 900 3961 καὶ
924 3909 956 3978 ἡ
985 3909 1170 3968 τούτου
1195 3909 1295 3978 τῆς
1340 3911 1567 3962 ἐκείνων
1596 3911 1688 3962 οὑ-

129 3995 244 4058 σίας
265 3996 603 4067 ὑπέρκειται.
629 3998 786 4050 Ὥστε
814 3998 1078 4066 κρείττων
1096 4001 1238 4053 κατὰ
1258 4000 1415 4054 τοῦτο
1434 4001 1528 4054 καὶ
1553 4004 1691 4072 μᾶλ-

128 4086 214 4141 λον
239 4082 308 4156 ἦν
364 4089 521 4141 αὐτὸν
546 4089 744 4156 λέγειν,
770 4090 822 4141 εί
852 4107 915 4157 γε
971 4092 1233 4161 συνῆκεν,
1275 4094 1357 4146 ὅτι
1402 4094 1557 4147 Ἐπεὶ
1589 4078 1689 4149 οὐκ

129 4180 404 4252 ἐγεννήθη,
456 4181 545 4239 διὰ
572 4181 725 4234 τοῦτο
760 4169 957 4251 μᾶλλον
999 4185 1288 4254 ἐγέννησεν
1314 4200 1329 4214 ’
1378 4185 1567 4256 ὥσπερ
1597 4188 1689 4238 καὶ

133 4268 202 4338 μὴ
228 4269 666 4341 δημιουργηθεὶς,
688 4270 1086 4341 ἐδημιούργησε
1105 4290 1118 4302 ·
1147 4275 1238 4326 καὶ
1268 4275 1457 4328 τούτου
1475 4276 1690 4329 ἀπόδει-
1713 4310 1716 4313 λ

131 4355 202 4421 ξις
231 4359 310 4413 ὃτι
338 4361 628 4431 ὁ-Χριστὸς
662 4361 788 4421 Υἱὸς
834 4363 927 4415 καὶ
978 4364 1146 4431 Λόγος
1193 4365 1473 4434 ὁμοούσιός
1500 4382 1560 4420 τε
1611 4367 1689 4436 τῷ

1793 3637 2014 3699 creavit.
2053 3637 2110 3691 Si
2155 3651 2283 3706 ergo
2309 3652 2476 3690 unum
2529 3635 2782 3689 concedit
2829 3628 3177 3690 Moltamedes
3220 3635 3289 3688 ab
3320 3649 3385 3688 co

1791 3736 2092 3796 peractum,
2123 3737 2281 3796 atque
2318 3727 2419 3779 hoc
2454 3735 2595 3779 tenet
2624 3725 2991 3793 (crcationis)
3039 3726 3257 3794 dogma,
3287 3740 3386 3778 cur

1791 3821 1961 3874 altero
1993 3819 2252 3873 attributo
2288 3817 2456 3871 Deum
2493 3816 2730 3885 spoliat?
2762 3815 2823 3869 Et
2845 3816 3063 3885 quidem
3097 3832 3204 3868 non
3264 3829 3382 3870 tan.

1793 3923 1903 3965 tam
1952 3911 2113 3963 habet
2141 3924 2170 3960 a
2201 3908 2474 3962 creatione
2506 3906 2772 3975 gloriam,
2814 3916 3074 3976 quantam
3110 3921 3139 3959 a
3187 3905 3324 3959 Filio
3369 3920 3382 3960 ;

1792 4002 1960 4056 multo
2017 3999 2162 4054 enim
2231 3998 2402 4068 magis
2457 3997 2673 4051 excellit
2700 3998 2824 4051 Filii
2867 3997 3169 4052 substantia
3211 4011 3376 4065 quam

1791 4072 2187 4147 creaturarum.
2217 4087 2559 4157 Quapropter
2589 4088 2633 4142 si
2669 4099 2818 4142 recte
2849 4089 3282 4164 saperenpotius
3311 4088 3379 4140 ab

1789 4198 1855 4237 eo
1881 4181 1987 4236 dici
2020 4181 2308 4250 Oportebat
2337 4194 2348 4233 :
2389 4179 2659 4244 Quoniam
2699 4177 2839 4232 Deus
2871 4189 2976 4230 non
3024 4187 3108 4232 est
3138 4178 3324 4247 genitu
3345 4210 3376 4240 -,

1793 4273 1999 4327 idcirco
2019 4259 2190 4339 magis
2225 4269 2450 4339 genuit;
2484 4269 2644 4333 sicut,
2671 4269 2928 4337 quoniam
2973 4283 3080 4321 non
3114 4277 3381 4321 estcrea.

1796 4374 1905 4426 tus,
1943 4362 2171 4416 creavit.
2199 4361 2353 4426 Quod
2375 4369 2556 4415 autent
2593 4360 2841 4414 Christus
2865 4398 2881 4426 ν
2915 4360 3086 4414 Filius
3117 4359 3380 4414 Verbum-

113 4447 239 4517 -Θεῷ
259 4452 351 4502 καὶ
388 4453 577 4521 Πατρὶ,
609 4454 643 4523 ἡ
672 4453 836 4506 αὑτοῦ
869 4457 1077 4509 ἐκείνου
1122 4456 1420 4526 παρουσία·
1453 4457 1550 4525 τῆς
1582 4458 1690 4529 γάρ

1800 4470 1921 4523 que,
1956 4453 2436 4509 cons'u-bstautialis
2471 4454 2580 4506 Deo
2620 4453 2766 4506 Patri
2793 4453 2884 4518 sit,
2920 4451 2972 4506 id
2995 4452 3240 4522 ejusdem
3278 4453 3372 4505 ad-

132 4540 416 4608 παρουσίας
445 4520 609 4593 αύτοῦ
632 4520 785 4611 ⁷μετὰ
820 4545 1016 4622 πολλὰς
1047 4520 1381 4614 προφητείας
1410 4520 1517 4598 καὶ-
1531 4520 1690 4600 τοῦτο

1800 4520 1991 4601 ventus
2039 4545 2451 4598 demonstravit.
2508 4544 2721 4598 Etenim
2770 4520 3038 4600 adventus
3087 4545 3203 4613 ejus
3258 4557 3378 4613 post

131 4627 516 4700 ἀναμφίλεκτον
545 4635 788 4701 σημεῖον,
836 4635 869 4703 ἡ
916 4635 1052 4705 πρὸς
1100 4636 1162 4687 τὸ
1186 4637 1434 4704 κρεῖττον
1460 4637 1567 4689 τῶν
1589 4638 1686 4690 ἀν-

134 4715 354 4786 θρώπων
392 4722 696 4790 μετάθεσις,
736 4724 794 4775 οὐ
831 4725 989 4793 μόνον
1046 4725 1338 4795 βαρϐάρων
1369 4727 1465 4779 καὶ
1503 4727 1687 4798 Ἐλλή-

133 4823 248 4872 νων,
275 4809 410 4863 ἀλλὰ
438 4814 534 4864 καὶ
585 4813 694 4890 τῷν
727 4815 815 4866 ὑπ’
865 4815 1026 4867 αὐτὸν
1073 4817 1165 4879 τὸν
1212 4819 1438 4871 παλαιὸν
1484 4819 1676 4888 νόμον·

137 4896 258 4962 πρὸς
295 4900 392 4967 μὲν
421 4900 511 4973 τὸν
537 4902 719 4970 νόμον,
750 4904 1001 4956 τοσοῦτον
1030 4905 1088 4958 τὸ
1122 4906 1286 4976 μέσον
1311 4908 1408 4976 τῆς
1434 4909 1680 4978 χάριτος,

136 4985 224 5056 ὅση
255 4991 390 5061 πρὸς
423 4991 633 5045 παιδίον
672 4994 910 5064 ὑπεροχὴ
962 4997 1300 5065 πρεσϐύτου·
1339 4999 1475 5069 πρὸς
1512 5001 1569 5055 δὲ
1620 5001 1688 5054 τὰ

135 5073 280 5132 λοιπὰ
304 5079 456 5150 ἔθνη,
497 5082 618 5133 ὅσον
649 5085 677 5135 ὁ
713 5083 872 5150 φύσει
907 5085 1192 5156 ἄνθρωπος
1233 5088 1326 5140 τοῦ
1369 5091 1530 5158 φύσει
1569 5092 1686 5145 άλό·

137 5182 251 5232 γου’
281 5170 389 5224 ἔδει
421 5172 529 5242 γὰρ
559 5174 652 5225 καὶ
683 5173 896 5238 φύσεως
938 5178 1029 5228 καὶ
1055 5165 1213 5245 λόγου
1247 5178 1404 5246 ψιλοῦ
1436 5180 1682 5252 ἀνώτερα
1715 5223 1720 5227 .

139 5258 403 5314 παιδεῦσαι
429 5263 524 5336 καὶ
548 5265 884 5334 συμπρᾶξαι,
923 5266 996 5329 ὡς
1027 5268 1188 5319 αὐτὸν
1218 5270 1428 5322 ἐκεῖνον
1463 5270 1684 5324 ἐλθόντα

140 5347 215 5400 τὸν
242 5349 372 5405 Θεοῦ
399 5354 592 5422 Λόγον.
627 5355 736 5408 Καὶ
759 5357 892 5426 πρὸς
921 5358 1126 5421 τούτοις
1150 5363 1372 5427 σημεῖον
1394 5341 1598 5430 ἕτερον,
1623 5361 1683 5413 τὸ

139 5435 222 5506 τὴν
245 5439 394 5495 θείαν
423 5443 516 5497 καὶ
550 5445 774 5516 νομικὴν
795 5446 1048 5518 λατρείαν
1082 5450 1172 5502 καὶ
1209 5451 1528 5519 ἱερωσύνην,
1586 5453 1678 5504 καὶ

1797 4636 1964 4693 multa
1995 4636 2272 4700 vaticinia,
2302 4635 2405 4688 hoc
2431 4650 2647 4702 quoque
2674 4633 2954 4688 indubium
2984 4636 3239 4689 indicium
3272 4647 3376 4697 est,

1793 4724 1988 4795 nempe
2035 4725 2314 4778 hominum
2355 4726 2422 4777 ad
2475 4725 2750 4796 meliorem
2804 4725 3014 4794 frugem
3066 4728 3376 4788 conversio,

1791 4829 1968 4884 neque
2007 4814 2362 4868 barbarorum
2393 4813 2792 4877 tantummodo,
2817 4829 3003 4867 verum
3032 4814 3194 4866 etiam
3227 4815 3374 4867 Grat-

1787 4920 1999 4967 corum,
2017 4919 2115 4958 nec
2137 4920 2245 4957 non
2277 4905 2491 4957 illorum
2517 4904 2607 4972 qui
2641 4905 2742 4958 sub
2762 4912 2938 4959 vetere
2963 4905 3078 4974 lege
3101 4906 3372 4959 vivebant.

1793 4994 1860 5048 Et
1891 4995 2109 5064 quidem
2134 4994 2335 5048 Christi
2373 4993 2541 5063 gratia
2573 5005 2883 5063 comparata
2924 5010 3050 5049 cum
3084 4997 3219 5064 lege,
3247 5011 3371 5063 pcr-

1792 5085 1917 5140 inde
1952 5095 2034 5140 est
2073 5100 2138 5138 ac
2177 5085 2478 5153 proceritas
2513 5086 2707 5139 maturi
2758 5087 2855 5140 viri
2887 5087 2955 5140 ad
2992 5095 3203 5141 aetatem
3238 5104 3370 5154 pne-

1788 5177 1942 5232 rilcm
1975 5193 1987 5228 :
2030 5191 2152 5230 cum
2181 5175 2391 5230 ueteris
2421 5185 2599 5230 autem
2631 5177 2865 5231 ethnicis
2899 5179 3116 5239 collata,
3148 5178 3368 5245 p‘crinde

1789 5277 1874 5322 cst
1898 5282 1962 5320 ac
1991 5274 2181 5319 natura
2218 5266 2476 5329 hominis,
2511 5267 2577 5320 ad
2615 5278 2862 5322 naturam
2896 5269 3191 5321 animantis
3233 5269 3368 5321 irra-

1787 5342 2026 5411 tionalis.
2055 5354 2348 5423 Oportebat
2370 5357 2515 5409 enim
2539 5365 2593 5410 et
2618 5367 2806 5410 natura
2835 5367 2885 5410 et
2913 5359 3144 5426 simplici
3169 5359 3367 5415 oratio.

1784 5449 1871 5503 nis
1918 5450 1964 5502 vi
2017 5447 2319 5502 excelsiora
2360 5448 2552 5503 docere
2599 5461 2652 5504 et
2705 5451 2902 5513 facere,
2961 5460 3123 5516 prout
3175 5466 3361 5519 reapse:

201 5617 298 5689 (9-5)
326 5619 404 5675 lta
431 5607 550 5676 cod.
589 5621 691 5677 Sed
725 5623 768 5678 si
792 5624 1001 5681 scribas
1029 5626 1190 5696 αὐτῷ,
1221 5627 1595 5699 intelligasquc
1635 5628 1870 5694 Patrem,
1904 5629 2049 5684 dlCCa
2081 5627 2268 5684 Latine
2307 5639 2572 5699 ntauctque
2615 5630 2663 5682 in
2701 5630 2828 5695 ipso,
2885 5626 2938 5681 id
2966 5637 3049 5683 est
3080 5628 3134 5682 in
3174 5627 3352 5681 l‘atre.
