3926 6308
89 208 186 274 789

1234 165 1666 264 REFUTATIO
1698 202 2173 266 MOHAMEDIS.

3203 193 3312 258 790

90 316 376 390 διῃρημένη
405 316 505 388 τῆς
558 316 695 372 κατά
744 316 842 389 τήν
883 317 1107 390 πρώτην
1146 316 1467 371 ἀκολουθίαν
1510 334 1636 371 συν·
1668 339 1679 385 Α

1785 318 1907 373 onis
1961 318 2182 373 initium
2242 329 2344 387 est,
2383 336 2411 374 a
2444 316 2746 390 superioris
2798 319 3087 370 contextus
3136 307 3313 363 conti-

92 411 290 479 εχείας·
319 410 352 478 ή
382 408 438 462 δὲ
465 407 760 463 ἀκολουθία
786 411 886 477 τὴν
915 409 978 462 έκ
1008 411 1106 478 τῆς
1149 407 1411 477 διαθήκης
1450 408 1644 460 οἰκειό-

91 493 220 570 τητα
251 500 533 554 ἀπέσωσεν
562 500 649 563 ἂν,
681 500 727 551 εί
762 498 842 568 μὴ
869 499 1094 563 διεκόπη
1123 499 1287 566 ἑτέρα
1308 498 1449 568 ἀρχή
1476 515 1488 528 ο
1516 499 1566 551 τί
1588 499 1645 550 δὲ

92 594 187 661 φῆς
221 592 358 655 ὅλως
388 593 514 662 περὶ
548 591 806 659 Ίσμαήλ;
847 607 865 642 ι
906 590 1036 660 Περὶ
1079 590 1134 644 δὲ
1184 588 1426 658 Ίσμαὴλ,
1458 590 1642 658 φησιν,

97 686 196 737 ἰδοὺ
255 684 534 750 εὐλόγηκα
587 680 770 746 αὐτὸν,
821 681 910 735 καὶ
965 680 1180 744 αὐξανῶ
1234 680 1395 733 αὐτὸν
1441 681 1644 750 σφόδρα

93 773 310 842 σφόδρα.
336 793 355 825 ι
388 770 545 825 Ἀλλά
573 769 776 841 ταύτην
804 771 900 840 τήν
923 771 1298 839 εὐλογίαν,καὶ
1331 770 1399 823 τὰ
1429 770 1648 824 πετεινὰ

90 859 177 912 τοῦ
222 858 454 928 οὐρανοῦ
488 857 580 910 καὶ
610 859 740 920 τοὺς
775 857 965 928 ίχθύας
992 861 1091 930 τῆς
1120 857 1396 928 Θαλάσσης
1430 858 1650 931 εὐλόγηο

92 966 212 1011 σας·
245 947 399 1002 οὔπω
420 947 477 1001 δὲ
506 946 644 1019 αῦτη
677 947 819 1013 ίδίως
853 948 1157 1021 ἀνθρώπων
1180 946 1305 1015 ἀξία
1337 952 1370 1020 ή
1403 951 1647 1020 εὐλογία·

97 1061 113 1095 ι
146 1041 364 1094 Δώδεκα
403 1040 530 1112 ιθνη
560 1042 846 1113 γεννήσει·
879 1060 897 1093 ι
925 1040 1019 1095 καλ⁸
1047 1042 1098 1095 τί
1134 1042 1320 1107 τοῦτο,
1354 1043 1516 1097 ὅτ’ἂν
1551 1042 1651 1112 τῆς

93 1131 234 1193 θείας
274 1132 559 1200 εὐμενείας
594 1133 874 1203 ἀλλότριος
926 1134 1212 1206 τυγχάνεμ
1254 1133 1392 1197 ὥστε
1430 1135 1537 1188 οὐδ’
1584 1135 1653 1188 ἂν

92 1221 182 1290 τήν
206 1223 286 1282 εἷς
324 1221 527 1290 πλῆθος
551 1220 777 1292 αὖξησιν
819 1222 996 1292 ἔσχεν,
1044 1224 1093 1277 εί
1139 1223 1214 1295 μὴ
1247 1223 1494 1295 ’Δεραάμ
1521 1227 1655 1295 ῂτή-

97 1328 219 1362 σατο
237 1327 252 1341 ’
296 1330 315 1363 ι
341 1311 470 1365 Ἰδοὺ
496 1312 630 1382 γὰρ,
657 1313 843 1384 φησὶν,
879 1314 1158 1383 ἐπήκουσά
1189 1331 1280 1368 σου
1301 1331 1314 1344 ·
1349 1333 1368 1368 ι
1400 1315 1574 1378 ἄλλως
1595 1332 1654 1368 τε

95 1401 180 1454 τοῦ
225 1402 358 1472 Χάμ
383 1403 514 1455 πολὺ
551 1403 788 1458 ἐλάττων
834 1404 1168 1474 καθέστηκεν
1211 1407 1460 1478 Ἰσμαήλ.
1489 1407 1555 1459 Τί
1599 1406 1658 1461 δὲ

96 1494 168 1556 είς
193 1492 370 1562 μάτην
402 1493 497 1546 καὶ
525 1493 584 1545 τὸ
613 1492 836 1562 πλῆθος,
855 1493 929 1547 ὅτ’
951 1493 1017 1547 ἂν
1042 1495 1312 1565 ἄχρηστον
1344 1493 1410 1570 ﬁ;
1439 1495 1658 1559 είκότως

1748 411 2013 465 nuatione
2080 410 2422 468 distinctum.
2478 409 2778 466 Contextus
2836 415 3036 466 autem,
3095 399 3316 455 fmderis

1746 501 2024 556 vinculum
2058 503 2247 571 utique
2277 510 2672 566 conservasset,
2707 497 3067 559 nisialterum
3100 489 3314 547 initium

1747 594 2053 663 sejunctum
2105 593 2317 648 fuisset.
2374 593 2478 648 Sed
2526 593 2655 662 quid
2708 591 2929 648 demum
2979 586 3046 640 de
3093 581 3322 638 lsmaele

1748 683 1866 740 ais?
1885 702 1902 733 ι
1925 682 2079 749 Quod
2101 683 2292 737 attinet
2317 681 2380 736 ad
2405 680 2708 744 lsmaclem,
2731 679 2928 748 inquit,
2961 689 3087 732 ecce
3118 682 3170 727 et
3195 670 3325 724 huic

1747 773 2023 838 benedixi,
2051 773 2368 845 augeboque
2395 773 2543 827 illum
2572 788 2735 842 quam
2761 772 3012 825 maxime.
3040 787 3058 818 ι
3088 766 3326 820 Caetero-

1749 866 1882 936 quin
1937 864 2255 936 bujusmodi
2300 863 2679 918 benedictione
2729 860 3047 916 volucribus
3103 867 3325 925 quoque

1753 957 1876 1013 caeli
1926 965 1981 1011 et
2026 956 2197 1011 maris
2264 954 2506 1025 piscibus
2555 951 2881 1007 benedixisti
2930 967 2945 1017 ;
2989 961 3163 1017 neque
3211 947 3326 997 haec

1753 1046 2065 1103 hominibus
2098 1047 2230 1102 satis
2257 1046 2419 1114 digna
2472 1042 2779 1098 benedictio
2833 1051 2934 1095 est.
2973 1059 2989 1090 ι
3027 1035 3328 1091 Duodecim

1751 1137 1981 1208 pepulos
2025 1137 2230 1207 gignet.
2270 1153 2289 1187 ι
2326 1133 2430 1188 Sed
2461 1131 2590 1203 quid
2629 1132 2731 1184 hoc
2767 1129 2983 1182 demum
3014 1134 3122 1187 est,
3160 1125 3204 1178 si
3247 1124 3330 1176 di-

1753 1228 1878 1282 vina
1904 1225 2521 1290 benevolentiaalienus
2551 1223 2696 1278 erit?
2728 1221 2842 1297 lino
2867 1233 2932 1272 ne
2965 1214 3331 1270 multitudinis

1757 1319 1975 1389 quidem
2031 1318 2432 1372 incrementum
2483 1313 2788 1375 habuisset,
2840 1309 2946 1364 nisi
2991 1307 3336 1362 Abrahamus

1761 1423 1862 1479 pro
1889 1407 1982 1461 illo
2006 1416 2238 1462 orasset.
2269 1426 2286 1456 ι
2315 1405 2452 1460 Ecce
2479 1404 2650 1466 enim,
2674 1400 2851 1471 inquit
2885 1397 3052 1459 Deus,
3086 1391 3340 1450 exaudivi

1760 1504 1833 1550 te.
1878 1515 1896 1548 ›
1929 1494 2234 1564 Caeteroqui
2270 1494 2478 1549 Chamo
2511 1492 2684 1546 multo
2735 1491 2914 1544 minor
2966 1487 3070 1541 fuit
3121 1481 3337 1538 lsmael.

97 1583 197 1654 γὰρ
230 1583 296 1636 ἂν
323 1583 497 1656 ἀκούῃ
527 1584 676 1655 παρά
698 1583 792 1637 τοῦ
835 1581 1062 1638 Ἡσαΐου
1085 1601 1098 1616 ·
1141 1604 1160 1638 ι
1183 1584 1544 1655 Ἐγεννήθητέ
1569 1602 1659 1654 μοι

1782 1586 1861 1641 lui
1889 1587 2028 1642 bono
2074 1599 2254 1658 autem
2299 1585 2614 1650 multitudo,
2648 1585 2691 1638 si
2734 1581 2958 1651 quidem
3005 1577 3149 1633 haud
3190 1588 3342 1629 com-

98 1675 170 1733 είς
201 1671 542 1743 πλησμονήν.
577 1692 597 1726 ι
639 1673 701 1726 Ὢ
723 1673 826 1742 τῆς
850 1673 940 1726 τοῦ
969 1673 1104 1726 Θεοῦ
1138 1675 1532 1743 προγνώσεωςῑ
1579 1675 1661 1727 ὅτι

1782 1678 1926 1732 noda
1987 1678 2236 1732 evadet?
2280 1676 2472 1731 Merito
2539 1675 2685 1730 enim
2758 1672 2951 1727 audies
3011 1671 3079 1723 ab
3141 1665 3340 1721 lsaia:

100 1764 188 1814 ml.
209 1763 302 1816 τοῦ
321 1762 571 1834 Ἀὖραάμ
593 1762 724 1816 Θεὸν
751 1761 1120 1827 λιτανεύοντος
1143 1764 1281 1835 ὑπὲρ
1307 1764 1399 1818 τοῦ
1418 1764 1661 1835 Ἱσμαὴλ,

100 1853 191 1921 τὴν
217 1854 300 1916 εἰς
331 1852 532 1922 πλῆθος
565 1851 791 1924 αὔξησιν
823 1854 919 1906 καὶ
954 1853 1111 1924 μόνον
1145 1854 1429 1924 κομίζεται
1452 1871 1464 1885 ο
1485 1853 1582 1923 τῆς
1609 1854 1666 1907 δὲ

99 1942 360 2012 διαθήκης
389 1943 482 1994 τοῦ
523 1941 656 1994 Θεοῦ
696 1941 842 2007 ξένος
901 1939 994 1996 καὶ
1036 1942 1313 2014 ἀλλότριος
1367 1943 1456 1996 ὑπ’
1503 1944 1668 1996 αὑτοῦ

103 2031 189 2082 τοῦ
222 2029 361 2083 Θεοῦ
401 2031 920 2105 ἀποδιαστέλλεται,
971 2032 1046 2094 ὼς
1081 2031 1267 2086 Ἰσαὰκ
1317 2033 1477 2103 μόνον
1519 2034 1670 2098 ὄντος

102 2119 245 2184 ἀξίου
272 2121 476 2192 ταύτην
505 2121 884 2191 κληρονομεῖν.
911 2121 998 2176 διὰ
1019 2122 1108 2174 τὸν
1127 2122 1186 2186 ἐξ
1214 2122 1380 2176 αὐτοῦ
1411 2122 1672 2193 μέλλοντα

105 2213 464 2283 προέρχεσθαι
508 2213 871 2284 εὐλογημένον
925 2213 1160 2284 Χριστὸν
1207 2215 1300 2268 καὶ
1355 2215 1508 2270 Θεόν.
1561 2217 1672 2270 Καὶ

104 2298 258 2354 τοῦτο
294 2303 352 2354 δὲ
393 2301 668 2372 θαυμάσαι
695 2303 841 2356 ἔστιν
903 2300 984 2358 ὅτι
1024 2305 1153 2374 περὶ
1188 2305 1284 2374 μὲν
1313 2305 1529 2359 πάντων
1563 2305 1672 2359 τῶν

105 2391 268 2444 ἐθνῶν
304 2391 521 2463 εἴρηται
565 2396 630 2462 τῇ
682 2394 1024 2464 προφητείᾳ,
1077 2395 1152 2458 ὡς
1202 2391 1675 2465 Μνησθήσονναο

108 2486 198 2537 καί
229 2484 790 2553 ἐπιστραφήσονται
824 2487 973 2555 πρὸς
999 2488 1219 2556 Κύριον
1245 2488 1441 2544 πάντα
1466 2491 1539 2543 τὰ
1565 2488 1674 2542 πέ-

103 2591 246 2642 ρατα
269 2574 381 2642 τῆς
407 2576 534 2644 γῆς.
561 2578 793 2641 Τούτους
819 2578 874 2631 δὲ
905 2579 1202 2648 ἀμετόχους
1225 2579 1323 2650 τῆς
1352 2572 1518 2632 αὑτοῦ
1558 2580 1675 2632 διαο

112 2665 279 2734 θήκης
327 2657 552 2728 αὒτὸςὸ
580 2668 708 2732 Θεὸς
762 2669 999 2739 ἔκρινεν,
1054 2672 1271 2735 πάντως
1330 2672 1416 2729 διὰ
1475 2672 1538 2727 τὸ
1586 2673 1680 2727 τὸν

112 2755 482 2824 ἀντικείμενον
508 2758 800 2828 λεγόμενον
823 2760 1051 2830 δαίμονα
1082 2759 1430 2832 θεραπεύειν.

177 2851 284 2913 ια’.
329 2840 392 2899 Et
426 2846 519 2899 οῦν
563 2849 725 2912 αὐτὸς
752 2852 779 2902 6
804 2849 937 2914 Θεὸς
971 2850 1309 2920 ἀμεθέκτους
1339 2852 1537 2914 αὐτοὺς
1570 2853 1671 2921 τῆς

115 2929 272 2988 αὑτοῦ
330 2935 598 3007 διαθήκης
650 2939 897 3008 ἐποίησε,
949 2939 1234 2994 καὶτοῦτο
1284 2941 1440 3011 δῆλον
1475 2945 1538 2995 ὲκ
1585 2942 1680 2994 τοῦ

120 3027 276 3096 μέχρι
306 3029 404 3080 καὶ
429 3028 522 3081 νῦν
557 3029 629 3100 μὴ
660 3030 1051 3100 καταδέχεσθαι
1077 3032 1275 3095 αὐτοὺς
1303 3035 1369 3103 τῇ
1399 3031 1684 3102 ίσαγγελίᾳ

118 3117 212 3200 τῆς
237 3117 390 3180 θείας
415 3118 639 3190 Γραφῆς
664 3119 1089 3196 μαθητεύεσθαι·
1113 3122 1276 3175 πόθεν
1305 3122 1336 3174 6
1360 3123 1689 3193 καμηλώδης

116 3206 243 3276 γόης
273 3209 485 3271 btet-uo;
513 3209 610 3275 τὴν
637 3210 824 3280 τρίτην
860 3211 1123 3281 διαθήκην
1153 3211 1427 3282 ἐκόμισεν,
1459 3212 1688 3275 ἀναιδῶς

118 3297 206 3349 τοῦ
235 3297 375 3350 Θεοῦ
411 3298 894 3368 καταψευσάμενος
924 3300 1220 3372 οὐρανόθεν
1240 3301 1439 3371 λήρους
1463 3303 1557 3353 καὶ
1583 3299 1686 3370 μύ-

122 3389 241 3451 θους
268 3390 366 3441 καὶ
397 3388 665 3452 ἀσωτείας
689 3389 786 3443 καὶ⁵
829 3391 1096 3461 φλυαρίας
1129 3391 1402 3460 ἀγνωσίας
1423 3408 1482 3444 τε
1511 3392 1691 3461 πάσης

121 3479 208 3531 καὶ
236 3477 512 3546 ἀμαθείας
556 3479 957 3550 μεμεστωμένα
1011 3480 1260 3550 δέκεσθαι
1289 3480 1691 3549 ἀλαζονευόμε-

123 3583 240 3634 WG;
270 3568 350 3620 ὅτ’
378 3566 444 3622 ἂν
474 3567 607 3639 λέγῃ
639 3569 858 3640 Μαρίαν
887 3569 984 3639 τήν
1016 3569 1296 3634 Μωῦσέως
1325 3557 1562 3641 ἀδελφήν
1601 3572 1692 3623 τὸν

125 3657 360 3724 Χριστὸν
396 3658 652 3728 γεννῆσαι
674 3658 807 3728 (96),
827 3656 938 3730 ἆρα
969 3661 1352 3715 ὑπολέλειπται
1386 3661 1695 3732 ἀφροσύνης

128 3745 424 3818 ὑπερϐολὴ,
477 3749 568 3800 καὶ
614 3749 886 3817 ἀγνωσίας
938 3751 1200 3820 ὑπεροχὴ,
1267 3751 1332 3822 ἢν
1379 3752 1540 3815 αὐτὸς
1574 3751 1694 3805 καθ’

131 3838 317 3892 ἑαυτοῦ
349 3842 378 3892 6
413 3840 737 3911 μαινόμενος
766 3834 919 3904 οὗτος
941 3841 1000 3893 οὐ
1037 3841 1360 3911 κατεχέετος
1393 3843 1556 3895 πόσον
1587 3843 1696 3913 γὰρ

133 3926 194 3978 ἂν
228 3926 397 3980 αὐτὸν
425 3927 601 3980 οἴεσθε
631 3928 1035 3997 καταγελᾶσθαι
1081 3929 1163 3982 ὲκ,
1185 3931 1372 3983 τούτου
1404 3932 1552 4000 παρά
1589 3933 1697 3986 τῶν

142 4016 434 4083 Ἰουδαίων,
487 4018 638 4089 παρά
683 4018 791 4074 τῶν
847 4018 1218 4091 Σαμαρειτῶν,
1271 4019 1425 4092 παρὰ
1475 4017 1693 4076 πάντων

133 4104 314 4172 ἁπλῶς
330 4108 442 4163 τῶν
473 4110 761 4180 μετιόντων
785 4111 882 4182 τήν
911 4109 1151 4165 Παλαιὰν
1184 4110 1215 4181 ἢ
1245 4113 1337 4166 καὶ
1362 4113 1460 4186 τὴν
1490 4113 1699 4185 Καινήν

132 4202 446 4273 Διαθήκην;
481 4199 651 4254 Πόθεν
683 4201 796 4267 οῦν,
842 4205 1024 4273 φησὶν,
1060 4203 1362 4274 ἐθάρρησεν
1406 4206 1576 4278 αὐτὴν
1606 4207 1698 4260 οὑ-

1775 1787 1794 1822 ¢
1821 1769 1999 1824 Geniti
2034 1768 2164 1822 mihi
2188 1769 2320 1822 estis
2344 1768 2410 1822 ad
2439 1782 2698 1821 nauseam
2733 1764 2799 1816 ⁸¹.
2827 1783 2843 1815 ι
2873 1761 2915 1817 0
2935 1760 3026 1815 Dei
3054 1758 3346 1830 prmseien-

1769 1861 1897 1914 tiam
1934 1859 1947 1913 !
1981 1857 2328 1912 Abrahamus
2361 1857 2531 1911 Deum
2574 1871 2672 1925 pro
2703 1853 2931 1909 lsmaele
2979 1864 3165 1910 orans,
3211 1843 3346 1900 nihil

1775 1949 1923 2005 aliud
1967 1949 2224 2018 impetrat
2261 1959 2426 2017 quam
2475 1944 2658 2014 populi
2697 1945 3092 1997 incrementum
3125 1956 3138 1992 :
3177 1952 3206 1989 a
3244 1934 3348 1990 fae-

1768 2041 1896 2096 dere
1920 2046 2099 2092 autem
2129 2036 2220 2092 Dei
2249 2038 2460 2090 alienus
2489 2041 2875 2094 etextraneus,
2897 2030 3015 2098 ipso
3039 2027 3129 2080 Dei
3150 2023 3350 2096 orehic

1772 2129 2152 2193 constituitur,
2215 2143 2315 2183 ceu
2365 2128 2411 2182 si
2471 2121 2618 2181 solus
2664 2125 2818 2180 lsaac
2872 2122 3069 2192 dignus
3118 2127 3263 2173 esset
3299 2117 3349 2170 i.l

1774 2220 2080 2290 possidere,
2128 2225 2351 2288 propter
2393 2217 2661 2271 oriturum
2715 2229 2778 2268 ex
2830 2213 2948 2291 ipso
3003 2207 3349 2291 benedictum
3424 2233 3428 2236 ~

1775 2287 2051 2364 Christum
2096 2287 2160 2364 ac
2205 2307 2399 2362 Deum.
2455 2306 2634 2374 Atque
2661 2306 2763 2358 hoc
2797 2287 3044 2357 mirabile
3069 2287 3171 2362 est,
3209 2296 3354 2365 quod

1787 2401 1854 2455 de
1878 2399 2086 2454 caeteris
2110 2398 2323 2454 cunctis
2344 2397 2598 2468 gentibus
2629 2394 2836 2449 dictum
2865 2404 2946 2447 est
2979 2405 3008 2445 a
3043 2389 3353 2458 prephetia,

1777 2488 1894 2545 fore
1925 2498 1983 2543 ut
2027 2486 2438 2541 reminiscantur
2474 2494 2523 2538 et
2554 2491 2931 2536 convertantur
2967 2481 3034 2534 ad
3066 2479 3353 2532 Dominum

1778 2581 2005 2634 universi
2035 2579 2162 2646 ﬁnes
2196 2587 2347 2631 terra:
2375 2577 2440 2628 3’.
2484 2574 2788 2630 lsmaelitas
2821 2582 3003 2626 autem
3052 2570 3196 2623 haud
3239 2568 3357 2622 fore

1781 2668 2077 2741 participes
2165 2667 2409 2730 foederis,
2480 2667 2596 2735 ipse
2661 2662 2806 2718 Deus
2867 2661 3170 2731 judicavit,
3237 2659 3359 2712 ideo

1783 2774 2009 2828 prorsus
2050 2758 2177 2828 quia
2234 2756 2609 2810 adversarium
2657 2753 2774 2820 ejus
2811 2753 3116 2806 daemonem
3153 2752 3359 2804 colunt.

1861 2847 1962 2903 93.-
1994 2846 2051 2901 Si
2098 2863 2227 2917 ergo
2274 2847 2390 2915 ipse
2439 2846 2581 2900 Deus
2633 2844 2842 2899 findere
2899 2858 2999 2897 suo
3052 2840 3358 2895 lsmaelitas

1788 2939 2036 3003 exclusit,
2093 2937 2254 3008 idque
2299 2937 2422 2990 inde
2481 2945 2722 3000 constat,
2761 2934 2891 3004 quia
2925 2948 3094 3003 usque
3125 2933 3190 2985 ad
3222 2934 3362 2986 hanc

1790 3031 1935 3086 diem
1983 3030 2274 3084 noluerunt
2310 3043 2341 3082 a
2380 3027 2576 3081 divinae
2626 3025 2924 3094 Scriptura?
2973 3024 3216 3091 angelica
3265 3024 3364 3076 do-

1791 3119 1966 3178 ctrina
2007 3120 2212 3173 erudiri
2243 3137 2255 3187 ;
2285 3119 2555 3172 undenam
2604 3117 2932 3172 camelarius
2973 3117 3231 3183 deceptor
3274 3114 3364 3169 ille

1768 3209 2010 3265 'tertium
2050 3207 2228 3262 foedus
2260 3207 2607 3275 impudenter
2637 3204 2854 3268 detulit,
2887 3203 3219 3258 calumniam
3250 3199 3362 3253 Deo

1797 3300 2003 3354 faciens
2025 3288 2306 3368 ‘jactanter
2339 3297 2589 3359 dicendo,
2638 3311 2695 3350 se
2730 3295 2797 3349 de
2832 3295 2971 3348 casio
3016 3308 3189 3361 nugas
3237 3306 3366 3345 suas

1793 3402 1846 3445 et
1876 3390 2090 3445 fabulas
2125 3399 2176 3444 et
2208 3388 2442 3457 ineptias
2471 3387 2688 3440 inscitia
2718 3384 3150 3454 insipientiaque
3181 3383 3368 3451 plenas

1793 3481 2088 3551 accipere?
2120 3481 2222 3546 Qui
2276 3480 2352 3532 ait
2384 3477 2611 3531 Mariam
2650 3475 2855 3546 Moysis
2904 3489 3150 3530 sororem
3203 3473 3367 3527 Chri-

1796 3579 1940 3624 stum
1992 3570 2291 3638 peperisse,
2342 3582 2410 3619 an
2461 3580 2734 3620 summam
2779 3563 3021 3633 aliquam
3080 3562 3368 3636 stultitiam

1797 3661 2236 3730 exquisitamque
2270 3656 2542 3711 inscitiam
2577 3656 2784 3718 omisit,
2818 3669 2983 3723 quam
3019 3654 3250 3708 insanus
3287 3652 3372 3705 hic

1799 3751 1852 3805 in
1892 3757 2056 3820 caput
2081 3749 2363 3818 prOprium
2396 3761 2502 3800 non
2535 3744 2827 3799 ell‘uderit?
2850 3743 3199 3814 Quanwpere
3226 3744 3371 3796 hunc

1797 3853 1826 3891 a
1872 3836 2073 3891 Judmis
2105 3837 2173 3890 ob
2223 3837 2276 3888 id
2320 3834 2534 3887 irrideri
2578 3835 2800 3902 putatis,
2838 3840 2892 3887 et
2926 3848 2955 3884 a
2988 3831 3370 3894 Samaritanis,

1799 3938 1964 3997 atque
1985 3929 2056 3983 ab
2075 3927 2332 3980 erunibus
2363 3935 2631 3994 quotquot
2655 3923 2821 3979 Vetus
2837 3923 3160 3991 Novumque
3184 3922 3374 3975 Testa-

1801 4029 2044 4075 mentum
2073 4020 2380 4074 noverunt?
2411 4017 2694 4084 Quomodo
2727 4018 2893 4087 igitur
2915 4033 3080 4070 ausus
3101 4025 3204 4080 est,
3229 4018 3374 4070 dicet

1801 4112 2015 4182 aliquis,
2051 4112 2246 4165 librum
2299 4109 2453 4177 illum
2500 4108 2772 4178 appellare
2811 4107 3090 4162 caelestem
3122 4105 3375 4174 ?Nempe

1802 4204 1928 4274 quia
1969 4204 2266 4272 inspiratus
2303 4200 2405 4254 fuit
2437 4200 2505 4254 ab
2536 4215 2601 4253 eo
2640 4199 2731 4268 qui
2763 4199 2940 4252 dixit:
2975 4196 3182 4251 Panum
3225 4197 3375 4250 thro-

136 4291 321 4359 ρανίαν
352 4291 578 4345 καλέσαι
601 4291 812 4362 βίϐλονς
855 4293 949 4345 Ἐκ
980 4291 1074 4345 τοῦ
1105 4293 1513 4363 ἐμπνευσθῆναι
1537 4294 1679 4347 αὐτὸε

1804 4313 1927 4350 num
1957 4311 2127 4348 meum
2161 4295 2215 4346 in
2246 4291 2466 4346 nubibus
2498 4291 2634 4356 caeli,
2672 4290 2864 4344 similis
2896 4307 2984 4344 ero
3013 4290 3284 4342 Altissimo
3311 4289 3377 4351 ³³,

136 4383 280 4452 παρὰ
312 4382 752 4453 τοῦκείρηκότοςυ
802 4383 977 4450 Θήσω
1015 4384 1124 4437 τόν
1170 4383 1390 4452 θρόνον
1436 4402 1556 4454 μου
1601 4386 1701 4439 ἐπὶ

137 4469 252 4522 τῶν
278 4470 557 4538 νεφελῶν
589 4471 695 4526 τοῦ
730 4472 1013 4540 οὐρανοῦ,
1036 4473 1134 4527 καί
1163 4454 1383 4542 ’ἔσομαι
1407 4473 1608 4543 ὅμοιος
1626 4475 1703 4542 τῷ

148 4554 433 4626 ’Υψίστφ,
465 4557 560 4610 τοῦ
585 4560 736 4623 ὄντος
764 4560 856 4613 καὶ
890 4561 1183 4630 λεγομένου
1212 4562 1413 4633 πατρὸς
1435 4563 1530 4616 τοῦ
1569 4563 1702 4631 ψεύ-

138 4647 273 4712 δους.
305 4648 404 4711 Τις
431 4648 538 4718 γὰρ
569 4649 633 4703 ἂν
676 4651 809 4712 ὅλως
833 4652 1070 4720 ἐντυχὼν
1117 4657 1183 4722 τῇ
1215 4653 1337 4724 θεία
1383 4655 1570 4726 Γραφῇ
1604 4656 1704 4708 οὐκ

141 4739 546 4811 ικπλαγήσεται
575 4740 650 4811 τῷ
683 4740 902 4811 μεγέθει
951 4740 1046 4794 τοῦ
1078 4743 1325 4811 ψεύδους,
1357 4745 1434 4796 ὅτ’
1463 4745 1528 4798 ἂν
1572 4745 1703 4815 λέγῃ

142 4831 373 4899 Χριστὸν
405 4834 470 4885 ὲκ
493 4831 710 4901 Μαρίας
736 4832 834 4901 τῆς
869 4832 1101 4904 ἀδελφῆς
1132 4833 1409 4897 Μωῦσέως
1439 4837 1702 4904 γεγεννῆ-

145 4922 295 4988 σθαι;
330 4925 396 4975 Ὃ
417 4925 511 4977 τοῦ
534 4925 741 4994 μακροῦ
756 4926 938 4996 γήρως
967 4926 1064 4996 τῆς
1092 4925 1366 4996 Παρθένου
1386 4929 1398 4978 l
1421 4928 1700 4995 δισχιλίων

144 5013 246 5084 γάρ
281 5033 403 5077 πως
432 5017 618 5085 σχεδὸν
653 5017 786 5070 έτῶν
813 5017 1090 5086 περιόδους
1129 5016 1492 5089 παρεληλύθει
1545 5019 1705 5089 μέχρι

146 5101 378 5173 Χριστοῦ
411 5110 736 5177 γεννήσεως,
772 5107 864 5178 ἀφ’
904 5104 964 5162 οῦ
1015 5107 1203 5178 Μαρία
1229 5110 1296 5163 τὰ
1323 5107 1572 5180 κύμϐαλα
1607 5113 1704 5162 ἀν·

1808 4384 1874 4440 ab
1912 4400 1996 4451 eo,
2046 4384 2292 4454 inquam,
2331 4383 2422 4451 qui
2450 4391 2533 4436 est
2562 4389 2616 4436 et
2641 4380 2842 4435 dicitur
2892 4381 3162 4436 mendacii
3200 4388 3377 4448 pater.

1808 4476 1939 4544 Quis
1986 4476 2131 4532 enim
2172 4477 2368 4530 divina:
2405 4475 2701 4542 Scriptura:
2737 4477 2962 4545 peritus,
3001 4489 3108 4528 non
3141 4473 3382 4541 stupebit

1807 4564 2077 4632 mendacii
2103 4567 2495 4621 immanitatem
2534 4607 2548 4629 ,
2588 4582 2710 4621 cum
2745 4569 2820 4620 ait
2846 4565 3192 4618 Molramedes
3222 4565 3381 4616 Chri-

1808 4675 1951 4715 stum
1995 4675 2060 4714 ex
2087 4659 2253 4713 Maria
2295 4659 2495 4728 Moysis
2531 4674 2719 4712 sorore
2757 4668 2943 4710 natum
2973 4656 3050 4708 ‘lo
3083 4656 3379 4724 longmvam

1810 4751 2038 4822 virginis
2070 4749 2403 4806 senectutem
2438 4753 2448 4804 l
2483 4751 2679 4802 etenim
2718 4751 2798 4803 bis
2832 4748 2978 4802 mille
3006 4746 3174 4802 ferme
3203 4761 3379 4800 anno-

1814 4854 1934 4896 rum
1980 4843 2348 4896 revolutiones
2394 4841 2823 4892 intercesserunt
2860 4854 3033 4908 usque
3075 4839 3140 4892 ad
3177 4837 3382 4892 CltriSIi

1815 4934 2175 4995 nativitatem,
2216 4947 2279 4985 ex
2308 4944 2415 4999 quo
2464 4928 2630 4982 Maria
2681 4929 2991 4999 cymbalum
3039 4927 3273 4995 pulsavit
3314 4926 3378 4977 ".

1815 5026 2077 5080 Praeclare
2118 5025 2241 5077 hinc
2264 5036 2395 5076 sane
2419 5023 2882 5091 demonstrabitpr
2924 5037 2988 5076 ex
3035 5022 3230 5073 Davide
3260 5018 3379 5071 Jes-

1787 5116 1906 5192 .sazi
1977 5116 2085 5167 lilio
2152 5118 2482 5180 propagatus
2540 5111 2840 5166 Christus!
2890 5108 3138 5164 llaeccine
3199 5106 3377 5158 divina

217 5296 262 5334 ⁸¹
291 5297 402 5357 lsa.
437 5316 478 5367 l,
509 5301 595 5357 14.
671 5305 716 5335 ³³
748 5303 890 5360 Psal.
929 5321 1044 5370 χχι,
1067 5307 1157 5361 ‘28.
1237 5308 1280 5340 ⁸³
1327 5307 1429 5363 lsa.
1474 5325 1584 5368 xtv.
1617 5311 1679 5363 ll

1782 5311 1822 5343 ”
1851 5313 2021 5366 Exod.
2055 5326 2140 5371 xv,
2181 5309 2271 5363 9.0.
2303 5379 2306 5383 Δ

217 5477 510 5560 (θϐᾘίιιε
535 5479 600 5560 de
629 5495 688 5535 re
714 5481 951 5560 diximus
987 5484 1092 5560 iam
1141 5485 1258 5560 col;
1276 5485 1562 5560 708,__adn.
1601 5489 1681 5551 l9,
1715 5499 1767 5542 et
1790 5492 1893 5546 col.
1920 5490 2185 5556 7'27,adn.
2223 5489 2290 5546 69
2317 5509 2329 5558 ;
2352 5504 2663 5560 quanquam
2697 5489 2855 5559 paulo
2887 5486 3047 5539 latius
3095 5483 3218 5538 facit
3252 5484 3381 5537 illud

163 5552 418 5621 temporis
448 5551 682 5621 spatium
714 5551 952 5610 Nicetas.
989 5552 1200 5610 Vidcsis
1222 5555 1438 5610 Eusebii
1465 5559 1783 5614 cluonicon.
