3926 6308
577 274 676 334 791
1839 280 2134 342 NICET/E
2173 281 2577 346 BYZANTINI
3704 301 3806 364 792

569 387 853 456 Scriptura
907 399 990 444 est
1031 391 1064 463 ξ
1093 392 1179 446 hic
1212 394 1449 449 ccelestis
1511 394 1647 450 liber
1677 397 1703 450 Ἰ
1737 394 1782 451 Ο
1813 387 2080 454 inscitiam

2195 401 2557 484 ιεκρούσατο.
2606 406 2818 478 Σφόδρα
2852 408 2908 461 δὲ
2935 411 3028 464 καὶ
3069 412 3232 468 Δαϐὶδ
3284 413 3398 478 υἱὸς
3444 416 3538 469 τοῦ
3584 418 3801 484 Ἰεσσαὶ,

524 472 530 478 ’
569 490 602 528 o
634 476 933 532 infelicium
965 480 1319 538 barbarorum
1357 487 1682 541 dementiam
1726 490 1739 542 l

2243 483 2309 546 ἔκ
2340 478 2534 547 τούτου
2562 497 2616 550 δέ
2705 472 2938 569 Χριστὸς
2971 505 3338 575 καταγόμενος
3377 472 3798 564 ἀποδείκνυταιῖ

570 565 726 619 τοῦτο
762 566 882 620 θεία
909 569 1130 641 Γραφή;
1181 575 1335 628 τοῦτο
1360 565 1608 647 οὐράνιον
1657 580 1896 650 βιελίον;
1949 579 1995 632 ὣ
2032 579 2138 634 ἀπὸ
2173 580 2273 654 τῆς
2304 584 2554 653 ἀλογίαςί
2613 565 2796 670 sese
2857 592 2956 662 τῆς
3020 565 3204 660 ἀνοίας
3255 565 3365 651 τεν
3413 599 3614 653 ἀθλίων
3672 601 3790 671 βσιρ⁸

569 665 750 733 ϐάρων
773 671 785 721 !
1682 683 1686 688 '

636 761 724 816 94.
770 764 938 835 Igitur
977 770 1251 838 tumlquia
1285 785 1314 823 a
1357 769 1558 826 divinae
1606 769 1904 840 Scriptura
1949 780 2087 825 menl

2307 768 2736 844 ιιδῖνΤοιγαροῦν
2765 776 2874 830 ἀπό
2913 794 2972 831 τε
3006 778 3103 850 τῆς
3117 769 3276 836 θιατά
3309 781 3530 852 Γραφὴν
3554 783 3796 847 διανοίας

563 853 773 910 alienus
823 872 1049 924 prorsus
1096 869 1147 913 et
1191 869 1486 917 extraneas
1529 871 1614 918 est
1667 864 1756 918 hic
1808 864 2087 918 maledictu

2237 856 2394 928 ξένης
2417 861 2510 913 καὶ
2539 861 2822 932 ἀλλοτρίας
2853 866 3222 937 τυγχανούσης
3244 869 3343 938 τῆς
3379 871 3656 942 ἐπαράτου
3699 873 3795 924 αὑ-

563 943 805 1008 ipsorum
860 947 996 1002 liber
1031 965 1045 1014 ;
1076 959 1186 1003 tum
1229 952 1356 1021 quia
1393 951 1533 1008 Deus
1573 953 1688 1023 ipse
1719 954 1966 1024 indignos
2008 955 2087 1008 ille

2233 949 2342 1002 τῶν
2372 949 2553 1019 βίϐλου
2592 953 2727 1021 πρὸς
2759 954 2858 1022 τὴν
2886 954 3033 1008 θείαν
3061 955 3317 1025 Γραφῆν,
3354 958 3462 1012 ἀπό
3489 977 3546 1012 τε
3573 959 3668 1012 τοῦ
3704 959 3796 1013 τὸν

561 1033 764 1089 laedere
793 1053 894 1092 suo
935 1040 1196 1108 judicavit
1231 1059 1247 1108 ;
1281 1043 1414 1098 satis
1453 1059 1780 1113 cognoscere
1815 1057 2087 1112 possumus

2233 1039 2366 1094 Θεὸν
2396 1040 2498 1108 τῆς
2532 1042 2697 1095 αὐτοῦ
2727 1042 2991 1115 διαθήκης
3042 1046 3299 1112 ἀναξίους
3349 1049 3544 1112 αὐτοὺς
3584 1051 3792 1119 κρῖναι,

506 1125 511 1127 ’
558 1124 884 1179 camelinum
935 1128 1078 1183 hunc
1109 1130 1309 1184 librum
1349 1132 1547 1209 habere
1591 1140 1865 1185 auctorem
1914 1131 2087 1186 daemo

2229 1135 2463 1188 συνιδεῖν
2491 1136 2640 1190 ἐστιν
2668 1139 2749 1191 ὅτι
2779 1139 2871 1193 τοῦ
2901 1140 3192 1209 οὐρανόθεν
3221 1143 3479 1206 πεσόντος
3505 1145 3621 1197 ἐστὶ
3671 1143 3792 1197 δαί-

557 1229 677 1266 nem
728 1216 824 1284 qui
875 1218 941 1272 de
997 1221 1137 1274 coelo
1174 1222 1395 1276 excidit.
1428 1204 1655 1290 ~Quippe
1700 1221 1963 1291 quidquid
2013 1223 2087 1278 De

2230 1210 2396 1290 μονος
2443 1224 2476 1292 ἠ
2525 1225 2901 1296 καμηλόθυτος
2959 1204 3140 1298 ἐκείνη
3173 1229 3385 1299 βίϐλοςο
3420 1204 3528 1284 παν
3563 1235 3675 1301 γάρ
3733 1233 3793 1284 τὸ

555 1305 920 1374 abalienatur,
952 1309 1003 1363 in
1029 1310 1646 1365 contrariamdaamonis
1661 1320 1872 1380 partem
1900 1312 2087 1381 migrat

2228 1311 2742 1382 ἀπηλλοτριωμένον
2773 1313 2928 1379 Θεοῦ,
2970 1316 3048 1378 είς
3081 1317 3179 1386 τὴν
3203 1318 3451 1371 ἐναντίαν
3481 1319 3572 1371 καὶ
3597 1319 3792 1388 δαιμο-

551 1394 688 1450 Nam
722 1399 768 1453 si
797 1398 889 1454 Dei
920 1416 1043 1455 esse
1070 1400 1334 1469 lsaaeum,
1368 1402 1502 1468 veri,
1544 1402 1790 1472 inquam,
1830 1402 1947 1468 Dei,
1980 1403 2087 1456 indi

2224 1400 2386 1471 νιώδη
2416 1403 2768 1472 περιίσταται
2798 1405 3022 1474 μοῖραν·
3044 1407 3093 1457 εί
3120 1405 3227 1475 γὰρ
3253 1406 3346 1459 τοῦ
3375 1407 3506 1460 Θεοῦ
3533 1403 3676 1462 εἶναι
3699 1409 3791 1462 τὸν

552 1488 697 1542 cium
731 1490 1078 1552 manifestum
1111 1502 1212 1555 est,
1262 1491 1405 1561 quod
1438 1493 1781 1547 constituerit
1827 1507 1949 1547 cum
2000 1492 2087 1560 ipsi

2239 1490 2443 1556 Ἰσαὰκ,
2477 1493 2570 1546 τοῦ
2617 1494 2785 1556 ὅντως
2821 1494 2879 1547 δέ
2933 1495 3068 1550 Θεοῦ
3120 1499 3345 1567 σημεῖον
3393 1501 3661 1568 ἐμφανὲς,
3728 1501 3790 1554 τὸ

549 1577 774 1646 fcedus;
813 1599 832 1632 ι
866 1580 1133 1647 Statuam,
1172 1583 1367 1653 inquit,
1392 1583 1572 1639 foedus
1621 1599 1798 1638 meum
1827 1599 1950 1640 cum
1978 1584 2087 1654 ipso

2225 1580 2418 1652 στῆσαι
2447 1585 2609 1637 αὐτὸν
2641 1585 2777 1654 πρὸς
2804 1584 2953 1655 αύτῷ
2980 1584 3078 1656 τὴν
3100 1587 3266 1640 αὐτοῦ
3299 1588 3562 1659 διαθήκην
3591 1593 3607 1661 (
3618 1610 3634 1641 ι
3649 1592 3788 1661 Στή-

495 1685 498 1689 ’
550 1678 610 1723 ut
629 1671 729 1725 sim
756 1671 877 1742 ejus
904 1673 1064 1740 Deus,
1085 1689 1297 1730 necnon
1323 1666 1548 1732 seminis
1567 1677 1685 1746 ejus
1709 1686 1830 1745 post
1847 1677 2056 1746 ipsum;

2220 1641 2459 1744 σω’γάρ,
2493 1677 2645 1744 φησὶ,
2683 1641 2792 1745 ’τὴν
2836 1641 3097 1748 διαθήκην
3127 1694 3227 1747 μου
3255 1679 3390 1748 πρὸς
3423 1641 3606 1740 αὑτὸν,
3635 1641 3783 1734 εῖναι

546 1761 813 1820 indicium
847 1765 1084 1823 vicissim
1114 1777 1200 1823 est
1231 1785 1338 1822 non
1371 1784 1490 1825 esse
1522 1769 1916 1843 lsmaelitarum
1945 1770 2087 1824 Deuu

2215 1763 2380 1817 αὑτοῦ
2409 1764 2540 1828 Θεὸς
2571 1764 2664 1819 καὶ
2694 1766 2771 1836 τῷ
2818 1767 3091 1838 σπέρματι
3148 1768 3311 1821 αὑτοῦ
3349 1771 3466 1838 μετ’
3493 1771 3654 1825 αὐτὸν
3688 1791 3707 1824 ι
3735 1775 3779 1841 ),

547 1857 899 1925 peculiarem,
931 1875 1246 1928 quanquam
1271 1863 1480 1917 ratione
1518 1863 1810 1917 creationis
1837 1864 1907 1917 sit
1933 1864 2087 1942 ;_hoc

2214 1856 2437 1923 σημεῖον
2465 1853 2557 1907 τοῦ
2596 1855 2672 1926 μὴ
2701 1852 2840 1910 εἶναι
2894 1856 3028 1910 Θεὸν
3083 1857 3191 1912 τῶν
3234 1860 3593 1933 Ἰσμαηλιτῶν
3652 1864 3780 1917 κατ’

543 1944 784 2014 inquam,
816 1947 893 2014 rei
932 1948 1052 2014 ejus
1085 1947 1343 2002 indicium
1382 1957 1486 2014 est,
1533 1948 1678 2016 quod
1715 1955 1956 2002 statuere
1985 1963 2087 2004 cun

2209 1942 2502 2009 olxe‘iwaw,
2538 1948 2588 1999 εί
2611 1948 2705 2000 καὶ
2741 1947 2816 2019 τῷ
2840 1949 3214 2022 δημιουργικῷ
3237 1952 3380 2023 λόγῳ
3403 1955 3600 2020 ἔνεστι,
3617 1957 3677 2009 τὸ
3702 1957 3778 2028 μὴ

542 2034 649 2090 illis
701 2037 880 2092 fcedus
949 2038 1090 2092 Deus
1151 2037 1718 2100 noluerit..D’iabolus
1781 2039 1963 2109 itaque
2020 2045 2111 2095 est

540 2125 757 2179 illorum
806 2127 962 2189 deus,
1004 2128 1095 2197 qui
1144 2126 1311 2182 Deum
1351 2130 1608 2183 slmulat:
1646 2144 1959 2199 quanquam
1989 2145 2107 2186 me-

537 2226 702 2273 tuens
724 2233 789 2272 ne
820 2219 910 2274 tali
941 2234 1107 2288 scopo
1139 2236 1238 2274 suo
1267 2221 1502 2286 excidat,
1542 2220 1728 2275 dolose
1760 2234 1956 2274 nomen
1980 2235 2108 2290 pro.

537 2308 718 2377 prium
757 2310 968 2375 reticet,
1018 2312 1162 2379 qu‘od
1196 2312 1334 2381 apud
1381 2327 1571 2367 omnes
1619 2312 1866 2366 homines
1897 2312 2101 2368 infame

537 2401 641 2464 est,
697 2400 919 2469 verique
957 2403 1138 2470 potius
1179 2404 1268 2456 Dci
1301 2403 1712 2472 appellationem
1744 2418 1854 2472 prae
1888 2419 1946 2458 se
1976 2402 2101 2458 fert.

539 2489 634 2544 Est
660 2490 804 2544 enim
835 2491 937 2546 hoc
971 2501 1294 2547 consuetum
1333 2494 1562 2563 improbi
1589 2486 1752 2564 hujus
1781 2495 2100 2551 artiﬁcium.

535 2579 596 2632 Si
638 2593 769 2647 ergo
817 2583 974 2634 deum
1010 2595 1169 2635 suum
1212 2582 1410 2636 habere
1459 2583 1752 2637 Abrahami
1785 2583 1954 2640 Deum
1997 2599 2110 2641 cu-t

532 2671 691 2739 piunt
726 2670 781 2724 hi
817 2672 1057 2735 barbari,
1107 2673 1334 2740 impium
1385 2674 1535 2727 illum
1581 2673 2102 2746 fraudulentnmque

534 2762 757 2828 librum,
792 2763 1020 2841 ejusque
1065 2778 1292 2832 pravum
1323 2776 1624 2831 auctorem,
1658 2767 1888 2820 stultum
1918 2767 2101 2822 homi-

535 2869 683 2917 nrm,
725 2855 958 2923 ejurent.
1013 2857 1220 2926 unique
1275 2858 1649 2912 assentiantur
1698 2858 1909 2915 divinae.
1950 2857 2101 2914 Scri-

2208 2035 2475 2106 ηξιῶσθαι
2498 2036 2689 2108 στῆναι
2720 2039 2856 2112 πρὸς
2877 2039 3074 2104 αὐτοὺς
3093 2039 3192 2111 τὴν
3216 2043 3308 2095 τοῦ
3326 2043 3460 2096 Θεοῦ
3485 2045 3776 2114 διαθήκην.

2219 2120 2278 2179 Ὀ
2307 2125 2550 2192 διάϐολος
2595 2127 2704 2202 ἀρα
2731 2127 2851 2192 θεὸς
2881 2129 3080 2195 αὐτῶν,
3107 2131 3136 2182 ὁ
3168 2133 3260 2185 τοῦ
3281 2132 3416 2186 Θεοῦ
3439 2133 3776 2202 καταψευδό-

2208 2233 2405 2286 μενος·
2458 2219 2508 2271 el
2537 2219 2631 2273 καὶ
2661 2219 2811 2290 φόϐῳ
2852 2218 2944 2273 τοῦ
2995 2221 3348 2275 ἐκπεσεῖσθαι
3403 2223 3496 2276 τοῦ
3528 2224 3774 2277 τοιούτου

2207 2307 2412 2363 σκοποῦ
2444 2309 2505 2363 τὸ
2529 2310 2722 2364 ἐαυτοῦ
2752 2311 2983 2380 δολερῶς
3026 2315 3422 2384 ἀποσιωπήσας
3451 2315 3640 2386 δνομα,
3683 2317 3775 2370 διὰ

2203 2401 2263 2453 τὸ
2290 2400 2389 2470 ήδη
2405 2401 2789 2468 διαϐεϐλῆσθαι
2813 2402 2967 2475 παρά
2989 2405 3205 2459 πάντων
3228 2405 3531 2476 ἀνθρώπιον
3556 2408 3652 2478 τὴν
3676 2409 3771 2460 τοῦ

2200 2488 2353 2553 ὄντος
2385 2489 2518 2543 Θεοῦ
2552 2493 2922 2564 προσηγορίαν
2977 2495 3374 2564 προϐάλλεται·
3438 2495 3668 2566 σύνηθες
3708 2497 3768 2550 δὲ

2199 2580 2278 2650 τῷ
2327 2578 2549 2650 πονηρῷ
2605 2581 2840 2653 rosum
2877 2581 3100 2654 τοιαύτη
3128 2584 3364 2655 μεθοδία.
3415 2585 3477 2638 Et
3519 2582 3610 2638 οῦν
3642 2585 3767 2638 θεὸν

2202 2672 2413 2727 ἑαυτῶν
2457 2672 2602 2743 ἐχειν
2665 2673 2757 2727 τὸν
2807 2674 2902 2727 τοῦ
2944 2675 3196 2745 ’Δϐραάμ
3241 2675 3375 2729 Θεὸν
3412 2678 3461 2728 ot
3497 2675 3764 2746 βάρϐαροι

2201 2760 2538 2832 γλιχόμενοι,
2568 2761 2666 2834 τὴν
2695 2763 2954 2834 ἀθέμιτον
2997 2765 3212 2833 ἐκείνην
3242 2764 3337 2816 καὶ
3367 2765 3646 2835 ἀπατηλήν
3680 2765 3762 2834 βί-

2203 2850 2348 2917 ϐλον,
2409 2853 2500 2905 καὶ
2556 2853 2650 2906 τὸν
2709 2851 2914 2922 ταύτην
2966 2853 3484 2922 σκαιογραφήσαντα
3505 2837 3765 2921 χμᾲταιον

533 2955 727 3014 ptum,
781 2953 942 3014 atque
969 2944 1089 3014 ejus
1140 2959 1331 2998 norma
1368 2953 1642 3014 regantur.
1677 2946 1782 2998 Aut
1820 2945 1864 2999 si
1912 2945 2087 2998 volunt

2201 2940 2483 3011 ἄνθρωπον
2539 2941 2988 3012 ἐξαρνείσθωσαν,
3020 2942 3116 2994 καὶ
3170 2942 3554 3011 στοιχείτωσαν
3616 2944 3757 3017 μόνῃ

531 3037 731 3090 librum
773 3051 931 3090 suum
966 3035 1097 3089 huic
1125 3044 1474 3104 anteponere,
1513 3044 1564 3088 et
1601 3035 1970 3088 adversarium
2001 3034 2087 3089 Dei

2197 3033 2262 3101 τῇ
2298 3031 2416 3104 θείᾳ
2462 3034 2674 3103 Γραφῇ,
2723 3032 2813 3085 καὶ
2859 3031 2950 3084 ὑπ’
2995 3033 3164 3101 αὐτῆς
3213 3033 3693 3101 ,ποδηγείσθωσαψ
3722 3035 3758 3106 ἢ

527 3125 827 3179 Abrahami
881 3125 1111 3178 adorare
1163 3143 1177 3190 ;
1223 3126 1429 3194 pudore
1493 3123 1900 3191 sull'undantur,
1969 3124 2087 3193 quia

2196 3122 2412 3192 ἐκείνην
2439 3123 2640 3193 ταύτης
2687 3123 3100 3202 προκρίναντες,
3133 3125 3223 3176 τὸν
3258 3125 3628 3195 ἀντικείμενον
3662 3129 3762 3180 τοῦ

528 3217 749 3272 nomine
797 3225 955 3272 tenus
1008 3215 1117 3270 Deo
1168 3216 1464 3270 Abrahami
1525 3215 1948 3286 gloriantur;et
2006 3231 2087 3271 res

2196 3213 2333 3266 Θεοῦ
2378 3214 2473 3266 τοῦ
2510 3214 2761 3283 Ἀϐραὰμ
2807 3215 3266 3280 προσκυνοῦντες,
3305 3217 3758 3283 ἐγκαλυπτέσθωο

527 3316 690 3378 atque
738 3308 1049 3378 Scripturas
1111 3308 1541 3362 inconciliabiles
1576 3307 1780 3361 frustra
1841 3308 2087 3376 proferre

2199 3319 2320 3368 σαν,
2347 3302 2420 3365 ὼς
2444 3302 2583 3370 ψιλῷ
2608 3302 2685 3372 τῷ
2717 3303 2806 3356 τοῦ
2826 3304 3081 3374 Ἀϐραὰμ
3105 3304 3326 3374 ὀνόματι
3361 3307 3518 3374 μόνον
3546 3308 3760 3361 καλλω-

527 3399 946 3452 convincantur.
994 3396 1242 3464 Namque
1275 3411 1303 3450 a
1334 3397 1581 3449 demente
1631 3395 1781 3462 nihil,
1812 3394 2014 3457 ditl‘ert,
2050 3398 2087 3448 is

2197 3393 2478 3461 πιζόμενοι
2519 3394 2610 3446 καὶ
2634 3393 2976 3464 ἀκατάλληλα
3005 3397 3116 3457 τοῖς
3134 3397 3417 3466 πράγμασι
3443 3398 3533 3450 καὶ
3569 3400 3757 3466 γρὰμο

527 3492 620 3561 qui
651 3472 1146 3563 dicit‘Pharaonem
1173 3499 1227 3542 et
1255 3486 1559 3557 Augustum
1587 3486 1774 3540 eadem
1819 3494 1975 3539 a‘tate
2006 3500 2087 3539 re-

2199 3504 2333 3555 μασι
2372 3486 2826 3555 κενοφωνοῦντες,
2860 3487 3361 3559 ἐξελεγχέσθωσανι
3425 3492 3755 3560 μαινομένου

525 3583 740 3654 gnasse.
766 3580 878 3636 Iloc
900 3581 1042 3638 cnim
1069 3580 1381 3660 necessario
1408 3580 1781 3647 consequitur,
1811 3578 1857 3630 si
1887 3577 2087 3647 Moysi:

2195 3577 2301 3648 γὰρ
2334 3577 2484 3631 οὐδὲν
2512 3577 2812 3647 διενήνοχεν
2836 3580 2864 3630 ὁ
2893 3579 3066 3648 λέγων
3089 3580 3178 3632 τὸν
3201 3580 3401 3650 Φαραὼ
3425 3582 3517 3633 καὶ
3539 3582 3756 3651 Αὔγου-

523 3688 679 3728 soror
711 3669 988 3727 Christum
1033 3671 1243 3740 peperit
1273 3687 1284 3723 :
1315 3670 1388 3724 ita
1421 3678 1480 3721 ut
1505 3668 1758 3723 Christus
1805 3668 1888 3722 bis
1943 3667 2087 3722 mille

2195 3684 2315 3720 στον
2340 3668 2482 3744 κατά
2506 3669 2700 3722 ταυτὸν
2745 3670 3164 3739 συμϐασιλεύειν
3195 3672 3404 3742 χρόνον.
3432 3671 3602 3725 Τοῦτο
3639 3675 3754 3744 γάρ

521 3780 697 3820 annos
735 3773 919 3826 natus,
976 3764 1069 3816 tali
1113 3777 1239 3816 cum
1281 3760 1435 3815 senio
1475 3768 1600 3812 ante
1647 3759 1878 3814 Pilatum
1925 3773 2087 3826 appa-

2195 3760 2439 3823 ῐπεσθαι,
2471 3761 2684 3831 ἀνάγκη
2744 3761 2841 3830 τῆς
2894 3745 3129 3832 ἀδελφῆς
3193 3749 3469 3826 Μωῦσέως
3513 3765 3755 3833 Χριστὸν

475 3869 480 3871 ·
521 3857 690 3913 ruerit
725 3863 822 3924 ;et
851 3856 1016 3910 Maria
1050 3854 1272 3909 totidem
1309 3863 1402 3906 aut
1447 3851 1608 3907 etiam
1656 3852 1841 3921 plures
1891 3851 2087 3904 vixerit

2195 3847 2422 3913 κυούσης
2442 3863 2455 3877 ·
2483 3848 2514 3918 ἢ
2550 3848 2782 3919 Χριστὸν
2833 3849 2971 3918 μετά
3000 3849 3269 3920 δισχιλίων
3297 3851 3433 3904 ἐτῶν
3466 3853 3756 3921 περιόδους

520 3963 716 4004 annos.

463 4153 469 4157 '
517 4141 704 4198 XXVI.
753 4140 905 4205 Quod
944 4139 1094 4193 nulla
1128 4141 1195 4192 sit
1235 4119 1443 4192 utilitas
1468 4135 1722 4205 Agarem’s
1757 4151 1810 4187 se
1857 4135 2086 4187 circum-

587 4212 906 4270 cidentibus.
952 4212 1166 4278 ideoque
1200 4209 1506 4274 patentibus
1538 4207 1686 4258 deum
1712 4221 1864 4278 suum
1898 4205 2085 4257 habere

2185 3935 2417 4006 γέροντα
2453 3934 2682 4007 ὀφθῆναι
2707 3936 2786 4005 τῷ
2814 3935 3030 4008 Πιλάτιρ
3048 3937 3118 4007 ’ἢ
3145 3939 3242 4009 τὴν
3271 3938 3492 4008 Μαρίαν
3513 3940 3753 3994 τοσαῦτα

2185 4025 2506 4095 περιϐιῶναι
2536 4027 2568 4096 ἢ
2597 4026 2666 4079 τά
2696 4027 2918 4081 πλείονα
2944 4027 3061 4098 ἐτη.

2183 4136 2332 4201 KG".
2372 4135 3014 4208 "0tz_01’)6£yla_6ma'tc
3037 4136 3159 4208 τοῖς
3203 4137 3552 4206 Ἀταρηνοῖς
3592 4156 3747 4208 περι·
3821 4193 3826 4196 .

2255 4203 2671 4272 τεμνομένοις,
2696 4206 2790 4258 καὶ
2834 4206 2930 4258 διὰ
2987 4206 3163 4260 τοῦτο
3193 4203 3487 4272 οἰομένοις
3515 4203 3750 4262 ἑαυτῶν

585 4282 872 4335 Abraham"
892 4280 1056 4333 Deum
1077 4273 1094 4342 ξ
1129 4289 1181 4330 ut
1202 4273 1328 4330 hinc
1349 4278 1699 4330 demonstrent
1718 4291 1830 4327 vere
1848 4274 2078 4342 ipsorum

2252 4274 2390 4344 θεὸν
2447 4273 2623 4344 ἔχειν.
2657 4275 2763 4326 τὸν
2782 4274 2896 4344 τοῦ
2938 4275 3191 4344 Ἀϐραὰμ
3246 4278 3414 4339 Θεὸν,
3467 4279 3614 4343 πρὸς
3680 4279 3746 4331 τὸ

511 4345 516 4349 ’
588 4351 773 4416 Deum,
795 4367 905 4403 esse
934 4349 1097 4402 Deum
1120 4348 1431 4400 Abral-ami.

502 4456 509 4460 ·
585 4441 847 4495 Herilium
874 4452 1265 4511 praceptorum
1297 4440 1400 4492 alia
1438 4439 1502 4491 ad
1530 4437 1810 4491 utilitatem
1834 4435 2080 4489 subdito-

512 4549 634 4589 rum
664 4532 986 4594 redundant,
1019 4532 1063 4584 si
1093 4532 1448 4583 observentur
1477 4545 1490 4591 ;
1522 4529 1624 4581 alia
1657 4530 1797 4581 heroa
1816 4535 2039 4596 prosunt
2061 4520 2092 4591 ;’

510 4627 614 4680 alia
635 4625 906 4693 utrisque.
926 4623 1187 4676 Similiter
1204 4629 1257 4673 et
1279 4621 1674 4680 inobcdientim,
1689 4619 1806 4672 aliae
1823 4618 2076 4682 subditis,

509 4717 628 4772 alia:
669 4715 944 4774 dominis,
979 4712 1097 4765 alite
1131 4711 1376 4775 utrisque
1406 4707 1789 4759 detrimentum
1823 4706 2073 4760 all‘erunt.

505 4808 729 4864 Cunctis
745 4819 879 4860 vero
892 4804 1228 4871 exploratum
1253 4809 1355 4863 est,
1377 4799 1516 4868 quod
1546 4798 1590 4851 si
1609 4798 1729 4865 quis
1752 4806 2073 4865 praeceptum

506 4899 725 4969 aliquod
763 4895 971 4950 domini
1010 4890 1313 4954 violaverit,
1359 4904 1524 4958 seque
1557 4888 1756 4942 suimet
1797 4887 2084 4941 dominum

506 4988 872 5052 constituerit,
897 4987 1073 5041 adhuc
1093 4993 1274 5044 tamen
1294 4997 1443 5052 spem
1475 4980 1671 5034 retinet
1693 4979 1758 5032 ad
1790 4978 2074 5046 pristinam

507 5080 928 5137 benevolentiam
944 5076 1220 5134 dominum
1239 5090 1397 5129 suum
1417 5071 1681 5127 ﬂectendi.
1700 5068 2074 5123 Verumtamen

507 5171 551 5225 si
586 5172 750 5223 alium
774 5169 995 5223 omnino
1027 5166 1305 5222 dominum
1325 5165 1425 5220 sibi
1458 5162 1734 5226 asciverit,
1763 5159 2075 5213 intolerabi-

505 5262 608 5315 lem
652 5262 752 5316 sibi
809 5260 1011 5315 domini
1054 5260 1138 5313 sui
1192 5259 1326 5313 iram
1364 5264 1646 5327 provocat,
1684 5253 1896 5308 etiamsi
1937 5250 2074 5305 forte

504 5360 700 5406 cuncta
751 5351 895 5407 illius
936 5352 1187 5405 mandata
1226 5350 1510 5416 diligenter
1555 5347 1837 5416 peregerit.
1884 5345 2073 5412 Neque

504 5450 786 5509 tantopere
816 5457 1006 5497 servus
1035 5443 1124 5495 ille
1157 5440 1431 5508 proprium
1464 5453 1520 5491 se
1551 5438 1755 5490 domini
1791 5437 1936 5488 illius
1976 5435 2071 5488 de-

503 5541 806 5599 monstrat,
839 5536 1030 5602 placita
1067 5532 1304 5601 ejusdem
1335 5529 1701 5598 exsequendo,
1737 5538 2070 5598 quantopere

503 5624 737 5678 alienum
787 5640 842 5678 sc
884 5626 950 5676 ab
987 5624 1076 5675 illo
1117 5622 1374 5688 declarat,
1419 5622 1603 5676 aliutn'
1637 5621 1738 5677 sibi
1786 5620 2064 5676 dominum

2255 4342 2443 4405 δεῖξαι
2472 4343 2560 4395 ὅτι
2595 4342 2674 4396 ἀλ
2686 4343 2834 4410 ηθῶς
2860 4345 3058 4397 αὐτῶν
3087 4349 3119 4398 ό
3148 4342 3307 4412 ήΘεὸς
3333 4346 3440 4398 τοῦ
3468 4346 3745 4416 Ἁϐραάμ.

2251 4432 2351 4501 με’.
2393 4433 2513 4486 Τῶν
2545 4433 2880 4488 δεσποτικῶν
2920 4436 3354 4504 προσταγμάτων
3394 4437 3460 4490 τά
3512 4438 3610 4508 μὲν
3663 4440 3746 4503 είς

2179 4527 2304 4589 τοὺς
2345 4526 2617 4596 ὑπηκόους
2647 4526 2802 4596 φέρει
2833 4526 2892 4579 τὸ
2925 4527 3114 4596 κέρδος
3144 4529 3222 4580 ὅτ’
3263 4528 3331 4581 ἂν
3382 4529 3744 4599 φυλάττηται.

2180 4618 2247 4672 τὰ
2273 4617 2328 4669 δὲ
2356 4620 2433 4680 είς
2455 4619 2547 4670 τὸν
2574 4618 2858 4687 δεσπότην,
2889 4618 2960 4674 τὰ
2989 4617 3045 4671 δὲ
3071 4620 3158 4670 ἐπ’
3190 4619 3393 4688 ἀμφοῖν
3412 4635 3428 4650 ·
3463 4619 3648 4690 ὥσπερ
3677 4621 3744 4689 δὴ

2179 4708 2276 4761 καὶ
2288 4708 2726 4778 ἀποκρουόμενα,
2754 4707 2820 4760 τὰ
2838 4709 2937 4777 μέν
2951 4709 3030 4770 είς
3044 4711 3169 4771 τοὺς
3184 4710 3481 4778 ὑπηκόους,
3502 4711 3568 4762 τὰ
3583 4710 3637 4762 δὲ
3659 4712 3744 4773 εἰς

2176 4802 2300 4864 τοὺς
2328 4800 2610 4866 δεσπότας,
2634 4800 2702 4852 τὰ
2725 4801 2782 4853 δέ
2814 4802 2906 4853 καὶ
2936 4803 3015 4863 είς
3041 4798 3383 4871 ἀμφοτέρους
3408 4801 3509 4869 τὴν
3535 4801 3743 4870 ζημίαν
3773 4869 3780 4876 ι

2177 4892 2396 4958 ἐπάγει.
2424 4892 2632 4952 Πάντες
2663 4885 2754 4944 οῦν
2779 4891 2936 4945 τοῦτο
2967 4893 3165 4956 ἴσασιν,
3197 4891 3278 4943 ὄτι
3315 4889 3418 4943 κᾶν
3439 4891 3627 4943 ὁποίαν
3654 4907 3782 4979 etc;

2175 4984 2242 5035 ἂν
2293 4983 2378 5052 εἴη
2436 4981 2722 5052 ἡθετηκὼς
2763 4982 2856 5034 τοῦ
2885 4983 3142 5057 δεσπότου
3183 4980 3423 5049 ἐντολὴν,
3487 4980 3646 5033 αὐτὸν
3679 4980 3768 5032 δὲ’

2177 5075 2367 5126 ἐαυτοῦ
2395 5075 2746 5144 ἐπιγράφοιτο
2785 5075 3008 5144 κύριον,
3065 5073 3175 5141 ἔχει
3222 5067 3379 5134 αὖθις
3429 5071 3616 5124 ἐλπίδα
3653 5074 3738 5134 εἰς

2174 5163 2272 5231 τὴν
2323 5163 2544 5233 πρώτην
2595 5163 2808 5217 εὔνοιαν
2851 5162 3256 5214 ἐπισπάσασθαι
3307 5161 3399 5214 τὸν
3428 5160 3734 5235 δεσπότηνο

2175 5254 2358 5323 ἕτερον
2390 5254 2446 5304 δέ
2482 5254 2679 5326 ἐαυτοῦ
2707 5254 2893 5323 κύριον
2920 5244 3378 5323 ἐπιγραφόμενος,
3408 5254 3738 5308 ἀνύποιστον

2173 5346 2272 5413 τὴν
2308 5339 2476 5414 ὀργὴν
2510 5346 2629 5396 καθ’
2655 5345 2847 5398 ἐαυτοῦ
2871 5345 2969 5416 τὴν
2995 5344 3090 5398 τοῦ
3120 5346 3382 5399 δεσπότου
3413 5346 3736 5415 ἐφέλκεται,

2174 5437 2276 5490 κᾶν
2318 5437 2491 5497 πάσας
2539 5436 2638 5498 τὰς
2688 5437 2901 5499 ἐντολὰς
2947 5436 3109 5490 αὐτοῦ
3142 5438 3445 5500 σπουδαίως
3480 5438 3734 5510 ἐπιτελῇ·

2173 5528 2265 5580 καὶ
2294 5527 2352 5578 ού
2388 5524 2641 5578 τοσοῦτον
2667 5528 2696 5578 δ
2721 5527 2936 5594 οἰκέτης
2970 5528 3176 5591 ἐκεῖνος
3209 5527 3492 5596 γνὼριμόν
3519 5543 3582 5579 τε
3604 5527 3742 5581 tau-

2172 5618 2260 5671 τὸν
2295 5616 2580 5686 καθίστησι
2606 5616 2696 5670 τοῦ
2732 5619 2923 5675 ἑαυτοῦ
2950 5620 3209 5675 δεσπότου
3235 5617 3424 5672 δοῦλον
3459 5613 3626 5686 εἶναι,
3669 5620 3740 5676 ἐκ
