3926 6308
152 229 298 346 793θ

1339 264 1772 329 REFUTATIO
1805 257 2280 322 MOHAMEDIS.

3304 234 3411 300 794

157 391 282 446 τοῦ
311 391 381 445 τά
414 388 621 443 ἐκείνου
676 381 882 456 ἀρεστά
931 379 1222 442 ἱπιτελεῐν,
1272 378 1397 432 ὅσον
1459 375 1740 446 ἀλλότριος

1869 361 2481 437 ιεεῙεεεηόοῺυοόηοω
2501 358 2644 416 enim
2677 355 2870 412 medici
2893 350 3130 410 famulus
3154 345 3412 402 indicium

152 481 556 549 ἀναφαίνεται,
588 479 650 532 ἐκ
683 475 778 530 τοῦ
809 473 997 545 ἕτερον
1031 469 1223 524 ιαυτοῦ
1259 466 1616 523 εἰσποιεῖσθαι
1653 464 1740 516 δε-

160 574 415 642 σπότην.
434 574 588 625 Ποίον
611 569 721 640 γὰρ
750 568 974 642 σημείον
1003 561 1222 632 οἰκέτης
1253 560 1438 631 ἰατροῦ
1456 558 1742 626 ἐπάγεται,

155 661 277 715 τοῦ
311 641 450 717 εἶναι
498 661 660 717 αὑτὸν
687 659 878 729 κύριον
905 641 1014 708 ’νῦν
1045 653 1135 707 τὸν
1167 651 1384 723 ἰατρόν;
1439 650 1516 704 61‘
1561 647 1628 703 ἂν
1675 646 1744 700 τὰ

159 751 284 820 μὲν
337 753 437 819 τῆς
476 751 673 820 τέχνης
722 747 906 809 »καλῶς
938 743 1197 814 γινώσκει
1251 743 1348 795 καὶ
1395 741 1624 812 πράττει
1669 739 1746 802 ὡς

157 836 379 890 ἑαυτοῦ
412 837 654 906 βούλεται
684 829 971 900 δεσπότης,
1019 829 1205 899 ἑτέρου
1245 827 1303 880 δὲ
1345 826 1604 880 δεσπότου
1635 822 1749 876 δοῦ-

156 928 273 981 λον
313 928 506 980 ἑαυτὸν
540 925 878 994 ὐπογράφεις
925 922 1077 975 οὐδὲν
1115 921 1224 990 γάρ
1277 920 1412 972 εἰσιν
1449 918 1636 988 ἕτερον
1690 915 1746 967 αἰ

157 1018 373 1072 λοιπαὶ
398 1017 610 1071 ἐντολαὶ
652 1015 747 1070 τοῦ
784 1012 943 1081 Θεοῦ,
975 1012 1089 1066 ἀλλ’
1113 1013 1146 1081 ἢ
1188 1010 1369 1064 αὐτῶν
1401 1008 1614 1080 ἰατρεία
1656 1007 1751 1060 καὶ

159 1109 454 1178 ὠφέλεια·
485 1110 518 1179 ὴ
549 1109 602 1160 δὲ
643 1109 722 1169 εἰς
755 1105 887 1158 Θεὸν
920 1105 1124 1167 πίστις,
1163 1103 1243 1164 εἰς
1265 1099 1428 1153 αὐτὸν
1459 1100 1556 1168 τὴν
1593 1095 1751 1160 δόξαν

159 1193 538 1268 ἀποκομίζει,
567 1196 924 1267 βεϐαιούντων
950 1193 1204 1271 ἡμῶνβτι
1233 1191 1366 1253 Θεὸς
1390 1189 1593 1258 ἀληθής
1613 1189 1750 1251 ὲστι,

163 1293 280 1345 καὶ
329 1291 415 1344 ὅτι
457 1287 822 1361 ήΔεσποτικὴ
859 1287 1039 1356 σχέσις
1078 1284 1440 1344 ἀδιάσπαστος
1482 1281 1756 1349 συντηρεῖ-

162 1398 301 1435 ται.
337 1383 550 1452 Ὠσπερ
579 1377 672 1433 οὖν
699 1381 794 1433 καὶ
817 1380 872 1431 αἰ
903 1377 1190 1446 ἀθετήσεις
1222 1374 1332 1426 τῶν
1374 1371 1575 1426 λοιπῶν
1605 1372 1756 1423 ὲντο-

165 1471 496 1542 λῶν,ήμῶν
532 1471 631 1542 μὲν
653 1470 832 1525 αὐτῶν
865 1468 1106 1536 γίνονται
1136 1466 1376 1535 ὄλεθρος,
1405 1465 1438 1534 ἡ
1462 1464 1518 1516 δὲ
1539 1463 1638 1531 τῆς
1659 1460 1756 1514 αύέ

165 1561 285 1613 τοῦ
312 1562 629 1624 δεσποτείας
646 1559 979 1631 παραγραφὴ
1005 1559 1166 1611 αὐτὸν
1189 1556 1398 1627 ὑϐρίζει
1422 1554 1511 1606 τὸν
1532 1552 1754 1622 Κύριον

168 1654 326 1706 πότε
390 1654 480 1706 οῦν
531 1652 901 1722 σφοδροτέρως
965 1649 1088 1703 καθ’
1127 1648 1284 1718 ἡμῶν
1336 1645 1756 1714 ὀργισθήσεται;

169 1744 573 1814 ἀθετοῦμενος,
604 1739 779 1812 οῐμαι,
807 1742 835 1794 ὸ
868 1741 1070 1802 πάντες
1099 1738 1271 1791 ῐσασι.
1320 1736 1520 1788 Τοῦτον
1547 1732 1640 1785 οῦν
1668 1730 1759 1783 τὸν
1793 1730 1827 1784 ¹¹

169 1833 350 1913 λόγον
380 1835 473 1887 ἐπί
501 1852 559 1887 τε
607 1833 858 1904 Ἀϐραάμ
917 1831 1012 1884 καὶ
1040 1830 1282 1899 Μωάμετ
1331 1826 1460 1896 περί
1488 1823 1620 1878 Θεοῦ
1660 1839 1759 1890 γυ-

177 1912 500 1995 μνάσομεν.
520 1921 686 1981 Εἶπεν
719 1926 748 1978 6
768 1923 901 1986 Θεὸς
923 1921 1000 1992 τῷ
1015 1920 1264 1992 Ἀϐραάμ
1282 1936 1296 1950 ο
1329 1936 1349 1969 ι
1369 1912 1758 1988 Περιτεμείσθε

171 2015 293 2087 τὴν
321 2016 692 2088 ἀκροὸυστίαν
730 2017 830 2086 τῆς
865 2013 1067 2085 σαρκὸς
1098 2012 1252 2080 ὑμῶν
1274 2026 1288 2040 '
1327 2027 1346 2060 ι
1406 2008 1550 2060 ποιεῖ
1605 2003 1762 2077 10610

174 2072 578 2179 καῖιΜυΞάμετ.
621 2072 858 2163 Εῐπεννό
907 2072 1158 2173 dare
1191 2099 1469 2170 'A69adp.’
1509 2117 1528 2149 ι
1563 2096 1638 2150 oo
1669 2072 1764 2146 10i-

173 2199 450 2269 τρεύσεις
483 2198 602 2268 Θεῷ
635 2198 826 2268 ἑτέρῳ,
866 2193 1004 2265 πλὴν
1034 2190 1238 2262 Κυρίου
1284 2187 1376 2242 τοῦ
1417 2185 1551 2240 Θεοῦ
1587 2197 1709 2236 σου·
1739 2201 1756 2235 ι

147 2310 152 2318 ι
174 2287 358 2342 τοῦτο
384 2289 610 2358 ποιῆσαι
637 2288 883 2356 Μωάμετ
907 2285 1007 2338 οὐκ
1029 2283 1279 2352 ἀνέχεται
1302 2296 1317 2311 ο
1340 2276 1635 2349 προσκυνεῖ
1656 2273 1764 2344 γὰρ

128 2415 136 2420 ε
175 2382 276 2450 τῷ
295 2380 521 2450 Χουσάρ
551 2372 750 2448 εἰδώλῳ
777 2377 890 2431 ὸντι
925 2373 1274 2446 ἀρχαιοτάτῳ
1306 2369 1434 2440 περί
1454 2369 1552 2437 τὴν
1575 2365 1764 2435 Ἔθρι-

179 2471 292 2524 60v
321 2471 550 2541 ἔρημον,
588 2470 682 2524 καί
718 2467 797 2537 τῷ
839 2467 1044 2534 Μάκαχ
1071 2502 1086 2528 ,
1121 2464 1258 2533 ὅπερ
1290 2460 1455 2530 φασὶν
1481 2458 1561 2520 εἰς
1594 2454 1765 2508 τύπον

176 2561 300 2631 τῆς
345 2561 662 2632 ’Δφροδίτης
691 2555 1089 2628 διαγεγράφθαι
1120 2552 1268 2625 (97).
1316 2551 1393 2605 Οὐ
1424 2549 1642 2602 δύναται
1673 2544 1766 2597 οῦν

179 2653 335 2706 Θεὸν
363 2630 555 2706 ἑαυτοῦ
589 2651 732 2722 ἔχειν
768 2653 796 2703 ό
825 2648 1069 2718 Μωάμετ
1109 2645 1200 2699 τὸν
1231 2642 1364 2695 Θεὸν
1411 2630 1686 2709 Ἀϐραὰμ,
1717 2636 1765 2688 εἰ

183 2741 301 2794 καὶ
326 2740 592 2810 σύμϐολον
637 2738 856 2807 ἐντολῆς
885 2733 1053 2791 αὐτοῦ
1085 2737 1186 2805 τὴν
1218 2727 1522 2801 περιτομὴν
1565 2726 1769 2793 ἐπάγει-

182 2847 318 2897 ται,
350 2831 436 2883 διὰ
463 2829 523 2884 τὸ
546 2831 626 2893 εἰς
646 2829 832 2896 ἕτερον
854 2826 1044 2880 ἑαυτὸν
1073 2823 1392 2894 μεθιστάναι
1416 2819 1548 2872 Θεόν
1568 2835 1582 2848 ·
1607 2815 1770 2879 αὐτὸς

185 2923 312 2992 γὰρ
342 2916 556 2992 εἰρήκει
576 2935 592 2950 ο
634 2939 652 2972 r
692 2919 837 2990 Πλὴν
870 2917 1072 2988 Κυρίου
1096 2913 1188 2968 τοῦ
1223 2911 1359 2966 Θεοῦ
1386 2927 1480 2963 σου
1502 2926 1515 2940 ·
1547 2928 1566 2960 ›
1595 2909 1630 2978 ἡ
1661 2906 1770 2976 γάρ

1844 461 2083 524 exhibet,
2129 471 2290 511 suum
2327 466 2448 518 esse
2482 447 2758 505 dominum
2795 447 2887 516 qui
2933 457 3078 498 nunc
3111 438 3356 495 medetur
3396 450 3412 498 ;

1845 552 1888 606 si
1920 559 2090 604 artem
2115 545 2332 614 quidem
2362 543 2494 597 bene
2520 549 2708 594 noscat
2735 545 3114 604 exerceatque,
3141 535 3303 601 prout
3327 521 3415 580 sui

1844 637 2048 696 domini
2080 635 2331 691 voluntas
2360 640 2462 692 est,
2492 630 2661 683 nihilo
2683 638 2860 681 tamen
2894 624 3074 691 minus
3105 615 3331 673 alterius
3355 626 3419 667 se

1846 729 2049 788 domini
2097 739 2314 783 servum
2353 721 2564 776 faciat?
2602 719 2732 771 Nam
2785 717 2988 784 reliqua
3036 711 3128 766 Dei
3163 706 3418 762 mandata

1848 821 1983 878 nihil
2016 817 2159 874 aliud
2193 823 2521 881 sunt,quam
2548 809 2822 862 hominum
2850 803 3058 859 medela
3087 808 3140 855 et
3171 797 3414 853 utilitas:

1851 913 1981 968 fides
2006 894 2064 964 in
2113 909 2282 962 Deum
2317 915 2518 966 tamen,
2559 899 2623 954 ad
2657 896 2818 965 hujus
2858 894 3082 966 gloriam
3127 887 3416 948 redundat,

1849 1000 2242 1060 afﬁrmantibus
2283 994 2466 1055 nobis,
2505 993 2670 1045 Deum
2706 1001 2893 1043 revera
2932 998 3069 1050 esse,
3113 990 3166 1037 et
3195 977 3418 1034 relatio-

1852 1110 1975 1151 nem
2027 1107 2149 1149 cum
2183 1087 2415 1144 Domino
2459 1100 2486 1137 a
2530 1079 2686 1134 nobis
2721 1076 3044 1132 incolumem
3081 1065 3417 1127 conservari.

1856 1185 2115 1240 Similiter
2142 1182 2478 1250 reliquorum
2497 1179 2890 1243 praeceptorum
2914 1164 3233 1218 violationes
3261 1158 3423 1213 nobis

1856 1266 2075 1346 quidem
2118 1249 2368 1328 exitiales
2411 1275 2559 1329 sunt,
2597 1263 2690 1319 sed
2723 1258 2892 1314 divini
2937 1253 3168 1310 dominii
3205 1249 3423 1319 negatio

1857 1367 1958 1437 ipsi
1990 1366 2216 1419 Domino
2246 1358 2635 1416 contumeliam
2668 1353 2812 1406 facit.
2852 1345 3211 1414 Quandonam
3246 1341 3428 1407 itaque

1818 1490 1820 1493 -
1857 1462 2076 1532 gravius
2109 1459 2264 1513 nobis
2293 1457 2559 1510 irascetur
2592 1450 2733 1504 Dens
2759 1449 2782 1500 ἲ
2804 1445 3008 1512 Nempe
3034 1455 3158 1496 cum
3191 1437 3236 1491 is
3268 1450 3298 1488 a
3326 1447 3430 1486 no-

1858 1551 1944 1606 bis
1985 1549 2290 1618 negabitur,
2323 1555 2380 1600 ut
2415 1557 2606 1598 omnes
2636 1541 2830 1595 sciunt.
2869 1534 3018 1588 Hanc
3044 1543 3190 1584 nunc
3222 1528 3290 1581 de
3321 1523 3431 1576 Deo

1860 1641 2161 1696 doctrinam
2205 1638 2348 1690 circa
2386 1634 2752 1687 Abrahamum
2797 1641 2859 1680 ac
2894 1619 3266 1678 Moliamedcm
3307 1627 3430 1683 per.-

1865 1739 2178 1786 tractemus.
2231 1727 2375 1780 Dixit
2407 1725 2548 1779 Deus
2598 1720 2905 1774 Abrahamo
2938 1731 2954 1769 :
2989 1733 3008 1764 ι
3042 1703 3432 1766 Circumcidite

1863 1823 2182 1892 praeputium
2206 1816 2387 1870 carnis
2405 1821 2629 1868 vestrae:
2657 1829 2674 1861 ι
2706 1809 2809 1862 hoc
2825 1805 2952 1858 facit
2969 1801 3131 1856 etiam
3153 1797 3434 1850 Mohame-

1861 1884 1993 1967 des:
2018 1909 2164 1962 Dixit
2202 1905 2344 1959 Deus
2371 1903 2679 1957 Abrahamo
2706 1916 2719 1951 :
2761 1916 2779 1947 ι
2810 1894 2928 1948 Non
2977 1889 3227 1945 adorabis
3258 1884 3432 1936 Deum

1861 2008 2056 2072 praeter
2078 1997 2370 2052 Dominum
2395 2003 2544 2046 tuum
2571 2007 2583 2040 :
2610 2008 2627 2040 ι
2661 1990 2771 2041 lioc-
2792 1999 2949 2054 agere
2970 1977 3432 2033 Moliamedcsnon

1861 2067 2101 2165 patitur;
2133 2088 2326 2143 adorat
2352 2085 2497 2139 enim
2523 2081 2724 2135 idolum
2750 2076 2970 2131 Cliuhar
2991 2067 3433 2137 antiquissimum

1863 2149 1918 2237 in
1948 2149 2165 2235 deserto
2195 2174 2420 2229 Ethribo
2452 2189 2466 2236 ;
2505 2172 2742 2236 itemque
2767 2161 3017 2230 lliacacli,
3048 2155 3192 2227 quod
3228 2152 3293 2206 ad
3326 2149 3433 2203 Ve-

1863 2271 2010 2327 neris
2031 2269 2253 2339 figuram
2281 2263 2618 2317 elaboratum
2645 2258 2816 2310 aiunt.
2845 2250 3040 2319 Nequit
3060 2248 3241 2315 itaque
3264 2242 3430 2294 Deum

1863 2376 2023 2419 suum
2052 2359 2252 2414 habere
2285 2351 2632 2408 Mohamedes
2668 2342 2960 2400 Abrahami
2998 2343 3186 2400 Deum,
3217 2331 3429 2388 etiamsi

1865 2450 2169 2522 symbolum
2228 2444 2468 2500 mandati
2526 2444 2644 2509 ejus
2705 2432 3176 2492 circumcisionein
3235 2424 3372 2494 gerit
3417 2463 3435 2487 ,

1865 2511 2301 2613 quandoquidem
2349 2532 2414 2586 ad
2467 2531 2631 2584 alium
2687 2541 2746 2582 se
2793 2523 2960 2576 Deum
2997 2514 3291 2573 transtulit.
3342 2511 3439 2565 llle
3541 2583 3549 2588 I

1865 2639 2044 2684 autem
2085 2628 2324 2696 iusserat
2355 2644 2368 2677 :
2417 2640 2435 2672 ι
2470 2619 2687 2674 Nullum
2719 2622 2911 2684 praeter
2945 2609 3233 2662 Dominum
3268 2602 3438 2654 Deum

1868 2717 2210 2774 tuum‘coles.
2252 2732 2269 2764 ι
2300 2711 2434 2765 Nam
2463 2707 2690 2775 simplex
2723 2699 3089 2761 circumcisio,
3117 2693 3296 2749 carnis
3318 2688 3442 2759 qui-

1869 2812 1991 2866 dem
2021 2816 2101 2862 est
2134 2804 2332 2860 ablatio
2367 2802 2485 2871 ejus
2513 2800 2608 2868 qui
2634 2792 3076 2853 circumciditur,
3109 2799 3219 2839 non
3259 2791 3440 2835 tamen

1869 2897 2262 2956 demonstratio
2310 2894 2452 2947 inter
2480 2888 2796 2944 servitutem
2827 2894 2880 2937 et
2921 2879 3259 2935 dominatum
3296 2872 3443 2925 rela-

205 2961 311 2992 ...ν
342 2961 390 2973 υ.
438 2961 556 2974 η.-.
635 2961 651 2972 .
693 2961 790 2973 ...η
819 2961 833 2970 .
871 2961 949 2971 ---
996 2961 1069 2969 .-_
1107 2961 1185 2968 ,η
1232 2961 1353 2966 ---ν

186 2961 708 3086 ἁπλῶςγτίεριτομὴ,
743 2961 942 3083 σαρκὸς
959 2961 1115 3082 Ι’μόνη
1163 3008 1310 3061 ἐστὶν
1357 2961 1645 3075 ἀφαίρεσις
1672 2961 1765 3053 τοῦ

1871 2989 2035 3045 tionis
2062 3005 2075 3042 :
2126 2986 2266 3041 sicut
2292 2982 2474 3045 etiam,
2507 2993 2616 3032 non
2660 2976 2777 3029 ideo
2806 2972 2934 3042 quia
2963 2981 3152 3024 servus
3180 2961 3440 3032 fugitivus

2005 3081 2015 3086 ·
2065 3079 2077 3086 -
2206 3077 2217 3086 ·
2381 3073 2416 3086 ν
2459 3071 2470 3083 ’
2536 3085 2543 3086 κ
2591 3078 2690 3086 ιη-
2739 3074 2947 3086 nu--.
3014 3072 3136 3086 num
3175 3054 3238 3086 ..Α
3274 3052 3439 3086 unum

195 3105 689 3175 περιτεμνομένου,

191 3167 450 3243 δουλείαν
492 3167 584 3244 καὶ
632 3189 947 3242 δεσποτείαν
989 3187 1261 3256 σχέσεως·
1308 3183 1497 3252 ὥσπερ
1536 3167 1657 3234 οὐδὲ
1709 3178 1769 3230 τὸ

196 3281 508 3361 κεχρῆσθαι
531 3280 621 3334 τὸν
652 3282 717 3333 ὲκ
751 3278 846 3332 τοῦ
894 3278 1077 3347 ἰατροῦ
1111 3272 1514 3347 δραπετεύοντα
1553 3269 1770 3338 οἰκέτην

193 3373 271 3426 τὰ
306 3359 406 3440 τῆς
437 3372 709 3442 ἰατρικῆς,
751 3372 830 3432 εἰς
854 3370 1042 3439 ἕτερον
1079 3364 1542 3436 ἀνακεχωρηκότα
1570 3359 1764 3414 δεσπό-

191 3478 330 3530 την,
360 3459 451 3512 τοῦ
498 3456 635 3511 εἶναι
684 3454 846 3511 αὐτὸν
877 3451 969 3510 τοῦ
1012 3455 1196 3525 ἰατροῦ
1227 3453 1444 3522 οἰκέτην
1492 3448 1768 3511 ἀπόδειξις

189 3548 272 3616 ἦν
296 3568 314 3582 ·
364 3550 541 3620 μάτην
570 3549 676 3620 ἄρα
705 3547 827 3602 θεὸν
857 3545 1036 3601 αὐτῶν
1074 3542 1366 3614 Ἀγαρηνοὶ
1412 3541 1627 3608 λέγουσι
1675 3538 1767 3590 τὸν

189 3646 340 3698 Θεὸν
375 3645 470 3698 τοῦ
501 3597 780 3713 Ἀϐραάμ·
820 3640 1093 3709 ἐφάνησαν
1269 3597 1629 3706 ’ψευδόμενομ
1684 3632 1749 3685 Εἰ
1786 3627 1894 3699 γὰρ
1936 3627 2031 3680 καὶ
2057 3619 2124 3696 ἦν
2168 3617 2349 3674 αὐτῶν
2395 3597 2727 3674 ποτέθεὸς,

190 3741 426 3811 Χουσάρ
454 3739 548 3793 καὶ
581 3737 675 3791 τοῦ
696 3735 964 3807 Μωάμετ,
997 3735 1097 3788 οὐκ
1124 3733 1270 3786 ἔστιν
1292 3731 1470 3786 αὐτῶν
1494 3728 1635 3794 θεός.

589 3833 718 3889 KZ'.
761 3834 951 3893 Ἄλλο
980 3833 1066 3897 εἰς
1100 3829 1165 3884 τὸ
1195 3831 1366 3884 αὐτό.

277 3927 394 3996 ιιςν.
439 3927 555 3980 Πᾶν
600 3925 662 3978 τδ
709 3923 768 3976 ὃν
816 3903 1053 3992 ἀληθῶς,
1107 3921 1166 3985 ιξ
1211 3920 1475 3990 ὀνόματος
1524 3917 1640 3985 ἅμα
1681 3912 1774 3967 και

196 4020 533 4092 πράγματος
563 4013 921 4084 γνωρίζεται·
951 4012 998 4064 εἰ
1021 4011 1077 4064 δὲ
1109 4011 1369 4079 διαιροῖτο
1409 4010 1488 4069 εἰς
1536 4006 1650 4068 δύο,
1694 4003 1774 4066 εἰς

192 4125 268 4162 τε
299 4107 468 4175 ὄνομα
490 4104 668 4175 μόνον,
721 4101 815 4156 καὶ
844 4101 1074 4168 πρᾶγμα
1109 4099 1286 4167 μόνον,
1315 4095 1513 4164 πλανᾷ.
1563 4095 1773 4162 Ὀνομα

197 4198 268 4252 δὲ
297 4198 456 4266 μόνον
495 4192 646 4248 καλῶ
682 4192 743 4244 τὸ
783 4190 988 4260 ἔρημον
1027 4187 1121 4241 τοῦ
1152 4188 1352 4239 οἰκείου
1393 4183 1608 4254 ἀληθῶς
1633 4183 1775 4254 πρά-

198 4304 452 4360 γματος·
497 4287 729 4355 πρᾶγμα
769 4283 825 4335 δὲ
870 4281 1028 4351 μόνον
1061 4279 1123 4332 τὸ
1186 4277 1392 4348 ἔρημον
1437 4275 1540 4328 τοῦ
1573 4274 1798 4351 οἰκείου)

203 4381 433 4452 ἀληθῶς
463 4379 749 4447 ὀνόματος.
772 4373 886 4429 ἀλλ’
912 4373 1012 4426 οὐκ
1037 4371 1317 4440 ἀνώνυμον
1334 4384 1347 4398 ·
1368 4367 1427 4432 ἐξ
1450 4369 1651 4437 ἀμφοῖν
1676 4364 1776 4435 μὲν

202 4474 306 4528 οὖν
333 4473 530 4540 γνῶσις
549 4469 754 4539 ἀληθὴς
782 4465 1118 4527 συνίσταται,
1143 4464 1206 4516 ὲκ
1230 4462 1288 4515 δὲ
1311 4460 1540 4530 θατέρου
1570 4457 1775 4524 ἀπάτηο
1811 4466 1852 4521 D

205 4568 310 4621 καὶ
334 4564 489 4618 τοῦτό
518 4567 634 4616 ἐστι
665 4561 725 4615 τὸ
771 4560 956 4613 ποιοῦν
990 4556 1234 4627 ὁμονοεῖν
1269 4570 1330 4607 τε
1354 4553 1452 4606 καὶ
1481 4548 1775 4619 ἀλλοτρίως

205 4660 361 4730 ἔχειν
391 4656 514 4726 περί
545 4671 597 4707 τι
632 4655 768 4723 πρὸς
805 4651 1032 4712 ἑαυτοὺς
1061 4649 1186 4708 τοὺς
1230 4644 1578 4714 ἀνθρώπουςο
1621 4639 1778 4707 διττὴ

206 4753 272 4806 δὲ
299 4751 392 4803 τοῦ
421 4749 581 4820 μόνου
609 4747 868 4816 ὀνόματος
893 4746 926 4813 ἠ
944 4743 1147 4811 ἀπάτη,
1174 4741 1248 4793 ὅτ’
1274 4738 1340 4792 ἄν
1360 4736 1528 4808 μηδὲν
1557 4735 1776 4805 μηδαμῆ

211 4843 477 4913 σημαίνῃ,
511 4839 604 4893 καὶ
629 4839 708 4892 ὅτ’
740 4837 805 4891 ἂν
839 4835 931 4887 τοῦ
966 4832 1168 4886 οἰκείου
1202 4827 1495 4899 ἀφαιρεθὲν
1516 4825 1778 4896 πράγμα-

210 4950 309 4994 τος
335 4931 653 5001 προσκέοιτο
678 4929 755 4999 τῷ
781 4925 1089 4982 ἀπεοικότι·
1108 4922 1164 4976 τὸ
1183 4921 1238 4974 δὲ
1264 4921 1524 4989 σημαῖνον
1550 4915 1778 4990 διάφορα

211 4987 417 5092 ἀληθη,
442 5024 640 5074 οἰκεῖον
670 4987 739 5073 ἄν
765 5019 995 5072 ἑκάστου
1025 5015 1118 5068 καὶ
1148 5010 1283 5082 ὁμοῦ
1327 4987 1541 5063 καλοῖτο
1570 4987 1775 5075 ὄνομα·

217 5114 457 5185 πρᾶγμα
501 5112 558 5163 δὲ
585 5110 782 5179 ἀληθὲς
822 5107 939 5160 ἐστι
971 5106 1065 5160 καὶ
1106 5100 1447 5172 ὀνομάζεται,
1484 5097 1545 5150 τὸ
1567 5096 1675 5148 τῶν
1703 5095 1781 5148 οἰ-

221 5184 388 5259 κείων
408 5201 506 5271 τῆς
536 5200 724 5262 ούσίας
749 5197 1010 5260 ἀνενδεῶς
1045 5195 1141 5249 καὶ
1164 5192 1467 5263 ἀπερίττως
1489 5186 1662 5250 σῶζον
1691 5184 1780 5237 λό-

218 5317 320 5368 γον
339 5315 352 5328 °
377 5297 547 5366 ὄνομα
571 5295 629 5347 δὲ
653 5293 875 5363 ἀληθὲς,
908 5294 1046 5363 ὅπερ
1097 5292 1127 5344 6
1156 5288 1249 5343 106
1282 5286 1602 5358 πράγματος
1627 5280 1782 5348 λόγος

221 5389 510 5461 σημαίνειν
538 5384 804 5456 βούλεται.
823 5383 960 5437 Οὔτε
987 5383 1082 5437 οῦν
1105 5383 1167 5435 τὸ
1193 5379 1424 5452 πρᾶγμα
1452 5376 1527 5439 ὡς
1552 5373 1784 5444 πρᾶγμα

225 5482 407 5553 πλανᾷ
424 5497 438 5510 ο
470 5477 594 5532 οὔτε
614 5476 676 5531 τὸ
701 5475 892 5545 ὄνομα,
917 5475 991 5539 ὡς
1017 5475 1185 5545 ὄνομα
1215 5473 1413 5526 οἰκείου
1443 5468 1783 5539 πράγματος,

744 3052 859 3156 ἀλλ’
887 3052 1289 3164 οῦκνάπόδειξις
1343 3052 1643 3166 τεξςῂξᾷέέ
1666 3089 1765 3158 τὴν

1872 3079 2080 3138 domini
2135 3077 2220 3132 sui
2277 3071 2470 3128 medici
2524 3078 2694 3124 artem
2734 3074 2969 3125 exercet,
3013 3072 3137 3111 cum
3174 3054 3240 3107 ad
3272 3052 3439 3105 alium

2332 3163 2342 3166 -
2665 3154 2712 3166 ..
2836 3152 2848 3162 .
2918 3165 2923 3166 ί
2975 3161 3052 3166 ,μ
3107 3145 3438 3166 ,Μυκη-Μ

1874 3167 2176 3238 confugerit
2199 3163 2502 3224 dominum,
2532 3172 2639 3210 non
2665 3154 2804 3216 ideo,
2835 3152 3078 3218 inquam,
3101 3145 3442 3199 demonstrat

1875 3277 1933 3319 se
1976 3257 2170 3314 medici
2206 3268 2327 3309 esse
2369 3249 2652 3306 famulum.
2705 3245 2928 3298 Temere
2978 3239 3159 3304 itaque
3204 3228 3442 3299 Agareui

1877 3355 2037 3409 deum
2074 3363 2231 3404 suum
2265 3345 2453 3400 dicunt
2491 3337 2785 3393 Abrahami
2831 3332 3022 3386 Deum.
3059 3325 3192 3380 Nam
3225 3318 3442 3376 etiamsi

1867 3443 1995 3499 olim
2029 3440 2170 3494 forte
2201 3436 2384 3497 fuerit,
2415 3444 2560 3485 nunc
2580 3439 2726 3483 certe
2753 3438 2875 3479 cum
2901 3418 3155 3475 Cliubare
3180 3424 3232 3469 et
3261 3411 3443 3465 Molin-

1875 3532 2050 3592 mede.
2083 3530 2218 3584 deus
2243 3527 2489 3594 ipsorum
2519 3534 2627 3572 non
2658 3525 2760 3570 est.

2801 3605 2937 3660 ἀλλά
2985 3600 3081 3655 νῦν
3151 3597 3287 3669 μετὰ
3354 3595 3448 3647 τοῦ

2219 3802 2432 3859 XXVII.
2467 3799 2541 3851 ΙΙε
2567 3796 2744 3849 eodem
2786 3793 3113 3858 argumento.

1949 3903 2037 3960 96.
2089 3904 2259 3953 Omne
2300 3892 2447 3964 quod
2493 3904 2617 3942 vere
2655 3882 2887 3946 exsistit,
2923 3894 2988 3931 ex
3027 3874 3249 3929 nomine
3284 3866 3449 3924 simul

1880 4005 1934 4052 ει
1958 4011 2023 4049 ex
2050 4008 2107 4046 re
2147 3985 2512 4057 cognoscitur.
2559 3979 2614 4032 Si
2668 3984 2848 4029 autem
2897 3971 2950 4024 in
3001 3969 3110 4022 duo
3155 3962 3446 4022 dividatur,

1881 4099 2074 4153 nempe
2101 4082 2157 4136 in
2189 4091 2384 4132 nomen
2413 4073 2588 4129 solum
2620 4079 2844 4134 remque
2871 4060 3062 4123 solam,
3094 4055 3314 4123 decipit.
3343 4049 3451 4104 No-

1881 4191 2006 4231 men
2049 4172 2223 4228 solum
2274 4174 2452 4219 autem
2495 4159 2729 4229 appello,
2764 4152 2909 4221 quod
2958 4146 3178 4219 pr0pria
3230 4157 3353 4196 vere
3393 4154 3452 4193 re

1880 4275 2028 4323 caret
2052 4284 2066 4319 :
2100 4261 2446 4326 vicissimque
2471 4254 2639 4308 solam
2669 4242 2806 4311 rem,
2833 4259 2953 4314 qua:
2981 4257 3080 4295 suo
3104 4252 3232 4290 vero
3265 4232 3446 4287 nomi-

1881 4374 1949 4414 ne
1976 4363 2144 4417 caret,
2176 4352 2270 4407 sed
2305 4358 2484 4402 tamen
2516 4359 2623 4398 non
2651 4350 2733 4394 est
2762 4348 3053 4404 anonyma.
3087 4331 3161 4383 Ex
3186 4325 3452 4381 ambobus

1882 4464 2011 4504 vera
2034 4443 2273 4514 cognitio
2305 4437 2591 4495 coniicitur
2621 4451 2636 4497 ;
2669 4448 2730 4486 ex
2771 4419 3032 4494 alterutro
3064 4430 3242 4474 autem
3274 4430 3451 4469 error.

1883 4540 2057 4608 Atque
2083 4537 2185 4588 hoc
2218 4540 2320 4594 est,
2350 4528 2494 4599 quod
2531 4520 2843 4579 consentire
2870 4517 2951 4570 vel
2981 4511 3272 4567 dissentire
3311 4507 3453 4559 inter

1885 4646 1944 4687 se
1972 4607 2217 4682 homines
2243 4622 2310 4675 de
2339 4619 2519 4686 aliqua
2555 4630 2612 4668 re
2643 4613 2794 4666 facit.
2826 4607 3030 4675 Duplex
3068 4615 3226 4670 porro
3257 4607 3339 4651 est
3368 4610 3455 4648 so-

1884 4724 1991 4778 lius
2013 4717 2249 4774 nominis
2272 4711 2548 4780 dcceptio:
2573 4706 2789 4776 quando
2807 4699 3051 4754 videlicet
3073 4692 3202 4746 nihil
3230 4688 3454 4742 omnino

1886 4811 2174 4882 signiﬁcat,
2194 4816 2247 4862 et
2269 4804 2486 4874 quando
2508 4817 2536 4854 a
2565 4797 2781 4869 propria
2809 4808 2865 4846 re
2885 4793 3238 4846 abstractum,
3263 4781 3455 4834 aliena:

1885 4903 2174 4960 addicitur.
2235 4873 2390 4964 Quod
2448 4895 2602 4962 plura
2662 4903 2783 4942 vera
2833 4880 3119 4951 significat,
3172 4873 3452 4945 proprium

1887 4994 2319 5062 uniuscujusque
2355 4986 2624 5054 simulque
2655 4980 2852 5035 dicitur
2882 4989 3102 5029 nomen.
3135 4971 3242 5022 Res
3271 4959 3451 5019 anteni

1885 5098 1939 5144 et
1965 5101 2091 5141 vera
2132 5092 2216 5138 est
2242 5079 2514 5136 etdicitur
2538 5117 2551 5141 ,
2581 5088 2700 5143 quae
2731 5071 2848 5124 sine
2878 5065 3090 5120 defectu
3133 5073 3187 5114 et
3218 5061 3336 5113 sine
3370 5070 3457 5106 rc-

1883 5175 2182 5236 dundantia
2208 5170 2592 5244 preprietatum
2621 5160 2937 5218 substantia:
2958 5156 3219 5211 rationem
3252 5154 3450 5202 servat.

1891 5271 2089 5326 Verum
2111 5268 2345 5335 denique
2367 5275 2561 5317 nomen
2589 5267 2690 5318 εει,
2718 5253 2861 5323 quod
2884 5251 2958 5304 rei
2990 5249 3124 5302 ratio
3149 5239 3454 5310 signiﬁcare

1885 5364 2020 5420 vult.
2055 5360 2240 5430 Neque
2292 5369 2398 5420 res,
2436 5359 2703 5422 quatenus
2735 5361 2822 5399 res
2851 5353 2952 5406 est,
2985 5340 3183 5406 decipit
3217 5354 3229 5387 :
3278 5346 3455 5398 neque

1885 5469 2106 5520 nomen,
2134 5459 2400 5523 quatenus
2431 5458 2622 5499 nomen
2650 5450 2731 5495 est
2757 5437 2984 5507 propriie
3011 5432 3107 5497 rci,
3135 5430 3188 5482 in
3212 5437 3452 5481 errorem
