3926 6308
446 185 556 274 795

1684 176 1976 239 NICETZE
2015 175 2422 251 BYZANTINI

3569 166 3674 236 795

453 295 664 352 inducit
698 309 712 346 ε
743 290 833 347 sed
867 298 921 344 ut
946 289 1170 345 alterius
1206 289 1279 343 rei
1315 288 1366 342 in
1408 287 1575 343 altera
1611 303 1667 343 re
1696 305 1911 353 nomen,
1949 290 2028 342 at-

2142 287 2347 358 ὶπατᾷ·
2383 286 2499 340 ἀλλ’
2534 287 2608 357 ᾡς
2653 269 2816 340 ἀλλου
2864 286 3183 360 πράγματος
3234 289 3291 340 ἐν
3331 287 3498 359 ἑτέρῳ
3547 289 3681 356 πρό.-

450 398 559 456 que
600 392 657 438 ut
694 383 914 436 alterius
961 383 1194 435 nominis
1253 380 1304 433 in
1350 377 1519 435 altero
1570 380 1788 435 nomine
1828 393 1929 445 res,
1965 378 2017 434 id

452 475 666 527 demum
701 473 754 524 in
791 485 1031 524 errorem
1069 470 1251 522 trahit.

519 562 607 617 97.
660 561 753 616 His
799 561 871 614 ita
917 575 973 614 se
1023 557 1366 623 habentibus,
1413 558 1568 614 facile
1606 567 1684 613 est
1725 553 2017 613 barbarum

452 655 597 706 hunc
624 661 916 720 coarguere
940 645 1216 718 populum,
1243 649 1332 717 qui
1365 657 1568 704 temere
1597 647 1688 703 Dei
1723 647 2014 702 Abraltami

452 742 811 810 appellatione
859 741 958 795 sibi
1012 735 1193 794 fucum
1227 738 1398 794 facit:
1447 755 1621 810 neque
1657 740 1800 795 enim
1840 738 1928 792 hic
1951 739 2019 793 ab

451 832 714 902 Agarenis
734 842 922 899 reapse
949 829 1166 896 colitur,
1191 830 1406 885 etiamsi
1438 832 1789 900 particulares
1809 831 2020 898 aliQuas

453 930 611 976 notas
649 917 792 976 illius
825 930 935 990 pra:
974 936 1031 976 se
1075 920 1256 976 ferunt
1289 931 1340 976 et
1376 922 1703 975 confitentur
1727 959 1741 983 ,
1773 920 2020 974 videlicet

453 1007 949 1074 circumcisionem,
974 1019 1029 1064 et
1058 1012 1202 1080 quod
1227 1013 1337 1064 sint
1358 1011 1589 1079 p0pulus
1613 1005 1701 1064 Dei
1724 1005 2018 1066 Abrahami

448 1098 783 1170 iactantiam.
831 1102 981 1157 Sicut
1021 1103 1164 1158 enim
1217 1097 1358 1177 haud
1408 1104 1539 1157 satis
1572 1111 1655 1158 est
1701 1099 2020 1158 exhibendae

456 1192 692 1248 hominis
718 1194 945 1256 notitiae,
975 1194 1018 1247 si
1046 1191 1166 1262 quis
1191 1192 1333 1246 dicat
1369 1192 1613 1262 bipedem
1636 1202 1688 1247 et
1713 1193 2016 1260 mortalem,

453 1297 781 1352 quamquam
815 1298 1000 1351 reapse
1028 1283 1181 1352 bipes
1214 1285 1569 1352 mortalisque
1594 1294 1676 1339 est
1698 1284 1896 1350 homo;
1925 1285 2019 1338 sed

456 1388 562 1428 non
597 1376 854 1428 continuo
884 1377 997 1429 haec
1022 1375 1300 1428 hominem
1323 1371 1608 1440 deﬁniunt,
1640 1376 1767 1445 quia
1796 1388 1902 1429 non
1935 1373 2022 1430 ili-

452 1474 584 1517 cunt
641 1465 992 1534 principalem
1051 1473 1259 1520 natura:
1331 1466 1580 1520 humana:
1635 1462 2021 1535 propriamque

457 1565 638 1608 notam
682 1572 695 1619 ;
733 1560 803 1610 ita
838 1571 960 1609 cum
1001 1558 1090 1611 isti
1119 1557 1304 1610 dicunt
1330 1556 1488 1610 deum
1530 1571 1587 1611 se
1621 1555 1817 1611 habere
1853 1554 2018 1610 Deum

2127 395 2296 448 γματι
2346 380 2535 448 ὄνομα,
2569 382 2660 432 καὶ
2688 379 2762 442 ὡς
2788 381 2946 433 ἄλλου
2989 380 3248 451 ὀνόματος
3278 382 3335 434 ἑν
3367 382 3535 452 ἑτέρῳ
3569 382 3685 435 ὁνόο

2131 483 2258 540 ματι
2283 472 2514 540 πρᾶγμα
2544 471 2575 537 ἡ
2605 470 2786 539 ἀπάτη
2818 471 3122 540 συμϐαίνει.

2197 559 2299 627 ιηξν.
2341 561 2559 613 Τούτων
2612 561 2785 622 οὕτως
2815 562 3067 632 ,ἐχόντων
3113 562 3292 634 ῥᾴδιον
3351 560 3564 628 ἐλέγξαι
3625 564 3685 617 τὸ

2129 644 2399 721 βάρϐαρον
2434 652 2589 704 τοῦτο
2619 653 2802 719 φῦλον,
2851 653 2926 716 ὡς
2965 655 3045 716 είς
3081 655 3271 724 μάτην.
3413 655 3505 706 τοῦ
3551 654 3684 707 Θεοῦ
3715 639 3722 642 ”

2140 739 2388 810 Ἀϐραὰμ
2441 739 2630 810 κλήσει
2677 741 2899 806 ἑαυτοὺς
2959 737 3318 809 ἐξαπατῶσιν,
3380 744 3478 798 οὐκ
3521 743 3684 799 αὑτοῦ

2127 824 2337 900 ἀληθῶς
2372 832 2460 884 ὑπ’
2490 831 2667 885 αὖτῶν
2695 831 3108 904 λατρευομένου,
3134 829 3237 888 κάν
3261 837 3308 888 εί
3343 837 3546 904 μερικά
3566 854 3686 890 τινα

2128 920 2481 992 γνωρίσματα
2513 917 2674 973 αὐτοῦ
2707 921 3053 991 ἐπιφέρονται
3100 940 3159 976 τε
3201 923 3295 977 καὶ
3342 922 3683 993 ὁμολογοῦσι,

2129 1012 2228 1080 τήν
2256 1022 2314 1063 τε
2344 1009 2642 1082 περιτομὴν
2663 1011 2756 1063 aut
2779 1009 2841 1064 τὸ
2863 1011 3039 1080 λέγειν
3061 1012 3255 1077 αὐτοὺς
3271 1014 3400 1066 λαὸν
3431 1009 3568 1067 εἶναι
3590 1013 3685 1067 τοῦ

2127 1101 2260 1154 Θεοῦ
2294 1102 2563 1172 Ἀϐρααμ.
2593 1101 2682 1165 Ὠς
2705 1103 2814 1173 γὰρ
2841 1099 2939 1156 οὐκ
2969 1104 3131 1174 ἀρκεῖ
3158 1103 3255 1174 τὴν
3283 1103 3376 1157 τοῦ
3399 1103 3686 1175 ἀνθρώπου

2127 1185 2325 1257 γνῶσιν
2366 1192 2712 1260 παραστῆσαι
2745 1192 2805 1245 τὸ
2829 1193 3004 1244 είπεῖν
3045 1192 3232 1246 δίπουν
3267 1193 3478 1263 θνητὸν,
3511 1195 3688 1248 καίτοι

2128 1281 2314 1333 δίπουν
2345 1280 2536 1350 θνητὸν
2577 1281 2790 1351 ἀληθῶς
2819 1285 2846 1336 δ
2876 1281 3162 1352 ἅνθρωπος
3183 1301 3196 1316 ο
3247 1283 3359 1336 ἀλλ’
3393 1285 3492 1338 οὐκ
3553 1285 3683 1340 εὐθὺ

2127 1371 2220 1424 τὸν
2242 1368 2528 1441 ἄνθρωπον
2549 1372 2724 1426 ταῦτα
2754 1374 2923 1444 δηλοῖ,
2954 1374 3041 1427 διὰ
3074 1375 3134 1428 τὸ
3168 1375 3241 1445 μὴ
3265 1374 3430 1443 φάναι
3454 1373 3555 1445 τὴν
3587 1393 3714 1429 κυο-

2132 1461 2264 1531 ρίως
2289 1463 2706 1532 παραστατικὴν
2733 1462 2830 1532 τῆς
2856 1463 3141 1534 ἀνθρώπου
3173 1463 3387 1533 φύσεως
3402 1460 3685 1536 διαφοράν

2129 1548 2300 1612 οὕτως
2341 1549 2538 1604 οὐδὲτὸ
2566 1550 2727 1618 φάναι
2762 1550 2955 1614 αὐτοὺς
2997 1552 3118 1604 θεὸν
3144 1552 3287 1622 ἔχειν
3308 1554 3401 1606 τοῦ
3436 1553 3690 1625 Ἀϐραὰμ

453 1646 783 1711 Abrabatni,
831 1657 885 1701 et
931 1660 1149 1700 carnem
1197 1646 1633 1709 circumcidere,
1682 1660 2022 1716 nequaquam

2142 1639 2217 1690 τὸν
2251 1639 2399 1700 Θεὸν,
2437 1640 2530 1692 καὶ
2559 1641 2657 1709 τὴν
2690 1640 2865 1709 σάρκα
2899 1637 3343 1711 περιτετμῆσθαι,
3371 1641 3499 1697 Θεὸν
3527 1645 3688 1696 αὑτὸν

454 1735 629 1805 ipsum
676 1739 826 1790 illum
861 1739 1075 1806 proprie
1111 1751 1352 1806 vereque.
1391 1737 1557 1792 Deum
1592 1737 1969 1793 demonstrant
2003 1754 2020 1807 ;

451 1825 582 1892 quia
627 1824 870 1894 symbola
915 1825 1005 1878 illa
1059 1826 1340 1889 omittunt,
1386 1841 1504 1893 qum
1550 1824 1698 1880 illum
1754 1829 2024 1897 pracipuc

454 1912 732 1967 denotant.
773 1913 906 1967 Nam
950 1930 1071 1969 cum
1127 1918 1300 1986 gentis
1356 1928 1544 1971 eorum
1600 1916 1712 1971 dux
1751 1917 2022 1972 contraria

456 2001 554 2070 legi
611 2002 702 2056 Dei
749 2004 1038 2058 Abrahami
1074 2004 1334 2072 imperat,
1378 2017 1557 2057 nonne
1589 2006 1817 2058 alterum
1854 2002 2022 2058 Deum

453 2092 558 2145 sub
589 2092 732 2146 illius
759 2093 981 2146 nomine
1010 2092 1256 2147 invehit?
1281 2093 1454 2159 Atque
1487 2092 1623 2145 hanc
1653 2091 2022 2160 deceptionem

455 2198 692 2254 quanam
716 2200 810 2241 nos
837 2184 1628 2253 rationecontingeredicimus,
1646 2183 2027 2238 animadverti-

459 2286 528 2328 te.
565 2273 706 2329 Dixit
735 2275 1027 2335 Abraltami
1059 2274 1200 2328 Deus
1227 2275 1352 2328 ﬁliis
1383 2275 1501 2342 ejus
1534 2291 1546 2327 :
1583 2274 1696 2328 Non
1730 2271 2025 2329 adorabitis

460 2363 620 2417 ullam
653 2363 922 2418 idolorum
961 2364 1188 2430 iconem,
1219 2376 1394 2432 neque
1431 2364 1536 2418 illis
1568 2363 1773 2417 cultum
1801 2363 2042 2418 exhibe-9

457 2453 605 2516 bitis,
634 2469 825 2523 nempe
845 2470 942 2509 ceu
962 2455 1091 2508 Deo.
1116 2453 1259 2508 Dixit
1281 2453 1421 2507 Deus
1452 2455 1733 2524 Agarenis,
1763 2463 1818 2506 ut
1852 2456 2023 2518 aiunt,

456 2560 552 2614 per
577 2547 809 2616 legatum
844 2561 1001 2600 suum
1038 2547 1313 2600 :‘Adorate
1338 2545 1679 2609 Chubarum,
1709 2543 1798 2598 Dei
1831 2547 2024 2608 instar,

459 2635 600 2701 quod
635 2644 718 2689 est
749 2635 950 2688 idolum
987 2645 1048 2689 et
1068 2633 1298 2688 Veneris
1334 2633 1706 2687 simulacrum.
1734 2633 2028 2687 Videamus

459 2725 568 2793 jam
599 2726 727 2793 quid
765 2740 1050 2780 commune
1083 2725 1155 2780 sit
1189 2721 1501 2778 Abrahamo
1532 2738 1654 2779 cum
1691 2723 2026 2790 Mohatnede,

461 2823 514 2868 et
541 2816 668 2884 quid
697 2816 992 2870 diversum.
1019 2814 1313 2870 Videamus
1346 2817 1497 2880 item,
1535 2829 1780 2885 quaenam
1817 2817 2028 2884 potiora

461 2907 661 2960 indicia
712 2908 840 2968 sint,
872 2907 1070 2974 quibus
1117 2905 1256 2959 Deus
1285 2907 1353 2959 ab
1399 2905 1707 2961 hominibus
1738 2906 1877 2959 Deus
1908 2917 2028 2960 esse

462 2993 751 3050 denatatur
777 3014 788 3048 :
815 2997 1226 3064 etquandonam
1250 2995 1495 3049 videatur
1528 2995 1769 3060 quidem,
1799 2994 1894 3050 sed
1926 3010 2030 3049 non

463 3087 576 3142 sit:
627 3087 845 3158 quando
883 3087 1010 3141 item
1063 3086 1242 3157 potius
1286 3088 1351 3141 ad
1395 3088 1732 3142 iracundiam
1777 3101 2039 3158 provoceé

465 3188 573 3234 tur.

538 3267 624 3321 98.
654 3266 732 3321 Ex
765 3267 830 3322 iis
854 3267 1135 3336 praeceptis
1166 3282 1283 3336 (ιιιιε
1312 3266 1468 3320 nobis
1495 3272 1703 3319 tantum
1739 3261 2042 3334 sum'agatv

469 3368 576 3422 tur,
622 3361 802 3414 minor
857 3360 1253 3428 obscuriorque
1297 3357 1539 3427 exsurgit
1589 3356 1875 3412 indicativa
1915 3367 2038 3412 nota

472 3451 510 3502 D
540 3451 563 3502 -i
601 3469 613 3504 :
646 3451 754 3503 imo
783 3451 926 3503 nulla
958 3461 1041 3504 est
1075 3450 1366 3513 interdum,
1403 3464 1526 3504 cum
1556 3451 1604 3504 ci
1635 3465 1741 3504 non
1769 3448 2036 3503 obeditur.

471 3541 546 3594 Ex
574 3544 638 3596 iis
669 3551 845 3596 autem
880 3543 1181 3611 praeceptis,
1214 3542 1411 3612 quibus
1442 3540 1691 3610 n'ajestas
1726 3540 1845 3609 ejus
1862 3549 2042 3594 osten-

473 3631 632 3692 ditur,
665 3631 847 3683 verior
890 3631 1154 3698 longeque
1188 3629 1358 3698 major
1383 3617 1579 3682 emicat
1607 3646 1620 3694 ;
1670 3628 1812 3682 sicut
1849 3638 1901 3681 et
1929 3630 2042 3682 vice

472 3735 647 3774 versa.
686 3719 937 3788 Suscepit
968 3717 1310 3773 Abrahamus
1334 3717 1830 3781 circumcisionem,
1888 3725 2040 3786 post-

471 3823 634 3878 quam
661 3808 826 3863 Deum
856 3816 1148 3879 agnoverat
1171 3817 1224 3862 et
1257 3807 1400 3862 idola
1433 3809 1602 3876 patris
1631 3808 1714 3862 sui
1750 3807 2042 3875 abiecerat.

474 3901 832 3964 Quandonam
880 3914 1008 3968 ergo
1037 3901 1082 3953 is
1116 3900 1221 3952 Deo
1255 3900 1424 3968 magis
1457 3900 1656 3967 placuit
1689 3899 1711 3952 ?
1746 3898 2046 3952 idolorum-

479 4005 546 4044 ne
575 3992 877 4057 negatione,
908 4005 975 4044 an
1004 3975 1185 4044 carnis
1215 3989 1631 4044 circumcisione
1660 3991 1682 4042 ?
1723 3989 1899 4052 Patet,
1930 3989 2046 4043 ido-

2131 1727 2368 1780 δείκνυσι
2390 1725 2479 1780 τὸν
2513 1725 2714 1798 κυρίως
2749 1729 2840 1782 καὶ
2871 1729 3106 1800 ἀληθῶς,
3131 1726 3238 1784 τῶν
3267 1733 3688 1803 χαρακτηρίζειν

2129 1814 2439 1884 δυναμᾶνων
2462 1815 2744 1885 συμὸόλων
2759 1819 3200 1887 παρεωραμένων
3221 1818 3310 1870 ὑπ’
3341 1819 3544 1872 αὐτῶν.
3571 1819 3693 1873 ⁹οτ⁹

2131 1905 2195 1958 ἂν
2220 1906 2326 1973 γὰρ
2353 1908 2380 1959 δ
2402 1905 2496 1959 τοῦ
2521 1907 2707 1969 ἔθνους
2732 1907 2914 1959 αὐτῶν
2946 1908 3267 1977 προαγωγὸς
3311 1909 3532 1964 ἐναντία
3583 1910 3695 1963 τῶν

2130 1994 2222 2047 τοῦ
2252 1995 2386 2049 Θεοῦ
2423 1996 2670 2066 ’Δδραάμ
2697 1997 2876 2066 νόμων
2903 1999 3238 2071 προστάσσῃ,
3265 1994 3355 2068 ἆρ’
3382 2000 3479 2069 οὐχ
3505 1999 3696 2069 ἕτερον

2131 2085 2264 2140 Θεὸν
2295 2088 2374 2151 είς
2403 2089 2462 2140 τὸ
2492 2087 2700 2141 ἐκείνου
2726 2089 2931 2158 εἰσάγει
2973 2090 3175 2159 δνομαε
3230 2092 3350 2145 καθ’
3390 2092 3451 2145 δν
3489 2094 3698 2162 τρόπον

2131 2179 2228 2247 τὴν
2260 2178 2475 2246 ἀπάτην
2515 2179 2748 2250 λέγομεν
2787 2176 3137 2250 συμϐαίνειν·
3182 2185 3433 2236 σκοπεῖτε
3458 2184 3567 2253 γάρ
3604 2187 3695 2237 ὲν-

2132 2266 2318 2323 τεῦθεν
2339 2286 2350 2298 ·
2383 2267 2550 2324 Εῐπεν
2570 2268 2597 2324 δ
2626 2272 2756 2335 Θεὸς
2779 2268 2870 2324 τοῦ
2908 2270 3155 2343 Ἀϐραὰμ
3184 2273 3294 2336 τοῖς
3321 2275 3457 2336 υἱοῖς
3485 2275 3653 2329 αὐτοῦ
3677 2291 3695 2307 ·

2140 2359 2264 2412 «οὑ
2306 2361 2710 2432 προσκυνήσετε
2743 2364 2849 2416 πᾶν
2893 2363 3161 2432 ὁμοίωμα,
3199 2359 3316 2415 οὐδὲ
3345 2361 3418 2432 μὴ
3461 2361 3698 2432 λατρεύ-

2135 2460 2261 2516 σητε
2291 2451 2492 2514 αὐτοῖς,
2529 2469 2548 2502 ι
2578 2451 2855 2504 τουτέστιν
2883 2451 2956 2513 ὡς
2983 2448 3114 2504 Θεόν
3137 2448 3232 2524 [ita
3274 2452 3441 2523 cod.].
3476 2450 3644 2508 Εἶπεν
3669 2457 3701 2510 ὀ

2135 2540 2264 2602 Θεὸς
2299 2540 2638 2611 Ἀγαρηνοῖς,
2664 2541 2737 2604 ὥς
2763 2559 2914 2611 φασι,
2949 2541 3035 2596 διά
3061 2539 3150 2596 τοῦ
3182 2541 3479 2598 ἀποστόλου
3506 2546 3698 2599 αὐτοῦ’

2137 2632 2498 2700 Προσκυνεΐτε
2534 2631 2613 2702 τῷ
2669 2628 2884 2704 Χουὸὰρ
2932 2634 3008 2696 ὡς
3045 2630 3155 2704 θεῷ
3199 2629 3398 2706 είδώλιρ
3441 2636 3554 2690 ὄντι
3605 2638 3704 2691 καὶ

2136 2720 2438 2790 ὁμοιώματι
2495 2721 2594 2792 τῆς
2628 2709 2966 2793 Ἀφροδιτής.
3006 2721 3246 2793 Ετδωμεν
3289 2715 3382 2780 οὖν
3414 2727 3465 2780 τι
3517 2728 3704 2780 κοινὸν

2136 2811 2246 2880 ἔχει
2289 2810 2540 2882 Ἀδραάμ
2560 2813 2655 2865 καὶ
2685 2810 2949 2884 Μωάμετ,
2977 2816 3068 2868 καὶ
3096 2817 3148 2868 τί
3175 2817 3482 2887 διενήνοχεν
3503 2835 3516 2850 υ
3540 2817 3705 2872 εἴδω-

2141 2918 2238 2970 μεν
2259 2903 2315 2955 δὲ
2346 2903 2439 2955 καὶ
2468 2904 2525 2955 ὲν
2553 2904 2662 2955 τίσι
2719 2891 2917 2974 μᾶλλον
2964 2907 3426 2978 χαρακτηρίζεται
3476 2909 3504 2960 δ
3541 2906 3703 2971 Θεὸς,

2138 2991 2268 3055 Θεὸς
2299 2992 2448 3061 παρά
2496 2993 2796 3061 ἀνθρώπιον
2851 2995 3249 3066 γνωριζόμενος
3277 3011 3292 3030 ·
3344 2996 3440 3051 καὶ
3482 2997 3539 3050 ὲν
3592 2999 3706 3050 τίσι

2137 3081 2283 3133 δοκεῖ
2332 3081 2452 3150 μὲν,
2505 3078 2605 3135 οὐκ
2640 3083 2754 3136 ἐστι
2795 3079 2880 3136 δέ·
2932 3087 2990 3137 ὲν
3042 3087 3152 3140 τίσι
3201 3089 3256 3141 δὲ
3307 3089 3708 3158 παροργίζεται

2143 3171 2364 3240 μᾶλλον.

2212 3260 2320 3334 ι,ηῆ
2342 3260 2429 3317 Ἐν
2454 3259 2538 3327 αἷς
2569 3265 2665 3335 μὲν
2687 3259 3050 3331 οὖν,ὲντολαῖς
3078 3268 3252 3338 μόνως
3281 3270 3434 3323 αὐτοὶ
3465 3271 3712 3340 κοσμού-

2145 3351 2305 3422 μεθα,
2323 3349 2609 3426 ἐλάττωνή
2635 3355 2863 3425 δήλωσις
2886 3354 2978 3411 τοῦ
2997 3357 3153 3411 Θείου
3177 3359 3269 3411 καὶ
3296 3359 3532 3428 ἀμυδρά·
3553 3361 3712 3416 ἔστιν

2141 3441 2196 3493 δὲ
2228 3440 2315 3495 ὅτε
2365 3437 2484 3497 οὐδὲ
2528 3443 2785 3511 ἐλάττων,
2832 3446 2994 3515 ἡνίκα
3026 3446 3186 3511 αὐτὸς
3220 3448 3613 3516 ἀποκρούοιτο·
3651 3452 3679 3504 ὲ

2099 3555 2104 3558 -
2141 3520 2221 3595 οἷς
2253 3533 2309 3586 δὲ
2338 3532 2370 3604 ἡ
2400 3532 2564 3588 αὑτοῦ
2593 3536 2718 3600 δόξα
2751 3537 3083 3602 συνίσταται,
3108 3537 3312 3610 ἀληθὴς
3347 3541 3442 3593 καὶ
3499 3540 3710 3610 μείζων

2145 3623 2621 3694 ὑπερϐαλλόντως
2676 3627 2863 3698 ὥσπερ
2915 3626 3011 3682 καὶ
3066 3627 3125 3681 τὸ
3168 3630 3476 3684 ἀνάπαλινο
3512 3632 3714 3687 ἔλασεν

2157 3713 2406 3783 Ἀδραάμ
2434 3717 2737 3785 περιτομὴν
2773 3719 3137 3786 προεπιγνοὺς
3169 3719 3258 3773 τὸν
3282 3720 3438 3784 Θεὸν,
3469 3723 3562 3775 καὶ
3597 3724 3715 3776 ἀπο

2146 3801 2418 3869 ηρνήσατο
2464 3802 2534 3854 τὰ
2575 3798 2765 3854 εἴδωλα
2812 3802 2904 3855 τοῦ
2954 3805 3160 3875 πατρὸς
3190 3803 3378 3862 αὐτοῦ.
3445 3806 3583 3862 Πότε
3615 3806 3716 3864 οὖν

2151 3892 2351 3960 μᾶλλον
2373 3887 2490 3962 Θεῷ
2511 3892 2899 3963 εὐήριστησεν,
2952 3895 3012 3948 ὲν
3157 3898 3461 3968 ἀπαρνήσει
3495 3899 3604 3954 τῶν
3637 3901 3719 3953 ei-

2147 3979 2350 4044 δώλων,
2385 3981 2417 4050 ἢ
2453 3979 2509 4035 ὲν
2538 3985 2605 4053 τῇ
2635 3987 2904 4054 περιτομῇ
2938 3985 3035 4053 τῆς
3063 3986 3294 4054 σαρκός;
3325 3985 3596 4057 Πρόδηλον
3622 3988 3712 4042 ὅτι

479 4081 582 4135 lico
615 4081 795 4148 potius
829 4081 1094 4151 ahnegato
1129 4081 1316 4136 cultu:
1355 4096 1478 4134 nam
1522 4082 1735 4134 nonnisi
1785 4097 1881 4136 ceu
1925 4081 2033 4137 fidei

2149 4072 2207 4122 ὲν
2231 4073 2296 4142 τῇ
2325 4072 2627 4142 ἀπαρνήσει
2675 4075 2773 4143 τῆς
2823 4074 3299 4144 είδωλολατρείας·
3347 4078 3568 4144 σημεῖον
3603 4078 3719 4149 γὰρ

480 4173 692 4238 signum
745 4170 983 4238 suscepit
1034 4169 1283 4238 praeputii
1333 4170 1829 4224 circumcisionem.
1881 4169 2033 4222 AtTerI

2150 4160 2341 4214 ἔλασεν
2371 4158 2470 4228 τῆς
2504 4164 2739 4226 πίστεως
2761 4163 2858 4232 τῆς
2885 4164 2942 4216 ὲν
2976 4166 3042 4232 τῇ
3074 4162 3406 4233 ἀκροϐυστίᾳ
3430 4165 3531 4233 τὴν
3564 4183 3662 4235 πεί
3683 4197 3704 4215 .

482 4261 841 4328 praestigiator
889 4261 1095 4327 legatus
1133 4259 1504 4330 Agarenorum
1545 4260 2033 4325 circumcisionem,

2151 4252 2349 4320 τομήν.
2378 4251 2597 4318 Είσάγει
2628 4254 2722 4305 καὶ
2741 4255 2768 4303 ὀ
2802 4253 2931 4320 γόης
2960 4253 2988 4304 ὸ
3014 4253 3305 4315 ἀπόστολος
3335 4253 3442 4306 τῶν
3477 4254 3722 4324 Ἀγαρη-

483 4349 577 4402 sed
607 4349 768 4402 simul
811 4349 1188 4402 idololatrian).
1225 4348 1360 4402 Num
1415 4365 1542 4422 ergo
1581 4359 1632 4402 ct
1673 4350 1758 4402 hic
1790 4359 2033 4418 tanquam

2148 4342 2253 4395 νῶν
2286 4347 2588 4412 περιτομήν
2609 4358 2621 4373 ·
2651 4343 2786 4396 ἀλλά
2825 4344 2918 4396 καὶ
2946 4342 3405 4413 ειδωλολατρείαν.
3446 4339 3572 4413 'Ap‘
3620 4345 3721 4399 οὖν

483 4439 826 4494 Abrahamus
852 4438 962 4492 Deo
990 4440 1209 4506 placuit,
1235 4455 1301 4492 an
1334 4441 1666 4494 iracundiam
1701 4442 1876 4509 potius
1901 4451 2033 4494 coin-

2150 4436 2243 4488 καὶ
2273 4435 2433 4497 αὐτὸς
2461 4435 2538 4496 ὡς
2575 4432 2824 4503 Ἀϐραὰμ
2867 4433 2985 4504 Θεῷ
3026 4434 3419 4505 εὐηρέστησενε
3450 4428 3481 4505 ἢ
3513 4435 3722 4504 μᾶλλον

487 4529 702 4582 movit?
751 4529 831 4581 An
865 4528 1116 4597 denique,
1152 4535 1208 4581 ut
1240 4529 1473 4592 videtur,
1512 4541 1800 4598 utrumque
1841 4531 2033 4600 priesti'

2153 4524 2534 4594 Μρὼργισενς
2568 4525 2598 4595 ἢ
2629 4525 2703 4588 ὡς
2731 4526 2893 4591 δοκεῖ,
2932 4525 2998 4578 τὰ
3024 4523 3306 4594 ἀμφότερα
3333 4542 3346 4590 ;
3382 4525 3497 4577 ἀλλ’
3527 4528 3574 4576 εἰ
3613 4527 3720 4594 μὲν

490 4619 600 4671 tit?
642 4618 791 4684 Quod
825 4620 868 4673 si
918 4618 1054 4674 forte
1080 4629 1388 4687 utrumque,
1443 4634 1568 4672 num
1606 4620 1713 4673 Deo
1754 4623 1952 4689 placuit
1993 4635 2033 4676 St

2151 4618 2216 4669 τὸ
2259 4617 2561 4686 ἀμφότερα,
2608 4613 2718 4687 ἆρα
2754 4616 2873 4686 Θεῷ
2909 4617 3240 4687 εὐηρέστησε
3275 4615 3638 4685 περιτέμνων,
3685 4615 3720 4685 ἢ

489 4711 946 4777 οἱιοιιιιιρίιιεηαο,
983 4726 1047 4764 an
1080 4711 1257 4778 multo
1292 4711 1468 4778 potius
1503 4711 1734 4764 irritavit
1780 4713 1916 4764 idola
1959 4727 2051 4765 eo;

490 4800 690 4853 tendo?
738 4800 906 4864 Patet,
959 4802 1099 4871 quod
1129 4803 1306 4870 potius
1350 4802 1625 4855 irritavit:
1674 4817 1794 4854 nam
1823 4814 2052 4869 quorum

493 4892 795 4946 observatio
850 4894 1112 4960 gravioris
1152 4893 1408 4946 momenti
1449 4901 1552 4956 est,
1598 4893 1912 4947 eorumdem
1961 4905 2057 4962 par

497 4983 735 5036 violatio.
773 4985 984 5044 Etenim
1029 4999 1210 5038 rerum
1256 4997 1450 5039 natura
1480 4985 1562 5039 vel
1603 4999 1666 5038 ex
1703 4985 1832 5050 ipsis
1861 4998 2058 5053 cOgno-

498 5075 688 5138 scitur,
739 5076 821 5128 vel
867 5092 933 5130 ex
973 5091 1159 5130 earum
1207 5078 1652 5132 circumstantiis.
1709 5077 1774 5131 Et
1821 5077 2059 5146 cognitio

501 5168 714 5234 quidem
742 5185 804 5220 ex
838 5170 1281 5231 circumstantiis,
1317 5171 1581 5222 intirmior
1610 5187 1624 5234 ;
1659 5171 1826 5223 tutior
1852 5184 1978 5222 vero
2007 5177 2060 5221 ct

501 5260 763 5310 sincerior
790 5269 907 5325 quae
939 5273 1003 5310 ex
1039 5258 1166 5326 ipsis
1196 5259 1357 5314 rebus
1389 5260 1634 5326 emergit.
1663 5258 1761 5311 Per
1794 5273 1850 5311 se
1884 5260 2057 5326 ipsum

505 5350 720 5416 quidem
764 5350 1096 5403 demonstrat
1142 5349 1338 5419 aliquis
1384 5349 1655 5403 servitutis
1679 5359 1729 5400 et
1755 5348 2061 5403 dominatus

508 5445 795 5502 naturam,
842 5454 960 5492 cum
1008 5441 1196 5496 relatio
1247 5440 1541 5495 immobilis
1589 5440 1869 5492 retinetur.
1907 5437 2059 5491 ilaud

509 5545 602 5599 per
626 5545 683 5584 se
725 5528 898 5598 ipsum
929 5541 1126 5598 autem,
1160 5546 1280 5586 cum
1316 5529 1516 5597 aliquid
1548 5529 1608 5583 ad
1645 5545 1759 5583 cam
1792 5546 1902 5584 rem
1937 5546 2060 5598 per-

2157 4708 2355 4778 μᾶλλον
2386 4708 2564 4777 πολλῷ
2590 4707 2749 4761 πλέον
2775 4707 3125 4779 παρώργισεν
3153 4704 3552 4776 εἰδωλολατρῶν
3574 4725 3588 4776 ;
3613 4707 3714 4760 Εὖ·

2154 4798 2309 4866 δηλον
2337 4801 2416 4852 ὅτι
2450 4798 2648 4867 μᾶλλον
2669 4797 3016 4870 παρὼργισεν
3037 4813 3051 4829 '
3085 4791 3158 4852 ὧν
3184 4799 3293 4867 γάρ
3320 4801 3351 4867 ἡ
3379 4799 3726 4869 κατόρθωσις

2160 4889 2382 4956 μείζων,
2412 4889 2615 4942 τούτων
2654 4890 2868 4952 πάντως
2916 4890 3008 4940 καὶ
3050 4890 3081 4958 ἡ
3119 4889 3440 4959 ἀπόπτωσις
3489 4891 3724 4959 μείζων.

2158 4978 2278 5030 Τῶν
2306 4980 2410 5047 γὰρ
2438 4982 2777 5050 πραγμάτων
2811 4981 2843 5048 ἡ
2881 4979 3042 5046 φύσις
3087 4981 3152 5031 ὲκ
3193 4976 3302 5034 τῶν
3339 4979 3462 5032 καθ’
3512 4981 3656 5032 αὐτὰ
3690 4984 3725 5055 ἢ

2159 5068 2223 5119 ὲκ
2249 5067 2354 5118 τῶν
2386 5070 2512 5136 περὶ
2541 5069 2677 5121 αὐτὰ
2724 5068 3001 5138 δηλοῦται·
3035 5069 3126 5121 καὶ
3155 5071 3186 5139 ἡ
3231 5069 3328 5139 μὲν
3356 5071 3418 5122 ὲκ
3447 5069 3556 5123 τῶν
3592 5073 3730 5138 περὶ

2161 5158 2300 5210 αὐτὰ
2331 5158 2581 5227 δήλωσις,
2619 5162 2678 5211 οὺ
2723 5161 2945 5230 τοιαύτη
2968 5177 2979 5189 ·
3018 5163 3050 5232 ἡ
3087 5161 3142 5213 δὲ
3168 5163 3233 5215 ἐκ
3270 5161 3378 5214 τῶν
3401 5161 3522 5215 καθ’
3555 5163 3726 5226 αὐτὰ,
3801 5172 3805 5176 ’

2160 5252 2406 5322 ἀσφαλής
2432 5269 2488 5304 τε
2522 5252 2613 5304 καὶ
2655 5253 3005 5322 ἀδιάψευστος
3035 5254 3250 5324 μᾶλλον.
3299 5254 3434 5308 Καθ’
3465 5255 3599 5308 αὑτό
3639 5272 3729 5318 τις

2162 5346 2257 5416 τὴν
2285 5345 2443 5414 φύσιν
2466 5345 2706 5409 δουλείας
2730 5349 2821 5399 καὶ
2845 5348 3156 5410 δεσποτείας
3184 5351 3303 5402 τότε
3337 5349 3509 5418 δηλοῖ,
3541 5350 3620 5401 ὅτ’
3657 5350 3728 5402 ἂν

2163 5438 2193 5505 ἡ
2229 5436 2407 5505 σχέσις
2439 5435 2694 5502 ἀκίνητος
2727 5440 3052 5507 συντηρῆται
3076 5457 3088 5472 ο
3118 5441 3178 5493 οὐ
3217 5440 3334 5494 καθ’
3368 5442 3503 5494 αὐτὸ
3532 5441 3611 5504 δὲ,
3642 5441 3726 5492 ὅτ’

2162 5531 2226 5584 ἂν
2259 5530 2346 5583 τὸν
2379 5528 2498 5596 περὶ
2531 5527 2592 5581 τὸ
2635 5530 2858 5599 πρᾶγμά
2891 5547 3008 5584 τινα
3041 5533 3300 5602 ὲμφαίνῃ,
3350 5531 3465 5586 ἀλλ’
3495 5532 3596 5584 οὐκ
3632 5531 3725 5585 αὑ-
