3926 6308
503 275 610 336 799

1768 275 2060 335 NICETAZ
2101 274 2467 335 BYZANTIN
2473 275 2499 333 Ι

3628 271 3746 335 800

505 388 650 450 fecit,
684 401 844 453 quam
879 392 936 437 ut
972 384 1140 453 ipsius
1166 385 1587 441 observarentur
1638 403 1938 442 sermones.
1969 387 2072 458 lgi-

2181 407 2281 453 ται,
2314 389 2428 440 ἀλλ’
2451 387 2570 458 οὐχὶ
2621 386 2711 440 τὸν
2737 385 2906 448 ὅντως
2943 385 3075 438 Θεόν
3104 401 3116 415 ·
3166 386 3194 437 ὁ
3226 384 3331 453 γὰρ
3361 383 3540 436 ἐκεῖνο
3570 383 3759 453 ῥήξας
3785 376 3790 379 ’

503 487 590 529 tur
618 477 708 545 qui
735 477 853 544 ejus
887 493 1165 532 sermones
1202 479 1395 542 abolet,
1426 479 1600 547 ipsum
1629 487 1904 532 auctorem
1940 480 2069 532 abo-

501 568 573 621 let
601 587 612 620 ε
637 569 725 636 qui
760 578 1033 623 auctorem
1063 570 1261 631 abolet,
1295 580 1453 638 negat
1518 570 1681 623 simul
1744 569 1944 623 factum
2002 570 2069 624 ab

499 659 686 711 eodem
724 659 1063 712 miraculum.
1095 659 1257 728 Atqui
1289 675 1410 712 cum
1441 660 1785 713 Moliamedes
1827 661 2068 713 miracu-

502 749 624 834 lum.
663 750 794 803 illud
845 749 1184 815 conﬁteatur,
1230 751 1414 818 utique
1464 739 1532 805 ab
1582 752 1688 805 alio
1727 750 1835 805 Deo
1866 750 2066 806 factum

505 837 654 903 dicit,
689 854 794 890 non
831 838 897 890 ab
929 839 1018 891 illo
1053 840 1145 907 qui
1175 851 1365 894 auctor
1401 851 1483 896 est
1509 857 1844 907 sermonum,
1870 843 2068 908 quibus

507 929 609 981 hoc
672 929 990 981 miraculum
1043 930 1221 998 ipsum
1277 943 1544 986 narratur.
1579 919 1939 998 Quam'obrem
1972 937 2071 990 du-

503 1018 626 1086 plex
668 1027 749 1070 est
784 1017 1121 1075 Mohamedis
1166 1023 1436 1090 impietas,
1462 1024 1572 1076 imo
1606 1036 1658 1078 et
1681 1025 1908 1094 triplex;
1942 1026 2068 1094 quia

500 1107 613 1160 Deo
642 1107 853 1160 auctori
887 1109 1046 1177 eripit
1081 1111 1437 1178 miraculum;
1465 1121 1516 1166 et
1539 1113 1664 1181 quia
1697 1113 1769 1166 illi
1801 1114 2007 1179 tribuit,
2037 1130 2068 1168 a

500 1214 609 1266 quo
635 1214 739 1253 non
771 1211 852 1253 est
872 1202 1097 1258 factum.
1124 1203 1388 1269 Quisnam
1421 1206 1685 1277 porrosit
1704 1205 1795 1273 qui
1816 1205 1926 1273 jam
1947 1205 2070 1258 inde
2108 1241 2110 1245 -

501 1291 570 1344 ab
605 1291 763 1347 initio
802 1295 1064 1351 adversus
1087 1295 1322 1350 divinam
1350 1296 1574 1364 gloriam
1610 1311 1667 1350 se
1693 1297 1904 1362 extulit,
1937 1297 2070 1352 satis

501 1380 729 1436 scimus.
759 1381 913 1438 Hunc
943 1399 1072 1455 ergo
1111 1385 1214 1439 coli
1242 1400 1272 1438 a
1307 1383 1622 1439 Mobamede
1659 1383 1733 1438 ita
1776 1386 2067 1454 cogitante,

503 1486 726 1527 necesse
752 1483 852 1528 est.
883 1474 978 1530 Vel
1008 1486 1152 1530 certe
1205 1477 1524 1531 immutatus
1558 1485 1640 1531 est
1672 1485 1726 1530 et
1754 1490 2067 1541 conversus,

2172 480 2231 531 τὸ
2284 479 2540 545 πέλαγος,
2578 477 2644 529 δι’
2677 477 2800 528 ἄλλο
2843 476 2993 536 οὐδὲν
3020 476 3051 545 ἢ
3083 475 3168 528 διὰ
3203 475 3262 527 τὸ
3283 475 3412 536 τοὺς
3445 473 3617 527 αὑτοῦ
3652 492 3758 543 φυ-

2171 568 2459 622 λάττεσθαι
2509 567 2697 634 λόγους
2725 566 2884 620 τοῦτο
2927 567 3245 635 πεποίηκεν.
3279 566 3339 617 Ὀ
3373 565 3506 631 γοῦν
3535 563 3760 616 ἀθετῶν

2172 660 2296 721 τοὺς
2326 658 2490 711 αὐτοῦ
2514 659 2725 724 λόγους,
2759 659 3022 726 πρότερον
3049 657 3209 709 αὐτὸν
3245 657 3465 709 ἀθετεῖ·
3499 654 3678 707 αὐτὸν
3699 653 3761 705 δὲ

2172 750 2400 814 ἀθετῶν,
2433 750 2528 803 καὶ
2574 749 2634 802 τὸ
2687 750 2815 817 παρ’
2861 747 3024 802 αὐτοῦ
3064 746 3395 814 γεγενῆσθαι
3445 746 3507 799 τὸ
3556 744 3761 813 θαῦμα.

2171 837 2390 891 ἀθετεῖο
2431 840 2815 910 ιγεγενημένον
2863 855 2919 891 τε
2951 837 3087 900 ὅλως
3120 837 3181 888 τὸ
3226 836 3410 913 θαῦμα
3439 835 3758 906 ὁμολογῶν,

2173 928 2304 996 παρ’
2333 927 2491 980 ἄλλου
2525 928 2740 990 πάντως
2769 927 2900 979 αὐτὸ
2929 926 3258 994 γεγενῆσθαι
3305 925 3473 994 λέγει,
3497 926 3556 978 οὐ
3580 925 3759 995 ’παρὰ

2173 1020 2265 1071 τοῦ
2291 1021 2630 1088 γεγραφότος
2655 1021 2781 1082 τοὺς
2806 1020 2996 1086 λόγους
3033 1020 3092 1071 ὲν
3118 1013 3199 1081 οἷς
3228 1019 3319 1071 καὶ
3351 1016 3508 1070 τοῦτο
3539 1016 3756 1085 γέγρα-

2174 1127 2306 1164 πται
2340 1111 2401 1163 τὸ
2429 1111 2612 1180 θαῦμα
2630 1127 2642 1140 ·
2668 1109 2808 1165 ὥστε
2841 1109 2992 1181 διττὴ
3021 1109 3184 1163 αὐτοῦ
3211 1111 3244 1178 ἡ
3267 1107 3510 1170 ἀσέϐεια,
3547 1106 3760 1176 μᾶλλον

2171 1203 2228 1255 δὲ
2263 1203 2358 1256 καὶ
2392 1203 2602 1274 τριττὴ,
2632 1203 2714 1255 ὅτι
2743 1188 2810 1254 τέ
2855 1199 3208 1270 ἀφαιρεῖσθαι
3256 1198 3349 1251 τοῦ
3375 1197 3762 1266 πεποιηκότος

2169 1293 2306 1347 Θεοῦ
2330 1277 2389 1347 τὸ
2418 1294 2603 1364 θαῦμα
2622 1310 2636 1323 ·
2661 1295 2754 1346 καὶ
2778 1294 2859 1346 ’ὅτι
2884 1293 2959 1363 μὴ
2985 1292 3063 1362 τῷ
3085 1290 3403 1359 πεποιηκότι
3434 1288 3753 1358 χαρίζεται.

2174 1383 2270 1446 Τίς
2295 1384 2351 1437 δέ
2379 1384 2529 1437 ἐστιν
2556 1386 2583 1436 ὁ
2609 1385 2669 1447 ἐξ
2697 1385 2869 1454 ἀρχῆς
2905 1381 3046 1435 κατὰ
3074 1381 3174 1450 τῆς
3192 1379 3342 1443 θείας
3375 1380 3759 1448 ἐπαιρόμενος

2169 1472 2363 1542 δόξης,
2421 1473 2608 1540 σαφῶς
2665 1474 2918 1542 οῐδαμεν·
2971 1471 3161 1524 τοῦτον
3219 1468 3312 1533 οὖν
3361 1469 3468 1539 ἄρα
3523 1469 3758 1530 πάντως

500 1575 568 1615 ex
598 1561 926 1620 Mohamedis
953 1567 1244 1632 sententia,
1271 1567 1411 1622 Deus
1436 1585 1451 1629 ;
1486 1583 1661 1637 neque
1691 1568 1801 1638 jam
1833 1570 1887 1622 in
1913 1577 2070 1623 aster-

2181 1564 2380 1632 Ξνάγκη
2404 1565 2658 1618 σέϐεσθαι
2682 1563 2853 1618 ταῦτα
2880 1561 3179 1634 φρονοῦντα
3198 1578 3213 1593 ·
3243 1561 3276 1632 ἢ
3305 1561 3592 1631 ἠλλοίωται
3622 1559 3752 1612 κατ’

502 1668 633 1707 num
663 1670 840 1709 sermo
872 1658 988 1726 ejus
1013 1670 1315 1727 permanet,
1347 1674 1525 1728 neque
1541 1660 1725 1713 omnia
1756 1661 1876 1729 ejus
1907 1677 2068 1729 opera

2181 1655 2328 1707 ιὺτὺν
2357 1656 2418 1708 τὸ
2445 1656 2596 1709 Θεῖον
2617 1656 2712 1709 καὶ
2733 1655 3056 1724 τέτραπται,
3088 1653 3181 1705 καὶ
3203 1652 3303 1705 οὐκ
3331 1654 3410 1714 είς
3445 1651 3535 1703 τὸν
3563 1651 3753 1704 αίῶνα

505 1757 650 1796 vera.
707 1723 911 1801 Verum—
953 1723 1189 1814 jactetur
1225 1749 1278 1801 in
1323 1750 1498 1818 capita
1556 1751 1791 1804 sontium
1839 1751 2069 1806 absurda

2181 1747 2200 1798 5
2228 1745 2384 1811 λόγος
2413 1745 2574 1798 αὐτοῦ
2599 1723 2860 1815 διαμένει,
2892 1744 3011 1796 οὐδὲ
3063 1743 3240 1795 πάντα
3287 1739 3357 1816 τὰ
3406 1740 3544 1811 ἔργα
3571 1741 3752 1793 αὑτοῦ

503 1834 856 1903 blasphemia.
900 1837 1054 1903 Quod
1089 1840 1135 1893 si
1167 1841 1591 1895 inconvertibilis
1631 1850 1684 1894 et
1721 1842 2072 1897 immutabilis

2181 1835 2428 1904 ἀληθινὰ*
2462 1836 2577 1889 ἀλλ’
2631 1833 2956 1906 ἀπερρίφθω
3009 1835 3090 1896 είς
3118 1831 3363 1901 κεφαλὰς
3414 1831 3523 1882 τῶν
3551 1831 3756 1883 αἰτίων

501 1921 644 1979 Deus
668 1935 1014 1995 perseverat;
1045 1927 1389 1983 Mohamedes
1416 1931 1598 1998 potius
1629 1938 1916 1998 pervorsus
1933 1939 2070 1997 esto,

2181 1927 2270 1995 τῆς
2289 1924 2632 1995 βλασφημίας
2662 1925 2721 1976 τὸ
2745 1924 2965 1977 ἄτοπον.
2994 1923 3057 1975 Εί
3086 1923 3141 1974 δὲ
3171 1921 3436 1991 ἄτρεπτον
3461 1922 3556 1973 καὶ
3580 1922 3753 1976 ἀνα).-

500 2014 596 2083 qui
631 2024 894 2071 mutatum
925 2034 1362 2088 conversumque
1388 2021 1554 2075 Deum
1604 2022 1766 2091 impie
1817 2024 2073 2091 blasphe-

502 2113 634 2170 mat,
663 2107 892 2176 ejusque
939 2123 1218 2163 sermones
1260 2109 1420 2164 delet.
1458 2110 1846 2180 Participemus
1895 2122 2071 2166 autem

502 2209 604 2249 nos
660 2197 855 2250 divina!
892 2197 1161 2254 ﬁrmitatis
1199 2201 1447 2270 gratiam,
1483 2201 1574 2271 qui
1602 2204 1923 2258 miraculum
1954 2205 2072 2270 ejus

501 2285 860 2351 admittimus,
889 2289 1117 2357 ejusque
1144 2291 1289 2358 leges
1325 2293 1675 2348 observemus
1716 2303 1767 2348 et
1801 2311 2070 2362 exsequa—

503 2386 644 2435 mur,
671 2382 838 2445 atque.
866 2373 970 2429 Deo
1003 2377 1195 2446 dignas
1245 2379 1369 2432 inde
1390 2409 1396 2412 -
1417 2381 1799 2436 condiscamus
1822 2384 2072 2452 discipli-

502 2476 604 2516 nas
655 2478 717 2517 ac
751 2465 1001 2519 vaticinia
1038 2477 1090 2520 et
1118 2469 1184 2522 de
1220 2468 1441 2524 Christo
1466 2481 1519 2526 et
1547 2471 1616 2525 de
1648 2473 1811 2527 rebus
1864 2474 2074 2528 cunctis

409 2625 412 2628 γ
502 2554 856 2620 prtesentibus
891 2557 1198 2612 ac'futuris.

575 2809 695 2864 lOl.
727 2809 803 2864 Ex
843 2811 924 2866 his
961 2827 1086 2881 ergo
1127 2814 1467 2869 concluditur
1518 2816 1884 2873 Mohamedem
1933 2837 2064 2875 con-

501 2899 643 2953 vinci
680 2901 969 2964 dicentem,
1003 2913 1094 2955 aut
1117 2904 1282 2958 Deum
1318 2921 1420 2958 non
1457 2909 1742 2967 exsistere.
1777 2919 1873 2963 aut
1931 2924 2074 2968 certe

503 2991 778 3044 diversum
830 3008 950 3047 esse
979 2994 1168 3060 deum;
1205 3005 1297 3049 aut
1328 2998 1370 3051 si
1405 3007 1506 3062 est,
1544 3000 1597 3052 in
1650 3010 1790 3054 statu
1827 3018 1926 3056 suo
1967 3021 2071 3056 non

509 3096 849 3148 permanere,
883 3084 976 3135 sed
1011 3094 1064 3135 ut
1099 3085 1155 3137 iit
1188 3088 1533 3142 nascentibus
1564 3098 1616 3142 et
1670 3101 1849 3157 postea
1886 3108 2073 3148 corru-

509 3170 749 3237 ptionem
785 3171 1138 3238 patientibus,
1174 3189 1202 3226 a
1235 3191 1335 3228 suo
1367 3176 1508 3238 vita:
1556 3178 1740 3231 habitu
1776 3180 2071 3247 discedere,

515 3267 759 3324 tempore
809 3258 1154 3318 imtnulatum
1204 3280 1217 3313 :
1268 3263 1426 3330 cujus
1471 3267 1749 3319 sententia
1777 3282 1985 3336 quanta'
2005 3273 2075 3327 sit

497 3345 752 3413 impietas
781 3345 935 3400 facile
955 3348 1308 3416 dignoscitur.
1338 3351 1449 3407 Hac
1471 3354 1655 3422 itaque
1675 3358 1856 3426 regula
1887 3370 2070 3414 utatur

505 3435 754 3503 quisquis
804 3428 1085 3491 veritatem
1143 3442 1383 3509 apprime
1417 3453 1562 3497 amat
1600 3463 1614 3499 ;
1648 3447 1862 3501 etiamsi
1889 3449 2073 3504 Moha-

505 3527 687 3580 medes
716 3527 862 3580 aliud
889 3518 1185 3598 quidquam
1221 3532 1471 3588 admittat
1505 3536 1618 3590 sive
1642 3536 1852 3594 Veteris
1881 3539 2072 3595 Testa-

508 3617 676 3672 menti
725 3618 838 3672 sive
866 3617 1035 3684 Novi;
1068 3622 1232 3674 audet
1272 3625 1414 3676 enim
1457 3626 1570 3693 ipse
1601 3642 1837 3697 quoque,
1870 3629 2073 3685 invitus

505 3706 653 3770 licet,
680 3699 982 3777 virgineum
1008 3720 1218 3778 partum
1247 3713 1523 3780 conﬁteri;
1559 3729 1621 3768 ex
1680 3716 1795 3785 ipsa
1831 3718 2071 3786 ejusdem

505 3799 847 3854 confessione
900 3802 1043 3856 hunc
1094 3804 1400 3859 convincat.
1440 3804 1607 3861 Valde
1651 3809 1794 3862 enim
1827 3810 2073 3868 indoctus

504 3895 585 3940 est
614 3889 878 3944 barbarus
907 3899 959 3944 et
986 3892 1315 3949 ineruditus.

505 3977 696 4031 XXIX.
731 3978 878 4056 Falli
904 3997 988 4056 eos
1021 3984 1108 4056 qui
1142 3983 1321 4056 dicunt
1353 3995 1552 4056 gentem
1585 3985 1941 4056 Agarenorum
1980 3991 2072 4045 Dei

867 4055 870 4060 '
940 4051 1122 4105 Patris
1149 4051 1622 4108 cultum'retinere.

580 4197 700 4251 102.
737 4198 872 4253 Cum
899 4200 1161 4257 Dominus
1195 4213 1380 4259 noster
1413 4204 1570 4261 Jesus
1599 4205 1844 4262 Christus
1876 4212 2072 4266 veritas

2171 2016 2391 2068 λοίωτον
2423 2016 2666 2085 διαμένει
2694 2015 2752 2067 τὸ
2777 2014 2948 2077 Θεῖον,
2988 2012 3151 2074 αὐτὸς
3192 2013 3291 2082 μὲν
3330 2011 3754 2080 ἀνατετραμμέ-

2173 2123 2260 2168 νος
2298 2104 2527 2176 ὑπάρξει
2564 2105 2637 2169 ὼς
2659 2104 2920 2174 δυσσεϐὴς
2953 2101 3421 2173 μεταϐαλλόμενον
3452 2101 3544 2153 καὶ
3573 2116 3754 2167 μετα-

2173 2198 2504 2268 τρεπόμενον
2545 2196 2881 2265 βλασφημῶν
2934 2194 2995 2246 τὺ
3043 2193 3219 2256 Θετον,
3276 2192 3369 2244 καὶ
3409 2192 3537 2252 τοὺς
3575 2189 3752 2242 αὐτοῦ

2175 2287 2452 2357 ὴθετηκὼς
2478 2287 2670 2353 λόγους
2698 2303 2712 2318 ο
2751 2283 3045 2354 μεθέξομεν
3074 2282 3130 2334 δὲ
3158 2282 3259 2351 τῆς
3287 2281 3452 2334 αὐτοῦ
3477 2280 3750 2350 ἁτερψίας

2175 2379 2357 2447 χάριτι
2399 2377 2444 2428 oi
2485 2377 2579 2428 καὶ
2607 2377 2666 2428 τὸ
2715 2373 2902 2443 θαῦμα
2952 2371 3426 2443 προσδεδεγμένοι,
3472 2371 3568 2423 καί⁵
3615 2369 3753 2431 τοὺς

2174 2469 2367 2534 νόμους
2399 2464 2729 2535 πληροῦντες
2763 2464 2852 2515 καὶ
2885 2461 3237 2525 τελειοῦντες,
3259 2459 3354 2541 και
3388 2459 3488 2521 τὰς
3511 2458 3749 2527 θεοπρε-

2175 2560 2294 2618 πείς
2321 2554 2378 2618 ἐξ
2408 2556 2588 2607 αὐτῶν
2615 2553 2994 2622 παιδευόμενοι
3037 2551 3336 2622 μαθητείας
3367 2566 3425 2602 τε
3480 2549 3575 2601 καὶ
3605 2544 3750 2618 προ-

2175 2647 2401 2715 φητείας
2435 2644 2561 2716 περί
2587 2662 2645 2697 τε
2675 2643 2910 2715 Χριστοῦ
2950 2643 3043 2696 καὶ
3072 2643 3289 2699 πάντων
3309 2641 3420 2694 τῶν
3452 2639 3622 2693 ὄντων
3648 2643 3750 2693 καὶ

2176 2736 2470 2805 ἐσομένων.
2610 2757 2621 2770 ·
3395 2746 3406 2750 ’“
3504 2802 3516 2806 _

2247 2821 2350 2893 ρα’.
2382 2822 2653 2890 Συνῆκται
2686 2821 2866 2873 τοίνυν
2897 2823 2961 2874 ὲκ
2982 2819 3188 2874 τούτων
3228 2819 3550 2889 φωραθῆναι
3578 2818 3752 2871 αὐτὸν

2175 2911 2419 2978 λέγοντα,
2444 2910 2476 2979 ἢ
2504 2911 2596 2963 τὸν
2621 2911 2751 2963 Θεὸν
2784 2910 2858 2979 μὴ
2886 2907 3026 2962 εἶναι
3052 2909 3206 2972 Θεὸν,
3239 2909 3354 2960 ἀλλ’
3385 2909 3471 2959 ἓτε
3483 2924 3572 2979 ρον
3601 2903 3748 2959 εἶναι

2179 2999 2297 3053 θεόν
2316 3017 2332 3032 ·
2351 2990 2406 3069 ’νῆ
2440 2999 2590 3062 ὅντα,
2641 2999 2714 3069 μὴ
2753 2999 2844 3050 τὸν
2884 2998 3044 3050 αὐτὸν
3073 2998 3160 3050 ἀεὶ
3182 2997 3462 3066 διαμένειν
3485 2996 3749 3056 ὡσαύτως

2178 3091 2368 3160 ἔχοντα
2420 3091 2557 3158 (99),
2589 3089 2724 3143 ἀλλὰ
2749 3087 2888 3141 κατὰ
2919 3089 3043 3150 τοὺς
3068 3089 3126 3141 ὲν
3164 3089 3376 3156 γενέσει
3426 3086 3518 3140 καὶ
3547 3086 3746 3156 φθορᾷ,

2176 3183 2273 3250 τῆς
2299 3181 2489 3234 ἑαυτοῦ
2518 3180 2869 3249 ἐξισταμένου
2896 3177 3084 3243 ἕξεως,
3107 3178 3184 3247 τῷ
3212 3178 3388 3249 χρόνῳ
3413 3176 3746 3245 μεταϐαλλό-

2179 3289 2337 3341 μενον
2357 3289 2369 3302 ·
2398 3267 2472 3325 ὧν
2491 3271 2550 3323 τὸ
2571 3271 2762 3333 ἀσεϐὲς
2782 3270 3000 3335 ὁπόσον,
3026 3269 3254 3322 συνιδεῖν
3277 3267 3520 3322 εὔκολον.
3556 3265 3750 3337 Τούτῳ

2176 3361 2267 3418 οὖν
2305 3363 2380 3433 τῷ
2428 3363 2610 3416 κανόνι
2643 3361 2980 3432 κεχρημένος
3039 3363 3144 3422 πᾶς
3173 3361 3319 3422 ὅστις
3353 3358 3420 3412 ἂν
3452 3357 3746 3427 φιλαληθέο

2179 3469 2391 3514 στατος,
2421 3451 2524 3504 κᾶν
2553 3452 2676 3505 ἄλλο
2708 3469 2758 3505 τι
2786 3453 2883 3520 τῆς
2912 3451 3151 3519 Παλαιᾶς
3190 3449 3560 3520 παραδέξηται
3586 3449 3619 3514 ἢ
3649 3449 3747 3503 καὶ

2152 3541 2316 3603 ιΝέας
2337 3557 2350 3570 ”
2380 3541 2551 3611 τολμᾷ
2585 3541 2692 3609 γὰρ
2724 3543 2817 3593 καὶ
2857 3541 3018 3602 αὐτὸς
3045 3538 3136 3592 τὸν
3183 3537 3514 3608 παρθενικδν
3540 3537 3633 3589 καὶ
3663 3536 3743 3606 μὴ

2177 3628 2494 3702 βουλόμενος
2518 3631 2798 3701 ὁμολογεῖν
2823 3631 2998 3693 τόκον,
3034 3632 3096 3682 ὲκ
3119 3630 3217 3698 τῆς
3242 3627 3420 3696 ,αὐτοῦ
3453 3626 3744 3696 ὁμολογίας

2174 3721 2359 3773 τοῦτον
2412 3721 2790 3791 περιτρεπέτω
2811 3740 2824 3755 ·
2859 3719 2977 3772 λίαν
3002 3717 3112 3788 γὰρ
3166 3716 3384 3788 ἀμαθὴς
3405 3718 3433 3768 ὁ
3466 3715 3742 3787 βάρϐαρος

2176 3813 2270 3865 καὶ
2304 3813 2649 3873 ἀπαίδευτος.

2175 3987 2305 4043 ΚΘ’.
2342 3990 2464 4041 Ὅτι
2511 3987 2889 4056 σφάλλονται
2911 3979 3002 4056 ,ὀί
3031 3952 3311 4053 λέγοντες
3349 3985 3466 4056 τὴν
3510 3987 3596 4048 εις
3631 3984 3744 4038 τὸν

2248 4059 2394 4111 Θεὸν
2418 4058 2514 4110 καί
2540 4056 2771 4125 Πατέρα
2807 4055 3013 4116 σώζειν
3052 4057 3364 4109 εὐσέϐειαν
3387 4055 3456 4108 τὸ
3501 4056 3737 4124 Ἀταρη-

2243 4127 2365 4180 νῶν
2400 4127 2594 4192 ἔθνος.

2248 4218 2347 4287 ρβ.
2395 4219 2672 4287 Ἀληθείας
2716 4217 3054 4288 κεκλημένου
3110 4216 3204 4269 καὶ
3259 4214 3596 4283 ὑπάρχοντος
3642 4212 3738 4264 τοῦ

507 4291 805 4358 appelletur
854 4301 908 4345 et
956 4293 1045 4359 sit,
1079 4309 1302 4350 necesse
1356 4306 1438 4351 est
1491 4299 1770 4354 credentes
1816 4303 1887 4364 ei,
1931 4303 2069 4357 haud

2181 4308 2381 4376 Κυρίου
2439 4307 2600 4376 ἡμῶν
2667 4308 2840 4375 Ἰησοῦ
2897 4304 3157 4375 Χριστοῦ,
3202 4303 3416 4370 ἀνάγκη
3445 4304 3558 4362 τοῖς
3584 4300 3740 4354 τοῦτο

508 4381 832 4445 concedere,
867 4385 1014 4451 quod
1063 4387 1203 4441 Deus
1243 4386 1524 4452 Arahami,
1570 4399 1624 4444 et
1670 4393 1809 4445 Deus
1852 4393 2070 4464 Iloysis,

2181 4370 2587 4461 πεπιστευκόσι,
2643 4370 2740 4468 μὴ-
2779 4397 2887 4450 δεῖν
2946 4370 3335 4448 κατατίθεσθαι
3363 4393 3438 4455 ὡς
3488 4393 3580 4444 τὸν
3607 4391 3740 4445 Θεὸν

507 4479 562 4522 et
587 4469 725 4525 Deus
759 4472 1022 4540 AarOnis,
1059 4477 1126 4530 ab
1178 4479 1477 4547 Agarenica
1528 4491 1685 4550 gente
1728 4483 1956 4539 colatur.
1985 4487 2074 4539 Ait

507 4563 653 4615 enim
691 4563 985 4620 Dominus:
1012 4565 1116 4631 Qui
1143 4586 1243 4622 non
1270 4569 1584 4640 honori/ica!
1624 4571 1844 4638 Filium,
1870 4592 1932 4628 ne
1961 4576 2072 4630 Pa-

511 4665 638 4707 trem
655 4656 864 4723 quidem
895 4659 1270 4729 honoriﬁca!“
1298 4680 1311 4716 :
1339 4678 1437 4717 ceu
1459 4665 1640 4719 cuncti
1672 4666 1921 4720 videlicet
1941 4683 2072 4721 sau-

509 4745 581 4796 cti
612 4744 685 4815 illi
719 4748 1035 4814 patriarchae
1068 4758 1122 4802 et
1151 4753 1427 4820 propheta:
1477 4753 1672 4807 Filium
1712 4755 1801 4809 Dei
1831 4772 2074 4812 comme-

511 4837 841 4889 moraverint
871 4839 1250 4907 coluerintque
1284 4843 1697 4918 praecognitum.
1743 4845 2076 4900 Abra/ianms

510 4926 667 4990 enim,
700 4928 875 4996 inquit
891 4929 1159 4995 Christus,
1175 4943 1324 4998 pater
1347 4946 1528 4998 vester,
1547 4936 1827 4988 exsultavit
1853 4949 1907 4990 ut
1939 4939 2080 4992 vide-

513 5026 589 5068 ret
611 5017 748 5069 diem
787 5035 989 5083 meum;
1013 5022 1140 5073 vidit
1169 5032 1214 5075 et
1236 5024 1440 5091 gavisus
1467 5033 1545 5078 est
1587 5025 1657 5078 ".
1687 5026 1895 5097 Moyses
1921 5031 1986 5083 de
2016 5046 2080 5085 eo

513 5108 759 5176 scripsit;
811 5119 862 5163 et
894 5111 1286 5182 subsequentes
1343 5117 1616 5185 propheta:
1672 5120 1865 5186 partim
1920 5136 2081 5187 Opere

516 5198 712 5264 partim
763 5202 940 5256 verbis
977 5205 1224 5259 eumdem
1258 5209 1485 5277 mystice
1519 5211 1899 5264 revelarunt".
1936 5213 2083 5277 Quo-

518 5290 678 5343 modo
706 5291 867 5361 igitur
912 5294 1075 5364 impia
1111 5297 1225 5351 hare
1257 5315 1408 5370 gens,
1440 5315 1560 5368 qua}
1593 5303 1656 5354 ad
1694 5303 2076 5358 inlerneeivani

2185 4468 2434 4559 Ἀϐραὰμ
2470 4491 2562 4541 καὶ
2595 4489 2726 4541 Θεὸν
2765 4489 3041 4549 Μωῦσέως
3095 4487 3188 4539 καὶ
3230 4483 3440 4551 Ἀαρὼν
3464 4483 3612 4551 παρὰ
3641 4480 3738 4535 τοῦ

2186 4578 2484 4648 Ἀγαρηνοῦ
2516 4577 2867 4648 λατρεύεσθαι
2902 4577 3106 4640 ἔθνους.
3131 4576 3266 4646 Φησὶ
3303 4575 3413 4643 γὰρ
3458 4571 3736 4640 όΚύριοςο

2191 4666 2243 4717 Ὀ
2265 4650 2349 4734 μὴ
2382 4667 2562 4735 τιμῶν
2589 4669 2694 4720 τὸν
2730 4668 2886 4731 Υίὸν,
2918 4667 3058 4720 οὐδὲ
3077 4666 3181 4719 τὸν
3205 4667 3432 4733 Πατέρα
3461 4661 3598 4731 τιμᾷ
3620 4679 3632 4692 ·
3663 4662 3737 4724 ὡς

2180 4758 2396 4812 πάντων
2420 4760 2657 4826 δηλονότι
2678 4759 2783 4811 τῶν
2812 4759 2980 4826 ἁγίων
3013 4757 3235 4811 ἐκείνων
3271 4755 3622 4825 πατριαρχῶν
3647 4755 3740 4805 καὶ

2182 4843 2496 4919 προφητῶν,
2524 4853 2620 4919 τὴν
2644 4850 2739 4902 τοῦ
2772 4848 2902 4901 Υἱοῦ
2944 4848 3038 4900 τοῦ
3077 4846 3212 4899 Θεοῦ
3246 4845 3617 4926 μεμνημένων
3644 4844 3740 4895 καὶ

2187 4941 2552 4995 σεϐασθέντων
2602 4939 2930 5006 ἐπίγνωσιν·
2996 4939 3238 5006 Ἀϐραὰμ
3289 4936 3434 5006 γὰρ,
3490 4934 3672 5004 φησὶν,
3707 4936 3740 4987 ό

2186 5033 2378 5099 πατὴρ
2431 5031 2594 5100 ὑμῶν
2641 5031 3069 5099 ἠγαλλιάσατο,
3099 5030 3198 5081 ἵνα
3225 5027 3321 5094 ιδῃ
3374 5025 3489 5092 τὴν
3519 5023 3740 5092 ἡμέραν

2185 5125 2300 5192 τὴν
2320 5125 2489 5192 ἐμὴν,
2521 5123 2616 5176 καὶ
2642 5119 2759 5176 εἶδε
2781 5123 2877 5174 καί
2906 5120 3108 5188 ἐχάρη.
3134 5118 3374 5186 Μωῡσῆς
3406 5115 3634 5185 ἔγραψε,
3653 5115 3741 5167 καὶ

2187 5218 2233 5268 οἱ
2269 5215 2502 5284 καθεξῆς
2541 5215 2812 5284 προφῆται
2842 5214 2958 5282 ἤτοι
2998 5211 3143 5281 ἔργῳ
3191 5208 3390 5280 ἢλόγῳ
3419 5205 3549 5275 περὶ
3581 5203 3740 5257 αὑτοῦ

2187 5306 2464 5374 μυστικῶς
2518 5306 2874 5375 ἐνεφήναντο·
2913 5303 3028 5366 πῶς
3078 5296 3172 5354 οὖν
3220 5299 3282 5352 τὸ
3338 5295 3533 5358 ἀσεϐὲς
3589 5295 3746 5348 τοῦτο

590 5491 635 5524 ⁸³
661 5492 816 5546 Joan.
847 5511 897 5560 ν,
926 5478 1027 5550 23.
1093 5498 1134 5528 “
1167 5496 1321 5549 Joan.
1357 5514 1470 5558 vnt,
1504 5496 1590 5551 56.
1668 5499 1711 5531 ⁸³
1768 5501 1959 5556 Matth.
2003 5519 2152 5570 xxrv,
2189 5504 2278 5558 9.7.

585 5630 694 5698 (99)
729 5629 855 5685 Sur.
889 5630 973 5695 ΙΙΙ,
1009 5631 1071 5683 47
1096 5650 1107 5697 ;
1136 5631 1272 5694 XXI,
1309 5632 1368 5684 υἱ
1398 5631 1608 5699 ;LX\'I,
1649 5633 1726 5686 15.
