3926 6308
186 277 305 343 801
1348 271 1770 335 REFUTATIO
1811 275 2274 334 MOHAMEDIS.
3282 281 3386 344 802

181 385 352 448 lli-Io;
401 387 500 454 τὴν
550 385 780 456 παντελῆ
823 384 916 438 τοῦ
947 384 1073 436 Υίοῦ
1112 383 1384 448 ἀναίρεσιν
1418 384 1731 453 πρεσϐεῦον,

1847 382 1953 435 Filii
1986 385 2397 439 destructionem
2430 385 2660 448 anhelat,
2690 385 2898 439 Patrem
2925 385 3041 452 ejus
3083 385 3262 439 colat?
3283 388 3390 444 Aut

181 475 287 528 τὸν
320 474 484 528 αὐτοῦ
512 476 724 544 Πατέρα
747 475 1058 538 σεϐἀζοιτος
1091 474 1122 540 ἦ
1153 474 1267 534 πῶς
1291 473 1354 525 ἂν
1384 476 1410 526 ὁ
1436 475 1592 533 αὐτὸς
1613 475 1741 525 ἀπο-

1847 476 2112 541 qnomodo
2158 475 2387 542 patietur
2418 476 2530 542 ipse
2563 475 2738 537 Pater,
2771 491 2928 529 suum
2958 492 3086 528 vere
3112 474 3304 528 Filium
3337 487 3392 530 et

178 561 408 624 δέξαιτο
441 564 626 632 Πατὴρ
643 562 732 615 τὸν
766 561 928 614 αὑτοῦ
959 560 1124 620 ὅντως
1155 560 1284 612 ὄντα
1312 562 1437 612 Υίὸν
1460 561 1551 612 καὶ
1575 562 1741 627 Λόγον

1847 560 2075 613 Verbum
2101 577 2163 613 ac
2202 561 2363 614 Deum
2397 563 2462 614 ab
2486 562 2676 614 horum
2705 563 3015 629 blaspheme
3044 578 3136 615 ore
3167 561 3392 631 negari?

179 649 290 700 καὶ
316 648 458 704 ,Θεὸν
511 649 589 712 είς
632 651 726 702 ἀνυ
744 646 969 716 παρξίαν
1003 645 1094 697 ὑπ’
1120 645 1296 698 αὐτῶν
1329 647 1467 714 ὁρῶν
1503 647 1742 717 βλασφηα

184 734 500 805 μούμενον;
533 739 704 799 οὐδεὶς
737 737 916 804 πατὴρ
950 735 1098 802 φίλος
1131 735 1246 786 ἐστὶ
1273 736 1376 788 τῶν
1414 737 1619 804 ὲχθρῶν
1651 736 1740 789 τοῦ

181 827 515 894 μονογενοῦς
543 827 705 880 αὑτοῦ
723 842 736 858 ο
770 828 817 876 εί
838 825 945 892 γὰρ
970 826 1059 876 τὸν
1093 826 1309 893 Πατέρα
1353 827 1556 890 ἔσεϐον,
1582 827 1741 887 αὐτὸς

173 911 254 964 ἂν
283 914 315 964 ὁ
345 914 742 983 Πατὴράύτοῖς
768 913 858 966 τὸν
885 912 1010 965 Υίδν
1038 911 1369 978 ἀπεκάλυψε.
1401 914 1534 980 Φησὶ
1578 914 1685 982 γὰρ
1716 915 1743 964 ὁ

173 999 397 1072 Κύριος
418 1018 433 1032 ⁸
459 1001 664 1066 Οὐδείς
681 1001 950 1070 γινώσκει
983 1002 1087 1055 τὸν
1110 1002 1264 1064 Υίὸν,
1283 1004 1334 1053 ει
1363 1002 1440 1069 μὴ
1469 1006 1499 1055 ό
1524 1003 1739 1070 "arrip-

173 1089 288 1142 καὶ
325 1085 375 1155 ᾧ
404 1091 478 1142 ἂν
505 1090 685 1154 αὐτὸς
711 1090 1074 1157 ἀποκαλύψῃ
1096 1106 1109 1118 ⁸
1145 1091 1280 1157 ὅπερ
1308 1092 1398 1142 ἐπὶ
1441 1092 1548 1144 τῶν
1578 1094 1742 1145 πάλαι

171 1179 364 1246 ἁγίων
395 1180 613 1250 ὁρῶμεν
635 1182 994 1249 γεγενημένον
1015 1196 1030 1210 ⁸
1066 1180 1115 1232 οἳ
1145 1181 1242 1248 τὴν
1270 1181 1475 1232 ἑαυτῶν
1500 1183 1626 1248 περὶ
1651 1183 1742 1234 τοῦ

169 1265 320 1317 Υίοῦ
355 1267 554 1334 γνῶσιν
598 1267 691 1320 καὶ
741 1267 1069 1330 πίστιν,’κα“ι
1105 1269 1162 1318 ὲν
1216 1267 1536 1335 γράμμασιν
1578 1266 1652 1328 ὡς
1688 1269 1744 1319 ὲν

171 1355 414 1424 στήλαις
471 1356 760 1409 κατέλιπον
781 1373 796 1388 ·
838 1357 1011 1419 ἄλλως
1054 1372 1113 1406 τε
1141 1355 1254 1417 πῶς
1282 1355 1347 1407 ἂν
1377 1354 1618 1408 δύναιντο
1657 1357 1745 1409 τὸν

168 1444 408 1512 Πατέρα
455 1445 854 1512 δπιγινὼσκειν,
913 1445 990 1513 μὴ
1046 1445 1227 1508 αὐτοῖς
1277 1445 1745 1508 ἀποκαλύπτοντος

162 1531 278 1584 τοῦ
311 1532 474 1599 Υίοῦ;
532 1535 739 1600 Οὐδείς
783 1538 1059 1603 γινώσκει
1105 1536 1210 1586 τὸν
1249 1535 1480 1602 Πατέρα
1527 1537 1577 1588 εί
1601 1535 1686 1603 μὴ
1715 1539 1747 1588 ό

164 1620 315 1686 Υἱός
334 1637 349 1652 ·
380 1622 517 1674 ὥστε
541 1624 737 1687 πάντες
760 1625 809 1675 oi
833 1625 936 1694 ,τῆς
963 1625 1202 1687 Παλαιᾶς
1247 1624 1484 1694 ἔγκριτοι
1522 1627 1615 1678 καὶ
1663 1626 1741 1685 6i-

161 1724 328 1767 καιοι
363 1712 574 1780 ἄνδρες,
613 1714 704 1766 τὸν
747 1713 878 1764 Θεὸν
931 1713 1024 1765 καὶ
1074 1713 1290 1783 Πατέρα
1328 1713 1597 1777 σέϐοντες,
1646 1715 1742 1785 τὴν

160 1800 276 1852 τοῦ
313 1801 442 1854 Υίοῦ
465 1804 557 1855 τοῦ
587 1803 720 1856 Θεοῦ
756 1805 1100 1872 ἐμνήσθησαν
1123 1806 1215 1856 καὶ
1247 1804 1491 1874 ὲμύησαν
1520 1805 1736 1872 γνῶσιν.

253 1889 362 1958 pf.
391 1893 499 1944 Kal.
548 1891 704 1945 τοῦτο
761 1895 985 1962 σημεῖον
1024 1894 1249 1962 ἐναργὲς
1289 1895 1317 1945 ὁ
1360 1895 1485 1957 Υἱὸς
1513 1895 1740 1948 δέδωκεν

162 1980 363 2034 αὐτῶν
400 2000 460 2034 τε
493 1982 584 2036 καὶ
616 1982 724 2034 τῶν
763 1985 877 2050 μετ’
912 1982 1153 2043 ἐκείνους
1196 1981 1272 2051 τῷ
1305 1983 1478 2051 Ila-cpi.
1505 2001 1742 2051 προσκυ-

159 2070 436 2134 νούντων,
456 2071 516 2124 τὸ
539 2073 629 2124 τὸν
649 2072 776 2124 Υἱὸν
808 2072 972 2139 τιμᾷν
995 2087 1010 2102 ο
1042 2071 1136 2122 καὶ
1163 2072 1272 2138 γὰρ
1295 2071 1508 2138 ὁρῶμεν
1529 2071 1741 2138 ἀληθῶς

158 2162 356 2224 οὕτως
382 2163 502 2230 ἔχον
531 2161 588 2214 ἐν
626 2179 684 2213 τε
712 2162 859 2230 νόμῳ
886 2161 978 2213 καὶ
1013 2160 1215 2229 χάριτι.
1261 2158 1492 2228 Φανερδν
1525 2159 1630 2228 ἄρα
1661 2161 1741 2211 ὅτι

160 2254 238 2304 οὐ
280 2253 374 2304 τὸν
416 2252 508 2303 τοῦ
545 2251 792 2321 ’Λϐραὰμ
819 2251 912 2303 καὶ
946 2250 1220 2311 Μωῦσέως
1242 2247 1374 2300 Θεὸν
1400 2247 1490 2300 τὸν
1522 2248 1741 2316 Πατέρα

157 2340 274 2392 τοῦ
328 2339 529 2409 Κυρίου
577 2340 731 2409 ἡμῶν
821 2336 995 2406 Ἰησοῦ
1047 2334 1284 2406 Χριστοῦ
1348 2335 1739 2404 προσκυνοῦσιν

178 2430 502 2499 ’Δγαρηνοὶ,
527 2429 620 2482 καὶ
646 2431 743 2497 τὴν
768 2428 966 2495 γνῶσιν
994 2428 1086 2479 τοῦ
1117 2426 1452 2492 Μονογενοῦς
1489 2424 1739 2493 ἐξαρνού-

168 2539 341 2592 μενοι
359 2537 371 2550 °
401 2520 536 2574 ἀλλὰ
561 2519 651 2571 τδν
677 2519 886 2587 πατέρα
912 2516 1005 2569 τοῦ
1029 2516 1280 2584 ψεύδους,
1303 2515 1377 2575 ὼς
1403 2515 1462 2577 ἐξ
1499 2515 1740 2581 ἀνάγκης

157 2611 342 2663 τοῦτο
369 2607 805 2669 ἀκολουθοῦντος,
849 2606 936 2660 διὰ
969 2607 1029 2658 τὸ
1064 2606 1138 2676 μὴ
1169 2606 1496 2674 προσκυνεῖν
1527 2603 1618 2656 τὸν
1646 2606 1742 2671 τῆς

164 2700 442 2768 ἀληθείας
465 2700 703 2767 Πατέρα.
756 2699 814 2749 Ὀ
841 2697 947 2766 γὰρ
976 2697 1200 2765 θατέρου
1223 2695 1498 2756 ἀποστὰς,
1533 2693 1742 2762 Θατέρῳ

164 2789 503 2857 περιπίπτει
524 2803 536 2816 °
562 2787 652 2838 καῖ¹
683 2785 918 2854 ἀψευδής
949 2786 1095 2837 ἔστιν
1121 2786 1159 2850 ,ὁ
1191 2783 1284 2834 τοῦ
1319 2783 1520 2852 Κυρίου
1564 2783 1738 2848 λόγος,

164 2879 259 2929 ὅτι
293 2878 349 2926 '0
377 2876 460 2944 μὴ
489 2873 670 2942 τιμῶν
703 2875 808 2927 τὸν
843 2873 996 2938 Υὶὸν,
1028 2873 1169 2926 οὐδὲ
1196 2872 1300 2924 τὸν
1326 2872 1553 2937 Πατέρα
1581 2870 1736 2938 τιμᾷ·

1839 647 2030 702 Nullus
2065 658 2208 702 certe
2233 659 2382 718 pater
2428 650 2765 703 inimicorum
2793 651 3048 717 unigeniti
3080 651 3160 703 sui
3182 651 3390 704 amicus

1841 746 1941 790 est.
1977 737 2178 790 Praeter
2223 753 2381 805 quam
2436 739 2576 805 q'tiod
2612 740 2656 792 si
2683 740 2897 791 Patrem
2928 741 3029 792 rite
3057 741 3312 801 colerent,
3344 739 3392 791 is

1840 819 2042 880 eisdem
2068 827 2260 880 Filium
2285 844 2439 881 suum
2472 830 2752 882 revelaret.
2778 830 3072 896 Aitquippe
3096 829 3387 881 Dominus:

1845 915 2010 969 Nemo
2052 918 2189 970 novit
2235 917 2434 970 Filium
2462 919 2567 970 nisi
2617 917 2855 982 l‘ater,et
2885 919 2968 968 cui
3006 919 3112 983 ipse
3139 917 3391 988 revelave-

1843 1005 1997 1070 rit”;
2020 1008 2160 1072 quod
2184 1009 2451 1061 veteribus
2478 1007 2677 1060 sanctis
2701 1007 2988 1075 contigisse
3009 1007 3271 1068 Videmus,
3299 1005 3392 1074 qui

1843 1109 1996 1146 suam
2029 1095 2148 1148 Filii
2193 1096 2438 1148 notitiam
2475 1096 2739 1165 lidemque
2795 1096 2847 1147 in
2888 1095 3038 1148 libris
3081 1109 3297 1162 quoque
3339 1099 3395 1146 et.

1843 1184 1995 1249 quasi
2045 1185 2215 1252 cippis
2257 1186 2514 1253 scriptam
2570 1185 2918 1252 reliquerunt.
2969 1183 3210 1251 Insuper,
3257 1194 3393 1249 quo-

1845 1272 2002 1323 modo
2050 1275 2262 1339 possint
2303 1275 2514 1326 Patrem
2565 1286 2920 1341 cognoscere,
2970 1270 3106 1323 Filio
3160 1272 3237 1323 eis
3284 1283 3395 1321 non

1847 1361 2147 1412 revelante?
2199 1360 2365 1414 Nemo
2417 1364 2555 1414 novit
2589 1362 2800 1414 Patrem
2863 1362 2967 1413 nisi
3018 1360 3182 1412 Filius
3213 1359 3395 1412 :adeo

1847 1456 1906 1498 ut
1951 1451 2124 1502 cuncti
2170 1451 2377 1505 Veteris
2425 1452 2750 1506 Testamenti
2812 1451 2990 1519 inclyti
3022 1451 3260 1518 justique
3295 1449 3395 1501 hoc

1847 1534 2040 1599 mines,
2069 1536 2156 1589 Dei
2189 1537 2360 1591 Patris
2379 1539 2629 1603 cultores,
2656 1537 2773 1591 Filii
2797 1537 2957 1590 simul
2989 1524 3175 1591 notitia
3201 1536 3394 1590 imbuti

1848 1621 2069 1690 fuerint,
2101 1626 2341 1695 aliosque
2367 1628 2601 1682 vicissim
2643 1628 2954 1681 imbuerint.

1917 1902 2038 1956 105.
2070 1905 2241 1972 Atque
2263 1903 2365 1957 hoc
2388 1903 2530 1956 dedit
2563 1902 2730 1956 Filius
2762 1901 2972 1971 signum
3004 1903 3228 1955 evidens
3249 1903 3394 1970 quod

1846 1991 1921 2045 illi
1945 2001 1999 2046 et
2035 1993 2237 2061 posteri
2266 2008 2454 2046 eorum
2476 1991 2686 2046 Patrem
2708 1991 2963 2053 colerent,
3002 1992 3046 2044 si
3087 2007 3275 2058 nempe
3301 1990 3394 2042 Fi-

1845 2080 1974 2133 lium
2003 2081 2440 2135 bonorilicarent.
2490 2083 2579 2135 Sic
2613 2085 2756 2136 enim
2808 2097 2922 2134 rem
2976 2083 3046 2135 ita
3091 2096 3148 2135 se
3202 2083 3397 2134 habere

1828 2164 2090 2222 ridemus
2116 2180 2225 2222 tum
2252 2173 2304 2222 in
2347 2170 2464 2238 lege
2509 2177 2619 2222 tum
2647 2169 2806 2222 etiam
2844 2170 2893 2223 in
2919 2168 3108 2235 gratia.
3141 2167 3398 2234 Explora-

1846 2265 1959 2311 tum
2011 2259 2176 2327 igitur
2222 2268 2335 2323 est,
2386 2274 2739 2326 nequaquam.
2768 2257 3055 2310 Abrahami
3109 2265 3161 2309 et
3203 2256 3397 2324 Moysis

1845 2348 2036 2410 Deum,
2066 2357 2271 2414 patrem
2315 2348 2526 2401 Domini
2572 2349 2738 2400 nostri
2767 2344 2894 2399 Jcsu
2922 2345 3144 2409 Christi,
3169 2346 3234 2398 ab
3256 2346 3398 2411 Aga-

1845 2435 1989 2489 renis
2025 2435 2151 2498 coli,
2181 2436 2271 2503 qui
2303 2434 2648 2502 Unigenitum
2682 2449 2974 2501 agnoscere
3002 2441 3271 2496 renuunt;
3305 2430 3400 2485 sed

1844 2540 1938 2580 eos
1968 2525 2228 2579 mendacii
2257 2534 2455 2593 patrem
2498 2527 2673 2592 potius
2705 2524 3005 2578 necasaria
3035 2522 3249 2590 sequela
3273 2521 3402 2574 ado-

1848 2626 1988 2674 rare,
2024 2614 2278 2679 quoniam
2327 2611 2573 2664 veritatis
2622 2610 2832 2662 Patrem
2880 2624 2986 2661 non
3035 2610 3238 2662 colunt.
3265 2606 3398 2659 Nam

1847 2703 1940 2770 qui
1986 2701 2049 2754 ab
2094 2702 2264 2755 altero
2311 2699 2560 2762 discedit,
2591 2700 2641 2750 in
2685 2700 2910 2751 alterum
2945 2697 3186 2751 ollendit.
3216 2695 3400 2762 Neque

1846 2791 1980 2844 fallit
2003 2790 2121 2843 Filii
2147 2795 2346 2854 sermo,
2375 2804 2564 2855 nempe
2593 2803 2714 2842 eum
2746 2789 2836 2856 qui
2867 2787 3057 2839 Filium
3094 2802 3199 2838 non
3229 2786 3401 2838 hono-

1845 2878 2046 2940 riﬁcat,
2083 2894 2150 2930 ne
2188 2877 2399 2930 Patrem
2431 2876 2643 2944 quidem
2679 2875 3055 2927 honoriﬁcare.
3089 2872 3399 2926 Necessario

166 2965 395 3033 ἀνάγκη
428 2961 519 3016 οὖν
550 2967 661 3027 τοῖς
701 2964 774 3033 τῷ
801 2962 1021 3033 Χριστῷ
1041 2961 1381 3023 πιστεύουσι,
1436 2960 1509 3030 μὴ
1540 2960 1737 3024 ἐξεῖναι

1848 2969 2006 3037 igitur
2066 2969 2128 3021 iis
2177 2969 2267 3035 qui
2313 2968 2531 3020 Christo
2589 2966 2816 3019 credunt
2847 2965 3022 3017 dicere
3075 2977 3181 3015 non
3235 2962 3397 3022 licet,

164 3053 360 3120 λέγειν
390 3056 466 3104 ὅτι
487 3053 574 3106 τὸν
601 3052 856 3122 ἀληθινὸν
889 3051 1018 3104 Θεὸν
1069 3051 1314 3102 σέϐονται
1354 3048 1638 3118 Ἀγαρηνοί
1663 3065 1675 3078 ·
1707 3049 1739 3118 ἢ

1847 3071 2029 3111 verum
2079 3058 2244 3109 Deum
2284 3057 2350 3108 ab
2392 3055 2652 3122 Agarenis
2699 3054 2940 3106 coli.Aut
2982 3053 3026 3104 si
3072 3053 3171 3103 hoc
3197 3051 3395 3112 dicent,

167 3143 341 3193 τοῦτο
387 3143 651 3207 λέγοντες,
711 3143 836 3203 τοὺς
884 3140 1012 3209 περὶ
1075 3139 1323 3208 Ἀϐραὰμ
1375 3139 1470 3190 καὶ
1510 3138 1744 3190 Μωῦσέα

168 3220 689 3302 ἀναγκασθήσονται
748 3235 926 3300 λέγειν
984 3233 1056 3302 μὴ
1103 3233 1192 3283 τὸν
1216 3231 1347 3284 Θεὸν
1383 3232 1473 3283 τὸν
1497 3231 1743 3300 ἀληθινὸν

171 3327 510 3394 προσκυνεῖν
530 3340 544 3354 ⁶
582 3325 787 3377 καὶτὸν
817 3324 1020 3392 Κύριον
1050 3322 1359 3390 ψεύδεσθαι,
1390 3323 1524 3389 ὅπερ
1551 3323 1744 3375 ἀδύνα-

171 3415 410 3486 τονσὴν
435 3414 819 3484 αὑτοαλήθειαν
851 3413 1041 3466 παθεῖν
1067 3429 1077 3440 ·
1117 3412 1210 3464 καὶ
1234 3413 1330 3482 τὴν
1360 3412 1467 3464 τῶν
1501 3412 1742 3466 παλαιῶν

172 3505 404 3574 Γραφὴν
438 3504 512 3574 μὴ
541 3503 928 3572 συσσημαίνειν
961 3503 1228 3570 διαφόρως
1259 3501 1336 3570 τῷ
1361 3502 1535 3572 Πατρὶ
1561 3503 1653 3554 καὶ
1682 3503 1740 3556 τὸ

172 3593 278 3647 τοῦ
325 3593 453 3645 Υίοῦ
503 3591 788 3662 πρόσωπον
840 3591 1021 3644 ὁποῖόν
1066 3593 1180 3642 ὲστι
1212 3591 1294 3654 τὺ,
1336 3591 1435 3644 Ἐκ
1483 3592 1741 3660 γαστρὸς

175 3683 298 3753 πρὸ
348 3683 650 3750 ἑωσφόρον
701 3681 1118 3748 ἐγέννησὼσε.
1161 3683 1272 3733 Καὶ
1305 3680 1384 3745 τὸ,
1441 3680 1504 3734 '0
1531 3684 1740 3748 θρόνος

173 3789 324 3836 σου,
367 3775 398 3825 ό
423 3773 586 3836 Θεὸς,
623 3774 710 3836 εις
735 3771 839 3823 τὸν
877 3771 1058 3822 αἰῶνα
1096 3771 1200 3823 τοῦ
1225 3769 1469 3836 αἰῶνος·
1520 3772 1739 3839 ῥάϐδος

175 3865 527 3928 εὐθύτητος,
555 3863 592 3928 ἡ
610 3860 828 3927 ῥάϐδος
856 3859 966 3927 τῆς
979 3861 1299 3925 βασιλείας
1328 3876 1461 3913 σου.
1493 3859 1740 3928 Ἠγάπη-

175 3970 302 4017 σας
319 3952 710 4018 δικαιοσύνην
731 3952 826 4002 καὶ
849 3949 1143 4018 ἐμίσησας
1158 3950 1415 4005 ἀδικίαν·
1447 3948 1544 4002 διὰ
1565 3951 1737 4003 τοῦτο

173 4041 388 4109 ἕχρισέ
420 4056 492 4092 σε
521 4041 661 4104 Θεὸς
692 4041 722 4092 ὁ
758 4041 900 4104 Θεός
939 4055 1052 4092 σου
1079 4041 1164 4102 εἰς
1190 4039 1294 4091 τὸν
1322 4038 1525 4101 αἰῶνα,
1556 4039 1737 4092 καὶτὰ

174 4133 365 4199 ὃμοια.
399 4131 458 4181 Ei
497 4131 553 4182 δὲ
582 4131 679 4198 τὴν
728 4129 983 4198 ἀλήθειαν
1026 4129 1101 4197 μὴ
1129 4128 1438 4196 ψεύδεσθαι,
1489 4129 1582 4181 καὶ
1614 4130 1737 4192 τοὺς

175 4222 313 4289 περὶ
360 4221 604 4290 Ἀϐραὰμ
654 4219 922 4280 θεοσεϐεῖς
969 4219 1340 4287 ὁμολογοῦσιν,
1380 4218 1594 4282 ἀσεϐεῖς
1646 4221 1737 4272 καὶ

176 4312 374 4372 ἀθέους
403 4310 525 4371 τοὺς
564 4309 896 4377 Ἀγαρηνοὺς
927 4307 1142 4370 πάντως
1173 4307 1600 4377 ἀποφανοῦνται,
1633 4311 1748 4363 ἀλλ’
1780 4319 1824 4372 D

177 4399 310 4468 οὐχὶ
343 4399 610 4460 θεοσεϐεῖς
635 4397 896 4450 ὁπωσοῦν.

175 4486 264 4542 Λ’.
308 4488 668 4551 Ἀπάντησις
709 4488 856 4553 πρὸς
883 4485 1021 4550 τοὺς
1068 4484 1534 4556 δυσφημοῦντας
1579 4487 1744 4556 Ἀγα-

247 4557 475 4622 ρηνοὺς
533 4556 648 4621 τὴν
691 4556 943 4621 Χριστοῦ
992 4555 1257 4619 θεότητα,
1317 4554 1414 4605 καὶ
1455 4554 1743 4623 λέγοντας

253 4627 524 4692 ἀφρόνως
545 4638 560 4652 ⁸
601 4626 719 4677 Οὐκ
743 4625 872 4676 ἔστι
902 4623 1044 4692 Θεός
1062 4639 1075 4652 ’
1107 4623 1203 4674 καὶ
1236 4623 1332 4674 διὰ
1351 4623 1538 4692 ,τοῦτο
1558 4626 1745 4692 οἰομέ-

252 4691 398 4758 rem
445 4695 575 4778 τῂν·
611 4691 977 4774 Χριστιανῶν
1019 4692 1222 4755 αὐτοῖς
1263 4691 1613 4746 ἐκδεδόσθαι
1644 4691 1744 4758 θείς

253 4780 560 4829 προνομην
591 4778 808 4830 χωραν.

257 4852 350 4921 ρδ’.
382 4852 441 4901 Et
470 4851 561 4902 καὶ
583 4850 937 4919 ἐπιτιμᾶσθαι
969 4850 1164 4910 αὐτοὺς
1196 4849 1340 4912 εἰκὸς
1372 4845 1439 4919 ἦν
1463 4851 1526 4903 ὲκ
1555 4868 1741 4918 προοι-

181 4943 345 5012 μίων,
368 4941 525 4992 τοῦτο
558 4943 655 5009 μὲν
689 4940 1015 5010 παροπτέον,
1036 4940 1122 4992 διὰ
1147 4941 1206 4993 τὸ
1235 4936 1374 4992 εἶναι
1401 4941 1490 4992 τὸν
1520 4942 1744 5002 τούτους

177 5033 344 5096 οξίως
377 5031 767 5100 ἐπιτιμήσοντα
791 5046 802 5058 °
838 5029 1021 5092 κοινὰς
1045 5031 1099 5082 δὲ
1144 5030 1501 5100 προλαϐόντες
1536 5032 1741 5091 ἐννοίας

177 5125 276 5190 τῆς
310 5123 512 5184 λύσεως
549 5123 643 5191 τῆς
671 5124 924 5191 τοιαύτης
955 5123 1205 5192 ἀπορίας,
1248 5125 1308 5173 ὲκ
1340 5123 1446 5189 τῶν
1480 5122 1607 5191 παρ’
1647 5122 1741 5174 αὐ·

181 5217 294 5276 τοῖς
318 5213 762 5282 ὁμολογουμένων
785 5213 980 5272 αὐτοὺς
1004 5213 1394 5282 ἀπελέγξομεν,
1429 5212 1500 5274 ῶς
1530 5214 1585 5265 ἐν
1612 5215 1746 5264 πᾶσι

179 5307 283 5358 κᾶν
325 5304 500 5372 τούτῳ
535 5304 719 5366 κακῶς
762 5303 1114 5374 φρονοῦντας·
1147 5305 1206 5357 τὸ
1252 5305 1401 5356 Θεῖον
1441 5304 1548 5356 δεῖν
1586 5299 1742 5365 εἶναι,

182 5397 314 5465 παρ’
352 5395 513 5466 ἡμῶν
570 5395 852 5463 μαθόντες,
889 5394 1236 5463 ὁμολογοῦσιν
1290 5394 1513 5462 ἀγαθὸν,
1560 5392 1745 5460 φιλάν-

249 5571 296 5602 ⁸³
326 5568 519 5625 Matth.
547 5584 621 5637 xi,
655 5569 744 5624 Ἦ.
824 5570 869 5602 ⁸⁸
894 5568 1036 5624 Psal.
1062 5584 1169 5635 etx,
1209 5569 1262 5622 5.

1845 3156 2103 3215 cogentur
2154 3147 2333 3200 dicere
2380 3145 2746 3198 Abrahamum
2807 3159 2870 3195 ac
2925 3141 3159 3210 Moysem
3211 3153 3397 3192 verum

1846 3237 2012 3289 Dcum
2067 3250 2174 3287 non
2221 3235 2484 3297 coluisse;
2530 3242 2582 3286 et
2640 3232 2924 3284 Dominum
2972 3230 3220 3291 mentiri;
3254 3226 3395 3294 quod

1845 3327 1956 3380 ﬁeri
1985 3325 2051 3378 ab
2083 3326 2263 3377 innata
2297 3326 2515 3378 veritate
2542 3324 2724 3390 nequit
2754 3341 2766 3374 :
2798 3337 2967 3388 neque
2995 3323 3118 3371 item
3147 3320 3397 3382 antiquas

1845 3413 2152 3481 Scripturas
2175 3413 2508 3480 plurifariam
2531 3412 2865 3480 significasse
2886 3408 3070 3476 quales
3097 3407 3204 3458 sint
3228 3404 3399 3456 Patris

1840 3503 2066 3571 Filiique
2113 3517 2375 3570 personze.
2411 3500 2583 3553 Veluti
2616 3519 2628 3552 :
2672 3499 2755 3550 Ea:
2793 3507 2935 3550 utero
2979 3505 3096 3547 ante
3128 3493 3398 3560 luciferum

1839 3590 2053 3659 genuite
2073 3588 2137 3639 ⁸ο.
2162 3589 2290 3640 llem
2322 3604 2334 3638 :
2362 3585 2516 3638 Sedes
2543 3595 2654 3647 tua,
2682 3583 2838 3644 Deus,
2858 3583 2912 3634 in
2929 3580 3173 3633 steculum
3195 3575 3394 3629 sa'cnli.

1849 3671 2008 3749 Virga
2046 3680 2385 3742 directionis,
2418 3679 2561 3745 virga
2615 3675 2757 3743 regni
2803 3675 2900 3726 tui.
2953 3671 3201 3748 Dilemisti
3229 3668 3395 3734 justi—

1840 3772 1989 3832 tiam,
2025 3779 2072 3822 et
2113 3770 2269 3830 odisti
2298 3768 2664 3834 iniquitatem;
2691 3773 2960 3831 propterea
2985 3761 3135 3812 unxit
3171 3767 3217 3809 te
3253 3756 3387 3808 Deus

1837 3861 1975 3913 Deus
2017 3870 2132 3910 tuus
2155 3859 2206 3909 in
2233 3857 2569 3919 wternum“;
2594 3864 2644 3907 et
2665 3853 2877 3932 similia.
2898 3851 3046 3915 Quod
3102 3849 3146 3901 si
3185 3841 3386 3906 ﬁdeles,

1837 3951 2112 4004 veritatem
2138 3965 2244 4002 non
2274 3964 2390 4002 esse
2423 3949 2720 4008 mentitam,
2754 3929 2806 3998 et
2836 3929 3194 3995 Abrahamum
3238 3941 3381 4007 pium
3442 3976 3446 3978 -

1838 4036 2005 4092 fuisse
2043 4036 2293 4101 fatentur,
2340 4036 2393 4087 lii
2457 4034 2788 4101 irreligiosos
2843 4038 2893 4083 et
2941 4031 3128 4082 atheos
3159 4040 3381 4094 prorsus

1838 4127 2017 4181 dicent
2051 4144 2170 4182 esse
2196 4128 2489 4196 Agarenos,
2525 4139 2631 4177 non
2663 4133 2839 4176 autent
2888 4119 3090 4188 aedepol
3136 4118 3224 4172 Dei
3273 4116 3386 4168 cul-

1841 4231 2004 4275 IOI‘CS.

1849 4487 2016 4540 XXX.
2053 4485 2311 4536 Adversus
2353 4480 2615 4547 Agarenos
2645 4473 2845 4547 Christi
2893 4470 3216 4523 divinitatem
3251 4463 3396 4547 blas-f

1920 4558 2248 4624 pltemantes,
2281 4544 2615 4621 idicentesque
2664 4544 2965 4624 insipienter
2991 4555 3106 4624 eum
3146 4553 3260 4615 non.
3290 4546 3398 4624 esse

1926 4607 2126 4686 Deum;
2182 4607 2247 4673 ac,
2282 4607 2586 4686 ’ρνοριινςιέοΔ
2629 4607 2869 4686 putantes
2926 4610 3106 4660 datam
3165 4607 3289 4669 ipsis
3343 4607 3395 4652 in

1920 4684 2150 4760 prwdam
2175 4684 2429 4759 regionem
2465 4684 2904 4738 Christianorum.

1923 4848 2044 4900 10L
2079 4844 2302 4897 Etiamsi
2339 4841 2518 4894 statim
2544 4839 2610 4890 ah
2638 4834 2787 4888 initio
2811 4833 3086 4897 increpare
3111 4826 3207 4877 hos
3235 4835 3394 4888 opor-

1852 4947 2006 5001 teret,
2037 4939 2086 4989 id
2111 4933 2460 4988 nihilominus
2489 4929 2817 4983 omittemus,
2837 4920 2966 4987 quia
3001 4930 3105 4970 non
3131 4905 3394 5001 deestqui

1849 5046 1943 5083 eos
1991 5043 2088 5097 pro
2138 5025 2330 5078 merito
2380 5016 2693 5086 increpabit.
2729 5011 2830 5064 Sed
2880 5018 3203 5097 communes
3241 4998 3392 5050 adhi-

1849 5088 2035 5169 bentes
2060 5112 2331 5172 notiones,
2360 5108 2428 5160 ob
2456 5104 2612 5171 hujus
2636 5095 3018 5153 controversiae
3049 5088 3390 5172 solutionem,

1845 5223 1907 5262 ex
1943 5204 2206 5260 confessis
2236 5199 2375 5268 apud
2406 5197 2521 5250 illos
2544 5203 2920 5259 coarguemus,
2952 5197 3062 5241 cos,
3100 5187 3155 5268 ut
3188 5177 3236 5268 in
3275 5172 3394 5222 aliis

1846 5296 2120 5359 omnibus,
2164 5293 2219 5345 in
2277 5292 2376 5343 hoc
2437 5296 2651 5354 quoque
2703 5293 2866 5350 prave
2922 5263 3392 5359 Opillal'l.ADt)llm,

1845 5389 2002 5444 nobis
2039 5355 2378 5448 docentibus,
2422 5378 2623 5436 bonum
2649 5385 2771 5429 esse
2804 5355 3394 5425 contitcntur,bcnevo-

1338 5565 1382 5598 ’⁵⁵
1416 5567 1554 5622 Psal.
1590 5580 1733 5631 των,
1775 5562 1904 5634 7,,8.
