3926 6308
499 402 611 468 803

1733 396 2027 459 NICET/E
2066 395 2470 459 BYZANTINI

3649 393 3774 461 80$

498 515 612 569 lum
643 525 767 581 erga
794 507 1063 576 homines,
1085 509 1408 581 sapientem,
1436 511 1643 582 justum
1673 518 1834 581 atque
1870 486 2069 577 poten-

2183 509 2423 577 θρωπον,
2459 502 2553 559 καὶ
2577 503 2760 578 σοφὸν,
2794 501 2886 557 καὶ
2927 501 3135 557 δίκαιον
3154 503 3249 558 καὶ
3277 495 3532 559 δυνᾶτόνο
3566 502 3626 558 ει
3669 507 3769 556 καὶ

500 608 646 668 tem;
676 601 883 656 etiamsi
917 600 1081 654 alium
1104 602 1207 655 sub
1226 602 1346 671 ejus
1385 602 1606 658 nomine
1636 603 1841 656 colunt.
1863 599 2067 664 Quate-

499 708 603 745 nus
652 704 781 760 ergo
825 689 999 742 bonus
1037 698 1137 754 est,
1169 692 1279 745 vult
1319 693 1605 746 animabus
1653 690 1857 744 nostris
1902 690 2068 743 bene-

499 781 696 844 facere,
747 788 904 846 prout
943 779 1053 833 ﬁeri
1092 790 1287 849 potest,
1342 793 1397 837 et
1450 781 1788 852 corporibus,
1831 781 2070 834 animam

497 872 566 925 ab
606 871 689 925 his
721 871 1073 925 sensibilibus
1104 873 1169 925 ad
1205 873 1586 928 intellectualia
1616 872 1880 926 excitans.
1924 869 2073 934 Qua-

499 973 660 1017 tenus
686 974 836 1015 'vero
883 963 1101 1031 sapiens
1151 978 1217 1018 ac
1257 964 1438 1032 justus
1477 974 1532 1018 et
1583 973 1795 1032 potens,
1832 963 2070 1015 animam

501 1063 714 1116 semper
768 1047 984 1116 praefert
1041 1052 1278 1118 corpori.
1329 1051 1572 1120 Namque
1640 1049 1923 1104 hominum
1978 1049 2068 1102 alii

500 1147 646 1192 sunt'
663 1137 928 1205 religiosi,
953 1139 1044 1191 alii
1098 1155 1278 1195 secus.
1306 1140 1368 1194 Et
1397 1141 1770 1209 religiosorum
1811 1125 1900 1193 alii
1944 1146 2072 1192 sunt

498 1226 758 1293 boni,alii
779 1243 1029 1297 nequam.
1061 1229 1262 1284 llorum
1293 1241 1468 1285 autem
1511 1231 1598 1284 alii
1624 1231 1893 1284 sanabiles
1925 1237 2068 1291 sunt,

505 1321 598 1374 alii
617 1335 795 1376 secus.
815 1321 1098 1379 Sanahiles
1116 1340 1243 1379 vero
1272 1325 1500 1379 suntalii
1523 1322 1795 1389 felicitate,
1822 1323 1909 1376 alii
1933 1324 2074 1378 cala-

499 1411 710 1466 mitate.
734 1410 940 1466 Rursus
963 1415 1154 1479 partim
1180 1430 1297 1468 sese
1322 1414 1532 1483 ipsimet
1555 1421 1771 1476 sanant,
1792 1411 1985 1480 partim
2004 1410 2074 1465 ab

501 1503 623 1557 aliis
649 1504 1025 1558 emendantur.
1049 1504 1318 1558 Bonorum
1339 1512 1518 1558 autem
1541 1504 1627 1556 alii
1651 1503 1834 1572 quiete
1854 1501 2078 1568 salvan-~

502 1601 612 1658 tur,
642 1593 731 1646 alii
756 1594 1028 1648 laboribus
1059 1595 1284 1663 gratiam
1321 1595 1728 1648 nanciscuntur.
1759 1592 1958 1648 Sed‘ex
1990 1591 2074 1646 his

501 1683 593 1735 alii
645 1692 862 1751 propter
913 1698 972 1738 se
1008 1685 1209 1748 dolent,
1261 1685 1350 1739 alii
1396 1695 1614 1754 propter
1661 1685 1815 1740 alios.
1865 1683 1969 1737 Alii
2021 1690 2074 1736 et

500 1785 724 1844 propter
755 1776 911 1838 alios,
959 1784 1012 1829 et
1057 1785 1278 1846 pmpter
1317 1793 1375 1832 se
1407 1777 1612 1842 dolent,
1651 1777 1731 1831 vel
1763 1775 1929 1830 futuri
1958 1790 2070 1828 me-

2172 596 2301 649 ἄλλο
2331 599 2410 657 εις
2429 595 2490 646 τὸ
2522 596 2732 648 ἐκείνου
2763 592 3013 647 σέϐουσιν
3031 592 3220 662 ὄνομα.
3251 592 3340 654 Ὠς
3365 593 3498 661 γοῦν
3519 592 3766 660 ἀγαθὸς,

2172 689 2314 741 θέλει
2347 685 2765 755 εὐεργετεῖσθαι-
2786 684 2945 755 ἡμῶν
2974 683 3188 745 καὶτὰς
3212 683 3411 753 ψυχὰς,
3443 687 3490 738 εἰ
3521 680 3643 738 οἷόν
3675 700 3765 746 τε,

2171 775 2268 829 καῖ⁸
2313 776 2382 826 τὰ
2418 772 2667 843 σώματα,
2715 773 2973 843 ἐρεθίζων
3013 775 3076 827 ὲκ
3101 772 3209 826 τῶν
3262 772 3535 843 αἰσθητῶν
3562 775 3653 835 εἰς
3690 775 3763 826 τὰ

2169 865 2336 935 νοητὰ
2359 863 2456 933 τὴν
2489 864 2668 933 ψυχήν
2687 881 2698 893 ·
2731 864 2806 926 ὡς
2834 865 2994 934 σοφὸς
3024 865 3080 919 δὲ
3106 866 3197 917 καὶ
3224 864 3426 927 δίκαιος
3468 865 3562 916 καὶ
3583 865 3770 918 δυνα-

2171 957 2282 1019 τὸς,
2314 956 2412 1026 τὴν
2437 956 2617 1024 ψυχὴν
2655 955 2740 1007 ἀεὶ⁵
2772 955 3057 1026 προκρίνει
3078 955 3172 1008 τοῦ
3196 953 3442 1024 σώματος
3461 972 3476 987 ν
3502 956 3617 1007 τῶν
3650 957 3769 1026 γὰρ

2169 1047 2468 1116 ἀνθρώπων
2492 1049 2540 1100 οἱ
2574 1046 2674 1114 μέν
2718 1049 2826 1098 εἰσι
2866 1047 3158 1112 θεοσεϐεῖς,
3197 1049 3244 1100 οί
3269 1047 3326 1101 δὲ
3358 1047 3571 1109 ἀσεϐεῖς
3595 1063 3613 1078 ⁶
3663 1050 3769 1098 καὶ

2169 1137 2276 1190 τῶν
2301 1135 2590 1200 θεοσεΰῶν,
2619 1137 2666 1189 οἱ
2701 1135 2799 1205 μὲν
2833 1130 3149 1205 εὐχρηστοι,
3183 1139 3232 1188 οἱ
3257 1137 3312 1190 δὲ
3341 1137 3630 1206 ἄχρηστοι·
3655 1138 3774 1188 πά-

2170 1231 2251 1283 λιν
2273 1231 2381 1282 τῶν
2407 1231 2713 1298 ἀχρήστων,
2741 1228 2788 1279 οί
2824 1228 2921 1297 μὲν
2955 1229 3180 1296 ίάσιμοι,
3209 1229 3257 1280 oi
3286 1229 3344 1281 δὲ
3368 1229 3573 1282 ἀνίατοι
3593 1243 3612 1257 ’
3646 1228 3769 1278 τῶν

2169 1323 2227 1376 δὲ
2256 1321 2485 1389 ίασίμων
2521 1359 2535 1385 ,
2571 1323 2616 1372 oi
2652 1319 2748 1389 μὲν
2795 1319 2862 1371 δι’
2909 1319 3219 1380 εὐπάθειαν,
3253 1320 3303 1370 οἱ
3335 1319 3390 1371 δὲ
3432 1317 3518 1371 διὰ
3544 1316 3772 1369 δυσπά-

2171 1416 2322 1466 θειαν
2357 1411 2541 1465 ἰῶνται
2567 1429 2578 1441 ·
2610 1411 2723 1462 ἀλλ’
2747 1412 2796 1462 οί
2823 1409 2922 1477 μὲν
2945 1409 3014 1461 δι’
3043 1407 3222 1461 αὐτῶν
3259 1408 3464 1471 ἰῶνται,
3502 1410 3558 1460 ob
3579 1408 3643 1459 δὲ
3685 1405 3760 1458 δι’

2172 1505 2372 1572 ἑτέρων
2399 1502 2856 1570 νομοθετοῦνται·
2888 1501 2982 1556 καὶ
3006 1499 3117 1552 τῶν
3149 1501 3438 1568 ἀχρήστων
3463 1499 3538 1563 δὲ,
3573 1501 3624 1550 οἱ
3658 1498 3767 1566 μὲν

2171 1596 2406 1657 ἀνέσεως
2459 1593 2554 1656 οὒς
2607 1594 2762 1646 τοῦτο
2811 1593 2994 1657 σώζει,
3044 1593 3092 1644 oi
3127 1583 3406 1643 δὲ’πόνων
3439 1589 3765 1655 ἀξιοῦνται·

2170 1686 2306 1741 ἀλλά
2321 1685 2524 1738 τούτων
2551 1686 2598 1737 oi
2631 1685 2725 1752 μὲν
2756 1684 2895 1754 ὑπὲρ
2941 1685 3145 1737 ἑαυτῶν
3173 1684 3446 1742 ἀνιῶνται,
3479 1683 3528 1733 oi.
3557 1680 3617 1732 δὲ
3664 1680 3770 1731 καὶ

2173 1774 2311 1843 ὑπὲρ
2349 1772 2523 1826 ἀλλων
2580 1772 2674 1826 καὶ
2730 1771 2874 1840 ὑπὲρ
2931 1771 3163 1835 ἑαυτῶν,
3199 1772 3233 1842 ἢ
3260 1773 3334 1834 ὡς
3363 1771 3765 1839 δοκιμωτέρων

498 1864 686 1929 liores,
720 1865 804 1919 vel
859 1867 1038 1919 adhuc
1075 1866 1127 1919 in
1191 1867 1404 1921 defectu
1458 1868 2077 1936 jacentes.,lmpiorum-

2185 1866 2478 1934 ἐσομένων,
2507 1863 2539 1933 ἢ
2569 1865 2642 1925 ὡς
2670 1863 2934 1932 ἐλλείψεις
2961 1863 3040 1915 ἔτι
3070 1863 3299 1932 ἐχόντων
3327 1880 3340 1893 α
3371 1861 3478 1930 τῶν
3504 1860 3562 1913 δὲ
3617 1863 3766 1918 dae-

498 1964 678 2008 autem
712 1955 801 2008 alii
838 1971 1097 2027 prospere
1124 1967 1310 2024 agunt,
1336 1959 1425 2011 alii
1456 1959 1774 2014 calamitose
1801 1977 1814 2012 :
1841 1959 2073 2012 fortasse

498 2044 566 2101 iis
618 2046 710 2114 qui
768 2046 914 2100 mala
971 2057 1152 2102 mente
1200 2063 1306 2102 non
1365 2058 1511 2112 sunt,
1565 2052 1844 2122 subtracta
1890 2051 2073 2103 futura

497 2145 682 2201 pana,
724 2144 944 2203 propter
989 2128 1316 2204 “prasentem
1376 2137 1619 2193 dolorem
1667 2157 1680 2192 :
1719 2139 1802 2192 vel
1851 2147 2072 2207 propter

500 2233 936 2280 consummatam
1001 2227 1261 2280 malitiam
1295 2229 1547 2298 utrinque
1589 2232 1907 2298 puniuntur.
1940 2229 2073 2282 Pro-

502 2326 661 2379 spere
686 2327 816 2366 vero
837 2313 1036 2382 degunt
1054 2316 1228 2382 impii,
1249 2312 1396 2373 omni
1422 2319 1554 2387 ipsis
1571 2317 2069 2383 dilationeisublata.

502 2400 666 2455 Dolor
694 2403 876 2472 itaque
903 2413 957 2457 et
981 2407 1236 2470 gaudium
1275 2422 1399 2461 cum
1433 2409 1576 2465 inter
1607 2423 1665 2463 se
1696 2409 2070 2474 adversentur,

498 2499 552 2543 et
603 2501 780 2546 tamen
827 2493 1004 2548 eidem
1063 2496 1305 2550 humano
1351 2499 1534 2566 generi
1589 2499 2072 2564 accidant,multis

494 2595 736 2636 errorem
772 2594 1049 2647 crearunt,
1087 2587 1244 2655 quasi
1296 2588 1546 2644 homines
1593 2588 1916 2653 erchari,
1956 2588 2070 2643 suis

498 2672 636 2728 bene
675 2674 870 2729 animis
901 2677 1182 2743 habeant;
1221 2680 1331 2733 Deo
1387 2690 1566 2736 autem
1626 2680 1784 2734 invisi
1827 2680 2068 2735 doleant.

502 2766 604 2818 Sed
633 2779 742 2820 non
773 2765 842 2820 ita
866 2769 1221 2841 cegitandum
1254 2781 1370 2835 cst;
1406 2772 1513 2825 imo
1541 2772 1846 2834 sciendum,
1872 2772 2071 2840 duplex

498 2866 622 2906 esse
680 2855 862 2923 gaudii
917 2871 1107 2926 genus,
1147 2861 1293 2913 aliud
1349 2864 1604 2918 sensibile
1652 2873 1704 2918 et
1752 2864 2067 2932 temporale,

501 2943 649 2999 aliud
693 2946 1054 3004 intellectuale
1096 2959 1257 3022 atque
1291 2963 1572 3010 aeternum.
1627 2956 1935 3026 Eademque
1975 2956 2073 3010 do-

504 3034 636 3089 loris
665 3037 800 3091 ratio
830 3052 930 3093 est.
969 3038 1151 3111 Itaque
1180 3045 1415 3112 gaudent
1441 3049 1601 3100 etiam
1623 3048 1778 3116 justi,
1807 3055 1865 3101 ut
1895 3048 2067 3101 Abra~
2109 3031 2124 3063 ⁷

506 3124 704 3180 hamus
735 3144 746 3179 :
780 3130 1014 3196 gaudent
1052 3147 1269 3200 quoque
1293 3134 1504 3202 injusti,
1542 3146 1598 3189 ut
1631 3135 1861 3192 Pharao.
1892 3135 2068 3190 Vicis—
2118 3143 2125 3202 ς

506 3213 608 3267 sim
652 3214 834 3268 dolent
879 3217 1042 3285 justi,
1079 3227 1137 3272 ιιι
1181 3200 1415 3275 Jacobus
1459 3222 1672 3293 fugiens
1726 3212 1982 3288 ESavum,
2022 3235 2076 3280 et
2103 3200 2144 3258 δ

447 3367 453 3373 _
503 3299 726 3356 Labano
783 3302 1072 3361 famulans.
1126 3309 1254 3367 Item
1304 3310 1490 3365 dolent
1541 3311 1701 3366 etiam
1757 3314 1969 3381 injusti,
2019 3323 2078 3368 ut

504 3393 726 3449 Amalec
751 3404 803 3450 et
831 3396 1095 3474 Egyptii,
1124 3399 1202 3457 En
1236 3416 1366 3472 ergo
1394 3403 1446 3461 in
1476 3419 1583 3458 uno
1627 3405 1923 3475 eodemque
1945 3407 2076 3475 justi

504 3483 743 3540 hominis
773 3501 924 3545 more
963 3488 1115 3543 dolor
1147 3499 1200 3543 et
1232 3492 1492 3547 mcestitia
1526 3511 1538 3548 :
1568 3502 1623 3548 et
1646 3495 1699 3548 in
1729 3511 1836 3549 uno
1860 3496 2080 3550 eodem-

508 3591 614 3650 que
641 3577 825 3649 injusti
861 3579 1096 3636 hominis
1147 3590 1292 3637 statu
1330 3585 1486 3638 dolor
1518 3593 1572 3639 et
1616 3587 1896 3644 mmstitia.
1928 3585 2079 3642 Dicet

508 3667 743 3730 fortasse
788 3669 986 3739 aliquis
1044 3690 1058 3725 :
1112 3671 1223 3727 Cur
1271 3677 1404 3742 haec,
1459 3685 1511 3729 et
1554 3679 1696 3731 unde
1747 3679 2081 3746 inaequalitas

511 3758 563 3818 in
594 3760 931 3827 aequalibus?
971 3761 1154 3832 Neque
1203 3765 1349 3819 enim
1398 3768 1450 3820 in
1487 3768 1607 3837 igne
1642 3769 1809 3839 frigus
1845 3771 2085 3827 simulet

510 3849 660 3906 calor
712 3853 1066 3921 conspicitur.
1130 3855 1382 3910 Concedo
1431 3859 1721 3927 equidem,
1777 3876 1883 3915 non
1939 3853 2085 3915 enim

505 3940 719 4015 justum"
750 3945 956 4012 aequale
986 3946 1148 3998 simul
1176 3957 1259 4000 est
1302 3957 1354 4001 et
1388 3949 1690 4020 inaequale:
1717 3953 1808 4006 sed
1844 3951 1895 4006 in
1922 3952 2086 4022 justi-

518 4029 605 4090 tiae
635 4032 945 4100 capacibus,
977 4033 1134 4088 dolor
1166 4045 1220 4090 et
1253 4037 1508 4107 gaudium
1543 4042 1893 4108 eomperitur.

582 4116 704 4172 105.
756 4120 1022 4183 Quoniam
1077 4123 1260 4193 itaque
1319 4126 1526 4180 dictum
1573 4137 1658 4182 est
1703 4130 1944 4184 dolorem
2003 4133 2082 4186 vel

509 4210 860 4277 temporalem
916 4227 1038 4266 esse
1090 4228 1152 4266 ac
1210 4216 1568 4283 tolerabilem,
1603 4220 1686 4273 vel
1733 4230 1992 4275 aeternum
2031 4233 2085 4278 et

511 4300 943 4367 intolerabilem;
974 4303 1211 4374 itemque
1238 4307 1490 4373 gaudium
1515 4310 1595 4362 vel
1617 4312 1908 4379 temporale
1940 4328 2082 4378 esse,

515 4405 580 4448 ac
618 4392 855 4445 breviter
885 4392 1182 4459 delectans,
1223 4397 1306 4449 vel
1340 4407 1602 4452 aeternum
1645 4410 1698 4453 et
1736 4401 1826 4455 ditt
1872 4403 2080 4469 beans;

2179 1957 2289 2021 ϐῶν
2316 1959 2362 2009 οἱ
2398 1957 2494 2025 μὲν
2531 1953 2828 2008 εὐπαθοῦσι
2874 1953 3037 2023 τυχὸν
3089 1956 3201 2014 τοῖς
3229 1953 3290 2004 οὐ
3326 1952 3622 2022 μοχθηροῖς
3656 1951 3765 2017 τὴν

2178 2046 2426 2115 γνώμην,
2483 2045 2926 2115 ὐ-ποτεμνομένης
2975 2044 3073 2113 τῆς
3106 2046 3288 2096 ἐκεῖσε
3340 2042 3635 2113 τιμωρίας,
3669 2041 3766 2094 διὰ

2178 2137 2277 2206 τῆς
2327 2135 2477 2192 ἔνθεν
2527 2135 2705 2197 ἀνίας,
2756 2134 2904 2203 ἥδιὰ
2938 2135 3036 2204 τῆς
3082 2135 3278 2196 κακίας
3324 2132 3761 2202 παμμόχθηρον,

2179 2227 2274 2280 καὶ
2298 2227 2417 2279 κατ’
2443 2227 2610 2296 ἄμφω
2631 2220 2927 2281 ἐκδίδονται
2948 2242 2962 2255 ⁸
2987 2225 3282 2277 εὐπαθοῦσι
3304 2225 3358 2276 δὲ
3375 2224 3588 2284 ἀσεϐεῖς
3607 2225 3765 2276 κατὰ

2180 2319 2359 2388 πάσης
2408 2319 2589 2378 αὐτοῖς
2642 2319 3099 2387 περιαιρουμένης
3156 2315 3502 2384 προφάσεως.
3555 2314 3760 2382 Θλίψις

2178 2411 2356 2461 τοίνυν
2411 2409 2505 2459 καὶ
2554 2407 2789 2476 θυμηδία
2830 2406 3048 2460 ἐναντία
3081 2405 3233 2470 ὄντα,
3295 2407 3425 2476 περὶ
3474 2407 3532 2457 ἓν
3563 2406 3663 2458 καὶ
3696 2407 3760 2456 το

2179 2499 2319 2550 αὐτὸ-
2354 2496 2694 2568 ἀνθρώπειον
2742 2498 2897 2563 γένος
2948 2495 3314 2565 συμὸαίνοντα
3365 2496 3490 2558 τοὺς
3523 2494 3760 2556 πολλοὺς

2178 2587 2541 2658 ἐξηπάτησεν
2565 2586 2638 2649 ὡς
2663 2588 2711 2640 oi
2746 2588 2844 2655 μὲν
2870 2587 3156 2655 θεάρεστοι
3180 2585 3479 2654 εὐθυμοῦσι
3508 2585 3756 2646 πάντως.

2177 2685 2225 2735 οἱ
2251 2681 2308 2731 δὲ
2334 2679 2645 2745 θεοστυγεῖς
2671 2679 2946 2737 ἀνιῶνται.
2980 2677 3116 2731 Ἀλλ’
3139 2678 3236 2747 οὐχ
3258 2677 3401 2728 οὕτω
3425 2662 3762 2728 διανοεῖσθαι

2179 2781 2315 2849 χρήο
2355 2776 2553 2848 μᾶλλον
2580 2777 2635 2830 δὲ
2670 2777 2868 2832 εἰδέναι
2899 2775 3037 2840 δέον,
3061 2776 3142 2827 ὅτι
3175 2777 3207 2842 ὴ
3243 2774 3478 2841 εὐθυμία
3504 2774 3691 2844 διττή’
3723 2775 3758 2843 ή

2133 2858 2141 2866 ”
2185 2870 2287 2939 μέν
2339 2885 2422 2930 τις
2472 2860 2702 2936 αἰσθητὴ
2754 2868 2846 2920 καὶ
2890 2865 3251 2934 πρόσκαιρος,
3293 2866 3326 2931 ἡ
3357 2864 3413 2917 δὲ
3467 2863 3629 2933 νοητὴ
3662 2864 3762 2943 καὶ

2179 2957 2390 3018 αἰώνιος
2412 2972 2425 2987 ·
2455 2957 2594 3024 καὶὴ
2622 2955 2798 3023 θλίψις
2830 2956 3109 3018 ὡσαύτως·
3132 2954 3425 3023 τοιγαροῦν
3453 2953 3758 3023 εὐθυμοῦσι

2145 3114 2147 3117 ι
2182 3048 2286 3116 μέν
2316 3045 2409 3099 καὶ
2457 3045 2678 3108 δίκαιοι,
2711 3045 2784 3108 ὡς
2818 3047 2847 3097 ὁ
2893 3046 3173 3114 Ἀϐραάμ·
3207 3044 3500 3115 εὐθυμοῦσι
3555 3045 3610 3098 δὲ
3658 3045 3761 3096 καὶ

2177 3138 2369 3199 ἄδικοι,
2401 3138 2474 3198 ὼς
2522 3137 2572 3187 οἱ
2620 3135 2756 3207 [βοά.
2796 3135 2932 3207 ὅσοι]
2973 3136 3116 3189 κατὰ
3160 3135 3253 3187 τὸν
3298 3134 3498 3203 Φαραώ
3523 3149 3538 3165 ο
3576 3133 3758 3219 πάλιν

2180 3229 2436 3282 ἀνιῶνται
2480 3229 2698 3291 δίκαιοι,
2755 3227 2838 3289 ’ὼς
2895 3228 2923 3279 ὁ
2963 3225 3157 3280 Ἰακὼϐ
3209 3225 3427 3294 φεύγων
3453 3226 3542 3277 τὸν
3582 3224 3757 3277 Ἦσαῦ

2180 3321 2275 3373 καὶ
2359 3319 2600 3389 θητεύων
2672 3318 2828 3388 παρά
2886 3317 2966 3387 τῷ
3019 3315 3228 3371 Λάὄαψ
3273 3316 3436 3370 πάλιν
3496 3315 3756 3368 ἀνιῶνται

2179 3414 2273 3466 καὶ
2311 3410 2578 3475 ἀδικοιὼς
2606 3413 2634 3464 ὁ
2673 3412 2918 3481 Ἀμαλὴκ
2953 3412 3049 3464 καὶ
3072 3411 3395 3478 Αίγύπτιον
3438 3410 3545 3461 ίδού
3575 3409 3756 3460 τοίνυν

2180 3506 2310 3576 περὶ
2365 3506 2552 3557 ἓνκαὶ
2605 3504 2668 3557 τὸ
2695 3503 2826 3556 αὐτὸ
2858 3499 2988 3573 ἦθος
3035 3504 3132 3556 τοῦ
3170 3502 3402 3562 δικαίου,
3433 3499 3608 3567 θλίψις
3659 3500 3755 3550 καὶ

2181 3594 2387 3665 ἀθυμία
2413 3611 2425 3625 ’
2459 3595 2703 3668 καὶπερὶ
2733 3593 2862 3662 μίαν
2895 3595 2988 3646 καὶ
3019 3594 3122 3662 τὴν
3151 3591 3321 3661 αὐτὴν
3376 3591 3486 3656 ἕξιν
3511 3590 3604 3642 τοῦ
3634 3589 3752 3641 ἀδί-

2182 3705 2301 3752 κου,
2335 3686 2512 3754 θλίψις
2564 3702 2622 3737 τε
2675 3685 2769 3737 καὶ
2831 3683 3072 3750 ἀθυμία·
3103 3684 3225 3752 ἐρεῖ
3270 3698 3352 3745 τις
3397 3681 3560 3741 ἴσως·
3593 3678 3748 3747 Τίςή

2184 3778 2434 3846 ἀνισότης
2453 3775 2545 3827 ἐπὶ
2576 3775 2730 3838 ίσοις,
2767 3776 2858 3827 καὶ
2889 3773 3084 3840 πόθεν;
3112 3771 3252 3830 Οὐδὲ
3277 3771 3385 3840 γὰρ
3409 3770 3536 3838 περὶ
3562 3769 3622 3820 τὸ
3643 3762 3751 3841 πῦρ

2188 3869 2396 3939 κρυμὸς
2457 3867 2551 3919 καὶ
2600 3864 2803 3926 καῦσος
2834 3865 3133 3933 καθορᾶται
3159 3883 3171 3895 ·
3221 3864 3364 3931 ipan
3397 3860 3550 3928 κάγώ
3572 3876 3584 3887 ·
3618 3859 3750 3913 Οὐδὲ

2186 3962 2292 4030 γὰρ
2327 3961 2386 4011 τδ
2413 3958 2614 4010 δίκαιον
2635 3957 2746 4009 ἴσον
2766 3957 2859 4008 καὶ
2886 3954 3092 4007 ἄνισον·
3125 3953 3259 4006 ἀλλὰ
3288 3954 3413 4021 περὶ
3439 3951 3506 4003 τὰ
3532 3950 3752 4004 δεκτικὰ

2187 4049 2530 4113 δικαιοσύνης
2565 4047 2658 4100 καὶ
2689 4047 2924 4110 ἀδικίας,
2967 4044 3148 4113 θλίψις
3186 4043 3278 4099 καὶ
3313 4043 3571 4112 θυμηδία.

2257 4137 2351 4213 ρε’.
2395 4138 2611 4207 Ἐπειδὴ
2652 4136 2708 4189 δὲ
2769 4135 3090 4207 εῐρηταιὸτι
3137 4134 3169 4203 ἡ
3204 4133 3401 4201 θλίψις,
3442 4133 3561 4203 ἦτοι
3589 4133 3750 4198 πρόσ-

2184 4247 2380 4298 καιρος
2437 4229 2530 4282 καὶ
2591 4227 2965 4295 εὐφορωτάτη,
3004 4225 3124 4295 ἦτοι
3168 4224 3383 4285 αἰώνιος
3413 4223 3507 4275 καὶ
3533 4225 3748 4291 ἀφορω·

2182 4318 2355 4387 τάτή·
2396 4318 2489 4368 καὶ
2531 4317 2563 4383 ἠ
2602 4313 2927 4382 εὐφροσύνη,
2972 4314 3090 4380 ἦτοι
3130 4312 3466 4388 πρόσκαιρρς
3497 4312 3590 4361 καὶ
3621 4308 3750 4377 βρα-

2185 4407 2476 4478 χυτερπὴς,
2506 4406 2623 4475 ἦτοι
2657 4405 2873 4466 αἰώνιος
2917 4403 3010 4458 καὶ
3059 4401 3473 4470 μεγαλοτερπής
3501 4415 3513 4429 ·
3538 4402 3567 4451 ὀ
3596 4401 3748 4466 eos-

515 4480 818 4536 animarum
855 4494 1163 4539 nostrarum
1216 4497 1424 4541 amator
1479 4488 1758 4556 Dominus,
1793 4492 1950 4561 cujus
1988 4494 2077 4548 be-

2184 4501 2350 4569 ψυχος
2404 4496 2628 4568 Κύριος,
2677 4495 2773 4547 καὶ
2822 4486 2882 4546 οὐ
2932 4494 2990 4546 αι
3051 4489 3248 4560 δωρεαὶ
3297 4490 3594 4558 ἀπόρρητοι
3658 4489 3748 4540 καὶ

515 4570 704 4624 nelicia
737 4586 930 4626 arcana
979 4583 1106 4631 sunt
1135 4584 1188 4628 et
1221 4587 1496 4645 perpetua,
1528 4581 1831 4636 alternatim
1861 4599 1956 4652 pro
1983 4601 2077 4639 sua

2185 4591 2364 4653 ἀΐδιοι,
2390 4587 2616 4652 ἐναλλὰξ
2644 4589 2698 4639 ὲν
2737 4582 3084 4654 σοφίατιθεὶς
3103 4582 3324 4637 ,ἕκαστα
3351 4581 3576 4643 τούτων,
3605 4580 3746 4648 παρὰ

517 4659 780 4726 sapientia
830 4661 1042 4731 singula
1089 4663 1353 4730 praebens,
1398 4681 1495 4734 pro
1543 4663 1821 4739 temporali
1869 4674 2082 4741 quidem

517 4753 718 4822 gaudio
774 4761 1038 4810 teternum
1081 4755 1363 4822 dolorem,
1411 4773 1509 4827 pro
1561 4762 1845 4830 temporali
1903 4773 2080 4818 autem

514 4844 701 4901 dolore
735 4854 996 4898 aeternum
1034 4847 1313 4915 gaudium,
1344 4851 1624 4920 deceptum
1660 4853 2083 4923 voluptateAtla-

517 4951 663 4996 mum
697 4952 805 4990 non
836 4936 1097 4992 dubitavit
1140 4953 1169 4991 a
1218 4940 1412 5009 gaudio
1437 4942 1486 4994 in
1520 4945 1768 5013 gaudium
1796 4946 2079 5013 deducere;

516 5035 570 5079 et
610 5041 641 5081 a
688 5027 872 5081 dolore
926 5030 978 5081 in
1035 5029 1275 5084 dolorem
1330 5033 1629 5102 propellere
1660 5033 1909 5090 Cainum.
1969 5037 2079 5094 Hoc

516 5126 620 5180 est,
649 5118 791 5184 quod
826 5117 1071 5174 barbaris
1097 5114 1516 5192 perplexitatem
1571 5134 1736 5191 creat,
1771 5138 2078 5195 propterea—

521 5222 624 5274 que
661 5207 726 5260 ad
777 5209 1092 5278 insipienter
1141 5214 1472 5283 loquendum
1514 5217 1759 5285 impellit.
1795 5218 1905 5287 Age
1955 5234 2080 5273 vero

520 5301 661 5366 quod
688 5300 980 5358 Christiani
1009 5305 1115 5359 sint
1145 5308 1403 5377 religiosi,
1432 5323 1772 5376 nequaquam
1814 5325 1842 5363 a
1884 5310 2078 5366 barba‘

525 5392 598 5445 ris
630 5391 944 5448 discendum
976 5407 1091 5451 est:
1123 5401 1409 5454 mendaces
1439 5401 1583 5453 enim
1628 5401 1719 5454 lllii
1767 5403 2076 5457 hominum:

523 5492 576 5534 et
631 5485 806 5540 omnis
847 5486 1009 5542 homo
1054 5492 1324 5544 mendax:
1367 5492 1461 5545 sed
1509 5493 1575 5546 ab
1623 5494 1805 5550 innata
1857 5498 2085 5552 veritate

528 5575 619 5640 qtti
650 5585 731 5628 est
770 5577 1042 5643 Christus,
1075 5592 1127 5633 et
1168 5598 1196 5642 a
1247 5583 1452 5651 Spiritu
1485 5587 1721 5641 veritatis
1750 5589 1840 5656 qui
1869 5605 1897 5642 a
1931 5591 2087 5645 Patre

525 5667 790 5736 procedit,
825 5671 1021 5736 quique
1056 5673 1156 5726 sub
1191 5674 1305 5743 lege
1336 5677 1627 5744 prophetas
1677 5681 2085 5748 alloquebatur;

2187 4681 2286 4751 μὲν
2325 4680 2423 4749 τὴν
2465 4677 2798 4747 πρόσκαιρον
2861 4673 3062 4743 χαράν,
3120 4671 3218 4740 τὴν
3264 4669 3484 4731 αἰώνιον
3537 4669 3742 4736 θλίψινο

2184 4772 2336 4841 παρὰ
2364 4771 2418 4824 δὲ
2444 4769 2540 4840 τὴν
2587 4768 2922 4837 πρόσκαιρον
2944 4764 3143 4832 θλίψιν,
3177 4761 3277 4831 τὴν
3302 4760 3518 4814 αἰώνιον
3550 4761 3742 4829 εὐφρο-

2189 4866 2352 4933 σύνην
2379 4879 2393 4894 ·
2421 4860 2509 4916 διὰ
2536 4861 2634 4930 τὴν
2664 4858 3024 4928 ἀπιστήσασαν
3078 4856 3170 4909 τὸν
3201 4854 3378 4921 ’Δδάμ
3425 4852 3619 4920 ἡδονὴν
3649 4853 3744 4905 οὐκ

2187 4957 2452 5026 ἠπόρησε,
2491 4953 2587 5006 καὶ
2641 4950 2708 5004 δι’
2741 4949 3074 5018 εὐφροσύνης
3121 4947 3200 5006 είς
3245 4943 3582 5014 εὐφροσύνην
3628 4944 3744 4998 ποδ-

2186 5049 2421 5117 ηγῆσαι·
2446 5044 2538 5097 καὶ
2582 5042 2689 5096 ἀπὸ
2719 5041 2944 5109 θλίψεως
2966 5042 3042 5101 είς
3076 5037 3254 5105 θλίψιν
3278 5035 3636 5104 παραπέμψαι
3668 5037 3744 5098 είς

2185 5138 2271 5192 τὸν
2303 5137 2471 5188 Κάῖν·
2505 5133 2598 5185 καὶ
2646 5132 2806 5186 τοῦτο
2847 5134 2907 5181 τὸ
2969 5125 3155 5181 ποιοῦν
3196 5126 3307 5187 τοῖς
3337 5124 3631 5194 βαρϐάροις
3651 5124 3745 5192 τὴν

2187 5229 2449 5297 ἀπορίαν·
2487 5225 2580 5277 καὶ
2614 5223 2703 5277 διὰ
2735 5220 2892 5273 τοῦτο
2913 5212 3121 5284 ἀλόγως
3151 5215 3546 5282 ἀποφαίνεσθαι
3574 5231 3742 5281 παρα-

2188 5319 2468 5382 σκευάζον.
2504 5319 2623 5366 Ὅτι
2673 5315 2769 5382 μὲν
2816 5307 2907 5364 οὖν
2938 5308 3205 5370 θεοσεϐεῖς
3241 5310 3288 5361 oi
3320 5307 3653 5377 Χριστιανοὶ,
3686 5305 3742 5356 οὐ

2187 5414 2309 5473 τούς
2341 5408 2649 5478 βαρϐάρους
2677 5403 3006 5474 ὲρωτητέον·
3027 5400 3256 5470 ψευδεῖς
3290 5399 3395 5466 γάρ
3432 5399 3480 5449 oi
3510 5398 3614 5448 uio‘t
3641 5397 3743 5448 τῶν

2189 5501 2526 5569 ἀνθρώπων·
2569 5496 2703 5548 ἀλλὰ
2742 5497 2835 5547 καὶ
2889 5496 2993 5556 πᾶς
3024 5493 3307 5564 ἄνθρωπος
3347 5489 3618 5557 ψεύστηςο
3647 5489 3743 5557 τὴν

2189 5593 2243 5644 δὲ
2287 5589 2677 5657 αὐτοαλήθειαν
2727 5588 2783 5647 ὃς
2819 5588 2933 5637 ἐστι
2978 5584 3229 5654 Χριστὸς,
3265 5583 3357 5634 καὶ
3409 5581 3471 5632 τὸ
3525 5579 3743 5648 Πνεῦμα

2191 5659 2290 5746 τῆς
2317 5677 2571 5746 ἀληθείας
2606 5677 2633 5727 ὃ
2663 5678 2811 5745 παρά
2843 5677 2936 5728 τοῦ
2966 5676 3175 5744 [ἰατρὸς
3204 5673 3574 5743 ἐκπορεύεται,
3606 5673 3662 5724 τὸ
3689 5673 3742 5723 ἐν

530 5759 582 5810 et
619 5754 685 5809 ab
734 5757 850 5823 ipsa
899 5757 1129 5827 denique
1183 5763 1494 5830 perﬁciente
1545 5783 1644 5823 nos
1694 5772 1882 5837 gratia.
1936 5773 2077 5838 Quor

2200 5771 2346 5840 νόμῳ
2391 5769 2485 5823 καὶ
2533 5768 2836 5839 προφήταις
2891 5767 3150 5836 λαλῆσαν,
3189 5768 3300 5838 ,καὶ
3334 5770 3434 5836 τὴν
3467 5766 3627 5836 χάριν
3657 5779 3743 5815 τεο
