3926 6308
497 334 604 430 soi

1633 331 1639 335 ’
1698 335 1992 396 ΝΙΕΕΤίΕ
2032 336 2432 398 ΒΥΖΑΝΤΙΝΙ

3609 347 3723 411 808

1556 467 1682 522 ΤΟΥ
1705 471 1928 524 ΑΥΤΟΥ
1960 471 2145 524 NIKH
2153 473 2237 524 TA
2271 471 2670 548 ΒΥΖΑΝΙΤΙΟΥ

642 577 912 640 Ἕκθεσις
938 578 1463 646 κατασκευαστικὴ
1488 583 1637 649 μετὰ
1668 580 2028 652 ἀποδείξεως
2055 580 2173 652 toi}~
2190 581 2610 652 Χριστιανικοῦ
2641 581 2939 651 δόγματος
2968 584 3034 637 ἐκ
3057 582 3274 637 κοινῶν
3309 584 3579 652 ἐννοιῶν,

1709 650 1806 702 καὶ
1829 648 2210 716 διαλεκτικῆς
2232 650 2524 716 μεθόδου,.

869 716 965 768 καί
999 717 1280 790 φυσικῶν,
1311 719 1797 790 ἐπιχειρημάτῌων,
1830 717 1938 790 καί,
1960 718 2444 790 οξυλλογιστικῆς
2485 721 2886 790 πολυτεκνίας
2923 723 3296 790 προαγομένη
3327 738 3341 751 ⁸

1123 788 1221 846 καὶ
1253 786 1602 860 ἀντωρησις
1635 786 1742 860 τῆς
1789 788 2122 860 σταλείσης
2151 787 2482 860 ἐπιστολῆς
2520 791 2587 841 ἐκ
2606 786 3095 860 τῶιῖἊγαρήνῶνῖ

1487 858 1636 923 πρὸς
1668 855 1910 923 Μιχαὴλ
1933 855 2201 918 βασιλέα
2237 857 2371 908 υἱὸν
2396 859 2687 926 Θεοφίλου

1363 924 1460 977 ἐπὶ
1521 923 1769 978 διαϐολῆ
1824 924 1934 978 τῦς
1969 924 2087 977 τῶν
2130 925 2502 978 Χριστιανῶν
2558 929 2687 978 nim

1385 941 1460 977 7.1”
1521 941 1768 993 σιαοολῃ
1824 942 1934 991 της
1969 941 2087 977 των

2130 925 2515 992 Χριστιανῶν
2558 929 2835 993 πίστεως.

1435 1147 1836 1209 EIUSDEM
1878 1149 2225 1211 NICET/E
2271 1147 2755 1209 BYZANTINI

810 1267 1143 1344 Eatpositio
1195 1268 1683 1329 demonstrativa
1715 1270 2064 1332 Christiani
2088 1270 2420 1347 dogmatis,
2463 1288 2541 1328 ea:
2571 1265 2994 1327 communibus
3023 1266 3403 1338 nationibus,

1701 1356 1756 1407 et
1793 1348 2123 1409 dialectica
2150 1347 2462 1418 methodo,

1084 1442 1154 1482 ac
1184 1422 1577 1484 naturalibus
1607 1421 2014 1502 argumentis;
2054 1436 2111 1484 et
2131 1424 2511 1503 syllogistico
2550 1424 2818 1503 artificio
2868 1423 3152 1483 deducta.

1474 1503 1630 1580 Item
1662 1501 1961 1580 refutatio
1989 1501 2420 1580 Agarenorum
2441 1501 2720 1580 epistolae

492 1577 576 1638 ad
601 1577 967 1639 Michaelem
1013 1581 1468 1656 imperatorem,
1522 1577 2087 1657 Theophihﬁlium,
2149 1581 2350 1640 missa?
2393 1577 2495 1638 ob,
2523 1577 2931 1638 accusandam
2984 1578 3485 1639 Christianorum
3511 1578 3726 1656 ﬁdem.

563 1788 627 1840 L.
653 1785 891 1840 Difﬁcilis
919 1785 1251 1867 inventionis
1275 1787 1550 1855 negotium
1577 1786 1797 1851 veritas,
1828 1794 1883 1841 et
1906 1787 2047 1856 quod

2224 1793 2294 1841 α’.
2330 1781 2676 1853 Δυσθήρατόν
2724 1801 2775 1836 τι
2811 1783 2999 1853 χρῆμα
3048 1781 3297 1848 ἀλήθεια,
3350 1783 3441 1833 καὶ
3493 1781 3616 1843 τούς
3661 1799 3726 1850 γε

487 1879 725 1949 lyncazos
745 1889 961 1946 quoque
985 1877 1170 1931 oculos
1191 1876 1359 1930 latere
1377 1885 1587 1945 potest;
1631 1877 1736 1944 nisi
1765 1876 1905 1930 forte
1931 1892 2047 1930 cor-

2155 1879 2274 1932 λίαν
2300 1877 2678 1942 ὀξυωποῦντας
2710 1875 2892 1928 λαθεῖν
2927 1875 3242 1944 δυνάμενον,
3286 1875 3333 1926 εί
3375 1874 3448 1942 μή
3483 1891 3584 1924 που
3611 1874 3728 1940 ἄρα

487 1965 752 2036 poralium
787 1967 1136 2020 tenebrarum
1175 1967 1497 2021 densitatem
1527 1967 1710 2020 anima
1749 1967 2049 2035 dissipans,

476 2061 541 2109 ‘et
564 2042 858 2108 connivere
909 2060 1003 2106 aut
1051 2053 1339 2121 quiescere
1397 2053 1651 2107 sensibus
1702 2053 2050 2122 persuadens,

487 2143 1016 2213 vestigiumaliquod
1052 2142 1227 2212 ipsius
1261 2143 1501 2198 veritatis
1528 2145 1780 2215 persequi
1805 2144 2048 2199 valuerit.

486 2236 648 2290 Certe
680 2235 926 2305 quandiu
978 2250 1162 2290 rerum
1200 2235 1566 2290 materialium
1599 2234 1752 2290 fumo
1805 2236 2049 2290 intellec-

491 2326 650 2380 tualis
705 2325 897 2380 oculus
941 2326 1118 2380 adhuc
1159 2333 1480 2394 occupatur,
1532 2325 1582 2380 is
1635 2317 1849 2380 illarum
1898 2326 2053 2396 quasi

485 2416 841 2469 acrimoniam
875 2415 1114 2484 aliquam
1140 2415 1428 2484 experiens
1460 2405 1792 2484 passionem,
1835 2431 1902 2471 ne
1927 2427 2052 2472 ante

488 2505 652 2573 pedes
679 2492 895 2572 quidem
918 2505 1188 2573 jacentem
1212 2506 1492 2560 veritatem
1519 2505 1754 2561 fortasse
1773 2517 2048 2578 agnoscet,

488 2596 684 2649 nedum
721 2595 920 2663 procul
956 2595 1114 2648 valde
1149 2606 1453 2650 remotam:
1490 2605 1543 2650 et
1563 2604 1768 2666 quanto
1785 2597 2048 2651 acriorem

485 2685 723 2738 materiae
753 2684 1061 2751 experietur
1084 2697 1351 2748 amorem,
1398 2692 1546 2738 tanto
1602 2685 1931 2739 crassiorem
1959 2701 2049 2739 ve-

485 2772 660 2825 ritatis
690 2772 1047 2839 ignorantiam
1075 2770 1328 2838 patietur.
1383 2768 1517 2824 Cum
1559 2784 1688 2838 ergo
1739 2767 1938 2837 duplex
1981 2768 2051 2823 sit

482 2861 727 2916 veritatis
752 2862 996 2926 scientia,
1043 2860 1211 2914 altera
1244 2860 1387 2914 circa
1440 2868 1747 2914 creaturam
1781 2867 2048 2928 spectata,

485 2952 654 3004 altera
690 2952 831 3003 circa
879 2949 1215 3012 Creatorem,
1256 2957 1519 3019 quantum
1551 2949 1692 3003 infra
1733 2949 2048 3003 Creatorem

485 3050 616 3096 sunt
638 3050 921 3103 creaturas,
958 3049 1161 3116 tantum
1191 3043 1506 3110 praeeminet
1539 3040 1816 3096 Creatoris
1866 3042 2050 3110 cogni-

485 3132 582 3184 tio.
614 3131 920 3199 Quare'qui
953 3132 1241 3186 ratiocinio
1284 3131 1658 3206 tantummodo
1687 3131 2047 3199 cognitionem

479 3236 662 3276 rerum
699 3221 1028 3283 tribuerunt,
1056 3221 1215 3290 longe
1245 3221 1313 3274 ab
1337 3221 1425 3298 illa
1472 3209 1762 3274 recessisse
1784 3207 2053 3289 comperti

380 3318 384 3323 ’
477 3319 629 3367 sunt.
655 3311 723 3364 At
753 3312 786 3365 ii
810 3312 900 3381 qui
929 3313 1078 3385 omni
1101 3313 1222 3365 vita:
1237 3311 1575 3366 delectationi
1599 3312 1784 3365 nuntio
1803 3313 2052 3376 remisso,

483 3403 643 3457 unice
671 3403 1003 3472 vestigandae
1037 3403 1281 3457 scientia:
1321 3410 1542 3461 vacant,
1573 3416 1796 3454 manum
1825 3401 1931 3455 illis
1953 3399 2052 3453 ad-

476 3493 734 3562 jutricem
765 3493 1077 3560 porrigente
1105 3489 1237 3557 Deo,
1266 3500 1318 3546 et
1347 3491 1450 3559 ipsi
1479 3499 1626 3565 certe
1661 3504 1779 3545 eam
1805 3504 2050 3557 compre-

482 3585 746 3647 hendunt,
772 3593 825 3638 et
863 3585 1004 3638 alios
1038 3586 1129 3653 qui
1168 3585 1412 3654 ipsorum
1472 3584 1698 3653 vestigia
1756 3592 2050 3648 sectantur,

480 3678 546 3729 ad
580 3678 824 3729 eamdem
851 3687 999 3731 recto
1043 3685 1206 3730 cursu
1260 3675 1555 3730 deducunt.
1620 3674 1809 3730 Priore
1863 3676 2050 3744 itaque

478 3764 643 3818 modo
662 3766 808 3819 circa
841 3780 936 3819 eos
966 3767 1060 3834 qui
1086 3765 1272 3818 diVina
1304 3779 1564 3819 enarrare
1589 3765 1779 3818 volunt
1809 3765 2045 3827 invento,

480 3853 773 3907 sinedubio
793 3855 1068 3907 secundus
1101 3867 1319 3923 quoque
1357 3854 1751 3922 subsequetur;
1785 3853 2049 3908 vicissim-

480 3959 588 4012 que
619 3944 707 3997 bic
743 3959 848 3997 non
875 3946 1264 4012 subsequetur,
1295 3944 1402 3997 nisi
1426 3944 1515 3997 ille
1533 3954 1842 4014 compertus
1865 3945 2045 3998 fuerit.

481 4033 540 4087 Si
577 4033 740 4100 igitur
772 4033 915 4097 illos,
950 4034 1041 4102 qui
1069 4048 1191 4086 eum
1215 4033 1503 4087 terminum
1536 4033 1850 4102 attigerunt,
1871 4033 1926 4087 hi
1954 4035 2046 4103 qui

481 4123 785 4192 ignorantia
816 4133 908 4177 aut
939 4123 1147 4192 ignavia
1175 4132 1422 4177 tenentur
1437 4124 1627 4176 sectati
1655 4122 1882 4189 fuerint,
1903 4125 2044 4180 haud

481 4218 693 4273 minore
708 4227 870 4281 quam
889 4213 964 4266 illi
980 4213 1296 4267 excellentia
1322 4211 1594 4267 fruentur.
1622 4212 1728 4268 Sed
1745 4215 1789 4268 si
1811 4229 1879 4269 ne
1901 4214 2047 4269 hunc

483 4302 700 4370 quidem
747 4305 1042 4356 secundum
1083 4319 1323 4368 cursum,
1364 4306 1538 4372 primo
1577 4305 1805 4370 exclusi,
1864 4314 2046 4360 tenere

485 4393 776 4462 patientur,
805 4393 946 4447 haud
978 4394 1089 4463 jam
1116 4409 1342 4462 prorsus
1374 4395 1745 4462 improbitatis
1782 4394 2043 4450 crimina-

484 4483 686 4536 tionem
713 4486 881 4538 vitare
911 4495 1180 4552 poterunt.
1213 4484 1348 4539 Nam
1378 4489 1422 4540 si
1446 4501 1622 4553 neque
1652 4487 1770 4540 vitae
1806 4503 1899 4555 per
1925 4502 2041 4540 om-

486 4588 608 4627 nem
647 4573 896 4628 virtutem
933 4576 1247 4627 exercendaa
1273 4591 1457 4629 curam
1494 4586 1711 4645 gerunt,
1767 4591 1875 4645 qua
1906 4576 2041 4646 opus

482 4663 622 4719 foret
645 4673 700 4717 ut
719 4664 783 4716 ad
811 4675 1012 4717 certam
1041 4665 1131 4717 Dei
1155 4665 1433 4719 scientiam
1459 4669 1832 4734 pervenirent;
1867 4682 2041 4736 neque

481 4755 571 4816 iis,
604 4753 698 4822 qui
725 4753 870 4806 illam
916 4754 1296 4816 obtinuerunt;
1333 4755 1741 4822 obtemperant;
1777 4757 1907 4809 solis
1941 4772 2041 4809 au-

483 4852 590 4896 tem
615 4828 727 4896 suis
752 4844 1263 4897 ratiocinationibus
1283 4845 1547 4909 nituntur,
1580 4846 1673 4914 qui
1706 4847 1816 4899 fieri
1843 4856 2037 4915 potest,

483 4940 543 4985 ut
568 4933 710 5001 quod
747 4934 850 4986 alia
883 4936 967 4986 via
995 4935 1212 4997 incedit,
1247 4936 1350 5003 ipsi
1398 4936 1665 4990 diversam
1696 4938 2041 4992 decurrentes

483 5025 981 5092 comprehendant?
1021 5024 1396 5078 Verumtamen
1432 5042 1555 5079 vere
1577 5027 1682 5079 vim
1709 5041 1824 5080 non
1841 5028 2041 5095 patitur

484 5115 713 5168 liberum
740 5115 1046 5168 arbitrium.
1076 5115 1238 5184 igitur
1262 5118 1387 5185 quia
1413 5126 1466 5169 tu
1487 5095 1847 5186 magisoptas,
1871 5117 2042 5169 erudi-

484 5208 693 5260 tissime
716 5207 906 5269 amice,
929 5223 990 5260 ex
1011 5209 1352 5264 naturalibus
1376 5209 1900 5274 ratiocinationibus,
1923 5224 2043 5277 pro-

484 5299 783 5365 positarum
815 5299 1173 5366 quaestionum
1228 5299 1763 5363 demonstrationes;
1814 5301 1862 5352 id
1895 5301 2038 5352 enim

488 5387 770 5442 manifeste
796 5392 1022 5457 requirit
1053 5392 1105 5444 in
1139 5392 1257 5459 ipso
1309 5391 1532 5443 exordio
1562 5393 1818 5458 scriptum
1854 5402 2039 5457 tuum;

2080 3115 2124 3172 B

2153 1974 2331 2026 τέλεον
2379 1970 2474 2024 τοῦ
2518 1968 2833 2040 σωματικοῦ
2863 1968 3014 2020 τοῦδε
3063 1967 3261 2036 γνόφου
3299 1966 3360 2017 τὸ
3407 1966 3576 2034 πάχος
3603 1967 3728 2018 δια-

2156 2064 2361 2134 σχοῦσα
2397 2063 2564 2133 ψυχὴ,
2595 2061 2761 2131 μῦσαι
2800 2060 2833 2130 ἢ
2859 2060 3097 2130 ἀργῆσαι
3125 2057 3220 2119 τὰς
3236 2056 3515 2126 αἰσθήσεις
3543 2072 3724 2108 κατα-

2168 2155 2424 2220 πείσασα,
2463 2154 2642 2223 ἴχνους
2675 2150 2820 2213 τινὸς
2852 2151 3018 2217 αὐτῆς
3051 2148 3333 2218 ἐφικέσθαι
3383 2147 3682 2215 δυνήσηται
3709 2161 3726 2178 ο

2152 2246 2256 2309 ἕως
2283 2245 2465 2316 μέντοι
2493 2243 2585 2296 τοῦ
2636 2241 2842 2296 καπνοῦ
2881 2239 2990 2293 τῶν
3028 2240 3154 2310 περὶ
3191 2239 3288 2308 τὴν
3319 2238 3452 2308 ὓλην
3479 2238 3727 2306 όνοητὺς

2154 2337 2235 2389 ἔτι
2263 2334 2725 2405 ἀντιλαμϐἁνηται
2754 2332 3049 2410 ὀφθαλμὸς,
3094 2331 3167 2394 ὡς
3195 2329 3444 2401 δρίμυξιν
3477 2329 3576 2399 τὴν
3597 2345 3657 2382 τε

2151 2413 2260 2478 των
2285 2425 2571 2494 ὑπομένων
2619 2406 3012 2494 προσπάθειαν,
3036 2422 3176 2506 τάχα
3211 2422 3304 2475 καὶ
3345 2420 3450 2489 πρὸ
3484 2419 3591 2470 τῶν
3625 2402 3759 2470 ποί

2151 2516 2256 2570 δῶν
2294 2515 2553 2586 κειμένην
2579 2515 2678 2566 οὐκ
2727 2512 3109 2581 ἐπιγνώσεται,
3149 2513 3342 2581 μήτιγε
3385 2510 3570 2580 πόρρω
3615 2526 3724 2561 που

2149 2603 2266 2657 λίαν
2298 2603 2688 2673 ἀπῳκισμένην
2714 2620 2727 2632 ·
2760 2601 2851 2654 καὶ
2888 2603 3009 2654 ὅσον
3049 2600 3114 2653 ἂν
3157 2599 3353 2669 μᾶλλον
3382 2597 3724 2668 δριμυτέρας

2149 2697 2246 2766 τῆς
2275 2695 2478 2748 τούτων
2529 2693 2784 2763 αἴσθηται
2834 2690 3194 2761 ἀντιλήψεως,
3227 2689 3427 2759 μᾶλλον
3462 2689 3562 2753 τὴν
3593 2684 3725 2738 ταύ-

2150 2803 2248 2855 της
2277 2785 2642 2854 ὑποστήσεται
2689 2782 2908 2849 ἄγνοιαν
2930 2797 2943 2810 ⁸
2985 2779 3165 2848 διττῆς
3193 2776 3481 2845 τοιγαροῦν
3513 2792 3720 2843 τυγχα-

2151 2873 2347 2943 νούσης
2374 2874 2564 2946 αὺτῆς,
2595 2874 2688 2926 καὶ
2721 2871 2820 2941 τῆς
2845 2871 2943 2941 μὲν
2976 2871 3102 2939 περὶ
3130 2870 3227 2939 τὴν
3272 2867 3446 2919 κτίσιν
3481 2865 3723 2936 θεωρου-

2154 2954 2343 3033 μένης,
2403 2964 2499 3033 τῆς
2550 2963 2606 3014 δὲ
2654 2962 2782 3031 περὶ
2808 2962 2898 3013 τὸν
2929 2961 3205 3023 κτίσαντα,
3240 2958 3363 3010 ὅσον
3412 2955 3722 3025 ὑποϐέϐηκε

2151 3055 2243 3106 τοῦ
2275 3055 2646 3122 Πεποιηκότος
2671 3052 2737 3104 τά
2765 3044 3351 3120 Κτίσματα,γτοσοῦ’τον
3387 3045 3724 3115 ὑπερελήλα-

2155 3162 2242 3196 ται
2271 3146 2304 3210 ὴ
2346 3143 2655 3213 ἀκραιφνὴς
2703 3141 2796 3195 τοῦ
2838 3141 3204 3209 Πεποιηκότος
3235 3140 3560 3204 ἐπίγνωσις·
3597 3135 3722 3188 ὅθεν

2154 3237 2268 3287 ὅσοι
2300 3235 2579 3304 λογισμοῖς
2613 3234 2791 3302 μόνοις
2818 3233 2914 3303 τὴν
2947 3233 3164 3285 πάντων
3193 3230 3392 3298 γνῶσιν
3427 3228 3718 3291 ἀπέδοσαν,

2156 3324 2346 3394 πόρῤω
2405 3340 2508 3375 που
2555 3323 2758 3392 ταύτης
2792 3322 3114 3391 ἐληλακότες
3159 3319 3461 3387 εὑρέθησαν
3483 3334 3496 3347 ’
3518 3318 3630 3378 ὅσοι
3660 3316 3721 3369 δὲ

2156 3414 2305 3484 πάσῃ
2335 3416 2399 3482 τῇ
2426 3412 2566 3464 κατὰ
2596 3412 2708 3481 βίον
2739 3411 2990 3483 ῥᾳστώνῃ
3041 3410 3250 3479 χαίρειν
3280 3408 3547 3471 είπύντες,
3581 3406 3722 3474 πρὸς

2113 3567 2116 3570 ,
2158 3503 2326 3573 μόνην
2358 3502 2455 3572 τὴν
2477 3500 2678 3569 ταύτης
2711 3501 2936 3570 ἔρευναν
2969 3498 3394 3568 ἀπησχόληνται,
3426 3497 3525 3565 τῆς
3570 3496 3723 3558 θείας

487 5492 791 5545 quanquam
829 5480 928 5533 hoc
961 5481 1099 5533 haud
1148 5463 1434 5548 principali
1487 5480 1605 5533 loco
1666 5482 1789 5536 ﬁdei
1845 5491 2046 5535 nostra:
2101 5489 2104 5492 ’

490 5565 627 5618 ratio
677 5580 792 5620 esse
830 5570 981 5631 sinit,
1024 5571 1150 5636 quia
1221 5584 1436 5621 omnem
1475 5579 1739 5634 mentem,
1797 5587 1904 5624 non
1947 5573 2042 5622 hu-

2153 3596 2336 3655 αὐτοῖς
2398 3592 2778 3660 ἑπαμυνούσης
2864 3592 3061 3661 χειρὸς,
3130 3588 3279 3660 αὐτοί
3338 3605 3399 3640 τε
3462 3587 3722 3655 ἀσφαλῶς

2151 3684 2549 3752 κατειλήφασιο
2610 3683 2702 3736 καὶ⁵
2735 3684 2872 3745 κτοὺς
2921 3682 3139 3734 ἐκείνων
3181 3678 3722 3740 κατακολουθοῦντας

2148 3776 2259 3836 τοῖς
2289 3774 2481 3843 ἴχνεσι,
2506 3773 2641 3842 πρὸς
2673 3771 2840 3841 αὐτὴν
2876 3771 3219 3841 εὑθυδρόμως
3243 3767 3720 3838 ὲχειραγώγησαν.

2148 3863 2256 3916 Τοῦ
2294 3865 2470 3916 τοίνυν
2527 3862 2744 3933 πρώτου
2807 3862 3008 3933 τρόπου
3065 3863 3191 3932 περὶ
3220 3863 3346 3924 τοὺς
3372 3862 3450 3914 τὰ
3471 3861 3588 3913 θεῖα
3647 3859 3722 3912 δι-

2148 3952 2430 4022 αγορεύειν
2467 3952 2819 4022 βουλομένους
2870 3955 3286 4022 εὑρισκομένου,
3332 3951 3721 4021 ἀναμφιϐόλως

2148 4043 2245 4095 καὶ
2297 4043 2324 4095 ὁ
2375 4042 2623 4112 δεύτερος
2652 4044 2868 4111 ἕψεταιο
2904 4044 3002 4114 οὐχ
3027 4044 3214 4111 ἕψεται
3242 4043 3316 4107 δὲ,
3357 4043 3429 4112 μὴ
3458 4042 3720 4108 φαινομέ-

2151 4147 2241 4184 νου
2263 4133 2492 4185 ὲκείνου.
2517 4133 2693 4202 Μέχρι
2726 4133 2823 4202 μὲν
2851 4132 2942 4185 οὖν
2971 4137 3081 4196 τοῖς
3120 4126 3220 4186 ὧδέ
3243 4151 3316 4202 πη
3354 4131 3720 4198 καταφθάσα-

2149 4239 2233 4275 σιν
2266 4222 2315 4273 οί
2351 4223 2541 4292 ἀγνοίᾳ
2579 4225 2674 4275 καὶ
2727 4223 2967 4294 ῥᾳθυμία
3012 4222 3409 4292 κεκρατημένοι
3443 4222 3720 4288 παρέπον-

2146 4329 2259 4377 ται,
2288 4312 2439 4366 οὐδὲν
2469 4308 2628 4382 ἦττον
2668 4313 2764 4381 τῆξ
2801 4314 2970 4382 αὐτῆς
3020 4315 3245 4375 ἐκείνοις
3273 4313 3544 4380 θειότητος
3577 4317 3717 4365 cirro-

2150 4403 2467 4457 λαύσονται’
2533 4405 2765 4474 ὁπηνίκα
2818 4405 2873 4457 δὲ
2920 4406 3053 4477 μηδὲ
3112 4404 3206 4457 ’τὸν
3245 4405 3493 4474 δεύτερον
3521 4403 3716 4465 πλοῦν,

2147 4493 2540 4561 ἀναϐληθέντος
2571 4495 2663 4546 τοῦ
2704 4495 2941 4564 πρώτου,
3005 4495 3354 4564 μεταδιώκειν
3407 4495 3712 4562 ἀνέχονται,

2147 4584 2328 4635 οὐκέτι
2353 4602 2451 4636 που
2485 4586 2696 4646 πάντως
2728 4586 2788 4638 τὸ
2810 4586 2908 4654 τῆς
2941 4585 3272 4656 κακουργίας
3303 4585 3557 4653 ἔγκλημα
3590 4586 3713 4637 δια-

2151 4673 2345 4742 δρᾶναι
2374 4674 2712 4740 δυνήσονται.
2772 4677 2834 4727 Εί
2881 4678 2987 4745 γὰρ
3037 4677 3149 4746 βίου
3197 4678 3294 4746 μὲν
3332 4677 3712 4745 ὲξησκημένου

2147 4767 2406 4844 φροντίδα
2454 4768 2514 4818 οὐ
2578 4768 2836 4831 τίθενται,
2893 4770 2967 4832 ὼς
3010 4771 3074 4822 ἀν
3101 4770 3179 4831 είς
3213 4769 3273 4821 τὸ
3317 4771 3413 4836 τῆς
3438 4768 3713 4830 ἀπλανοῦς

2149 4855 2475 4924 θεογνωσίας
2504 4859 2894 4927 καταφθάσωσι
2949 4862 3163 4930 μέτρον,
3200 4863 3310 4922 τοῖς
3342 4877 3402 4911 τε
3452 4859 3712 4928 κατειλη-

2148 4947 2302 5014 φόσιν
2364 4949 2424 5012 ορ
2487 4950 2928 5012 καταπείθονται,
2992 4953 3169 5019 μόνοις
3217 4951 3273 5003 δὲ
3322 4953 3429 5010 τοῖς
3490 4950 3712 5012 οἰκείοις

2147 5035 2515 5104 ὲπερείδονται
2565 5039 2864 5107 λογισμοῖς,
2914 5042 3075 5092 πόθεν
3123 5041 3212 5092 τοῦ
3268 5042 3333 5092 δι’
3375 5041 3538 5109 ἄλλης
3587 5041 3711 5093 ὁδοῦ

2148 5122 2549 5192 λαμϐανομένου
2621 5129 2813 5196 ἑτέραν
2861 5129 3231 5196 ἐπιτρέχοντες
3265 5128 3707 5196 καταλήψονταις

2150 5211 2288 5278 πλὴν
2321 5213 2575 5264 ἁϐίαστον
2599 5213 2809 5284 ἀληθῶς
2841 5217 2897 5268 ὲν
2930 5219 3064 5268 πᾶσι
3106 5217 3165 5269 τὸ
3196 5216 3556 5280 αὐτεξούσιον.
3588 5218 3710 5270 Τοι-

2147 5302 2349 5369 γαροῦν
2397 5305 2581 5373 ἐπειδὴ
2636 5309 2852 5376 φροντὶς
2912 5309 3107 5376 μᾶλλον
3158 5312 3220 5378 τῇ
3263 5310 3533 5380 λογιότητι
3587 5325 3706 5370 σου,

2148 5387 2741 5463 πολυπειρότατέφίλε,
2779 5400 2889 5460 τοῖς
2937 5401 2999 5450 ὲκ
3037 5397 3248 5468 φύσεως
3293 5399 3572 5467 λογισμοῖς
3599 5400 3710 5450 τῶν

2147 5486 2377 5554 αἱρετῶν
2406 5486 2502 5548 τάς
2561 5489 2861 5552 ἀποδείξεις
2907 5491 3338 5543 καθυποόἀλλειν
3363 5507 3378 5520 ο
3408 5490 3568 5540 τοῦτο
3597 5489 3710 5558 γὰρ

2140 5575 2198 5626 τὸ
2232 5577 2321 5626 σὸν
2360 5577 2545 5644 σαφῶς
2586 5582 2914 5649 παρίστησιν
2947 5584 3006 5634 ὲν
3035 5583 3339 5652 προοιμίοις
3370 5581 3626 5651 γράμμα,
3657 5583 3710 5633 εί

487 5667 703 5711 manant
737 5660 1134 5724 tantummodo,
1164 5674 1347 5712 verum
1382 5660 1541 5715 etiam
1565 5662 1863 5730 angelicam
1903 5659 2040 5714 Deus

2149 5666 2232 5717 καὶ
2289 5667 2362 5737 μὴ
2412 5668 2568 5723 τοῦτο
2608 5675 3034 5742 προηγουμένως
3076 5677 3102 5726 ὸ
3151 5674 3248 5742 τῆς
3283 5671 3404 5726 καθ’
3439 5674 3587 5742 ἡμᾶς
3619 5672 3713 5726 πί-

3919 0 3926 280 Ι
