3926 6308
129 203 247 266 809

1268 202 1696 263 REFUTATIO
1761 201 2238 263 MOHAMEDIS.

3279 204 3384 267 8i0

126 330 316 377 στεως
348 313 634 385 ἐπιτρέπει
665 317 823 386 λόγος
854 317 942 370 διὰ
971 314 1030 367 τὸ
1077 313 1254 384 πάσης
1281 315 1486 376 ἑννοίας
1510 315 1570 368 οὐ
1613 298 1712 384 μό-

1821 315 2070 377 cxeetlit;
2111 315 2186 367 tui
2217 310 2395 367 tamen
2426 315 2617 382 gratia,
2646 323 2772 367 ante
2803 314 2985 367 omnia
3023 329 3084 365 ev
3143 315 3245 365 hoc.
3270 330 3388 367 ser-

121 422 223 456 vov
255 406 604 478 ἀνθρωπίνης
632 410 765 464 ἀλλὰ
798 410 893 462 καὶ
951 405 1249 477 ἁγγελικῆς
1283 406 1633 476 ὑπερϐαίνειν
1656 406 1715 460 τὸ

119 498 311 560 Θεῐον,
345 500 444 569 σῆς
495 499 658 555 ἓνεκα
703 503 945 572 χάριτος,
982 499 1197 572 πρῶτον
1239 499 1338 567 μὲν
1369 501 1432 552 ἐκ
1456 498 1714 552 τοιούτων

122 584 314 652 λόγων
342 591 882 654 κατασκευαστικῶς,
913 593 1037 643 ὅσον
1087 589 1229 643 κατὰ
1278 589 1338 642 τὸ
1365 589 1591 643 δυνατὸν
1611 589 1713 658 τὴν

121 680 269 744 περὶ
293 679 357 731 τὸ
378 679 530 733 Θεῖον
577 682 733 750 ἡμῶν
771 681 926 744 δόξαν
979 681 1287 750 ὲκΟέμενοι,
1313 681 1373 732 τὸ
1407 680 1710 750 τηνικαῦτα

119 767 240 820 τῶν
283 771 394 823 σῶν
424 773 824 842 προϐλημάτων
863 773 961 841 τὴν
1009 774 1282 842 ἡμετέραν
1316 771 1710 838 διαϐαλλόντων

120 859 437 929 Θρησκείαν
483 863 892 933 ἐπισκεψόμεθα
917 865 1014 935 τὴν
1042 863 1194 933 ἰσχύν
1220 877 1232 890 ⁸
1264 843 1500 931 ἄρξομαι
1540 860 1584 912 δ’
1625 863 1712 912 ὲν-

117 949 326 1005 τεῦΘεν
359 967 374 982 ⁸

1828 409 2006 461 monis
2031 421 2254 475 genere,
2289 405 2713 461 demonstrativa
2743 417 3007 476 quantum
3046 405 3157 459 tieri
3213 415 3392 472 potest

1819 508 2060 552 nostram
2094 499 2159 551 ad
2219 496 2328 550 Deo
2381 497 2702 551 sententiam
2736 513 3074 567 exponemus
3111 514 3123 547 :
3156 511 3394 564 moxque

1821 597 2266 657 argumentorum
2296 596 2508 642 tuorum
2564 588 2880 658 religionem
2940 599 3189 642 nostram.
3216 603 3392 656 oppu-

1821 681 2102 744 gnantium
2136 680 2244 733 vim
2301 680 2718 750 perpendemus.
2765 679 2902 735 llt’nc
2954 691 3133 735 autem
3172 684 3385 735 initium

1824 771 2039 841 dicendi
2067 772 2282 827 faciam.

216 1105 446 1161 Nicetes
487 1109 674 1160 abhinc
703 1110 884 1176 repetit
921 1110 1127 1177 longam
1153 1125 1304 1161 suam
1339 1108 1606 1177 religionis
1639 1107 1956 1161 Christiana:
1986 1110 2506 1174 demonstrationem,
2570 1127 2729 1174 quam
2762 1111 2815 1164 in
2857 1111 3180 1176 prrecedente
3238 1125 3390 1178 opere

118 1179 421 1244 scripserat
457 1178 530 1247 (in
575 1181 1021 1249 editioneAnostra
1070 1180 1174 1232 col.
1230 1179 1544 1249 575Ausque
1581 1178 1649 1232 ad
1675 1179 1712 1229 7t

1820 1197 1831 1242 ;
1867 1195 2044 1246 nempe
2079 1194 2096 1232 :
2135 1180 2195 1231 Ὀ
2221 1180 2535 1249 πάνσορος
2565 1181 2659 1235 καὶ
2701 1181 3028 1249 φιλάγαθος
3058 1199 3110 1234 κ.
3145 1197 3195 1233 τ.
3218 1179 3267 1232 λ.
3290 1179 3392 1232 δό-

117 1262 252 1318 γμα
282 1250 765 1302 κατεσκεύασενε
805 1247 1257 1317 Sapientissimus
1283 1259 1332 1300 et
1353 1247 1611 1318 bonitatis
1654 1261 1868 1302 amator
1904 1257 2034 1309 etc.,
2081 1250 2274 1312 degnta
2322 1247 2717 1318 comprobavit.
2758 1247 3096 1304 Omittuntur
3127 1259 3301 1303 tamen
3338 1251 3392 1306 in

117 1315 231 1367 lmc
271 1319 572 1385 repetitione
602 1321 701 1372 loci
736 1320 840 1372 duo
861 1315 1055 1384 b‘reves,
1085 1334 1263 1390 nempe
1289 1319 1359 1390 de?
1385 1316 1691 1390 Mohamecle
1722 1319 1826 1373 col.
1857 1319 1981 1390 68f),
2015 1327 2063 1371 et
2106 1319 2238 1371 alter
2263 1323 2326 1371 de
2344 1315 2600 1390 Aga'rcuis
2626 1322 2730 1376 col.
2766 1322 2902 1385 G97,
2931 1322 3088 1388 idque
3111 1320 3395 1387 euphemia:

116 1403 337 1450 causa,
400 1399 469 1462 nt,
510 1399 665 1462 puto,
712 1390 1023 1462 neamicus
1083 1387 1519 1462 Moltamedanus,
1579 1389 1648 1440 ad
1703 1386 2104 1462 quemNicetas
2140 1386 2807 1462 __scriltit,'o/fenderetur.
2869 1386 3215 1462 Nos—itaque
3271 1397 3390 1448 uni-

117 1471 343 1531 versant
409 1458 561 1512 illam
605 1459 922 1514 Christiana:
973 1457 1232 1528 analogia:
1272 1470 1479 1528 partem
1535 1459 1872 1526 repetendam
1922 1475 2024 1512 non
2048 1458 2432 1526 judicavimus,
2470 1457 2606 1530 auia
2655 1463 2769 1531 iam
2801 1464 2855 1515 in
2889 1457 3157 1516 volumine
3207 1471 3390 1518 nostro

114 1528 430 1593 prostabat.

203 1661 274 1734 β’.
315 1660 535 1732 Καιρὸξ
576 1662 681 1732 ήδη
731 1661 920 1716 λοιπὸν
967 1664 1064 1718 καὶ
1104 1663 1206 1728 τὰς
1254 1663 1312 1717 ὲν
1363 1662 1440 1733 τῷ
1468 1662 1545 1733 σῷ
1576 1677 1710 1730 συγ-

1883 1661 1938 1715 2.
1981 1649 2217 1728 Tempus
2241 1671 2322 1717 est
2349 1672 2408 1718 ut
2450 1663 2705 1733 deinceps
2737 1666 3148 1722 consideremus
3200 1681 3267 1720 an
3293 1681 3388 1721 ac-

113 1757 424 1827 γράμματι
456 1755 710 1819 διαϐολὰς
738 1756 880 1809 κατὰ
910 1756 1010 1827 τῆς
1055 1757 1334 1828 ἡμετέρας
1365 1753 1622 1820 πίστεως,
1659 1755 1710 1809 εἰ

112 1848 439 1912 εὐθυϐόλως
493 1848 727 1919 ἔχουσιν,
777 1848 1215 1919 ἐπισκέψασθαιο
1267 1849 1504 1920 ἄρξομαι
1537 1849 1593 1902 δὲ
1623 1850 1711 1901 ὲνο

115 1940 324 1993 τεῦθεν
350 1955 365 1970 ⁶
413 1941 566 2011 Ἔχει
610 1941 670 2003 τὸ
702 1940 794 1994 σὸν
815 1940 1052 2012 γράμμα
1079 1939 1251 2004 οὕτως
1277 1955 1290 1969 ⁸
1321 1959 1342 1992 ι
1369 1941 1479 1994 Καὶ
1511 1939 1711 1992 ἔδωκεν

114 2036 146 2086 ὁ
175 2033 320 2096 Θεὸς
351 2034 555 2099 αὐτοῖς,
582 2033 824 2104 δηλονότι
853 2035 964 2096 τοῖς
990 2032 1475 2104 δημιουργηθείσιν
1502 2030 1712 2102 ἀνθρὼ-

117 2143 276 2188 mag,
314 2124 441 2178 νοῦν
470 2123 564 2179 τοῦ
615 2124 906 2194 γινώσκειν
955 2125 1036 2177 ὅτι
1085 2127 1118 2191 ὴ
1174 2123 1504 2194 δημιουργία
1536 2139 1710 2192 κεχω-

109 2217 368 2287 ρισμένη
411 2217 553 2277 ἐστὶ.
588 2219 683 2271 καὶ
737 2217 928 2290 πόρρω
979 2217 1252 2286 ἀφέστηκε
1288 2217 1386 2284 τῆς
1439 2215 1574 2283 πρὸς
1619 2204 1737 2265 τὸν¹

117 2307 481 2377 Δημιουργὸν
505 2307 824 2379 ὁμοιότητος
852 2323 868 2340 ·
923 2308 1017 2361 καὶ
1049 2308 1133 2360 ὃτι
1166 2308 1273 2361 πᾶν
1302 2307 1514 2376 ποίημα
1532 2306 1712 2368 ἐνδεές

118 2402 248 2453 ἐστι
294 2398 390 2452 τοῦ
444 2400 792 2469 ποιήσαντος.
838 2417 856 2449 ι
894 2399 1066 2452 Τοῦτο
1118 2397 1375 2468 σύμφημι
1425 2397 1599 2465 κάγὼ,
1629 2399 1716 2451 ὅτι

118 2494 238 2545 πᾶν
267 2491 680 2561 παραγόμενον,
715 2489 1000 2560 ἀλλότριόν
1023 2492 1141 2544 ἔστι
1169 2489 1269 2558 τῆς
1299 2488 1589 2552 ούσιὼδους
1614 2489 1709 2541 τοῦ

119 2583 477 2654 παράγοντος
507 2582 825 2653 ὁμοιότητος
855 2597 868 2612 ·
919 2580 999 2636 διὸ
1034 2582 1127 2651 καὶ
1159 2580 1233 2643 ὼς
1283 2579 1710 2650 ὡμολογημένον

119 2674 223 2729 καὶ
260 2675 396 2744 παρ’
426 2673 584 2745 ἡμῶν
607 2673 850 2744 εἰλήφθω
869 2689 882 2702 ·
941 2670 1062 2727 εῐτα
1113 2672 1174 2726 τὸ
1205 2673 1330 2743 ἑξῆς
1361 2671 1555 2726 τούτου
1591 2688 1712 2725 συν-

119 2746 441 2837 απτόμενον
469 2766 529 2818 τὸ
559 2765 736 2834 λέγον,
773 2765 856 2818 ὅτι
892 2784 910 2816 ι
957 2761 1232 2827 Ἕκαστος
1253 2766 1547 2836 γεννήτωρ
1576 2765 1712 2834 πρό-

117 2860 288 2930 τερός
309 2860 424 2912 ἐστι
450 2857 543 2910 τοῦ
567 2856 769 2910 οἰκείου
801 2856 1167 2927 γεννήματος.
1203 2873 1221 2906 ι
1275 2855 1401 2908 Ἐπί
1436 2871 1490 2906 τι
1521 2855 1620 2922 μὲν
1650 2856 1712 2909 τὸ

119 2949 332 3020 ἀληθὲς
365 2949 476 3019 ἔχει
517 2949 703 3012 ἁπλῶς
731 2947 1019 3018 τιθέμενον
1047 2963 1061 2978 ο
1103 2947 1197 3000 ἐπί
1224 2964 1274 2999 τι
1298 2946 1354 2999 δὲ
1386 2947 1446 3000 τὸ
1480 2943 1675 3014 ψεῦδος
1695 2965 1708 2978 ·
1747 2969 1753 2986 ι

1819 1753 2131 1811 cnsationes
2163 1769 2284 1823 qua:
2323 1755 2377 1808 in
2409 1764 2504 1809 tuo
2522 1757 2725 1826 scripto
2775 1758 3040 1812 adversus
3100 1759 3258 1818 tidem
3295 1774 3387 1812 no-

1819 1854 1991 1901 stram
2035 1847 2189 1911 llunt,
2230 1854 2375 1902 recte
2406 1863 2465 1902 se
2499 1849 2756 1902 habeant.
2793 1849 2931 1904 Hinc
2951 1865 3081 1920 ergo
3107 1841 3384 1906 exordiar.
3468 1879 3472 1883 ι

1817 1937 1876 1992 In
1906 1936 2112 2010 scripto
2136 1949 2227 1993 tuo
2257 1940 2336 1994 sic
2365 1940 2560 2009 legitur
2592 1957 2604 1994 :
2637 1959 2654 1991 ι
2694 1940 2850 1996 Dedit
2876 1943 2941 1997 iis
2973 1943 3158 2006 Deus,
3197 1943 3250 1998 id
3304 1953 3390 1998 est.

1818 2028 2018 2099 creatis
2039 2030 2374 2094 hominibus,
2401 2039 2632 2086 mentem
2657 2033 2722 2086 ad
2751 2036 3214 2103 cognoscendum,
3234 2050 3388 2090 erea-

1818 2129 1994 2173 turam
2027 2119 2298 2176 diversam
2325 2139 2446 2177 esse
2472 2125 2769 2194 proculque
2822 2126 3027 2181 distare
3058 2142 3088 2180 a
3125 2127 3388 2182 similitu-

1818 2212 1945 2266 dine
1987 2228 2108 2266 cum
2163 2212 2458 2282 Creatore;
2511 2228 2563 2270 et
2612 2233 2723 2272 rem
2775 2216 2974 2273 factam
3050 2221 3207 2290 longe
3269 2236 3392 2274 esse

1819 2302 2136 2358 inferiorem
2198 2304 2422 2360 factore.
2475 2326 2493 2358 ι
2529 2306 2642 2362 lloc
2690 2319 2742 2363 et
2774 2324 2874 2379 ego
2927 2311 3190 2372 concedo,
3243 2314 3387 2381 quod

1819 2412 2013 2466 nempe
2044 2398 2370 2467 productum
2403 2401 2673 2453 diversum
2707 2403 2832 2455 sita
2887 2402 3234 2455 substantiali
3272 2418 3394 2471 pro-

1817 2489 2069 2544 ducentis
2114 2491 2490 2545 similitudine.
2528 2492 2709 2558 Quare
2750 2492 2851 2546 hoc
2884 2503 3143 2561 tanquam
3174 2509 3204 2547 a
3232 2494 3391 2549 nobis

1819 2596 2039 2652 quoque
2063 2582 2373 2637 confessum
2409 2584 2704 2638 habeatur.
2741 2583 2945 2638 Deinde
2977 2585 3224 2654 sequitur
3257 2601 3389 2640 eon-

1821 2686 1960 2726 nexa
1992 2672 2262 2726 sententia
2299 2673 2378 2727 sic
2406 2690 2417 2724 :
2455 2691 2470 2722 ι
2509 2671 2702 2728 Omnis
2733 2675 2947 2744 genitor
2975 2675 3123 2745 prior
3144 2685 3224 2729 est
3261 2689 3390 2744 pro-

1821 2764 1941 2834 prio
1995 2765 2288 2834 genimine.
2349 2782 2366 2816 ι
2432 2764 2544 2818 iloe
2591 2766 2658 2820 de
2715 2766 2896 2835 aliqua
2957 2782 3015 2820 re
3065 2766 3390 2836 simpliciter

1819 2855 2051 2921 dictum,
2111 2842 2235 2909 vere
2293 2870 2352 2912 se
2412 2856 2716 2910 babet:de
2767 2857 2870 2910 alia
2929 2869 3109 2910 tamen
3157 2857 3390 2921 dictum,

1821 2944 2018 2998 falsum
2051 2953 2170 2999 est:
2208 2953 2262 2998 et
2283 2945 2410 3016 quia
2451 2946 2555 3000 hoc
2595 2945 2707 3000 Deo
2733 2956 3054 3002 extraneum
3085 2956 3191 3012 est,
3218 2948 3389 3002 necin

123 3044 226 3096 καὶ
249 3043 335 3095 ὃτι
360 3041 454 3094 ἐπὶ
474 3041 607 3094 Θεοῦ
642 3040 920 3109 ἀλλότριόν
953 3041 1070 3093 εστι
1097 3039 1192 3093 καὶ
1219 3037 1403 3109 χώραν
1442 3039 1542 3092 οὐκ
1575 3039 1709 3108 ἔχει,

1820 3051 1882 3089 eo
1934 3037 2114 3091 locum
2173 3038 2354 3104 habet,
2409 3038 2461 3091 id
2503 3052 2604 3106 ego
2653 3054 2828 3106 neque
2878 3039 3391 3108 admittam-neque

117 3135 255 3187 οὗτε
284 3132 638 3202 ἀποδέξομαι,
700 3130 823 3186 οὕτε
866 3132 1216 3201 ὁμολογήσω·
1268 3119 1473 3198 ἐλέγξω
1511 3130 1588 3197 δὲ,
1614 3132 1710 3184 καὶ

121 3228 184 3278 ἐν
216 3219 301 3285 οἷς
326 3222 514 3294 χώραν
542 3222 656 3292 ἔχει
704 3223 1048 3292 παραστήσω
1069 3238 1085 3253 ο
1112 3220 1274 3273 τοῦτο
1309 3216 1404 3272 οὖν
1437 3221 1502 3273 σὺ
1529 3218 1710 3275 λαϐὼν

121 3320 204 3386 ὡς
244 3323 692 3392 ὡμολογημένον,
743 3321 919 3385 δοκεῖς
954 3320 1052 3391 μὲν
1109 3321 1258 3391 ἡμᾶς
1304 3319 1708 3391 παρακρούειν,

123 3415 252 3484 ἤτοι.
274 3417 350 3478 εἰς
386 3415 477 3468 τὸν
505 3415 605 3483 τῆς
658 3414 1074 3483 ὁμοουσιότητος
1102 3412 1282 3480 λόγον,
1318 3411 1351 3480 ἦ
1384 3413 1464 3473 εἰς
1487 3413 1588 3481 τὴν
1616 3409 1710 3463 τοῦ

122 3504 457 3572 γεννήτορος
516 3503 610 3555 καί⁸
640 3503 977 3570 γεννήματος
1008 3500 1221 3570 σχέσιν·
1273 3502 1367 3552 καὶ
1402 3498 1541 3561 πῶς,
1574 3498 1706 3567 ἐρῶ.

139 3595 338 3664 Ἦμῶν
364 3594 473 3663 γὰρ
515 3593 928 3663 ὁμολογούντων
966 3590 1361 3661 ὁμοουσιότήτα
1387 3589 1483 3642 καὶ
1518 3588 1710 3642 ταυτό-

124 3703 272 3757 τητα
304 3684 396 3739 τοῦ
457 3703 516 3738 τε
574 3673 918 3754 Πατρὸςκαι
947 3682 1100 3744 Υίοῦ,
1133 3683 1224 3736 καί.
1257 3681 1484 3753 τὸνμὲν
1524 3680 1598 3743 ὼς
1624 3697 1712 3748 γε-

130 3779 435 3848 γεννηκότα
464 3777 682 3841 Πατέρα
709 3775 1012 3840 καλεῖσθαι,
1051 3774 1140 3827 τὸν
1166 3775 1222 3828 δὲ
1275 3773 1351 3836 ὡς
1382 3772 1712 3842 γεγεννημέ-

127 3889 225 3926 νον
267 3869 416 3935 Υίὸν,
482 3867 663 3921 λαϐὼν
695 3868 761 3920 σὺ
802 3869 866 3920 ὲκ
920 3861 1028 3920 τῶν
1077 3865 1198 3920 καθ’
1240 3866 1388 3936 ἡμᾶς
1413 3864 1631 3934 ἀξίωμα
1651 3863 1712 3915 τὸ

126 3963 316 4033 λόγον.
351 3963 431 4016 ὅτι
461 3979 479 4012 ι
521 3959 792 4021 Ἕκαστος
831 3958 1111 4027 γεννήτωρ
1159 3955 1420 4027 πρότερός
1457 3956 1572 4007 ἐστι
1615 3954 1710 4007 τοῦ

126 4054 336 4111 οἰκείου
353 4055 708 4124 γεννήματος·
735 4069 754 4101 ι
779 4050 872 4102 καὶ
902 4047 1060 4102 τοῦτο
1087 4048 1179 4100 ἐπὶ
1198 4048 1296 4118 τῆς
1324 4045 1472 4110 Θείας
1495 4046 1709 4114 φύσεως

128 4147 327 4209 κακῶς
378 4142 905 4213 ἐπισυνάψας,·ὃπερ
949 4140 1151 4210 μᾶλλον
1207 4141 1299 4192 ἐπὶ
1341 4137 1581 4208 γενητῆς
1617 4139 1710 4190 καὶ

129 4238 363 4308 κτιστῆς
384 4235 598 4306 φύσεως
653 4231 838 4306 χώραν
867 4233 1000 4303 ἔχει,
1034 4231 1127 4286 ἐπὶ
1153 4231 1210 4284 δὲ
1236 4229 1370 4284 Θεοῦ
1404 4230 1503 4282 οὐκ
1534 4229 1710 4300 ἐρῥω-

128 4348 227 4386 ται
258 4329 374 4400 (καὶ
400 4329 507 4399 γὰρ
540 4328 713 4382 πολλὰ
740 4327 861 4398 μὲν,
900 4327 995 4378 καὶ
1027 4325 1075 4376 εἰ
1116 4322 1222 4394 χρὴ
1249 4321 1479 4391 τάληθὲς
1515 4321 1710 4384 εἰπεῖν,

129 4422 458 4492 dustpatp'
495 4421 656 4490 ήμῶν
681 4419 868 4490 χώραν
899 4419 1034 4488 ἔχει,
1068 4410 1160 4468 Eni.
1181 4415 1237 4470 δὲ
1266 4413 1403 4468 Θεοῦ
1433 4412 1714 4474 παντελῶς

128 4511 392 4582 endem
418 4515 579 4581 ἐστι),
603 4511 762 4565 τοῦτο
787 4507 880 4564 οῦν
903 4511 976 4565 ὡς
1006 4507 1204 4578 ἀληθὲς
1230 4507 1321 4560 ἐπὶ
1353 4503 1488 4558 Θεοῦ
1512 4502 1715 4568 λαϐὼν,

128 4596 242 4656 ὧδέ
271 4620 388 4672 πως
424 4600 676 4669 συνάγεις
700 4617 715 4630 ο
766 4600 830 4653 Εἰ
856 4600 1085 4660 ἕκαστος
1137 4599 1415 4666 γεννήτωρ
1449 4594 1718 4666 πρότερός

1818 3128 2137 3184 conﬁtebor.
2176 3130 2318 3196 Quin
2351 3129 2483 3183 adeo
2530 3128 2816 3195 refutabo;
2868 3142 2920 3184 et
2954 3130 3302 3197 quandonam
3335 3130 3386 3184 id

1818 3220 2057 3284 eveniat,
2099 3235 2389 3288 exponam.
2443 3220 2521 3273 Tu
2566 3235 2694 3274 vero
2742 3221 2793 3275 id
2853 3221 3012 3289 quasi
3059 3237 3385 3277 concessum

1819 3325 2063 3374 sumens,
2090 3311 2293 3365 videris
2316 3326 2416 3366 nos
2437 3312 2809 3380 supplantare,
2836 3311 2952 3366 sive
3001 3311 3146 3379 quod
3183 3320 3391 3379 spectat

1821 3404 1888 3458 ad
1952 3402 2540 3459 consubstantialitatis
2600 3404 2886 3463 rationem.
2956 3403 3069 3456 sive
3124 3403 3269 3472 quod
3321 3405 3389 3457 ad

1821 3483 2177 3565 gignentis‘et
2211 3494 2387 3565 geniti
2419 3494 2767 3549 relationem.
2826 3493 2997 3561 Cujus
3037 3492 3115 3545 rei
3163 3492 3386 3546 modum

1815 3587 1928 3655 jam
1959 3588 2161 3642 dicam.
2208 3585 2379 3640 Nobis
2437 3586 2584 3639 enim
2633 3585 3022 3640 conﬁtentibus
3071 3579 3285 3637 Patrem
3329 3599 3392 3638 ac

1818 3680 2016 3734 Filium
2045 3695 2207 3734 unam
2225 3678 2386 3736 simul
2406 3679 2604 3732 habere
2615 3678 2972 3746 eamdemque
2990 3678 3352 3734 substantiam
3376 3695 3390 3742 ;

1819 3783 1874 3827 et
1917 3774 2067 3826 illum
2122 3771 2340 3841 quidem
2395 3781 2454 3823 ut
2499 3771 2830 3840 gignentem,
2893 3770 3107 3824 Patrem
3160 3769 3383 3834 vocari;

1821 3867 1967 3920 hunc.
1997 3873 2178 3918 autem
2213 3871 2401 3932 utpote
2430 3864 2696 3932 genitum,
2727 3861 2925 3916 Filium
2948 3877 2961 3925 ;
2983 3869 3058 3915 ‘tu
3099 3860 3169 3915 ab
3193 3861 3388 3913 huma-

1821 3958 1908 4012 nis
1940 3957 2102 4010 rebus
2133 3955 2347 4010 axioma
2376 3954 2682 4024 Sumpsisti,
2731 3952 2876 4024 quod
2923 3952 3018 4016 ait,
3046 3967 3263 4006 omnem
3297 3965 3389 4021 ge-

1823 4049 2057 4103 nitorem
2084 4048 2327 4118 priorem
2362 4061 2487 4103 esse
2520 4046 2743 4116 proprio
2779 4043 3085 4116 genimine;
3116 4043 3278 4112 idque
3323 4042 3392 4096 ad

1821 4141 2061 4196 divinam
2090 4151 2340 4194 naturam
2368 4138 2508 4193 male
2536 4135 2898 4201 transtulisti;
2933 4136 3077 4206 quod
3118 4139 3172 4188 in
3197 4143 3390 4188 natura

1820 4233 2004 4303 petius
2035 4232 2216 4309 genita
2259 4240 2554 4300 creataque
2602 4231 2873 4299 usuvenit.
2937 4229 2989 4282 in
3042 4227 3172 4292 Deo,
3204 4235 3385 4280 autem

1821 4342 1930 4380 non
1961 4309 2120 4379 valet.
2158 4322 2291 4378 Nam
2320 4330 2375 4377 et
2418 4321 2619 4392 alioqui
2676 4321 2841 4375 multa
2874 4320 3114 4389 quidem,
3153 4319 3281 4381 imo,
3327 4329 3388 4371 ut

1820 4430 1948 4469 vere
1975 4413 2173 4478 dicam,
2209 4413 2496 4468 innumera
2534 4411 2674 4482 apud
2718 4426 2817 4465 nos
2860 4409 3209 4468 usuveniunt;
3254 4422 3390 4476 qua:

1821 4521 1850 4560 a
1879 4505 1991 4561 Deo
2018 4519 2242 4576 prorsus
2274 4513 2401 4559 sunt
2448 4503 2647 4558 aliena.
2686 4501 2765 4556 Tu
2806 4516 2953 4564 vero,
2992 4500 3096 4553 hoc
3129 4509 3387 4567 tauquam

1817 4613 2010 4654 verum
2034 4599 2099 4653 de
2128 4596 2237 4652 Deo
2260 4610 2500 4662 sumens,
2535 4596 2616 4649 sic
2639 4593 2753 4649 fere
2780 4593 3062 4647 concludis
3090 4608 3102 4642 :
3131 4590 3183 4642 Si
3209 4590 3390 4642 omnis

132 4697 257 4748 ἐστι
279 4693 373 4748 τοῦ
403 4693 607 4746 οἰκείου
639 4693 998 4762 γεννήματος,
1023 4690 1122 4742 οὐκ
1166 4689 1361 4740 ἔσταιὸ
1396 4687 1526 4757 παρ’
1560 4685 1712 4757 ήμῶν

1820 4690 2035 4760 genitor
2066 4688 2215 4758 prior
2254 4695 2338 4742 est
2365 4686 2586 4766 proprio
2641 4684 2936 4753 genimine,
2970 4683 3082 4749 jam
3120 4694 3226 4732 non
3286 4679 3392 4731 erit

133 4787 534 4857 πιστευόμενος
564 4785 694 4848 Υἱὸς
733 4783 812 4856 τῷ
852 4783 1026 4853 Πατρὶ
1072 4779 1339 4842 συναῖδιός
1367 4795 1428 4830 τε
1457 4780 1551 4833 καὶ
1579 4780 1712 4849 ὁμο-

135 4881 336 4941 ούσιος
365 4896 378 4907 ο
405 4879 454 4931 εἰ
502 4877 544 4931 δ’
593 4873 659 4931 αὖ
696 4875 856 4932 πάλιν
900 4872 1169 4934 συναϊδιος
1205 4873 1233 4924 ὁ
1260 4871 1386 4932 Υίὸς
1414 4870 1491 4941 τῷ
1516 4869 1712 4940 Πατρί,

131 4969 342 5042 ἀληθὲς
370 4969 427 5023 δὲ
479 4969 540 5022 τὸ
560 4969 738 5038 λέγον,
775 4986 794 5019 ι
827 4967 1096 5028 Ἕκαστος
1123 4963 1406 5032 γεννήτωρ
1450 4960 1714 5031 πρότερός

45 5064 49 5069 ’
133 5066 256 5117 ἐστι
311 5061 404 5114 τοῦ
432 5063 633 5115 οἰκείου
681 5060 1020 5130 γεννήματος
1040 5058 1065 5121 ,⁴
1094 5075 1113 5108 ι
1146 5053 1622 5122 καταναγκάζεται
1678 5054 1713 5122 ή

136 5155 326 5226 σχέσις
357 5153 418 5217 ἐξ
450 5152 700 5223 ἀλλήλων
727 5147 1174 5219 διακεχωρίσθαι.

212 5243 283 5315 Υ.
317 5245 488 5298 Οὐδὲν
515 5243 683 5308 ξένον,
704 5236 749 5296 ὧ
786 5241 1049 5312 βέλτιστε,
1081 5238 1197 5301 ἑνὸς
1222 5238 1421 5291 ἀτόπου
1453 5235 1716 5299 δοθέντος,

142 5336 319 5408 μυρία
340 5333 566 5406 ἕψεσθαι
601 5349 615 5364 ⁸
652 5332 880 5400 καὶγὰρ
909 5331 961 5382 εἰ
998 5346 1082 5392 τις
1119 5329 1210 5383 τὸν
1244 5328 1529 5395 ἄνθρωπον
1571 5325 1717 5378 λίθον

141 5432 422 5498 ἀξιώσειε,
451 5428 665 5491 πολλοῖς
700 5424 940 5488 ἀτόποις,
978 5422 1176 5493 μᾶλλον
1210 5421 1264 5472 δὲ
1310 5418 1558 5488 ἀπείροις
1613 5416 1715 5470 αὐ·-

143 5524 234 5575 τὸν
265 5511 591 5586 ἐπισυνάψει
623 5534 636 5547 ·
673 5515 916 5571 τοιοῦτόν
944 5531 998 5567 τι
1020 5513 1218 5574 καύτὸς
1261 5510 1569 5581 λημμάτιον
1621 5510 1717 5562 λα-

111 5682 118 5689 ,
146 5616 257 5671 ϐὼν
285 5615 380 5671 ἐπὶ
403 5612 542 5668 Θεοῦ
559 5614 619 5666 τὸ
637 5611 816 5680 λέγον,
840 5611 922 5665 ὅτι
947 5628 967 5662 ι
997 5610 1265 5670 Ἕκαστος
1283 5606 1560 5676 γεννήτωρ
1587 5604 1721 5676 πρό-

399 5779 402 5781 ,
432 5708 688 5772 Ρλτιιοι.
761 5706 875 5766 Gn.
911 5704 1036 5765 CV.

1819 4781 1966 4850 quia
2000 4779 2156 4832 nobis
2179 4778 2419 4831 creditur
2458 4775 2628 4830 Filius
2653 4774 2796 4828 Patri
2832 4780 3136 4826 coaeternus
3175 4778 3229 4824 et
3259 4784 3391 4823 con-

1824 4868 2226 4926 substantialis.
2266 4866 2361 4921 Sin
2415 4868 2532 4921 vice
2563 4880 2720 4920 versa
2743 4876 3047 4918 coaeternus
3080 4871 3162 4916 est
3221 4859 3392 4914 Filius

1821 4959 2002 5026 Patri;
2066 4973 2229 5013 verax
2270 4967 2450 5012 autem
2501 4955 2720 5010 eﬂatum
2766 4961 2894 5007 est:
2933 4950 3139 5006 Omnis'
3181 4950 3394 5019 genitor

1821 5053 1970 5121 prior
1999 5060 2084 5105 est
2113 5049 2335 5120 proprio
2362 5047 2633 5118 genimine
2657 5049 2683 5110 ;‘
2711 5043 3026 5100 necessario
3083 5052 3271 5096 mutua
3301 5054 3388 5094 re-

1823 5144 1956 5197 latio
1977 5157 2042 5195 ex
2077 5122 2310 5209 utroque
2340 5137 2661 5208 sejungitur.

1827 5279 1829 5281 .
1894 5236 1949 5288 3.
1991 5231 2103 5288 Nec
2152 5233 2352 5287 mirum
2400 5238 2505 5292 est,
2543 5243 2575 5281 ο
2607 5227 2834 5296 optime,
2876 5226 2927 5282 si
2987 5239 3094 5280 uno
3148 5219 3386 5275 absurdo

1821 5341 2108 5392 concesso,
2142 5333 2400 5380 sexcenta
2441 5319 2758 5390 huiusmodi
2791 5324 3216 5384 consequantur.
3249 5311 3384 5364 Nam

1819 5422 1864 5478 si
1898 5420 2022 5490 quis
2052 5418 2330 5472 hominem
2375 5413 2694 5469 existimare
2735 5411 2863 5466 velit
2906 5402 3387 5475 lapidem,.multis

1824 5513 1970 5568 hunc
1997 5508 2278 5570 absurdis;
2309 5507 2417 5560 imo
2467 5504 2717 5572 inﬁnitis,
2748 5499 3043 5571 cepulabi-t.
3097 5493 3219 5547 Pari
3275 5491 3387 5546 fere
3486 5503 3491 5507 '

1827 5589 2069 5661 modotu
2119 5612 2337 5671 quoque.
2382 5595 2770 5652 dictiunculam
2833 5583 2984 5738 mg;
3022 5585 3091 5642 de
3119 5584 3226 5640 Deo
3254 5597 3385 5652 pro—
3495 5663 3501 5670 θ
