  <div class='ocr_page' id='page_1' title='image "/cluster/home/n/w/nwhite01/storage/ocr_20150623/105/pst.000005714155/486.png"; bbox 0 0 3926 6308; ppageno 0'>
   <div class='ocr_carea' id='block_1_1' title="bbox 120 517 231 577">
    <p class='ocr_par' dir='ltr' id='par_1_1' title="bbox 120 517 231 577">
     <span class='ocr_line' id='line_1_1' title="bbox 120 517 231 577; baseline -0.009 0"><span class='ocrx_word' id='word_1_1' title='bbox 120 517 231 577; x_wconf 68' lang='lat'><strong>813</strong></span> 
     </span>
    </p>
   </div>
   <div class='ocr_carea' id='block_1_2' title="bbox 1276 498 2231 579">
    <p class='ocr_par' dir='ltr' id='par_1_2' title="bbox 1276 498 2231 579">
     <span class='ocr_line' id='line_1_2' title="bbox 1276 498 2231 579; baseline 0.004 -5"><span class='ocrx_word' id='word_1_2' title='bbox 1276 514 1702 576; x_wconf 79' lang='lat' dir='ltr'><strong>REFUTATIO</strong></span> <span class='ocrx_word' id='word_1_3' title='bbox 1764 498 2231 579; x_wconf 78' lang='lat' dir='ltr'><strong>MOHAMEDIS.</strong></span> 
     </span>
    </p>
   </div>
   <div class='ocr_carea' id='block_1_3' title="bbox 3256 530 3360 594">
    <p class='ocr_par' dir='ltr' id='par_1_3' title="bbox 3256 530 3360 594">
     <span class='ocr_line' id='line_1_3' title="bbox 3256 530 3360 594; baseline -0.01 0"><span class='ocrx_word' id='word_1_4' title='bbox 3256 530 3360 594; x_wconf 74' lang='grc' dir='ltr'><strong>ειι</strong></span> 
     </span>
    </p>
   </div>
   <div class='ocr_carea' id='block_1_4' title="bbox 118 626 1680 712">
    <p class='ocr_par' dir='ltr' id='par_1_4' title="bbox 118 626 1680 698">
     <span class='ocr_line' id='line_1_4' title="bbox 118 626 1680 698; baseline -0.001 -18"><span class='ocrx_word' id='word_1_5' title='bbox 118 632 169 681; x_wconf 71' lang='grc' dir='ltr'>εἰ</span> <span class='ocrx_word' id='word_1_6' title='bbox 232 627 350 697; x_wconf 71' lang='grc' dir='ltr'>γὰρ</span> <span class='ocrx_word' id='word_1_7' title='bbox 390 627 465 697; x_wconf 81' lang='grc' dir='ltr'><strong>μὴ</strong></span> <span class='ocrx_word' id='word_1_8' title='bbox 510 628 672 681; x_wconf 79' lang='grc' dir='ltr'>ἕνεκά</span> <span class='ocrx_word' id='word_1_9' title='bbox 731 643 894 691; x_wconf 79' lang='grc' dir='ltr'>τινος,</span> <span class='ocrx_word' id='word_1_10' title='bbox 948 626 1123 697; x_wconf 74' lang='grc' dir='ltr'>μάτην</span> <span class='ocrx_word' id='word_1_11' title='bbox 1161 640 1171 652; x_wconf 90' lang='grc'><strong>·</strong></span> <span class='ocrx_word' id='word_1_12' title='bbox 1223 630 1399 698; x_wconf 82' lang='grc' dir='ltr'><strong>μάτην</strong></span> <span class='ocrx_word' id='word_1_13' title='bbox 1429 628 1485 681; x_wconf 80' lang='grc' dir='ltr'><strong>δὲ</strong></span> <span class='ocrx_word' id='word_1_14' title='bbox 1517 628 1680 683; x_wconf 65' lang='grc' dir='ltr'>οὗτοι</span> 
     </span>
    </p>
   </div>
   <div class='ocr_carea' id='block_1_5' title="bbox 1784 626 3366 712">
    <p class='ocr_par' dir='ltr' id='par_1_5' title="bbox 1805 629 3366 712">
     <span class='ocr_line' id='line_1_5' title="bbox 1805 629 3366 712; baseline 0.013 -30"><span class='ocrx_word' id='word_1_15' title='bbox 1805 629 2179 685; x_wconf 82' lang='lat' dir='ltr'><strong>manifestum.</strong></span> <span class='ocrx_word' id='word_1_16' title='bbox 2213 631 2453 687; x_wconf 86' lang='lat' dir='ltr'><strong>Potentia</strong></span> <span class='ocrx_word' id='word_1_17' title='bbox 2491 636 2666 690; x_wconf 86' lang='lat' dir='ltr'><strong>omnis</strong></span> <span class='ocrx_word' id='word_1_18' title='bbox 2724 648 2942 707; x_wconf 79' lang='lat' dir='ltr'><strong>propter</strong></span> <span class='ocrx_word' id='word_1_19' title='bbox 2982 641 3181 712; x_wconf 90' lang='lat' dir='ltr'><strong>aliquid</strong></span> <span class='ocrx_word' id='word_1_20' title='bbox 3234 657 3318 701; x_wconf 90' lang='lat' dir='ltr'><strong>est</strong></span> <span class='ocrx_word' id='word_1_21' title='bbox 3350 663 3366 700; x_wconf 89' lang='lat'><strong>:</strong></span> 
     </span>
    </p>
   </div>
   <div class='ocr_carea' id='block_1_6' title="bbox 118 717 1699 789">
    <p class='ocr_par' dir='ltr' id='par_1_6' title="bbox 118 717 1699 789">
     <span class='ocr_line' id='line_1_6' title="bbox 118 717 1699 789; baseline 0.003 -20"><span class='ocrx_word' id='word_1_22' title='bbox 118 717 256 781; x_wconf 76' lang='grc' dir='ltr'>Θεὸς</span> <span class='ocrx_word' id='word_1_23' title='bbox 294 722 461 783; x_wconf 82' lang='grc' dir='ltr'>ποιεῖ,</span> <span class='ocrx_word' id='word_1_24' title='bbox 488 719 607 772; x_wconf 69' lang='grc' dir='ltr'>οὔτε</span> <span class='ocrx_word' id='word_1_25' title='bbox 634 722 671 789; x_wconf 70' lang='grc' dir='ltr'><strong>’ἠ</strong></span> <span class='ocrx_word' id='word_1_26' title='bbox 692 718 850 787; x_wconf 82' lang='grc' dir='ltr'>φύσις</span> <span class='ocrx_word' id='word_1_27' title='bbox 887 735 902 749; x_wconf 85' lang='lat'><strong>&#39;</strong></span> <span class='ocrx_word' id='word_1_28' title='bbox 939 718 1093 783; x_wconf 83' lang='grc' dir='ltr'>δῆλον</span> <span class='ocrx_word' id='word_1_29' title='bbox 1148 721 1227 773; x_wconf 84' lang='grc' dir='ltr'>ὅτι</span> <span class='ocrx_word' id='word_1_30' title='bbox 1265 721 1426 774; x_wconf 78' lang='grc' dir='ltr'>ἕνεκα</span> <span class='ocrx_word' id='word_1_31' title='bbox 1458 736 1471 751; x_wconf 83' lang='lat'><strong><em>°</em></strong></span> <span class='ocrx_word' id='word_1_32' title='bbox 1508 724 1557 773; x_wconf 76' lang='grc' dir='ltr'>εξ</span> <span class='ocrx_word' id='word_1_33' title='bbox 1608 717 1699 775; x_wconf 81' lang='grc' dir='ltr'><strong>οὖν</strong></span> 
     </span>
    </p>
   </div>
   <div class='ocr_carea' id='block_1_7' title="bbox 119 809 1695 881">
    <p class='ocr_par' dir='ltr' id='par_1_7' title="bbox 119 809 1695 881">
     <span class='ocr_line' id='line_1_7' title="bbox 119 809 1695 881; baseline 0.002 -19"><span class='ocrx_word' id='word_1_34' title='bbox 119 811 151 879; x_wconf 76' lang='grc' dir='ltr'>ἡ</span> <span class='ocrx_word' id='word_1_35' title='bbox 191 810 435 881; x_wconf 80' lang='grc' dir='ltr'>δύναμις</span> <span class='ocrx_word' id='word_1_36' title='bbox 471 811 633 864; x_wconf 81' lang='grc' dir='ltr'>ἓνεκά</span> <span class='ocrx_word' id='word_1_37' title='bbox 662 827 827 875; x_wconf 88' lang='grc' dir='ltr'>τινος,</span> <span class='ocrx_word' id='word_1_38' title='bbox 850 809 1009 880; x_wconf 85' lang='grc' dir='ltr'>δῆλον</span> <span class='ocrx_word' id='word_1_39' title='bbox 1047 811 1127 865; x_wconf 76' lang='grc' dir='ltr'><strong>ὅτι</strong></span> <span class='ocrx_word' id='word_1_40' title='bbox 1159 812 1253 864; x_wconf 75' lang='grc' dir='ltr'><strong>καὶ</strong></span> <span class='ocrx_word' id='word_1_41' title='bbox 1293 812 1356 864; x_wconf 83' lang='grc' dir='ltr'><strong>τὸ</strong></span> <span class='ocrx_word' id='word_1_42' title='bbox 1380 812 1640 865; x_wconf 83' lang='grc' dir='ltr'>δύνασθαι</span> <span class='ocrx_word' id='word_1_43' title='bbox 1683 830 1695 844; x_wconf 88' lang='grc'><strong>·</strong></span> 
     </span>
    </p>
   </div>
   <div class='ocr_carea' id='block_1_8' title="bbox 116 901 1698 976">
    <p class='ocr_par' dir='ltr' id='par_1_8' title="bbox 116 901 1698 976">
     <span class='ocr_line' id='line_1_8' title="bbox 116 901 1698 976; baseline 0.004 -26"><span class='ocrx_word' id='word_1_44' title='bbox 116 901 229 951; x_wconf 78' lang='grc' dir='ltr'><strong>πᾶν</strong></span> <span class='ocrx_word' id='word_1_45' title='bbox 269 901 331 954; x_wconf 78' lang='grc' dir='ltr'>δὲ</span> <span class='ocrx_word' id='word_1_46' title='bbox 362 902 421 953; x_wconf 82' lang='grc' dir='ltr'>τὸ</span> <span class='ocrx_word' id='word_1_47' title='bbox 447 901 703 955; x_wconf 80' lang='grc' dir='ltr'>δύνασθαί</span> <span class='ocrx_word' id='word_1_48' title='bbox 728 917 780 953; x_wconf 85' lang='grc' dir='ltr'><strong>τι</strong></span> <span class='ocrx_word' id='word_1_49' title='bbox 808 905 1003 968; x_wconf 82' lang='grc' dir='ltr'><strong>ποιεῖν,</strong></span> <span class='ocrx_word' id='word_1_50' title='bbox 1038 904 1131 955; x_wconf 74' lang='grc' dir='ltr'>καὶ</span> <span class='ocrx_word' id='word_1_51' title='bbox 1170 904 1402 972; x_wconf 86' lang='grc' dir='ltr'>ποιήσει.</span> <span class='ocrx_word' id='word_1_52' title='bbox 1437 906 1487 956; x_wconf 74' lang='grc' dir='ltr'><strong>εἰ</strong></span> <span class='ocrx_word' id='word_1_53' title='bbox 1530 906 1603 976; x_wconf 85' lang='grc' dir='ltr'>μή</span> <span class='ocrx_word' id='word_1_54' title='bbox 1646 924 1698 957; x_wconf 84' lang='grc' dir='ltr'>τι</span> 
     </span>
    </p>
   </div>
   <div class='ocr_carea' id='block_1_9' title="bbox 114 982 1699 1065">
    <p class='ocr_par' dir='ltr' id='par_1_9' title="bbox 114 982 1699 1065">
     <span class='ocr_line' id='line_1_9' title="bbox 114 982 1699 1065; baseline 0.004 -23"><span class='ocrx_word' id='word_1_55' title='bbox 114 990 175 1043; x_wconf 78' lang='grc' dir='ltr'>τὸ</span> <span class='ocrx_word' id='word_1_56' title='bbox 208 993 623 1062; x_wconf 55' lang='grc' dir='ltr'>παρεμποδπον</span> <span class='ocrx_word' id='word_1_57' title='bbox 659 1008 673 1022; x_wconf 76' lang='grc' dir='ltr'><strong><em>ο</em></strong></span> <span class='ocrx_word' id='word_1_58' title='bbox 702 994 751 1045; x_wconf 77' lang='grc' dir='ltr'><strong>εἰ</strong></span> <span class='ocrx_word' id='word_1_59' title='bbox 788 982 961 1047; x_wconf 81' lang='grc' dir='ltr'>οῦνὲν</span> <span class='ocrx_word' id='word_1_60' title='bbox 990 996 1119 1065; x_wconf 78' lang='grc' dir='ltr'>ἡμῖν</span> <span class='ocrx_word' id='word_1_61' title='bbox 1149 994 1297 1047; x_wconf 79' lang='grc' dir='ltr'>ἔστιν</span> <span class='ocrx_word' id='word_1_62' title='bbox 1317 995 1551 1064; x_wconf 78' lang='grc' dir='ltr'>ἔμφυτος</span> <span class='ocrx_word' id='word_1_63' title='bbox 1608 997 1699 1049; x_wconf 83' lang='grc' dir='ltr'><strong>δύ-</strong></span> 
     </span>
    </p>
   </div>
   <div class='ocr_carea' id='block_1_10' title="bbox 111 1085 1694 1160">
    <p class='ocr_par' dir='ltr' id='par_1_10' title="bbox 111 1085 1694 1160">
     <span class='ocr_line' id='line_1_10' title="bbox 111 1085 1694 1160; baseline 0.004 -25"><span class='ocrx_word' id='word_1_64' title='bbox 111 1100 286 1152; x_wconf 75' lang='grc' dir='ltr'>ναμις</span> <span class='ocrx_word' id='word_1_65' title='bbox 312 1085 375 1136; x_wconf 86' lang='grc' dir='ltr'><strong>τὸ</strong></span> <span class='ocrx_word' id='word_1_66' title='bbox 393 1089 747 1149; x_wconf 67' lang='grc' dir='ltr'>τεκνοποιεῖ-ι,</span> <span class='ocrx_word' id='word_1_67' title='bbox 781 1086 1137 1157; x_wconf 75' lang='grc' dir='ltr'>κεκωλύμεθα</span> <span class='ocrx_word' id='word_1_68' title='bbox 1154 1088 1231 1151; x_wconf 81' lang='grc' dir='ltr'><strong>δὲ,</strong></span> <span class='ocrx_word' id='word_1_69' title='bbox 1258 1087 1412 1159; x_wconf 80' lang='grc' dir='ltr'>δῆλον</span> <span class='ocrx_word' id='word_1_70' title='bbox 1439 1090 1519 1141; x_wconf 80' lang='grc' dir='ltr'>ὅτι</span> <span class='ocrx_word' id='word_1_71' title='bbox 1552 1108 1694 1160; x_wconf 87' lang='grc' dir='ltr'>παρ-</span> 
     </span>
    </p>
   </div>
   <div class='ocr_carea' id='block_1_11' title="bbox 112 1175 1696 1249">
    <p class='ocr_par' dir='ltr' id='par_1_11' title="bbox 112 1175 1696 1249">
     <span class='ocr_line' id='line_1_11' title="bbox 112 1175 1696 1249; baseline 0.005 -24"><span class='ocrx_word' id='word_1_72' title='bbox 112 1175 508 1242; x_wconf 70' lang='grc' dir='ltr'>εμποδίζοντός</span> <span class='ocrx_word' id='word_1_73' title='bbox 541 1193 684 1239; x_wconf 89' lang='grc' dir='ltr'>τινος</span> <span class='ocrx_word' id='word_1_74' title='bbox 717 1193 730 1207; x_wconf 83' lang='lat'><strong><em>°</em></strong></span> <span class='ocrx_word' id='word_1_75' title='bbox 753 1179 809 1230; x_wconf 81' lang='grc' dir='ltr'><strong>ἐν</strong></span> <span class='ocrx_word' id='word_1_76' title='bbox 848 1177 902 1230; x_wconf 76' lang='grc' dir='ltr'><strong>δὲ</strong></span> <span class='ocrx_word' id='word_1_77' title='bbox 926 1179 1003 1248; x_wconf 80' lang='grc' dir='ltr'>τῷ</span> <span class='ocrx_word' id='word_1_78' title='bbox 1042 1178 1161 1249; x_wconf 83' lang='grc' dir='ltr'><strong>Θεῷ</strong></span> <span class='ocrx_word' id='word_1_79' title='bbox 1187 1179 1338 1233; x_wconf 74' lang='grc' dir='ltr'>οὐδὲν</span> <span class='ocrx_word' id='word_1_80' title='bbox 1389 1181 1696 1235; x_wconf 81' lang='grc' dir='ltr'>ἀντίσθενον</span> 
     </span>
    </p>
   </div>
   <div class='ocr_carea' id='block_1_12' title="bbox 112 1266 1693 1343">
    <p class='ocr_par' dir='ltr' id='par_1_12' title="bbox 112 1266 1693 1343">
     <span class='ocr_line' id='line_1_12' title="bbox 112 1266 1693 1343; baseline 0.001 -23"><span class='ocrx_word' id='word_1_81' title='bbox 112 1266 144 1333; x_wconf 82' lang='grc' dir='ltr'>ἦ</span> <span class='ocrx_word' id='word_1_82' title='bbox 200 1267 614 1336; x_wconf 74' lang='grc' dir='ltr'>παρεμποδίξον</span> <span class='ocrx_word' id='word_1_83' title='bbox 647 1284 660 1297; x_wconf 85' lang='grc'><em>’</em></span> <span class='ocrx_word' id='word_1_84' title='bbox 699 1270 930 1341; x_wconf 80' lang='grc' dir='ltr'>φανερὸν</span> <span class='ocrx_word' id='word_1_85' title='bbox 951 1271 1032 1323; x_wconf 69' lang='grc' dir='ltr'>ὅτι</span> <span class='ocrx_word' id='word_1_86' title='bbox 1064 1270 1159 1323; x_wconf 76' lang='grc' dir='ltr'>καὶ</span> <span class='ocrx_word' id='word_1_87' title='bbox 1198 1274 1229 1341; x_wconf 76' lang='grc' dir='ltr'>ἡ</span> <span class='ocrx_word' id='word_1_88' title='bbox 1260 1273 1511 1343; x_wconf 78' lang='grc' dir='ltr'>γέννησις</span> <span class='ocrx_word' id='word_1_89' title='bbox 1555 1273 1693 1342; x_wconf 86' lang='grc' dir='ltr'><strong>σύμ-</strong></span> 
     </span>
    </p>
   </div>
   <div class='ocr_carea' id='block_1_13' title="bbox 112 1358 1694 1435">
    <p class='ocr_par' dir='ltr' id='par_1_13' title="bbox 112 1358 1694 1435">
     <span class='ocr_line' id='line_1_13' title="bbox 112 1358 1694 1435; baseline 0.005 -27"><span class='ocrx_word' id='word_1_90' title='bbox 112 1374 288 1425; x_wconf 81' lang='grc' dir='ltr'>φυτος</span> <span class='ocrx_word' id='word_1_91' title='bbox 326 1376 341 1388; x_wconf 68' lang='grc' dir='ltr'>ι</span> <span class='ocrx_word' id='word_1_92' title='bbox 372 1358 502 1411; x_wconf 82' lang='grc' dir='ltr'><strong>εἰδὲ</strong></span> <span class='ocrx_word' id='word_1_93' title='bbox 535 1360 834 1430; x_wconf 85' lang='grc' dir='ltr'>σύμφυτος,</span> <span class='ocrx_word' id='word_1_94' title='bbox 871 1363 963 1415; x_wconf 80' lang='grc' dir='ltr'><strong>καὶ</strong></span> <span class='ocrx_word' id='word_1_95' title='bbox 1012 1364 1158 1433; x_wconf 75' lang='grc' dir='ltr'>ἆμαο</span> <span class='ocrx_word' id='word_1_96' title='bbox 1205 1366 1253 1417; x_wconf 72' lang='grc' dir='ltr'>εἰ</span> <span class='ocrx_word' id='word_1_97' title='bbox 1313 1363 1371 1417; x_wconf 81' lang='grc' dir='ltr'><strong>δὲ</strong></span> <span class='ocrx_word' id='word_1_98' title='bbox 1434 1364 1573 1435; x_wconf 79' lang='grc' dir='ltr'>ἅμα,</span> <span class='ocrx_word' id='word_1_99' title='bbox 1633 1366 1694 1417; x_wconf 85' lang='grc' dir='ltr'>οὐ</span> 
     </span>
    </p>
   </div>
   <div class='ocr_carea' id='block_1_14' title="bbox 112 1446 1695 1527">
    <p class='ocr_par' dir='ltr' id='par_1_14' title="bbox 112 1446 1695 1527">
     <span class='ocr_line' id='line_1_14' title="bbox 112 1446 1695 1527; baseline 0.008 -30"><span class='ocrx_word' id='word_1_100' title='bbox 112 1446 391 1518; x_wconf 81' lang='grc' dir='ltr'>πρότερον</span> <span class='ocrx_word' id='word_1_101' title='bbox 422 1452 513 1502; x_wconf 75' lang='grc' dir='ltr'><strong>καὶ</strong></span> <span class='ocrx_word' id='word_1_102' title='bbox 545 1450 768 1522; x_wconf 81' lang='grc' dir='ltr'>ὕστερον</span> <span class='ocrx_word' id='word_1_103' title='bbox 801 1469 812 1481; x_wconf 90' lang='grc'><strong>·</strong></span> <span class='ocrx_word' id='word_1_104' title='bbox 846 1453 987 1507; x_wconf 82' lang='grc' dir='ltr'>ὥστε</span> <span class='ocrx_word' id='word_1_105' title='bbox 1025 1454 1180 1525; x_wconf 80' lang='grc' dir='ltr'>δῆλον</span> <span class='ocrx_word' id='word_1_106' title='bbox 1214 1456 1295 1509; x_wconf 82' lang='grc' dir='ltr'>ὅτι</span> <span class='ocrx_word' id='word_1_107' title='bbox 1324 1456 1383 1509; x_wconf 86' lang='grc' dir='ltr'><strong>τὸ</strong></span> <span class='ocrx_word' id='word_1_108' title='bbox 1431 1458 1695 1527; x_wconf 82' lang='grc' dir='ltr'>πρότερον</span> 
     </span>
    </p>
   </div>
   <div class='ocr_carea' id='block_1_15' title="bbox 112 1536 1695 1618">
    <p class='ocr_par' dir='ltr' id='par_1_15' title="bbox 112 1536 1695 1618">
     <span class='ocr_line' id='line_1_15' title="bbox 112 1536 1695 1618; baseline 0.008 -31"><span class='ocrx_word' id='word_1_109' title='bbox 112 1536 206 1587; x_wconf 75' lang='grc' dir='ltr'><strong>καὶ</strong></span> <span class='ocrx_word' id='word_1_110' title='bbox 239 1536 469 1607; x_wconf 83' lang='grc' dir='ltr'>ῦστέρον</span> <span class='ocrx_word' id='word_1_111' title='bbox 508 1542 601 1593; x_wconf 76' lang='grc' dir='ltr'><strong>ἐπὶ</strong></span> <span class='ocrx_word' id='word_1_112' title='bbox 654 1543 789 1595; x_wconf 88' lang='grc' dir='ltr'>Θεοῦ</span> <span class='ocrx_word' id='word_1_113' title='bbox 848 1545 1033 1617; x_wconf 82' lang='grc' dir='ltr'>χώραν</span> <span class='ocrx_word' id='word_1_114' title='bbox 1087 1548 1186 1599; x_wconf 80' lang='grc' dir='ltr'><strong>οὐκ</strong></span> <span class='ocrx_word' id='word_1_115' title='bbox 1212 1547 1399 1618; x_wconf 44' lang='grc' dir='ltr'><strong>’ἔχειά</strong></span> <span class='ocrx_word' id='word_1_116' title='bbox 1426 1548 1695 1611; x_wconf 79' lang='grc' dir='ltr'><strong>Ἕκαστος</strong></span> 
     </span>
    </p>
   </div>
   <div class='ocr_carea' id='block_1_16' title="bbox 110 1630 1688 1714">
    <p class='ocr_par' dir='ltr' id='par_1_16' title="bbox 110 1630 1688 1714">
     <span class='ocr_line' id='line_1_16' title="bbox 110 1630 1688 1714; baseline 0.011 -34"><span class='ocrx_word' id='word_1_117' title='bbox 110 1630 399 1701; x_wconf 78' lang='grc' dir='ltr'>γεννήτωρ</span> <span class='ocrx_word' id='word_1_118' title='bbox 458 1635 722 1705; x_wconf 74' lang='grc' dir='ltr'>πρότερός</span> <span class='ocrx_word' id='word_1_119' title='bbox 783 1639 898 1690; x_wconf 79' lang='grc' dir='ltr'>ἐστι</span> <span class='ocrx_word' id='word_1_120' title='bbox 945 1639 1036 1692; x_wconf 81' lang='grc' dir='ltr'><strong>τοῦ</strong></span> <span class='ocrx_word' id='word_1_121' title='bbox 1057 1641 1260 1695; x_wconf 74' lang='grc' dir='ltr'>οἰκείου</span> <span class='ocrx_word' id='word_1_122' title='bbox 1294 1644 1688 1714; x_wconf 74' lang='grc' dir='ltr'>γεννήματος.»</span> 
     </span>
    </p>
   </div>
   <div class='ocr_carea' id='block_1_17' title="bbox 110 1721 1693 1808">
    <p class='ocr_par' dir='ltr' id='par_1_17' title="bbox 110 1721 1693 1808">
     <span class='ocr_line' id='line_1_17' title="bbox 110 1721 1693 1808; baseline 0.011 -36"><span class='ocrx_word' id='word_1_123' title='bbox 110 1721 290 1775; x_wconf 76' lang='grc' dir='ltr'>Πόθεν</span> <span class='ocrx_word' id='word_1_124' title='bbox 332 1724 431 1787; x_wconf 80' lang='grc' dir='ltr'><strong>τὰς</strong></span> <span class='ocrx_word' id='word_1_125' title='bbox 474 1727 669 1798; x_wconf 74' lang='grc' dir='ltr'>ἀρχὰς,</span> <span class='ocrx_word' id='word_1_126' title='bbox 711 1721 756 1781; x_wconf 80' lang='grc' dir='ltr'>ὦ</span> <span class='ocrx_word' id='word_1_127' title='bbox 808 1725 983 1795; x_wconf 74' lang='grc' dir='ltr'>οὗτος,</span> <span class='ocrx_word' id='word_1_128' title='bbox 1033 1732 1300 1805; x_wconf 71' lang='grc' dir='ltr'>εἴληφαςς</span> <span class='ocrx_word' id='word_1_129' title='bbox 1357 1738 1404 1789; x_wconf 82' lang='grc' dir='ltr'><strong>οἱ</strong></span> <span class='ocrx_word' id='word_1_130' title='bbox 1448 1738 1549 1805; x_wconf 85' lang='grc' dir='ltr'>μὲν</span> <span class='ocrx_word' id='word_1_131' title='bbox 1586 1737 1693 1808; x_wconf 80' lang='grc' dir='ltr'>γὰρ</span> 
     </span>
    </p>
   </div>
   <div class='ocr_carea' id='block_1_18' title="bbox 110 1814 1693 1898">
    <p class='ocr_par' dir='ltr' id='par_1_18' title="bbox 110 1814 1693 1898">
     <span class='ocr_line' id='line_1_18' title="bbox 110 1814 1693 1898; baseline 0.012 -34"><span class='ocrx_word' id='word_1_132' title='bbox 110 1814 283 1883; x_wconf 70' lang='grc' dir='ltr'>μηδὲν</span> <span class='ocrx_word' id='word_1_133' title='bbox 310 1819 486 1870; x_wconf 83' lang='grc' dir='ltr'>κοινὸν</span> <span class='ocrx_word' id='word_1_134' title='bbox 511 1818 603 1872; x_wconf 89' lang='grc' dir='ltr'><strong>τοῦ</strong></span> <span class='ocrx_word' id='word_1_135' title='bbox 634 1821 849 1875; x_wconf 76' lang='grc' dir='ltr'>κτίστου</span> <span class='ocrx_word' id='word_1_136' title='bbox 900 1826 994 1878; x_wconf 76' lang='grc' dir='ltr'><strong>καὶ</strong></span> <span class='ocrx_word' id='word_1_137' title='bbox 1030 1825 1140 1878; x_wconf 86' lang='grc' dir='ltr'>τῶν</span> <span class='ocrx_word' id='word_1_138' title='bbox 1186 1828 1501 1898; x_wconf 66' lang='grc' dir='ltr'>κτισμάτων</span> <span class='ocrx_word' id='word_1_139' title='bbox 1558 1829 1693 1882; x_wconf 81' lang='grc' dir='ltr'>ὑπο·</span> 
     </span>
    </p>
   </div>
   <div class='ocr_carea' id='block_1_19' title="bbox 105 1903 1692 2001">
    <p class='ocr_par' dir='ltr' id='par_1_19' title="bbox 105 1903 1692 2001">
     <span class='ocr_line' id='line_1_19' title="bbox 105 1903 1692 2001; baseline 0.013 -48"><span class='ocrx_word' id='word_1_140' title='bbox 105 1903 420 1973; x_wconf 76' lang='grc' dir='ltr'>τιθέμενοι,</span> <span class='ocrx_word' id='word_1_141' title='bbox 465 1909 691 1974; x_wconf 76' lang='grc' dir='ltr'>ἑαυτοὺς</span> <span class='ocrx_word' id='word_1_142' title='bbox 756 1914 1252 1984; x_wconf 74' lang='grc' dir='ltr'>παραλογίζονται,</span> <span class='ocrx_word' id='word_1_143' title='bbox 1334 1920 1543 2001; x_wconf 75' lang='grc' dir='ltr'>ταυτῶς</span> <span class='ocrx_word' id='word_1_144' title='bbox 1599 1922 1692 1973; x_wconf 78' lang='grc' dir='ltr'>ἐπὶ</span> 
     </span>
    </p>
   </div>
   <div class='ocr_carea' id='block_1_20' title="bbox 1806 722 3369 797">
    <p class='ocr_par' dir='ltr' id='par_1_20' title="bbox 1806 722 3369 797">
     <span class='ocr_line' id='line_1_20' title="bbox 1806 722 3369 797; baseline 0.012 -24"><span class='ocrx_word' id='word_1_145' title='bbox 1806 737 1928 775; x_wconf 86' lang='lat' dir='ltr'><strong>nam</strong></span> <span class='ocrx_word' id='word_1_146' title='bbox 1962 722 2005 775; x_wconf 92' lang='lat' dir='ltr'><strong>si</strong></span> <span class='ocrx_word' id='word_1_147' title='bbox 2042 730 2257 791; x_wconf 80' lang='lat' dir='ltr'><strong>propter</strong></span> <span class='ocrx_word' id='word_1_148' title='bbox 2304 725 2502 794; x_wconf 89' lang='lat' dir='ltr'><strong>aliquid</strong></span> <span class='ocrx_word' id='word_1_149' title='bbox 2543 745 2644 781; x_wconf 92' lang='lat' dir='ltr'><strong>non</strong></span> <span class='ocrx_word' id='word_1_150' title='bbox 2708 732 2797 795; x_wconf 87' lang='lat' dir='ltr'><strong>sit,</strong></span> <span class='ocrx_word' id='word_1_151' title='bbox 2858 747 2993 786; x_wconf 79' lang='lat' dir='ltr'><strong>vana</strong></span> <span class='ocrx_word' id='word_1_152' title='bbox 3056 745 3182 791; x_wconf 73' lang='lat' dir='ltr'><strong>est:</strong></span> <span class='ocrx_word' id='word_1_153' title='bbox 3232 737 3369 797; x_wconf 81' lang='lat' dir='ltr'><strong>nihil</strong></span> 
     </span>
    </p>
   </div>
   <div class='ocr_carea' id='block_1_21' title="bbox 1803 806 3403 899">
    <p class='ocr_par' dir='ltr' id='par_1_21' title="bbox 1803 806 3403 899">
     <span class='ocr_line' id='line_1_21' title="bbox 1803 806 3403 899; baseline 0.011 -35"><span class='ocrx_word' id='word_1_154' title='bbox 1803 828 1966 881; x_wconf 84' lang='lat' dir='ltr'><strong>porro</strong></span> <span class='ocrx_word' id='word_1_155' title='bbox 1997 806 2195 868; x_wconf 79' lang='lat' dir='ltr'><strong>vanum</strong></span> <span class='ocrx_word' id='word_1_156' title='bbox 2224 815 2371 870; x_wconf 81' lang='lat' dir='ltr'><strong>Deus</strong></span> <span class='ocrx_word' id='word_1_157' title='bbox 2412 818 2538 872; x_wconf 73' lang='lat' dir='ltr'><strong>facit</strong></span> <span class='ocrx_word' id='word_1_158' title='bbox 2601 808 2775 890; x_wconf 85' lang='lat' dir='ltr'><strong>neque</strong></span> <span class='ocrx_word' id='word_1_159' title='bbox 2828 834 3040 880; x_wconf 85' lang='lat' dir='ltr'><strong>natura.</strong></span> <span class='ocrx_word' id='word_1_160' title='bbox 3102 826 3196 881; x_wconf 84' lang='lat' dir='ltr'><strong>Est</strong></span> <span class='ocrx_word' id='word_1_161' title='bbox 3236 844 3367 899; x_wconf 82' lang='lat' dir='ltr'><strong>ergo</strong></span> <span class='ocrx_word' id='word_1_162' title='bbox 3400 846 3403 847; x_wconf 68' lang='lat'><strong><em>&#39;</em></strong></span> 
     </span>
    </p>
   </div>
   <div class='ocr_carea' id='block_1_22' title="bbox 1801 905 3369 988">
    <p class='ocr_par' dir='ltr' id='par_1_22' title="bbox 1801 905 3369 988">
     <span class='ocr_line' id='line_1_22' title="bbox 1801 905 3369 988; baseline 0.013 -33"><span class='ocrx_word' id='word_1_163' title='bbox 1801 913 2025 974; x_wconf 77' lang='lat' dir='ltr'><strong>prepter</strong></span> <span class='ocrx_word' id='word_1_164' title='bbox 2074 905 2300 975; x_wconf 81' lang='lat' dir='ltr'><strong>aliquid.</strong></span> <span class='ocrx_word' id='word_1_165' title='bbox 2353 907 2408 961; x_wconf 88' lang='lat' dir='ltr'><strong>Si</strong></span> <span class='ocrx_word' id='word_1_166' title='bbox 2443 924 2571 978; x_wconf 83' lang='lat' dir='ltr'><strong>ergo</strong></span> <span class='ocrx_word' id='word_1_167' title='bbox 2626 915 2866 981; x_wconf 79' lang='lat' dir='ltr'><strong>potentia</strong></span> <span class='ocrx_word' id='word_1_168' title='bbox 2916 926 3134 987; x_wconf 87' lang='lat' dir='ltr'><strong>propter</strong></span> <span class='ocrx_word' id='word_1_169' title='bbox 3160 919 3369 988; x_wconf 86' lang='lat' dir='ltr'><strong>aliquid</strong></span> 
     </span>
    </p>
   </div>
   <div class='ocr_carea' id='block_1_23' title="bbox 1801 998 3369 1080">
    <p class='ocr_par' dir='ltr' id='par_1_23' title="bbox 1801 998 3369 1080">
     <span class='ocr_line' id='line_1_23' title="bbox 1801 998 3369 1080; baseline 0.011 -32"><span class='ocrx_word' id='word_1_170' title='bbox 1801 1005 1902 1058; x_wconf 84' lang='lat' dir='ltr'><strong>est,</strong></span> <span class='ocrx_word' id='word_1_171' title='bbox 1940 1005 2087 1064; x_wconf 90' lang='lat' dir='ltr'><strong>patet</strong></span> <span class='ocrx_word' id='word_1_172' title='bbox 2108 998 2251 1065; x_wconf 90' lang='lat' dir='ltr'><strong>quod</strong></span> <span class='ocrx_word' id='word_1_173' title='bbox 2279 1000 2440 1052; x_wconf 90' lang='lat' dir='ltr'><strong>etiam</strong></span> <span class='ocrx_word' id='word_1_174' title='bbox 2467 1016 2653 1069; x_wconf 87' lang='lat' dir='ltr'><strong>posse;</strong></span> <span class='ocrx_word' id='word_1_175' title='bbox 2688 1010 2845 1061; x_wconf 85' lang='lat' dir='ltr'><strong>onnie</strong></span> <span class='ocrx_word' id='word_1_176' title='bbox 2895 1019 3075 1062; x_wconf 86' lang='lat' dir='ltr'><strong>autem</strong></span> <span class='ocrx_word' id='word_1_177' title='bbox 3106 1014 3252 1080; x_wconf 88' lang='lat' dir='ltr'><strong>quod</strong></span> <span class='ocrx_word' id='word_1_178' title='bbox 3286 1012 3369 1066; x_wconf 79' lang='lat' dir='ltr'><strong>fa-</strong></span> 
     </span>
    </p>
   </div>
   <div class='ocr_carea' id='block_1_24' title="bbox 1799 1085 3362 1160">
    <p class='ocr_par' dir='ltr' id='par_1_24' title="bbox 1799 1085 3362 1160">
     <span class='ocr_line' id='line_1_24' title="bbox 1799 1085 3362 1160; baseline 0.01 -23"><span class='ocrx_word' id='word_1_179' title='bbox 1799 1101 1921 1138; x_wconf 84' lang='lat' dir='ltr'><strong>cere</strong></span> <span class='ocrx_word' id='word_1_180' title='bbox 1954 1085 2156 1156; x_wconf 84' lang='lat' dir='ltr'><strong>aliquid</strong></span> <span class='ocrx_word' id='word_1_181' title='bbox 2198 1096 2394 1156; x_wconf 89' lang='lat' dir='ltr'><strong>potest,</strong></span> <span class='ocrx_word' id='word_1_182' title='bbox 2444 1105 2501 1142; x_wconf 89' lang='lat' dir='ltr'><strong>re</strong></span> <span class='ocrx_word' id='word_1_183' title='bbox 2560 1106 2775 1160; x_wconf 90' lang='lat' dir='ltr'><strong>quoque</strong></span> <span class='ocrx_word' id='word_1_184' title='bbox 2828 1111 2953 1148; x_wconf 84' lang='lat' dir='ltr'><strong>vera</strong></span> <span class='ocrx_word' id='word_1_185' title='bbox 3013 1096 3192 1160; x_wconf 75' lang='lat' dir='ltr'><strong>faciet,</strong></span> <span class='ocrx_word' id='word_1_186' title='bbox 3257 1099 3362 1154; x_wconf 82' lang='lat' dir='ltr'><strong>nisi</strong></span> 
     </span>
    </p>
   </div>
   <div class='ocr_carea' id='block_1_25' title="bbox 1803 1177 3369 1257">
    <p class='ocr_par' dir='ltr' id='par_1_25' title="bbox 1803 1177 3369 1257">
     <span class='ocr_line' id='line_1_25' title="bbox 1803 1177 3369 1257; baseline 0.01 -30"><span class='ocrx_word' id='word_1_187' title='bbox 1803 1177 2008 1246; x_wconf 79' lang='lat' dir='ltr'><strong>aliquid</strong></span> <span class='ocrx_word' id='word_1_188' title='bbox 2032 1178 2322 1234; x_wconf 77' lang='lat' dir='ltr'><strong>obstiterit.</strong></span> <span class='ocrx_word' id='word_1_189' title='bbox 2354 1179 2407 1232; x_wconf 89' lang='lat' dir='ltr'><strong>Si</strong></span> <span class='ocrx_word' id='word_1_190' title='bbox 2439 1196 2565 1251; x_wconf 90' lang='lat' dir='ltr'><strong>ergo</strong></span> <span class='ocrx_word' id='word_1_191' title='bbox 2598 1182 2648 1235; x_wconf 91' lang='lat' dir='ltr'><strong>in</strong></span> <span class='ocrx_word' id='word_1_192' title='bbox 2679 1185 2833 1239; x_wconf 84' lang='lat' dir='ltr'><strong>nobis</strong></span> <span class='ocrx_word' id='word_1_193' title='bbox 2875 1195 2956 1240; x_wconf 84' lang='lat' dir='ltr'><strong>est</strong></span> <span class='ocrx_word' id='word_1_194' title='bbox 2986 1189 3146 1243; x_wconf 87' lang='lat' dir='ltr'><strong>insita</strong></span> <span class='ocrx_word' id='word_1_195' title='bbox 3180 1201 3369 1257; x_wconf 86' lang='lat' dir='ltr'><strong>poten-</strong></span> 
     </span>
    </p>
   </div>
   <div class='ocr_carea' id='block_1_26' title="bbox 1800 1269 3363 1343">
    <p class='ocr_par' dir='ltr' id='par_1_26' title="bbox 1800 1269 3363 1343">
     <span class='ocr_line' id='line_1_26' title="bbox 1800 1269 3363 1343; baseline 0.009 -21"><span class='ocrx_word' id='word_1_196' title='bbox 1800 1269 1868 1322; x_wconf 91' lang='lat' dir='ltr'><strong>tia</strong></span> <span class='ocrx_word' id='word_1_197' title='bbox 1904 1269 2105 1324; x_wconf 89' lang='lat' dir='ltr'><strong>liberos</strong></span> <span class='ocrx_word' id='word_1_198' title='bbox 2153 1272 2428 1341; x_wconf 82' lang='lat' dir='ltr'><strong>gignendi,</strong></span> <span class='ocrx_word' id='word_1_199' title='bbox 2494 1275 2849 1343; x_wconf 84' lang='lat' dir='ltr'><strong>prohibemur</strong></span> <span class='ocrx_word' id='word_1_200' title='bbox 2894 1288 3094 1341; x_wconf 87' lang='lat' dir='ltr'><strong>autem,</strong></span> <span class='ocrx_word' id='word_1_201' title='bbox 3152 1291 3363 1336; x_wconf 80' lang='lat' dir='ltr'><strong>constat</strong></span> 
     </span>
    </p>
   </div>
   <div class='ocr_carea' id='block_1_27' title="bbox 1798 1361 3365 1438">
    <p class='ocr_par' dir='ltr' id='par_1_27' title="bbox 1798 1361 3365 1438">
     <span class='ocr_line' id='line_1_27' title="bbox 1798 1361 3365 1438; baseline 0.013 -28"><span class='ocrx_word' id='word_1_202' title='bbox 1798 1361 1939 1429; x_wconf 89' lang='lat' dir='ltr'><strong>quod</strong></span> <span class='ocrx_word' id='word_1_203' title='bbox 1973 1362 2179 1433; x_wconf 88' lang='lat' dir='ltr'><strong>aliquid</strong></span> <span class='ocrx_word' id='word_1_204' title='bbox 2218 1366 2625 1435; x_wconf 88' lang='lat' dir='ltr'><strong>nos&#39;impediat.</strong></span> <span class='ocrx_word' id='word_1_205' title='bbox 2663 1368 2824 1438; x_wconf 82' lang='lat' dir='ltr'><strong>Atqui</strong></span> <span class='ocrx_word' id='word_1_206' title='bbox 2856 1369 2964 1425; x_wconf 87' lang='lat' dir='ltr'><strong>Deo</strong></span> <span class='ocrx_word' id='word_1_207' title='bbox 2992 1373 3124 1426; x_wconf 85' lang='lat' dir='ltr'><strong>nihil</strong></span> <span class='ocrx_word' id='word_1_208' title='bbox 3159 1375 3365 1430; x_wconf 83' lang='lat' dir='ltr'><strong>resistit</strong></span> 
     </span>
    </p>
   </div>
   <div class='ocr_carea' id='block_1_28' title="bbox 1799 1455 3364 1535">
    <p class='ocr_par' dir='ltr' id='par_1_28' title="bbox 1799 1455 3364 1535">
     <span class='ocr_line' id='line_1_28' title="bbox 1799 1455 3364 1535; baseline 0.01 -30"><span class='ocrx_word' id='word_1_209' title='bbox 1799 1464 1891 1507; x_wconf 90' lang='lat' dir='ltr'><strong>aut</strong></span> <span class='ocrx_word' id='word_1_210' title='bbox 1921 1455 2101 1510; x_wconf 85' lang='lat' dir='ltr'><strong>obstat</strong></span> <span class='ocrx_word' id='word_1_211' title='bbox 2143 1476 2155 1510; x_wconf 89' lang='lat'><strong>:</strong></span> <span class='ocrx_word' id='word_1_212' title='bbox 2196 1468 2412 1513; x_wconf 86' lang='lat' dir='ltr'><strong>constat</strong></span> <span class='ocrx_word' id='word_1_213' title='bbox 2457 1474 2585 1528; x_wconf 85' lang='lat' dir='ltr'><strong>ergo</strong></span> <span class='ocrx_word' id='word_1_214' title='bbox 2614 1462 3019 1529; x_wconf 80' lang='lat' dir='ltr'><strong>generationem</strong></span> <span class='ocrx_word' id='word_1_215' title='bbox 3071 1481 3284 1535; x_wconf 83' lang='lat' dir='ltr'><strong>quoque</strong></span> <span class='ocrx_word' id='word_1_216' title='bbox 3313 1468 3364 1521; x_wconf 90' lang='lat' dir='ltr'><strong>ei</strong></span> 
     </span>
    </p>
   </div>
   <div class='ocr_carea' id='block_1_29' title="bbox 1797 1551 3364 1621">
    <p class='ocr_par' dir='ltr' id='par_1_29' title="bbox 1797 1551 3364 1621">
     <span class='ocr_line' id='line_1_29' title="bbox 1797 1551 3364 1621; baseline 0.007 -22"><span class='ocrx_word' id='word_1_217' title='bbox 1797 1560 1919 1599; x_wconf 87' lang='lat' dir='ltr'><strong>esse</strong></span> <span class='ocrx_word' id='word_1_218' title='bbox 1966 1551 2382 1604; x_wconf 77' lang='lat' dir='ltr'><strong>connaturalem</strong></span> <span class='ocrx_word' id='word_1_219' title='bbox 2431 1552 2613 1621; x_wconf 86' lang='lat' dir='ltr'><strong>:quod</strong></span> <span class='ocrx_word' id='word_1_220' title='bbox 2663 1551 2706 1606; x_wconf 89' lang='lat' dir='ltr'><strong>si</strong></span> <span class='ocrx_word' id='word_1_221' title='bbox 2746 1554 3141 1618; x_wconf 88' lang='lat' dir='ltr'><strong>connaturalis,</strong></span> <span class='ocrx_word' id='word_1_222' title='bbox 3174 1556 3364 1609; x_wconf 84' lang='lat' dir='ltr'><strong>simul-</strong></span> 
     </span>
    </p>
   </div>
   <div class='ocr_carea' id='block_1_30' title="bbox 1798 1642 3362 1714">
    <p class='ocr_par' dir='ltr' id='par_1_30' title="bbox 1798 1642 3362 1714">
     <span class='ocr_line' id='line_1_30' title="bbox 1798 1642 3362 1714; baseline 0.009 -26"><span class='ocrx_word' id='word_1_223' title='bbox 1798 1645 1956 1689; x_wconf 89' lang='lat' dir='ltr'><strong>tanea</strong></span> <span class='ocrx_word' id='word_1_224' title='bbox 1985 1654 2204 1709; x_wconf 88' lang='lat' dir='ltr'><strong>quoque</strong></span> <span class='ocrx_word' id='word_1_225' title='bbox 2236 1650 2355 1708; x_wconf 91' lang='lat' dir='ltr'><strong>est;</strong></span> <span class='ocrx_word' id='word_1_226' title='bbox 2392 1644 2534 1711; x_wconf 86' lang='lat' dir='ltr'><strong>quod</strong></span> <span class='ocrx_word' id='word_1_227' title='bbox 2567 1645 2613 1696; x_wconf 89' lang='lat' dir='ltr'><strong>si</strong></span> <span class='ocrx_word' id='word_1_228' title='bbox 2672 1642 3022 1708; x_wconf 87' lang='lat' dir='ltr'><strong>simultanea,</strong></span> <span class='ocrx_word' id='word_1_229' title='bbox 3080 1646 3190 1714; x_wconf 88' lang='lat' dir='ltr'><strong>jam</strong></span> <span class='ocrx_word' id='word_1_230' title='bbox 3254 1662 3362 1702; x_wconf 90' lang='lat' dir='ltr'><strong>non</strong></span> 
     </span>
    </p>
   </div>
   <div class='ocr_carea' id='block_1_31' title="bbox 1796 1730 3364 1809">
    <p class='ocr_par' dir='ltr' id='par_1_31' title="bbox 1796 1730 3364 1809">
     <span class='ocr_line' id='line_1_31' title="bbox 1796 1730 3364 1809; baseline 0.01 -30"><span class='ocrx_word' id='word_1_231' title='bbox 1796 1736 1881 1781; x_wconf 89' lang='lat' dir='ltr'><strong>est</strong></span> <span class='ocrx_word' id='word_1_232' title='bbox 1916 1730 2067 1797; x_wconf 87' lang='lat' dir='ltr'><strong>prior</strong></span> <span class='ocrx_word' id='word_1_233' title='bbox 2092 1746 2191 1786; x_wconf 88' lang='lat' dir='ltr'><strong>nec</strong></span> <span class='ocrx_word' id='word_1_234' title='bbox 2223 1734 2492 1801; x_wconf 85' lang='lat' dir='ltr'><strong>posterior</strong></span> <span class='ocrx_word' id='word_1_235' title='bbox 2527 1753 2539 1788; x_wconf 92' lang='lat'>:</span> <span class='ocrx_word' id='word_1_236' title='bbox 2576 1738 2718 1789; x_wconf 89' lang='lat' dir='ltr'><strong>unde</strong></span> <span class='ocrx_word' id='word_1_237' title='bbox 2747 1746 2969 1793; x_wconf 88' lang='lat' dir='ltr'><strong>constat</strong></span> <span class='ocrx_word' id='word_1_238' title='bbox 3001 1738 3155 1807; x_wconf 83' lang='lat' dir='ltr'><strong>prius</strong></span> <span class='ocrx_word' id='word_1_239' title='bbox 3176 1749 3227 1793; x_wconf 89' lang='lat' dir='ltr'><strong>et</strong></span> <span class='ocrx_word' id='word_1_240' title='bbox 3263 1755 3364 1809; x_wconf 87' lang='lat' dir='ltr'><strong>po-</strong></span> 
     </span>
    </p>
   </div>
   <div class='ocr_carea' id='block_1_32' title="bbox 1794 1820 3365 1902">
    <p class='ocr_par' dir='ltr' id='par_1_32' title="bbox 1794 1820 3365 1902">
     <span class='ocr_line' id='line_1_32' title="bbox 1794 1820 3365 1902; baseline 0.009 -29"><span class='ocrx_word' id='word_1_241' title='bbox 1794 1820 1997 1876; x_wconf 86' lang='lat' dir='ltr'><strong>sterius</strong></span> <span class='ocrx_word' id='word_1_242' title='bbox 2024 1821 2076 1875; x_wconf 89' lang='lat' dir='ltr'><strong>in</strong></span> <span class='ocrx_word' id='word_1_243' title='bbox 2107 1823 2212 1878; x_wconf 90' lang='lat' dir='ltr'><strong>Deo</strong></span> <span class='ocrx_word' id='word_1_244' title='bbox 2240 1840 2347 1879; x_wconf 89' lang='lat' dir='ltr'><strong>non</strong></span> <span class='ocrx_word' id='word_1_245' title='bbox 2375 1829 2683 1884; x_wconf 77' lang='lat' dir='ltr'><strong>usuvenire.</strong></span> <span class='ocrx_word' id='word_1_246' title='bbox 2710 1848 2727 1879; x_wconf 79' lang='grc' dir='ltr'><strong><em>σ</em></strong></span> <span class='ocrx_word' id='word_1_247' title='bbox 2756 1828 2947 1885; x_wconf 85' lang='lat' dir='ltr'><strong>Omnis</strong></span> <span class='ocrx_word' id='word_1_248' title='bbox 2972 1832 3185 1902; x_wconf 80' lang='lat' dir='ltr'><strong>genitor</strong></span> <span class='ocrx_word' id='word_1_249' title='bbox 3218 1834 3365 1901; x_wconf 83' lang='lat' dir='ltr'><strong>prior</strong></span> 
     </span>
    </p>
   </div>
   <div class='ocr_carea' id='block_1_33' title="bbox 1796 1913 3361 1992">
    <p class='ocr_par' dir='ltr' id='par_1_33' title="bbox 1796 1913 3361 1992">
     <span class='ocr_line' id='line_1_33' title="bbox 1796 1913 3361 1992; baseline 0.008 -28"><span class='ocrx_word' id='word_1_250' title='bbox 1796 1921 1880 1965; x_wconf 86' lang='lat' dir='ltr'><strong>est</strong></span> <span class='ocrx_word' id='word_1_251' title='bbox 1906 1913 2124 1982; x_wconf 81' lang='lat' dir='ltr'><strong>proprio</strong></span> <span class='ocrx_word' id='word_1_252' title='bbox 2150 1918 2476 1983; x_wconf 63' lang='lat' dir='ltr'><strong>genimine.»</strong></span> <span class='ocrx_word' id='word_1_253' title='bbox 2512 1917 2791 1974; x_wconf 86' lang='lat' dir='ltr'><strong>Undeuam</strong></span> <span class='ocrx_word' id='word_1_254' title='bbox 2826 1923 3161 1992; x_wconf 77' lang='lat' dir='ltr'><strong>principia,o</strong></span> <span class='ocrx_word' id='word_1_255' title='bbox 3178 1926 3361 1989; x_wconf 78' lang='lat' dir='ltr'><strong>sodes,</strong></span> 
     </span>
    </p>
   </div>
   <div class='ocr_carea' id='block_1_34' title="bbox 106 1992 1680 2079">
    <p class='ocr_par' dir='ltr' id='par_1_34' title="bbox 106 1992 1680 2079">
     <span class='ocr_line' id='line_1_34' title="bbox 106 1992 1680 2079; baseline 0.011 -35"><span class='ocrx_word' id='word_1_256' title='bbox 106 1992 243 2047; x_wconf 91' lang='grc' dir='ltr'>Θεοῦ</span> <span class='ocrx_word' id='word_1_257' title='bbox 274 1998 369 2049; x_wconf 85' lang='grc' dir='ltr'>καὶ</span> <span class='ocrx_word' id='word_1_258' title='bbox 410 1993 520 2050; x_wconf 81' lang='grc' dir='ltr'>τῶν</span> <span class='ocrx_word' id='word_1_259' title='bbox 559 2002 874 2071; x_wconf 79' lang='grc' dir='ltr'><strong>κτισμάτων</strong></span> <span class='ocrx_word' id='word_1_260' title='bbox 917 2005 1011 2067; x_wconf 79' lang='grc' dir='ltr'><strong>τὰς</strong></span> <span class='ocrx_word' id='word_1_261' title='bbox 1068 2007 1218 2070; x_wconf 85' lang='grc' dir='ltr'>θείας</span> <span class='ocrx_word' id='word_1_262' title='bbox 1257 1992 1440 2077; x_wconf 57' lang='grc' dir='ltr'>φωνάς</span> <span class='ocrx_word' id='word_1_263' title='bbox 1479 2011 1680 2079; x_wconf 68' lang='grc' dir='ltr'>ἐκλαμ-</span> 
     </span>
    </p>
   </div>
   <div class='ocr_carea' id='block_1_35' title="bbox 1784 1992 3445 2079">
    <p class='ocr_par' dir='ltr' id='par_1_35' title="bbox 1790 2002 3445 2075">
     <span class='ocr_line' id='line_1_35' title="bbox 1790 2002 3445 2075; baseline 0.009 -22"><span class='ocrx_word' id='word_1_264' title='bbox 1790 2002 2113 2069; x_wconf 82' lang='lat' dir='ltr'><strong>sumpsisti?</strong></span> <span class='ocrx_word' id='word_1_265' title='bbox 2147 2002 2278 2057; x_wconf 87' lang='lat' dir='ltr'><strong>Nam</strong></span> <span class='ocrx_word' id='word_1_266' title='bbox 2317 2007 2409 2075; x_wconf 88' lang='lat' dir='ltr'><strong>qui</strong></span> <span class='ocrx_word' id='word_1_267' title='bbox 2462 2008 2596 2060; x_wconf 86' lang='lat' dir='ltr'><strong>nihil</strong></span> <span class='ocrx_word' id='word_1_268' title='bbox 2624 2024 2746 2064; x_wconf 87' lang='lat' dir='ltr'><strong>esse</strong></span> <span class='ocrx_word' id='word_1_269' title='bbox 2778 2026 3068 2066; x_wconf 87' lang='lat' dir='ltr'><strong>commune</strong></span> <span class='ocrx_word' id='word_1_270' title='bbox 3115 2012 3361 2068; x_wconf 74' lang='lat' dir='ltr'><strong>Creatori</strong></span> <span class='ocrx_word' id='word_1_271' title='bbox 3436 2027 3445 2038; x_wconf 87' lang='lat'><strong>‘</strong></span> 
     </span>
    </p>
   </div>
   <div class='ocr_carea' id='block_1_36' title="bbox 106 2084 1686 2170">
    <p class='ocr_par' dir='ltr' id='par_1_36' title="bbox 106 2084 1686 2170">
     <span class='ocr_line' id='line_1_36' title="bbox 106 2084 1686 2170; baseline 0.011 -34"><span class='ocrx_word' id='word_1_272' title='bbox 106 2084 366 2149; x_wconf 75' lang='grc' dir='ltr'>δάνοντες</span> <span class='ocrx_word' id='word_1_273' title='bbox 394 2104 408 2119; x_wconf 77' lang='grc' dir='ltr'><strong><em>ο</em></strong></span> <span class='ocrx_word' id='word_1_274' title='bbox 444 2089 533 2141; x_wconf 69' lang='grc' dir='ltr'>καὶ</span> <span class='ocrx_word' id='word_1_275' title='bbox 562 2092 622 2143; x_wconf 73' lang='grc' dir='ltr'>τὸ</span> <span class='ocrx_word' id='word_1_276' title='bbox 644 2094 908 2163; x_wconf 82' lang='grc' dir='ltr'>πρότερον</span> <span class='ocrx_word' id='word_1_277' title='bbox 931 2095 1126 2166; x_wconf 82' lang='grc' dir='ltr'>λῆμμα</span> <span class='ocrx_word' id='word_1_278' title='bbox 1154 2098 1241 2151; x_wconf 80' lang='grc' dir='ltr'><strong>διὰ</strong></span> <span class='ocrx_word' id='word_1_279' title='bbox 1286 2098 1380 2151; x_wconf 85' lang='grc' dir='ltr'><strong>τοῦ</strong></span> <span class='ocrx_word' id='word_1_280' title='bbox 1434 2099 1686 2170; x_wconf 79' lang='grc' dir='ltr'><strong>δευτέρου</strong></span> 
     </span>
    </p>
   </div>
   <div class='ocr_carea' id='block_1_37' title="bbox 104 2174 1688 2261">
    <p class='ocr_par' dir='ltr' id='par_1_37' title="bbox 104 2174 1688 2261">
     <span class='ocr_line' id='line_1_37' title="bbox 104 2174 1688 2261; baseline 0.013 -37"><span class='ocrx_word' id='word_1_281' title='bbox 104 2174 601 2246; x_wconf 78' lang='grc' dir='ltr'>ἑξοστρακίζετιι,</span> <span class='ocrx_word' id='word_1_282' title='bbox 653 2182 745 2235; x_wconf 81' lang='grc' dir='ltr'><strong>καὶ</strong></span> <span class='ocrx_word' id='word_1_283' title='bbox 800 2184 959 2237; x_wconf 86' lang='grc' dir='ltr'>πάλιν</span> <span class='ocrx_word' id='word_1_284' title='bbox 1010 2186 1101 2240; x_wconf 76' lang='grc' dir='ltr'>διὰ</span> <span class='ocrx_word' id='word_1_285' title='bbox 1161 2188 1253 2241; x_wconf 87' lang='grc' dir='ltr'><strong>τοῦ</strong></span> <span class='ocrx_word' id='word_1_286' title='bbox 1312 2190 1576 2261; x_wconf 81' lang='grc' dir='ltr'><strong>προτέρου</strong></span> <span class='ocrx_word' id='word_1_287' title='bbox 1628 2192 1688 2244; x_wconf 81' lang='grc' dir='ltr'><strong>τὸ</strong></span> 
     </span>
    </p>
   </div>
   <div class='ocr_carea' id='block_1_38' title="bbox 101 2264 1685 2350">
    <p class='ocr_par' dir='ltr' id='par_1_38' title="bbox 101 2264 1685 2350">
     <span class='ocr_line' id='line_1_38' title="bbox 101 2264 1685 2350; baseline 0.013 -33"><span class='ocrx_word' id='word_1_288' title='bbox 101 2264 364 2337; x_wconf 72' lang='grc' dir='ltr'>δεύτερον</span> <span class='ocrx_word' id='word_1_289' title='bbox 392 2285 411 2301; x_wconf 76' lang='grc'><em>’</em></span> <span class='ocrx_word' id='word_1_290' title='bbox 443 2271 538 2324; x_wconf 84' lang='grc' dir='ltr'><strong>καὶ</strong></span> <span class='ocrx_word' id='word_1_291' title='bbox 562 2273 670 2343; x_wconf 82' lang='grc' dir='ltr'>γὰρ</span> <span class='ocrx_word' id='word_1_292' title='bbox 708 2278 755 2327; x_wconf 77' lang='grc' dir='ltr'><strong>εἰ</strong></span> <span class='ocrx_word' id='word_1_293' title='bbox 792 2277 899 2329; x_wconf 77' lang='grc' dir='ltr'><strong>πᾶν</strong></span> <span class='ocrx_word' id='word_1_294' title='bbox 940 2279 1151 2350; x_wconf 78' lang='grc' dir='ltr'>ποίημα</span> <span class='ocrx_word' id='word_1_295' title='bbox 1209 2281 1385 2345; x_wconf 82' lang='grc' dir='ltr'>ἐνδεές</span> <span class='ocrx_word' id='word_1_296' title='bbox 1426 2282 1541 2335; x_wconf 70' lang='grc' dir='ltr'>ἐστι</span> <span class='ocrx_word' id='word_1_297' title='bbox 1595 2283 1685 2337; x_wconf 85' lang='grc' dir='ltr'><strong>τοῦ</strong></span> 
     </span>
    </p>
   </div>
   <div class='ocr_carea' id='block_1_39' title="bbox 104 2353 1684 2438">
    <p class='ocr_par' dir='ltr' id='par_1_39' title="bbox 104 2353 1684 2438">
     <span class='ocr_line' id='line_1_39' title="bbox 104 2353 1684 2438; baseline 0.013 -35"><span class='ocrx_word' id='word_1_298' title='bbox 104 2353 437 2423; x_wconf 73' lang='grc' dir='ltr'>ποιήσαντος</span> <span class='ocrx_word' id='word_1_299' title='bbox 464 2356 549 2411; x_wconf 82' lang='grc' dir='ltr'><strong>διὰ</strong></span> <span class='ocrx_word' id='word_1_300' title='bbox 579 2359 640 2412; x_wconf 84' lang='grc' dir='ltr'><strong>τὸ</strong></span> <span class='ocrx_word' id='word_1_301' title='bbox 660 2361 875 2431; x_wconf 79' lang='grc' dir='ltr'>πρῶτον</span> <span class='ocrx_word' id='word_1_302' title='bbox 907 2364 1129 2435; x_wconf 80' lang='grc' dir='ltr'>ἀξίωμα</span> <span class='ocrx_word' id='word_1_303' title='bbox 1157 2380 1170 2394; x_wconf 72' lang='grc'>⁸</span> <span class='ocrx_word' id='word_1_304' title='bbox 1192 2367 1221 2419; x_wconf 80' lang='grc' dir='ltr'><strong>ὁ</strong></span> <span class='ocrx_word' id='word_1_305' title='bbox 1252 2368 1309 2421; x_wconf 86' lang='grc' dir='ltr'><strong>δὲ</strong></span> <span class='ocrx_word' id='word_1_306' title='bbox 1349 2370 1413 2423; x_wconf 81' lang='grc' dir='ltr'><strong>ἐκ</strong></span> <span class='ocrx_word' id='word_1_307' title='bbox 1435 2369 1528 2423; x_wconf 91' lang='grc' dir='ltr'><strong>τοῦ</strong></span> <span class='ocrx_word' id='word_1_308' title='bbox 1556 2387 1684 2438; x_wconf 86' lang='grc' dir='ltr'>γεν-</span> 
     </span>
    </p>
   </div>
   <div class='ocr_carea' id='block_1_40' title="bbox 103 2447 1681 2534">
    <p class='ocr_par' dir='ltr' id='par_1_40' title="bbox 103 2447 1681 2534">
     <span class='ocr_line' id='line_1_40' title="bbox 103 2447 1681 2534; baseline 0.013 -38"><span class='ocrx_word' id='word_1_309' title='bbox 103 2447 336 2515; x_wconf 75' lang='grc' dir='ltr'>νήτορος</span> <span class='ocrx_word' id='word_1_310' title='bbox 366 2449 559 2516; x_wconf 83' lang='grc' dir='ltr'>Λόγος,</span> <span class='ocrx_word' id='word_1_311' title='bbox 597 2453 662 2505; x_wconf 81' lang='grc' dir='ltr'><strong>ἑκ</strong></span> <span class='ocrx_word' id='word_1_312' title='bbox 688 2453 796 2506; x_wconf 85' lang='grc' dir='ltr'><strong>τῶν</strong></span> <span class='ocrx_word' id='word_1_313' title='bbox 826 2452 1145 2526; x_wconf 81' lang='grc' dir='ltr'><strong>ποιημάτων</strong></span> <span class='ocrx_word' id='word_1_314' title='bbox 1170 2458 1262 2511; x_wconf 82' lang='grc' dir='ltr'>τὸν</span> <span class='ocrx_word' id='word_1_315' title='bbox 1289 2462 1520 2534; x_wconf 78' lang='grc' dir='ltr'>ποιητὴν</span> <span class='ocrx_word' id='word_1_316' title='bbox 1549 2462 1681 2533; x_wconf 82' lang='grc' dir='ltr'>πρό·</span> 
     </span>
    </p>
   </div>
   <div class='ocr_carea' id='block_1_41' title="bbox 102 2542 1683 2613">
    <p class='ocr_par' dir='ltr' id='par_1_41' title="bbox 102 2542 1683 2613">
     <span class='ocr_line' id='line_1_41' title="bbox 102 2542 1683 2613; baseline 0.016 -27"><span class='ocrx_word' id='word_1_317' title='bbox 102 2551 263 2605; x_wconf 80' lang='grc' dir='ltr'>τερον</span> <span class='ocrx_word' id='word_1_318' title='bbox 294 2542 830 2612; x_wconf 78' lang='grc' dir='ltr'>κατασυλλογίζεται,</span> <span class='ocrx_word' id='word_1_319' title='bbox 864 2548 1040 2613; x_wconf 73' lang='grc' dir='ltr'>ἐνδεές</span> <span class='ocrx_word' id='word_1_320' title='bbox 1070 2552 1129 2605; x_wconf 81' lang='grc' dir='ltr'>τέ</span> <span class='ocrx_word' id='word_1_321' title='bbox 1161 2553 1278 2606; x_wconf 81' lang='grc' dir='ltr'>ἐστι</span> <span class='ocrx_word' id='word_1_322' title='bbox 1307 2555 1403 2607; x_wconf 76' lang='grc' dir='ltr'><strong>καὶ</strong></span> <span class='ocrx_word' id='word_1_323' title='bbox 1440 2555 1540 2610; x_wconf 84' lang='grc' dir='ltr'>οὐκ</span> <span class='ocrx_word' id='word_1_324' title='bbox 1594 2559 1683 2611; x_wconf 76' lang='grc' dir='ltr'><strong>ὲν-</strong></span> 
     </span>
    </p>
   </div>
   <div class='ocr_carea' id='block_1_42' title="bbox 104 2627 1681 2723">
    <p class='ocr_par' dir='ltr' id='par_1_42' title="bbox 104 2627 1681 2723">
     <span class='ocr_line' id='line_1_42' title="bbox 104 2627 1681 2723; baseline 0.018 -45"><span class='ocrx_word' id='word_1_325' title='bbox 104 2627 241 2692; x_wconf 85' lang='grc' dir='ltr'>δεὲς,</span> <span class='ocrx_word' id='word_1_326' title='bbox 275 2631 371 2682; x_wconf 79' lang='grc' dir='ltr'><strong>καὶ</strong></span> <span class='ocrx_word' id='word_1_327' title='bbox 417 2635 614 2687; x_wconf 82' lang='grc' dir='ltr'>ταυτὸν</span> <span class='ocrx_word' id='word_1_328' title='bbox 651 2637 711 2689; x_wconf 77' lang='grc' dir='ltr'><strong>οὗ</strong></span> <span class='ocrx_word' id='word_1_329' title='bbox 757 2641 950 2695; x_wconf 74' lang='grc' dir='ltr'>ταυτὸν</span> <span class='ocrx_word' id='word_1_330' title='bbox 982 2645 1092 2696; x_wconf 83' lang='grc' dir='ltr'>πᾶν</span> <span class='ocrx_word' id='word_1_331' title='bbox 1133 2645 1344 2718; x_wconf 78' lang='grc' dir='ltr'>ποίημα</span> <span class='ocrx_word' id='word_1_332' title='bbox 1392 2648 1487 2703; x_wconf 89' lang='grc' dir='ltr'><strong>τοῦ</strong></span> <span class='ocrx_word' id='word_1_333' title='bbox 1528 2652 1681 2723; x_wconf 81' lang='grc' dir='ltr'>ποιή-</span> 
     </span>
    </p>
   </div>
   <div class='ocr_carea' id='block_1_43' title="bbox 105 2722 795 2794">
    <p class='ocr_par' dir='ltr' id='par_1_43' title="bbox 105 2722 795 2794">
     <span class='ocr_line' id='line_1_43' title="bbox 105 2722 795 2794; baseline 0.019 -25"><span class='ocrx_word' id='word_1_334' title='bbox 105 2733 320 2789; x_wconf 82' lang='grc' dir='ltr'>σαντος,</span> <span class='ocrx_word' id='word_1_335' title='bbox 352 2722 489 2794; x_wconf 85' lang='grc' dir='ltr'>ὅπερ</span> <span class='ocrx_word' id='word_1_336' title='bbox 517 2724 795 2782; x_wconf 78' lang='grc' dir='ltr'>ἀδύνατον.</span> 
     </span>
    </p>
   </div>
   <div class='ocr_carea' id='block_1_44' title="bbox 174 2894 1681 2988">
    <p class='ocr_par' dir='ltr' id='par_1_44' title="bbox 174 2894 1681 2988">
     <span class='ocr_line' id='line_1_44' title="bbox 174 2894 1681 2988; baseline 0.017 -39"><span class='ocrx_word' id='word_1_337' title='bbox 174 2894 237 2950; x_wconf 86' lang='grc' dir='ltr'>ε’.</span> <span class='ocrx_word' id='word_1_338' title='bbox 272 2897 516 2970; x_wconf 77' lang='grc' dir='ltr'>Εῐδωμεν</span> <span class='ocrx_word' id='word_1_339' title='bbox 537 2902 592 2955; x_wconf 86' lang='grc' dir='ltr'><strong>δὲ</strong></span> <span class='ocrx_word' id='word_1_340' title='bbox 624 2905 717 2957; x_wconf 74' lang='grc' dir='ltr'><strong>καὶ</strong></span> <span class='ocrx_word' id='word_1_341' title='bbox 743 2906 801 2959; x_wconf 72' lang='grc' dir='ltr'>τὸ</span> <span class='ocrx_word' id='word_1_342' title='bbox 830 2909 1223 2983; x_wconf 80' lang='grc' dir='ltr'>ἐπιφερόμενον</span> <span class='ocrx_word' id='word_1_343' title='bbox 1262 2932 1277 2949; x_wconf 89' lang='grc'><strong>·</strong></span> <span class='ocrx_word' id='word_1_344' title='bbox 1309 2917 1422 2988; x_wconf 80' lang='grc' dir='ltr'>ἔχει</span> <span class='ocrx_word' id='word_1_345' title='bbox 1480 2920 1536 2974; x_wconf 75' lang='grc' dir='ltr'><strong>δὲ</strong></span> <span class='ocrx_word' id='word_1_346' title='bbox 1589 2923 1681 2976; x_wconf 75' lang='grc' dir='ltr'>καὶ</span> 
     </span>
    </p>
   </div>
   <div class='ocr_carea' id='block_1_45' title="bbox 109 2986 1683 3084">
    <p class='ocr_par' dir='ltr' id='par_1_45' title="bbox 109 2986 1683 3084">
     <span class='ocr_line' id='line_1_45' title="bbox 109 2986 1683 3084; baseline 0.018 -44"><span class='ocrx_word' id='word_1_347' title='bbox 109 2986 275 3053; x_wconf 75' lang='grc' dir='ltr'>οὕτως</span> <span class='ocrx_word' id='word_1_348' title='bbox 309 3006 377 3084; x_wconf 27' lang='grc' dir='ltr'><strong>’ᾍι</strong></span> <span class='ocrx_word' id='word_1_349' title='bbox 429 2993 645 3066; x_wconf 77' lang='grc' dir='ltr'>Ἐπειδὴ</span> <span class='ocrx_word' id='word_1_350' title='bbox 680 2997 773 3052; x_wconf 82' lang='grc' dir='ltr'><strong>ἐὰν</strong></span> <span class='ocrx_word' id='word_1_351' title='bbox 808 3001 1008 3070; x_wconf 85' lang='grc' dir='ltr'>ήγῆσαι</span> <span class='ocrx_word' id='word_1_352' title='bbox 1037 3005 1164 3075; x_wconf 83' lang='grc' dir='ltr'>μίαν</span> <span class='ocrx_word' id='word_1_353' title='bbox 1217 2986 1391 3080; x_wconf 75' lang='grc' dir='ltr'><strong>ἀρχὴν</strong></span> <span class='ocrx_word' id='word_1_354' title='bbox 1439 3014 1683 3084; x_wconf 77' lang='grc' dir='ltr'>ἀμφοτέ-</span> 
     </span>
    </p>
   </div>
   <div class='ocr_carea' id='block_1_46' title="bbox 111 3082 1679 3175">
    <p class='ocr_par' dir='ltr' id='par_1_46' title="bbox 111 3082 1679 3175">
     <span class='ocr_line' id='line_1_46' title="bbox 111 3082 1679 3175; baseline 0.02 -45"><span class='ocrx_word' id='word_1_355' title='bbox 111 3094 244 3145; x_wconf 81' lang='grc' dir='ltr'>ροις,</span> <span class='ocrx_word' id='word_1_356' title='bbox 270 3082 364 3134; x_wconf 87' lang='grc' dir='ltr'><strong>τοῦ</strong></span> <span class='ocrx_word' id='word_1_357' title='bbox 390 3100 448 3135; x_wconf 92' lang='grc' dir='ltr'><strong>τε</strong></span> <span class='ocrx_word' id='word_1_358' title='bbox 483 3086 695 3157; x_wconf 85' lang='grc' dir='ltr'>Πατρὸς</span> <span class='ocrx_word' id='word_1_359' title='bbox 753 3092 847 3143; x_wconf 79' lang='grc' dir='ltr'><strong>καὶ</strong></span> <span class='ocrx_word' id='word_1_360' title='bbox 886 3092 1038 3159; x_wconf 80' lang='grc' dir='ltr'>Υζοῦ,</span> <span class='ocrx_word' id='word_1_361' title='bbox 1095 3099 1394 3157; x_wconf 78' lang='grc' dir='ltr'>ἀπόλλυται</span> <span class='ocrx_word' id='word_1_362' title='bbox 1439 3082 1493 3175; x_wconf 58' lang='lat' dir='ltr'><em>ﬂ</em></span> <span class='ocrx_word' id='word_1_363' title='bbox 1525 3082 1679 3170; x_wconf 79' lang='grc' dir='ltr'>τάξις</span> 
     </span>
    </p>
   </div>
   <div class='ocr_carea' id='block_1_47' title="bbox 104 3170 1677 3265">
    <p class='ocr_par' dir='ltr' id='par_1_47' title="bbox 104 3170 1677 3265">
     <span class='ocr_line' id='line_1_47' title="bbox 104 3170 1677 3265; baseline 0.02 -45"><span class='ocrx_word' id='word_1_364' title='bbox 104 3170 199 3239; x_wconf 71' lang='grc' dir='ltr'>τῆς</span> <span class='ocrx_word' id='word_1_365' title='bbox 230 3174 469 3243; x_wconf 81' lang='grc' dir='ltr'>σχέσεως</span> <span class='ocrx_word' id='word_1_366' title='bbox 500 3178 532 3247; x_wconf 82' lang='grc' dir='ltr'>ἡ</span> <span class='ocrx_word' id='word_1_367' title='bbox 557 3178 690 3233; x_wconf 81' lang='grc' dir='ltr'>οὖσα</span> <span class='ocrx_word' id='word_1_368' title='bbox 718 3182 783 3235; x_wconf 84' lang='grc' dir='ltr'><strong>ὲκ</strong></span> <span class='ocrx_word' id='word_1_369' title='bbox 806 3183 897 3263; x_wconf 82' lang='grc' dir='ltr'><strong>τοῦ</strong></span> <span class='ocrx_word' id='word_1_370' title='bbox 944 3189 1265 3261; x_wconf 85' lang='grc' dir='ltr'>γεννήτορος</span> <span class='ocrx_word' id='word_1_371' title='bbox 1298 3194 1434 3265; x_wconf 82' lang='grc' dir='ltr'>πρὸς</span> <span class='ocrx_word' id='word_1_372' title='bbox 1459 3170 1519 3248; x_wconf 76' lang='grc' dir='ltr'>τὸ</span> <span class='ocrx_word' id='word_1_373' title='bbox 1551 3199 1677 3265; x_wconf 82' lang='grc' dir='ltr'><strong>γέν-</strong></span> 
     </span>
    </p>
   </div>
   <div class='ocr_carea' id='block_1_48' title="bbox 106 3267 1675 3358">
    <p class='ocr_par' dir='ltr' id='par_1_48' title="bbox 106 3267 1675 3358">
     <span class='ocr_line' id='line_1_48' title="bbox 106 3267 1675 3358; baseline 0.02 -45"><span class='ocrx_word' id='word_1_374' title='bbox 106 3278 252 3351; x_wconf 77' lang='grc' dir='ltr'>νημα</span> <span class='ocrx_word' id='word_1_375' title='bbox 275 3282 289 3294; x_wconf 91' lang='grc'><strong>·</strong></span> <span class='ocrx_word' id='word_1_376' title='bbox 326 3267 419 3319; x_wconf 80' lang='grc' dir='ltr'>καὶ</span> <span class='ocrx_word' id='word_1_377' title='bbox 449 3274 926 3341; x_wconf 79' lang='grc' dir='ltr'>καταναγκάζεται</span> <span class='ocrx_word' id='word_1_378' title='bbox 965 3281 998 3349; x_wconf 82' lang='grc' dir='ltr'>ὴ</span> <span class='ocrx_word' id='word_1_379' title='bbox 1034 3281 1224 3352; x_wconf 83' lang='grc' dir='ltr'><strong>κλῆσις</strong></span> <span class='ocrx_word' id='word_1_380' title='bbox 1276 3287 1383 3338; x_wconf 87' lang='grc' dir='ltr'><strong>τῶν</strong></span> <span class='ocrx_word' id='word_1_381' title='bbox 1435 3289 1675 3358; x_wconf 79' lang='grc' dir='ltr'>ἀμφοτέ-</span> 
     </span>
    </p>
   </div>
   <div class='ocr_carea' id='block_1_49' title="bbox 109 3342 1745 3449">
    <p class='ocr_par' dir='ltr' id='par_1_49' title="bbox 109 3342 1745 3449">
     <span class='ocr_line' id='line_1_49' title="bbox 109 3342 1745 3449; baseline 0.021 -46"><span class='ocrx_word' id='word_1_382' title='bbox 109 3370 214 3449; x_wconf 68' lang='grc' dir='ltr'>ρων</span> <span class='ocrx_word' id='word_1_383' title='bbox 241 3359 573 3431; x_wconf 80' lang='grc' dir='ltr'>χωρισθῆναι</span> <span class='ocrx_word' id='word_1_384' title='bbox 599 3365 692 3416; x_wconf 89' lang='grc' dir='ltr'><strong>τοῦ</strong></span> <span class='ocrx_word' id='word_1_385' title='bbox 738 3342 1133 3441; x_wconf 76' lang='grc' dir='ltr'>γεγεννηκότος</span> <span class='ocrx_word' id='word_1_386' title='bbox 1182 3342 1275 3429; x_wconf 76' lang='grc' dir='ltr'>καὶ</span> <span class='ocrx_word' id='word_1_387' title='bbox 1320 3342 1675 3449; x_wconf 16' lang='grc' dir='ltr'>γεννήιματοῗς,</span> <span class='ocrx_word' id='word_1_388' title='bbox 1704 3342 1745 3399; x_wconf 78' lang='lat' dir='ltr'><strong>C</strong></span> 
     </span>
    </p>
   </div>
   <div class='ocr_carea' id='block_1_50' title="bbox 105 3445 1678 3545">
    <p class='ocr_par' dir='ltr' id='par_1_50' title="bbox 105 3445 1678 3545">
     <span class='ocr_line' id='line_1_50' title="bbox 105 3445 1678 3545; baseline 0.022 -50"><span class='ocrx_word' id='word_1_389' title='bbox 105 3445 196 3545; x_wconf 63' lang='grc' dir='ltr'><strong>τοῦ</strong></span> <span class='ocrx_word' id='word_1_390' title='bbox 234 3453 678 3525; x_wconf 67' lang='grc' dir='ltr'>προϋπάρχοντος</span> <span class='ocrx_word' id='word_1_391' title='bbox 713 3460 809 3545; x_wconf 60' lang='grc' dir='ltr'>και</span> <span class='ocrx_word' id='word_1_392' title='bbox 852 3445 1369 3537; x_wconf 51' lang='grc' dir='ltr'>μεταγενεστέρου.)</span> <span class='ocrx_word' id='word_1_393' title='bbox 1412 3445 1678 3545; x_wconf 47' lang='grc' dir='ltr'><strong>’Δτεήλλαζ</strong></span> 
     </span>
    </p>
   </div>
   <div class='ocr_carea' id='block_1_51' title="bbox 109 3535 1681 3639">
    <p class='ocr_par' dir='ltr' id='par_1_51' title="bbox 109 3535 1681 3639">
     <span class='ocr_line' id='line_1_51' title="bbox 109 3535 1681 3639; baseline 0.011 -39"><span class='ocrx_word' id='word_1_394' title='bbox 109 3535 202 3600; x_wconf 76' lang='grc' dir='ltr'><strong>ξας</strong></span> <span class='ocrx_word' id='word_1_395' title='bbox 219 3540 365 3609; x_wconf 72' lang='grc' dir='ltr'><strong>ἡμᾶς</strong></span> <span class='ocrx_word' id='word_1_396' title='bbox 392 3546 754 3614; x_wconf 77' lang='grc' dir='ltr'>πραγμάτων.</span> <span class='ocrx_word' id='word_1_397' title='bbox 788 3544 833 3603; x_wconf 78' lang='grc' dir='ltr'>ὧ</span> <span class='ocrx_word' id='word_1_398' title='bbox 863 3553 1037 3621; x_wconf 79' lang='grc' dir='ltr'>φίλος,</span> <span class='ocrx_word' id='word_1_399' title='bbox 1066 3535 1301 3623; x_wconf 64' lang='grc' dir='ltr'>ἐξειπὼν</span> <span class='ocrx_word' id='word_1_400' title='bbox 1338 3562 1397 3615; x_wconf 77' lang='grc' dir='ltr'>τδ</span> <span class='ocrx_word' id='word_1_401' title='bbox 1435 3535 1681 3639; x_wconf 58' lang='lat' dir='ltr'><strong>ancipr-</strong></span> 
     </span>
    </p>
   </div>
   <div class='ocr_carea' id='block_1_52' title="bbox 105 3633 1678 3726">
    <p class='ocr_par' dir='ltr' id='par_1_52' title="bbox 105 3633 1678 3726">
     <span class='ocr_line' id='line_1_52' title="bbox 105 3633 1678 3726; baseline 0.045 -51"><span class='ocrx_word' id='word_1_402' title='bbox 105 3646 193 3681; x_wconf 82' lang='grc' dir='ltr'>τον</span> <span class='ocrx_word' id='word_1_403' title='bbox 234 3646 247 3660; x_wconf 90' lang='grc'><strong>·</strong></span> <span class='ocrx_word' id='word_1_404' title='bbox 280 3633 455 3703; x_wconf 76' lang='grc' dir='ltr'>εἰμὲν</span> <span class='ocrx_word' id='word_1_405' title='bbox 483 3637 590 3709; x_wconf 71' lang='grc' dir='ltr'>γὰρ</span> <span class='ocrx_word' id='word_1_406' title='bbox 627 3638 815 3711; x_wconf 69' lang='grc' dir='ltr'><strong>ἐώρων</strong></span> <span class='ocrx_word' id='word_1_407' title='bbox 844 3644 904 3701; x_wconf 71' lang='grc' dir='ltr'>τὸ</span> <span class='ocrx_word' id='word_1_408' title='bbox 934 3647 1087 3716; x_wconf 74' lang='grc' dir='ltr'><strong>παρὰ</strong></span> <span class='ocrx_word' id='word_1_409' title='bbox 1126 3649 1220 3704; x_wconf 78' lang='grc' dir='ltr'>σσῦ</span> <span class='ocrx_word' id='word_1_410' title='bbox 1250 3653 1513 3724; x_wconf 55' lang='grc' dir='ltr'>προτεθὲν</span> <span class='ocrx_word' id='word_1_411' title='bbox 1543 3633 1678 3726; x_wconf 56' lang='grc' dir='ltr'><strong>λῆιλ·</strong></span> 
     </span>
    </p>
   </div>
   <div class='ocr_carea' id='block_1_53' title="bbox 110 3722 1679 3817">
    <p class='ocr_par' dir='ltr' id='par_1_53' title="bbox 110 3722 1679 3817">
     <span class='ocr_line' id='line_1_53' title="bbox 110 3722 1679 3817; baseline 0.018 -45"><span class='ocrx_word' id='word_1_412' title='bbox 110 3722 296 3787; x_wconf 75' lang='grc' dir='ltr'>μάτιον</span> <span class='ocrx_word' id='word_1_413' title='bbox 322 3727 381 3778; x_wconf 86' lang='grc' dir='ltr'><strong>τὸ</strong></span> <span class='ocrx_word' id='word_1_414' title='bbox 414 3728 589 3797; x_wconf 84' lang='grc' dir='ltr'>λέγον,</span> <span class='ocrx_word' id='word_1_415' title='bbox 614 3750 633 3782; x_wconf 85' lang='grc'><strong><em>‹</em></strong></span> <span class='ocrx_word' id='word_1_416' title='bbox 662 3732 933 3801; x_wconf 78' lang='grc' dir='ltr'><strong>Ἕκαστος</strong></span> <span class='ocrx_word' id='word_1_417' title='bbox 963 3728 1256 3813; x_wconf 60' lang='grc' dir='ltr'>γεννήτωρ</span> <span class='ocrx_word' id='word_1_418' title='bbox 1278 3722 1539 3817; x_wconf 77' lang='grc' dir='ltr'>πρότερός</span> <span class='ocrx_word' id='word_1_419' title='bbox 1565 3722 1679 3800; x_wconf 73' lang='grc' dir='ltr'>ἐστι</span> 
     </span>
    </p>
   </div>
   <div class='ocr_carea' id='block_1_54' title="bbox 107 3815 1679 3909">
    <p class='ocr_par' dir='ltr' id='par_1_54' title="bbox 107 3815 1679 3909">
     <span class='ocr_line' id='line_1_54' title="bbox 107 3815 1679 3909; baseline 0.018 -44"><span class='ocrx_word' id='word_1_420' title='bbox 107 3815 196 3867; x_wconf 68' lang='grc' dir='ltr'><strong>τοῦ</strong></span> <span class='ocrx_word' id='word_1_421' title='bbox 221 3818 422 3871; x_wconf 84' lang='grc' dir='ltr'>οξκείου</span> <span class='ocrx_word' id='word_1_422' title='bbox 439 3826 799 3892; x_wconf 79' lang='grc' dir='ltr'>γεννήματος,</span> <span class='ocrx_word' id='word_1_423' title='bbox 833 3847 853 3879; x_wconf 70' lang='grc' dir='ltr'>ι</span> <span class='ocrx_word' id='word_1_424' title='bbox 882 3829 975 3884; x_wconf 72' lang='grc' dir='ltr'><strong>ἐπὶ</strong></span> <span class='ocrx_word' id='word_1_425' title='bbox 993 3831 1134 3885; x_wconf 84' lang='grc' dir='ltr'>Θεοῦ</span> <span class='ocrx_word' id='word_1_426' title='bbox 1165 3815 1348 3904; x_wconf 81' lang='grc' dir='ltr'>χώραν</span> <span class='ocrx_word' id='word_1_427' title='bbox 1377 3815 1679 3909; x_wconf 66' lang='grc' dir='ltr'>ἕχον,τάχα</span> 
     </span>
    </p>
   </div>
   <div class='ocr_carea' id='block_1_55' title="bbox 104 3906 1679 3997">
    <p class='ocr_par' dir='ltr' id='par_1_55' title="bbox 104 3906 1679 3997">
     <span class='ocr_line' id='line_1_55' title="bbox 104 3906 1679 3997; baseline 0.016 -36"><span class='ocrx_word' id='word_1_428' title='bbox 104 3906 168 3961; x_wconf 75' lang='grc' dir='ltr'><strong>ἂν</strong></span> <span class='ocrx_word' id='word_1_429' title='bbox 190 3910 281 3961; x_wconf 78' lang='grc' dir='ltr'>καὶ</span> <span class='ocrx_word' id='word_1_430' title='bbox 310 3910 384 3982; x_wconf 84' lang='grc' dir='ltr'>μὴ</span> <span class='ocrx_word' id='word_1_431' title='bbox 408 3913 576 3967; x_wconf 76' lang='grc' dir='ltr'>θέλων</span> <span class='ocrx_word' id='word_1_432' title='bbox 606 3919 670 3989; x_wconf 77' lang='grc' dir='ltr'><strong>τῇ</strong></span> <span class='ocrx_word' id='word_1_433' title='bbox 696 3919 922 3993; x_wconf 69' lang='grc' dir='ltr'>ἀληθείᾳ</span> <span class='ocrx_word' id='word_1_434' title='bbox 953 3926 1431 3997; x_wconf 77' lang='grc' dir='ltr'><strong>συνεφελκόμενος,</strong></span> <span class='ocrx_word' id='word_1_435' title='bbox 1480 3931 1573 3984; x_wconf 75' lang='grc' dir='ltr'>καὶ</span> 
     </span>
    </p>
   </div>
   <div class='ocr_carea' id='block_1_56' title="bbox 104 3999 1675 4094">
    <p class='ocr_par' dir='ltr' id='par_1_56' title="bbox 104 3999 1675 4094">
     <span class='ocr_line' id='line_1_56' title="bbox 104 3999 1675 4094; baseline 0.017 -42"><span class='ocrx_word' id='word_1_436' title='bbox 104 3999 349 4073; x_wconf 75' lang='grc' dir='ltr'>δεύτερον</span> <span class='ocrx_word' id='word_1_437' title='bbox 372 4004 689 4076; x_wconf 75' lang='grc' dir='ltr'>ὡμολόγουν</span> <span class='ocrx_word' id='word_1_438' title='bbox 713 4028 731 4043; x_wconf 88' lang='grc'><strong>·</strong></span> <span class='ocrx_word' id='word_1_439' title='bbox 758 4013 879 4066; x_wconf 65' lang='grc' dir='ltr'>ἐπεὶ</span> <span class='ocrx_word' id='word_1_440' title='bbox 911 4001 967 4068; x_wconf 71' lang='grc' dir='ltr'><strong>δὲ</strong></span> <span class='ocrx_word' id='word_1_441' title='bbox 998 4017 1159 4071; x_wconf 87' lang='grc' dir='ltr'>τοῦτο</span> <span class='ocrx_word' id='word_1_442' title='bbox 1191 4008 1355 4074; x_wconf 67' lang='grc' dir='ltr'>ἕωλον</span> <span class='ocrx_word' id='word_1_443' title='bbox 1376 4022 1467 4074; x_wconf 81' lang='grc' dir='ltr'><strong>καὶ</strong></span> <span class='ocrx_word' id='word_1_444' title='bbox 1500 4024 1675 4094; x_wconf 82' lang='grc' dir='ltr'>πάντη</span> 
     </span>
    </p>
   </div>
   <div class='ocr_carea' id='block_1_57' title="bbox 105 4090 1673 4179">
    <p class='ocr_par' dir='ltr' id='par_1_57' title="bbox 105 4090 1673 4179">
     <span class='ocr_line' id='line_1_57' title="bbox 105 4090 1673 4179; baseline 0.017 -38"><span class='ocrx_word' id='word_1_445' title='bbox 105 4090 295 4157; x_wconf 59' lang='grc' dir='ltr'>ψευδὲς</span> <span class='ocrx_word' id='word_1_446' title='bbox 325 4095 415 4147; x_wconf 74' lang='grc' dir='ltr'>ἐπὶ</span> <span class='ocrx_word' id='word_1_447' title='bbox 445 4096 583 4151; x_wconf 85' lang='grc' dir='ltr'>Θεοῦ</span> <span class='ocrx_word' id='word_1_448' title='bbox 614 4100 709 4155; x_wconf 83' lang='grc' dir='ltr'>καὶ</span> <span class='ocrx_word' id='word_1_449' title='bbox 746 4102 1027 4177; x_wconf 72' lang='grc' dir='ltr'>ἀλλότριον</span> <span class='ocrx_word' id='word_1_450' title='bbox 1062 4109 1091 4161; x_wconf 83' lang='grc' dir='ltr'>ὁ</span> <span class='ocrx_word' id='word_1_451' title='bbox 1127 4107 1283 4178; x_wconf 84' lang='grc' dir='ltr'>λόγος</span> <span class='ocrx_word' id='word_1_452' title='bbox 1336 4111 1557 4179; x_wconf 78' lang='grc' dir='ltr'>ἔδειξεν,</span> <span class='ocrx_word' id='word_1_453' title='bbox 1613 4090 1673 4169; x_wconf 74' lang='grc' dir='ltr'>οῦ</span> 
     </span>
    </p>
   </div>
   <div class='ocr_carea' id='block_1_58' title="bbox 108 4180 1676 4274">
    <p class='ocr_par' dir='ltr' id='par_1_58' title="bbox 108 4180 1676 4274">
     <span class='ocr_line' id='line_1_58' title="bbox 108 4180 1676 4274; baseline 0.017 -40"><span class='ocrx_word' id='word_1_454' title='bbox 108 4199 173 4250; x_wconf 77' lang='grc' dir='ltr'><strong>με</strong></span> <span class='ocrx_word' id='word_1_455' title='bbox 210 4184 367 4253; x_wconf 83' lang='grc' dir='ltr'>λόγος</span> <span class='ocrx_word' id='word_1_456' title='bbox 400 4180 829 4271; x_wconf 27' lang='grc' dir='ltr'>κάταναγκάσειλ</span> <span class='ocrx_word' id='word_1_457' title='bbox 854 4199 945 4250; x_wconf 77' lang='grc' dir='ltr'><strong>καὶ</strong></span> <span class='ocrx_word' id='word_1_458' title='bbox 975 4200 1036 4252; x_wconf 83' lang='grc' dir='ltr'>τὸ</span> <span class='ocrx_word' id='word_1_459' title='bbox 1078 4202 1472 4274; x_wconf 68' lang='grc' dir='ltr'>ἐπιφερόμενον</span> <span class='ocrx_word' id='word_1_460' title='bbox 1525 4206 1676 4260; x_wconf 70' lang='grc' dir='ltr'>τιθέ-</span> 
     </span>
    </p>
   </div>
   <div class='ocr_carea' id='block_1_59' title="bbox 107 4280 1676 4366">
    <p class='ocr_par' dir='ltr' id='par_1_59' title="bbox 107 4280 1676 4366">
     <span class='ocr_line' id='line_1_59' title="bbox 107 4280 1676 4366; baseline 0.019 -42"><span class='ocrx_word' id='word_1_461' title='bbox 107 4290 190 4329; x_wconf 86' lang='grc' dir='ltr'>ναι</span> <span class='ocrx_word' id='word_1_462' title='bbox 220 4292 232 4305; x_wconf 94' lang='grc'><strong>·</strong></span> <span class='ocrx_word' id='word_1_463' title='bbox 262 4280 354 4331; x_wconf 77' lang='grc' dir='ltr'>καὶ</span> <span class='ocrx_word' id='word_1_464' title='bbox 387 4281 491 4351; x_wconf 84' lang='grc' dir='ltr'>γὰρ</span> <span class='ocrx_word' id='word_1_465' title='bbox 516 4283 609 4337; x_wconf 77' lang='grc' dir='ltr'><strong>ἐὰν</strong></span> <span class='ocrx_word' id='word_1_466' title='bbox 637 4285 730 4339; x_wconf 80' lang='grc' dir='ltr'><strong>δύο</strong></span> <span class='ocrx_word' id='word_1_467' title='bbox 757 4290 878 4343; x_wconf 85' lang='grc' dir='ltr'>τινὰ</span> <span class='ocrx_word' id='word_1_468' title='bbox 908 4284 1030 4355; x_wconf 80' lang='grc' dir='ltr'>ὦσι,</span> <span class='ocrx_word' id='word_1_469' title='bbox 1063 4294 1239 4347; x_wconf 75' lang='grc' dir='ltr'>καὶτὸ</span> <span class='ocrx_word' id='word_1_470' title='bbox 1266 4297 1365 4366; x_wconf 71' lang='grc' dir='ltr'>μὲν</span> <span class='ocrx_word' id='word_1_471' title='bbox 1415 4300 1473 4349; x_wconf 75' lang='grc' dir='ltr'><strong>ἐν</strong></span> <span class='ocrx_word' id='word_1_472' title='bbox 1524 4300 1676 4365; x_wconf 79' lang='grc' dir='ltr'>τάξει</span> 
     </span>
    </p>
   </div>
   <div class='ocr_carea' id='block_1_60' title="bbox 105 4371 1676 4463">
    <p class='ocr_par' dir='ltr' id='par_1_60' title="bbox 105 4371 1676 4463">
     <span class='ocr_line' id='line_1_60' title="bbox 105 4371 1676 4463; baseline 0.02 -46"><span class='ocrx_word' id='word_1_473' title='bbox 105 4371 403 4437; x_wconf 71' lang='grc' dir='ltr'>ἡγουμένου</span> <span class='ocrx_word' id='word_1_474' title='bbox 434 4373 710 4445; x_wconf 71' lang='grc' dir='ltr'>εἴληπται,</span> <span class='ocrx_word' id='word_1_475' title='bbox 741 4380 803 4433; x_wconf 77' lang='grc' dir='ltr'>τὸ</span> <span class='ocrx_word' id='word_1_476' title='bbox 841 4382 894 4435; x_wconf 88' lang='grc' dir='ltr'><strong>δὲ</strong></span> <span class='ocrx_word' id='word_1_477' title='bbox 918 4386 976 4437; x_wconf 85' lang='grc' dir='ltr'>ὲν</span> <span class='ocrx_word' id='word_1_478' title='bbox 1002 4389 1067 4457; x_wconf 73' lang='grc' dir='ltr'>τῇ</span> <span class='ocrx_word' id='word_1_479' title='bbox 1092 4387 1184 4440; x_wconf 84' lang='grc' dir='ltr'><strong>τοῦ</strong></span> <span class='ocrx_word' id='word_1_480' title='bbox 1208 4390 1496 4460; x_wconf 81' lang='grc' dir='ltr'>ἑπόμενου,</span> <span class='ocrx_word' id='word_1_481' title='bbox 1519 4391 1676 4463; x_wconf 70' lang='grc' dir='ltr'>δῆλον</span> 
     </span>
    </p>
   </div>
   <div class='ocr_carea' id='block_1_61' title="bbox 105 4460 1678 4556">
    <p class='ocr_par' dir='ltr' id='par_1_61' title="bbox 105 4460 1678 4556">
     <span class='ocr_line' id='line_1_61' title="bbox 105 4460 1678 4556; baseline 0.019 -45"><span class='ocrx_word' id='word_1_482' title='bbox 105 4460 181 4513; x_wconf 80' lang='grc' dir='ltr'>ὅτι</span> <span class='ocrx_word' id='word_1_483' title='bbox 214 4463 305 4516; x_wconf 77' lang='grc' dir='ltr'><strong>τοῦ</strong></span> <span class='ocrx_word' id='word_1_484' title='bbox 333 4466 639 4537; x_wconf 75' lang='grc' dir='ltr'>ἡγουμένου</span> <span class='ocrx_word' id='word_1_485' title='bbox 691 4474 1141 4546; x_wconf 78' lang='grc' dir='ltr'>ὁμολογηθέντος,</span> <span class='ocrx_word' id='word_1_486' title='bbox 1193 4483 1289 4536; x_wconf 84' lang='grc' dir='ltr'>καὶ</span> <span class='ocrx_word' id='word_1_487' title='bbox 1318 4485 1377 4539; x_wconf 75' lang='grc' dir='ltr'><strong>τὸ</strong></span> <span class='ocrx_word' id='word_1_488' title='bbox 1413 4460 1678 4556; x_wconf 78' lang='grc' dir='ltr'>ἑπόμενον</span> 
     </span>
    </p>
   </div>
   <div class='ocr_carea' id='block_1_62' title="bbox 104 4551 1677 4647">
    <p class='ocr_par' dir='ltr' id='par_1_62' title="bbox 104 4551 1677 4647">
     <span class='ocr_line' id='line_1_62' title="bbox 104 4551 1677 4647; baseline 0.02 -45"><span class='ocrx_word' id='word_1_489' title='bbox 104 4551 287 4619; x_wconf 66' lang='grc' dir='ltr'>ἕψεται</span> <span class='ocrx_word' id='word_1_490' title='bbox 302 4571 313 4584; x_wconf 89' lang='grc'><strong>·</strong></span> <span class='ocrx_word' id='word_1_491' title='bbox 336 4559 431 4627; x_wconf 80' lang='grc' dir='ltr'><strong>οὐχ</strong></span> <span class='ocrx_word' id='word_1_492' title='bbox 447 4560 637 4628; x_wconf 62' lang='grc' dir='ltr'>ἕψεται</span> <span class='ocrx_word' id='word_1_493' title='bbox 664 4563 740 4628; x_wconf 79' lang='grc' dir='ltr'><strong>δὲ,</strong></span> <span class='ocrx_word' id='word_1_494' title='bbox 765 4566 858 4620; x_wconf 86' lang='grc' dir='ltr'><strong>τοῦ</strong></span> <span class='ocrx_word' id='word_1_495' title='bbox 873 4570 1176 4639; x_wconf 75' lang='grc' dir='ltr'>ἡγουμένου</span> <span class='ocrx_word' id='word_1_496' title='bbox 1194 4575 1453 4645; x_wconf 76' lang='grc' dir='ltr'><strong>μηδαμῶς</strong></span> <span class='ocrx_word' id='word_1_497' title='bbox 1493 4551 1677 4647; x_wconf 37' lang='grc' dir='ltr'><strong>ὁ-μολο..</strong></span> 
     </span>
    </p>
   </div>
   <div class='ocr_carea' id='block_1_63' title="bbox 1789 2094 3361 2163">
    <p class='ocr_par' dir='ltr' id='par_1_63' title="bbox 1789 2094 3361 2163">
     <span class='ocr_line' id='line_1_63' title="bbox 1789 2094 3361 2163; baseline 0.01 -20"><span class='ocrx_word' id='word_1_498' title='bbox 1789 2103 1914 2144; x_wconf 87' lang='lat' dir='ltr'><strong>cum</strong></span> <span class='ocrx_word' id='word_1_499' title='bbox 1940 2094 2204 2149; x_wconf 87' lang='lat' dir='ltr'><strong>creaturis</strong></span> <span class='ocrx_word' id='word_1_500' title='bbox 2237 2096 2485 2163; x_wconf 84' lang='lat' dir='ltr'><strong>credunt,</strong></span> <span class='ocrx_word' id='word_1_501' title='bbox 2510 2110 2704 2153; x_wconf 83' lang='lat' dir='ltr'><strong>errant</strong></span> <span class='ocrx_word' id='word_1_502' title='bbox 2736 2102 2861 2154; x_wconf 89' lang='lat' dir='ltr'><strong>dum</strong></span> <span class='ocrx_word' id='word_1_503' title='bbox 2901 2105 3090 2157; x_wconf 91' lang='lat' dir='ltr'><strong>eodem</strong></span> <span class='ocrx_word' id='word_1_504' title='bbox 3117 2118 3281 2159; x_wconf 86' lang='lat' dir='ltr'><strong>sensu</strong></span> <span class='ocrx_word' id='word_1_505' title='bbox 3308 2114 3361 2159; x_wconf 91' lang='lat' dir='ltr'><strong>et</strong></span> 
     </span>
    </p>
   </div>
   <div class='ocr_carea' id='block_1_64' title="bbox 1789 2180 3361 2263">
    <p class='ocr_par' dir='ltr' id='par_1_64' title="bbox 1789 2180 3361 2263">
     <span class='ocr_line' id='line_1_64' title="bbox 1789 2180 3361 2263; baseline 0.008 -28"><span class='ocrx_word' id='word_1_506' title='bbox 1789 2180 1857 2235; x_wconf 90' lang='lat' dir='ltr'><strong>de</strong></span> <span class='ocrx_word' id='word_1_507' title='bbox 1881 2180 1991 2236; x_wconf 88' lang='lat' dir='ltr'><strong>Deo</strong></span> <span class='ocrx_word' id='word_1_508' title='bbox 2020 2193 2073 2237; x_wconf 89' lang='lat' dir='ltr'><strong>et</strong></span> <span class='ocrx_word' id='word_1_509' title='bbox 2104 2185 2169 2239; x_wconf 87' lang='lat' dir='ltr'><strong>de</strong></span> <span class='ocrx_word' id='word_1_510' title='bbox 2196 2189 2463 2243; x_wconf 85' lang='lat' dir='ltr'><strong>creaturis</strong></span> <span class='ocrx_word' id='word_1_511' title='bbox 2488 2190 2669 2263; x_wconf 81' lang='lat' dir='ltr'><strong>divina</strong></span> <span class='ocrx_word' id='word_1_512' title='bbox 2698 2192 2959 2247; x_wconf 76' lang='lat' dir='ltr'><strong>vocabula</strong></span> <span class='ocrx_word' id='word_1_513' title='bbox 3001 2205 3229 2249; x_wconf 87' lang='lat' dir='ltr'><strong>sumunt</strong></span> <span class='ocrx_word' id='word_1_514' title='bbox 3253 2213 3267 2261; x_wconf 91' lang='lat'><strong>;</strong></span> <span class='ocrx_word' id='word_1_515' title='bbox 3306 2207 3361 2250; x_wconf 90' lang='lat' dir='ltr'><strong>et</strong></span> 
     </span>
    </p>
   </div>
   <div class='ocr_carea' id='block_1_65' title="bbox 1787 2274 3358 2355">
    <p class='ocr_par' dir='ltr' id='par_1_65' title="bbox 1787 2274 3358 2355">
     <span class='ocr_line' id='line_1_65' title="bbox 1787 2274 3358 2355; baseline 0.009 -29"><span class='ocrx_word' id='word_1_516' title='bbox 1787 2274 1940 2343; x_wconf 91' lang='lat' dir='ltr'><strong>prius</strong></span> <span class='ocrx_word' id='word_1_517' title='bbox 1970 2275 2167 2332; x_wconf 81' lang='lat' dir='ltr'><strong>lemma</strong></span> <span class='ocrx_word' id='word_1_518' title='bbox 2208 2294 2237 2331; x_wconf 90' lang='lat' dir='ltr'><strong>a</strong></span> <span class='ocrx_word' id='word_1_519' title='bbox 2274 2281 2516 2335; x_wconf 88' lang='lat' dir='ltr'><strong>secundo</strong></span> <span class='ocrx_word' id='word_1_520' title='bbox 2566 2282 2910 2350; x_wconf 77' lang='lat' dir='ltr'><strong>excluditur;</strong></span> <span class='ocrx_word' id='word_1_521' title='bbox 2946 2286 3301 2355; x_wconf 44' lang='lat' dir='ltr'><strong>.vicissimque</strong></span> <span class='ocrx_word' id='word_1_522' title='bbox 3328 2303 3358 2340; x_wconf 87' lang='lat' dir='ltr'><strong>a</strong></span> 
     </span>
    </p>
   </div>
   <div class='ocr_carea' id='block_1_66' title="bbox 1785 2366 3361 2435">
    <p class='ocr_par' dir='ltr' id='par_1_66' title="bbox 1785 2366 3361 2435">
     <span class='ocr_line' id='line_1_66' title="bbox 1785 2366 3361 2435; baseline 0.008 -16"><span class='ocrx_word' id='word_1_523' title='bbox 1785 2366 1970 2435; x_wconf 87' lang='lat' dir='ltr'><strong>priore</strong></span> <span class='ocrx_word' id='word_1_524' title='bbox 2000 2369 2323 2424; x_wconf 84' lang='lat' dir='ltr'><strong>secundum.</strong></span> <span class='ocrx_word' id='word_1_525' title='bbox 2356 2372 2567 2427; x_wconf 84' lang='lat' dir='ltr'><strong>Etenim</strong></span> <span class='ocrx_word' id='word_1_526' title='bbox 2599 2375 2646 2429; x_wconf 89' lang='lat' dir='ltr'><strong>si</strong></span> <span class='ocrx_word' id='word_1_527' title='bbox 2674 2375 2853 2429; x_wconf 86' lang='lat' dir='ltr'><strong>omnis</strong></span> <span class='ocrx_word' id='word_1_528' title='bbox 2891 2375 3102 2430; x_wconf 78' lang='lat' dir='ltr'><strong>factura</strong></span> <span class='ocrx_word' id='word_1_529' title='bbox 3133 2377 3361 2432; x_wconf 76' lang='lat' dir='ltr'><strong>inferior</strong></span> 
     </span>
    </p>
   </div>
   <div class='ocr_carea' id='block_1_67' title="bbox 1784 2458 3357 2542">
    <p class='ocr_par' dir='ltr' id='par_1_67' title="bbox 1784 2458 3357 2542">
     <span class='ocr_line' id='line_1_67' title="bbox 1784 2458 3357 2542; baseline 0.01 -28"><span class='ocrx_word' id='word_1_530' title='bbox 1784 2467 1866 2514; x_wconf 88' lang='lat' dir='ltr'><strong>est</strong></span> <span class='ocrx_word' id='word_1_531' title='bbox 1896 2458 2120 2526; x_wconf 83' lang='lat' dir='ltr'><strong>factore,</strong></span> <span class='ocrx_word' id='word_1_532' title='bbox 2168 2473 2388 2532; x_wconf 82' lang='lat' dir='ltr'><strong>prepter</strong></span> <span class='ocrx_word' id='word_1_533' title='bbox 2451 2466 2725 2535; x_wconf 72' lang='lat' dir='ltr'><strong>prior-atus</strong></span> <span class='ocrx_word' id='word_1_534' title='bbox 2762 2468 3098 2539; x_wconf 71' lang='lat' dir='ltr'><strong>&#39;diguitatem</strong></span> <span class='ocrx_word' id='word_1_535' title='bbox 3145 2488 3159 2538; x_wconf 88' lang='lat'><strong>;</strong></span> <span class='ocrx_word' id='word_1_536' title='bbox 3207 2476 3357 2542; x_wconf 87' lang='lat' dir='ltr'><strong>quod</strong></span> 
     </span>
    </p>
   </div>
   <div class='ocr_carea' id='block_1_68' title="bbox 1783 2556 3353 2627">
    <p class='ocr_par' dir='ltr' id='par_1_68' title="bbox 1783 2556 3353 2627">
     <span class='ocr_line' id='line_1_68' title="bbox 1783 2556 3353 2627; baseline 0.009 -22"><span class='ocrx_word' id='word_1_537' title='bbox 1783 2561 1963 2606; x_wconf 88' lang='lat' dir='ltr'><strong>autem</strong></span> <span class='ocrx_word' id='word_1_538' title='bbox 1994 2564 2077 2607; x_wconf 89' lang='lat' dir='ltr'><strong>est</strong></span> <span class='ocrx_word' id='word_1_539' title='bbox 2119 2570 2183 2609; x_wconf 82' lang='lat' dir='ltr'><strong>ex</strong></span> <span class='ocrx_word' id='word_1_540' title='bbox 2208 2557 2449 2624; x_wconf 80' lang='lat' dir='ltr'><strong>genitore</strong></span> <span class='ocrx_word' id='word_1_541' title='bbox 2473 2556 2727 2627; x_wconf 79' lang='lat' dir='ltr'><strong>Verbum,</strong></span> <span class='ocrx_word' id='word_1_542' title='bbox 2756 2576 2819 2615; x_wconf 81' lang='lat' dir='ltr'><strong>ex</strong></span> <span class='ocrx_word' id='word_1_543' title='bbox 2846 2560 3065 2616; x_wconf 74' lang='lat' dir='ltr'><strong>iacturis</strong></span> <span class='ocrx_word' id='word_1_544' title='bbox 3093 2564 3353 2620; x_wconf 78' lang='lat' dir='ltr'><strong>factorem</strong></span> 
     </span>
    </p>
   </div>
   <div class='ocr_carea' id='block_1_69' title="bbox 1782 2643 3415 2729">
    <p class='ocr_par' dir='ltr' id='par_1_69' title="bbox 1782 2643 3415 2729">
     <span class='ocr_line' id='line_1_69' title="bbox 1782 2643 3415 2729; baseline 0.01 -34"><span class='ocrx_word' id='word_1_545' title='bbox 1782 2643 1964 2712; x_wconf 86' lang='lat' dir='ltr'><strong>arguit</strong></span> <span class='ocrx_word' id='word_1_546' title='bbox 1985 2659 2106 2700; x_wconf 89' lang='lat' dir='ltr'><strong>esse</strong></span> <span class='ocrx_word' id='word_1_547' title='bbox 2136 2646 2291 2716; x_wconf 88' lang='lat' dir='ltr'><strong>prius</strong></span> <span class='ocrx_word' id='word_1_548' title='bbox 2319 2664 2332 2712; x_wconf 88' lang='lat'><strong>;</strong></span> <span class='ocrx_word' id='word_1_549' title='bbox 2368 2647 2504 2703; x_wconf 87' lang='lat' dir='ltr'><strong>illud</strong></span> <span class='ocrx_word' id='word_1_550' title='bbox 2547 2651 2768 2718; x_wconf 78' lang='lat' dir='ltr'><strong>quidem</strong></span> <span class='ocrx_word' id='word_1_551' title='bbox 2822 2662 2875 2707; x_wconf 85' lang='lat' dir='ltr'><strong>et</strong></span> <span class='ocrx_word' id='word_1_552' title='bbox 2909 2652 3140 2709; x_wconf 72' lang='lat' dir='ltr'><strong>inferius</strong></span> <span class='ocrx_word' id='word_1_553' title='bbox 3169 2658 3276 2710; x_wconf 88' lang='lat' dir='ltr'><strong>erit</strong></span> <span class='ocrx_word' id='word_1_554' title='bbox 3300 2668 3356 2711; x_wconf 91' lang='lat' dir='ltr'><strong>et</strong></span> <span class='ocrx_word' id='word_1_555' title='bbox 3412 2726 3415 2729; x_wconf 18' lang='grc' dir='ltr'>ν</span> 
     </span>
    </p>
   </div>
   <div class='ocr_carea' id='block_1_70' title="bbox 1781 2733 3353 2818">
    <p class='ocr_par' dir='ltr' id='par_1_70' title="bbox 1781 2733 3353 2818">
     <span class='ocr_line' id='line_1_70' title="bbox 1781 2733 3353 2818; baseline 0.011 -31"><span class='ocrx_word' id='word_1_556' title='bbox 1781 2748 1890 2787; x_wconf 89' lang='lat' dir='ltr'><strong>non</strong></span> <span class='ocrx_word' id='word_1_557' title='bbox 1920 2733 2148 2791; x_wconf 73' lang='lat' dir='ltr'><strong>inferius</strong></span> <span class='ocrx_word' id='word_1_558' title='bbox 2169 2775 2183 2802; x_wconf 85' lang='lat'><strong>,</strong></span> <span class='ocrx_word' id='word_1_559' title='bbox 2245 2738 2385 2793; x_wconf 87' lang='lat' dir='ltr'><strong>idem</strong></span> <span class='ocrx_word' id='word_1_560' title='bbox 2412 2748 2468 2793; x_wconf 88' lang='lat' dir='ltr'><strong>et</strong></span> <span class='ocrx_word' id='word_1_561' title='bbox 2497 2755 2606 2795; x_wconf 91' lang='lat' dir='ltr'><strong>non</strong></span> <span class='ocrx_word' id='word_1_562' title='bbox 2647 2742 2806 2809; x_wconf 86' lang='lat' dir='ltr'><strong>idem,</strong></span> <span class='ocrx_word' id='word_1_563' title='bbox 2844 2745 2987 2813; x_wconf 89' lang='lat' dir='ltr'><strong>quod</strong></span> <span class='ocrx_word' id='word_1_564' title='bbox 3028 2756 3111 2802; x_wconf 82' lang='lat' dir='ltr'><strong>est</strong></span> <span class='ocrx_word' id='word_1_565' title='bbox 3144 2746 3353 2818; x_wconf 80' lang='lat' dir='ltr'><strong>impos-</strong></span> 
     </span>
    </p>
   </div>
   <div class='ocr_carea' id='block_1_71' title="bbox 1679 2815 1957 2881">
    <p class='ocr_par' dir='ltr' id='par_1_71' title="bbox 1679 2815 1957 2881">
     <span class='ocr_line' id='line_1_71' title="bbox 1679 2815 1957 2881; baseline 0.014 -4"><span class='ocrx_word' id='word_1_566' title='bbox 1679 2815 1683 2819; x_wconf 59' lang='grc'><strong>’</strong></span> <span class='ocrx_word' id='word_1_567' title='bbox 1779 2826 1957 2881; x_wconf 78' lang='lat' dir='ltr'><strong>sibile.</strong></span> 
     </span>
    </p>
   </div>
   <div class='ocr_carea' id='block_1_72' title="bbox 1802 2916 3355 3002">
    <p class='ocr_par' dir='ltr' id='par_1_72' title="bbox 1802 2916 3355 3002">
     <span class='ocr_line' id='line_1_72' title="bbox 1802 2916 3355 3002; baseline 0.012 -32"><span class='ocrx_word' id='word_1_568' title='bbox 1802 2974 1821 2984; x_wconf 39' lang='grc' dir='ltr'><em>ρ</em></span> <span class='ocrx_word' id='word_1_569' title='bbox 1850 2916 1903 2971; x_wconf 86' lang='grc'><strong>5.</strong></span> <span class='ocrx_word' id='word_1_570' title='bbox 1949 2918 2237 2974; x_wconf 68' lang='lat' dir='ltr'><strong>Videamus</strong></span> <span class='ocrx_word' id='word_1_571' title='bbox 2271 2920 2393 2990; x_wconf 86' lang='lat' dir='ltr'><strong>jam</strong></span> <span class='ocrx_word' id='word_1_572' title='bbox 2420 2923 2563 2993; x_wconf 88' lang='lat' dir='ltr'><strong>quod</strong></span> <span class='ocrx_word' id='word_1_573' title='bbox 2599 2925 2671 2979; x_wconf 87' lang='lat' dir='ltr'><strong>ibi</strong></span> <span class='ocrx_word' id='word_1_574' title='bbox 2718 2927 2961 3002; x_wconf 80' lang='lat' dir='ltr'><strong>additur,</strong></span> <span class='ocrx_word' id='word_1_575' title='bbox 2992 2933 3064 2986; x_wconf 89' lang='lat' dir='ltr'><strong>ita</strong></span> <span class='ocrx_word' id='word_1_576' title='bbox 3107 2932 3253 2987; x_wconf 87' lang='lat' dir='ltr'><strong>enim</strong></span> <span class='ocrx_word' id='word_1_577' title='bbox 3294 2949 3355 2989; x_wconf 83' lang='lat' dir='ltr'><strong>se</strong></span> 
     </span>
    </p>
   </div>
   <div class='ocr_carea' id='block_1_73' title="bbox 1781 3009 3356 3093">
    <p class='ocr_par' dir='ltr' id='par_1_73' title="bbox 1781 3009 3356 3093">
     <span class='ocr_line' id='line_1_73' title="bbox 1781 3009 3356 3093; baseline 0.01 -29"><span class='ocrx_word' id='word_1_578' title='bbox 1781 3009 1942 3083; x_wconf 75' lang='lat' dir='ltr'><strong>habet</strong></span> <span class='ocrx_word' id='word_1_579' title='bbox 1974 3029 1985 3065; x_wconf 91' lang='lat'><strong>:</strong></span> <span class='ocrx_word' id='word_1_580' title='bbox 2029 3030 2049 3062; x_wconf 77' lang='grc' dir='ltr'>ι</span> <span class='ocrx_word' id='word_1_581' title='bbox 2085 3012 2222 3078; x_wconf 85' lang='lat' dir='ltr'><strong>Quia</strong></span> <span class='ocrx_word' id='word_1_582' title='bbox 2254 3014 2301 3068; x_wconf 88' lang='lat' dir='ltr'><strong>si</strong></span> <span class='ocrx_word' id='word_1_583' title='bbox 2335 3024 2490 3083; x_wconf 86' lang='lat' dir='ltr'><strong>putes</strong></span> <span class='ocrx_word' id='word_1_584' title='bbox 2527 3033 2696 3071; x_wconf 90' lang='lat' dir='ltr'><strong>unum</strong></span> <span class='ocrx_word' id='word_1_585' title='bbox 2730 3011 2852 3075; x_wconf 37' lang='lat' dir='ltr'><strong>esse</strong></span> <span class='ocrx_word' id='word_1_586' title='bbox 2888 3023 3214 3093; x_wconf 84' lang='lat' dir='ltr'><strong>principium</strong></span> <span class='ocrx_word' id='word_1_587' title='bbox 3240 3040 3356 3079; x_wconf 88' lang='lat' dir='ltr'><strong>am-</strong></span> 
     </span>
    </p>
   </div>
   <div class='ocr_carea' id='block_1_74' title="bbox 1778 3103 3352 3183">
    <p class='ocr_par' dir='ltr' id='par_1_74' title="bbox 1778 3103 3352 3183">
     <span class='ocr_line' id='line_1_74' title="bbox 1778 3103 3352 3183; baseline 0.01 -26"><span class='ocrx_word' id='word_1_588' title='bbox 1778 3103 1996 3167; x_wconf 85' lang='lat' dir='ltr'><strong>borum,</strong></span> <span class='ocrx_word' id='word_1_589' title='bbox 2026 3104 2203 3160; x_wconf 84' lang='lat' dir='ltr'><strong>Patris</strong></span> <span class='ocrx_word' id='word_1_590' title='bbox 2229 3106 2474 3162; x_wconf 83' lang='lat' dir='ltr'><strong>videlicet</strong></span> <span class='ocrx_word' id='word_1_591' title='bbox 2498 3119 2662 3179; x_wconf 87' lang='lat' dir='ltr'><strong>atque</strong></span> <span class='ocrx_word' id='word_1_592' title='bbox 2718 3110 2862 3179; x_wconf 82' lang='lat' dir='ltr'><strong>Filii,</strong></span> <span class='ocrx_word' id='word_1_593' title='bbox 2894 3116 3037 3183; x_wconf 89' lang='lat' dir='ltr'><strong>perit</strong></span> <span class='ocrx_word' id='word_1_594' title='bbox 3072 3118 3352 3174; x_wconf 84' lang='lat' dir='ltr'><strong>relationis</strong></span> 
     </span>
    </p>
   </div>
   <div class='ocr_carea' id='block_1_75' title="bbox 1778 3197 3348 3278">
    <p class='ocr_par' dir='ltr' id='par_1_75' title="bbox 1778 3197 3348 3278">
     <span class='ocr_line' id='line_1_75' title="bbox 1778 3197 3348 3278; baseline 0.01 -29"><span class='ocrx_word' id='word_1_595' title='bbox 1778 3197 1937 3257; x_wconf 89' lang='lat' dir='ltr'><strong>ordo.</strong></span> <span class='ocrx_word' id='word_1_596' title='bbox 1981 3212 2103 3266; x_wconf 68' lang='lat' dir='ltr'><strong>quae</strong></span> <span class='ocrx_word' id='word_1_597' title='bbox 2124 3198 2410 3254; x_wconf 84' lang='lat' dir='ltr'><strong>intercedit</strong></span> <span class='ocrx_word' id='word_1_598' title='bbox 2452 3201 2607 3256; x_wconf 75' lang='lat' dir='ltr'><strong>inter&quot;</strong></span> <span class='ocrx_word' id='word_1_599' title='bbox 2640 3206 2937 3273; x_wconf 77' lang='lat' dir='ltr'><strong>genitorem</strong></span> <span class='ocrx_word' id='word_1_600' title='bbox 2971 3218 3025 3261; x_wconf 90' lang='lat' dir='ltr'><strong>et</strong></span> <span class='ocrx_word' id='word_1_601' title='bbox 3064 3210 3301 3278; x_wconf 85' lang='lat' dir='ltr'><strong>genitum</strong></span> <span class='ocrx_word' id='word_1_602' title='bbox 3334 3228 3348 3265; x_wconf 90' lang='lat'><strong>:</strong></span> 
     </span>
    </p>
   </div>
   <div class='ocr_carea' id='block_1_76' title="bbox 1779 3288 3351 3372">
    <p class='ocr_par' dir='ltr' id='par_1_76' title="bbox 1779 3288 3351 3372">
     <span class='ocr_line' id='line_1_76' title="bbox 1779 3288 3351 3372; baseline 0.012 -33"><span class='ocrx_word' id='word_1_603' title='bbox 1779 3288 2101 3358; x_wconf 87' lang='lat' dir='ltr'><strong>cogiturque</strong></span> <span class='ocrx_word' id='word_1_604' title='bbox 2132 3292 2419 3346; x_wconf 88' lang='lat' dir='ltr'><strong>amborum</strong></span> <span class='ocrx_word' id='word_1_605' title='bbox 2444 3297 2736 3365; x_wconf 85' lang='lat' dir='ltr'><strong>appellatio</strong></span> <span class='ocrx_word' id='word_1_606' title='bbox 2773 3299 2981 3369; x_wconf 87' lang='lat' dir='ltr'><strong>sejungi</strong></span> <span class='ocrx_word' id='word_1_607' title='bbox 3016 3316 3044 3355; x_wconf 90' lang='lat' dir='ltr'><strong>a</strong></span> <span class='ocrx_word' id='word_1_608' title='bbox 3096 3303 3351 3372; x_wconf 73' lang='lat' dir='ltr'><strong>gignente</strong></span> 
     </span>
    </p>
   </div>
   <div class='ocr_carea' id='block_1_77' title="bbox 1778 3381 3344 3458">
    <p class='ocr_par' dir='ltr' id='par_1_77' title="bbox 1778 3381 3344 3458">
     <span class='ocr_line' id='line_1_77' title="bbox 1778 3381 3344 3458; baseline 0.01 -26"><span class='ocrx_word' id='word_1_609' title='bbox 1778 3386 1833 3432; x_wconf 88' lang='lat' dir='ltr'><strong>et</strong></span> <span class='ocrx_word' id='word_1_610' title='bbox 1856 3393 1887 3431; x_wconf 87' lang='lat' dir='ltr'><strong>a</strong></span> <span class='ocrx_word' id='word_1_611' title='bbox 1916 3381 2120 3449; x_wconf 88' lang='lat' dir='ltr'><strong>genito,</strong></span> <span class='ocrx_word' id='word_1_612' title='bbox 2158 3397 2188 3435; x_wconf 91' lang='lat' dir='ltr'><strong>a</strong></span> <span class='ocrx_word' id='word_1_613' title='bbox 2229 3386 2635 3452; x_wconf 65' lang='lat' dir='ltr'><strong>praeexsistente</strong></span> <span class='ocrx_word' id='word_1_614' title='bbox 2669 3397 2721 3442; x_wconf 90' lang='lat' dir='ltr'><strong>et</strong></span> <span class='ocrx_word' id='word_1_615' title='bbox 2770 3392 3090 3458; x_wconf 81' lang='lat' dir='ltr'><strong>posteriore.</strong></span> <span class='ocrx_word' id='word_1_616' title='bbox 3121 3413 3142 3445; x_wconf 63' lang='grc' dir='ltr'><strong>θ</strong></span> <span class='ocrx_word' id='word_1_617' title='bbox 3186 3394 3344 3447; x_wconf 86' lang='lat' dir='ltr'><strong>Libe-</strong></span> 
     </span>
    </p>
   </div>
   <div class='ocr_carea' id='block_1_78' title="bbox 1779 3470 3341 3543">
    <p class='ocr_par' dir='ltr' id='par_1_78' title="bbox 1779 3470 3341 3543">
     <span class='ocr_line' id='line_1_78' title="bbox 1779 3470 3341 3543; baseline 0.011 -20"><span class='ocrx_word' id='word_1_618' title='bbox 1779 3470 1911 3523; x_wconf 89' lang='lat' dir='ltr'><strong>rasti</strong></span> <span class='ocrx_word' id='word_1_619' title='bbox 1938 3486 2023 3527; x_wconf 91' lang='lat' dir='ltr'><strong>me</strong></span> <span class='ocrx_word' id='word_1_620' title='bbox 2048 3475 2283 3543; x_wconf 86' lang='lat' dir='ltr'><strong>negotio,</strong></span> <span class='ocrx_word' id='word_1_621' title='bbox 2316 3490 2349 3529; x_wconf 93' lang='lat' dir='ltr'><strong>o</strong></span> <span class='ocrx_word' id='word_1_622' title='bbox 2376 3477 2555 3543; x_wconf 79' lang='lat' dir='ltr'><strong>sodes,</strong></span> <span class='ocrx_word' id='word_1_623' title='bbox 2588 3495 2852 3535; x_wconf 88' lang='lat' dir='ltr'><strong>arcanum</strong></span> <span class='ocrx_word' id='word_1_624' title='bbox 2887 3475 3176 3539; x_wconf 68' lang='lat' dir='ltr'><strong>enarratis.</strong></span> <span class='ocrx_word' id='word_1_625' title='bbox 3208 3485 3341 3540; x_wconf 85' lang='lat' dir='ltr'><strong>Nam</strong></span> 
     </span>
    </p>
   </div>
   <div class='ocr_carea' id='block_1_79' title="bbox 1778 3550 3345 3647">
    <p class='ocr_par' dir='ltr' id='par_1_79' title="bbox 1778 3550 3345 3647">
     <span class='ocr_line' id='line_1_79' title="bbox 1778 3550 3345 3647; baseline 0.01 -31"><span class='ocrx_word' id='word_1_626' title='bbox 1778 3562 1825 3616; x_wconf 85' lang='lat' dir='ltr'><strong>si</strong></span> <span class='ocrx_word' id='word_1_627' title='bbox 1864 3563 1997 3616; x_wconf 87' lang='lat' dir='ltr'><strong>mihi</strong></span> <span class='ocrx_word' id='word_1_628' title='bbox 2030 3550 2423 3630; x_wconf 77' lang='lat' dir='ltr'><strong>persuasissem</strong></span> <span class='ocrx_word' id='word_1_629' title='bbox 2462 3585 2491 3623; x_wconf 86' lang='lat' dir='ltr'><strong>a</strong></span> <span class='ocrx_word' id='word_1_630' title='bbox 2522 3579 2575 3624; x_wconf 87' lang='lat' dir='ltr'><strong>te</strong></span> <span class='ocrx_word' id='word_1_631' title='bbox 2625 3558 2823 3627; x_wconf 85' lang='lat' dir='ltr'><strong>dictam</strong></span> <span class='ocrx_word' id='word_1_632' title='bbox 2869 3578 3193 3630; x_wconf 85' lang='lat' dir='ltr'><strong>sententiam</strong></span> <span class='ocrx_word' id='word_1_633' title='bbox 3226 3595 3345 3647; x_wconf 81' lang='lat' dir='ltr'><strong>quae</strong></span> 
     </span>
    </p>
   </div>
   <div class='ocr_carea' id='block_1_80' title="bbox 1779 3653 3341 3737">
    <p class='ocr_par' dir='ltr' id='par_1_80' title="bbox 1779 3653 3341 3737">
     <span class='ocr_line' id='line_1_80' title="bbox 1779 3653 3341 3737; baseline 0.012 -32"><span class='ocrx_word' id='word_1_634' title='bbox 1779 3654 1886 3707; x_wconf 87' lang='lat' dir='ltr'><strong>ait:</strong></span> <span class='ocrx_word' id='word_1_635' title='bbox 1912 3673 1929 3705; x_wconf 81' lang='grc' dir='ltr'>ι</span> <span class='ocrx_word' id='word_1_636' title='bbox 1954 3653 2142 3710; x_wconf 88' lang='lat' dir='ltr'><strong>Omnis</strong></span> <span class='ocrx_word' id='word_1_637' title='bbox 2170 3658 2378 3726; x_wconf 84' lang='lat' dir='ltr'><strong>genitor</strong></span> <span class='ocrx_word' id='word_1_638' title='bbox 2402 3662 2551 3728; x_wconf 88' lang='lat' dir='ltr'><strong>prior</strong></span> <span class='ocrx_word' id='word_1_639' title='bbox 2572 3672 2652 3718; x_wconf 82' lang='lat' dir='ltr'><strong>est</strong></span> <span class='ocrx_word' id='word_1_640' title='bbox 2682 3667 2899 3734; x_wconf 85' lang='lat' dir='ltr'><strong>preprio</strong></span> <span class='ocrx_word' id='word_1_641' title='bbox 2920 3669 3207 3737; x_wconf 89' lang='lat' dir='ltr'><strong>genimine,</strong></span> <span class='ocrx_word' id='word_1_642' title='bbox 3237 3689 3257 3722; x_wconf 73' lang='grc' dir='ltr'><strong><em>ο</em></strong></span> <span class='ocrx_word' id='word_1_643' title='bbox 3290 3672 3341 3724; x_wconf 86' lang='lat' dir='ltr'><strong>in</strong></span> 
     </span>
    </p>
   </div>
   <div class='ocr_carea' id='block_1_81' title="bbox 1778 3743 3409 3822">
    <p class='ocr_par' dir='ltr' id='par_1_81' title="bbox 1778 3743 3409 3822">
     <span class='ocr_line' id='line_1_81' title="bbox 1778 3743 3409 3822; baseline 0.012 -25"><span class='ocrx_word' id='word_1_644' title='bbox 1778 3743 1889 3800; x_wconf 90' lang='lat' dir='ltr'><strong>Deo</strong></span> <span class='ocrx_word' id='word_1_645' title='bbox 1942 3749 2269 3811; x_wconf 85' lang='lat' dir='ltr'><strong>usuvenire,</strong></span> <span class='ocrx_word' id='word_1_646' title='bbox 2304 3748 2538 3807; x_wconf 83' lang='lat' dir='ltr'><strong>fortasse</strong></span> <span class='ocrx_word' id='word_1_647' title='bbox 2588 3756 2805 3809; x_wconf 87' lang='lat' dir='ltr'><strong>etiamsi</strong></span> <span class='ocrx_word' id='word_1_648' title='bbox 2859 3757 3084 3822; x_wconf 87' lang='lat' dir='ltr'><strong>invitus,</strong></span> <span class='ocrx_word' id='word_1_649' title='bbox 3115 3763 3341 3815; x_wconf 85' lang='lat' dir='ltr'><strong>veritate</strong></span> <span class='ocrx_word' id='word_1_650' title='bbox 3401 3772 3409 3779; x_wconf 87' lang='lat'><strong>&#39;</strong></span> 
     </span>
    </p>
   </div>
   <div class='ocr_carea' id='block_1_82' title="bbox 1779 3840 3344 3923">
    <p class='ocr_par' dir='ltr' id='par_1_82' title="bbox 1779 3840 3344 3923">
     <span class='ocr_line' id='line_1_82' title="bbox 1779 3840 3344 3923; baseline 0.01 -32"><span class='ocrx_word' id='word_1_651' title='bbox 1779 3840 2114 3907; x_wconf 76' lang='lat' dir='ltr'><strong>compulsus,</strong></span> <span class='ocrx_word' id='word_1_652' title='bbox 2153 3843 2443 3898; x_wconf 88' lang='lat' dir='ltr'><strong>secundam</strong></span> <span class='ocrx_word' id='word_1_653' title='bbox 2475 3846 2616 3900; x_wconf 88' lang='lat' dir='ltr'><strong>hanc</strong></span> <span class='ocrx_word' id='word_1_654' title='bbox 2641 3864 2861 3917; x_wconf 88' lang='lat' dir='ltr'><strong>quoque</strong></span> <span class='ocrx_word' id='word_1_655' title='bbox 2884 3851 3202 3923; x_wconf 83' lang='lat' dir='ltr'><strong>conﬁterer.</strong></span> <span class='ocrx_word' id='word_1_656' title='bbox 3241 3853 3344 3908; x_wconf 86' lang='lat' dir='ltr'><strong>Sed</strong></span> 
     </span>
    </p>
   </div>
   <div class='ocr_carea' id='block_1_83' title="bbox 1776 3928 3345 4007">
    <p class='ocr_par' dir='ltr' id='par_1_83' title="bbox 1776 3928 3345 4007">
     <span class='ocr_line' id='line_1_83' title="bbox 1776 3928 3345 4007; baseline 0.013 -27"><span class='ocrx_word' id='word_1_657' title='bbox 1776 3928 1903 3998; x_wconf 84' lang='lat' dir='ltr'><strong>quia</strong></span> <span class='ocrx_word' id='word_1_658' title='bbox 1960 3932 2106 3985; x_wconf 85' lang='lat' dir='ltr'><strong>illam</strong></span> <span class='ocrx_word' id='word_1_659' title='bbox 2158 3932 2366 3989; x_wconf 71' lang='lat' dir='ltr'><strong>[utilem</strong></span> <span class='ocrx_word' id='word_1_660' title='bbox 2412 3952 2536 3991; x_wconf 83' lang='lat' dir='ltr'><strong>esse</strong></span> <span class='ocrx_word' id='word_1_661' title='bbox 2596 3951 2762 4007; x_wconf 87' lang='lat' dir='ltr'><strong>atque</strong></span> <span class='ocrx_word' id='word_1_662' title='bbox 2816 3943 3041 3998; x_wconf 88' lang='lat' dir='ltr'><strong>omnino</strong></span> <span class='ocrx_word' id='word_1_663' title='bbox 3090 3944 3283 3999; x_wconf 78' lang='lat' dir='ltr'><strong>falsam</strong></span> <span class='ocrx_word' id='word_1_664' title='bbox 3314 3949 3345 4001; x_wconf 75' lang='lat' dir='ltr'><strong>a&#39;</strong></span> 
     </span>
    </p>
   </div>
   <div class='ocr_carea' id='block_1_84' title="bbox 1778 4021 3347 4098">
    <p class='ocr_par' dir='ltr' id='par_1_84' title="bbox 1778 4021 3347 4098">
     <span class='ocr_line' id='line_1_84' title="bbox 1778 4021 3347 4098; baseline 0.011 -23"><span class='ocrx_word' id='word_1_665' title='bbox 1778 4021 1999 4092; x_wconf 86' lang='lat' dir='ltr'><strong>Deoque</strong></span> <span class='ocrx_word' id='word_1_666' title='bbox 2049 4025 2281 4081; x_wconf 88' lang='lat' dir='ltr'><strong>alienam</strong></span> <span class='ocrx_word' id='word_1_667' title='bbox 2334 4044 2516 4083; x_wconf 86' lang='lat' dir='ltr'><strong>sermo</strong></span> <span class='ocrx_word' id='word_1_668' title='bbox 2575 4040 2759 4084; x_wconf 75' lang='lat' dir='ltr'><strong>noster</strong></span> <span class='ocrx_word' id='word_1_669' title='bbox 2787 4033 3221 4098; x_wconf 84' lang='lat' dir='ltr'><strong>demonstravit,</strong></span> <span class='ocrx_word' id='word_1_670' title='bbox 3260 4055 3347 4092; x_wconf 76' lang='lat' dir='ltr'><strong>me</strong></span> 
     </span>
    </p>
   </div>
   <div class='ocr_carea' id='block_1_85' title="bbox 1777 4116 3343 4191">
    <p class='ocr_par' dir='ltr' id='par_1_85' title="bbox 1777 4116 3343 4191">
     <span class='ocr_line' id='line_1_85' title="bbox 1777 4116 3343 4191; baseline 0.011 -24"><span class='ocrx_word' id='word_1_671' title='bbox 1777 4123 1924 4168; x_wconf 81' lang='lat' dir='ltr'><strong>certe</strong></span> <span class='ocrx_word' id='word_1_672' title='bbox 1950 4116 2297 4171; x_wconf 90' lang='lat' dir='ltr'><strong>ratiocinium</strong></span> <span class='ocrx_word' id='word_1_673' title='bbox 2333 4136 2441 4173; x_wconf 87' lang='lat' dir='ltr'><strong>non</strong></span> <span class='ocrx_word' id='word_1_674' title='bbox 2468 4131 2623 4191; x_wconf 78' lang='lat' dir='ltr'><strong>coget</strong></span> <span class='ocrx_word' id='word_1_675' title='bbox 2645 4123 2985 4191; x_wconf 83' lang='lat' dir='ltr'><strong>Subjunctam</strong></span> <span class='ocrx_word' id='word_1_676' title='bbox 3018 4130 3343 4185; x_wconf 84' lang='lat' dir='ltr'><strong>sententiam</strong></span> 
     </span>
    </p>
   </div>
   <div class='ocr_carea' id='block_1_86' title="bbox 1776 4206 3339 4283">
    <p class='ocr_par' dir='ltr' id='par_1_86' title="bbox 1776 4206 3339 4283">
     <span class='ocr_line' id='line_1_86' title="bbox 1776 4206 3339 4283; baseline 0.012 -26"><span class='ocrx_word' id='word_1_677' title='bbox 1776 4206 1931 4273; x_wconf 86' lang='lat' dir='ltr'><strong>pensi</strong></span> <span class='ocrx_word' id='word_1_678' title='bbox 1958 4206 2177 4261; x_wconf 82' lang='lat' dir='ltr'><strong>habere.</strong></span> <span class='ocrx_word' id='word_1_679' title='bbox 2207 4207 2339 4261; x_wconf 83' lang='lat' dir='ltr'><strong>Nam</strong></span> <span class='ocrx_word' id='word_1_680' title='bbox 2381 4210 2424 4263; x_wconf 83' lang='lat' dir='ltr'><strong>si</strong></span> <span class='ocrx_word' id='word_1_681' title='bbox 2451 4212 2558 4265; x_wconf 89' lang='lat' dir='ltr'><strong>duo</strong></span> <span class='ocrx_word' id='word_1_682' title='bbox 2588 4212 2724 4267; x_wconf 76' lang='lat' dir='ltr'><strong>forte</strong></span> <span class='ocrx_word' id='word_1_683' title='bbox 2748 4214 2874 4277; x_wconf 88' lang='lat' dir='ltr'><strong>sint,</strong></span> <span class='ocrx_word' id='word_1_684' title='bbox 2908 4232 3139 4283; x_wconf 90' lang='lat' dir='ltr'><strong>quorum</strong></span> <span class='ocrx_word' id='word_1_685' title='bbox 3175 4236 3339 4276; x_wconf 87' lang='lat' dir='ltr'><strong>unum</strong></span> 
     </span>
    </p>
   </div>
   <div class='ocr_carea' id='block_1_87' title="bbox 1777 4284 3341 4367">
    <p class='ocr_par' dir='ltr' id='par_1_87' title="bbox 1777 4284 3341 4367">
     <span class='ocr_line' id='line_1_87' title="bbox 1777 4284 3341 4367; baseline 0.011 -20"><span class='ocrx_word' id='word_1_686' title='bbox 1777 4284 2132 4363; x_wconf 63' lang='lat' dir='ltr'><strong>praecedentis</strong></span> <span class='ocrx_word' id='word_1_687' title='bbox 2194 4298 2313 4353; x_wconf 87' lang='lat' dir='ltr'><strong>loco</strong></span> <span class='ocrx_word' id='word_1_688' title='bbox 2343 4301 2646 4367; x_wconf 12' lang='lat' dir='ltr'><strong>tliabeatur,</strong></span> <span class='ocrx_word' id='word_1_689' title='bbox 2698 4304 2927 4357; x_wconf 87' lang='lat' dir='ltr'><strong>alterum</strong></span> <span class='ocrx_word' id='word_1_690' title='bbox 2982 4320 3109 4360; x_wconf 77' lang='lat' dir='ltr'><strong>vero</strong></span> <span class='ocrx_word' id='word_1_691' title='bbox 3148 4309 3341 4364; x_wconf 80' lang='lat' dir='ltr'><strong>subse-</strong></span> 
     </span>
    </p>
   </div>
   <div class='ocr_carea' id='block_1_88' title="bbox 1778 4386 3341 4470">
    <p class='ocr_par' dir='ltr' id='par_1_88' title="bbox 1778 4386 3341 4470">
     <span class='ocr_line' id='line_1_88' title="bbox 1778 4386 3341 4470; baseline 0.012 -33"><span class='ocrx_word' id='word_1_692' title='bbox 1778 4386 1997 4454; x_wconf 80' lang='lat' dir='ltr'><strong>quentis</strong></span> <span class='ocrx_word' id='word_1_693' title='bbox 2024 4429 2036 4451; x_wconf 93' lang='lat'><strong>,</strong></span> <span class='ocrx_word' id='word_1_694' title='bbox 2070 4397 2216 4456; x_wconf 82' lang='lat' dir='ltr'><strong>patet</strong></span> <span class='ocrx_word' id='word_1_695' title='bbox 2241 4394 2578 4459; x_wconf 73' lang='lat' dir='ltr'><strong>praecedente</strong></span> <span class='ocrx_word' id='word_1_696' title='bbox 2605 4407 2903 4467; x_wconf 17' lang='lat' dir='ltr'><strong>“concesso,</strong></span> <span class='ocrx_word' id='word_1_697' title='bbox 2937 4412 3173 4467; x_wconf 78' lang='lat' dir='ltr'><strong>sequens</strong></span> <span class='ocrx_word' id='word_1_698' title='bbox 3201 4416 3341 4470; x_wconf 83' lang='lat' dir='ltr'><strong>quo-</strong></span> 
     </span>
    </p>
   </div>
   <div class='ocr_carea' id='block_1_89' title="bbox 1778 4483 3339 4562">
    <p class='ocr_par' dir='ltr' id='par_1_89' title="bbox 1778 4483 3339 4562">
     <span class='ocr_line' id='line_1_89' title="bbox 1778 4483 3339 4562; baseline 0.013 -34"><span class='ocrx_word' id='word_1_699' title='bbox 1778 4492 1884 4546; x_wconf 85' lang='lat' dir='ltr'><strong>que</strong></span> <span class='ocrx_word' id='word_1_700' title='bbox 1915 4493 2233 4533; x_wconf 85' lang='lat' dir='ltr'><strong>concessum</strong></span> <span class='ocrx_word' id='word_1_701' title='bbox 2259 4483 2323 4534; x_wconf 90' lang='lat' dir='ltr'><strong>iri</strong></span> <span class='ocrx_word' id='word_1_702' title='bbox 2360 4502 2372 4536; x_wconf 91' lang='lat'>:</span> <span class='ocrx_word' id='word_1_703' title='bbox 2402 4498 2508 4536; x_wconf 88' lang='lat' dir='ltr'><strong>non</strong></span> <span class='ocrx_word' id='word_1_704' title='bbox 2534 4493 2711 4538; x_wconf 88' lang='lat' dir='ltr'><strong>tamen</strong></span> <span class='ocrx_word' id='word_1_705' title='bbox 2737 4490 3087 4556; x_wconf 85' lang='lat' dir='ltr'><strong>concedetur,</strong></span> <span class='ocrx_word' id='word_1_706' title='bbox 3121 4493 3166 4547; x_wconf 91' lang='lat' dir='ltr'><strong>si</strong></span> <span class='ocrx_word' id='word_1_707' title='bbox 3199 4508 3339 4562; x_wconf 68' lang='lat' dir='ltr'><strong>prm-</strong></span> 
     </span>
    </p>
   </div>
   <div class='ocr_carea' id='block_1_90' title="bbox 1778 4568 3344 4642">
    <p class='ocr_par' dir='ltr' id='par_1_90' title="bbox 1778 4568 3344 4642">
     <span class='ocr_line' id='line_1_90' title="bbox 1778 4568 3344 4642; baseline 0.012 -19"><span class='ocrx_word' id='word_1_708' title='bbox 1778 4568 1979 4624; x_wconf 77' lang='lat' dir='ltr'><strong>cedens</strong></span> <span class='ocrx_word' id='word_1_709' title='bbox 2045 4573 2195 4626; x_wconf 89' lang='lat' dir='ltr'><strong>nullo</strong></span> <span class='ocrx_word' id='word_1_710' title='bbox 2253 4576 2413 4628; x_wconf 86' lang='lat' dir='ltr'><strong>modo</strong></span> <span class='ocrx_word' id='word_1_711' title='bbox 2476 4578 2810 4632; x_wconf 90' lang='lat' dir='ltr'><strong>admittatur.</strong></span> <span class='ocrx_word' id='word_1_712' title='bbox 2865 4580 2979 4635; x_wconf 83' lang='lat' dir='ltr'><strong>lloc</strong></span> <span class='ocrx_word' id='word_1_713' title='bbox 3036 4594 3225 4637; x_wconf 86' lang='lat' dir='ltr'><strong>autem</strong></span> <span class='ocrx_word' id='word_1_714' title='bbox 3264 4587 3344 4642; x_wconf 88' lang='lat' dir='ltr'><strong>sic</strong></span> 
     </span>
    </p>
   </div>
   <div class='ocr_carea' id='block_1_91' title="bbox 105 4644 1680 4748">
    <p class='ocr_par' dir='ltr' id='par_1_91' title="bbox 105 4644 1666 4738">
     <span class='ocr_line' id='line_1_91' title="bbox 105 4644 1666 4738; baseline 0.018 -42"><span class='ocrx_word' id='word_1_715' title='bbox 105 4644 357 4713; x_wconf 81' lang='grc' dir='ltr'>γηθέντος</span> <span class='ocrx_word' id='word_1_716' title='bbox 381 4668 394 4681; x_wconf 74' lang='grc'><strong><em>⁸</em></strong></span> <span class='ocrx_word' id='word_1_717' title='bbox 434 4652 597 4707; x_wconf 87' lang='grc' dir='ltr'>τοῦτο</span> <span class='ocrx_word' id='word_1_718' title='bbox 630 4654 686 4708; x_wconf 78' lang='grc' dir='ltr'>δὲ</span> <span class='ocrx_word' id='word_1_719' title='bbox 737 4657 896 4727; x_wconf 76' lang='grc' dir='ltr'>δῆλον</span> <span class='ocrx_word' id='word_1_720' title='bbox 937 4654 1038 4714; x_wconf 78' lang='grc' dir='ltr'><strong>ὧδε</strong></span> <span class='ocrx_word' id='word_1_721' title='bbox 1070 4678 1084 4694; x_wconf 85' lang='grc'><strong>·</strong></span> <span class='ocrx_word' id='word_1_722' title='bbox 1153 4644 1347 4720; x_wconf 81' lang='grc' dir='ltr'>Ἔστω</span> <span class='ocrx_word' id='word_1_723' title='bbox 1382 4644 1666 4738; x_wconf 75' lang='grc' dir='ltr'>ἄνθρωπος</span> 
     </span>
    </p>
   </div>
   <div class='ocr_carea' id='block_1_92' title="bbox 1784 4644 3438 4748">
    <p class='ocr_par' dir='ltr' id='par_1_92' title="bbox 1784 4660 3438 4748">
     <span class='ocr_line' id='line_1_92' title="bbox 1784 4660 3438 4748; baseline 0.013 -35"><span class='ocrx_word' id='word_1_724' title='bbox 1784 4660 2117 4728; x_wconf 80' lang='lat' dir='ltr'><strong>explanatur.</strong></span> <span class='ocrx_word' id='word_1_725' title='bbox 2159 4664 2286 4718; x_wconf 81' lang='lat' dir='ltr'><strong>Esto</strong></span> <span class='ocrx_word' id='word_1_726' title='bbox 2320 4666 2664 4737; x_wconf 81' lang='lat' dir='ltr'><strong>homOatque</strong></span> <span class='ocrx_word' id='word_1_727' title='bbox 2699 4671 2898 4725; x_wconf 84' lang='lat' dir='ltr'><strong>animal</strong></span> <span class='ocrx_word' id='word_1_728' title='bbox 2928 4685 3015 4728; x_wconf 89' lang='lat' dir='ltr'><strong>:et</strong></span> <span class='ocrx_word' id='word_1_729' title='bbox 3037 4676 3191 4729; x_wconf 77' lang='lat' dir='ltr'><strong>homo</strong></span> <span class='ocrx_word' id='word_1_730' title='bbox 3219 4680 3343 4748; x_wconf 84' lang='lat' dir='ltr'><strong>qui-</strong></span> <span class='ocrx_word' id='word_1_731' title='bbox 3429 4699 3438 4706; x_wconf 89' lang='grc'><strong>·</strong></span> 
     </span>
    </p>
   </div>
   <div class='ocr_carea' id='block_1_93' title="bbox 110 4737 1670 4829">
    <p class='ocr_par' dir='ltr' id='par_1_93' title="bbox 110 4737 1670 4829">
     <span class='ocr_line' id='line_1_93' title="bbox 110 4737 1670 4829; baseline 0.019 -43"><span class='ocrx_word' id='word_1_732' title='bbox 110 4737 197 4787; x_wconf 74' lang='grc' dir='ltr'>καὶ</span> <span class='ocrx_word' id='word_1_733' title='bbox 246 4738 384 4802; x_wconf 78' lang='grc' dir='ltr'><strong>ζῶον</strong></span> <span class='ocrx_word' id='word_1_734' title='bbox 417 4758 431 4772; x_wconf 90' lang='grc'><strong>·</strong></span> <span class='ocrx_word' id='word_1_735' title='bbox 473 4746 567 4797; x_wconf 82' lang='grc' dir='ltr'><strong>καὶ</strong></span> <span class='ocrx_word' id='word_1_736' title='bbox 611 4746 671 4799; x_wconf 82' lang='grc' dir='ltr'>τὺ</span> <span class='ocrx_word' id='word_1_737' title='bbox 726 4750 823 4818; x_wconf 82' lang='grc' dir='ltr'>μὲν</span> <span class='ocrx_word' id='word_1_738' title='bbox 855 4751 1169 4823; x_wconf 77' lang='grc' dir='ltr'>ἅνθρωπος</span> <span class='ocrx_word' id='word_1_739' title='bbox 1209 4757 1449 4829; x_wconf 71' lang='grc' dir='ltr'>εἰλήφθω</span> <span class='ocrx_word' id='word_1_740' title='bbox 1505 4761 1670 4828; x_wconf 78' lang='grc' dir='ltr'><strong>ἡγού-</strong></span> 
     </span>
    </p>
   </div>
   <div class='ocr_carea' id='block_1_94' title="bbox 109 4836 1669 4925">
    <p class='ocr_par' dir='ltr' id='par_1_94' title="bbox 109 4836 1669 4925">
     <span class='ocr_line' id='line_1_94' title="bbox 109 4836 1669 4925; baseline 0.017 -42"><span class='ocrx_word' id='word_1_741' title='bbox 109 4848 283 4899; x_wconf 80' lang='grc' dir='ltr'>μενος,</span> <span class='ocrx_word' id='word_1_742' title='bbox 312 4836 371 4889; x_wconf 87' lang='grc' dir='ltr'><strong>τὸ</strong></span> <span class='ocrx_word' id='word_1_743' title='bbox 405 4837 463 4888; x_wconf 84' lang='grc' dir='ltr'><strong>δὲ</strong></span> <span class='ocrx_word' id='word_1_744' title='bbox 491 4836 629 4901; x_wconf 75' lang='grc' dir='ltr'>ζῶον</span> <span class='ocrx_word' id='word_1_745' title='bbox 653 4842 920 4912; x_wconf 79' lang='grc' dir='ltr'>ἑπόμενον</span> <span class='ocrx_word' id='word_1_746' title='bbox 952 4863 966 4875; x_wconf 82' lang='grc'><em>’</em></span> <span class='ocrx_word' id='word_1_747' title='bbox 992 4851 1224 4920; x_wconf 84' lang='grc' dir='ltr'>φανερὸν</span> <span class='ocrx_word' id='word_1_748' title='bbox 1264 4852 1357 4905; x_wconf 81' lang='grc' dir='ltr'><strong>τοῦ</strong></span> <span class='ocrx_word' id='word_1_749' title='bbox 1386 4854 1669 4925; x_wconf 70' lang='grc' dir='ltr'>ἀνθρώπου</span> 
     </span>
    </p>
   </div>
   <div class='ocr_carea' id='block_1_95' title="bbox 108 4922 1671 5018">
    <p class='ocr_par' dir='ltr' id='par_1_95' title="bbox 108 4922 1671 5018">
     <span class='ocr_line' id='line_1_95' title="bbox 108 4922 1671 5018; baseline 0.02 -46"><span class='ocrx_word' id='word_1_750' title='bbox 108 4922 406 4993; x_wconf 74' lang='grc' dir='ltr'>τιθεμένου,</span> <span class='ocrx_word' id='word_1_751' title='bbox 466 4929 558 4980; x_wconf 60' lang='grc' dir='ltr'><strong>καὶ⁵</strong></span> <span class='ocrx_word' id='word_1_752' title='bbox 584 4931 646 4983; x_wconf 76' lang='grc' dir='ltr'>τὸ</span> <span class='ocrx_word' id='word_1_753' title='bbox 697 4932 834 4996; x_wconf 78' lang='grc' dir='ltr'>ζῶον</span> <span class='ocrx_word' id='word_1_754' title='bbox 896 4938 969 5001; x_wconf 77' lang='grc' dir='ltr'><strong>ἐξ</strong></span> <span class='ocrx_word' id='word_1_755' title='bbox 998 4941 1242 5011; x_wconf 81' lang='grc' dir='ltr'><strong>ἀνάγκης</strong></span> <span class='ocrx_word' id='word_1_756' title='bbox 1286 4922 1530 5013; x_wconf 36' lang='grc' dir='ltr'>ἕψεται-ο</span> <span class='ocrx_word' id='word_1_757' title='bbox 1573 4948 1671 5018; x_wconf 67' lang='grc' dir='ltr'><strong>οὐχ</strong></span> 
     </span>
    </p>
   </div>
   <div class='ocr_carea' id='block_1_96' title="bbox 108 5012 1670 5109">
    <p class='ocr_par' dir='ltr' id='par_1_96' title="bbox 108 5012 1670 5109">
     <span class='ocr_line' id='line_1_96' title="bbox 108 5012 1670 5109; baseline 0.017 -43"><span class='ocrx_word' id='word_1_758' title='bbox 108 5012 289 5082; x_wconf 70' lang='grc' dir='ltr'>ἕψεται</span> <span class='ocrx_word' id='word_1_759' title='bbox 316 5017 392 5083; x_wconf 73' lang='grc' dir='ltr'><strong>δὲ,</strong></span> <span class='ocrx_word' id='word_1_760' title='bbox 419 5022 495 5090; x_wconf 83' lang='grc' dir='ltr'>μὴ</span> <span class='ocrx_word' id='word_1_761' title='bbox 522 5022 806 5093; x_wconf 77' lang='grc' dir='ltr'>τιθεμένου</span> <span class='ocrx_word' id='word_1_762' title='bbox 835 5027 1044 5083; x_wconf 79' lang='grc' dir='ltr'>ἐκείνου</span> <span class='ocrx_word' id='word_1_763' title='bbox 1080 5048 1093 5063; x_wconf 76' lang='grc' dir='ltr'><strong>ο</strong></span> <span class='ocrx_word' id='word_1_764' title='bbox 1127 5035 1368 5109; x_wconf 68' lang='grc' dir='ltr'>τοιοῦτον</span> <span class='ocrx_word' id='word_1_765' title='bbox 1419 5038 1535 5090; x_wconf 73' lang='grc' dir='ltr'>ἐστι</span> <span class='ocrx_word' id='word_1_766' title='bbox 1574 5012 1670 5092; x_wconf 59' lang='grc' dir='ltr'><strong>καί</strong></span> 
     </span>
    </p>
   </div>
   <div class='ocr_carea' id='block_1_97' title="bbox 108 5110 1670 5199">
    <p class='ocr_par' dir='ltr' id='par_1_97' title="bbox 108 5110 1670 5199">
     <span class='ocr_line' id='line_1_97' title="bbox 108 5110 1670 5199; baseline 0.017 -42"><span class='ocrx_word' id='word_1_767' title='bbox 108 5110 160 5158; x_wconf 70' lang='grc' dir='ltr'>τὶ</span> <span class='ocrx_word' id='word_1_768' title='bbox 184 5110 329 5176; x_wconf 78' lang='grc' dir='ltr'>παρὰ</span> <span class='ocrx_word' id='word_1_769' title='bbox 375 5112 471 5167; x_wconf 88' lang='grc' dir='ltr'>σοῦ</span> <span class='ocrx_word' id='word_1_770' title='bbox 517 5113 1008 5189; x_wconf 82' lang='grc' dir='ltr'>δραματουργηθέν</span> <span class='ocrx_word' id='word_1_771' title='bbox 1042 5138 1056 5152; x_wconf 89' lang='grc'><strong>·</strong></span> <span class='ocrx_word' id='word_1_772' title='bbox 1098 5123 1181 5177; x_wconf 75' lang='grc' dir='ltr'><strong>διὸ</strong></span> <span class='ocrx_word' id='word_1_773' title='bbox 1229 5127 1277 5178; x_wconf 82' lang='grc' dir='ltr'>εἰ</span> <span class='ocrx_word' id='word_1_774' title='bbox 1339 5128 1437 5197; x_wconf 80' lang='grc' dir='ltr'>μὲν</span> <span class='ocrx_word' id='word_1_775' title='bbox 1487 5128 1670 5199; x_wconf 77' lang='grc' dir='ltr'>χώραν</span> 
     </span>
    </p>
   </div>
   <div class='ocr_carea' id='block_1_98' title="bbox 110 5197 1669 5289">
    <p class='ocr_par' dir='ltr' id='par_1_98' title="bbox 110 5197 1669 5289">
     <span class='ocr_line' id='line_1_98' title="bbox 110 5197 1669 5289; baseline 0.015 -42"><span class='ocrx_word' id='word_1_776' title='bbox 110 5197 194 5249; x_wconf 70' lang='grc' dir='ltr'><strong>ἐπὶ</strong></span> <span class='ocrx_word' id='word_1_777' title='bbox 208 5200 340 5255; x_wconf 87' lang='grc' dir='ltr'>Θεοῦ</span> <span class='ocrx_word' id='word_1_778' title='bbox 365 5199 509 5275; x_wconf 82' lang='grc' dir='ltr'>εἶχεν</span> <span class='ocrx_word' id='word_1_779' title='bbox 535 5208 613 5272; x_wconf 83' lang='grc' dir='ltr'>τὸ,</span> <span class='ocrx_word' id='word_1_780' title='bbox 635 5209 938 5275; x_wconf 70' lang='grc' dir='ltr'>(Ἕκαστος</span> <span class='ocrx_word' id='word_1_781' title='bbox 960 5214 1238 5285; x_wconf 87' lang='grc' dir='ltr'>γεννήτωρ</span> <span class='ocrx_word' id='word_1_782' title='bbox 1266 5197 1526 5289; x_wconf 65' lang='grc' dir='ltr'>πρότερος</span> <span class='ocrx_word' id='word_1_783' title='bbox 1552 5197 1669 5273; x_wconf 56' lang='grc' dir='ltr'>ἔστι</span> 
     </span>
    </p>
   </div>
   <div class='ocr_carea' id='block_1_99' title="bbox 110 5289 1667 5381">
    <p class='ocr_par' dir='ltr' id='par_1_99' title="bbox 110 5289 1667 5381">
     <span class='ocr_line' id='line_1_99' title="bbox 110 5289 1667 5381; baseline 0.017 -44"><span class='ocrx_word' id='word_1_784' title='bbox 110 5289 195 5341; x_wconf 84' lang='grc' dir='ltr'><strong>τοῦ</strong></span> <span class='ocrx_word' id='word_1_785' title='bbox 217 5294 413 5347; x_wconf 82' lang='grc' dir='ltr'>οἰκείου</span> <span class='ocrx_word' id='word_1_786' title='bbox 450 5302 810 5369; x_wconf 81' lang='grc' dir='ltr'>γεννήματος,</span> <span class='ocrx_word' id='word_1_787' title='bbox 834 5321 851 5353; x_wconf 76' lang='grc' dir='ltr'>ι</span> <span class='ocrx_word' id='word_1_788' title='bbox 874 5303 1028 5372; x_wconf 81' lang='grc' dir='ltr'>ἡμῶν</span> <span class='ocrx_word' id='word_1_789' title='bbox 1043 5304 1445 5381; x_wconf 77' lang='grc' dir='ltr'>ὁμολογούντων</span> <span class='ocrx_word' id='word_1_790' title='bbox 1461 5310 1523 5362; x_wconf 76' lang='grc' dir='ltr'><strong>τὸ</strong></span> <span class='ocrx_word' id='word_1_791' title='bbox 1542 5327 1667 5363; x_wconf 83' lang='grc' dir='ltr'>συν-</span> 
     </span>
    </p>
   </div>
   <div class='ocr_carea' id='block_1_100' title="bbox 112 5382 1667 5470">
    <p class='ocr_par' dir='ltr' id='par_1_100' title="bbox 112 5382 1667 5470">
     <span class='ocr_line' id='line_1_100' title="bbox 112 5382 1667 5470; baseline 0.014 -38"><span class='ocrx_word' id='word_1_792' title='bbox 112 5382 266 5435; x_wconf 77' lang='grc' dir='ltr'>αῒδιον</span> <span class='ocrx_word' id='word_1_793' title='bbox 295 5385 437 5456; x_wconf 73' lang='grc' dir='ltr'>ἔχειν</span> <span class='ocrx_word' id='word_1_794' title='bbox 470 5390 561 5460; x_wconf 72' lang='grc' dir='ltr'>τὸν</span> <span class='ocrx_word' id='word_1_795' title='bbox 589 5393 809 5465; x_wconf 82' lang='grc' dir='ltr'><strong>Πατέρα</strong></span> <span class='ocrx_word' id='word_1_796' title='bbox 848 5396 942 5448; x_wconf 79' lang='grc' dir='ltr'>καὶ</span> <span class='ocrx_word' id='word_1_797' title='bbox 970 5395 1061 5448; x_wconf 86' lang='grc' dir='ltr'>τὸν</span> <span class='ocrx_word' id='word_1_798' title='bbox 1097 5396 1242 5459; x_wconf 77' lang='grc' dir='ltr'>Υίὸν,</span> <span class='ocrx_word' id='word_1_799' title='bbox 1297 5399 1529 5470; x_wconf 76' lang='grc' dir='ltr'>φανερὸν</span> <span class='ocrx_word' id='word_1_800' title='bbox 1585 5403 1667 5454; x_wconf 84' lang='grc' dir='ltr'><strong>ὅτι</strong></span> 
     </span>
    </p>
   </div>
   <div class='ocr_carea' id='block_1_101' title="bbox 114 5477 1664 5561">
    <p class='ocr_par' dir='ltr' id='par_1_101' title="bbox 114 5477 1664 5561">
     <span class='ocr_line' id='line_1_101' title="bbox 114 5477 1664 5561; baseline 0.013 -36"><span class='ocrx_word' id='word_1_801' title='bbox 114 5477 599 5552; x_wconf 81' lang='grc' dir='ltr'>κατηναγκάζετοὴ</span> <span class='ocrx_word' id='word_1_802' title='bbox 636 5485 831 5554; x_wconf 81' lang='grc' dir='ltr'>κλῆσις</span> <span class='ocrx_word' id='word_1_803' title='bbox 884 5486 942 5552; x_wconf 80' lang='grc' dir='ltr'>ἐξ</span> <span class='ocrx_word' id='word_1_804' title='bbox 998 5488 1241 5558; x_wconf 79' lang='grc' dir='ltr'>ἀλλήλων</span> <span class='ocrx_word' id='word_1_805' title='bbox 1285 5490 1664 5561; x_wconf 81' lang='grc' dir='ltr'>χωρισθῆναι·</span> 
     </span>
    </p>
   </div>
   <div class='ocr_carea' id='block_1_102' title="bbox 115 5568 1662 5656">
    <p class='ocr_par' dir='ltr' id='par_1_102' title="bbox 115 5568 1662 5656">
     <span class='ocr_line' id='line_1_102' title="bbox 115 5568 1662 5656; baseline 0.013 -38"><span class='ocrx_word' id='word_1_806' title='bbox 115 5568 224 5623; x_wconf 68' lang='grc' dir='ltr'>ἐπεὶ</span> <span class='ocrx_word' id='word_1_807' title='bbox 252 5570 306 5623; x_wconf 65' lang='grc' dir='ltr'><strong>δὲ</strong></span> <span class='ocrx_word' id='word_1_808' title='bbox 328 5572 391 5625; x_wconf 81' lang='grc' dir='ltr'>τὸ</span> <span class='ocrx_word' id='word_1_809' title='bbox 414 5573 681 5643; x_wconf 82' lang='grc' dir='ltr'>πρότερον</span> <span class='ocrx_word' id='word_1_810' title='bbox 721 5578 821 5631; x_wconf 84' lang='grc' dir='ltr'><strong>οὐκ</strong></span> <span class='ocrx_word' id='word_1_811' title='bbox 858 5580 1075 5651; x_wconf 81' lang='grc' dir='ltr'>ἀληθὲς,</span> <span class='ocrx_word' id='word_1_812' title='bbox 1109 5582 1231 5634; x_wconf 78' lang='grc' dir='ltr'><strong>οὐδὲ</strong></span> <span class='ocrx_word' id='word_1_813' title='bbox 1277 5581 1339 5634; x_wconf 83' lang='grc' dir='ltr'><strong>τὸ</strong></span> <span class='ocrx_word' id='word_1_814' title='bbox 1376 5583 1627 5656; x_wconf 79' lang='grc' dir='ltr'>δεύτερον</span> <span class='ocrx_word' id='word_1_815' title='bbox 1648 5602 1662 5617; x_wconf 85' lang='grc'>⁶</span> 
     </span>
    </p>
   </div>
   <div class='ocr_carea' id='block_1_103' title="bbox 115 5663 1560 5745">
    <p class='ocr_par' dir='ltr' id='par_1_103' title="bbox 115 5663 1560 5745">
     <span class='ocr_line' id='line_1_103' title="bbox 115 5663 1560 5745; baseline 0.01 -31"><span class='ocrx_word' id='word_1_816' title='bbox 115 5664 198 5716; x_wconf 77' lang='grc' dir='ltr'>καὶ</span> <span class='ocrx_word' id='word_1_817' title='bbox 221 5663 391 5730; x_wconf 76' lang='grc' dir='ltr'>οὕτως</span> <span class='ocrx_word' id='word_1_818' title='bbox 418 5665 625 5734; x_wconf 72' lang='grc' dir='ltr'>ἠλίθιον</span> <span class='ocrx_word' id='word_1_819' title='bbox 657 5670 924 5739; x_wconf 80' lang='grc' dir='ltr'>ἁνέφανεν</span> <span class='ocrx_word' id='word_1_820' title='bbox 954 5674 1013 5727; x_wconf 84' lang='grc' dir='ltr'><strong>τὸ</strong></span> <span class='ocrx_word' id='word_1_821' title='bbox 1046 5675 1195 5744; x_wconf 84' lang='grc' dir='ltr'>παρὰ</span> <span class='ocrx_word' id='word_1_822' title='bbox 1227 5673 1321 5727; x_wconf 84' lang='grc' dir='ltr'>σοῦ</span> <span class='ocrx_word' id='word_1_823' title='bbox 1349 5674 1560 5745; x_wconf 84' lang='grc' dir='ltr'>λεχθέν.</span> 
     </span>
    </p>
   </div>
   <div class='ocr_carea' id='block_1_104' title="bbox 178 5758 1666 5839">
    <p class='ocr_par' dir='ltr' id='par_1_104' title="bbox 178 5758 1666 5839">
     <span class='ocr_line' id='line_1_104' title="bbox 178 5758 1666 5839; baseline 0.008 -27"><span class='ocrx_word' id='word_1_824' title='bbox 178 5758 247 5823; x_wconf 84' lang='grc' dir='ltr'><strong>ς’.</strong></span> <span class='ocrx_word' id='word_1_825' title='bbox 275 5760 385 5813; x_wconf 73' lang='grc' dir='ltr'><strong>Καὶ</strong></span> <span class='ocrx_word' id='word_1_826' title='bbox 412 5758 615 5822; x_wconf 78' lang='grc' dir='ltr'><strong>ἄλλως·</strong></span> <span class='ocrx_word' id='word_1_827' title='bbox 650 5762 712 5814; x_wconf 86' lang='grc' dir='ltr'><strong>Εἰ</strong></span> <span class='ocrx_word' id='word_1_828' title='bbox 740 5763 827 5817; x_wconf 73' lang='grc' dir='ltr'><strong>διὰ</strong></span> <span class='ocrx_word' id='word_1_829' title='bbox 857 5766 953 5835; x_wconf 83' lang='grc' dir='ltr'>τὴν</span> <span class='ocrx_word' id='word_1_830' title='bbox 989 5768 1361 5839; x_wconf 85' lang='grc' dir='ltr'>συναῖδιότητα</span> <span class='ocrx_word' id='word_1_831' title='bbox 1415 5769 1509 5821; x_wconf 88' lang='grc' dir='ltr'><strong>τοῦ</strong></span> <span class='ocrx_word' id='word_1_832' title='bbox 1550 5772 1666 5823; x_wconf 89' lang='grc' dir='ltr'><strong>Πα-</strong></span> 
     </span>
    </p>
   </div>
   <div class='ocr_carea' id='block_1_105' title="bbox 115 5848 1668 5931">
    <p class='ocr_par' dir='ltr' id='par_1_105' title="bbox 115 5848 1668 5931">
     <span class='ocr_line' id='line_1_105' title="bbox 115 5848 1668 5931; baseline 0.012 -34"><span class='ocrx_word' id='word_1_833' title='bbox 115 5848 227 5915; x_wconf 77' lang='grc' dir='ltr'>τρὸς</span> <span class='ocrx_word' id='word_1_834' title='bbox 256 5854 345 5905; x_wconf 73' lang='grc' dir='ltr'>καὶ</span> <span class='ocrx_word' id='word_1_835' title='bbox 368 5850 504 5905; x_wconf 82' lang='grc' dir='ltr'>Υἱοῦ</span> <span class='ocrx_word' id='word_1_836' title='bbox 528 5850 585 5919; x_wconf 70' lang='grc' dir='ltr'><strong>ἐξ</strong></span> <span class='ocrx_word' id='word_1_837' title='bbox 622 5853 861 5926; x_wconf 77' lang='grc' dir='ltr'>ἀνάγκης</span> <span class='ocrx_word' id='word_1_838' title='bbox 899 5858 1003 5927; x_wconf 79' lang='grc' dir='ltr'><strong>φὴς</strong></span> <span class='ocrx_word' id='word_1_839' title='bbox 1033 5860 1133 5923; x_wconf 84' lang='grc' dir='ltr'><strong>τὰς</strong></span> <span class='ocrx_word' id='word_1_840' title='bbox 1174 5861 1388 5929; x_wconf 83' lang='grc' dir='ltr'>σχέσεις</span> <span class='ocrx_word' id='word_1_841' title='bbox 1433 5862 1668 5931; x_wconf 80' lang='grc' dir='ltr'>κεχωρί-</span> 
     </span>
    </p>
   </div>
   <div class='ocr_carea' id='block_1_106' title="bbox 119 5941 1665 6027">
    <p class='ocr_par' dir='ltr' id='par_1_106' title="bbox 119 5941 1665 6027">
     <span class='ocr_line' id='line_1_106' title="bbox 119 5941 1665 6027; baseline 0.012 -32"><span class='ocrx_word' id='word_1_842' title='bbox 119 5941 251 6012; x_wconf 82' lang='grc' dir='ltr'>σθαι,</span> <span class='ocrx_word' id='word_1_843' title='bbox 280 5946 689 6016; x_wconf 72' lang='grc' dir='ltr'>κατανιγκάσει</span> <span class='ocrx_word' id='word_1_844' title='bbox 728 5951 929 6021; x_wconf 76' lang='grc' dir='ltr'>μᾶλλον</span> <span class='ocrx_word' id='word_1_845' title='bbox 957 5955 985 6006; x_wconf 80' lang='grc' dir='ltr'>ὁ</span> <span class='ocrx_word' id='word_1_846' title='bbox 1012 5951 1167 6023; x_wconf 85' lang='grc' dir='ltr'>λόγος</span> <span class='ocrx_word' id='word_1_847' title='bbox 1213 5954 1303 6009; x_wconf 84' lang='grc' dir='ltr'><strong>διὰ</strong></span> <span class='ocrx_word' id='word_1_848' title='bbox 1342 5953 1454 6027; x_wconf 78' lang='grc' dir='ltr'>τὴν</span> <span class='ocrx_word' id='word_1_849' title='bbox 1481 5956 1665 6026; x_wconf 82' lang='grc' dir='ltr'>σχέσιν</span> 
     </span>
    </p>
   </div>
   <div class='ocr_carea' id='block_1_107' title="bbox 1768 4756 3337 4840">
    <p class='ocr_par' dir='ltr' id='par_1_107' title="bbox 1768 4756 3337 4840">
     <span class='ocr_line' id='line_1_107' title="bbox 1768 4756 3337 4840; baseline 0.011 -31"><span class='ocrx_word' id='word_1_850' title='bbox 1768 4756 1892 4809; x_wconf 88' lang='lat' dir='ltr'><strong>dem</strong></span> <span class='ocrx_word' id='word_1_851' title='bbox 1922 4756 1994 4811; x_wconf 85' lang='lat' dir='ltr'><strong>sit</strong></span> <span class='ocrx_word' id='word_1_852' title='bbox 2033 4759 2206 4812; x_wconf 89' lang='lat' dir='ltr'><strong>instar</strong></span> <span class='ocrx_word' id='word_1_853' title='bbox 2254 4764 2630 4830; x_wconf 64' lang='lat' dir='ltr'><strong>praecedentis,</strong></span> <span class='ocrx_word' id='word_1_854' title='bbox 2666 4768 2865 4820; x_wconf 89' lang='lat' dir='ltr'><strong>animal</strong></span> <span class='ocrx_word' id='word_1_855' title='bbox 2910 4770 3292 4840; x_wconf 77' lang='lat' dir='ltr'><strong>subsequentis</strong></span> <span class='ocrx_word' id='word_1_856' title='bbox 3323 4790 3337 4828; x_wconf 88' lang='lat'><strong>:</strong></span> 
     </span>
    </p>
   </div>
   <div class='ocr_carea' id='block_1_108' title="bbox 1771 4850 3451 4929">
    <p class='ocr_par' dir='ltr' id='par_1_108' title="bbox 1771 4850 3451 4929">
     <span class='ocr_line' id='line_1_108' title="bbox 1771 4850 3451 4929; baseline 0.011 -28"><span class='ocrx_word' id='word_1_857' title='bbox 1771 4858 1989 4903; x_wconf 81' lang='lat' dir='ltr'><strong>constat</strong></span> <span class='ocrx_word' id='word_1_858' title='bbox 2020 4850 2241 4906; x_wconf 88' lang='lat' dir='ltr'><strong>homine</strong></span> <span class='ocrx_word' id='word_1_859' title='bbox 2267 4855 2571 4923; x_wconf 89' lang='lat' dir='ltr'><strong>supposito,</strong></span> <span class='ocrx_word' id='word_1_860' title='bbox 2602 4859 2802 4911; x_wconf 84' lang='lat' dir='ltr'><strong>animal</strong></span> <span class='ocrx_word' id='word_1_861' title='bbox 2838 4876 3057 4929; x_wconf 88' lang='lat' dir='ltr'><strong>quoque</strong></span> <span class='ocrx_word' id='word_1_862' title='bbox 3084 4879 3337 4919; x_wconf 82' lang='lat' dir='ltr'><strong>necessa-</strong></span> <span class='ocrx_word' id='word_1_863' title='bbox 3447 4875 3451 4878; x_wconf 76' lang='lat'><strong><em>&#39;</em></strong></span> 
     </span>
    </p>
   </div>
   <div class='ocr_carea' id='block_1_109' title="bbox 1774 4939 3337 5017">
    <p class='ocr_par' dir='ltr' id='par_1_109' title="bbox 1774 4939 3337 5017">
     <span class='ocr_line' id='line_1_109' title="bbox 1774 4939 3337 5017; baseline 0.01 -25"><span class='ocrx_word' id='word_1_864' title='bbox 1774 4939 1857 4993; x_wconf 89' lang='lat' dir='ltr'><strong>rio</strong></span> <span class='ocrx_word' id='word_1_865' title='bbox 1882 4941 2344 4999; x_wconf 81' lang='lat' dir='ltr'><strong>subsecuturum:</strong></span> <span class='ocrx_word' id='word_1_866' title='bbox 2380 4948 2519 5000; x_wconf 86' lang='lat' dir='ltr'><strong>haud</strong></span> <span class='ocrx_word' id='word_1_867' title='bbox 2573 4960 2827 5016; x_wconf 88' lang='lat' dir='ltr'><strong>sequetur</strong></span> <span class='ocrx_word' id='word_1_868' title='bbox 2873 4960 3076 5017; x_wconf 89' lang='lat' dir='ltr'><strong>autem,</strong></span> <span class='ocrx_word' id='word_1_869' title='bbox 3116 4954 3337 5009; x_wconf 88' lang='lat' dir='ltr'><strong>homine</strong></span> 
     </span>
    </p>
   </div>
   <div class='ocr_carea' id='block_1_110' title="bbox 1772 5035 3337 5116">
    <p class='ocr_par' dir='ltr' id='par_1_110' title="bbox 1772 5035 3337 5116">
     <span class='ocr_line' id='line_1_110' title="bbox 1772 5035 3337 5116; baseline 0.012 -33"><span class='ocrx_word' id='word_1_870' title='bbox 1772 5046 1880 5085; x_wconf 91' lang='lat' dir='ltr'><strong>non</strong></span> <span class='ocrx_word' id='word_1_871' title='bbox 1936 5035 2240 5103; x_wconf 82' lang='lat' dir='ltr'><strong>supposito.</strong></span> <span class='ocrx_word' id='word_1_872' title='bbox 2296 5037 2425 5093; x_wconf 84' lang='lat' dir='ltr'><strong>Tale</strong></span> <span class='ocrx_word' id='word_1_873' title='bbox 2468 5047 2553 5094; x_wconf 87' lang='lat' dir='ltr'><strong>est</strong></span> <span class='ocrx_word' id='word_1_874' title='bbox 2582 5040 2851 5109; x_wconf 86' lang='lat' dir='ltr'><strong>objectum</strong></span> <span class='ocrx_word' id='word_1_875' title='bbox 2884 5057 2913 5097; x_wconf 87' lang='lat' dir='ltr'><strong>a</strong></span> <span class='ocrx_word' id='word_1_876' title='bbox 2956 5053 3008 5098; x_wconf 92' lang='lat' dir='ltr'><strong>te</strong></span> <span class='ocrx_word' id='word_1_877' title='bbox 3049 5062 3337 5116; x_wconf 77' lang='lat' dir='ltr'><strong>argumen-</strong></span> 
     </span>
    </p>
   </div>
   <div class='ocr_carea' id='block_1_111' title="bbox 1772 5125 3331 5207">
    <p class='ocr_par' dir='ltr' id='par_1_111' title="bbox 1772 5125 3331 5207">
     <span class='ocr_line' id='line_1_111' title="bbox 1772 5125 3331 5207; baseline 0.013 -32"><span class='ocrx_word' id='word_1_878' title='bbox 1772 5131 1910 5197; x_wconf 89' lang='lat' dir='ltr'><strong>tum.</strong></span> <span class='ocrx_word' id='word_1_879' title='bbox 1948 5125 2312 5191; x_wconf 79' lang='lat' dir='ltr'><strong>Quamobrem</strong></span> <span class='ocrx_word' id='word_1_880' title='bbox 2350 5131 2393 5185; x_wconf 88' lang='lat' dir='ltr'><strong>si</strong></span> <span class='ocrx_word' id='word_1_881' title='bbox 2428 5132 2480 5184; x_wconf 89' lang='lat' dir='ltr'><strong>in</strong></span> <span class='ocrx_word' id='word_1_882' title='bbox 2509 5130 2618 5186; x_wconf 84' lang='lat' dir='ltr'><strong>Deo</strong></span> <span class='ocrx_word' id='word_1_883' title='bbox 2651 5136 2962 5190; x_wconf 87' lang='lat' dir='ltr'><strong>usuveniret</strong></span> <span class='ocrx_word' id='word_1_884' title='bbox 2989 5143 3289 5207; x_wconf 85' lang='lat' dir='ltr'><strong>propositio</strong></span> <span class='ocrx_word' id='word_1_885' title='bbox 3318 5163 3331 5195; x_wconf 90' lang='lat'>:</span> 
     </span>
    </p>
   </div>
   <div class='ocr_carea' id='block_1_112' title="bbox 1776 5208 3333 5293">
    <p class='ocr_par' dir='ltr' id='par_1_112' title="bbox 1776 5208 3333 5293">
     <span class='ocr_line' id='line_1_112' title="bbox 1776 5208 3333 5293; baseline 0.013 -29"><span class='ocrx_word' id='word_1_886' title='bbox 1776 5230 1795 5262; x_wconf 77' lang='grc' dir='ltr'>ι</span> <span class='ocrx_word' id='word_1_887' title='bbox 1823 5211 2012 5269; x_wconf 89' lang='lat' dir='ltr'><strong>Omnis</strong></span> <span class='ocrx_word' id='word_1_888' title='bbox 2035 5218 2248 5284; x_wconf 83' lang='lat' dir='ltr'><strong>genitor</strong></span> <span class='ocrx_word' id='word_1_889' title='bbox 2274 5221 2422 5289; x_wconf 88' lang='lat' dir='ltr'><strong>prior</strong></span> <span class='ocrx_word' id='word_1_890' title='bbox 2449 5232 2529 5276; x_wconf 87' lang='lat' dir='ltr'><strong>est</strong></span> <span class='ocrx_word' id='word_1_891' title='bbox 2553 5223 2769 5292; x_wconf 84' lang='lat' dir='ltr'><strong>preprio</strong></span> <span class='ocrx_word' id='word_1_892' title='bbox 2790 5208 3076 5293; x_wconf 61' lang='lat' dir='ltr'><strong>genimine,</strong></span> <span class='ocrx_word' id='word_1_893' title='bbox 3112 5246 3129 5278; x_wconf 81' lang='grc' dir='ltr'>ι</span> <span class='ocrx_word' id='word_1_894' title='bbox 3162 5234 3333 5283; x_wconf 84' lang='lat' dir='ltr'><strong>conli-</strong></span> 
     </span>
    </p>
   </div>
   <div class='ocr_carea' id='block_1_113' title="bbox 1772 5305 3328 5385">
    <p class='ocr_par' dir='ltr' id='par_1_113' title="bbox 1772 5305 3328 5385">
     <span class='ocr_line' id='line_1_113' title="bbox 1772 5305 3328 5385; baseline 0.01 -28"><span class='ocrx_word' id='word_1_895' title='bbox 1772 5305 2010 5359; x_wconf 88' lang='lat' dir='ltr'><strong>tentibus</strong></span> <span class='ocrx_word' id='word_1_896' title='bbox 2060 5309 2217 5365; x_wconf 89' lang='lat' dir='ltr'><strong>nobis</strong></span> <span class='ocrx_word' id='word_1_897' title='bbox 2252 5322 2551 5367; x_wconf 61' lang='lat' dir='ltr'><strong>coaeternus</strong></span> <span class='ocrx_word' id='word_1_898' title='bbox 2588 5328 2705 5368; x_wconf 85' lang='lat' dir='ltr'><strong>esse</strong></span> <span class='ocrx_word' id='word_1_899' title='bbox 2748 5316 2963 5370; x_wconf 90' lang='lat' dir='ltr'><strong>Patrem</strong></span> <span class='ocrx_word' id='word_1_900' title='bbox 3010 5334 3071 5371; x_wconf 91' lang='lat' dir='ltr'><strong>ac</strong></span> <span class='ocrx_word' id='word_1_901' title='bbox 3111 5319 3328 5385; x_wconf 87' lang='lat' dir='ltr'><strong>Filium,</strong></span> 
     </span>
    </p>
   </div>
   <div class='ocr_carea' id='block_1_114' title="bbox 1771 5404 3330 5481">
    <p class='ocr_par' dir='ltr' id='par_1_114' title="bbox 1771 5404 3330 5481">
     <span class='ocr_line' id='line_1_114' title="bbox 1771 5404 3330 5481; baseline 0.009 -30"><span class='ocrx_word' id='word_1_902' title='bbox 1771 5407 1916 5467; x_wconf 88' lang='lat' dir='ltr'><strong>patet</strong></span> <span class='ocrx_word' id='word_1_903' title='bbox 1942 5409 2184 5455; x_wconf 88' lang='lat' dir='ltr'><strong>mutuam</strong></span> <span class='ocrx_word' id='word_1_904' title='bbox 2215 5404 2628 5472; x_wconf 88' lang='lat' dir='ltr'><strong>appellationem</strong></span> <span class='ocrx_word' id='word_1_905' title='bbox 2658 5410 2965 5463; x_wconf 88' lang='lat' dir='ltr'><strong>necessario</strong></span> <span class='ocrx_word' id='word_1_906' title='bbox 2999 5425 3060 5461; x_wconf 81' lang='lat' dir='ltr'><strong>ex</strong></span> <span class='ocrx_word' id='word_1_907' title='bbox 3097 5422 3330 5481; x_wconf 73' lang='lat' dir='ltr'><strong>utroque</strong></span> 
     </span>
    </p>
   </div>
   <div class='ocr_carea' id='block_1_115' title="bbox 1768 5488 3325 5571">
    <p class='ocr_par' dir='ltr' id='par_1_115' title="bbox 1768 5488 3325 5571">
     <span class='ocr_line' id='line_1_115' title="bbox 1768 5488 3325 5571; baseline 0.01 -28"><span class='ocrx_word' id='word_1_908' title='bbox 1768 5488 1887 5547; x_wconf 73' lang='lat' dir='ltr'><strong>fore</strong></span> <span class='ocrx_word' id='word_1_909' title='bbox 1924 5492 2339 5565; x_wconf 82' lang='lat' dir='ltr'><strong>sejungendam.</strong></span> <span class='ocrx_word' id='word_1_910' title='bbox 2388 5497 2489 5551; x_wconf 88' lang='lat' dir='ltr'><strong>Sed</strong></span> <span class='ocrx_word' id='word_1_911' title='bbox 2516 5498 2643 5567; x_wconf 82' lang='lat' dir='ltr'><strong>quia</strong></span> <span class='ocrx_word' id='word_1_912' title='bbox 2695 5502 2843 5568; x_wconf 90' lang='lat' dir='ltr'><strong>prior</strong></span> <span class='ocrx_word' id='word_1_913' title='bbox 2874 5503 3172 5571; x_wconf 84' lang='lat' dir='ltr'><strong>propositio</strong></span> <span class='ocrx_word' id='word_1_914' title='bbox 3203 5498 3325 5559; x_wconf 61' lang='lat' dir='ltr'><strong>vera</strong></span> 
     </span>
    </p>
   </div>
   <div class='ocr_carea' id='block_1_116' title="bbox 1732 5582 3326 5664">
    <p class='ocr_par' dir='ltr' id='par_1_116' title="bbox 1732 5582 3326 5664">
     <span class='ocr_line' id='line_1_116' title="bbox 1732 5582 3326 5664; baseline 0.009 -27"><span class='ocrx_word' id='word_1_915' title='bbox 1732 5608 1742 5617; x_wconf 85' lang='lat'><strong>-</strong></span> <span class='ocrx_word' id='word_1_916' title='bbox 1769 5599 1875 5638; x_wconf 92' lang='lat' dir='ltr'><strong>non</strong></span> <span class='ocrx_word' id='word_1_917' title='bbox 1911 5596 2014 5646; x_wconf 71' lang='lat' dir='ltr'><strong>est,</strong></span> <span class='ocrx_word' id='word_1_918' title='bbox 2041 5603 2106 5641; x_wconf 88' lang='lat' dir='ltr'><strong>nc</strong></span> <span class='ocrx_word' id='word_1_919' title='bbox 2131 5589 2301 5643; x_wconf 84' lang='lat' dir='ltr'><strong>altera</strong></span> <span class='ocrx_word' id='word_1_920' title='bbox 2320 5582 2889 5661; x_wconf 51' lang='lat' dir='ltr'><strong>quidem.“Atque.ita</strong></span> <span class='ocrx_word' id='word_1_921' title='bbox 2924 5591 3076 5646; x_wconf 80' lang='lat' dir='ltr'><strong>futile</strong></span> <span class='ocrx_word' id='word_1_922' title='bbox 3104 5609 3326 5664; x_wconf 86' lang='lat' dir='ltr'><strong>apparet</strong></span> 
     </span>
    </p>
   </div>
   <div class='ocr_carea' id='block_1_117' title="bbox 1768 5685 2600 5753">
    <p class='ocr_par' dir='ltr' id='par_1_117' title="bbox 1768 5685 2600 5753">
     <span class='ocr_line' id='line_1_117' title="bbox 1768 5685 2600 5753; baseline 0.01 -20"><span class='ocrx_word' id='word_1_923' title='bbox 1768 5685 2038 5749; x_wconf 79' lang='lat' dir='ltr'><strong>prolatum</strong></span> <span class='ocrx_word' id='word_1_924' title='bbox 2071 5701 2099 5739; x_wconf 88' lang='lat' dir='ltr'><strong>a</strong></span> <span class='ocrx_word' id='word_1_925' title='bbox 2130 5694 2180 5740; x_wconf 88' lang='lat' dir='ltr'><strong>te</strong></span> <span class='ocrx_word' id='word_1_926' title='bbox 2203 5698 2600 5753; x_wconf 85' lang='lat' dir='ltr'><strong>argumentum.</strong></span> 
     </span>
    </p>
   </div>
   <div class='ocr_carea' id='block_1_118' title="bbox 1837 5766 3327 5849">
    <p class='ocr_par' dir='ltr' id='par_1_118' title="bbox 1837 5766 3327 5849">
     <span class='ocr_line' id='line_1_118' title="bbox 1837 5766 3327 5849; baseline 0.007 -18"><span class='ocrx_word' id='word_1_927' title='bbox 1837 5777 1889 5831; x_wconf 85' lang='lat'><strong>6.</strong></span> <span class='ocrx_word' id='word_1_928' title='bbox 1916 5778 2045 5831; x_wconf 86' lang='lat' dir='ltr'><strong>Item</strong></span> <span class='ocrx_word' id='word_1_929' title='bbox 2080 5778 2275 5832; x_wconf 84' lang='lat' dir='ltr'><strong>aliter:</strong></span> <span class='ocrx_word' id='word_1_930' title='bbox 2304 5778 2358 5831; x_wconf 80' lang='lat' dir='ltr'><strong>Si</strong></span> <span class='ocrx_word' id='word_1_931' title='bbox 2395 5766 2673 5849; x_wconf 81' lang='lat' dir='ltr'><strong>propterea</strong></span> <span class='ocrx_word' id='word_1_932' title='bbox 2708 5781 2851 5849; x_wconf 82' lang='lat' dir='ltr'><strong>quod</strong></span> <span class='ocrx_word' id='word_1_933' title='bbox 2898 5785 3151 5838; x_wconf 77' lang='lat' dir='ltr'><strong>coaeterni</strong></span> <span class='ocrx_word' id='word_1_934' title='bbox 3200 5800 3327 5842; x_wconf 86' lang='lat' dir='ltr'><strong>sunt</strong></span> 
     </span>
    </p>
   </div>
   <div class='ocr_carea' id='block_1_119' title="bbox 1766 5869 3323 5936">
    <p class='ocr_par' dir='ltr' id='par_1_119' title="bbox 1766 5869 3323 5936">
     <span class='ocr_line' id='line_1_119' title="bbox 1766 5869 3323 5936; baseline 0.006 -12"><span class='ocrx_word' id='word_1_935' title='bbox 1766 5869 1926 5924; x_wconf 86' lang='lat' dir='ltr'><strong>Pater</strong></span> <span class='ocrx_word' id='word_1_936' title='bbox 1950 5884 2014 5924; x_wconf 87' lang='lat' dir='ltr'><strong>ac</strong></span> <span class='ocrx_word' id='word_1_937' title='bbox 2066 5869 2254 5936; x_wconf 86' lang='lat' dir='ltr'><strong>Filius,</strong></span> <span class='ocrx_word' id='word_1_938' title='bbox 2289 5870 2372 5925; x_wconf 85' lang='lat' dir='ltr'><strong>ais</strong></span> <span class='ocrx_word' id='word_1_939' title='bbox 2430 5873 2741 5928; x_wconf 83' lang='lat' dir='ltr'><strong>necessario</strong></span> <span class='ocrx_word' id='word_1_940' title='bbox 2790 5874 3083 5931; x_wconf 86' lang='lat' dir='ltr'><strong>relationes</strong></span> <span class='ocrx_word' id='word_1_941' title='bbox 3136 5895 3323 5935; x_wconf 89' lang='lat' dir='ltr'><strong>eorum</strong></span> 
     </span>
    </p>
   </div>
   <div class='ocr_carea' id='block_1_120' title="bbox 1771 5962 3319 6035">
    <p class='ocr_par' dir='ltr' id='par_1_120' title="bbox 1771 5962 3319 6035">
     <span class='ocr_line' id='line_1_120' title="bbox 1771 5962 3319 6035; baseline 0.008 -18"><span class='ocrx_word' id='word_1_942' title='bbox 1771 5962 1886 6019; x_wconf 79' lang='lat' dir='ltr'><strong>fore</strong></span> <span class='ocrx_word' id='word_1_943' title='bbox 1948 5962 2345 6034; x_wconf 74' lang='lat' dir='ltr'><strong>sejungendas,</strong></span> <span class='ocrx_word' id='word_1_944' title='bbox 2385 5967 2494 6020; x_wconf 80' lang='lat' dir='ltr'><strong>imo</strong></span> <span class='ocrx_word' id='word_1_945' title='bbox 2547 5972 2700 6035; x_wconf 83' lang='lat' dir='ltr'><strong>coget</strong></span> <span class='ocrx_word' id='word_1_946' title='bbox 2752 5965 2931 6035; x_wconf 88' lang='lat' dir='ltr'><strong>potius</strong></span> <span class='ocrx_word' id='word_1_947' title='bbox 2980 5970 3319 6029; x_wconf 86' lang='lat' dir='ltr'><strong>ratiocinium</strong></span> 
     </span>
    </p>
   </div>
  </div>
