3926 6308
518 270 625 333 815

1783 274 2073 338 NlCETrE
2112 277 2517 342 BYZANTINI

3659 298 3767 363 816

519 389 765 437 nostrum
796 391 1016 452 propter
1042 381 1388 449 relationem,
1412 385 1842 442 comtcrnitatem
1869 404 2067 458 quoth

2185 389 2353 442 καὶτὸ
2384 389 2652 444 συναῖδιον
2675 391 2994 460 εἰσάγεσθαι
3028 410 3042 424 ’
3070 395 3159 449 καί
3197 396 3354 452 τοῦτο
3401 400 3559 472 δῆλον
3605 397 3716 459 ὣς
3748 422 3764 436 ο

514 473 789 528 inducere.
816 477 988 542 Atque
1014 475 1113 529 hoc
1139 476 1209 528 ita
1233 477 1560 530 ostenditur.
1596 477 1856 532 Cettiloria
1881 495 2076 533 nomen

492 581 634 617 .eum
669 565 738 618 sit
764 580 827 617 ex
864 567 927 619 iis
953 584 1072 635 qnze
1102 576 1228 621 sunt
1260 569 1324 620 ad
1360 567 1604 636 aliquid,
1639 571 1704 624 ad
1757 571 1923 624 lilium
1980 571 2078 624 lia-

395 656 400 660 ”
499 659 598 711 -ὺοι
625 657 969 712 relationem.
1005 658 1135 724 Qua:
1163 669 1347 714 autem
1378 671 1505 714 sunt
1530 661 1594 716 ad
1627 664 1852 731 aliquid,
1875 664 2077 718 simul-

507 759 663 803 tanea
696 763 902 805 naturae
931 761 1056 805 sunt
1087 769 1100 805 :
1130 768 1250 821 quae
1291 764 1472 807 autem
1508 755 1830 810 simultanea
1871 765 2077 810 natura

507 849 654 906 sunt,
685 852 737 895 et
769 852 976 897 suntet
1007 844 1133 897 itetn
1182 861 1288 898 non
1333 857 1478 898 sunt.
1528 846 1880 900 Concluditur
1923 862 2074 917 ergo,

505 941 724 998 propter
758 932 1076 988 relationem
1128 935 1454 989 simultanea
1490 949 1636 1000 esse;
1693 938 1834 1004 quod
1886 952 2074 991 verum

504 1028 608 1095 est.
643 1019 706 1074 Et
747 1038 844 1076 cur
887 1035 964 1088 tu,
993 1040 1029 1079 ο
1083 1026 1266 1092 sodes,
1299 1028 1632 1081 comrarium
1685 1026 1942 1082 inducis?
1979 1027 2072 1097 qui

486 1123 725 1186 .proptet'
753 1118 1204 1184 coasternitatem,
1234 1119 1438 1174 videris
1466 1119 1625 1173 nobis
1651 1120 1862 1189 eripere
1891 1130 2071 1190 pater-

502 1207 686 1262 nitutis
723 1223 787 1262 ac
808 1207 1061 1263 ﬁlictatis
1111 1209 1428 1263 relationem
1459 1227 1471 1262 :
1497 1217 1717 1279 propter
1755 1211 2071 1265 relationem

502 1304 684 1352 autem
721 1300 993 1369 gignentis
1023 1309 1075 1353 et
1102 1299 1286 1369 geniti,
1325 1297 1526 1354 videris
1555 1299 1821 1369 perimere
1849 1310 2074 1354 coaeter-

502 1391 729 1444 nitatem
799 1399 854 1446 et
898 1391 1554 1445 consubstantialitatem.
1613 1389 1741 1444 ltcm
1791 1390 2069 1444 aliter:Si

498 1483 751 1548 genitoris
784 1498 1000 1544 nomen,
1045 1482 1428 1536 exsistentiatn
1465 1482 1622 1536 simul
1681 1481 1899 1547 triltuit;
1952 1497 2073 1552 quae

501 1585 680 1628 autem
719 1575 1043 1628 simultanea
1078 1575 1413 1629 exsistentiae
1447 1589 1474 1627 a
1511 1585 1560 1628 te
1580 1575 1946 1644 accipiuntur,
1987 1589 2071 1630 re-

2183 481 2256 532 T6
2277 479 2578 549 γεννήτωρ
2598 480 2771 551 ὄνομα
2791 483 2900 536 τῶν
2919 485 3055 554 πρός
3080 504 3133 539 τι
3180 489 3260 552 ὃν,
3296 491 3428 558 πρὸς
3469 495 3585 547 υἰὸν
3647 497 3767 567 ἔχει

2180 570 2279 651 τὴν
2316 569 2595 640 ἀναφοράν
2624 586 2638 601 ο
2665 571 2734 622 τὰ
2755 570 2810 624 δὲ
2839 574 2975 641 πρός
2995 591 3070 642 τι,
3100 575 3216 646 ἅμα
3248 581 3313 649 τῇ
3351 581 3510 647 φύσει
3549 599 3564 613 ο
3595 585 3669 637 τὰ
3705 585 3766 638 δὲ

2179 660 2296 730 ἅμα
2325 663 2389 730 τῇ
2426 663 2608 744 φύσει,
2639 662 2775 732 ὁμοῦ
2805 664 2864 716 τέ
2921 667 3027 718 εἰσι
3067 671 3161 720 καὶ
3187 658 3304 724 ὀὐκ
3333 673 3438 724 εἰσί
3465 690 3480 704 ·
3521 678 3763 743 συνάγει

2178 769 2268 805 ται
2306 753 2415 820 ἄρα
2441 752 2532 806 διὰ
2561 753 2660 824 τὴν
2683 755 2868 823 σχέσιν
2896 756 3013 828 ἅμα
3053 755 3193 813 εἶναι
3223 765 3238 794 ί
3268 763 3405 834 ὅπερ
3445 767 3594 819 ἐστὶν
3626 767 3766 837 ἀληο

2179 844 2270 908 θές
2300 858 2316 874 ·
2349 847 2444 899 καὶ
2475 847 2595 911 πῶς
2637 850 2723 915 σὺ,
2757 843 2802 901 ὧ
2836 849 3008 918 φίλος,
3063 853 3123 906 16
3186 856 3427 909 ἐναντίον
3491 859 3762 924 εἰσάγεις,

2178 937 2271 990 καὶ
2307 937 2395 992 διὰ
2421 938 2520 1008 μὲν
2537 940 2597 992 τὸ
2620 942 2911 1005 συναῖδιον,
2942 945 3022 1006 εἰς
3052 944 3150 1015 τὴν
3177 949 3362 1016 σχέσιν
3390 949 3496 1019 τῆς
3544 952 3760 1019 πατρό-

2179 1046 2340 1096 τητος
2359 1031 2453 1083 καὶ
2477 1032 2723 1101 υἰότητος
2753 1035 2898 1104 ἡμᾶς
2923 1035 3098 1098 δοκεῖς
3127 1041 3522 1110 παρακρούειν,
3567 1041 3662 1095 διὰ
3702 1043 3763 1095 δέ

2174 1122 2273 1191 τὴν
2332 1121 2517 1191 σχέσιν
2571 1123 2665 1177 106
2705 1127 3037 1196 Δγεννήτορος
3066 1130 3161 1183 καὶ
3195 1133 3557 1201 γεννήματος,
3583 1135 3669 1196 εἰς
3703 1135 3765 1186 τὸ

2175 1212 2447 1265 συναῖδιόν
2474 1229 2534 1265 τε
2571 1214 2663 1267 καὶ
2690 1214 3012 1286 ὀμοούσιον;
3047 1220 3154 1272 Καὶ
3181 1219 3357 1285 ἄλλως
3387 1237 3402 1251 ο
3441 1225 3502 1276 Εἰ
3531 1223 3590 1276 16
3617 1241 3762 1293 τεν-

2172 1303 2366 1371 νήτωρ
2404 1303 2575 1375 ὄνομα
2606 1306 2707 1375 τὴν
2729 1308 2822 1361 τοῦ
2851 1306 2988 1362 εἶναι
3021 1308 3135 1379 ἅμα
3167 1299 3402 1382 ὓπαρξιν
3449 1313 3656 1375 δίδωσι,
3692 1315 3764 1368 τὰ

2173 1399 2229 1451 δὲ
2251 1399 2367 1467 ἅμα
2397 1400 2462 1468 τῇ
2505 1399 2735 1470 ὑπάρξει
2772 1400 2914 1456 κατὰ
2939 1402 2999 1455 σε
3029 1401 3438 1473 λαμϐανόμενα,
3472 1390 3761 1458 ’ἀπόλλυσι

2174 1489 2274 1558 τὴν
2317 1488 2502 1558 σχέσιν
2561 1490 2661 1560 τὴν
2684 1485 2851 1544 οὖσαν
2897 1492 2962 1545 έκ
3017 1491 3113 1544 τοῦ
3160 1491 3482 1565 γεννήτορος
3531 1497 3670 1566 πρὸς
3701 1495 3766 1550 16

2172 1578 2438 1649 γέννημα,
2467 1580 2758 1649 συνάγεται
2788 1583 2918 1653 ἄρα,
2937 1583 2999 1636 16
3023 1584 3324 1656 γεννήτωρ
3352 1588 3548 1658 δνομα.
3578 1591 3677 1642 καὶ
3700 1590 3763 1642 16

503 1669 755 1721 lationem
794 1668 1096 1737 perimunt,
1146 1684 1265 1737 quae
1294 1667 1582 1722 intercedit
1606 1667 1744 1721 inter
1773 1667 2067 1738 genitorem

2175 1670 2443 1741 γέννημα.
2475 1673 2534 1727 έν
2561 1673 2743 1744 σχέσει
2767 1673 2920 1742 ὄντα,
2952 1675 3159 1746 ἄσχετα
3178 1673 3321 1732 εἰναι
3351 1693 3366 1709 ⁶
3412 1679 3550 1751 ὅπερ
3603 1682 3761 1734 ἐστὶν

499 1773 554 1813 ιιι
581 1759 826 1829 genitum
849 1777 863 1824 ;
895 1760 1240 1814 concluditur
1268 1760 1454 1828 utique
1480 1760 1744 1828 genitoris
1776 1774 1996 1826 nomen,
2021 1768 2067 1814 el

2178 1759 2397 1816 ἄτοπον.

500 1853 1031 1922 geeitnni,inviccnt
1085 1852 1398 1917 referentia,
1457 1868 1566 1907 non
1636 1867 1758 1908 esse
1817 1853 2071 1920 relativa;

499 1945 641 2016 quod
672 1959 754 2001 est
774 1946 1091 2000 absurdum.

475 2087 478 2089 λ
573 2034 625 2086 7.
663 2035 845 2104 Pergis
881 2049 1009 2087 vero
1061 2033 1242 2089 dicere
1290 2034 1370 2090 sic
1412 2052 1424 2087 :
1461 2054 1480 2085 ι
1509 2034 1650 2101 Quia
1709 2021 1755 2091 si
1792 2035 2074 2093 existimes

502 2141 669 2178 nnttm
704 2125 1028 2195 principium
1066 2125 1376 2188 amborum,
1432 2126 1609 2181 Patris
1652 2134 1816 2195 atque
1854 2125 1999 2180 Filii.
2047 2145 2066 2179 ι

501 2215 691 2282 Miror,
739 2230 774 2269 ο
817 2218 997 2280 sodes,
1055 2215 1330 2285 quodnam
1370 2226 1425 2270 tu
1478 2218 1611 2272 velis
1663 2218 1986 2286 principium
2019 2219 2072 2272 in

502 2308 619 2363 Deo
646 2323 863 2377 ponere.
897 2305 1226 2376 Principium
1265 2307 1617 2362 multifariam
1648 2288 1852 2362 dicitur
1881 2326 1894 2362 :
1925 2308 2072 2362 aliud

499 2408 584 2454 est
608 2400 752 2454 enim
789 2398 1122 2471 ellectivum,
1161 2399 1324 2452 veluti
1356 2407 1439 2454 est
1465 2399 1800 2460 architectus
1824 2399 2072 2453 aedilicio-

499 2508 620 2546 runt
655 2511 667 2547 :
701 2491 849 2546 aliud
900 2492 1201 2556 materiale,
1248 2490 1413 2545 veluti
1473 2490 1666 2544 tabulae
1699 2490 1854 2544 navis
1883 2508 1897 2544 :
1926 2491 2071 2545 aliud

501 2583 749 2648 l‘ormale,
785 2583 948 2637 veluti
988 2590 1180 2636 statum
1215 2581 1435 2636 schema
1474 2598 1487 2634 :
1519 2579 1666 2635 aliud
1696 2581 1875 2645 linale,
1907 2581 2079 2661 veluti

500 2677 657 2730 navis
703 2675 770 2730 ad
809 2675 1119 2731 rietualium
1149 2677 1587 2743 ,deportationem
1621 2693 1632 2727 :
1667 2675 1814 2728 aliud
1863 2674 2070 2729 instru-

515 2768 774 2830 mentale,
809 2777 868 2821 ut
907 2767 1046 2821 fabri
1080 2765 1305 2819 murarii
1338 2767 1482 2818 ascia
1517 2782 1530 2817 :
1564 2765 1709 2818 aliud
1740 2764 2072 2836 exemplare,

501 2861 669 2915 veluti
701 2870 1045 2930 prototypum
1081 2856 1208 2912 facti
1263 2858 1446 2926 operis
1487 2857 1695 2910 :-aliud
1745 2857 2068 2926 temporale,

503 2957 649 3010 velut
677 2970 762 3009 res
785 2952 938 3007 facta:
967 2968 1086 3021 qua:
1121 2953 1175 3004 in
1213 2961 1455 3019 tempore
1485 2950 1622 3004 liunt
1651 2957 1704 3006 et
1733 2959 1860 3004 sunt
1884 2966 1896 3001 :
1925 2948 2072 3002 aliud

502 3047 727 3103 causale
757 3046 1158 3108 tantummodo,
1195 3043 1358 3096 veluti
1390 3043 1516 3095 Setlt
1547 3057 1609 3096 ex
1641 3041 1909 3111 principio
1934 3056 2068 3111 quo-

499 3139 624 3193 dam
655 3147 709 3192 et
739 3151 902 3192 causa
934 3145 1090 3190 ortus
1117 3144 1220 3196 est,
1248 3149 1315 3188 ex
1345 3133 1554 3187 Adamo
1577 3131 1808 3188 scilicet.
1839 3130 1996 3186 Nunc
2019 3133 2065 3186 si

487 3239 754 3297 .tanqnam
784 3239 849 3280 ex
875 3225 1142 3294 principio
1181 3224 1438 3293 quodam,
1462 3237 1560 3277 ceu
1590 3238 1773 3287 causa,
1800 3223 1937 3278 dicis
1964 3221 2066 3277 Pa-

498 3319 602 3372 tris
633 3334 694 3372 ac
721 3316 843 3371 Filii
879 3331 1050 3371 unum
1087 3315 1438 3385 principium,
1475 3313 1586 3383 jam
1625 3329 1799 3383 neque
1834 3315 2066 3368 alterum

501 3410 824 3479 genitorem,
865 3420 1040 3476 neque
1069 3407 1323 3460 alterum
1351 3421 1474 3460 esse
1503 3407 1744 3475 genitum
1784 3405 2062 3460 retinebis.

500 3499 633 3553 Nam
673 3499 961 3569 cuiusnam
992 3498 1206 3566 genitor
1268 3497 1360 3562 sit,
1415 3497 1459 3550 si
1522 3506 1779 3565 tanquam
1836 3511 1900 3549 ex
1960 3495 2066 3548 alio

503 3589 768 3660 principio
799 3596 854 3641 et
891 3601 1055 3641 causa
1093 3585 1305 3639 Patrem
1340 3599 1403 3639 ac
1433 3584 1655 3660 Filiunr
1689 3585 1838 3639 dicas
1880 3584 2066 3639 ortos?

487 3657 658 3735 .Certe
684 3657 1014 3748 principium
1044 3693 1148 3731 non
1176 3677 1322 3732 dices
1347 3657 1648 3730 ell‘eeiivum
1675 3693 1690 3742 ;
1734 3691 1856 3730 nam
1884 3677 1927 3730 si
1964 3677 2064 3730 lioc

493 3773 786 3834 concedas,
819 3772 920 3825 erit
944 3769 1036 3823 Dei
1068 3770 1230 3834 Dens,
1259 3779 1311 3824 et
1329 3770 1697 3836 rursushujus
1716 3769 1857 3823 alius
1889 3768 2053 3834 Deus,

499 3876 552 3918 et
580 3867 678 3917 hoc
708 3864 760 3918 in
797 3861 1088 3916 inﬁnitum.
1129 3847 1314 3929 Neque
1347 3861 1674 3930 principium
1704 3861 1856 3916 dices
1893 3869 2064 3916 mate-

501 3958 665 4023 riale;
705 3971 811 4009 non
848 3954 995 4008 enim
1036 3963 1120 4009 est
1162 3956 1304 4008 Deus
1342 3955 1681 4022 compositus
1699 3964 1753 4007 et
1799 3956 2062 4009 materia-

501 4051 588 4104 lis.
619 4050 722 4103 Sed
763 4063 938 4116 neque
962 4046 1189 4100 formale
1235 4040 1599 4115 principium;
1637 4062 1758 4101 nam
1789 4049 2062 4117 quodnam

503 4141 701 4193 habere
729 4147 1020 4208 potuerunt
1050 4137 1277 4191 lormale
1307 4137 1636 4205 principium
1667 4139 1822 4192 l’ater
1877 4153 1940 4192 ac
1974 4136 2066 4190 Fi-

501 4230 643 4284 lius?
673 4241 1030 4301 praetetquam
1100 4229 1243 4297 quod
1291 4228 1745 4296 compositionem
1785 4243 1888 4284 non
1918 4229 2059 4283 vita-

503 4331 642 4374 rent.
684 4319 866 4388 Neque
899 4319 1136 4388 denique
1175 4319 1356 4384 ﬁnale,
1383 4319 1584 4372 etenim
1616 4319 1760 4373 nulla
1797 4337 1862 4374 ex
1891 4335 2058 4374 causa

506 4411 645 4465 Deus
677 4413 938 4480 provenit.
978 4409 1232 4478 Superest
1264 4409 1360 4461 tibi
1414 4409 1712 4478 temporale
1744 4425 1867 4465 esse
1912 4412 2061 4480 prin-
2095 4430 2136 4483 ι)

503 4503 704 4571 cipiunt
747 4501 922 4553 Patris
965 4515 1030 4554 ac
1075 4497 1215 4552 Ftli‘i.
1253 4498 1405 4563 Quod
1443 4500 1489 4552 si
1541 4501 1611 4552 ita
1642 4509 1744 4565 est,
1784 4501 1917 4568 ipsis
1948 4501 2071 4570 qui-

394 4653 404 4662 7
501 4597 622 4647 dem
657 4592 768 4645 lieri
817 4591 1102 4660 contingit,
1135 4599 1189 4643 et
1221 4592 1514 4658 corrumpi,
1542 4599 1596 4644 et
1627 4591 1729 4644 alia
1765 4592 2066 4646 innumera.

499 4684 631 4738 Nam
658 4698 778 4752 quae
805 4681 857 4734 in
879 4671 1141 4749 tempore,
1174 4681 1300 4732 talia
1330 4691 1476 4733 sunt.
1506 4681 1751 4744 Constat,
1779 4698 1881 4734 non
1907 4698 2066 4751 posse

501 4779 554 4831 in
591 4779 698 4830 lico
726 4774 1056 4845 principium
1102 4773 1657 4840 antiquinsinvcniri.
1691 4775 1756 4826 Et
1773 4776 2066 4842 quomodo,

499 4885 531 4920 υ
568 4868 749 4928 sodes,
785 4866 855 4918 ita
885 4880 913 4918 a
952 4864 1108 4918 nobis
1127 4863 1431 4917 existimari
1473 4877 1828 4930 praesumens,
1859 4864 2062 4931 paralo-

501 4961 733 5027 gisntutn
782 4956 1074 5011 contexis?
1117 4953 1250 5010 Vere
1275 4955 1705 5009 demOnStratum
1758 4952 1851 5009 tibi
1883 4954 1985 5008 fuit
2011 4957 2060 5015 id

499 5065 618 5104 esse
647 5049 922 5102 stolidum.

571 5141 622 5194 8.
666 5140 768 5194 Sed
797 5139 1075 5193 videamus
1107 5141 1267 5193 etiam
1305 5138 1432 5206 quid
1465 5137 1623 5204 paulo
1650 5137 1786 5191 intra
1815 5140 2058 5194 scribas:

507 5253 524 5284 ι
573 5232 714 5286 Deus
744 5231 924 5286 omnia
951 5231 1215 5300 sapientia
1247 5246 1342 5283 sua
1375 5230 1713 5298 gubernavit.
1749 5249 1766 5281 ι
1810 5229 2062 5287 Concedo

492 5321 605 5374 ,ltoc
644 5321 869 5374 libenter
915 5318 1209 5373 adtnodnm
1244 5333 1254 5366 :
1296 5316 1490 5367 etenim
1531 5316 1938 5386 enbypostatica
1972 5335 2078 5373 εει-ο

503 5413 695 5480 plentia
719 5426 836 5477 sua,
865 5425 1030 5481 quam
1087 5424 1267 5462 sermo
1318 5417 1501 5462 noster
1523 5410 1806 5480 persliicue
1833 5412 2059 5466 demon-

571 5614 646 5685 (ί)
686 5615 1112 5685 Enlrypostatum
1152 5615 1227 5668 sic
1257 5614 1443 5667 deﬁnit
1469 5613 1527 5669 S.
1559 5615 1825 5670 Maximus
1856 5631 2044 5685 opttsc.

495 5684 663 5742 ιιιεοι.
709 5695 744 5738 t.
799 5684 861 5747 ll,
896 5702 944 5752 p.
977 5686 1079 5739 79:
1116 5685 1523 5751 Ἐνυπόςτατον,
1562 5687 1619 5738 τὸ
1652 5689 1784 5738 κατὰ
1817 5684 1914 5756 τὴν
1959 5688 2052 5738 οὑ·-

2244 2025 2309 2093 ξ·
2354 2027 2670 2100 Ἐπιφέρεις
2692 2028 2750 2082 δὲ
2777 2027 2942 2084 πάλιν
2961 2028 3136 2094 οὕτως
3160 2047 3174 2062 ·
3197 2049 3215 2081 ι
3237 2031 3461 2103 Ἐπειδὴ
3490 2017 3582 2086 ἐὰν
3607 2035 3761 2104 ήγῆ-

2176 2136 2264 2172 σαι
2292 2119 2419 2189 μίαν
2441 2119 2616 2191 ἀρχὴν
2649 2119 2984 2191 ἀμφοτέροις
3005 2120 3098 2174 τοῦ
3125 2139 3183 2174 τε
3214 2122 3424 2193 [ἰατρὸς
3455 2125 3547 2178 καὶ
3560 2125 3714 2178 Υἱοῢ.
3734 2147 3754 2178 ι

2173 2211 2490 2279 Θαυμάζειν
2536 2229 2625 2282 μοι
2666 2213 2978 2284 έπέρχεται,
3039 2206 3086 2267 ὧ
3154 2215 3342 2284 φίλος,
3398 2215 3588 2269 ὁποίαν
3637 2217 3755 2287 ἄρα

2177 2306 2340 2376 βούλῃ
2376 2307 2551 2377 ἀρχὴν
2575 2307 2667 2360 ἐπὶ
2695 2305 2832 2360 Θεοῦ
2849 2305 3057 2361 τιθέναι
3091 2324 3105 2338 ο
3143 2306 3243 2377 τῆς
3276 2309 3388 2376 γὰρ
3415 2308 3591 2379 ἀρχῆς
3617 2309 3757 2361 πολ.

2172 2398 2352 2469 λαχῶς
2373 2399 2698 2470 λεγομένης,
2722 2399 2818 2471 τῆς
2855 2400 2953 2470 μὶν
2984 2400 3060 2462 ὠς
3089 2403 3400 2472 ποιητικῆς,
3433 2399 3546 2455 οἷον
3586 2403 3614 2454 6
3659 2404 3756 2455 τέ-

2172 2504 2316 2545 κτων
2340 2492 2446 2544 τῶν
2468 2491 2784 2562 οἰκημάτων
2809 2505 2825 2521 ’
2854 2492 2955 2562 τῆς
2976 2491 3033 2544 δὲ
3055 2492 3130 2555 ὠς
3159 2492 3347 2562 ὑλικῆς
3363 2533 3379 2555 ,
3409 2485 3521 2556 οἷον
3563 2493 3618 2560 αἰ
3653 2511 3756 2547 σαο

2173 2585 2328 2668 νίδι-ῖςκ
2358 2583 2453 2636 τοῦ
2487 2584 2673 2637 πλοίου
2706 2599 2720 2613 ο
2747 2583 2846 2650 τῆς
2886 2584 2942 2636 δὲ
2993 2583 3068 2648 ὡς
3117 2585 3321 2656 εἰδικῆς
3374 2584 3514 2657 [ccd.
3552 2584 3753 2654 ἰδικῆς.

2175 2672 2264 2728 Sic
2281 2683 2330 2728 et
2350 2673 2538 2746 infra],
2570 2669 2682 2726 οἷον
2715 2673 2808 2726 τοῦ
2831 2673 3146 2746 ἀνδριάντος
3173 2676 3233 2728 16
3259 2674 3444 2744 σχῆμα
3477 2693 3489 2704 ·
3535 2675 3632 2744 τῆς
3697 2675 3754 2727 δέ

2172 2765 2248 2826 ὡς
2277 2765 2516 2834 τελικῆς,
2552 2760 2662 2817 οἷον
2687 2767 2745 2818 16
2777 2765 2959 2818 πλοῖον
2981 2763 3116 2836 πρὸς
3138 2765 3361 2835 ἀγωγὴν
3384 2765 3493 2820 τῶν
3523 2766 3752 2835 χρειῶν·

2173 2855 2270 2924 τῆς
2300 2854 2356 2907 δὲ
2385 2853 2458 2916 ὡς
2487 2855 2814 2924 ὀργανικῆς,
2846 2850 2961 2908 οἷον
2990 2855 3238 2917 τέκτονος
3290 2855 3351 2909 16
3392 2856 3704 2927 σκέπαρνον
3737 2874 3753 2888 ο

2172 2948 2269 3017 τῆς
2296 2948 2351 3000 δὲ
2369 2948 2443 3012 ὡς
2474 2948 3008 3020 παραδειγματικῆς,
3051 2950 3302 3022 καθάπερ
3363 2949 3427 3004 16
3471 2952 3756 3021 πρωτότυε

2173 3055 2272 3092 πον
2295 3039 2389 3092 τοῦ
2415 3040 2747 3111 παραγώγου
2782 3056 2796 3071 ο
2825 3041 2923 3111 τῆς
2956 3041 3013 3094 δὲ
3040 3041 3116 3105 ὡς
3167 3043 3447 3113 χρονικῑκ,
3498 3042 3755 3110 καθάπερ

2169 3129 2238 3182 τὰ
2267 3129 2526 3200 γινόμενα
2546 3131 2603 3182 ὲν
2633 3115 2809 3200 χρόνῳ
2842 3129 3081 3198 γίνονται
3102 3132 3194 3185 καὶ
3220 3133 3324 3185 εἰσί
3345 3147 3358 3161 ·
3420 3120 3516 3203 τῆς
3567 3133 3622 3185 δὲ
3676 3134 3755 3196 ὡς

2167 3220 2350 3282 αἰτίας
2406 3219 2499 3272 καὶ
2549 3219 2738 3289 μόνης,
2785 3218 2930 3272 καθὰ
2959 3222 2988 3273 6
3025 3220 3132 3290 Σὴθ
3165 3221 3223 3287 ἐξ
3264 3220 3440 3291 ἀρχῆς
3469 3239 3612 3286 τινος
3657 3225 3757 3276 καὶ

2169 3310 2348 3372 αἰτίας
2383 3308 2554 3378 ἀνέφυ
2579 3307 2672 3362 τοῦ
2701 3307 2877 3378 ’Δδάμ
2906 3326 2920 3340 ο
2956 3310 3004 3361 εἰ
3062 3309 3162 3379 μὲν
3191 3310 3299 3381 γὰρ
3318 3311 3396 3374 ὼς
3452 3313 3510 3376 ἐξ
3569 3312 3756 3383 ἁρχῆς

2168 3418 2310 3463 τινος
2338 3400 2412 3463 ὡς
2442 3399 2622 3463 αἰτίας
2652 3400 2757 3470 φὴς
2788 3400 2883 3453 τοῦ
2915 3401 3125 3471 [ἰατρὸς
3153 3403 3246 3455 καὶ
3280 3402 3372 3456 τοῦ
3423 3403 3555 3456 Υίοῦ
3609 3405 3752 3473 μίαν

2167 3489 2342 3559 ἀρχὴν
2371 3485 2530 3554 εἶναι,
2564 3489 2748 3542 οὐκέτι
2782 3490 2876 3541 τὸν
2910 3489 3011 3558 μὲν
3047 3492 3368 3561 γεννήτορα,
3402 3493 3492 3545 τὸν
3531 3493 3587 3546 δὲ
3622 3497 3756 3562 γέν-

2165 3597 2316 3650 νημα
2349 3579 2626 3648 φυλάξεις.
2659 3580 2814 3644 Τίνος
2841 3579 2950 3652 γὰρ
2977 3581 3043 3634 ἂν
3081 3583 3177 3634 καὶ
3205 3582 3288 3653 εἴη
3311 3585 3624 3656 γεννήτωρ,
3660 3586 3752 3638 ἐπ’

2164 3668 2230 3723 ἂν
2260 3671 2335 3734 ὠς
2363 3670 2422 3736 ἐξ
2449 3671 2615 3742 ἄλλης
2661 3672 2834 3744 ἀρχῆς
2881 3689 2940 3725 τε
2971 3673 3065 3726 καὶ
3083 3674 3261 3736 αἰτίας
3287 3674 3380 3727 τὸν
3408 3675 3627 3748 Πατέρα
3656 3678 3758 3733 καὶ

2167 3760 2294 3812 Υίὸν
2347 3761 2451 3831 φὴς
2515 3759 2825 3829 ἀναφύναι;
2881 3760 2992 3815 οὐδ’
3026 3761 3195 3830 αὐτὴν
3225 3761 3300 3826 ὠς
3326 3766 3616 3836 ποιητικήν
3652 3782 3670 3797 ·
3701 3768 3752 3818 αἰ

2164 3852 2272 3921 γὰρ
2294 3852 2451 3906 τοῦτο
2479 3851 2605 3923 δῷς,
2635 3854 2787 3906 ἔσται
2815 3852 2909 3906 106
2937 3853 3071 3907 Θεοῦ
3099 3853 3252 3920 Θεὸς,
3294 3857 3392 3910 καὶ
3419 3857 3578 3911 πάλιν
3624 3859 3754 3912 106-

2164 3960 2258 3998 του
2313 3943 2491 4008 ἄλλος,
2534 3944 2630 3997 καὶ
2679 3942 2836 3998 τοῦτο
2867 3946 2954 3998 ἐπ’
2985 3945 3211 4016 ἄπειρον
3245 3962 3260 3976 ο
3319 3946 3429 4001 οὐδ’
3459 3949 3628 4019 αὐτὴν
3673 3949 3752 4016 ὡς

2167 4033 2361 4104 ὑλικήν
2390 4051 2405 4067 ο
2438 4035 2500 4086 οὐ
2526 4034 2634 4104 γάρ
2655 4035 2802 4089 ἐστιν
2835 4037 2862 4089 6
2887 4035 3017 4101 Θεὸς
3040 4036 3294 4102 σύνθετός
3318 4055 3378 4092 τε
3408 4040 3503 4094 καὶ
3536 4040 3746 4104 ένυλοςο

2165 4125 2300 4178 ἀλλὰ
2339 4126 2446 4197 μὴν
2473 4127 2592 4180 οὐδὲ
2617 4126 2716 4197 τὴν
2741 4128 2815 4192 ὡς
2837 4129 3077 4200 εἰδικήνο
3117 4129 3240 4184 τίνα
3282 4131 3390 4202 γὰρ
3429 4135 3524 4186 καὶ
3570 4133 3750 4204 ἔχοιεν

2164 4216 2373 4287 εἰδικὴν
2407 4217 2582 4289 ἀρχὴν
2611 4221 2639 4272 6
2683 4219 2870 4290 Πατὴρ
2900 4220 2993 4273 καὶ
3041 4219 3204 4286 Υἰὸς;
3270 4224 3363 4275 καὶ
3417 4222 3592 4289 οὕτως
3644 4226 3748 4294 τὴν

2166 4309 2415 4363 σύνθεσιν
2445 4311 2545 4364 οὐκ
2577 4310 2935 4382 ἐκφεύξονται
2971 4328 2986 4343 ο
3012 4312 3123 4364 οὐδ’
3151 4312 3321 4383 αὐτὴν
3371 4313 3445 4377 ὡς
3495 4315 3745 4386 τελικὴν,

2165 4401 2404 4466 ἀναίτιος
2434 4404 2585 4474 γάρό
2615 4402 2748 4466 Θεός
2780 4419 2792 4431 ·
2829 4404 3076 4457 λείπεται
3109 4403 3250 4458 κατὰ
3308 4405 3368 4457 σὲ
3422 4407 3520 4477 τὴν
3557 4424 3743 4476 χρονι-

2165 4494 2265 4564 κὴν
2284 4495 2458 4565 ἀρχὴν
2493 4492 2633 4548 εἶναι
2664 4496 2756 4549 106
2790 4497 3002 4565 Πατρὸς
3031 4495 3123 4549 καὶ
3153 4496 3283 4549 Υἱοῦ
3312 4513 3325 4526 ·
3353 4497 3401 4550 εἰ
3451 4497 3506 4550 δὲ
3563 4499 3740 4564 τοῦτο,

2166 4590 2257 4640 καὶ
2282 4588 2532 4656 γίνεσθαι
2564 4591 2632 4643 ἂν
2673 4591 2870 4653 αὐτοὺς
2907 4591 3216 4662 συμϐαίνει,
3261 4594 3356 4645 καὶ
3401 4592 3740 4663 φθείρεσθαι,

2169 4681 2262 4731 καὶ
2294 4680 2428 4733 ἄλλα
2460 4682 2630 4752 μυρία
2660 4699 2671 4712 ο
2702 4683 2772 4735 τὰ
2805 4685 2912 4754 γὰρ
2942 4685 3002 4736 ἐν
3043 4686 3219 4755 χρόνῳ
3259 4685 3484 4737 τοιαῦτα
3518 4701 3533 4714 ·
3580 4702 3743 4753 φανε-

2171 4771 2260 4840 ρ³ιν
2290 4773 2371 4822 ὅτι
2398 4773 2496 4823 οὐκ
2521 4775 2666 4824 ἔστιν
2702 4767 2792 4825 ἐπὶ
2820 4774 2956 4827 Θεοῦ
2988 4774 3160 4845 ἀρχὴν
3200 4774 3482 4845 ἀνωτέραν
3515 4776 3697 4844 εὑρεῖν

2167 4862 2260 4913 καὶ
2285 4862 2421 4928 πῶς,
2455 4858 2500 4916 ὦ
2524 4864 2697 4931 φίλος,
2729 4867 2801 4927 ὡς
2830 4865 3080 4933 ἡγεῖσθαι
3136 4864 3312 4916 λαϐὼν
3365 4865 3479 4916 τὸν-
3504 4868 3742 4936 1119120-

2168 4955 2383 5023 γισμὸν,
2415 4956 2776 5024 συρῥάπτεις;
2813 4958 2922 5010 Καὶ
2967 4956 3109 5008 οὕτω
3147 4955 3416 5009 δέδεικται
3451 4960 3543 5010 καὶ
3578 4958 3738 5012 τοῦτό

2170 5061 2250 5096 σοι
2273 5046 2498 5113 ἠλίθιον.

2231 5146 2300 5206 η’.
2332 5138 2468 5190 Ἀλλ’
2522 5139 2718 5208 ἰδωμεν
2759 5141 2831 5192 τί·
2885 5141 2980 5194 καὶ
3021 5141 3158 5211 μετὰ
3202 5116 3409 5212 βραχέα
3459 5143 3695 5213 γράφεις
3724 5159 3738 5174 ο

2169 5252 2186 5284 ι
2236 5231 2292 5283 Ὀ
2317 5231 2370 5283 δὲ
2401 5231 2531 5293 Θεὸς
2580 5232 2641 5284 16
2691 5233 2797 5285 πᾶν
2827 5235 2890 5303 τῇ
2939 5233 3100 5304 σοφίᾳ
3129 5233 3294 5287 αὑτοῦ
3324 5235 3678 5304 έκυϐέρνησε.
3716 5253 3734 5284 i

2165 5323 2429 5392 Σύμφημι
2463 5323 2617 5390 κάγὼ
2647 5326 2741 5377 καὶ
2777 5325 2920 5396 μάλα
2948 5326 3136 5396 ἡδέως·
3167 5329 3234 5398 τῇ
3269 5327 3370 5398 μὲν
3403 5327 3512 5396 γὰρ
3539 5327 3741 5377 twn-0—

2161 5415 2338 5482 στάτῳ
2391 5413 2466 5483 (1)
2517 5415 2684 5468 αὑτοῦ
2733 5417 2915 5486 σοφίᾳ,
2947 5417 3014 5487 ἢν
3067 5419 3097 5471 6
3157 5417 3314 5486 λόγος
3367 5416 3594 5485 δύναμιν
3637 5417 3741 5486 τὴν

2159 5617 2282 5670 σίαν
2308 5617 2505 5682 κοινὸν,
2531 5619 2696 5689 ἤγουν
2718 5620 2775 5673 16
2802 5615 2960 5683 εἶδος,
2996 5619 3058 5672 16
3101 5619 3159 5671 έν
3183 5619 3294 5678 τοῖς
3320 5617 3411 5670 ὑπ’
3437 5617 3568 5671 αὐτὸ
3610 5608 3739 5671 616—

2164 5705 2283 5756 μοις
2323 5690 2724 5759 πραγματικῶς
2772 5691 3175 5759 ὑφιστάμενον,
3235 5689 3325 5742 καὶ
3371 5691 3470 5742 οὐκ
3521 5689 3740 5762 intimi;
