3926 6308
145 363 246 426 817

1269 359 1701 424 REFUTATIO
1739 357 2215 426 MOHAMEDIS.

3277 366 3386 429 818

142 483 315 552 αὐτὴν
368 481 463 535 καὶ
492 481 664 551 Λόγον
709 481 802 537 καὶ
853 480 980 533 Υίὸν
1011 477 1226 551 τρανῶς
1260 478 1452 545 ἔδειξε,
1499 478 1562 530 τὺ
1611 477 1752 534 πᾶν,

1857 479 2018 532 travit
2057 476 2293 534 Verbum
2335 494 2454 536 esse
2482 496 2546 538 ac
2596 481 2821 548 Filium,
2858 480 3039 536 omnia
3092 483 3398 547 constituit,

147 573 555 644 συνεστήσατο,
602 575 696 627 καὶ
745 573 1091 643 ἐφανέρωσεν
1139 572 1197 626 ὲν
1244 572 1359 634 τοῖς
1393 570 1576 641 ἔργοις
1623 569 1722 639 τὴν

145 664 346 718 ἑαυτοῦ
381 666 618 734 ποίησινο
667 666 760 718 καὶ
813 665 893 717 ὅτι
942 663 1058 717 ἐστι
1087 664 1217 725 Θεὸς
1251 657 1332 728 εἷς
1381 663 1474 716 ἐπὶ
1507 661 1726 716 πάντων

148 755 478 828 ὑπερούσιος
506 757 624 810 καθ’
664 755 700 811 ἀ
743 755 846 809 πού
879 774 963 820 τις
1007 756 1116 812 τῶν
1142 757 1272 828 παρ’
1297 757 1430 827 ἡμῖν
1461 753 1726 823 Θεολόγων

149 850 365 917 συνῳδά
419 849 630 913 τούτοις
694 850 798 919 ἔφη
823 865 839 881 ⁶
879 869 898 902 ι
965 851 1040 906 Τὰ
1093 851 1205 920 γὰρ
1262 851 1487 920 ἀόρατα
1541 851 1727 905 αὐτοῦ

150 941 274 995 ἀπὸ
334 943 587 1012 κτίσεως
630 941 862 1010 κόσμου
910 943 1035 1008 τοῖς
1087 943 1378 1013 ποιήμασι
1431 943 1730 1012 νοούμενα

149 1028 491 1098 καθορᾶται,
522 1029 561 1096 ἦ
591 1045 654 1084 τε
684 1030 872 1098 ἀΐδιος
921 1031 1108 1086 αὐτοῦ
1151 1033 1382 1098 θειότης
1402 1048 1416 1063 ·
1465 1051 1484 1084 ι
1537 1034 1632 1085 καὶ
1660 1031 1732 1085 τὰ

147 1119 367 1183 τούτοις
397 1119 675 1189 σύστοιχα’
713 1121 793 1174 διὸ
821 1123 924 1176 κᾶν
957 1120 1032 1191 μὴ
1073 1120 1255 1191 θέλῃς,
1287 1124 1406 1184 ταῖς
1432 1122 1730 1192 ἡμετέραις

147 1209 467 1280 ὁμολογίαις
501 1209 756 1280 συνᾴδῃς·
805 1209 1167 1282 παρακατιὼν
1195 1209 1258 1263 δὲ’
1298 1209 1492 1281 μικρὸν
1525 1213 1603 1275 είς
1631 1213 1731 1281 τὴν

153 1301 460 1371 μοναρχίαν
517 1300 611 1354 τοῦ
660 1300 796 1355 Θεοῦ
847 1302 940 1354 καὶ
976 1301 1426 1372 ,ὑπερουσιότητα
1450 1342 1465 1366 ,
1498 1303 1732 1372 γράφεις

149 1391 350 1452 οὕτως·
390 1408 409 1441 ι
469 1391 614 1444 Διότι
660 1392 754 1444 ὲάν
811 1387 925 1462 εἶχε
967 1376 1223 1445 κοινωνὸν
1280 1392 1360 1456 είς
1393 1393 1492 1464 τὴν
1536 1393 1730 1446 ἑαυτοῦ

152 1481 438 1551 βασιλείαν
462 1522 476 1547 ,
537 1481 728 1553 ἔμελλε
769 1483 1024 1554 δέχεσθαι
1051 1483 1377 1537 ¹ἐναντίωσιν
1402 1525 1415 1548 ,
1465 1485 1498 1556 ἢ
1547 1485 1736 1555 ἐνδεὴς

151 1567 300 1644 εἶχεν
345 1569 486 1627 εἶναι
536 1575 816 1646 ύπουργοῦ
855 1575 951 1630 τοῦ
994 1577 1216 1629 διοικεῖν
1248 1575 1346 1645 τὴν
1371 1577 1736 1648 δημιουργίαν

151 1667 345 1721 αὐτοῦ.
405 1685 424 1718 ι
469 1667 786 1736 Θαυμάζειν
834 1685 922 1736 μοι
953 1669 1130 1722 ἔπεισι
1163 1669 1389 1724 τοιαῦτα
1427 1672 1735 1742 γράφοντός

154 1778 271 1817 σουο
298 1761 420 1815 οὐδὲ
452 1761 559 1832 γὰρ
583 1763 798 1832 συνορῶ
832 1764 926 1816 ἐπὶ
950 1764 1084 1817 Θεοῦ
1110 1764 1193 1827 τίς
1219 1767 1251 1834 ή
1281 1765 1517 1835 ἀνάγκη,
1550 1768 1582 1838 ἢ
1623 1785 1738 1821 κοι-

154 1852 366 1915 νωνούς
420 1870 574 1916 τινας
625 1857 724 1923 τῆς
778 1853 1090 1923 βασιλείας,
1121 1855 1154 1924 ἢ
1184 1854 1393 1908 ἔνδειαν
1436 1856 1737 1926 ὑπουργίας

152 1944 248 1997 τοῦ
281 1945 503 1998 διοικεῖν
548 1946 641 1998 τὸν
685 1947 882 2000 ἑαυτοῦ
913 1947 1118 2016 κόσμον
1146 1949 1482 2017 είσάγεσθαγ
1507 1951 1604 2005 καὶ
1633 1954 1734 2006 ὅσα

153 2036 364 2100 τούτοις
418 2037 714 2107 ὲπιφέρεις·
749 2038 841 2091 τὸν
879 2040 984 2108 γὰρ
1039 2040 1179 2093 Θεὺν
1234 2043 1327 2094 καὶ
1382 2043 1599 2115 Πατέρα
1647 2047 1739 2099 τὸν
1792 2034 1794 2037 ’

153 2126 356 2178 ἑαυτοῦ
385 2126 513 2180 Υίὺν
544 2128 684 2178 κατά
726 2128 903 2181 πάντα
951 2129 1135 2200 ὅμοιον
1183 2129 1409 2206 ἔχοντα,
1457 2133 1598 2206 πλὴν
1638 2135 1741 2204 τῆς

157 2219 488 2287 ἀγεννησίας
521 2220 614 2271 καὶ
659 2220 759 2288 τῆς
789 2222 1093 2289 γεννήσεως
1120 2240 1135 2254 ·
1167 2223 1324 2292 ἡμῶν
1347 2225 1405 2278 δὲ
1446 2226 1569 2295 μηδ’
1605 2227 1741 2292 ὅλως

158 2309 221 2360 τδ
246 2310 506 2361 κοινωνὸν
543 2309 950 2378 ὁμολογούντων
974 2312 1067 2364 ἐπὶ
1106 2313 1200 2366 τοῦ
1233 2314 1441 2384 Πατρός
1471 2315 1560 2370 τὸν
1590 2316 1739 2383 Υἰόν,

157 2399 262 2452 οὐκ
306 2394 406 2452 οἶδ’
434 2400 579 2461 ὅπως
610 2401 755 2469 ἡμᾶς
799 2401 1138 2474 παραλογίζῃ
1169 2402 1202 2472 ἢ
1245 2405 1469 2459 σεαυτὸν
1511 2407 1743 2473 καὶτοῖς

160 2489 366 2542 ἑαυτοῦ
389 2496 609 2562 πτεροῖς
637 2492 853 2564 ἁλίσκῃ·
888 2493 1080 2549 ἔστιδὲ
1110 2497 1171 2550 τὸ
1205 2499 1355 2568 παρά
1384 2497 1478 2551 σοῦ
1504 2501 1743 2570 σόφισμα

161 2581 408 2636 τοιοῦτον
433 2601 447 2614 ’
497 2584 620 2638 Ἐὰν
650 2586 742 2639 δύο
773 2588 892 2639 τινὰ
921 2581 1043 2654 ὦσι,
1086 2590 1178 2642 καὶ
1220 2589 1283 2642 τὸ
1315 2591 1414 2660 μὲν
1445 2590 1746 2646 καθολικώ-

163 2693 349 2745 τερον,
379 2676 440 2750 τδ
469 2677 527 2730 δὲ
567 2680 660 2731 ἐπὶ
711 2680 935 2750 μέρους,
981 2674 1094 2734 οἷον
1149 2681 1209 2734 τό
1256 2699 1313 2734 τε
1348 2681 1484 2748 ὕειν,
1540 2685 1746 2738 καὶ-τὸ

168 2765 461 2838 βεῦρέχθαι
493 2767 592 2839 τὴν
623 2772 746 2839 γῆνο
780 2771 840 2824 τὸ
870 2772 969 2841 μὲν
998 2775 1107 2842 γὰρ
1132 2773 1269 2838 ὕειν,
1297 2774 1594 2829 ὲπέλαττόν
1630 2776 1748 2831 ἐστι

166 2858 265 2911 τοῦ
298 2859 614 2930 βεόρέχοαι·
643 2863 702 2914 ού
730 2864 837 2932 γὰρ
857 2864 1226 2934 ἀντιστρέφειο
1257 2864 1449 2918 τούτου
1484 2867 1540 2919 δὲ
1571 2868 1745 2932 ὄντος,

166 2949 331 3019 δῆλον
364 2952 448 3004 ὅτι
479 2953 574 3004 καὶ
615 2953 676 3004 τὸ
724 2953 909 3006 λοιπὸν
942 2954 1115 3015 ἔσται,
1159 2951 1271 3008 οἷον
1311 2956 1374 3009 τὸ
1404 2956 1517 3010 ὕειν
1568 2960 1749 3015 καὶτὸ

174 3039 492 3110 βεϐρέχθαι’
536 3039 657 3096 εἶτα
694 3044 786 3096 τοῦ
835 3044 1023 3098 λοιποῦ
1053 3045 1224 3110 ὄντος,
1253 3048 1416 3116 φήσει
1446 3065 1531 3112 τις
1563 3053 1657 3104 καὶ
1688 3052 1748 3106 τὸ

1829 569 2306 640 manifestavitqne
2355 573 2612 641 operibus
2656 573 2918 630 iacturam
2964 588 3144 637 suam,
3175 583 3229 627 et
3256 574 3402 642 quod

1828 662 1971 716 Deus
2005 663 2261 730 unuslsit
2287 679 2449 733 super
2474 668 2656 720 omnia
2694 667 3254 735 supersubstantialis,
3293 666 3400 720 sic-

1831 752 1906 807 uti
1959 753 2178 824 quidam
2226 754 2291 808 de
2348 755 2613 832 theologis
2662 757 2864 812 nostris
2914 765 3283 812 consonanter
3324 757 3407 811 bis

1829 844 2008 898 dixit:
2048 842 2345 898 Invisibilia
2401 846 2540 898 enim
2595 846 2761 915 ipsius
2821 863 2852 900 α
2904 860 3150 899 creatura
3199 845 3406 904 mundi,

1829 953 1920 1005 per
1971 953 2032 990 ea
2085 953 2202 1006 quae
2251 937 2396 1006 facta
2456 947 2615 1000 sunt,
2665 936 2930 1020 intellectal
2975 937 3406 1005 conspiciuntur;

1832 1030 2149 1099 sempiterna
2175 1045 2375 1099 quoque
2400 1028 2515 1097 ejus
2540 1029 2710 1084 deitas
2729 1027 2796 1093 “,
2827 1037 2881 1083 et
2911 1028 2998 1083 his
3020 1036 3410 1084 consentanea.

1834 1121 2194 1186 Quamobrem
2225 1121 2356 1175 velis
2389 1121 2529 1175 nolis
2555 1120 2994 1176 confessionibus
3030 1119 3238 1174 nostris
3275 1133 3412 1173 con-

1834 1211 2054 1267 senties.
2086 1209 2438 1279 Aliquantum
2470 1225 2604 1266 vero
2639 1225 2959 1281 progressus
2996 1212 3061 1266 ad
3107 1209 3200 1265 Dei
3235 1209 3414 1264 unita-

1832 1314 1937 1357 tem
1971 1311 2023 1356 et
2079 1303 2783 1373 supersubstantialitatem,
2821 1303 2902 1357 sic
2952 1302 3032 1357 ais
3070 1320 3083 1356 :
3124 1319 3141 1352 ι
3191 1301 3328 1367 Quia
3365 1299 3412 1355 si

1835 1395 2142 1449 societatem
2176 1395 2412 1464 aliquam
2456 1395 2541 1449 sui
2595 1396 2744 1463 regni
2781 1395 3025 1456 haberet,
3052 1394 3414 1448 contrarieta-

1838 1493 1942 1538 tem
1973 1501 2191 1556 quoque
2218 1495 2545 1556 experturus
2569 1496 2732 1540 esset.
2774 1486 2866 1540 Vel
2895 1495 3042 1540 certe
3077 1495 3223 1539 esset
3263 1483 3417 1552 adju-

1835 1577 1972 1632 toris
2003 1577 2220 1646 indigns
2261 1579 2326 1632 ad
2365 1580 2533 1634 creati
2562 1579 2630 1632 ah
2658 1593 2716 1633 se
2750 1577 2938 1632 mundi
2983 1576 3415 1632 administratio-
3483 1567 3486 1571 ’

1838 1685 1982 1724 nem.
2056 1687 2075 1720 ι
2142 1667 2308 1723 Miror
2368 1669 2479 1731 lucc
2535 1687 2564 1724 a
2628 1679 2679 1725 te
2733 1669 2896 1724 scribi
2958 1668 3218 1725 :nullam
3271 1668 3420 1724 enim

1840 1762 2216 1820 necessitatem
2271 1761 2428 1815 video
2491 1762 2784 1817 inducendi
2845 1763 2924 1816 vel
2979 1761 3158 1817 socios
3205 1761 3419 1830 aliquos
3507 1788 3510 1791 -

1839 1855 2014 1926 regni,
2045 1854 2125 1911 vel
2152 1854 2408 1923 adjutorii
2466 1853 2819 1924 indigentiam
2869 1854 2935 1908 ad
2971 1855 3158 1908 mundi
3186 1853 3422 1908 admini-
3498 1911 3502 1916 ,

1841 1948 2176 2010 strationem,
2206 1948 2288 2004 vel
2309 1945 2570 2015 quidquid
2616 1946 2698 1999 his
2717 1954 2771 1999 tu
2795 1946 3096 2015 subjungis.
3120 1945 3256 2000 Cum
3275 1946 3421 2000 enim

1843 2056 1943 2096 nos
1968 2041 2326 2094 conliteamur
2360 2039 2529 2093 Deum
2556 2037 2772 2092 Patrem
2805 2038 3003 2092 habere
3028 2036 3225 2092 Filium
3259 2026 3420 2094 suum

1841 2145 2069 2200 prorsus
2103 2129 2208 2184 sibi
2241 2129 2498 2196 similem,
2545 2138 2768 2200 excepta
2813 2127 3162 2200 generatione
3191 2130 3423 2200 ejusque

1843 2227 2164 2296 negatione;
2197 2239 2374 2294 neque
2399 2233 2578 2279 tamen
2633 2226 2949 2280 societatem
3004 2223 3170 2278 ullam
3198 2239 3424 2295 prorsus

1843 2318 2090 2372 dicamus
2141 2315 2321 2371 Patris
2381 2332 2445 2371 ac
2497 2313 2653 2381 Filii;
2716 2316 2858 2371 haud
2912 2315 3072 2371 video
3129 2330 3230 2369 cur
3266 2316 3428 2370 nobis

1846 2408 2028 2464 fucum
2068 2409 2244 2463 facere
2274 2409 2428 2464 velis.
2467 2409 2611 2464 Sane
2643 2409 2748 2463 tuis
2781 2410 2915 2478 ipsis
2957 2408 3149 2479 pennis
3189 2409 3424 2479 caperis.

1845 2497 1940 2552 Est
1973 2509 2152 2552 autem
2192 2497 2469 2567 sophisma
2495 2506 2647 2553 tuum
2685 2499 2998 2567 huiusmodi
3031 2517 3044 2552 :
3075 2497 3129 2552 Si
3162 2497 3272 2553 duo
3295 2498 3426 2560 sint,

1845 2601 1898 2645 et
1930 2605 2096 2644 unum
2134 2590 2352 2659 quidem
2400 2590 2748 2661 generalius,
2789 2591 2934 2644 aliud
2975 2591 3227 2666 partiale,
3263 2591 3441 2645 veluti-

1846 2693 1931 2737 est
1960 2683 2164 2751 pluere,
2201 2691 2255 2736 et
2280 2692 2477 2736 terram
2513 2683 2791 2738 madetieri
2820 2702 2834 2737 :
2867 2699 2990 2736 nam
3019 2685 3209 2753 pluere.
3241 2682 3426 2736 minus

1848 2783 1951 2835 est.
1980 2790 2143 2842 quam
2175 2783 2374 2827 teriam
2409 2774 2720 2828 madeﬁeri:
2753 2792 2858 2828 non
2882 2777 3025 2828 enim
3059 2774 3430 2838 convertitur;

1858 2866 2005 2934 quod
2048 2866 2090 2919 si
2145 2874 2248 2928 est,
2305 2872 2450 2932 patet
2501 2866 2730 2920 alterum
2779 2882 2996 2935 quoque
3046 2866 3179 2929 fore,
3242 2866 3294 2920 id
3325 2876 3432 2929 est,

1852 2959 2036 3028 pluere
2066 2967 2131 3023 et,
2156 2958 2451 3011 madelieri.
2483 2958 2685 3013 Deinde
2705 2958 2749 3012 si
2801 2959 3028 3013 alterum
3051 2968 3156 3023 est,
3175 2959 3319 3013 dicet
3345 2959 3438 3012 ali-

1850 3051 1974 3118 quis
2022 3049 2250 3103 alterum
2293 3066 2510 3118 quoque
2559 3049 2695 3115 fore,
2725 3052 3254 3122 paralogismumque
3285 3048 3431 3112 facit,

172 3132 361 3184 λοιπὸν
397 3129 537 3186 εἶναι
562 3152 575 3165 ·
609 3136 700 3187 τὸν
730 3137 1146 3209 παραλογισμὸν
1180 3142 1323 3191 ποιεῖ
1362 3139 1507 3193 οὓτω
1551 3143 1738 3196 καλού-

1857 3141 1923 3192 ita
1977 3140 2304 3209 appellatum
2358 3142 2498 3210 :quia
2552 3157 2657 3195 non
2687 3144 3025 3196 convertitur
3051 3144 3212 3197 etiam
3248 3142 3438 3196 subse-

177 3239 343 3291 μενον
377 3224 526 3294 παρὰ
562 3224 624 3276 τὸ
674 3226 749 3294 μὴ
782 3228 1167 3296 ἀντιστρόφου,
1204 3229 1298 3284 καὶ
1347 3230 1406 3281 τὸ
1466 3231 1753 3300 ἑπόμενον.

251 3313 320 3367 θ’.
353 3313 604 3368 Τοιοῦτόν
629 3333 681 3368 τι
712 3318 913 3380 καύτὸς
938 3319 995 3369 ἐν
1024 3320 1136 3381 τοῖς
1168 3321 1319 3391 παρὰ
1350 3321 1444 3374 σοῦ
1495 3327 1757 3394 γραφεῖσι

178 3407 509 3476 πεποίηκας·
541 3410 635 3463 δύο
671 3409 779 3480 γὰρ
808 3410 999 3474 όντων,
1039 3411 1216 3463 κοινόν
1255 3429 1311 3465 τε
1358 3413 1453 3466 καὶ
1481 3416 1754 3480 κοινωνός·

180 3501 281 3552 καὶ
305 3499 369 3550 τὸ
412 3500 512 3568 μὲν
541 3501 825 3566 ὲπιπλέον,
856 3495 968 3553 οἷον
1008 3501 1079 3570 ’τὸ¹
1106 3503 1301 3556 κοινόν·
1336 3503 1398 3556 τὸ
1438 3505 1497 3556 δὲ
1529 3506 1758 3560 ὲπέλατ-

151 3605 298 3660 .say,
330 3584 442 3643 οἷον
471 3591 532 3643 τὸ
563 3592 870 3658 κοινωνός
902 3595 930 3646 ό
967 3595 1066 3665 μὲν
1098 3595 1208 3665 γὰρ
1233 3596 1490 3660 κοινωνὸς
1513 3590 1575 3650 οὗ
1601 3599 1760 3666 λέγε-

179 3697 276 3734 ται
307 3682 593 3746 κοινωνὸς,
639 3683 715 3744 ὡς
743 3686 921 3737 κοινόν
958 3702 1010 3738 τι
1050 3685 1189 3756 ἔχων
1220 3686 1440 3756 λέγεται
1483 3693 1756 3755 κοινωνός·

184 3775 289 3825 οὐκ
315 3775 366 3825 εί
392 3790 444 3826 τι
473 3775 529 3826 δὲ
556 3776 731 3827 κοινόν
777 3793 829 3828 τι
860 3775 996 3846 ἔχων
1024 3779 1142 3847 μεθ’
1173 3780 1384 3848 ἑτέρου,
1416 3782 1626 3853 ἀνάγκη
1668 3785 1764 3838 καὶ

185 3862 446 3915 κοινωνὸν
479 3863 646 3917 αὑτοῦ
686 3863 961 3946 λέγεσθαι·
986 3867 1132 3932 λίθος
1157 3871 1265 3940 γὰρ
1286 3870 1419 3941 λίθῳ
1451 3874 1510 3926 οὐ
1546 3874 1764 3946 λέγεται

187 3953 468 4017 κοινωνὸς,
501 3955 622 4006 ἐπεὶ
655 3960 806 4027 κοινὴ
833 3943 1157 4031 ἀμιροτέρων
1184 3965 1216 4031 ἡ
1242 3966 1417 4018 οὐσία·
1449 3943 1765 4023 ὼσαύτωέδὲ

180 4043 289 4114 καὶ
315 4045 478 4106 ἵππος
507 4045 680 4116 ἵππῳ,
711 4048 895 4118 κοινὴν
927 4050 1022 4102 καὶ
1045 4052 1171 4118 μίαν
1213 4054 1404 4106 οὐσίαν
1442 4055 1679 4126 ἔχοντες,
1703 4060 1765 4112 ού

187 4135 445 4202 λέγονται
474 4138 755 4191 κοινωνοί·
791 4141 839 4192 εἰ
887 4135 978 4194 οὖν
1020 4141 1080 4194 τὸ
1113 4145 1289 4197 κοινὸν
1319 4148 1594 4216 ὲπιπλέον,
1626 4151 1683 4204 τὸ
1711 4152 1768 4206 δὲ

194 4229 494 4290 κοινωνὸς
526 4230 837 4287 ἑπέλαττοοο
876 4233 1034 4302 ἡμῶν
1075 4235 1130 4288 δὲ
1175 4236 1439 4304 λεγόντων
1468 4241 1650 4313 κοινὴν
1680 4246 1770 4296 καὶ

190 4318 494 4387 ἀμέριστον
539 4319 684 4388 ἔχειν
715 4320 806 4372 τὸν
854 4321 1073 4391 Πατέρα
1122 4325 1221 4394 τὴν
1257 4328 1450 4381 ἑαυτοῦ
1492 4330 1770 4399 βασιλείαν

192 4409 336 4478 πρὸς
361 4413 452 4463 τὸν
470 4411 660 4464 ἑαυτοῦ
684 4413 824 4473 Υἰὸν,
845 4413 1008 4476 αὐτὸς
1037 4421 1357 4488 μεταφέρων
1386 4421 1638 4489 γράφεις·
1664 4441 1682 4475 ι
1709 4425 1770 4477 Εἰ

1859 3248 2054 3299 quens.

1932 3321 1982 3376 9.
2026 3322 2156 3376 Tale
2186 3325 2317 3393 quid
2373 3332 2430 3377 tu
2495 3339 2713 3392 quoque
2766 3322 2940 3378 fecisti
2995 3325 3046 3379 in
3086 3325 3290 3395 scripto
3320 3334 3435 3379 tuo.

1861 3410 1994 3464 Nam
2037 3426 2160 3466 cum
2193 3412 2300 3465 duo
2325 3411 2453 3471 sint.
2490 3426 2781 3464 commune
2832 3411 2884 3464 et
2913 3413 3358 3475 communicans;
3385 3419 3440 3469 et

1861 3502 1992 3556 illud
2018 3501 2238 3571 quidem
2267 3502 2522 3570 amplius,
2558 3502 2607 3556 id
2631 3511 2736 3563 est,
2761 3517 3088 3568 commune;
3122 3503 3227 3558 hoc
3255 3514 3437 3560 autem

1863 3595 2185 3665 restrictius,
2214 3593 2264 3647 id
2295 3601 2397 3658 est,
2441 3595 2839 3649 communium:
2869 3610 2887 3648 :
2920 3596 3120 3650 etenim
3170 3597 3263 3666 qui
3291 3611 3443 3652 com-

1863 3686 2107 3740 municat
2149 3685 2347 3740 dicitur
2385 3686 2823 3752 comnmnicans,
2860 3697 3129 3756 quatenus
3152 3703 3441 3744 commune

1865 3776 2071 3845 aliquid
2101 3776 2264 3831 habet
2286 3795 2300 3829 :
2323 3791 2666 3846 nequaquam
2694 3788 2872 3830 autem
2896 3792 3018 3832 eum
3046 3779 3135 3847 qui
3153 3793 3442 3833 commune

1866 3870 2070 3939 aliquid
2101 3869 2260 3923 habet
2282 3868 2532 3923 cumalio
2555 3909 2568 3931 ,
2602 3884 2821 3924 necesse
2838 3879 2919 3923 est
2945 3871 3438 3926 communicantetu

1867 3964 2040 4016 eidem
2070 3962 2290 4016 dicere:
2321 3977 2446 4013 nam
2496 3960 2633 4029 lapis
2695 3977 2800 4014 non
2852 3962 3052 4016 dicitur
3091 3963 3251 4033 lapidi
3284 3979 3439 4018 com»-

1871 4053 2182 4113 municans,
2209 4051 2340 4120 quia
2357 4052 2663 4104 communis
2690 4053 3071 4120 estutriusque
3098 4054 3440 4108 substantia:

1871 4139 2120 4194 similiter
2153 4155 2329 4209 equus
2395 4154 2556 4206 equo,
2613 4138 2701 4208 qni
2773 4154 3117 4194 communem
3169 4157 3443 4209 unamque

1872 4232 2234 4286 substantiam
2263 4231 2482 4294 habent,
2516 4247 2621 4284 non
2654 4230 2909 4285 dicuntur
2934 4233 3399 4289 communicantes
3425 4253 3438 4288 :

1835 4359 1840 4361 -
1875 4326 1917 4379 si
1947 4339 2074 4393 ergo
2111 4317 2421 4386 commune,
2480 4324 2598 4392 plus
2653 4332 2766 4388 est;
2826 4325 3217 4378 communicatis
3260 4333 3443 4380 autem

1878 4417 2099 4469 minus:
2128 4415 2283 4468 nobis
2311 4431 2436 4468 vero
2481 4416 2784 4469 dicentibus
2833 4431 3122 4471 commune
3153 4425 3208 4469 et
3247 4415 3444 4470 indivi-

193 4503 354 4570 κοινὴ
398 4503 642 4573 βασιλεία
691 4507 784 4558 καὶ
813 4506 1029 4570 ἐξουσία
1082 4509 1215 4580 πρὸς
1257 4510 1404 4574 Υἱὸν,
1436 4515 1652 4578 πάντως
1677 4520 1752 4570 κα¹

1875 4508 2030 4561 sibile
2066 4508 2266 4560 habere
2310 4506 2520 4560 Patrem
2589 4522 2814 4576 regnum
2878 4522 3037 4561 suum
3071 4523 3194 4562 cum
3228 4509 3448 4577 proprio

195 4597 456 4657 κοινωνὸς
487 4597 638 4650 ἕσται
670 4599 697 4651 ὁ
729 4599 856 4662 Υἱὸς
903 4601 996 4652 τοῦ
1035 4603 1246 4673 Πατρός
1274 4604 1371 4673 τῆς
1419 4605 1582 4659 αὑτοῦ
1615 4608 1768 4677 βασι-

193 4685 374 4748 λείας·
417 4706 434 4738 ι
475 4692 568 4740 καὶ
615 4693 958 4766 παραλογίζῃ
992 4694 1190 4762 μᾶλλον
1215 4697 1358 4765 ἥπερ
1390 4699 1556 4768 ἡμᾶς,
1604 4703 1771 4756 ποιῶν

152 4836 156 4837 ν
193 4779 293 4831 τὸν
315 4779 736 4860 ρπαραλογισμὸν
766 4785 917 4854 παρά
946 4785 1005 4837 τὸ
1025 4787 1098 4854 μὴ
1123 4787 1475 4858 ἀντιστρέφον
1507 4770 1771 4862 καλούμε-

195 4884 311 4921 νον⁶
352 4871 445 4922 καὶ
471 4871 625 4924 τοῦτο
661 4875 826 4926 ποιῶν
851 4875 1025 4940 δοκεῖς
1051 4878 1251 4946 μᾶλλον
1287 4880 1503 4947 ἀγνοεῖν
1546 4885 1608 4936 τὸ
1656 4904 1780 4941 κοι-

197 4963 399 5028 νωνὸς
426 4964 595 5033 ὄνομα
627 4959 720 5018 ἐπὶ
745 4967 905 5020 τίνων
937 4970 1160 5034 εἰκότως
1195 4972 1286 5024 καὶ
1319 4972 1434 5026 ἐστι
1464 4979 1557 5029 καὶ
1581 4983 1781 5048 κυρίως

197 5054 447 5120 λέγεται,
481 5057 575 5108 καὶ
605 5056 692 5110 διὰ
737 5058 893 5111 τοῦτο
923 5061 1107 5124 κακῶς
1133 5063 1226 5116 ἐπὶ
1254 5065 1389 5117 Θεοῦ
1426 5071 1777 5140 μεταφέρεις·

197 5145 264 5197 τὸ
296 5147 409 5214 γὰρ
435 5149 720 5215 κοινωνὸς
760 5151 928 5220 ὄνομα
979 5155 1079 5206 οὐκ
1137 5156 1225 5208 ἐπ’
1271 5158 1433 5212 ἄλλου
1463 5161 1609 5214 δοκεῖ
1637 5165 1778 5216 τίθε-

205 5235 360 5295 σθαι,
404 5237 518 5286 ἀλλ’
544 5233 624 5314 οἷς
667 5239 980 5306 ἰδιαζόντως
1013 5244 1104 5296 καὶ
1130 5256 1132 5258 ’
1156 5246 1622 5318 ἀποτετμημένως
1663 5253 1776 5316 ἐνὸς

205 5327 450 5379 ἑκάστου
501 5327 561 5379 τὸ
613 5329 770 5397 ἔργον
800 5334 1164 5400 ἀποτελεῖται,
1203 5340 1294 5390 καὶ
1325 5341 1466 5392 κατά
1502 5342 1777 5410 σύμϐασιν

208 5421 626 5488 προαιρετικὴν,
683 5424 777 5474 καὶ
835 5427 1236 5497 συμπειθισμὸν
1294 5431 1350 5481 ἐν
1402 5433 1581 5501 ταυτῴ
1639 5434 1777 5504 πράο

278 5554 329 5584 ⁵³
361 5553 521 5606 Rom.
562 5571 598 5615 ι,
623 5555 711 5608 ‘20.

213 5718 344 5786 ψιλῇ
371 5718 768 5790 θεωρούμενον.
835 5720 1270 5790 Enhngstutum,
1312 5724 1448 5789 quod
1505 5741 1773 5777 commune

215 5789 504 5844 secundum
539 5789 885 5845 substantiam
922 5789 997 5846 est
1025 5794 1294 5856 ;vidclicet
1337 5793 1528 5862 species
1572 5811 1686 5860 quw
1719 5797 1772 5850 in

1881 4597 2033 4662 Filio,
2066 4608 2120 4651 tu
2173 4598 2394 4650 inverso
2420 4611 2669 4650 sermone
2720 4598 2913 4651 scribis
2965 4617 2977 4649 :
3016 4617 3034 4647 ι
3069 4597 3124 4650 Si
3158 4613 3449 4653 commune

1878 4699 1960 4744 est
1993 4704 2216 4758 regnum
2254 4697 2308 4740 et
2339 4691 2728 4756 potestas‘cum
2781 4687 2938 4750 Filio,
2968 4702 3191 4755 prorsus
3218 4699 3269 4741 et
3299 4703 3450 4741 com-

1879 4783 2166 4836 municans
2212 4782 2315 4834 erit
2379 4780 2542 4834 Filius
2577 4797 2742 4847 regno
2803 4780 2972 4834 Patris
3028 4781 3111 4832 sui
3151 4797 3162 4832 :
3200 4800 3216 4832 ι
3245 4781 3448 4850 tibique

1882 4875 2065 4929 illudis
2098 4874 2279 4943 potius
2328 4889 2489 4942 quam
2546 4873 2734 4935 nobis,
2790 4872 3207 4940 paralogismnm
3243 4872 3446 4926 faciens

1880 4967 1932 5020 in
1971 4957 2045 5019 co‘
2086 4967 2228 5034 quod
2283 4979 2390 5016 non
2446 4953 2716 5016 alternat}
2749 4962 2907 5029 idque
2961 4959 3198 5023 faciens,
3248 4964 3446 5016 videris

1879 5059 2058 5128 potius
2093 5059 2363 5127 ignorare,
2423 5054 2738 5108 vocabulum
2799 5055 3186 5106 communicans
3228 5056 3292 5106 de
3321 5055 3443 5122 qui-

1881 5153 2108 5205 busnam
2155 5156 2297 5201 recte
2334 5147 2666 5214 proprieque
2713 5145 2926 5197 dicatur
2972 5129 2992 5198 ἐ
3050 5161 3111 5197 ac
3165 5153 3441 5210 prOpterea

1884 5242 2023 5295 male
2054 5241 2119 5292 ad
2152 5239 2316 5294 Deum
2355 5235 2614 5291 transfers
2643 5253 2656 5288 :
2688 5251 2809 5288 nam
2851 5237 3169 5290 vocabulum
3203 5250 3440 5286 commu-

1885 5336 2065 5387 nicans
2117 5334 2184 5386 de
2233 5331 2339 5384 alio
2395 5329 2541 5382 nullo
2601 5329 2729 5394 poni
2785 5330 3014 5388 videtur,
3068 5340 3229 5392 quam
3271 5326 3336 5378 de
3377 5325 3443 5379 iis

1884 5442 2113 5497 quorum
2168 5423 2379 5493 prapric
2441 5420 2770 5490 przeciseque
2823 5418 3249 5485 Uniuscujusque
3307 5431 3444 5485 Opus

1885 5725 2186 5786 individuis,
2216 5740 2331 5791 qua:
2367 5723 2459 5776 sub
2495 5724 2606 5790 ipsa
2651 5733 2790 5784 sunt,
2821 5718 3030 5791 realiter
3052 5717 3314 5782 subsistit,
3351 5733 3440 5771 nec

1882 5796 2016 5849 nudo
2048 5788 2247 5848 tanturn
2282 5795 2466 5848 mentis
2499 5788 2724 5866 cogitatu
2748 5788 3127 5845 consideratur.
