3926 6308
523 185 626 249 519
673 149 677 153 ’

1788 175 2080 239 Nicer/tt
2125 159 2527 234 BYZANTINI

3650 161 3766 228 820

523 297 818 367 perﬁcitur,
843 313 965 351 cum
1000 312 1064 351 ex
1101 293 1458 350 conventione
1488 292 1694 362 pracvia
1735 301 1788 346 et
1813 289 2080 346 soliditate

2186 281 2500 352 γματι,-δύο
2550 280 2582 351 ἦ
2627 281 2842 367 τρεζςῆ
2892 281 2986 333 καὶ
3024 277 3267 341 πλείονες
3313 276 3522 332 τούτων
3578 279 3669 342 εἰς
3699 277 3762 333 at

524 408 578 444 in
609 391 796 444 codem
843 389 1074 456 negatio,
1114 386 1223 440 duo
1255 385 1334 439 vel
1368 393 1475 438 tres
1514 393 1605 440 aut
1626 384 1822 450 plures,
1849 381 1913 434 ad
1941 379 2081 432 idem

496 483 794 552 negotium
851 487 1200 535 concurrunt.
1240 475 1417 529 Veluti
1475 476 1520 530 si
1584 475 1707 545 quis
1753 473 2080 527 rhetoricam

526 583 698 628 artem
737 574 886 642 prius
929 587 1022 640 per
1070 585 1127 624 se
1174 570 1349 637 ipsum
1403 566 2079 640 tantummodoexerceat,

523 669 712 724 deinde
738 668 930 735 aliquis
969 666 1126 742 ‘alius
1177 664 1240 717 ad
1291 679 1412 716 eum
1449 662 1685 723 accedat,
1719 666 1772 711 et
1803 671 1921 710 mox
1951 670 2081 707 cou-

523 759 774 810 ventioue
805 757 998 824 praevia
1044 763 1094 808 et
1124 769 1415 814 consensu,
1472 751 1537 805 ad
1588 749 1909 804 rhetoricam
1953 761 2081 815 pro-

521 849 812 903 fessionem
886 847 1227 901 concorditer
1288 853 1654 908 concurrant;
1727 848 1856 893 tunc
1920 838 2082 891 ambo

511 942 765 1009 dicentur
807 940 909 992 bac
952 939 1005 991 in
1056 953 1112 991 re
1149 932 1639 992 communicantes.
1674 933 1866 984 Verum
1905 929 2080 982 enim-

523 1047 648 1083 vero
681 1032 764 1092 iis,
797 1046 1025 1097 quorum
1071 1045 1257 1097 opera,
1291 1028 1561 1088 voluntas,
1585 1021 1920 1083 deliberatio,
1951 1035 2079 1087 ope-

523 1122 680 1182 ratio,
723 1133 775 1174 et
805 1121 1091 1174 concordia
1126 1119 1500 1187 inseparabilis
1527 1124 1716 1184 suapte
1753 1121 1946 1166 natura
1974 1117 2080 1170 est.

518 1214 790 1282 quomodo
857 1213 1312 1266 communicantis
1380 1208 1700 1264 vocabulum
1783 1201 2082 1272 congruet?

518 1304 743 1357 Minime
780 1319 1021 1370 prorsus.
1065 1304 1243 1369 Quare
1295 1317 1416 1358 cum
1479 1285 1685 1353 Patrem
1718 1297 1951 1350 dicimus
1978 1294 2080 1348 ali-

453 1464 458 1468 _
517 1396 646 1459 quid
677 1395 873 1455 facere.
906 1393 1098 1447 Filium
1161 1409 1376 1462 quoque
1436 1400 1489 1444 et
1541 1388 1800 1459 Spiritum
1831 1397 2078 1441 sanctum

521 1488 956 1555 inseparabiliter
1019 1487 1177 1550 simul
1227 1484 1404 1538 facere
1455 1483 1690 1537 dicimus
1740 1497 1754 1533 :
1808 1489 1861 1534 et
1920 1479 2080 1533 unius

518 1581 781 1648 operatio,
811 1596 836 1631 ιι
872 1579 1042 1631 tribus
1071 1592 1175 1628 non
1201 1586 1282 1632 est
1307 1577 1552 1643 seiuncta
1581 1592 1595 1627 :
1621 1573 1910 1645 omnisque
1948 1584 2079 1639 ope-

2177 375 2318 435 pars
2352 375 2581 444 πρᾶγμα
2621 361 2979 442 συνέρχοιντο·
3030 365 3140 424 οἷον
3175 369 3460 440 ῥητορεύει
3505 387 3590 432 τις
3632 369 3764 423 καθ’

2187 467 2378 520 ἑαυτὸν
2403 464 2463 538 τό
2491 463 2688 517 οἰκεῖον
2721 462 3040 534 σπούδασμα
3080 462 3334 526 ἐκτελῶν,
3363 463 3458 515 ἐὰν
3485 461 3652 523 ἄλλος
3676 476 3769 523 τις

2186 547 2322 630 πρός
2347 557 2508 624 αὐτὸν
2536 557 2786 623 ἀφίκοιτο
2816 557 2912 607 καὶ
2957 555 3101 609 κατὰ
3136 555 3407 624 σύμϐασιν
3429 569 3764 624 προαιρετι-

2186 653 2287 720 κὴν
2333 652 2425 702 καὶ
2476 648 2872 719 συμπειθισμὸν
2906 649 2986 710 εἰς
3017 647 3078 702 τὸ
3124 649 3224 718 τῆς
3272 648 3558 718 ῥητορείας
3585 645 3765 716 ἔργον

2183 740 2580 811 ὁμογνωμόνως
2619 738 2942 792 συνέλθοιεν·
2993 737 3239 806 λέγοιντο
3262 738 3327 791 ἂν
3365 738 3627 807 ἑκάτερος
3678 737 3765 798 εἰς

2181 831 2340 886 τοῦτο
2370 831 2649 897 κοινωνοί·
2671 824 2752 894 οἷς
2772 829 2826 883 δὲ
2858 830 2918 881 τὸ
2961 829 3121 898 ἔργον
3155 831 3250 903 καὶ
3277 830 3311 897 ὴ
3345 827 3582 896 Θέλησις,
3622 824 3763 897 βού-

2182 924 2337 994 λησίς
2370 939 2427 975 τε
2458 923 2552 976 καὶ
2578 922 2826 993 ἐνέργεια
2857 917 3194 990 καιόμόνοια
3227 920 3546 989 ἀδιάστατος
3569 935 3763 986 ’φυσι-

2186 1017 2294 1080 κῶς
2328 1017 2385 1067 ἐν
2428 1015 2612 1078 αὐτοῖς
2650 1015 2928 1082 πρόσεστι,
2962 1014 3076 1076 πῶς
3107 1012 3173 1066 ἂν
3207 1014 3300 1066 καὶ
3328 1013 3512 1081 χώραν
3549 1011 3673 1075 ἕξει
3699 1009 3764 1062 τὺ

2180 1106 2276 1160 τοῦ
2330 1105 2588 1160 κοινωνοῦ
2631 1105 2836 1176 ὄνομα,
2870 1105 2932 1157 οὐ
2979 1104 3079 1173 μὲν
3121 1103 3235 1156 οῦν·
3274 1104 3356 1155 διὸ
3387 1103 3478 1155 τὸν
3529 1102 3765 1169 Πατέρα

2181 1198 2432 1267 λέγοντες
2459 1199 2634 1250 ποιεῖν
2683 1214 2755 1256 τι.
2789 1198 2879 1250 καὶ
2909 1196 2999 1249 τὸν
3045 1195 3175 1248 Υἱδν
3207 1195 3300 1248 καὶ
3333 1195 3390 1246 τὸ
3439 1194 3670 1261 Πνεῦμα.
3703 1191 3769 1243 τὸ

2136 1334 2142 1340 .
2183 1284 2743 1355 ἂγιονάδιασπάστως
2767 1284 2884 1355 ἅμα
2908 1285 3136 1354 λέγομεν
3163 1283 3354 1336 ποιεῖν·
3389 1281 3483 1333 καὶ
3505 1279 3596 1331 τοῦ
3633 1279 3766 1338 ἑνὸς

2181 1383 2214 1450 ἠ
2245 1380 2516 1450 ἐνέργεια,
2550 1378 2658 1432 τῶν
2687 1378 2851 1444 τριῶν
2891 1377 3005 1440 πὼς
3042 1379 3156 1428 ἐστι
3206 1373 3278 1444 μὴ
3334 1371 3764 1456 διασχιζομένη·

2181 1470 2402 1541 καὶγὰρ
2437 1470 2585 1522 πᾶσα
2611 1469 2857 1538 ἐνέργεια
2892 1471 2924 1538 ἡ
2951 1467 3134 1521 θεόθεν
3163 1467 3455 1536 διήκουσα,
3480 1465 3572 1516 καὶ
3605 1464 3767 1535 κατὰ

2179 1560 2278 1623 τὰς
2311 1558 2684 1628 πολυτρόπους
2731 1560 2937 1620 ἑννοίας
2985 1541 3385 1627 ὀνομαζομένη,
3421 1555 3483 1606 ἐκ
3536 1552 3770 1620 Πατρὶς

518 1671 655 1725 ratio
684 1687 802 1739 quae
830 1670 1086 1723 divinitus
1127 1669 1393 1737 provenit,
1448 1676 1501 1720 et
1548 1664 1882 1720 multimodis
1907 1663 2074 1717 deno-

2186 1652 2510 1719 ἐφορμᾶται,
2566 1650 2658 1703 καὶ
2704 1651 2792 1706 διὰ
2841 1650 2935 1705 τοῦ
2972 1650 3098 1703 Υἱοῦ
3130 1649 3363 1720 πρόεισι,
3421 1649 3515 1701 καὶ
3560 1648 3620 1699 ὲν
3684 1645 3768 1713 τῷ

519 1762 774 1820 minatur,
811 1778 837 1813 a
867 1762 1023 1814 Patre
1055 1759 1435 1829 proﬁciscitur,
1459 1767 1513 1812 et
1549 1773 1641 1826 per
1672 1755 1864 1808 Filium
1889 1756 2078 1824 pergit,

519 1854 650 1906 etin
693 1853 893 1922 Spiritu
959 1865 1147 1906 sancto
1198 1852 1492 1921 perficitur.
1544 1849 1834 1916 PrOpterea
1865 1859 2079 1914 aequum

520 1957 628 1994 non
652 1951 754 2004 cst,
786 1941 1104 1993 vocabulum
1155 1924 1608 1993 communicantis
1661 1936 1712 1988 in
1747 1943 1931 1989 sancta
1963 1930 2082 1984 Tri-

519 2035 685 2089 nitate
714 2034 988 2088 adbibere.

590 2122 675 2176 10.
719 2122 798 2176 Tu
839 2138 966 2176 vero
998 2133 1117 2191 post
1151 2120 1466 2176 vocabulum
1495 2115 1881 2170 communicant
1903 2110 2082 2181 pergis

517 2212 697 2266 dicere
731 2252 745 2274 ,
789 2233 807 2264 ι
848 2215 960 2267 fore
1005 2224 1063 2266 ut
1097 2213 1241 2267 Deus
1291 2211 1728 2276 contrarietatem
1775 2217 1826 2261 et
1859 2203 2082 2258 seditio-

519 2317 638 2356 nem
680 2305 1039 2370 experiretur.
1078 2322 1096 2353 ›
1135 2302 1178 2356 Ο
1220 2303 1508 2355 verborum
1537 2309 1750 2352 tuorum
1781 2294 2075 2350 stoliditas!

519 2391 573 2445 Si
606 2401 752 2447 certe
782 2394 1041 2447 vocabulo
1085 2395 1474 2445 communicant
1525 2389 1664 2458 apud
1722 2387 1888 2440 Deum
1928 2385 2079 2439 locus

457 2498 461 2502 ·
515 2494 680 2549 esset,
712 2484 939 2539 fortasse
984 2494 1036 2538 et
1089 2487 1447 2539 contrarietas
1477 2491 1529 2536 et
1567 2479 1764 2535 seditio
1811 2469 2079 2547 comperi-

518 2569 683 2635 relur.
720 2576 822 2631 Sed
851 2578 974 2645 quia
1005 2578 1132 2631 illud
1169 2593 1274 2631 non
1305 2577 1640 2637 conceditur,
1690 2567 1788 2625 nec
1826 2571 1928 2623 hoc
1959 2569 2080 2637 qui-

519 2671 638 2723 dem
704 2669 1046 2722 conccdetur.
1098 2669 1274 2735 Atque
1314 2667 1411 2720 'ita
1478 2654 1701 2718 invitus.
1732 2679 1798 2716 ex
1846 2661 1911 2713 iis
1962 2673 2082 2728 qua:

519 2757 835 2825 adiunxisti,
870 2757 1289 2826 propositionem
1318 2735 1618 2806 e‘videntem
1642 2750 1796 2804 nobis
1833 2747 2077 2808 effecisti,

519 2846 793 2917 quomodo
868 2844 1100 2912 proprie
1139 2843 1373 2895 dicatur.
1440 2839 1572 2893 Nam
1651 2838 1698 2892 si
1755 2835 2078 2889 vocabulum

518 2932 908 2984 communicans
954 2932 1018 2982 de
1062 2931 1242 2996 aliquo
1301 2928 1667 2995 praedicatum,
1722 2921 2078 2977 contrarietas

2184 1741 2458 1810 Πνεύματι
2507 1741 2585 1811 τῷ
2633 1742 2772 1812 ἁγίῳ
2823 1742 3141 1795 τελειοῦται·
3191 1740 3278 1796 διά
3335 1756 3417 1805 τοι
3467 1738 3656 1800 τοῦτο,
3699 1755 3766 1790 ου

2179 1833 2384 1886 δίκαιόν
2413 1836 2527 1886 ἐστι
2574 1834 2636 1902 τὸ
2666 1833 2758 1886 τοῦ
2810 1833 3065 1887 κοινωνοῦ
3111 1833 3282 1902 ὄνομα
3331 1833 3424 1886 ἐπὶ
3454 1833 3552 1902 τῆς
3583 1832 3768 1898 ἁγίας

2181 1923 2419 1994 Τριάδος
2446 1923 2705 1980 τίθεσθαι,

2255 2105 2306 2153 ι’.
2352 2098 2663 2169 Ἐπιφέρεις
2692 2099 2770 2151 δὲ
2823 2100 2901 2161 εἰς
2950 2099 3040 2151 τὸν
3075 2100 3362 2152 κοινωνὸν
3399 2098 3629 2169 γράφων
3667 2097 3770 2151 οῦ-

2180 2208 2307 2256 τως·
2351 2210 2368 2243 ι
2416 2191 2646 2260 Ἔμελλε
2681 2191 2925 2258 δέχεσθαι
2969 2191 3283 2244 ἐναντίωσιν
3338 2192 3431 2242 καὶ
3469 2190 3693 2242 στάσιν.
3742 2208 3761 2238 ι

2190 2285 2253 2336 Ὦ
2277 2282 2376 2349 τῆς
2407 2281 2745 2361 ἀποπληξίας
2769 2281 2877 2334 τῶν
2926 2282 3034 2334 σῶν
3075 2283 3333 2353 ῥημάτων
3361 2285 3374 2336 l
3411 2285 3473 2337 El
3505 2284 3604 2353 μὲν
3641 2283 3771 2352 γὰρ

2181 2374 2240 2426 τὸ
2267 2372 2551 2439 κοινωνὸς
2583 2373 2753 2441 ὄνομα
2782 2372 2876 2426 ἐπὶ
2915 2373 3051 2426 Θεοῦ
3083 2373 3265 2443 χώραν
3296 2370 3458 2450 εἶχεν,
3494 2374 3628 2435 ἴσως
3662 2374 3771 2426 καὶ

2180 2468 2214 2534 ὴ
2244 2464 2560 2528 ἐναντίωσις
2618 2465 2712 2516 καὶ
2759 2464 2945 2528 στάσις
2984 2466 3316 2536 εὑρίσκεται·
3351 2467 3471 2518 ἐπεὶ
3494 2467 3550 2520 δὲ
3584 2462 3773 2519 τοῦτο

2180 2557 2240 2607 οὐ
2273 2555 2498 2619 δέδοται,
2525 2555 2647 2607 οὐδὲ
2688 2556 2748 2608 τὸ
2785 2556 2851 2608 δι’
2875 2556 3081 2609 ἐκείνου
3109 2557 3416 2626 δοθήσεται·
3451 2557 3541 2610 καὶ
3569 2556 3772 2619 οὕτως

2180 2645 2329 2698 ἄκων
2376 2646 2468 2699 καὶ
2505 2647 2577 2715 μὴ
2638 2646 2958 2717 βουλόμενος
3005 2651 3068 2702 ὲκ
3116 2648 3208 2700 τοῦ
3255 2648 3662 2718 ἐπιφερομένου
3700 2650 3774 2702 τὸ

2181 2738 2442 2809 προτεθὲν
2486 2738 2644 2806 δῆλον
2697 2741 2827 2810 ἡμῖν
2872 2720 3247 2811 παρέστησας,
3275 2740 3397 2796 καθ’
3420 2734 3492 2796 ὧν
3539 2740 3775 2809 κυρίως

2180 2827 2416 2897 λέγεται.
2448 2829 2508 2881 Εί
2533 2829 2639 2900 γὰρ
2667 2829 2727 2882 τὸ
2751 2831 3035 2897 κοινωνὸς
3059 2831 3228 2901 ὄνομα
3244 2833 3539 2900 τιθέμενον,
3559 2833 3686 2901 τήνΔ
3702 2847 3772 2885 τε

2184 2922 2495 2974 ἐναντίωσιν
2548 2922 2640 2974 καὶ
2692 2923 2879 2975 στάσιν
2909 2923 3308 2995 ἀκολουθοῦσαν
3335 2924 3463 2993 ἔχει,
3492 2926 3762 2994 φανερὸν

517 3029 570 3073 et
600 3019 789 3072 seditio
820 3018 1184 3083 subsequitur,
1226 3017 1439 3082 planum
1491 3014 1620 3074 erit,
1661 3011 1804 3079 quod
1846 3025 2079 3062 commu-

2186 3009 2481 3078 δήπουθεν,
2519 3010 2599 3062 ὅτι
2661 3012 2946 3078 κοινωνὸς
2999 3015 3091 3065 ἐπὶ
3137 3013 3246 3065 τῶν
3293 3012 3432 3066 κατά
3473 3013 3775 3082 σύμϐασιν

517 3111 700 3165 nicans
731 3110 1051 3161 vocabulqu
1095 3108 1160 3160 iis
1189 3115 1448 3174 congruet
1495 3103 1584 3172 qui
1622 3103 1812 3171 praevia
1842 3115 2078 3154 conven-

519 3198 667 3251 tione
692 3205 743 3250 et
790 3211 1058 3248 consensu
1107 3211 1215 3246 rem
1253 3200 1443 3260 gerunt
1471 3210 1483 3243 :
1514 3193 1653 3242 unde
1696 3188 1886 3243 seditio
1915 3186 2078 3240 etiam

519 3295 573 3337 et
598 3283 953 3336 contrarietas
988 3283 1170 3334 conlit.
1207 3279 1300 3333 llis
1351 3279 1551 3346 quippe
1577 3285 1784 3330 tantum
1828 3272 2080 3328 usuvenit

521 3377 717 3429 seditio
743 3385 796 3428 et
824 3374 1198 3433 contrarietas,
1250 3379 1465 3440 propter
1512 3368 1805 3421 voluntatis
1834 3364 2081 3429 volubili-

521 3476 704 3519 tatem.
765 3465 972 3529 Quibus
1033 3474 1210 3516 autent
1270 3459 1622 3514 immutabilis
1688 3457 1900 3510 bonitas
1961 3464 2076 3519 est,

504 3557 796 3625 quomodo
826 3555 1179 3608 contrarietas
1209 3560 1258 3605 et
1295 3550 1488 3604 seditio
1531 3546 1770 3601 incidet?
1803 3543 1867 3598 Et
1897 3544 2080 3610 paucis

522 3633 836 3715 inteijertis,
867 3646 937 3698 ita
984 3643 1218 3697 scribis:
1256 3661 1272 3691 ι
1319 3639 1411 3693 Vel
1456 3646 1600 3692 certe
1643 3644 1784 3689 esset
1814 3633 2080 3702 adjutoris
2128 3682 2132 3685 _

522 3737 739 3806 indigus
766 3739 827 3788 ad
859 3735 1023 3789 creati
1050 3733 1117 3786 ab
1143 3747 1201 3786 se
1241 3729 1427 3782 mundi
1472 3724 2022 3780 administratidncm.
2055 3740 2074 3772 ι

521 3829 702 3892 Ρεοιε,
736 3829 912 3887 sodes.
959 3823 1162 3880 dixisti.
1213 3821 1270 3875 Si
1310 3819 1451 3874 enim
1481 3817 1803 3871 vocabulum
1846 3827 2079 3867 commu-

517 3923 698 3975 nicans
723 3922 784 3973 de
802 3918 935 3971 Filio
965 3916 1369 3987 praedicaretur,
1411 3910 1676 3964 obnoxius
1707 3907 1892 3976 utique
1915 3915 2077 3969 esset,

519 4023 578 4066 ut
603 4023 657 4065 tu
690 4010 950 4080 opinaris,
988 4005 1358 4063 contrarietati
1388 4019 1450 4056 ac
1489 4001 1760 4080 seditioni,
1789 4009 1842 4053 et
1880 3997 2080 4051 auxilio

522 4075 798 4172 indigeret.
833 4100 986 4155 Nunc
1012 4099 1133 4167 quia
1187 4096 1314 4150 illud
1369 4093 1515 4148 futile
1563 4103 1615 4147 ct
1663 4075 1957 4145 invalidum
1987 4088 2080 4142 de-

520 4203 875 4248 monstratum
914 4193 1033 4256 fuit,
1091 4197 1304 4244 constat
1352 4187 1496 4256 quod
1553 4194 1606 4238 et
1659 4184 1770 4237 haec
1809 4182 2075 4237 similiter.

2183 3103 2573 3170 προαιρετικὴν
2606 3103 2699 3155 καὶ
2752 3103 3156 3172 συμπειθισμὸν
3187 3099 3602 3175 προερχομένων
3641 3104 3775 3173 χώ·-

2183 3208 2283 3260 ραν
2321 3191 2455 3254 ἕξει·
2489 3193 2546 3258 ἐξ
2576 3189 2637 3247 οῦ
2675 3195 2770 3246 καὶ
2798 3196 2829 3263 ἡ
2874 3198 3179 3258 στάσιςικαὶ
3208 3198 3240 3265 ἡ
3270 3197 3580 3259 ἐναντίωσίς
3612 3214 3772 3251 παῖε

2180 3280 2474 3347 ἐγγίνεται·
2502 3283 2706 3336 τούτων
2755 3284 2863 3354 γάρ
2907 3286 3083 3354 μόνων
3125 3289 3240 3339 ἐστι
3268 3287 3391 3357 τὴν,
3418 3288 3604 3340 στάσιν
3657 3291 3774 3343 καὶ

2181 3371 2494 3424 ἐναντίωσιν
2524 3373 2796 3443 δέχεσθαι,
2821 3375 2908 3442 διὰ
2947 3377 3006 3428 τὸ
3035 3377 3398 3445 εὐμετάὸολον
3424 3382 3520 3449 τῆς
3549 3397 3770 3449 προαι-

2183 3463 2405 3533 ρέσεως·
2432 3458 2512 3526 οἷς
2541 3465 2596 3517 δὲ
2627 3466 2900 3538 ἀγαθότης
2930 3467 3198 3538 άτρεπτός
3236 3472 3371 3534 ἐστι,
3405 3471 3518 3534 πῶς
3550 3471 3614 3524 ἂν
3658 3475 3768 3527 καὶ

2182 3555 2492 3619 ἐναντίωσις
2521 3557 2613 3610 καὶ
2658 3558 2845 3622 στάσις
2906 3562 3364 3630 συνεισφρήσεται
3393 3581 3406 3627 ;
3469 3563 3577 3617 Καὶ
3605 3565 3767 3633 μετὰ

2183 3644 2386 3714 βραχέα
2435 3646 2665 3715 γράφεις
2708 3646 2914 3711 οὕτως·
2970 3668 2988 3700 ι
3049 3647 3120 3702 Ἢ
3169 3651 3355 3721 ἐνδεὴς
3410 3649 3553 3721 εἶχεν
3601 3649 3765 3709 εἶναι

2181 3735 2478 3804 ὑπουργοῦ,
2515 3737 2606 3790 τοῦ
2638 3737 2860 3790 διοικεῖν
2914 3739 3015 3809 τὴν
3074 3741 3437 3811 δημιουργίαν
3494 3744 3688 3798 αὑτοῦ.
3735 3765 3755 3797 ι

2179 3827 2397 3889 Καλῶς,
2439 3822 2483 3879 ὧ
2519 3827 2694 3896 φίλος,
2730 3829 2938 3899 ἔφησθα
2963 3847 2977 3861 ·
3020 3831 3068 3882 εί
3118 3831 3342 3902 μὲνγὰρ
3374 3833 3762 3903 τδ-κοινωνὸς

2179 3919 2349 3988 δνομα
2379 3920 2471 3972 ἐπὶ
2512 3919 2604 3972 τοῦ
2645 3919 2774 3972 Υἰοῦ
2805 3919 2987 3991 χώραν
3013 3917 3181 3991 εῖχεν,
3211 3922 3367 3994 ἔσχεν
3413 3925 3479 3979 ἂν
3510 3928 3656 3979 κατὰ
3695 3929 3757 3981 σὲ

2179 4010 2271 4060 καὶ
2308 4009 2368 4062 τὸ
2418 4009 2517 4078 τῆς
2549 4009 2913 4072 ἐναντιώσεως
2947 4013 3041 4064 καὶ
3085 4015 3326 4076 στάσεως
3356 4015 3450 4068 καὶ
3490 4018 3522 4085 ἡ
3573 4017 3757 4071 ἔνδεια

2176 4100 2274 4167 τῆς
2303 4100 2632 4170 ὑπουργίας·
2668 4102 2788 4154 ἐπεὶ
2820 4101 2874 4154 δὲ
2905 4103 3080 4156 ἐκεῖνο
3129 4104 3398 4157 δέδεικται
3444 4107 3609 4160 ἕωλον
3654 4110 3752 4162 καὶ

2176 4191 2488 4261 ἁνίσχυρον,
2513 4192 2669 4261 δῆλον
2695 4194 2774 4246 ὅτι
2806 4194 2898 4246 καὶ
2924 4193 3235 4248 ταῦτα-ικαὶ
3265 4196 3373 4266 γάρ
3397 4197 3490 4249 ἐὰν
3505 4203 3569 4267 τῇ
3599 4199 3752 4253 θέσει

520 4285 651 4338 Nam
685 4286 725 4337 si
758 4285 1020 4354 positione
1062 4268 1307 4346 alicujus,
1342 4279 1583 4346 quaedam
1618 4285 1923 4345 ponuntur,
1958 4274 2076 4326 sine

2186 4281 2320 4344 τινος
2350 4283 2468 4335 τινὰ
2514 4283 2777 4348 τίθενται,
2811 4288 2875 4355 τῇ
2910 4284 3184 4352 ἀναιρέσει
3218 4285 3410 4339 τούτου
3460 4287 3620 4356 δῆλον
3667 4292 3751 4344 ὅτι

521 4376 686 4430 dubio
714 4375 1071 4428 exstinctione
1104 4374 1270 4437 illius,
1297 4373 1456 4424 etiam
1491 4370 1592 4422 alia
1631 4367 2074 4434 exstinguuntur.

591 4469 675 4522 Η.
719 4468 943 4536 lnspper
978 4466 1236 4532 scriptum
1274 4473 1424 4514 tuum
1459 4463 1571 4513 haec
1604 4460 1812 4522 habet:
1854 4477 1870 4508 ι
1899 4458 1963 4509 Et
1987 4472 2080 4522 per

519 4563 837 4617 saeculorum
877 4560 1129 4628 spatium,
1160 4566 1210 4609 et
1233 4557 1302 4608 ob
1342 4561 1579 4607 mutuam
1618 4553 2076 4608 contrarietatem,

518 4655 790 4707 deleretur
844 4652 932 4704 Dei
989 4644 1297 4703 dominatus
1357 4662 1462 4700 una
1517 4660 1638 4698 cum
1689 4643 1975 4696 creaturis.
2019 4640 2082 4692 Et

521 4748 654 4800 alter
678 4747 828 4799 alteri
874 4744 1268 4804 dominaretur,
1301 4752 1352 4794 et
1386 4754 1506 4792 cum
1538 4737 1801 4792 creaturis
1828 4748 2079 4802 compas-

523 4840 602 4891 sio
630 4839 914 4889 desineret.
956 4854 973 4887 ι
1006 4835 1165 4902 Atqui
1199 4835 1328 4895 haec,
1375 4846 1406 4884 ο
1456 4830 1632 4894 sodes,
1678 4828 1906 4880 duorum
1939 4827 2082 4892 prin-

523 4925 782 4991 cipiorum
834 4933 884 4976 et
938 4921 1335 4976 contrarietatis
1388 4916 1699 4972 criminatio
1758 4913 1916 4965 nobis
1975 4926 2078 4964 non

524 5016 805 5083 congruit;
843 5015 933 5068 sed
972 5014 1088 5067 aliis
1117 5030 1144 5066 a
1175 5023 1223 5067 te
1256 5010 1458 5065 intendi
1503 5009 1741 5069 deberet,
1764 5006 1864 5073 .qui
1893 5020 2082 5071 nempe

512 5099 631 5157 iduo
677 5104 946 5170 principia
979 5112 1031 5155 et
1077 5102 1212 5164 duos
1259 5101 1386 5154 deos
1443 5099 1723 5159 inducunt,
1786 5097 1986 5147 bonum
2019 5108 2081 5146 ac

528 5196 726 5246 malum
758 5213 768 5246 :
801 5205 850 5248 et
883 5196 947 5248 ab
980 5195 1084 5246 alio
1114 5195 1326 5262 quidem
1359 5193 1547 5244 dicunt
1582 5191 1724 5242 hunc
1753 5187 2078 5240 materialem

531 5288 785 5339 mundum
823 5288 1090 5341 conditum
1129 5296 1177 5339 et
1209 5291 1588 5338 conservatum
1624 5296 1686 5334 ac
1730 5289 1972 5341 rectum;
2015 5279 2080 5331 ab

529 5381 634 5434 alio
673 5392 848 5433 autem
885 5380 1294 5433 intellectualem
1345 5393 1356 5426 :
1409 5392 1568 5449 quam
1607 5391 1706 5429 nos
1757 5375 2077 5428 sententiam

529 5482 583 5526 ct
615 5473 826 5526 odimus
869 5481 920 5524 et
964 5482 1076 5524 toto
1116 5473 1295 5522 animo
1345 5484 1688 5532 aversamur;
1745 5477 1799 5521 ct
1850 5482 1962 5530 eos,
1990 5467 2079 5533 qni

479 5629 483 5636 η
531 5568 668 5621 lianc
698 5566 895 5627 l'ovcnt,
947 5560 1156 5631 capitali
1207 5576 1377 5629 poena:
1428 5561 1742 5630 subjicimus
1771 5578 1784 5614 :
1815 5575 1908 5615 vos
1953 5573 2076 5614 vero

2187 4373 2571 4445 συνανῄρηται.
3023 4428 3028 4433 ,

2264 4473 2352 4521 ια’.
2390 4466 2614 4535 ’Ἑχειδὲ
2645 4468 2805 4519 πάλιν
2837 4467 2897 4520 τὸ
2929 4468 3020 4522 σὸν
3069 4470 3300 4539 γράμμα
3337 4470 3508 4532 οὕτως
3532 4487 3544 4498 ·
3580 4489 3599 4521 ι
3638 4473 3750 4524 Καὶ

2186 4556 2326 4608 κατὰ
2368 4557 2466 4626 τὴν
2508 4558 2799 4610 ἐπέκτασιν
2837 4557 2944 4610 τῶν
3005 4559 3237 4624 αἰώνων,
3299 4561 3394 4614 καὶ
3447 4563 3548 4633 τὴν
3614 4565 3756 4632 πρὸς

2187 4644 2390 4715 ἄλληλα
2426 4648 2761 4712 ἐναντίωσιν,
2813 4651 3107 4718 ἠφανίζετο
3162 4654 3193 4720 ἡ
3246 4653 3435 4706 τούτου
3491 4656 3754 4724 κυριοτης

2191 4739 2326 4808 μετὰ
2360 4739 2466 4791 τῶν
2501 4741 2836 4809 κτισμάτων,
2891 4745 2984 4795 καὶ
3028 4744 3308 4812 ἐκυρίευεν
3335 4744 3363 4793 ὁ
3393 4739 3475 4806 εἷς
3515 4744 3610 4799 τοῦ
3637 4746 3754 4797 ὲτέο

2190 4847 2306 4900 ρου,
2340 4832 2433 4882 καί
2461 4832 2784 4900 ὲκόπτετοή
2834 4834 3144 4903 συμπάθεια
3190 4835 3296 4886 τῶν
3339 4835 3686 4904 ποιημάτων.
3731 4857 3749 4886 ι

2189 4923 2356 4974 Τοῦτο
2381 4919 2494 4988 οὖν,
2528 4918 2572 4975 ὧ
2601 4924 2772 4990 φίλος,
2807 4924 2866 4976 τὸ
2897 4927 3002 4978 τῶν
3027 4925 3117 4978 δύο
3141 4926 3323 4994 ἀρχῶν
3355 4925 3449 4977 καὶ
3492 4926 3752 4980 ἐναντιώο

2189 5031 2324 5076 σεως
2353 5015 2601 5083 ἔγκλημα
2634 5017 2763 5085 ἡμῖν
2805 5017 2864 5067 οὐ
2900 5018 3206 5086 πρόσεστιν,
3235 5015 3348 5068 ἀλλ’
3381 5016 3564 5078 ἄλλοις
3599 5021 3752 5086 παρὰ

2189 5106 2280 5157 σοῦ
2312 5105 2658 5173 ἐγκαλεῖσθαι
2682 5105 2899 5174 ὤφειλε,
2941 5109 3051 5168 τοῖς
3080 5108 3169 5160 καὶ
3202 5107 3292 5158 δύο
3320 5108 3494 5176 ἀρχὰς
3529 5107 3622 5159 καὶ
3655 5108 3752 5159 δύο

2187 5197 2340 5258 θεοὺς
2374 5197 2701 5263 εἰσάγουσιν,
2737 5195 2938 5264 ἀγαθόν
2977 5214 3033 5249 τε
3060 5198 3148 5248 καὶ
3182 5197 3371 5249 κακόν·
3402 5197 3494 5249 καὶ
3531 5197 3622 5248 τὸν
3650 5198 3752 5264 μέν

2188 5304 2315 5353 φασι
2377 5287 2466 5337 τὸν
2526 5287 2779 5354 αἰσθητὸν
2827 5287 3030 5352 κόσμον
3080 5284 3605 5354 δεδημιουργηκέναι
3653 5285 3750 5336 καὶ

2191 5378 2432 5445 συνέχειν
2472 5381 2564 5431 καὶ
2614 5381 2854 5447 κρατεῖν·
2903 5380 2993 5430 τὸν
3023 5379 3099 5442 δὲ,
3133 5380 3221 5431 τὸν
3252 5378 3463 5446 νοητόν·
3498 5378 3562 5447 ῆν
3595 5377 3752 5440 δόξαν

2189 5468 2344 5534 ἡμεῖς
2397 5467 2488 5517 καὶ
2550 5468 2931 5536 μυσαττόμεθα
2969 5471 3066 5520 καὶ
3112 5469 3230 5520 λίαν
3261 5466 3749 5535 ἀποστρεφόμεθα,

2188 5555 2421 5619 καὶτοὺς
2446 5558 2648 5628 ταύτην
2668 5557 3025 5626 σεμνύνοντας
3049 5559 3314 5627 κεφαλικῇ
3343 5557 3590 5628 τιμωρίᾳ
3617 5555 3756 5610 καθ-
