3926 6308
578 361 686 421 823

1809 356 2099 416 meum
2145 338 2549 413 BYZANTINI

575 479 848 528 nostrum,
903 478 958 519 ut
1014 480 1111 532 par
1164 473 1301 524 erat,
1350 464 1539 518 validis
1590 465 2137 538 demonstrationibus

2253 465 2394 516 Ἀλλ’
2426 464 2547 516 ἐπεὶ
2577 463 2710 533 πρὸς
2743 461 2837 531 τὴν
2862 461 3050 530 ἑτέραν
3077 462 3360 526 ἐπιστολήν
3400 479 3492 514 σου
3518 463 3576 514 τὸ
3603 465 3793 516 οἰκεῖον

578 573 905 628 magnopere
950 564 1239 609 tractatum
1287 554 1406 617 fuit,
1450 564 1503 608 et
1533 556 1768 609 evidenti
1796 558 2145 612 conclusione

578 648 924 710 stabihlum;
978 661 1044 699 ne
1095 660 1240 697 nunc
1292 643 1434 699 forte
1494 646 1771 700 videamur
1821 657 2032 716 torpere
2088 649 2140 701 in

578 736 868 792 scribendo
907 735 972 788 ad
1007 743 1078 798 te,
1113 733 1156 786 si
1182 741 1386 785 tantum
1418 735 1676 788 adversus
1711 736 1795 790 illa
1830 745 2143 806 argumenta

577 838 699 890 qua:
730 824 795 876 ad
843 831 1040 875 nostra:
1072 821 1562 889 irrcpreheusibilis
1626 824 1746 877 tidei
1807 827 2142 880 eversionem

576 925 633 968 tu
675 915 730 968 in
767 914 958 968 litteris
984 915 1091 967 tuis
1113 913 1329 977 misisti,
1365 915 1772 982 responsionem
1819 916 2139 984 fecerimus;

579 1005 700 1058 ideo
729 1019 874 1057 nunc
898 1003 1299 1066 ventilabimus,
1330 1019 1458 1056 num
1493 1013 1595 1057 tuac
1646 1014 1834 1059 contra
1863 1007 2018 1061 Iidem
2048 1022 2143 1060 no-

576 1108 744 1150 stram
811 1097 1192 1151 accusationes
1266 1105 1319 1151 et
1382 1097 1601 1166 reliquae
1659 1099 2138 1163 contradictiones,

578 1195 725 1241 recte
780 1187 1089 1243 collineeut.
1160 1187 1251 1240 Sic
1305 1195 1487 1240 autem
1553 1203 1611 1242 se
1667 1189 1828 1243 habet
1879 1191 2138 1259 scriptum

579 1288 730 1329 tuum
756 1291 769 1327 :
807 1276 980 1330 «Deus
1009 1285 1092 1330 est
1121 1292 1282 1339 unus,
1314 1278 1581 1331 neminem
1609 1277 1814 1332 habens
1839 1279 2143 1333 communi-

576 1374 788 1420 cantem
841 1367 1094 1434 potestati
1144 1381 1256 1420 suae
1306 1385 1320 1420 :
1369 1376 1422 1420 et
1474 1367 1600 1436 quia
1649 1369 2139 1424 communicantem

576 1473 684 1511 non
714 1457 896 1520 habet,
930 1455 1050 1510 ideo
1097 1472 1164 1511 ne
1213 1456 1382 1510 ﬁlium
1432 1459 1648 1526 quidem
1705 1458 1882 1513 habet.
1923 1478 1941 1510 ι
1979 1459 2143 1515 Miror

573 1544 822 1613 equidem
859 1544 984 1598 talia
1010 1555 1115 1599 ate
1148 1545 1313 1600 scribi
1363 1567 1377 1598 ι
1405 1560 1580 1615 neque
1612 1548 1755 1600 enim
1789 1547 1968 1612 video,
1995 1564 2142 1618 quae-

574 1651 701 1688 nain
761 1635 832 1689 sit
885 1636 1183 1690 necessitas
1248 1637 1741 1692 communicantem
1799 1639 1962 1694 veluti
2010 1639 2140 1712 .Deo

572 1726 722 1779 Patri
757 1737 849 1779 aut
904 1727 1058 1796 regni
1109 1727 1410 1795 adiutorem
1465 1727 1657 1783 Filium
1697 1730 2047 1796 constituere,
2085 1741 2140 1785 et

2246 557 2422 623 δόγμα
2450 554 2627 623 ἡμῶν,
2673 553 2746 615 ὡς
2793 552 2934 615 εἰκὸς
2985 549 3071 622 ἦν,
3135 557 3251 614 ταῖς
3303 553 3608 618 ἀποδείξεσι
3640 571 3796 606 κατα-

2250 646 2621 707 σκευαπικῶς
2659 644 3026 713 προσάγεσθαι
3071 645 3317 714 μεγάλως
3363 659 3441 698 τεο
3473 650 3796 714 πεπραγμά-
3882 704 3883 720 γ

2245 753 2429 788 τεοται
2461 737 2564 804 (4),
2620 736 2716 788 καὶ
2744 737 2927 802 σαφῶς
2967 736 3276 802 ἑξήνυσται,
3331 738 3413 788 ἵνα
3456 737 3529 806 μὴ
3564 737 3794 805 δόξωμεν
3882 753 3883 800 ξ

2246 826 2360 877 νυνὶ
2391 826 2683 896 παρέλκειν
2721 827 2775 876 ὲν
2820 825 2896 893 τῷ
2934 826 3163 894 γράφειν
3195 842 3296 890 σοι,
3342 826 3498 891 μόνον
3551 827 3661 880 ἀπὸ
3697 827 3793 879 τῶν

2247 916 2545 969 σταλέντων
2575 918 2704 986 ἡμῖν
2747 917 2833 968 ἐπ’
2865 916 3138 985 ἀνατροπῇ
3174 917 3270 984 τῆς
3320 915 3440 967 καθ’
3474 918 3628 985 ἡμᾶς
3657 918 3794 986 ἀμώ-

2246 1021 2348 1073 μου
2375 1005 2630 1070 πίστεως,
2667 1005 2764 1068 τὰς
2802 1007 3150 1076 ἀντιρρήσεις
3180 1006 3538 1076 ποιησόμεθα·
3587 1008 3671 1060 διὸ
3711 1013 3793 1062 καὶ

2243 1095 2291 1145 εἰ
2321 1094 2623 1157 εὐθυὸόλως
2645 1095 2706 1146 αἵ
2731 1111 2790 1146 τε
2815 1096 2913 1162 τῆς
2947 1095 3182 1157 πίστεως
3215 1096 3370 1164 ἡμῶν
3401 1096 3671 1159 διαϐολαὶ,
3713 1101 3793 1151 καὶ

2243 1183 2298 1234 αἱ
2327 1181 2509 1234 λοιπαὶ
2534 1183 2883 1253 ἀντιρρήσεις
2907 1200 2998 1236 σου
3018 1182 3251 1252 ἔχουσιν,
3271 1177 3375 1238 ὦδε
3408 1185 3793 1255 ἐπισκεψώμε-
3884 1207 3885 1212 η

2243 1270 2329 1324 θα·
2364 1273 2474 1341 ἔχει
2505 1273 2561 1326 δὲ
2605 1274 2666 1325 τὸ
2697 1274 2787 1326 σὺν
2820 1275 3052 1343 γράμμα
3084 1273 3285 1338 οὕτως·
3319 1293 3336 1324 ι
3367 1274 3495 1338 Θεός
3526 1279 3676 1330 ἔστιν
3703 1273 3792 1340 εἷς,

2241 1363 2493 1416 κοινωνὸν
2546 1363 2620 1433 μὴ
2654 1362 2790 1433 ἔχων
2835 1364 2935 1432 τῆς
2972 1363 3135 1418 αὑτοῦ
3182 1365 3445 1428 ἔξουσίας
3487 1367 3583 1420 καὶ
3630 1367 3718 1420 διὰ
3743 1370 3798 1420 τὸ

2243 1453 2317 1524 μὴ
2347 1453 2489 1523 ἔχειν
2521 1455 2793 1519 κοινωνὸν,
2828 1454 2927 1507 οὐκ
2957 1453 3113 1524 ἔσχεν
3145 1453 3266 1508 οὐδὲ
3296 1456 3479 1510 παῖδα.
3517 1475 3538 1507 υ
3577 1456 3794 1526 Θαυμά-

2242 1543 2352 1608 ζειν
2382 1562 2471 1613 μοι
2507 1544 2686 1597 ἔπεισι
2739 1543 2962 1598 τοιαῦτα
3001 1546 3304 1615 γράφοντος
3365 1563 3489 1599 σου·
3546 1550 3668 1602 οὐδὲ
3697 1553 3796 1619 γὰρ

2243 1637 2450 1706 συνορῶ
2484 1637 2574 1688 ἐπὶ
2609 1635 2701 1688 τοῦ
2732 1634 2866 1688 Θεοῦ
2897 1635 2992 1689 καὶ
3039 1637 3268 1708 Πατρὸς,
3306 1637 3389 1700 τίς
3421 1640 3453 1707 ἠ
3483 1639 3699 1710 ἀνάγκη
3729 1642 3792 1702 ὠς

2241 1729 2497 1794 κοινωνόν
2520 1745 2663 1788 τινα,
2704 1726 2736 1797 ἢ
2764 1728 2839 1790 ὼς
2875 1723 3133 1796 συνεργὸν
3174 1728 3274 1795 τῆς
3308 1730 3496 1783 ἑαυτοῦ
3527 1731 3792 1800 βασιλείας

575 1817 800 1884 hujusce
850 1817 1062 1886 generis
1111 1818 1213 1872 alia
1249 1833 1278 1870 a
1332 1826 1384 1872 te
1413 1834 1553 1888 sape
1592 1821 1884 1890 proposita.
1921 1822 2130 1876 Etenim

2242 1815 2328 1869 τὸν
2376 1816 2569 1870 ἑαυτοῦ
2611 1817 2737 1870 Υἱδν
2766 1817 3102 1885 εἰσάγεσθαι,
3135 1818 3228 1870 καὶ
3258 1819 3359 1872 ὅσα
3410 1821 3792 1891 τοιαυτότροπα

573 1924 695 1962 cum
728 1907 867 1961 Deus
909 1907 1069 1975 Pater
1131 1907 1327 1962 Filium
1360 1924 1513 1965 suum
1557 1926 1652 1979 per
1681 1911 1862 1965 omnia
1900 1908 2129 1966 similem

574 1996 789 2059 habeat,
835 2005 1058 2063 excepta
1091 1995 1432 2066 innativitate
1469 2006 1522 2050 et
1557 1999 1868 2063 nativitate;
1901 2014 2134 2069 cumque

573 2103 673 2141 nos
701 2087 1058 2140 ‘confiteamur
1101 2103 1366 2164 nomesse
1409 2087 1601 2142 Filium
1638 2089 1780 2144 Patri
1831 2093 2134 2148 communi-

572 2188 812 2239 caotem,
851 2178 1034 2231 nescio
1075 2180 1347 2245 quomodo
1397 2194 1496 2234 nos
1536 2178 1722 2234 fallere
1751 2182 1917 2248 velis;
1952 2184 2035 2237 vel
2077 2193 2131 2238 tu

573 2267 688 2332 ipse
720 2269 955 2335 propriis
989 2257 1180 2336 pennis
1226 2270 1477 2337 capiaris.
1522 2268 1617 2322 Est
1664 2270 1808 2322 enim
1858 2271 2132 2340 sophisma

572 2368 722 2410 tuum
757 2359 1062 2423 hujnsmodi
1101 2376 1113 2411 :
1154 2359 1208 2413 Si
1243 2362 1349 2413 duo
1415 2360 1660 2429 quaedam
1713 2364 1843 2427 sint,
1885 2373 1937 2417 et
1967 2380 2132 2418 unum

493 2492 499 2497 .
569 2449 742 2518 pluris
787 2450 876 2512 sit,
929 2452 1072 2504 aliud
1115 2451 1363 2512 minoris,
1416 2453 1558 2519 velut
1598 2452 1759 2506 homo
1799 2462 1852 2507 et
1893 2455 2131 2522 animal;

572 2556 804 2609 namque
859 2541 1021 2595 homo
1083 2543 1315 2595 minoris
1357 2552 1460 2604 est,
1522 2557 1682 2609 quam
1741 2544 1975 2609 animal;
2008 2546 2134 2614 quia

570 2630 808 2683 vicissim
839 2646 945 2682 nou
984 2632 1249 2685 alternat:
1279 2633 1477 2685 animal
1503 2644 1680 2687 autem
1711 2635 1882 2702 pluris
1905 2646 2021 2700 est;
2052 2637 2135 2691 his

570 2722 639 2773 ita
678 2737 735 2775 se
759 2721 1103 2784 habentibus,
1135 2722 1296 2775 veluti
1343 2723 1386 2777 si
1423 2725 1586 2777 homo
1617 2733 1718 2788 est,
1759 2726 1957 2778 animal
1996 2741 2136 2795 quo~

568 2829 670 2880 que
701 2823 814 2876 est;
850 2828 956 2865 non
992 2822 1195 2876 autem,
1248 2814 1292 2867 si
1341 2815 1543 2867 animal
1589 2824 1692 2879 est,
1734 2816 1896 2869 homo
1922 2832 2138 2885 quoque

568 2913 685 2968 est;
718 2903 761 2976 si
801 2903 1022 2956 animali
1055 2904 1372 2966 exsisteute,
1436 2905 1581 2977 dicat
1618 2907 1815 2975 aliquis
1863 2907 2136 2961 hominem

571 3009 789 3061 quoque
813 3009 968 3059 esse;
998 2993 1085 3046 hic
1119 2994 1538 3062 pan-alogismum
1569 2996 1714 3059 facit,
1744 2998 1869 3065 quia
1903 2999 2001 3053 ista
2031 3013 2136 3052 non

568 3086 859 3152 alternant,
894 3102 1068 3156 neque
1097 3088 1328 3141 invicem
1361 3100 1785 3160 consequuntur.

2237 1906 2495 1966 πολλάκις
2528 1907 2777 1978 γράφεις·
2813 1908 2906 1959 τὸν
2951 1907 3061 1978 γὰρ
3095 1907 3230 1960 Θεὸν
3289 1911 3383 1962 καὶ
3439 1911 3660 1979 Πατέρα
3713 1913 3792 1963 τὸν

2236 1995 2425 2048 ἑαυτοῦ
2461 1995 2586 2055 Υἱὸν
2633 1997 2773 2050 κατὰ
2812 1998 2989 2049 πάντα
3026 1999 3209 2067 ὅμοιον
3265 1999 3475 2067 ἔχοντα,
3532 2000 3678 2067 πλὴν
3707 2001 3792 2065 τῆς

2235 2086 2559 2156 ἀγεννησὶας
2600 2089 2690 2137 καὶ
2732 2088 2827 2155 τῆς
2861 2087 3187 2155 γεννήσεως,
3234 2087 3389 2156 ἡμῶν
3423 2086 3476 2138 δὲ
3509 2087 3638 2156 pini?
3664 2087 3790 2146 ὅλως

2234 2177 2634 2246 ὁμολογούντων
2670 2179 2922 2231 κοινωνὸν
2952 2178 3077 2231 ὄντα
3115 2179 3206 2230 τοῦ
3252 2179 3459 2248 [ἰατρὸς
3502 2180 3597 2232 τὸν
3645 2179 3787 2242 Υὶὺν,

2235 2268 2332 2320 οὒκ
2386 2263 2480 2320 οἵδ’
2529 2270 2677 2329 ὅπως
2719 2271 2866 2338 ἡμᾶς
2919 2271 3288 2341 παραλογίζῃ,
3345 2271 3377 2341 ἢ
3427 2273 3657 2326 σεαυτὸν
3691 2277 3792 2335 τοῖς

2236 2357 2428 2410 ἑαυτοῦ
2462 2361 2679 2428 πτεροῖς
2700 2359 2915 2429 ἁλίσκῃ·
2949 2359 3063 2412 ἐστι
3092 2362 3196 2429 γάρ
3220 2378 3311 2413 σου
3343 2362 3583 2430 σόφισμα
3621 2363 3788 2414 τοιοῦ-

2218 2441 2345 2500 τον·
2394 2449 2520 2502 Ἐάν
2548 2449 2640 2502 δύο
2669 2450 2790 2502 τινὰ
2837 2444 2960 2515 ὦσι,
2993 2452 3086 2503 καὶ
3114 2452 3175 2504 τὸ
3221 2452 3319 2519 μὲν
3346 2452 3622 2515 ὲπιπλέον,
3657 2453 3714 2504 τὸ
3741 2454 3790 2505 δὲ

2237 2540 2547 2605 ἐπέλαττον,
2575 2535 2686 2593 οἷον
2712 2543 2738 2594 ὃ
2766 2558 2824 2594 τε
2855 2541 3137 2611 ἄνθρωπος
3181 2542 3277 2594 καὶ
3309 2542 3464 2606 ζῶον’
3510 2545 3540 2596 ὁ
3573 2544 3672 2612 μὲν
3696 2544 3792 2612 γὰρ

2236 2631 2522 2701 ἄνθρωπος
2566 2633 2854 2688 ἐπέλαττόν
2885 2634 2997 2685 ἐστι
3031 2631 3124 2685 τοῦ
3159 2633 3319 2696 ζώουο
3353 2634 3470 2686 οὐδὲ
3508 2633 3624 2703 γὰρ
3654 2635 3789 2687 ἀντι-

2239 2722 2477 2789 στρέφειο
2502 2722 2561 2774 τὸ
2583 2721 2638 2774 δὲ
2688 2720 2826 2784 ζῶον
2861 2721 3134 2775 ὲπιπλέον³
3172 2723 3359 2775 τούτου
3388 2723 3443 2776 δὲ
3481 2724 3659 2786 ὄντος,
3689 2717 3790 2777 οἷον

2237 2810 2332 2863 τοῦ
2367 2811 2678 2881 ἀνθρώπου,
2703 2812 2863 2882 δῆλον
2896 2815 2988 2865 καὶ
3016 2814 3077 2866 τὸ
3105 2801 3249 2876 ζῶόν
3269 2816 3435 2866 ἐστιν·
3469 2814 3528 2865 οὑ
3565 2813 3675 2885 μὴν
3705 2813 3789 2866 τοῦ

2238 2903 2376 2966 {dion
2426 2903 2595 2966 ὄντος,
2629 2906 2722 2957 καὶ
2758 2906 2785 2957 ὁ
2823 2905 3126 2973 ἄνθρωπος·
3155 2900 3276 2957 εἶτα
3319 2903 3410 2956 τοῦ
3445 2903 3584 2968 ζώου
3611 2904 3788 2966 ὄντος,

2240 2997 2463 3072 φήσειέν
2498 3013 2581 3058 τις
2624 2997 2716 3049 καὶ
2752 2995 2841 3048 τὸν
2867 2995 3150 3067 ἄνθρωπον
3185 2990 3344 3057 εἶναι,
3377 2995 3466 3048 τὸν
3496 2995 3790 3064 παραλογι-

2241 3084 2376 3152 σμὸν
2420 3087 2578 3148 ποιεῖ,
2618 3084 2767 3154 παρὰ
2809 3084 2870 3136 τὸ
2922 3083 2996 3154 μὴ
3050 3083 3428 3153 άντιστρέφον,
3460 3083 3643 3136 καὶτὸ
3679 3080 3792 3134 ἑπό-

2241 3191 2404 3243 μενον
2433 3173 2575 3226 οὕτω
2606 3175 2959 3244 καλούμενον.
3273 3183 3294 3187 ”

569 3316 683 3367 Hoc
711 3313 824 3367 loco
860 3313 1042 3382 repetit
1074 3312 1490 3382 Νξεειιιδιοιιιηι
1520 3311 1804 3382 articulum
1833 3327 2028 3382 nonum
2068 3309 2263 3377 prioris
2317 3311 2569 3382 epistola,
2601 3327 2781 3379 nempe
2829 3329 2861 3363 a
2910 3311 3075 3364 verbis
3126 3311 3363 3365 τοιοῦτόν
3411 3330 3461 3365 τι
3512 3329 3677 3382 usque
3729 3315 3790 3364 ad

967 3384 1057 3433 ἐπὶ
1088 3383 1182 3450 τῆς
1222 3381 1381 3447 ἁγίας
1413 3381 1640 3449 Τριάδος
1667 3381 1929 3432 τίθεσθαι.
1962 3378 2074 3433 Nos
2107 3395 2137 3432 vi

2251 3380 2564 3444 omittimus,
2586 3397 2647 3432 ne
2683 3378 2858 3432 aetum
2892 3396 3042 3450 agere
3070 3382 3358 3434 videamur.

639 3501 692 3552 2.
736 3497 861 3550 Item
894 3497 1048 3549 aliter
1083 3514 1095 3548 :
1134 3514 1149 3545 ι
1191 3495 1329 3550 Deus
1366 3513 1506 3551 unus
1534 3507 1634 3560 est,
1662 3513 1766 3550 non
1800 3497 2006 3558 habens
2035 3497 2129 3549 ali-

571 3606 733 3658 quem
771 3589 1262 3641 eommuuieautem
1294 3589 1542 3656 potestati
1571 3605 1701 3643 suae.
1747 3609 1763 3639 ι
1794 3589 1945 3652 Quod
1996 3589 2136 3642 Deus

575 3697 713 3734 unus
745 3680 813 3732 sit
843 3679 1185 3740 universalis,
1221 3681 1310 3746 qui
1360 3679 1569 3733 cunctis
1598 3679 1756 3732 rebus
1784 3689 1836 3731 et
1869 3679 2130 3732 ersisten-

573 3769 700 3820 tiain
741 3765 926 3817 tribuit
957 3773 1009 3817 et
1045 3773 1248 3818 rectum
1285 3773 1508 3828 statum,
1530 3765 1911 3832 neminemque
1945 3765 2138 3817 habeat

574 3856 1067 3910 conununicautem
1095 3862 1188 3907 aut
1209 3855 1534 3922 adiutorem,
1567 3865 1624 3908 ut
1651 3864 1706 3908 tu
1728 3855 1893 3918 dicis,
1919 3870 1948 3907 a
1981 3855 2136 3909 nobis

576 3948 777 4015 pariter
810 3949 862 3999 in
917 3947 1297 4015 superioribus
1345 3941 1773 4000 demonstratum
1817 3945 1935 4008 fuit,
1975 3955 2138 4013 atque

486 4067 490 4072 -
578 4041 648 4091 ita
673 4037 1375 4093 conﬁtemuretcredinius.
1408 4037 1559 4102 Quod
1596 4047 1773 4090 autem
1809 4037 1896 4090 ille
1921 4052 2140 4105 quoque

580 4145 607 4179 a
652 4128 805 4178 nobis
864 4127 1100 4179 creditus
1156 4124 1324 4179 Filius
1388 4137 1451 4179 ac
1514 4127 1652 4180 Deus
1694 4142 1872 4190 verus,
1901 4142 2052 4193 asque
2077 4142 2140 4179 ac

579 4218 718 4267 Deus
771 4217 945 4278 Pater,
1007 4215 1147 4282 Deus
1205 4230 1343 4267 unus
1402 4231 1524 4268 cum
1583 4215 1736 4268 Patre
1783 4230 1844 4268 ac
1877 4216 2077 4284 Spiritu
2110 4232 2138 4268 a

581 4308 734 4358 nobis
769 4308 1002 4366 dicatur,
1037 4323 1143 4360 non
1186 4317 1440 4374 tanquam
1476 4307 1878 4360 communicatis
1913 4305 2054 4359 Patri
2078 4323 2138 4361 ac

581 4395 839 4461 Spiritui;
884 4409 1058 4461 neque
1099 4404 1353 4462 tanquam
1407 4395 1566 4447 unius
1597 4394 1864 4462 principii,
1899 4404 1952 4447 et
1979 4397 2139 4449 unius

582 4486 695 4548 Dei,
721 4487 811 4554 qui
852 4486 903 4536 in
929 4485 1089 4538 Patre
1121 4495 1173 4538 et
1213 4484 1348 4537 Filio
1385 4494 1439 4539 et
1477 4487 1681 4554 Spiritu
1715 4498 1902 4539 sancto
1928 4498 2140 4552 specta-

2311 3494 2373 3564 β’.
2409 3496 2517 3548 Καὶ
2549 3495 2752 3556 ἄλλως*
2789 3514 2805 3546 ι
2829 3495 2962 3556 Θεός
2986 3495 3132 3549 ἐστιν
3159 3492 3524 3557 signormva
3563 3497 3638 3564 μὴ
3665 3497 3791 3565 ἔχων

2237 3588 2335 3654 τῆς
2361 3587 2523 3637 αὐτοῦ
2554 3585 2816 3650 ἐξουσίας,
2857 3603 2874 3635 ι
2930 3587 3049 3638 Ὅτι
3091 3588 3189 3656 μὲν
3219 3581 3298 3649 εἷς
3356 3586 3482 3649 Θεός
3513 3590 3664 3639 ἐστιν
3710 3589 3790 3638 ἐπὶ

2239 3679 2456 3730 πάντων
2509 3681 2617 3739 τοῖς
2659 3673 2808 3730 οὖσιν
2847 3677 3070 3739 ἅπασιν,
3112 3679 3173 3730 τό
3210 3695 3268 3729 τε
3317 3678 3498 3739 ἁπλῶς
3536 3673 3677 3729 εἶναι
3709 3680 3789 3730 καὶ

2235 3769 2297 3819 τὸ
2327 3764 2384 3819 εὖ
2411 3766 2784 3836 χαριζόμενος,
2804 3769 2896 3820 καὶ
2924 3767 3095 3820 οὐδενὶ
3125 3767 3230 3830 τῷν
3261 3766 3426 3818 ὅντων
3454 3767 3510 3818 τὸ
3541 3767 3790 3836 παράπαν

2237 3857 2489 3909 κοινωνὸν
2521 3856 2554 3926 ἥ
2593 3857 2871 3925 συνεργὸν,
2904 3857 2977 3918 ὡς
3028 3850 3090 3909 σὺ
3119 3858 3242 3924 φὴς,
3299 3857 3657 3923 κεκτημένος,
3708 3855 3789 3906 καὶ

2233 3948 2489 4017 ἀνωτέρω
2522 3945 2651 4015 παρ’
2691 3946 2848 4015 ἡμῶν
2898 3946 3271 3999 ἀποδέδεικται
3318 3948 3410 3999 καὶ
3453 3945 3786 4013 ὡμολόγηται

2235 4042 2327 4092 καὶ
2357 4040 2740 4093 πεπίστευται·
2774 4042 2852 4092 ὅτι
2890 4040 2944 4091 δὲ
2979 4039 3070 4092 καὶ
3100 4041 3126 4091 ὁ
3159 4039 3287 4107 παρ’
3322 4038 3475 4106 ἡμῶν
3509 4038 3638 4098 Υἱὸς
3667 4035 3788 4088 Θεοῦ

2241 4131 2654 4198 πιστευόμενος,
2678 4131 2768 4182 καὶ
2797 4129 2925 4190 Θεὸς
2953 4129 3196 4197 ἀληθινὸς
3249 4127 3323 4180 ὢν
3345 4127 3434 4179 καὶ
3463 4127 3646 4187 αὐτὸς,
3679 4125 3789 4178 καθ’

2240 4221 2273 4273 ὃ.
2297 4220 2388 4271 καὶ
2409 4221 2436 4270 ὁ
2469 4219 2673 4285 Πατὴρ,
2704 4218 2795 4269 καὶ
2825 4216 2955 4276 Θεὸς
2986 4212 3065 4276 εἷς
3101 4215 3234 4282 μετὰ
3265 4214 3470 4282 Πατρὸς
3500 4212 3596 4263 καὶ
3641 4210 3789 4264 five-J-

2249 4325 2414 4377 ματος
2447 4309 2574 4374 παρ’
2605 4307 2757 4374 ἡμῶν
2797 4306 2975 4366 καλῶς
3011 4304 3255 4370 θεολογού
3266 4320 3443 4372 μενος,
3473 4303 3567 4368 οὐχ
3597 4301 3669 4362 ὡς
3693 4317 3788 4352 κοι⁸

2247 4397 2411 4458 νωνὸς
2442 4397 2535 4447 τοῦ
2567 4396 2699 4448 Θεοῦ
2751 4397 2841 4447 καὶ
2871 4394 3101 4462 Πατρδς,
3153 4391 3273 4464 οὔτε
3325 4393 3421 4460 τῆς
3457 4393 3582 4459 μιᾶς
3634 4389 3789 4458 ἀρχῆς

2247 4485 2340 4536 καὶ
2371 4484 2461 4535 τοῦ
2491 4481 2766 4545 ὲνοςΘεοῦ
2802 4482 2892 4534 τοῦ
2941 4484 2999 4536 ὲν
3050 4482 3220 4549 Πατρὶ
3271 4479 3368 4532 καὶ
3407 4477 3512 4547 Υἱῷ
3543 4479 3630 4530 καὶ
3666 4478 3789 4544 ἁγίῳ

581 4584 685 4636 tur,
721 4583 774 4625 et
803 4573 874 4624 sit
905 4581 957 4625 ct
986 4588 1013 4623 a
1051 4573 1206 4624 nobis
1236 4572 1540 4636 inducatur,
1575 4574 1641 4626 ita
1685 4575 1740 4626 lit
1771 4575 1984 4641 planum
2014 4575 2137 4627 :llle

2249 4565 2520 4638 Πνεύματι
2554 4571 2946 4640 θεωρουμένου,
2973 4569 3084 4621 ἔστι
3117 4569 3207 4622 καὶ
3236 4569 3364 4636 παρ’
3397 4567 3553 4637 ἡμῶν
3598 4567 3789 4631 εἰσάγει

579 4663 670 4731 qui
706 4679 734 4713 a
775 4663 929 4714 nobis
957 4663 1042 4714 Dei
1081 4661 1247 4716 Filius
1273 4677 1332 4714 ac
1354 4663 1489 4716 Deus
1515 4679 1679 4732 verus
1721 4665 1932 4724 dicitur,
1963 4666 2006 4716 si
2038 4675 2140 4726 cst,

582 4763 639 4805 ut
668 4764 721 4805 tu
753 4755 851 4814 ais,
885 4755 989 4805 Deo
1016 4754 1443 4816 communicatis,
1477 4755 1524 4806 id
1568 4764 1668 4814 est,
1701 4755 1745 4803 ei
1796 4756 1885 4821 qui
1918 4772 1944 4806 a
1989 4758 2142 4809 nobis

583 4841 726 4892 Deus
755 4854 818 4892 ac
859 4838 1016 4892 P'atcr
1051 4841 1382 4913 appellatur;
1420 4842 1498 4892 vel
1550 4840 1638 4890 uni
1682 4841 1943 4909 principio
1974 4854 2024 4894 ct
2051 4844 2139 4894 nni

585 4927 718 4986 Deo,
756 4929 846 4994 qui
879 4929 940 4982 iu,
964 4927 1122 4981 Patre
1169 4939 1220 4981 et
1272 4929 1406 4981 Filio
1451 4940 1502 4981 et
1554 4929 1754 4995 Spirittt
1793 4941 1984 4982 saneto
2019 4947 2143 4998 spc-

586 5028 782 5069 ctatur.
822 5019 923 5069 Sed
953 5019 995 5071 si
1039 5020 1255 5086 quidem
1297 5021 1382 5071 uni
1431 5019 1536 5071 Deo
1566 5020 1655 5086 qui
1700 5022 1752 5072 in
1782 5019 1937 5073 Patre
1977 5032 2027 5073 et
2058 5022 2143 5074 Fi-

583 5108 657 5163 lio
713 5124 773 5162 ac
828 5109 1029 5177 Spiritu
1090 5121 1276 5170 sancto
1344 5118 1648 5174 spectatur;
1708 5112 2134 5164 demonstratum

586 5207 763 5251 autem
799 5197 891 5250 fuit
921 5215 948 5250 a
977 5199 1132 5251 nobis
1176 5199 1225 5248 in
1275 5199 1468 5263 prioris
1523 5201 1762 5266 epistolae
1807 5213 1909 5254 tua?
1941 5201 2140 5253 refuta-

586 5290 747 5351 tione,
780 5305 941 5340 unum
976 5306 1091 5340 esse
1122 5288 1306 5350 Deum,
1347 5303 1617 5356 unumque
1648 5291 1990 5358 principium,
2018 5308 2138 5344 cum

587 5379 742 5432 Patre
765 5395 826 5432 ac
855 5382 1055 5446 Spiritu
1093 5388 1297 5441 sancto,
1351 5377 1542 5431 Filium
1585 5383 1675 5449 qui
1721 5395 1772 5434 et
1806 5385 1872 5435 ita
1915 5393 1995 5436 est
2028 5395 2079 5436 et
2112 5401 2140 5437 a

593 5467 745 5520 nobis
787 5469 916 5520 bene
951 5469 1086 5518 Deus
1112 5463 1453 5533 appellatur;
1490 5484 1615 5536 ergo
1657 5471 1726 5522 ita
1756 5473 2019 5540 contingit
2052 5471 2141 5523 Fi-

662 5645 737 5705 (i)
781 5642 919 5692 Die‘t
954 5641 1091 5716 illam
1119 5642 1436 5694 Christiana:
1473 5645 1742 5713 religionis
1793 5647 2132 5701 demonstra-

599 5715 817 5775 tiourm,
851 5715 1160 5778 ιγιίιιιιιιιδυ
1208 5716 1522 5776 ιϊίιειιιύι·;ιι
1562 5719 1616 5768 in
1661 5719 1837 5782 priore
1890 5719 2136 5785 cpistola,

2243 4679 2352 4723 ται,
2384 4655 2484 4713 (bis
2512 4662 2698 4729 δῆλον·
2751 4661 2804 4710 ’0
2849 4661 2972 4730 παρ’
3020 4663 3152 4728 ἡμῖν
3197 4659 3322 4720 Υἱὸς
3352 4656 3483 4709 Θεοῦ
3539 4658 3636 4708 καὶ
3675 4655 3788 4715 Θεὸς

2243 4753 2492 4821 ἀληθινὸς
2525 4752 2956 4819 θεολογούμενος,
2981 4752 3138 4818 εἴπερ
3161 4751 3278 4802 ἐστὶ
3312 4750 3448 4801 κατὰ
3475 4749 3531 4800 σὲ
3557 4748 3788 4806 κοινωνὸς

2243 4842 2336 4892 τοῦ
2361 4841 2516 4905 Θεοῦ,
2547 4843 2663 4910 ἦτοι
2697 4841 2788 4892 τοῦ
2817 4843 2944 4910 παρ’
2971 4842 3100 4910 ἡμῖν
3127 4838 3260 4890 Θεοῦ
3285 4839 3378 4889 καὶ
3404 4837 3611 4904 Πατρὸς
3641 4851 3788 4901 πρεσ-

2244 4932 2556 5000 6ευομένου,
2589 4932 2737 4998 ῆτῆς
2773 4934 2896 4998 μιᾶς
2927 4932 3095 5000 ἀρχῆς
3138 4931 3232 4981 καὶ
3257 4929 3349 4980 τοῦ
3394 4928 3510 4988 ἑνὸς
3548 4927 3681 4979 Θεοῦ
3709 4924 3798 4985 τοῦΔ

2244 5024 2301 5074 ὲν
2330 5024 2499 5093 Πατρλ.
2522 5025 2614 5074 καὶ
2639 5022 2750 5091 Υἱῷ
2777 5025 2867 5075 καὶ
2901 5023 3039 5089 ἁγίῳ
3091 5019 3365 5088 Πνεῦματι
3394 5018 3781 5086 θεωρουμένου·

2244 5115 2356 5166 ἀλλ’
2380 5116 2427 5165 εἰ
2453 5114 2550 5181 μὲν
2585 5112 2676 5164 τοῦ
2712 5113 2827 5175 ἐνὸς
2867 5111 2999 5163 Θεοῦ
3033 5110 3124 5161 τοῦ
3163 5113 3220 5162 ἑν
3261 5110 3430 5177 Πατρι
3456 5107 3550 5158 καὶ
3577 5106 3682 5174 Υἰῴ
3710 5104 3783 5154 καὶ

2247 5205 2384 5271 ἁγίῳ
2429 5205 2698 5270 [Ινεύματι
2736 5203 3130 5271 θεωρουμένου,
3165 5199 3534 5251 ἀποδέδεικται
3568 5197 3620 5248 δὲ
3675 5197 3785 5263 ἡμῖν

2247 5299 2302 5347 ἐν
2335 5299 2397 5361 τῇ
2433 5296 2744 5364 ἁντιρῤήσει
2777 5295 2871 5362 τῆς
2907 5293 3169 5360 προτέρας
3221 5307 3312 5341 σου
3369 5289 3672 5355 ἐπιστολῆς,
3709 5293 3777 5344 ὅτι

2246 5380 2321 5446 εἷς
2358 5385 2487 5444 Θεὸς
2533 5388 2625 5435 καὶ
2691 5386 2785 5452 μία
2827 5384 2966 5452 ἁρχὴ
3010 5384 3036 5433 ὁ
3085 5381 3208 5443 Υἱὸς
3262 5381 3397 5448 μετὰ
3453 5380 3658 5446 Πατρὶς
3710 5379 3787 5427 καὶ

2251 5472 2560 5540 Ιῐνευματος
2591 5474 2746 5538 ἁγίου
2783 5476 2872 5533 καὶ
2905 5472 3014 5522 ἔστι
3048 5473 3140 5524 καὶ
3168 5472 3294 5538 παρ’
3319 5469 3473 5538 ἡμῶν
3492 5469 3664 5529 καλῶς
3683 5467 3783 5518 θεο-

2243 5650 2332 5700 sod
2363 5665 2459 5701 nos
2500 5661 2682 5717 utpote
2717 5652 2824 5717 jam
2869 5651 2917 5701 in
2951 5649 3227 5716 superiore
3262 5663 3442 5714 opere,
3486 5647 3585 5700 hoc
3608 5640 3777 5699 eodem

2248 5719 2515 5775 Volumiuc
2546 5721 2764 5784 editam,
2795 5720 3098 5774 iieCCSsat-io
3129 5720 3436 5774 omisimus.

3700 350 3792 413 82%
3880 369 3881 376 ‘
