3926 6308
114 364 223 425 825

1206 375 1209 378 ’
1286 368 1717 428 REFUTATIO
1752 369 2223 429 MOIIAMEDIS.

3246 357 3349 432 B96

113 477 400 542 λογεῖται⁸
437 477 483 529 εί
515 476 571 531 δὲ
600 477 775 542 τοῦτο,
827 477 1110 546 συμϐαίνει
1156 478 1221 530 ἂν
1266 478 1294 528 ὁ
1349 479 1473 541 Υἱὸς
1525 478 1685 539 αὐτὸς

1810 481 1917 532 ium
1968 481 2180 534 sibimet
2229 493 2350 533 esse
2392 477 2916 542 communicantem;
2971 478 3113 546 quod
3150 483 3347 533 estali—

115 565 316 617 ὲαυτοῦ
351 563 487 620 εἶναι
523 570 792 630 κοινωνὸς,
837 569 970 636 ὅπερ
1006 569 1235 622 ἄτοπον⁸
1268 569 1418 626 οὐδὲν
1440 569 1549 639 γὰρ
1579 568 1686 621 τῶν

115 656 291 707 ὄντων
321 657 454 708 αὐτὸ
480 657 668 709 ἑαυτοῦ
716 656 929 725 λέγεται
958 656 1093 712 εἶναι
1122 661 1400 712 κοινωνόν’
1438 661 1535 711 οὐκ
1583 661 1689 729 ἄρα

117 747 142 794 ὀ
180 744 313 808 Υίὸς
340 745 439 812 τῆς
471 748 603 813 μιᾶς
619 749 790 816 ἀρχῆς
817 748 908 800 καὶ
936 748 1028 801 τοῦ
1062 749 1335 811 ὲνδςβεοῦ
1363 748 1455 801 τοῦ
1487 751 1543 800 ἐν
1577 750 1683 802 Ila—

115 833 204 901 τρὶ
235 835 339 885 καὶ
384 834 498 904 Υίῷ
523 837 616 887 καὶ
671 836 810 905 ἁγίῳ
845 837 1117 907 Πνεύματι
1157 839 1528 908 θεωρουμένου
1571 839 1690 890 ἐστὶ

117 923 381 985 κοινωνός
409 935 422 951 ⁸
447 922 569 976 οὔτε
599 925 702 994 μὴν
739 925 833 977 τοῦ
863 925 996 978 Θεοῦ
1035 927 1129 978 καὶ
1176 927 1384 996 Πατρός
1405 943 1418 957 ·
1449 928 1542 979 ἐπὶ
1565 926 1686 979 τού-

115 1025 224 1059 των
249 1008 364 1080 γὰρ
405 1013 495 1064 καὶ
520 1012 675 1079 μόνον
697 1012 841 1066 ἔστιν
870 1015 982 1066 υἱὸν
1007 1017 1184 1085 εὑρεῖν
1207 1017 1298 1068 τοῦ
1326 1015 1452 1068 ἰδίου
1488 1016 1690 1085 πατρὸς
1716 1017 1736 1036 ⁹

119 1101 421 1168 λεγόμενον
446 1105 717 1168 κοινωνὸν,
754 1108 810 1156 ὲν
836 1100 915 1168 οἷς
939 1105 1163 1190 γνώμης
1198 1107 1517 1177 παραλλαγὴ
1553 1125 1690 1176 παρ-

120 1190 465 1253 εισδύνεται,
503 1193 597 1244 καὶ
627 1193 930 1263 βουλήσεως
986 1197 1239 1264 ἑτερότης
1281 1197 1563 1264 πάρεστιν,
1601 1199 1690 1248 καὶ

120 1282 334 1351 ἀπορία
363 1283 599 1336 καλοῦσα
633 1286 764 1352 πρὸς
790 1286 886 1356 τὴν
909 1291 1114 1357 χρείαν,
1159 1287 1252 1339 καὶ
1283 1287 1526 1354 ἐνέργεια
1553 1287 1689 1339 ἀπο-

119 1371 444 1440 τετμημένη
475 1372 612 1435 ίδίως
662 1374 948 1442 πρόσεστιν
971 1391 984 1405 ·
1020 1370 1098 1437 οἷς
1125 1377 1180 1428 δὲ
1215 1375 1403 1445 γνώμη
1442 1377 1559 1444 μία,
1597 1377 1691 1428 καὶ

123 1458 384 1530 βούλησις
411 1462 496 1514 ἀεὶ
524 1462 833 1528 ἀδιάκοπος,
887 1467 980 1518 καὶ
1031 1466 1244 1536 φύσεως
1272 1466 1552 1534 ταυτότης.
1600 1466 1693 1519 καὶ

125 1551 227 1619 μία
256 1551 498 1619 ἐξουσία,
529 1554 624 1605 καὶ
665 1553 879 1624 θέλησις
908 1554 1174 1624 ἄτρεπτος
1204 1556 1456 1621 πάρεστι,
1491 1556 1607 1618 πῶς
1629 1556 1694 1608 ἂν

122 1642 149 1691 ὀ
173 1643 470 1707 κοινωνὸς
519 1643 905 1712 είσφρήσεταις
950 1642 1146 1697 οὔκουν
1195 1644 1447 1697 κοινωνὸν
1477 1646 1566 1698 ἐπὶ
1598 1644 1692 1697 τοῦ

123 1731 243 1793 ἑνὸς
267 1731 431 1799 Θεοῦ,
456 1734 503 1785 οί
557 1734 649 1787 ἐπὶ
677 1738 741 1804 τῇ
772 1734 1018 1804 θεολογίᾳ
1049 1736 1174 1788 rem
1210 1736 1303 1788 καὶ
1335 1734 1553 1806 Πνεῦμα
1575 1735 1694 1788 θεο-

1792 567 2015 622 surdum
2053 587 2066 620 :
2100 569 2243 621 nulla
2291 569 2432 622 enim
2481 583 2566 638 res
2605 568 2870 620 exsisteus
2905 567 3104 620 dicitur
3133 569 3348 620 sibimet

1791 658 1906 726 ipsa
1933 659 2354 711 communicare.
2397 655 2745 726 Nequaquam
2788 657 2949 723 igitur
3001 655 3139 707 lilius
3197 672 3348 708 com-

1793 733 2076 801 muuicaus
2101 758 2180 802 est
2207 748 2298 802 uni
2333 749 2591 816 principio
2622 749 2825 813 Unique
2863 747 2968 798 Deo
2990 747 3080 813 qui
3106 747 3157 797 in
3195 745 3351 798 Patre

1791 847 1839 891 et
1867 837 2002 891 Filio
2053 847 2104 891 et
2162 838 2363 906 Spiritu
2426 849 2613 892 sancto
2666 846 2974 926 spectatur;
3021 852 3193 904 neque
3226 838 3348 888 item

1791 927 1900 978 Deo
1946 926 2108 978 Patri.
2153 925 2305 980 Tunc
2351 927 2494 980 enim
2536 925 2903 982 tantuunnodo
2956 927 3152 979 dicitur
3211 927 3352 978 lilius

1792 1016 1927 1082 patri
1977 1029 2078 1069 suo
2118 1018 2546 1072 communicatis.
2589 1033 2709 1070 eum
2762 1017 3039 1089 sententia:
3088 1015 3355 1068 aberratio

1793 1109 1958 1169 snhit,
1990 1117 2044 1162 et
2087 1108 2302 1161 consilii
2364 1108 2653 1162 diversitas
2708 1108 2880 1170 adest,
2932 1122 3052 1160 cum
3089 1106 3354 1158 dubitatio

1792 1198 1866 1250 rei
1901 1196 2169 1264 gerenda,
2205 1208 2258 1251 et
2304 1199 2548 1266 operatio
2593 1213 2837 1252 seorsum
2896 1208 3142 1266 suscepta
3173 1197 3352 1252 cerui-

1794 1297 1901 1340 tur.
1934 1288 2004 1342 lis
2029 1301 2241 1351 autem,
2285 1305 2514 1358 quormn
2550 1299 2628 1342 est
2669 1306 2772 1342 uua
2813 1289 3096 1352 sententia,
3133 1299 3185 1342 et
3225 1289 3358 1342 deli—
3441 1357 3447 1364 Ι

1795 1379 2000 1433 beratio
2031 1395 2246 1449 semper
2293 1381 2546 1444 indivisa,
2585 1388 2640 1434 et
2687 1391 2880 1433 natura
2915 1363 3142 1439 eadem.
3181 1393 3231 1433 et
3262 1396 3357 1448 po-

1796 1479 1967 1525 testas
2001 1471 2181 1536 unica,
2233 1481 2286 1525 et
2340 1472 2589 1524 voluntas
2646 1470 3026 1543 immutabilis,
3084 1469 3357 1538 quomodo

1797 1561 2116 1615 vocabulum
2148 1562 2540 1614 communitum
2574 1561 2834 1630 obrepet?
2857 1560 2970 1612 Non
3002 1576 3129 1629 ergo
3154 1561 3359 1613 faciunt

1797 1653 1888 1705 uni
1921 1651 2026 1706 Deo
2061 1654 2571 1714 communicantein,
2603 1653 2676 1706 illi
2718 1653 2810 1722 qui
2858 1651 3051 1704 Filium
3101 1666 3164 1705 ac
3190 1650 3354 1718 Spiri-

1799 1752 1909 1796 tum
1945 1744 2108 1798 Dcutn
2147 1760 2267 1797 esse
2308 1746 2612 1814 theologice
2641 1745 2859 1810 dicunt;
2893 1743 3106 1798 etiamsi
3140 1757 3300 1810 prave
3328 1757 3360 1796 a

123 1821 417 1885 λογοῦντες
452 1826 891 1892 συνεισάγουσιν,
942 1827 990 1878 εί
1023 1828 1115 1879 καὶ
1163 1825 1346 1890 κακῶς
1378 1827 1507 1897 παρ’
1539 1826 1690 1896 ὑμῶν

1807 1836 1947 1890 vobis
1977 1835 2051 1888 ita
2085 1834 2456 1889 diﬂ‘amantur.
2541 1849 2545 1859 '

123 1911 264 1983 (cod.
305 1912 482 1984 ἡμῶν]
504 1913 946 1984 ὲπιφημίζονται.

191 2002 264 2071 δί.
293 2005 404 2057 Καὶ
433 2005 602 2068 ἄλλως
626 2021 640 2039 ο
688 2025 707 2058 ‹
743 2007 875 2070 Θεὸς
894 2002 974 2071 είς
1002 2009 1136 2072 ἐστι,
1171 2012 1422 2066 κοινωνὸν
1456 2012 1529 2082 μὴ
1554 2011 1693 2081 ἔχων

124 2093 225 2162 τῆς
258 2094 428 2149 αὑτοῦ
451 2098 695 2162 ἐξουσίας
722 2114 736 2128 °
770 2101 860 2151 καὶ
890 2099 974 2152 διὰ
1017 2099 1078 2151 τὸ
1124 2104 1196 2171 μὴ
1246 2101 1388 2183 ἔχειν
1419 2104 1690 2167 κοινωνὸν,

122 2185 224 2237 οὐκ
253 2184 414 2254 ἔκηεν
435 2186 552 2238 οὐδὲ
580 2189 758 2240 παῖδα.
802 2207 819 2238 ι
869 2189 1205 2260 Ἀπήλλαξας
1237 2193 1383 2262 ἡμᾶς
1434 2193 1694 2262 πραγμά-

125 2287 233 2324 των
275 2271 508 2336 ἐξειπὼν
549 2275 611 2325 τὸ
659 2275 992 2344 ἀπόρρητον·
1043 2280 1221 2346 εἰμὲν
1270 2282 1374 2350 γὰρ
1424 2283 1607 2350 ἑώρων
1635 2283 1696 2334 τὸ

128 2366 420 2431 κοινωνὸς
451 2368 540 2419 ἐπὶ
574 2367 670 2435 τῆς
723 2367 1037 2440 θεολογικῆς
1078 2373 1380 2450 γεννήσεως
1432 2375 1695 2439 ἑπόμενον

127 2457 222 2509 καὶ
252 2456 437 2526 χώραν
462 2457 600 2527 ἕχον,
637 2461 774 2528 τάχα
809 2460 874 2513 ἂν
919 2463 1011 2514 καὶ
1044 2464 1117 2532 μὴ
1157 2464 1322 2517 θέλων
1373 2469 1438 2536 τῇ
1469 2465 1695 2537 ἀληθείᾳ

133 2548 592 2615 συνεφελκόμενος
619 2553 682 2618 τῇ
707 2551 978 2621 ἀναιρέσει
1011 2553 1220 2616 τούτου,
1253 2555 1344 2607 καὶ
1369 2558 1425 2607 τὸ
1462 2555 1698 2625 ήγούμεὲ

129 2655 218 2689 νον
260 2638 629 2708 συνανῄρουνο
661 2642 905 2694 τουτέστι
939 2643 1000 2694 τὸ
1039 2645 1126 2696 ἐπὶ
1159 2647 1253 2714 τὴν
1288 2646 1561 2713 θεολογίαν
1607 2647 1696 2700 τὸν

135 2723 258 2782 Υίον
281 2729 773 2799 ἀποκηρύττεσθαι.
792 2734 943 2786 Ἐπεὶ
961 2735 1015 2786 δὲ
1038 2736 1192 2789 τοῦτο
1222 2737 1384 2791 ἕωλον
1406 2741 1496 2790 καὶ
1524 2739 1696 2808 πάντη

131 2819 344 2885 ψευδὲς.
410 2821 499 2871 ἐπὶ
526 2822 624 2889 τῆς
655 2814 968 2892 θεολόγικῆς
1012 2828 1336 2894 γεννήσεως,
1369 2830 1460 2879 καὶ
1497 2830 1694 2881 ἀνακό-

133 2904 321 2957 λουθον
349 2905 409 2958 ὃν
431 2909 458 2959 ό
485 2907 640 2974 λόγος
670 2909 886 2973 ἔδειξεν,
914 2911 971 2964 06
1005 2930 1069 2980 με
1115 2914 1268 2979 λόγος
1297 2919 1698 2984 καταναγκάσει

135 2998 226 3049 καὶ
262 2998 323 3050 τὸ
348 2999 669 3067 ἡγούμενον.
701 3003 947 3065 τουτέστι
977 3005 1065 3058 τὸν
1102 3006 1248 3070 Υίὸν,
1279 3008 1369 3058 ἐπὶ
1394 3008 1489 3074 τῆς
1519 3008 1696 3060 θεολο-

136 3087 256 3151 γίας
313 3090 689 3158 ἀπαρνεῖσθαι.
737 3091 860 3144 Ἐπὶ
901 3095 998 3162 μὲν
1047 3097 1151 3166 γάρ
1205 3097 1312 3150 τῶν
1357 3098 1414 3160 ἐξ
1461 3099 1702 3168 ἀνάγκης
1731 3138 1772 3196 C

139 3180 550 3248 ἑπομένων,καὶ
577 3183 780 3237 τούτων
812 3187 1238 3255 ἀναιρουμένων,
1297 3189 1451 3257 δῆλον
1487 3191 1567 3241 ὅτι
1610 3192 1701 3243 καὶ

138 3270 204 3322 τὰ
232 3271 510 3340 ἡγούμενα
539 3274 930 3344 συνανῄρηται·
965 3278 1023 3328 οὑ
1049 3278 1152 3344 μὴν
1173 3277 1228 3328 δὲ
1254 3280 1344 3332 ἐπὶ
1373 3279 1477 3330 τῶν
1504 3281 1698 3348 ἥκιστα

140 3361 440 3429 ἑπομένων,
484 3363 559 3425 ὡς
608 3365 661 3416 αἱ
712 3364 974 3435 μαθήσεις
999 3366 1396 3418 ἐκδιδάσκουσι·
1432 3368 1512 3420 διὸ
1533 3366 1599 3439 ἦν
1644 3371 1704 3422 τὸ

139 3453 286 3521 παρὰ
321 3453 415 3505 σοῦ
441 3455 885 3524 συλλογιζόμενον
909 3456 1132 3526 δυνάμει
1164 3457 1399 3514 τοιοῦτον
1420 3476 1434 3491 ⁸
1473 3460 1531 3513 Et
1561 3460 1703 3514 ἔστιν

141 3544 263 3606 Υἱὸς
296 3545 387 3596 ἐπὶ
425 3546 518 3614 τῆς
551 3545 825 3612 θεολογίας
879 3548 1287 3616 πιστευόμενος,
1345 3550 1700 3620 εὑρεθήσεται

143 3637 230 3688 καὶ
284 3638 538 3692 κοινωνὸν
570 3639 597 3689 ὁ
645 3633 723 3700 εἷς
757 3639 886 3700 Θεὸς
917 3639 1084 3707 ἕχων’
1121 3640 1255 3693 ἀλλὰ
1309 3640 1414 3710 μὴν
1447 3642 1574 3704 Θεὸς
1625 3637 1706 3704 εἷς

145 3729 284 3777 ἐστιν
342 3726 432 3777 ἐπὶ
461 3726 677 3779 πάντων
715 3728 966 3780 κοινωνὸν
993 3727 1090 3780 οὐκ
1125 3728 1291 3797 ἔχων·
1324 3730 1423 3782 οὐκ
1458 3731 1563 3799 ἄρα
1587 3732 1705 3783 οὐδὲ

145 3819 264 3880 Υἱὸς
291 3819 384 3870 ἐπὶ
433 3817 532 3886 τῆς
563 3817 836 3886 θεολογίας
883 3818 1130 3889 εὓρηται.
1166 3822 1275 3872 Καὶ
1316 3822 1529 3891 πρῶτον
1582 3823 1702 3892 μὲν,

141 3909 214 3970 ὼς
246 3909 674 3978 αίφιλοσοφικαὶ
729 3909 941 3978 μέθοδοι
994 3913 1139 3980 ἡμᾶς
1192 3912 1586 3975 ἐκδιδάσκουσι,
1644 3914 1705 3966 τὸ

144 3995 404 4067 ἑπόμενον
438 3999 1123 4067 ἔσφαλται.“Λποδέδεικται
1149 4003 1256 4072 γὰρ
1287 4004 1366 4055 ὅτι
1389 4005 1483 4072 οὐχ
1516 4004 1707 4056 ἕπεται

145 4092 234 4142 ἐπὶ
258 4093 355 4160 τῆς
387 4090 698 4160 θεολογικῆς
729 4095 1031 4160 γεννήσεως
1079 4094 1138 4145 τδ
1171 4094 1422 4146 κοινωνὸν
1454 4095 1707 4162 λέγεσθαι

146 4181 234 4232 τὸν
270 4182 396 4233 Υἱὸν
421 4180 510 4233 τοῦ
533 4182 740 4250 Πατρός
762 4199 775 4214 ο
809 4182 893 4232 διά
925 4199 1004 4233 τοι
1026 4183 1181 4234 τοῦτο
1211 4185 1305 4236 καὶ
1331 4185 1708 4249 ἀναπόδεικτος

147 4273 173 4322 ὁ
202 4273 356 4341 λόγος
389 4272 633 4342 πρόεισιν
652 4289 665 4302 ·
698 4273 884 4325 ἔπειτα
908 4273 1116 4341 μικρῶς
1144 4291 1259 4334 πως
1292 4275 1388 4342 τὴν
1420 4275 1539 4326 καθ’
1566 4277 1710 4344 ἡμᾶς

150 4359 420 4434 θεολογίαν
443 4361 885 4430 ἐπισκεψώμεθα,
903 4364 1045 4424 ὅπως
1068 4365 1520 4434 εὐφωρατώτερον
1542 4367 1710 4418 ἅπασι

1863 2007 1916 2061 3.
1961 2006 2088 2060 Item
2125 2008 2279 2062 aliter
2313 2030 2324 2063 :
2367 2030 2384 2060 ι
2432 2010 2571 2063 Deus
2608 2027 2746 2064 unus
2776 2022 2878 2074 est,
2919 2012 3126 2065 nullum
3158 2012 3360 2067 habens

1794 2095 2042 2161 potestati
2118 2111 2228 2149 sum
2292 2097 2828 2162 eommunieantem,
2887 2114 3014 2168 ergo
3074 2114 3139 2152 ne
3195 2099 3359 2151 tilium

1797 2183 2015 2254 quidem
2072 2185 2252 2238 habet.
2287 2205 2304 2235 ι
2347 2186 2609 2240 Liberasti
2678 2203 2760 2241 Ine
2817 2191 3053 2250 negolio,
3103 2204 3359 2241 arcanum

1796 2291 2063 2330 enarrans
2098 2292 2112 2328 :
2154 2291 2275 2327 nam
2328 2277 2375 2328 si
2437 2277 2668 2329 viderem
2715 2278 3035 2330 vocabulum
3068 2279 3360 2330 communi-

1797 2383 1921 2419 cans
1973 2367 2024 2418 in
2076 2366 2376 2433 theologica
2430 2368 2775 2434 generatione
2813 2384 3117 2421 connexum
3152 2379 3201 2421 et
3232 2373 3361 2422 sub-

1798 2457 2018 2517 sistens,
2055 2456 2285 2509 fortasse
2332 2473 2659 2526 quamquam
2713 2459 2935 2519 invitus,
2978 2461 3201 2512 veritate
3253 2469 3364 2512 tra-

1801 2548 2135 2615 hente,_cum
2173 2547 2332 2614 hujus
2362 2548 2610 2601 vocabuli
2656 2548 3028 2610 exstinctime,
3074 2551 3366 2618 principale

1799 2651 2013 2706 quoque
2036 2637 2100 2689 de
2130 2637 2306 2690 medio
2339 2638 2578 2690 tollerem
2612 2657 2624 2689 :
2660 2640 2708 2690 id
2745 2648 2826 2692 est
2850 2638 3042 2692 Filium
3090 2641 3364 2708 pra-dicari

1803 2730 1966 2782 Deum
1996 2744 2100 2782 non
2132 2730 2387 2783 sinerem.
2428 2729 2529 2783 Sed
2574 2732 2698 2798 quia
2739 2732 2839 2784 hoc
2889 2731 3038 2784 futile
3068 2734 3287 2786 omnino
3317 2743 3368 2786 et

1801 2821 1994 2875 falsum
2051 2823 2102 2874 in
2161 2823 2462 2892 theologica
2492 2825 2836 2893 generatione
2872 2825 3201 2892 minimeque
3238 2840 3370 2878 con-

1803 2923 2112 2966 seclaneum
2144 2928 2323 2966 sermo
2381 2923 2567 2968 noster
2614 2915 2884 2975 ostendit',
2921 2916 3126 2967 nullum
3165 2931 3248 2968 me
3283 2931 3371 2968 ra-

1805 3002 2085 3055 tiocinium
2129 3014 2303 3069 cegel,
2356 3018 2467 3055 rem
2525 3004 2899 3071 principalem,
2945 3006 2992 3057 id
3037 3016 3119 3058 est
3150 3005 3369 3067 Filium,

1805 3110 1834 3147 a
1899 3092 1989 3144 Dei
2054 3093 2415 3159 appellatione
2461 3095 2769 3153 excludere.
2831 3095 2960 3147 Nam
3026 3096 3076 3148 in
3139 3097 3204 3147 iis
3252 3112 3371 3163 qua:

1806 3187 2115 3245 necessario
2164 3200 2302 3237 nexu
2361 3186 2672 3247 colum-ent,
2740 3195 2923 3252 patet,
2982 3187 3066 3239 his
3121 3187 3369 3247 sublatis,

1806 3277 2124 3344 principalia
2178 3292 2394 3344 quoque
2461 3276 2682 3342 perire:
2728 3292 2831 3329 non
2885 3277 2955 3330 ita
3010 3289 3184 3330 tamen
3221 3278 3270 3328 in
3307 3277 3373 3330 iis

1805 3370 2095 3418 Usuvenire
2149 3382 2266 3433 quae
2339 3365 2560 3418 minime
2616 3377 2802 3419 mutuo
2854 3367 3160 3429 cohaerent,
3211 3367 3372 3420 disci-

1807 3458 1965 3524 plinze
2017 3456 2232 3509 docent.
2285 3456 2571 3523 Propterea
2645 3458 2938 3524 syllogismi
2998 3459 3070 3510 lui
3129 3459 3240 3510 hare
3298 3461 3374 3511 vis

1806 3557 1922 3600 erat
1970 3564 1983 3600 :
2023 3546 2076 3598 Si
2140 3545 2257 3598 Filii
2334 3547 2590 3599 divinitas
2662 3549 2917 3611 creditur,
2985 3549 3377 3616 comperienius

1808 3652 1976 3688 unum
2038 3636 2202 3690 Deum
2268 3636 2465 3689 habere
2517 3637 2750 3705 aliquem
2809 3638 2910 3690 sibi
2970 3641 3375 3690 cominunicau-

1810 3735 1914 3780 lem
1966 3745 1978 3778 :
2025 3729 2172 3795 atqui
2231 3744 2371 3782 unus
2415 3737 2496 3782 est
2553 3728 2875 3782 lllli\'0l‘.~:lii$
2931 3727 3103 3791 Deus,
3163 3729 3372 3781 nullunt

1810 3817 2015 3872 habens
2039 3821 2533 3874 counnunicantem
2570 3839 2584 3874 :
2628 3821 2968 3889 nequaquam
2992 3821 3174 3888 itaque
3205 3820 3373 3879 Filius

1810 3908 1864 3961 in
1907 3909 2177 3979 theologia
2205 3911 2499 3964 invenitur.
2540 3910 2598 3962 Et
2635 3912 2867 3977 primum
2926 3912 3169 3979 quidem,
3222 3919 3380 3977 prout

1810 4012 1907 4051 nos
1940 3999 2326 4066 philosophica
2352 4001 2552 4066 regula:
2577 4000 2790 4061 docent,
2838 4000 2980 4067 quod
3046 4001 3380 4070 subsequens

1809 4097 1893 4141 est
1925 4090 2204 4142 evertitur.
2241 4089 2680 4142 Demonstratum
2726 4090 2869 4141 enim
2929 4089 3051 4152 fuit,
3108 4106 3212 4142 non
3262 4106 3379 4143 esse

1810 4194 2150 4248 consequens
2169 4181 2220 4232 in
2251 4178 2550 4247 theologica
2567 4182 2933 4245 generatione,
2955 4180 3340 4232 eounnunican
3358 4209 3373 4220 -

1817 4278 1922 4322 tem
1954 4270 2060 4322 dici
2115 4269 2311 4321 Filium
2350 4267 2516 4319 Patri.
2565 4266 2856 4335 Propterea
2906 4269 3106 4336 absque
3154 4270 3380 4320 deluun-

1815 4360 2077 4414 stratione
2104 4359 2334 4412 assertio
2367 4359 2452 4409 illa
2486 4367 2584 4411 est.
2623 4358 2744 4410 Mox
2777 4359 3112 4423 aliquantutn
3168 4359 3378 4410 theolo-

153 4432 210 4505 τὸ
240 4455 465 4524 ἀδρανὲς
498 4453 556 4505 ὃν
586 4454 676 4505 καὶ
699 4455 956 4506 ἀπίθανον
980 4454 1070 4505 τοῦ
1097 4455 1246 4525 παρὰ
1271 4456 1362 4508 σοῦ
1393 4432 1700 4525 δογματιζο-

1814 4450 1955 4519 giam
1990 4462 2232 4502 nostram
2266 4448 2760 4508 considerabimus,
2819 4462 2876 4500 ut
2915 4449 3221 4501 evidentius
3266 4465 3380 4500 om-

156 4543 311 4612 μένου
346 4544 506 4610 λόγου
542 4542 971 4614 παραδείξωμεν.

215 4721 276 4774 δ’.
301 4720 386 4774 Τὰ
404 4720 576 4772 τοίνυν
603 4720 692 4771 ἐπὶ
721 4721 814 4789 τῆς
855 4720 1128 4787 θεολογίας
1153 4720 1280 4787 παρ’
1313 4719 1467 4788 ἡμῶν
1496 4718 1708 4790 ἀληθῶς

151 4811 437 4880 λεγόμενα,
471 4812 537 4863 τὰ
562 4811 658 4878 μὲν
685 4812 875 4871 κοινῶς
913 4812 1001 4861 ἐπὶ
1031 4811 1137 4861 τῶν
1162 4810 1327 4875 τριῶν
1363 4810 1708 4860 ὑποστάσεων

154 4900 385 4970 λέγεται,
411 4901 483 4964 ὡς
517 4903 607 4952 ἐπὶ
643 4904 766 4970 μιᾶς
797 4903 980 4962 οὐσίας
1004 4902 1120 4970 ἤτοι
1162 4902 1428 4968 θεότητος,
1475 4902 1566 4951 καὶ
1593 4900 1707 4962 ἐνὸς

154 4989 279 5040 Θεοῦ
304 4990 485 5050 δντοςο
522 4984 630 5039 οἷόν
657 5005 796 5057 φημι
826 4987 882 5038 τὸ
911 4988 1049 5050 Θεὸς
1072 4987 1260 5054 ὄνομα,
1293 4988 1385 5037 καὶ
1414 4987 1474 5037 τὸ
1502 4987 1712 5051 Κύριος

157 5081 322 5130 καὶτὸ
351 5079 788 5146 φιλάνθρωπος,
821 5080 913 5130 καὶ
944 5080 1010 5129 τὰ
1056 5079 1425 5146 παραπλήσια,
1461 5077 1494 5130 ἃ
1529 5078 1618 5129 καὶ
1652 5077 1710 5127 οὐ

160 5169 562 5236 συναριθμεῖται
593 5169 677 5219 διὰ
706 5169 764 5219 τὸ
789 5168 1003 5230 ἐνιαίως
1038 5167 1306 5233 λέγεσθαι,
1335 5169 1409 5230 ὡς
1440 5168 1530 5218 καὶ
1577 5168 1714 5218 ἁπο-

157 5257 448 5310 δέδεικται·
476 5259 544 5309 τὰ
572 5259 627 5311 δὲ
661 5259 823 5322 ἰδίως,
853 5259 887 5310 ἃ.
920 5259 1004 5310 καὶ
1038 5260 1144 5310 τῶν
1194 5259 1539 5322 ὑποστάσεων
1566 5257 1713 5326 πρώ-

159 5366 253 5408 τως
278 5353 374 5401 καὶ
425 5350 626 5417 κυρίως
657 5349 823 5401 είσίψ
860 5347 968 5402 οἷόν
1009 5369 1145 5419 φημι
1179 5350 1239 5402 τὸ
1272 5351 1468 5416 Πατὴρ
1521 5353 1612 5402 καὶ
1656 5350 1715 5402 τὸ

174 5439 292 5502 me
322 5441 417 5489 καὶ
443 5441 500 5493 τὸ
530 5440 763 5507 Πνεῦμα
798 5443 860 5492 τὸ
905 5440 1108 5508 ἅγιον·
1147 5440 1179 5491 δι
1222 5441 1314 5491 καὶ
1349 5441 1433 5490 διὰ
1464 5442 1521 5491 τὸ
1575 5441 1717 5501 ἰδίως

164 5526 425 5591 λέγεσθαι,
482 5529 915 5595 συναριθμεῖταιο
951 5531 981 5597 ἡ
1016 5529 1116 5596 γὰρ
1160 5529 1566 5596 συναρίθμησις,
1621 5546 1715 5579 κυ-

170 5622 283 5682 ρίως
308 5618 418 5670 τῶν
449 5617 591 5677 ἰδίως
619 5617 918 5686 λεγομένων
959 5621 1124 5682 ἐστὶν,
1154 5621 1210 5670 οὐ
1245 5619 1347 5669 τῶν
1383 5620 1592 5679 κοινῶς,
1640 5621 1712 5679 ὠς

169 5716 214 5763 ὲν
244 5710 420 5771 ἄλλοις
473 5708 762 5761 δέδεικται’
795 5711 957 5763 ἐνίοτε
999 5712 1049 5762 δὲ
1091 5712 1312 5777 εὕρηται
1367 5715 1455 5762 καὶ
1501 5714 1587 5774 ἐπὶ
1620 5713 1709 5763 δύο

1816 4541 1977 4594 nibus
2007 4541 2375 4592 inﬁrmitatem
2397 4551 2446 4591 et
2484 4539 2957 4592 incredibilitalem
2985 4539 3249 4608 degmatis
3274 4557 3298 4591 a
3333 4549 3381 4593 te

1815 4633 2006 4700 prolati
2047 4632 2418 4686 ostendamus.

1881 4725 1932 4775 4.
1961 4722 2091 4787 Quae
2123 4723 2280 4789 igitur
2312 4723 2362 4772 iu
2390 4720 2654 4786 theologia
2695 4735 2721 4770 a
2762 4721 2916 4772 nobis
2953 4736 3073 4772 vere
3106 4721 3379 4784 dicuntur,

1809 4813 2002 4880 partim
2056 4812 2414 4866 communiter
2473 4811 2538 4863 de
2587 4813 2760 4865 tribus
2813 4812 3054 4878 pcrsonis
3105 4812 3379 4873 dicuntur,

1811 4914 2066 4970 tanquam
2116 4903 2180 4953 de
2231 4903 2390 4952 unica
2441 4902 2892 4954 substantia-situ
2947 4901 3160 4963 deitate,
3220 4901 3378 4950 veluti

1809 4993 2037 5059 exempli
2069 4993 2237 5059 gratia
2281 4992 2370 5043 Dei
2402 5007 2619 5055 nomen,
2645 5002 2697 5044 et
2732 4992 3000 5051 Dominus,
3026 5002 3075 5042 et
3107 4991 3376 5056 benignus,

1811 5092 1864 5134 et
1925 5081 2005 5133 his
2061 5082 2291 5141 similia;
2323 5096 2440 5147 qua:
2492 5094 2666 5148 neque
2725 5091 3202 5133 connumerantur.
3253 5078 3376 5143 quia

1814 5177 2165 5243 singulariter
2219 5163 2494 5237 dicuntur,
2555 5184 2713 5241 prout
2771 5175 3193 5226 demonstratum
3261 5173 3378 5220 l‘uit.

1824 5264 2025 5317 Partim
2058 5281 2184 5316 vero
2208 5263 2462 5316 dicuntur
2493 5263 2760 5330 privatim,
2790 5280 2908 5331 quae
2939 5272 2989 5314 et
3031 5273 3377 5326 personarum

1823 5355 1875 5407 in
1907 5354 2093 5421 primis
2135 5369 2195 5405 ae
2245 5354 2509 5420 praecipue
2561 5353 2774 5421 propria
2823 5363 2979 5415 sunt;
3012 5350 3166 5401 veluti
3222 5346 3380 5397 I’a'er

1821 5451 1872 5495 et
1907 5419 2072 5494 Fiiius
2125 5452 2176 5495 et
2228 5440 2450 5506 Spiritus
2511 5455 2748 5506 sanctus,
2791 5458 2907 5509 qua:
2956 5440 3080 5505 quia
3137 5437 3377 5502 privatim

1822 5533 2094 5594 dicuntur,
2130 5532 2287 5584 etiam
2351 5542 2835 5584 connumerantur:
2873 5545 2989 5580 nam
3025 5540 3380 5578 Ctlllllllltit'l’ll-

1818 5625 1891 5676 tio
1922 5638 2080 5676 causa
2112 5623 2377 5691 praecipue
2431 5639 2613 5674 eorum
2677 5638 2792 5689 qua:
2847 5619 3090 5687 privatim
3124 5617 3375 5666 dicuntur

1816 5722 1915 5777 est,
1957 5729 2060 5763 non
2088 5727 2271 5780 eorum
2299 5725 2414 5778 «pne
2458 5711 2832 5771 communiter,
2867 5707 3004 5760 sicut
3041 5705 3163 5759 alibi
3196 5711 3375 5756 esten-
