3926 6308
482 168 484 171 ·
548 172 651 235 927
1372 139 1376 143 ”
1528 203 1542 214 -
1776 175 2032 238 mem

2294 177 2543 238 ιΝτιΝι
3029 193 3033 195 ·
3704 177 3808 243 ἥδ
3838 139 3844 238 Ι

543 300 665 340 sum
709 282 827 338 fuit.
865 282 1138 338 Interdum
1173 297 1300 338 vero
1329 284 1493 339 etiam
1519 283 1572 338 in
1600 283 1812 340 duabus
1845 286 2093 340 thearchi

2255 287 2324 340 ῶν
2351 288 2656 359 Θεαρχικῶν
2705 289 3074 354 ὑποστάσεων,
3122 288 3232 346 οἷον
3289 295 3350 346 τὸ
3377 294 3671 348 αἰτιατόν
3712 297 3805 346 καὶ

543 375 624 428 eis
651 374 893 444 personis
924 375 1215 456 invenitur,
1248 376 1393 430 velut
1430 392 1494 431 ex
1522 392 1685 431 causa
1717 378 2009 445 processio.
2047 377 2093 429 lii

2256 380 2278 430 ὶ
2305 381 2401 449 μὲν
2430 380 2620 442 κοινῶς
2651 380 2939 450 λεγόμενα,
2957 384 3053 436 καὶ
3076 384 3267 446 κοινῶς
3297 385 3412 454 ἃμα
3438 386 3532 438 τοῦ
3577 385 3806 452 Πατρὶς

544 480 666 534 quae
697 466 913 533 quidem
945 467 1307 520 communiter
1352 469 1624 532 dicuntur,
1660 477 1710 521 et
1749 469 2094 521 communiter

2253 473 2308 524 αἱ
2342 472 2433 525 τοῦ
2469 472 2594 525 Υἰοῦ
2619 475 2710 525 καὶ
2745 473 2837 526 τοῦ
2870 475 3026 541 ἁγίου
3077 465 3412 544 Πνεῦματος,
3447 476 3522 539 ὡς
3552 478 3688 535 ὲνδς
3716 477 3803 526 δ’)-

543 569 668 606 cum
713 552 868 606 Patre
914 563 962 606 et
1011 553 1148 607 Filio
1180 565 1231 608 et
1259 555 1458 623 Spiritu
1515 567 1724 619 sancto,
1759 572 1818 608 ea
1851 564 2093 624 tauquair

2259 580 2299 624 ›ς
2319 562 2450 614 Θεοῦ
2483 565 2574 616 καὶ
2597 567 2904 634 νοουμένου,
2936 566 3169 632 λέγεται.
3203 567 3308 620 Καὶ
3333 568 3476 628 ἰδίως
3495 568 3607 618 ἀνὰ
3637 567 3809 634 μέρος

545 645 612 696 de
669 657 778 696 uno
835 642 942 696 Deo
990 645 1159 712 quiet
1201 654 1284 698 est
1321 654 1372 697 et
1411 647 1699 714 cogitatur,
1735 647 2025 708 dicuntur,
2060 662 2095 697 ﬂ}

2256 653 2318 704 ὒν
2381 654 2726 708 ὑποστάσεων
2767 659 3189 725 κατηγορεῖταιο
3245 660 3338 709 καὶ
3372 658 3480 727 γὰρ
3519 663 3548 710 ὁ
3607 657 3806 724 Πατὴρ

547 735 759 803 proprie
791 737 1147 802 partimilatim
1181 737 1244 788 de
1297 740 1540 805 personis
1574 739 1951 806 pra-dicantur.
1987 737 2097 789 Ete-

2259 743 2343 807 εδς
2379 744 2620 814 ἀληθῶς·
2659 747 2750 798 καὶ
2777 748 2804 798 ὁ
2834 746 2957 808 Υἱὸς
2996 747 3071 809 ὼς
3105 748 3169 798 ὲκ
3205 746 3297 798 τοῦ
3323 748 3458 800 Θεοῦ
3489 747 3659 810 Θεὸς,
3715 750 3807 800 καὶ

546 826 656 877 nim
688 835 742 878 et
771 825 929 879 Pater
965 843 1084 880 vere
1123 827 1296 892 Deus;
1325 839 1377 882 et
1423 827 1588 883 Filius
1619 839 1874 898 tanquam
1906 845 1968 882 ex
2005 829 2096 880 Dec

2308 854 2332 898 ς
2353 838 2416 889 ἐκ
2444 837 2644 904 φωτός·
2676 837 2932 900 ὡσαύτως
2954 839 3046 891 καὶ
3077 838 3136 890 τὸ
3159 838 3378 906 Πνεῦμα
3404 840 3464 892 τὸ
3498 842 3669 906 ἅγιον
3693 856 3708 867 ·
3741 843 3808 890 τὰ

549 915 709 982 Deus,
743 933 805 971 ac
856 917 1037 984 lumen
1088 918 1154 971 de
1206 920 1735 982 lumine;similiter
1787 930 1838 974 et
1891 929 2099 974 sanctus

2251 930 2268 980 ὲ
2302 927 2443 990 ἰδίως
2473 930 2564 981 ἐπὶ
2607 929 2714 980 τῶν
2759 920 3107 983 ὑποστάσεων
3144 930 3431 998 λεγόμενα,
3472 931 3632 992 ἰδίως
3697 931 3801 998 μὲν

547 1009 799 1076 Spiritus.
852 1009 1105 1063 Privatim
1144 1021 1322 1064 autem
1351 1012 1416 1064 de
1449 1012 1695 1078 personis
1722 1011 1886 1076 dicta,
1917 1007 1979 1067 ea
2005 1014 2097 1080 pri-

2312 1035 2484 1083 ονται,
2521 1019 2710 1081 κοινῶς
2758 1019 2813 1071 δὲ
2837 1021 2896 1071 οὑ
2934 1017 3179 1087 λέγονται
3202 1037 3216 1052 ο
3251 1023 3439 1088 ἐπειδὴ
3470 1024 3535 1074 τὰ
3584 1021 3814 1073 ἐλάττω

543 1100 709 1153 vatim
746 1099 968 1171 quidem
1024 1101 1299 1178 dicuntur,
1342 1103 1436 1156 sed
1487 1105 1848 1158 communiter
1911 1120 2093 1172 nequa

2312 1127 2318 1153 ν
2344 1110 2600 1162 ὲπιπλέον
2638 1111 2887 1163 ἀδυνατεῖ
2913 1112 3331 1182 κατηγορεῖσθαι
3369 1114 3459 1165 καὶ
3486 1111 3804 1178 ὲξισάζειν.
3858 1115 3862 1136 ¹

543 1205 740 1258 quam;
786 1192 911 1259 quia
954 1192 1282 1245 restrictiora
1314 1193 1380 1246 de
1423 1195 1781 1262 amplioribus
1830 1196 2092 1264 praedicar

2257 1202 2322 1254 ,αἰ
2341 1202 2496 1254 τοῦτο
2520 1201 2584 1254 ἂν
2616 1203 2796 1271 εὕροις
2829 1204 2923 1255 καὶ
2946 1205 3036 1256 ἐπὶ
3068 1205 3165 1272 τῆς
3199 1205 3428 1274 γενητῆς
3457 1207 3693 1272 φύσεως
3717 1207 3807 1254 λε-

546 1293 823 1351 nequennt
886 1283 1073 1350 eiSque
1133 1288 1430 1362 exaequari.
1471 1286 1644 1354 Atque
1689 1287 1792 1339 hoc
1831 1287 1897 1340 de
1935 1295 2096 1341 creat:

2254 1295 2466 1362 δμενον·
2506 1288 2615 1345 οἷον
2650 1293 2804 1354 ὡςὲν
2836 1295 3237 1363 παραδείγματι
3262 1298 3560 1363 σαφηνείας
3589 1298 3768 1364 χὰριν
3791 1310 3804 1322 ·

543 1390 763 1442 quoque
812 1384 1000 1430 natura
1041 1376 1246 1449 dictum.
1286 1379 1622 1444 comperies,
1685 1379 1847 1433 veluti
1901 1381 2093 1448 perspi-

2258 1397 2270 1435 >
2303 1385 2400 1452 μὲν
2431 1384 2739 1454 ἅνθρωπος
2773 1386 2944 1438 καὶτὸ
2967 1386 3185 1453 ,βροτὸς
3217 1389 3307 1440 καὶ
3335 1387 3392 1439 τὸ
3413 1388 3643 1454 μέροψι,
3670 1387 3808 1438 ἐκα-

544 1463 762 1517 cuitalis
793 1480 956 1522 causa
993 1466 1045 1518 in
1089 1465 1336 1530 exemplo
1376 1466 1511 1541 hoc;
1544 1472 1736 1532 Homo,
1767 1480 1817 1524 et
1850 1473 2086 1523 mortalis

2259 1491 2334 1525 ιον
2365 1475 2541 1527 αὐτῶν
2574 1474 2666 1526 καὶ
2697 1476 2888 1538 κοινῶς
2924 1477 3020 1544 μὲν
3073 1477 3188 1546 ἅμα
3224 1478 3665 1545 λαμϐανομένων
3691 1476 3809 1528 τῶν

543 1560 599 1602 et
628 1549 861 1620 loquens,
895 1553 1158 1606 vocabula
1194 1553 1306 1604 haec
1334 1552 1545 1621 singula
1589 1557 1949 1610 communiter
1981 1570 2093 1625 quo

2255 1564 2334 1615 10'
2380 1565 2582 1617 ἕκαστα
2614 1565 2911 1634 ἀνθρώπων
2940 1566 3176 1632 lere/tau,
3236 1569 3328 1620 καὶ
3365 1567 3506 1630 ἰδίως
3548 1569 3805 1621 ἑκάστου

545 1653 650 1706 que
690 1652 907 1709 accepta
936 1643 1001 1695 de
1031 1643 1363 1710 quibuslibet
1414 1648 1723 1701 hominibus
1757 1634 2029 1707 dicuntur.
2060 1663 2088 1701 e

2256 1655 2500 1723 >ουμένου
2523 1673 2535 1686 ο
2565 1657 2656 1708 καὶ
2681 1658 2788 1725 γὰρ
2839 1658 3038 1727 Πέτρος
3066 1661 3157 1710 καὶ
3185 1658 3393 1719 Παῦλος
3435 1650 3528 1710 καὶ
3561 1661 3618 1710 οἰ
3651 1660 3806 1710 κατὰ

547 1728 995 1796 privatim‘etiam
1027 1735 1092 1788 de
1145 1753 1493 1807 unoquoque.
1537 1739 1674 1792 Nam
1725 1746 1779 1793 et
1827 1737 2018 1793 Petrus
2060 1751 2097 1791 et

2259 1744 2378 1812 έρος
2409 1744 2702 1812 ἄνθρωποι,
2737 1748 2829 1798 καὶ
2867 1746 2980 1814 ἅμα
3013 1747 3108 1815 μὲν
3140 1747 3302 1817 κοινῷ
3343 1749 3484 1815 λόγῳ
3535 1748 3807 1812 λέγονται

547 1819 767 1884 Paulus,
811 1834 864 1890 et
904 1826 1217 1894 singillatim
1266 1830 1531 1893 homines,
1577 1839 1685 1884 tum
1745 1830 1904 1884 simul
1965 1843 2097 1882 eom-

2263 1836 2516 1905 ιορωπος,
2562 1838 2652 1890 καὶ
2686 1838 2828 1900 ἰδίως
2876 1839 3101 1902 ἕκαστος
3134 1840 3372 1907 λέγεται.
3425 1843 3645 1910 Πέτρος
3691 1840 3813 1908 γὰρ

549 1911 700 1991 muni
751 1930 1003 1969 sermone
1032 1919 1285 1972 diruntur
1326 1920 1510 1982 homo,
1556 1931 1666 1974 tum
1699 1921 1944 1997 privatim
1975 1934 2099 1988 quo-

2214 1927 2496 1998 ἄνθρωπος
2519 1928 2735 1996 λέγεται
2768 1929 2860 1983 καὶ
2893 1931 3100 1994 Παῦλος
3126 1932 3220 1984 καὶ
3261 1933 3670 2003 παραπλήσιοι.

546 2021 652 2073 que
717 2011 1094 2078 unusquisque
1147 2012 1365 2066 dicitur.
1423 2012 1557 2065 Nam
1595 2012 1792 2076 Petrus,
1835 2014 1993 2066 homo
2032 2013 2111 2066 di-

546 2099 707 2164 citur,
747 2102 870 2152 item
909 2097 960 2156 et
1009 2101 1230 2166 Paulus,
1273 2115 1326 2158 et
1354 2105 1443 2157 alii
1495 2105 1764 2176 similiter.

617 2189 807 2266 5..Sed
845 2193 1056 2246 etiamsi
1093 2195 1142 2245 in
1193 2205 1377 2248 nostra
1425 2197 1694 2263 theologia
1750 2194 1852 2248 alia
1898 2194 2112 2259 quidem

2287 2188 2347 2242 ε’.
2394 2187 2530 2240 Ἀλλ’
2572 2189 2619 2240 εἰ
2648 2188 2742 2242 καὶ
2773 2189 2863 2241 ἐπὶ
2887 2175 2991 2256 ’τῆς
3020 2188 3140 2242 καθ’
3182 2191 3327 2259 ἡμᾶς
3361 2191 3680 2258 θεολογίας,
3739 2193 3808 2244 τὰ

549 2282 911 2334 communiter
952 2283 1210 2336 dicuntur
1237 2285 1303 2338 de
1338 2285 1507 2339 tribus
1552 2272 1817 2353 personis,
1851 2286 1950 2338 alia
2003 2285 2099 2353 pri-

2263 2279 2318 2330 ὲν
2367 2279 2556 2340 κοινῶς
2587 2280 2801 2346 λέγεται
2835 2282 2925 2333 ἐπὶ
2976 2281 3084 2334 τῶν
3110 2282 3275 2352 τριῶν
3307 2283 3694 2346 ὑποστάσεων,
3736 2282 3810 2334 τὰ

549 2369 709 2426 vatim
736 2387 749 2429 :
775 2382 826 2424 et
853 2388 971 2440 qure
999 2375 1215 2441 quidem
1251 2378 1629 2440 communiter,
1659 2391 1718 2428 ea
1749 2378 2099 2429 communiter

2258 2375 2272 2422 ὲ
2305 2372 2444 2444 ἰδίως
2469 2387 2482 2398 ·
2517 2373 2608 2424 καὶ
2642 2371 2708 2422 τὰ
2744 2373 2839 2439 μὲν
2876 2371 3090 2434 κοινῶς,
3127 2375 3222 2426 καὶ
3270 2374 3460 2436 κοινῶς
3490 2374 3613 2442 ἅμα
3667 2391 3808 2427 κατ-

545 2462 706 2513 ctiam
759 2464 1143 2529 prredicanlur,
1179 2475 1232 2519 et
1281 2468 1530 2542 privatim
1586 2483 1678 2532 per
1726 2477 1926 2534 partes.
1980 2467 2095 2520 Nan

2258 2464 2513 2529 γορεῖται,
2544 2464 2635 2514 καὶ
2669 2463 2812 2525 ἰδίως
2836 2464 2939 2516 ἀνὰ
2975 2465 3170 2533 μέροςο
3205 2465 3282 2516 ὅτ’
3312 2464 3376 2516 ἂν
3411 2466 3508 2533 μὲν
3538 2465 3659 2535 γὰρ
3689 2483 3808 2518 κοι-

545 2567 669 2604 (υιη
737 2556 1100 2608 communiter
1153 2571 1218 2610 ac
1270 2557 1431 2611 simul
1475 2558 1540 2610 de
1597 2557 1754 2611 Patre
1787 2568 1840 2611 et
1889 2557 2025 2611 Filio
2065 2574 2093 2611 e

2259 2554 2321 2616 ῶς
2347 2555 2461 2623 ἅμα
2487 2556 2577 2606 ὲπὶ
2611 2553 2702 2606 τοῦ
2729 2556 2940 2623 Πατρὸς
2965 2556 3057 2607 καὶ
3086 2557 3212 2607 Υἰοῦ
3237 2557 3327 2609 καὶ
3359 2559 3513 2622 ἁγίου
3544 2557 3809 2626 Πνεῦμα-

544 2652 733 2697 sancto
776 2643 1002 2712 Spiritu,
1054 2663 1248 2701 nomen
1299 2656 1425 2716 puta
1469 2648 1564 2700 Dei
1611 2649 1831 2709 dicitur.
1868 2658 1960 2700 aut
2008 2647 2094 2700 Dor

2256 2661 2326 2705 ος,
2359 2641 2469 2696 οἷόν
2488 2661 2645 2713 ,φημι
2669 2645 2728 2696 τὸ
2759 2646 2902 2708 Θεὸς
2929 2644 3153 2714 ὄνομαῆ
3187 2647 3246 2698 τὸ
3275 2649 3485 2712 Κύριος
3533 2647 3806 2716 λέγηται,

546 2736 746 2797 minus,
782 2747 926 2804 patet
959 2754 1125 2791 unum
1165 2740 1330 2792 Deum
1361 2741 1413 2792 in
1452 2740 1626 2795 tribus
1671 2741 1796 2802 dici,
1830 2741 1880 2793 in
1921 2741 2096 2808 quihu:

2261 2737 2373 2803 ἧλον
2401 2735 2586 2798 ὅτιτεῖς
2621 2738 2716 2805 μὲν
2742 2726 2873 2798 Θεὸς
2907 2737 2974 2788 τὰ
3004 2738 3127 2806 τρία
3166 2738 3398 2803 λέγεται,
3445 2741 3501 2790 ὲν
3525 2733 3611 2800 οἷς
3646 2741 3811 2791 ἐστιν

547 2826 804 2882 divinitas
839 2837 940 2891 est,
977 2838 1139 2897 atque
1201 2845 1229 2884 a
1274 2830 1432 2884 nobis
1484 2843 1630 2886 recte
1683 2833 1762 2886 sic
1821 2831 2097 2898 theologicr

2287 2827 2494 2896 Θεότης,
2520 2828 2611 2879 καὶ
2646 2829 2776 2895 παρ’
2818 2829 2946 2896 ἡμῖν
2995 2828 3174 2890 καλῶς
3217 2827 3388 2891 οὕτως
3432 2828 3809 2896 Θεολογεῖται.

511 2917 764 2978 ,(ἰίοἱιιιν.
799 2918 933 2972 Cum
984 2921 1164 2974 alitem
1202 2922 1268 2975 de
1313 2921 1474 2976 Patre
1519 2923 1717 2976 dicitur
1769 2908 2017 2992 privatim

2261 2918 2429 2984 Dr'_&v
2452 2919 2505 2970 δὲ
2533 2918 2606 2978 ὡς
2637 2918 2728 2969 ἐπὶ
2759 2918 2851 2970 τοῦ
2881 2919 3086 2986 Πατρὸς
3107 2919 3328 2988 λέγηται
3373 2920 3515 2981 ἰδίως
3534 2921 3638 2972 καὶ
3695 2921 3811 2973 ἀνὰ

547 3008 942 3076 particulariter
975 3010 1066 3063 Dei
1104 3027 1296 3065 nomen
1337 3021 1430 3065 aut
1467 3012 1738 3075 Dominus,
1767 3014 1846 3066 vel
1891 3014 1955 3065 de
1981 3013 2097 3066 Filit

2265 3009 2382 3077 έρος
2407 3008 2466 3060 τὸ
2510 3009 2650 3074 Θεὸς
2687 3009 2875 3077 ὄνομα,
2908 3011 2939 3078 ἦ
2983 3011 3042 3062 τὸ
3088 3012 3320 3077 Κύριος,
3375 3012 3406 3081 ἧ
3462 3013 3553 3064 ἐπὶ
3581 3012 3737 3066 Υἰοῦ
3773 3013 3809 3083 ἢ

547 3110 639 3152 aut
676 3099 878 3168 Spiritu
905 3141 918 3162 .
948 3094 1083 3154 tunc'
1107 3101 1265 3154 Pater
1309 3101 1449 3156 Deus
1482 3105 1677 3155 dicitur
1711 3120 1813 3156 non
1865 3104 2097 3171 privatiu

2260 3100 2550 3169 νεύματος,
2579 3102 2695 3153 τότε
2724 3101 2820 3170 μὲν
2862 3100 2990 3162 Θεὸς
3016 3101 3228 3167 λέγεται
3256 3105 3284 3155 ὀ
3335 3104 3546 3172 Πατὴρ,
3575 3105 3644 3156 οὐ
3692 3105 3810 3174 μὴν

545 3198 599 3241 et
648 3191 1065 3258 particulariter,
1115 3199 1170 3246 et
1201 3193 1354 3261 quasi
1411 3194 1479 3246 sit
1526 3194 1915 3257 heu-rogetn-us
1974 3211 2095 3247 unus

2263 3193 2363 3254 ςέως
2384 3192 2474 3244 καὶ
2503 3187 2603 3244 ἀνὰ
2640 3193 2801 3258 μέρος
2842 3192 2933 3246 καὶ
2974 3193 3277 3266 ἑτεροφυῶς
3323 3187 3400 3252 εἷς
3444 3193 3574 3254 Θεὸς
3610 3196 3813 3248 ὁΠα-

551 3281 688 3334 Ηειιε
740 3283 939 3342 Pater;
972 3293 1025 3336 et
1068 3298 1258 3337 rursus
1295 3300 1434 3337 unus
1468 3286 1605 3339 alius
1640 3288 1776 3338 nmis
1812 3286 2012 3349 Filius;
2045 3288 2101 3340 εἰς

2259 3286 2351 3352 ἠρ·
2388 3284 2480 3334 καὶ
2513 3283 2671 3334 πάλιν
2697 3276 2774 3344 εἷς
2807 3280 2962 3343 ἄλλος
3008 3282 3136 3344 Θεὸς
3164 3285 3188 3335 ὁ
3216 3283 3375 3345 Υἱός·
3429 3283 3710 3346 ὡσαύτως
3748 3286 3809 3338 δὲ

549 3372 748 3426 militer
777 3382 823 3426 et
865 3372 1095 3442 Spiritus
1127 3385 1387 3437 sanctus;
1422 3391 1588 3444 apage
1627 3377 1937 3445 hujusmodi
1976 3379 2099 3431 hlasl

2261 3375 2308 3426 αἰ
2338 3375 2557 3442 Πνεῦμα
2581 3373 2641 3424 τὸ
2671 3375 2822 3438 ἆγιον
2844 3388 2855 3399 ·
2890 3373 3065 3438 ἄπαγε
3093 3373 3186 3439 τῆς
3209 3371 3458 3439 τοιαύτης
3491 3372 3811 3434 πολυθετας

548 3461 799 3526 phemum
850 3461 1302 3531 polytheismum;
1338 3479 1433 3515 nos
1485 3464 1627 3515 enim
1675 3481 1839 3516 mium
1887 3467 2098 3518 colimus

2262 3467 2276 3529 Ξ
2300 3465 2455 3534 ἡμῶν
2483 3465 2541 3516 τὸ
2563 3464 2907 3532 βλάσφημονί
2939 3462 3122 3532 ἐπειδὴ
3151 3463 3281 3530 ἡμῖν
3306 3460 3444 3532 ἀρχὴ
3475 3463 3573 3531 μία
3603 3463 3677 3514 τὸ
3717 3481 3812 3516 σε-

549 3553 874 3620 principium
909 3564 959 3606 et
1009 3570 1172 3607 unum
1215 3553 1402 3614 Deum,
1431 3565 1482 3606 et
1524 3555 1577 3608 in
1612 3556 1784 3608 tribus
1826 3560 2099 3623 proprieta-

2260 3557 2512 3626 αςόμενον
2535 3572 2546 3584 ·
2581 3556 2672 3606 καὶ
2693 3550 2770 3615 εἷς
2797 3554 2948 3616 Θεὸς,
2977 3554 3078 3606 κᾶν
3105 3557 3224 3615 ταῖς
3261 3554 3514 3622 ἰδιότησιν
3541 3596 3556 3616 ,
3619 3555 3810 3626 ἤγουν

518 3641 696 3705 _tibus
753 3658 846 3697 seu
894 3644 1138 3710 personis
1190 3641 1509 3694 Trinitatem
1581 3646 1870 3699 credimus.
1911 3646 2068 3711 Quan‘

2262 3641 2711 3712 ποστάσεσι,τρία
2745 3640 3092 3708 πιστεύηται·
3126 3639 3247 3692 ὅθεν
3277 3639 3401 3691 Υἱὸν
3441 3639 3574 3691 Θεοῦ
3605 3641 3812 3693 Decle-

547 3735 732 3789 obrem
780 3750 902 3788 cum
953 3735 1020 3787 de
1054 3733 1170 3785 Filii
1247 3732 1336 3786 Dei
1392 3734 1673 3788 divinitate
1709 3737 2014 3805 loquimur,
2045 3738 2095 3790 di

2262 3736 2462 3798 οῦντες,
2500 3737 2682 3804 ἕτερον
2730 3734 2826 3802 μέν
2862 3750 3041 3801 φαμεν
3081 3735 3145 3800 τῇ
3184 3732 3475 3783 ὑποστάσει
3513 3731 3682 3801 παρὰ
3711 3734 3812 3785 τὸν

548 3842 762 3879 versum
785 3826 999 3893 quidem
1044 3838 1272 3892 persona
1305 3824 1539 3878 dicimus
1576 3841 1604 3878 a
1641 3826 1818 3890 Patro,
1850 3829 1990 3880 haud
2035 3839 2098 3881 ta-

2258 3827 2461 3896 [ατέρα.
2491 3826 2548 3877 οὗ
2585 3824 2688 3892 μὴν
2715 3823 2757 3873 δ’
2790 3807 2975 3888 ἕτερον
3009 3823 3074 3890 τῇ
3123 3821 3280 3890 οὐσίᾳ
3311 3821 3402 3872 καὶ
3431 3823 3494 3887 τῇ
3545 3820 3808 3889 Θεὸτητι,

551 3931 670 3969 men
700 3917 970 3969 diversum
1002 3925 1191 3967 natura
1215 3923 1264 3967 et
1293 3915 1591 3979 divinitate,
1642 3917 1732 3969 sed
1765 3930 1928 3969 unum
1961 3933 2101 3971 eum-

2261 3917 2334 3969 λλ’
2363 3917 2457 3968 ἕνα
2488 3916 2579 3967 καὶ
2619 3913 2706 3965 τὸν
2757 3912 2937 3975 αὐτὸν,
2965 3911 3038 3973 ὼς
3081 3913 3138 3962 ὲν
3165 3913 3228 3980 τῇ
3264 3909 3501 3979 προτέρᾳ
3531 3911 3811 3980 ἐπιστολῇ

550 4007 801 4073 ili-mque,
839 4005 968 4056 utin
1005 4003 1181 4070 priore
1228 4004 1454 4070 epistola
1494 4013 1768 4058 ostensum
1822 4007 1938 4060 l'uit.

953 4024 968 4055 ι
1005 4003 1181 4070 priore
1228 4004 1454 4070 epistola
1494 4013 1768 4058 ostensum
1822 4007 1938 4060 l'uit.
2220 4007 2503 4060 δέδεικται.

621 4093 673 4145 6.
711 4089 901 4145 Nostra
930 4092 1091 4161 igitur
1122 4092 1386 4159 theologia
1433 4107 1499 4145 ex
1535 4095 1911 4148 communibus
1940 4097 2116 4150 notio-

2293 4097 2365 4161 ς’.
2399 4094 2671 4162 Μενοῦνγε
2715 4097 2745 4161 ἡ
2780 4092 2900 4147 καθ’
2929 4093 3075 4162 ἡμᾶς
3099 4091 3343 4158 θεολογία
3374 4093 3434 4142 ἐκ
3462 4090 3571 4143 τῶν
3591 4093 3810 4144 κοινῶν

552 4185 731 4247 nibus,
764 4195 816 4238 et
839 4201 901 4238 ex
938 4184 1137 4238 divinis
1167 4184 1444 4252 prophetis
1477 4186 1737 4252 pendens,
1775 4186 2102 4255 indidemth

2257 4190 2436 4243 ννοιῶν
2466 4190 2558 4241 καί⁹
2585 4188 2690 4239 τῶν
2722 4187 2880 4238 Θείων
2910 4185 3200 4253 προφητῶν
3257 4185 3562 4252 ἠρτημένη,
3605 4185 3712 4237 καὶ
3744 4187 3807 4237 τὸ

553 4277 860 4332 ﬁrmitatem
916 4278 1370 4346 stabilitatemque
1421 4278 1632 4339 sortita,
1681 4279 1891 4330 Patrem
1939 4287 1991 4330 et
2033 4277 2103 4329 Fi-

2261 4280 2438 4333 έϐαιον
2462 4282 2554 4330 καὶ
2590 4278 2783 4343 πάγιον
2813 4274 3235 4343 κληρωσαμένη,
3275 4273 3493 4340 Πατέρα
3523 4275 3616 4332 καὶ
3667 4273 3809 4326 Υίὸν

552 4371 682 4439 lium
727 4380 779 4423 et
832 4381 1076 4424 sanetum
1122 4363 1402 4441 Spiritum,
1461 4382 1518 4427 ut
1561 4388 1726 4426 unum
1771 4371 1961 4436 Deum,
2005 4371 2094 4424 Tri

2263 4374 2317 4424 al.
2336 4371 2555 4437 Πνεῦμα
2586 4367 2734 4435 ἅγιον
2773 4368 2862 4418 ἐπὶ
2888 4366 2985 4434 τῆς
3014 4365 3286 4431 Θεολογίας
3317 4364 3392 4425 ὡς
3422 4364 3516 4417 ἕνα
3559 4363 3698 4415 Θεὸν
3733 4367 3808 4418 τὰ

553 4463 773 4516 nitatem
815 4464 1110 4532 theologice
1160 4466 1310 4521 dicit.
1350 4466 1429 4519 Tu
1465 4481 1600 4519 vero.
1645 4481 1749 4518 non
1800 4465 1870 4516 ita
1919 4463 2103 4517 intelli‘

2261 4460 2348 4527 ρία
2385 4458 2658 4523 θεολογεῖ·
2693 4457 2753 4507 σὺ
2802 4455 2857 4506 δὲ
2898 4455 2994 4522 οὐχ
3045 4454 3215 4514 οὕτως
3254 4452 3518 4514 ἐκλαϐὼν,
3568 4453 3710 4517 ἀλλὰ
3739 4455 3806 4506 τὸ

552 4570 703 4620 gens,
737 4558 826 4609 sed
880 4573 1043 4609 unum
1086 4558 1247 4609 Deum
1297 4557 1400 4610 dici
1457 4557 1667 4608 Patrem
1716 4557 2001 4622 separatim
2060 4563 2102 4606 el

2249 4567 2318 4602 να
2350 4549 2477 4600 Θεὸν
2499 4547 2749 4612 λέγεσθαι
2773 4547 2860 4598 τὸν
2889 4547 3101 4614 Πατέρα
3145 4545 3290 4606 ἰδίως
3325 4545 3418 4595 καὶ
3450 4544 3759 4613 ἀναμέρος
3783 4562 3799 4575 ·

553 4646 981 4714 particulariter;
1015 4647 1203 4699 deinde
1237 4646 1428 4697 Filium
1483 4655 1739 4714 tauquam
1777 4645 2103 4695 extrinsecus

2253 4633 2342 4689 ϊτα
2375 4638 2464 4688 τὸν
2490 4637 2612 4688 Υἱδν
2629 4633 2700 4696 ὠς
2720 4635 2915 4699 ἔξωθεν
2936 4633 3028 4685 τοῦ
3058 4633 3174 4694 ἑνὸς
3215 4631 3346 4684 Θεοῦ
3400 4634 3800 4699 παρεισκρινό-

555 4754 722 4791 ιιιιιιιιι
762 4735 949 4800 Deum,
988 4749 1238 4803 reputans
1271 4740 1553 4790 obtrusum
1586 4711 1754 4788 et‘sic
1788 4735 2105 4801 intelligens

2248 4745 2384 4779 ιενον
2414 4725 2762 4793 λογισάμενος
2815 4724 2907 4774 καὶ
2960 4725 3177 4791 νοήσας,
3241 4722 3328 4772 τὸν
3381 4720 3798 4789 παραλογισμὺν

557 4829 974 4897 paialogismum
1009 4830 1348 4880 machinatus
1375 4843 1453 4878 es.
1493 4826 1829 4893 Quapropter
1864 4823 2001 4877 falso
2036 4825 2107 4878 sic

2241 4819 2700 4886 ςυνεσκευώρησας
2722 4835 2733 4846 ’
2766 4817 2843 4868 διὸ
2871 4816 2959 4868 καὶ
2989 4813 3194 4882 ψευδῶς
3231 4806 3332 4864 ὧδε
3364 4814 3614 4879 συνάγεις
3633 4829 3646 4842 ·
3681 4831 3699 4861 ι
3729 4813 3791 4864 Εἰ

559 4919 797 4987 colligis:
839 4937 854 4967 ι
896 4918 949 4970 Si
980 4928 1060 4970 est
1100 4917 1267 4969 Fiiius
1305 4917 1369 4968 in
1397 4917 1520 4976 Deo,
1558 4915 2109 4980 communicansquo-

2242 4909 2368 4961 ἔστιν
2408 4909 2531 4969 Υἱὸς
2560 4910 2648 4958 ἐπὶ
2674 4906 2830 4967 Θεοῦ,
2881 4906 2972 4957 καί
3026 4901 3278 4965 κοινωνός
3307 4901 3482 4954 ὲοτιν·
3518 4901 3646 4955 ἀλλὰ
3682 4903 3792 4970 μὴν

559 5023 661 5074 que
690 5017 804 5060 est:
838 5009 984 5074 atqui
1017 5009 1121 5058 Deo
1159 5007 1568 5058 communicatis
1616 5005 1794 5056 nullus
1847 5015 1924 5055 est
1955 5021 1965 5054 :
1993 5018 2109 5071 ergc

2236 4998 2474 5060 κοινωνὸς
2508 4999 2605 5049 οὐκ
2658 4997 2801 5048 ἐστιν
2830 4997 2920 5047 ἐπὶ
2954 4995 3085 5046 Θεοῦ
3113 5010 3127 5025 ·
3155 4994 3250 5046 οὐκ
3288 4995 3392 5062 ἄρα
3429 4994 3547 5044 οὐδὲ
3582 4993 3730 5055 Υἱός.
3767 5013 3786 5045 ›

560 5117 626 5154 ne
674 5099 842 5152 Filius
883 5099 1120 5166 quidem.
1161 5118 1176 5148 ι
1216 5098 1364 5160 Quod
1419 5098 1542 5148 dum
1580 5096 1677 5156 ais,
1725 5096 1775 5146 in
1811 5096 1975 5146 multa
2037 5095 2110 5145 in-

2242 5092 2390 5143 Γοῦτο
2420 5092 2473 5141 δὲ
2499 5090 2688 5155 λέγων,
2717 5088 2926 5148 πολλοῖς
2957 5089 3174 5146 ἀτόποις
3200 5085 3660 5154 περιπέπτωκας·
3696 5084 3792 5137 καὶ

562 5194 737 5245 curris
788 5192 1041 5241 absurda.
1085 5187 1214 5239 Nam
1255 5191 1426 5255 primo
1461 5189 1597 5238 idem
1650 5185 1782 5236 facis
1838 5199 2112 5250 personam

2241 5183 2434 5247 ’πρῶτον
2473 5183 2565 5246 μὲν
2591 5180 2781 5232 ταυτὸν
2813 5181 2982 5239 ποιεῖς
3016 5177 3307 5228 ὑπόστασιν
3350 5175 3447 5227 καὶ
3479 5175 3639 5244 φύσιν
3697 5176 3791 5228 ἐπὶ

562 5294 721 5349 atque
781 5293 1054 5339 naturam,
1089 5281 1233 5346 quod
1283 5279 1488 5344 jamdiu
1542 5277 1891 5342 explosimus.
1927 5277 2112 5328 [lein-.le

2240 5271 2535 5336 '-)sm3,87tsp
2560 5272 2658 5338 ἤδη
2714 5269 3250 5336 προαπελήλεγκταιο
3308 5266 3500 5319 ἔπειτα
3552 5267 3646 5317 καὶ
3700 5267 3790 5317 τὸν

564 5391 669 5425 non
703 5373 952 5426 comedis
989 5370 1179 5423 Filium
1213 5387 1428 5439 quoque
1476 5385 1596 5420 cum
1635 5367 1787 5418 Patre
1825 5382 1885 5418 ac
1918 5367 2114 5432 Spiritu

2241 5362 2348 5411 l‘ibv
2375 5363 2433 5411 οὺ
2466 5361 2620 5421 δίδως
2653 5360 2789 5427 μετὰ
2823 5359 3029 5426 [ἰατρὸς
3070 5357 3161 5408 καὶ
3187 5355 3500 5424 Πνεύματος
3536 5357 3629 5406 ἕνα
3655 5358 3791 5408 Θεὸν

563 5481 682 5515 rssc
705 5479 869 5516 unum
902 5462 1087 5526 Deum,
1128 5462 1326 5530 alioqui
1357 5461 1492 5529 apud
1520 5476 1616 5512 nos
1643 5467 1783 5510 recta
1822 5472 1943 5509 cum
1978 5457 2113 5509 tlico

2243 5454 2370 5516 ivra,
2432 5452 2522 5502 καὶ
2568 5449 2694 5519 παρ’
2745 5450 2898 5517 ἡμῶν
2957 5448 3137 5509 καλῶς
3191 5442 3637 5513 Θεολογούμενον·
3695 5448 3793 5501 καὶ

570 5561 707 5628 logia
743 5571 1046 5627 assertum;
1081 5559 1220 5632 quod
1251 5559 1374 5613 item
1415 5572 1447 5611 α
1495 5555 1652 5611 nobis
1696 5551 2119 5606 ἀριιιοιιδιτειιυιιι

2245 5541 2374 5593 ςοῦτο
2438 5543 2594 5594 πάλιν
2644 5542 2771 5608 ἡμῖν
2811 5537 3283 5608 προαποδέδεικται
3310 5556 3321 5569 ·
3375 5536 3487 5590 διά.
3516 5553 3598 5590 τοι
3628 5538 3795 5594 τοῦτο
