3926 6308
59 207 64 212 '
133 185 246 269 ἐξῆ

100 295 234 383 ’καὶ
271 327 481 396 ἠλίθιον
527 329 756 398 ἀνέφανε
784 330 845 383 rb
894 329 1044 400 παρά
1091 328 1184 382 σοῦ
1226 330 1704 401 δογματιζόμενον.

1818 333 1910 386 fuit
1949 350 1962 385 :
2003 332 2358 401 quamobrem
2403 330 2549 386 fatua
2584 329 2832 402 apparuit
2863 330 3073 400 prolata
3104 343 3133 383 a
3168 337 3217 382 te
3252 330 3382 396 deg-

130 419 459 488 Εεεωμενδὲ
486 423 578 474 καὶ
607 422 1026 495 ἐπιφερόμενον
1064 420 1177 491 ἔχει
1204 421 1258 475 δὲ
1278 424 1372 476 καὶ
1404 424 1534 477 αὐτὸ
1572 419 1702 477 ὦδε·

137 532 156 562 ι
184 514 284 574 '0;
317 514 538 582 ἐποίησε
561 514 657 583 τὴν
693 512 874 566 πίστιν
907 512 1012 565 τῶν
1046 515 1398 585 Σαρακηνῶν,
1431 517 1544 585 φῶς
1564 533 1576 550 ·
1613 518 1708 570 καὶ

133 604 301 671 ἑτέρα
333 605 514 668 πίστις
559 605 657 657 οὑκ
705 603 841 666 ἐστι,
871 604 936 657 δι’
966 606 1034 674 ἦν
1067 624 1152 670 τις
1197 607 1275 677 τῷ
1327 608 1444 678 Θεῷ
1485 609 1708 663 δύναται

137 696 520 762 προσεγγίσαι,
557 715 574 746 ι
605 693 698 750 καὶ
730 696 829 749 ὅσα
869 697 1008 751 ἄλλα
1054 701 1285 767 γράφεις
1315 701 1708 769 ἀποσεμνύνων

133 783 236 850 τὴν
283 787 489 839 οίκείαν
521 785 723 841 πίστιν.
771 786 928 840 Ἀλλά
960 790 1021 841 rb
1075 789 1175 859 μὲν
1223 789 1363 842 οὕτω
1389 789 1572 860 ψιλαῖς
1621 790 1710 844 τὸν

132 872 295 946 λέγον
323 879 488 946 χωρὶς
514 876 836 945 ἀποδείξεως
852 879 966 950 -τὴν
991 879 1275 950 ἀλλοτρίαν
1310 882 1490 945 πίστιν
1517 879 1709 951 ὕϐρεσι

135 967 378 1037 βάλλειν,
430 968 525 1020 καὶ
579 968 676 1037 τὴν
723 970 930 1023 οῖκείαν
986 969 1236 1038 μεγάλως
1288 971 1705 1040 ἀποσεμνύνειν,

137 1059 342 1129 ῥᾷστον
369 1061 462 1113 καὶ⁵
512 1059 736 1125 εὐπετὲς
762 1061 829 1114 ἂν
863 1060 949 1130 εἴη
976 1061 1150 1131 παντὶ,
1163 1047 1240 1130 τῷ
1287 1061 1623 1131 βουλομένῳι·
1651 1064 1710 1116 τὸ

130 1149 194 1202 δὲ
225 1149 328 1220 τὴν
342 1150 534 1204 ἑαυτοῦ
569 1153 751 1205 πίστιν
785 1152 901 1222 μετ’
933 1151 1259 1216 ἀποδείξεως
1288 1152 1586 1223 εὔχρηστον
1619 1154 1711 1206 καὶ

134 1243 418 1312 ὠφέλιμον
440 1244 533 1295 καὶ
552 1245 612 1297 ἐκ
644 1243 779 1297 Θεοῦ
809 1244 1053 1297 δοθεῖσαν
1086 1243 1490 1308 ἀποδεικνύναι,
1523 1245 1713 1314 ἀνδρὸς

133 1334 206 1388 ἂν
236 1336 322 1405 εῐη
356 1335 611 1398 εὐσεϐοῦς
650 1337 742 1388 καὶ
770 1335 894 1390 νοῦν
920 1334 1152 1405 ἕχον-τος.
1202 1335 1421 1389 Οὐκοῦνι
1448 1336 1540 1388 καὶ
1571 1337 1713 1403 ὑμᾶς

132 1426 249 1480 ἔδει
275 1428 430 1482 τοῦτο
455 1432 625 1482 ποιεῖν
650 1444 663 1458 ·
699 1421 802 1481 καί
826 1429 899 1497 μὴ
921 1427 1106 1488 ἁπλῶς
1131 1427 1591 1496 -βρενθυνομένους
1618 1427 1714 1496 τὴν

134 1521 414 1590 ὑμετέραν
445 1521 625 1574 πίστιν
659 1521 734 1582 ὼς
765 1520 879 1589 φῶς
918 1519 1069 1590 παρά
1098 1519 1234 1573 Θεοῦ
1274 1521 1591 1589 ποιηθεῖσαν
1621 1519 1713 1572 καὶ

131 1611 384 1664 δοθεῖσαν
418 1611 810 1678 ἀποφαίνεσθαι
833 1627 846 1641 ·
874 1611 992 1663 ὅθεν
1024 1611 1184 1680 ἡμεῖς
1223 1610 1422 1678 μᾶλλον
1452 1609 1552 1678 τῆς
1581 1611 1716 1680 ὑμεο

1308 211 1740 278 REFUTATIO
1773 210 2248 274 MOHAMEDIS.

3262 213 3369 274 830

1811 424 1969 476 matis
2016 423 2187 476 instar
2235 422 2521 476 sententia.
2554 420 2670 475 Jam
2726 437 2854 476 vero
2904 421 3186 474 videamus
3235 421 3380 488 quod

1811 515 1964 568 addis
1994 531 2006 568 :
2036 528 2268 581 namque
2297 513 2368 566 ita
2401 528 2458 567 se
2488 513 2649 567 habet
2677 531 2690 566 :
2732 531 2749 564 ι
2787 511 3047 594 ρυίίεείι
3084 510 3384 565 Saraceno-

1812 621 1930 658 rum
1958 591 2139 658 ﬁdem
2185 605 2324 658 lucis
2365 605 2554 662 instar.
2590 602 2776 675 Neque
2815 591 2921 659 alia
2959 605 3088 658 ﬁdes
3134 613 3239 662 est.
3273 617 3382 670 qua

1812 695 1921 750 Deo
1972 696 2240 764 quispiam
2295 696 2660 764 propinquare
2722 696 2915 765 possit.
2954 713 2970 744 ι
3008 694 3071 747 Ει
3121 693 3381 763 quidquid

1811 785 1955 838 aliud
2000 784 2218 844 scribis,
2255 783 2409 834 tidem
2454 793 2602 836 tuam
2630 784 2900 836 exaltans.
2934 784 3001 834 At
3031 780 3172 833 enim
3225 779 3383 832 nudis

1811 877 1884 930 ita
1917 876 2120 936 verbis,
2156 875 2362 942 absque
2393 875 2499 927 ulla
2531 874 3012 932 demenstratione,
3049 872 3234 924 alienze
3262 871 3291 921 ﬁ
3316 869 3378 919 lci

1813 968 2150 1028 maledicere,
2189 976 2242 1019 et
2293 967 2565 1034 propriam
2615 963 2981 1033 magniﬁcare,
3016 962 3172 1015 facile
3204 969 3285 1014 est
3333 967 3386 1012 ct

1809 1058 2116 1126 expeditum
2163 1057 2362 1109 volenti
2411 1059 2628 1123 coique.
2670 1055 3051 1110 Verumtamen
3103 1053 3381 1122 propriam

1812 1147 1970 1200 tidem
2012 1147 2059 1198 vi
2101 1155 2545 1215 argumentorum
2577 1145 2774 1198 bonam
2815 1143 3108 1212 utilemque
3160 1151 3320 1210 atque
3351 1156 3382 1193 ιι

1814 1236 1922 1290 Deo
1953 1237 2131 1290 datam
2179 1219 2487 1299 ostendere,
2526 1237 2574 1288 id
2608 1236 2820 1288 demum
2876 1236 2974 1287 viri
3037 1234 3274 1300 religiosi
3331 1241 3384 1284 et

1813 1325 2019 1379 cordati
2052 1327 2321 1393 negotium
2354 1321 2457 1380 est.
2497 1327 2679 1393 Itaque
2716 1333 2767 1379 et
2804 1339 2898 1378 vos
2930 1325 3000 1376 ita
3033 1337 3190 1392 agere
3219 1336 3384 1390 opor-

1818 1417 1994 1478 tebat;
2026 1432 2197 1484 neque
2230 1432 2374 1470 mera
2397 1418 2660 1486 jactantia
2687 1416 2843 1470 ﬁdem
2870 1425 3101 1470 vestram
3139 1415 3273 1467 lucis
3304 1414 3386 1465 in-

1817 1505 1929 1565 slar
1999 1522 2028 1558 a
2090 1509 2203 1561 Deo
2254 1519 2619 1563 conStructam
2674 1495 2973 1573 datamque
3007 1506 3382 1575 pronuntiare.

1816 1597 2048 1650 Proinde
2099 1613 2197 1651 nos
2248 1599 2429 1666 potius
2469 1608 2662 1652 vestrae
2693 1600 2814 1652 ﬁdei
2850 1613 3088 1651 errorem
3123 1612 3184 1648 ac.
3227 1595 3380 1666 falsi-

134 1702 305 1768 τὲρας
341 1674 575 1764 πίστεως
617 1705 716 1770 τὴν
766 1701 972 1769 πλάνην
1012 1674 1102 1752 καὶ
1130 1701 1189 1752 rb
1220 1674 1436 1770 ψεῦδος,
1471 1674 1564 1753 καὶ
1613 1674 1712 1768 τῆς

1819 1693 2003 1746 tatem,
2074 1695 2376 1753 nostraeque
2438 1689 2714 1740 veritatem
2778 1697 2831 1740 et
2903 1685 3384 1755 pulchritudinem,

135 1788 416 1862 ἡμετὲῥας
442 1798 536 1861 τὴν
567 1792 821 1863 ἀλήθειαν
848 1793 938 1845 καὶ
964 1793 1055 1845 τὸν
1083 1793 1288 1862 κόσμον
1336 1793 1473 1862 μετά
1502 1782 1716 1846 ἀποδεί-

134 1883 278 1947 εεως
308 1882 627 1950 παραθεῖναι
659 1880 1057 1951 πειρασόμεθα.

213 1973 279 2034 ς’.
317 1975 522 2026 Ἀπασι
554 1976 666 2036 τοῖς
697 1973 820 2025 νοῦν
859 1973 1073 2042 ἔχουσιν
1104 1971 1447 2042 ὡμολόγηται
1497 1972 1576 2025 ὃτι
1632 1971 1717 2024 πί-

135 2082 260 2127 στις
297 2065 392 2132 μὲν
421 2063 717 2134 εὔχρηστος
763 2067 856 2117 καὶ
889 2063 1162 2132 ὠφέλιμος
1215 2065 1306 2117 καὶ
1332 2064 1407 2124 ὡς
1441 2064 1555 2130 φῶς
1585 2063 1716 2117 οὖσα

135 2157 480 2221 καθέστηκεν
501 2147 520 2185 ’ὑ
569 2157 661 2209 καὶ
699 2155 838 2218 ,τοὺς
877 2156 1079 2224 ταύτην
1124 2156 1543 2225 ἐπισπωμένους
1597 2154 1716 2225 Θεῷ

133 2247 476 2298 οἰκειοῦσθαι
530 2247 845 2316 παρεγγυᾷ·
879 2240 947 2315 ἦς
969 2247 1037 2297 τά
1077 2244 1449 2314 θεσπιζόμενα
1472 2245 1580 2296 τῶν
1604 2261 1738 2315 χει-η

137 2337 345 2406 ρίστων
380 2337 470 2388 καὶ
501 2334 776 2405 βλαϐερῶν
800 2335 895 2405 τὴν
920 2334 1178 2388 ἀπόθεσιν
1207 2333 1450 2403 exanimi
1478 2334 1540 2386 rb
1563 2335 1717 2401 γένος

134 2426 252 2478 τῶν
280 2426 576 2496 ἀνθρώπων
601 2425 708 2478 ἀπὸ
735 2425 844 2478 τῶν
869 2426 1018 2496 παρά
1040 2425 1199 2492 φύσιν
1227 2425 1319 2476 ἐπὶ
1353 2423 1418 2477 τὰ
1447 2425 1586 2478 κατά
1617 2425 1714 2492 φύ-

139 2533 231 2570 σιν
252 2520 345 2571 καὶ
383 2518 630 2587 ὑπερφυῆ
660 2514 1044 2587 μετατίθησιν·
1078 2511 1145 2587 ἦς
1169 2517 1224 2568 δὲ
1254 2516 1321 2568 τά
1349 2516 1716 2585 θεσπιζόμενα
1743 2581 1747 2589 ν

138 2609 253 2689 ’ζῶν
294 2609 474 2663 καλῶν
497 2610 600 2679 τὴν
623 2611 900 2676 ἀπόθεσιν,
953 2609 1180 2663 καὶτῶν
1215 2610 1434 2682 φαύλων
1485 2611 1583 2679 τὴν
1633 2613 1714 2663 οί-

138 2700 368 2754 κείωσιν
421 2702 834 2769 ἐπαγγέλλεται,
879 2704 969 2753 καὶ
1001 2700 1062 2753 rb
1092 2701 1246 2767 γένος
1285 2701 1392 2752 τῶν
1416 2701 1714 2770 ἀνθρώπων

138 2791 255 2842 ἀπὸ
285 2791 390 2843 τῶν
421 2794 578 2857 κατά¹
604 2793 763 2860 φύσιν
792 2792 823 2862 ἢ
879 2793 969 2845 καὶ
999 2793 1293 2861 ὑπερφυῶν
1336 2793 1428 2844 ἐπὶ
1461 2792 1528 2844 τὰ
1559 2792 1710 2858 παρὰ

141 2881 309 2948 φύσιν
337 2884 610 2953 κατασπᾷ,
640 2882 775 2952 αῦτη
795 2883 1009 2945 πάντως
1029 2882 1361 2953 δύσχρηστός
1381 2900 1438 2934 τε
1469 2883 1563 2934 καὶ
1594 2869 1714 2951 βλά-

1817 1790 1940 1829 cum
1993 1777 2324 1844 argumentis
2374 1791 2643 1845 exponere
2681 1779 3026 1831 conabimur.

1893 1974 1942 2026 7.
1992 1964 2222 2027 ϐοτᾰοιῖ
2242 1988 2430 2027 omnes
2466 1969 2722 2036 fatentur,
2756 1972 2914 2026 ﬁdem
2952 1973 3145 2026 bonam
3185 1983 3238 2027 et
3277 1975 3387 2026 uti-

1818 2069 1942 2131 lem,
1976 2067 2114 2120 lucis
2149 2065 2264 2118 vice
2293 2064 2462 2134 fungi,
2495 2075 2549 2117 ct
2575 2079 2665 2118 eas
2701 2067 2791 2133 qui
2836 2068 2973 2118 hanc
3010 2067 3201 2131 gerunt
3234 2073 3290 2118 ut
3321 2067 3388 2118 ad

1819 2156 1986 2210 Deum
2021 2157 2278 2210 accedant
2317 2156 2521 2207 hortari
2548 2173 2560 2208 :
2597 2156 2754 2222 cujus
2781 2155 2923 2222 tidei,l
2947 2165 3208 2224 praecepta
3241 2171 3271 2209 a
3303 2157 3391 2209 de-

1819 2247 2110 2301 terioribus
2141 2247 2421 2314 noxiisque
2454 2247 2758 2309 retrahunt,
2799 2247 3155 2315 hominesque
3199 2247 3266 2300 ab
3325 2247 3392 2302 iis

1818 2354 1938 2407 qua:
1973 2345 2158 2393 contra
2192 2348 2438 2390 naturam
2468 2349 2617 2399 sunt,
2648 2337 2711 2390 ad
2748 2337 3009 2390 naturalia
3042 2347 3095 2391 et
3123 2354 3390 2414 superna-

1821 2429 2014 2482 turalia
2043 2436 2383 2482 convertunt.
2418 2427 2587 2495 Cujus
2613 2436 2794 2482 autem
2827 2428 2944 2481 ﬁdei
2981 2439 3245 2496 praecepta
3283 2431 3392 2482 vir-

1819 2519 1948 2572 tutis
1989 2518 2189 2587 fugam,
2227 2527 2278 2571 et
2301 2518 2415 2571 vitii
2465 2519 2885 2572 familiaritatem
2927 2519 3177 2583 suadent,
3215 2520 3392 2573 homi-

1818 2624 2026 2676 nesque
2078 2624 2113 2685 Ia
2169 2609 2508 2664 naturalibus
2545 2610 2624 2662 vel
2666 2611 2830 2663 etiam
2889 2612 3394 2679 supernaturalibus

1816 2699 1882 2752 ad
1919 2715 1981 2753 ea
2016 2715 2135 2768 qum
2159 2711 2344 2753 contra
2380 2709 2626 2753 naturam
2661 2712 2789 2754 sunt
2820 2702 3084 2767 trahunt;
3118 2701 3232 2755 haec
3273 2717 3389 2755 om-

1815 2791 1944 2843 nino
1995 2805 2157 2857 prara
2213 2800 2265 2844 et
2309 2792 2471 2844 noxia
2519 2803 2620 2854 est,
2674 2792 3005 2860 minimeque
3055 2808 3151 2861 per
3215 2794 3401 2861 ipsam‘

1816 2880 2182 2949 propinquare
2211 2879 2318 2933 Deo
2366 2882 2637 2949 quispiam
2670 2891 2865 2950 potest.
2898 2881 3032 2947 Quia
3063 2863 3228 2951 igitur
3259 2882 3394 2936 ﬁdes

140 2973 307 3042 ϐερά,
341 2975 436 3026 καὶ
461 2975 658 3044 ἥκιστά
680 2991 765 3036 τις
798 2974 873 3043 τῷ
895 2974 1010 3043 Θεῷ
1036 2973 1502 3042 προσοικειοῦσθαι
1519 2973 1584 3024 δι’
1614 2974 1712 3024 αὑ-

1818 2980 1992 3021 vestra
2025 2970 2280 3022 vitiortnn
2310 2969 2754 3034 familiaritatem,
2779 2981 2831 3025 et
2859 2989 2887 3026 a
2919 2974 3206 3028 virtutibus
3232 2987 3390 3028 aver-

139 3065 248 3133 τῆς
289 3065 530 3118 δύναται.
575 3065 727 3116 Ἐπεὶ
755 3060 848 3117 οὖν
897 3065 992 3116 καὶ
1019 3066 1052 3133 ἡ
1095 3064 1338 3133 ὑμετέρα
1377 3064 1554 3124 πίστις
1601 3063 1709 3114 τῶν

142 3155 371 3224 φαύλων
389 3155 487 3224 τὴν
513 3155 804 3216 οίκείωσιν,
844 3155 937 3206 καὶ
985 3153 1093 3207 τῶν
1124 3153 1305 3206 καλῶν
1325 3154 1423 3224 τὴν
1457 3153 1711 3206 ἀπόθεσιν

144 3245 522 3316 προθεσπίζει,
565 3247 658 3299 καὶ
689 3248 755 3299 ἐκ
781 3246 888 3298 τῶν
916 3247 1228 3315 ὑπερφυῶν,
1258 3245 1288 3315 ἢ
1329 3247 1423 3298 καὶ
1448 3246 1588 3298 κατὰ
1614 3244 1712 3312 φύε

144 3359 260 3404 σιν,
298 3341 392 3395 ἐπὶ
417 3342 484 3395 τά
509 3341 657 3411 παρά
684 3341 844 3409 φύσιν
892 3342 1016 3401 τοὺς
1048 3340 1251 3407 ταύτην
1295 3340 1713 3408 ἐπισπωμένους

143 3429 427 3502 κατασπᾷ,
467 3433 698 3500 φανερὸν
731 3433 810 3484 ὅτι
857 3417 1188 3501 δύσχρηστός
1227 3448 1282 3484 τε
1326 3430 1420 3483 καὶ
1454 3430 1711 3500 βλαϐερὰ,

145 3526 245 3577 καὶ
274 3524 449 3584 οὐδεὶς
473 3523 539 3574 δι’
559 3523 725 3591 αὐτῆς
754 3522 830 3590 τῷ
844 3523 961 3586 Θεῷ
983 3523 1270 3574 οἰκειοῦται
1291 3538 1304 3551 ’
1341 3523 1432 3574 καὶ
1462 3523 1541 3574 ὅτι
1560 3521 1717 3573 τοῦτο

145 3611 368 3677 ἀληθὲς,
395 3609 854 3681 ἐντεῦθεν-ἄθρει·
903 3611 974 3662 Τὸ
1005 3611 1153 3679 παρὰ
1187 3610 1348 3678 φύσιν
1377 3612 1575 3673 πάντες
1599 3611 1717 3665 ῐσα·

146 3717 236 3752 σιν
260 3699 538 3768 είδήμονες
569 3697 856 3766 μετάθεσιν
890 3694 1028 3751 εἶναι
1055 3697 1148 3751 τοῦ
1171 3693 1312 3751 κατά
1351 3698 1509 3766 φύσιν
1539 3699 1628 3748 ἐπὶ
1659 3696 1718 3747 rb

144 3791 421 3859 χείριστον
441 3803 454 3817 ·
484 3787 544 3839 rb
572 3788 627 3842 δέ
653 3788 791 3857 ὑπὲρ
819 3788 999 3856 φύσιν,
1027 3787 1314 3856 μετάθεσιν
1339 3787 1442 3840 ἀπὸ
1459 3780 1720 3841 τοῦ’κατά

147 3880 317 3947 φύσιν
361 3881 452 3931 ἐπὶ
484 3879 545 3932 rb
598 3868 869 3949 κρεῖττόν.
902 3880 966 3933 Et
1014 3874 1108 3932 οὖν
1151 3880 1180 3931 ό
1225 3879 1509 3947 ἄνθρωπος
1558 3879 1720 3946 μέσος

147 3991 269 4035 πως
292 3972 751 4042 δεδημιούργηται
772 3971 869 4040 τῆς
898 3971 1182 4040 αίσθητῆς,
1200 3987 1270 4038 φη
1280 3971 1360 4038 μὶ,
1380 3971 1606 4032 κτίσεως
1628 3971 1722 4031 καὶ

146 4065 368 4133 νοητῆς,
385 4065 477 4116 καὶ
495 4063 582 4115 διὰ
602 4061 766 4116 τοῦτο
787 4064 1054 4131 ἑκατέρας
1072 4063 1169 4132 τῆς
1196 4079 1255 4114 τε
1287 4062 1481 4129 ἀλόγου
1511 4061 1722 4128 φύσεως

146 4158 241 4210 καὶ
271 4153 567 4224 ἀγγελικῆς
615 4156 987 4206 ἐπικοινωνεῖ·
1043 4154 1137 4206 καὶ
1170 4149 1271 4221 τῆς
1301 4154 1401 4222 μὲν
1427 4152 1722 4220 ἀγγελικῆς

149 4247 399 4300 κοινωνεῖ
424 4245 561 4298 κατά
599 4244 659 4296 τι
687 4243 990 4311 λογιστικόν
1035 4261 1095 4296 τε
1129 4243 1224 4296 καὶ
1263 4244 1322 4295 rb
1347 4242 1680 4311 διακριτικόν
1703 4258 1720 4273 ο

1813 3060 2018 3112 sionem
2049 3061 2321 3125 decernit;
2358 3071 2518 3129 atque
2556 3077 2585 3114 a
2621 3063 3122 3130 supernaturalibus
3154 3073 3246 3116 aut
3279 3063 3386 3117 sal-

1815 3164 1920 3209 tem
1969 3156 2329 3220 naturalibus,
2370 3155 2435 3208 ad
2466 3171 2526 3209 ea
2565 3171 2684 3225 quae
2713 3165 2901 3210 contra
2940 3167 3190 3210 naturam
3237 3167 3386 3214 sunt.

1812 3248 2048 3301 asseclas
2109 3263 2237 3306 suos
2266 3249 2448 3309 trahit,
2481 3258 2623 3316 patet
2653 3263 2770 3302 eam
2803 3263 2924 3304 esse
2951 3264 3168 3317 pravam
3197 3258 3251 3303 et
3293 3265 3391 3303 no-

1813 3339 1994 3401 xiam,
2030 3340 2409 3407 neminemque
2455 3356 2547 3407 per
2599 3355 2716 3392 eam
2768 3342 2832 3394 ad
2879 3341 3048 3395 Deum
3102 3343 3382 3396 accedere.

1814 3423 2077 3498 Quodque
2108 3429 2158 3482 id
2202 3444 2385 3483 verum
2429 3431 2518 3492 sit,
2559 3431 2684 3484 hinc
2718 3432 2974 3498 pervide:
3012 3431 3164 3496 Quod
3205 3440 3393 3485 contra

1770 3504 1784 3566 ἓ
1817 3526 2068 3572 naturam
2114 3531 2216 3582 est,
2249 3521 2536 3586 prudentes
2571 3535 2762 3575 omnes
2794 3522 2975 3576 sciunt
3009 3523 3389 3578 transitionem

1817 3621 1938 3660 esse
1977 3622 2006 3659 a
2038 3607 2267 3659 naturali
2314 3607 2377 3659 ad
2416 3607 3138 3677 deterius:supernaturale
3183 3619 3386 3676 autem,

1820 3699 2200 3751 transitionem
2249 3714 2370 3752 esse
2400 3713 2428 3751 a
2462 3700 2691 3753 naturali
2735 3702 2800 3753 ad
2831 3702 3042 3756 melius.
3079 3699 3217 3766 Quia
3248 3694 3393 3772 ergo

1822 3789 1985 3841 homo
2029 3790 2236 3841 medius
2260 3791 2663 3865 quodammodo
2697 3793 2945 3846 comlitus
2972 3792 3078 3865 fuit
3102 3795 3242 3846 inter
3268 3809 3392 3848 sen-

1821 3878 2032 3932 sibilem
2066 3889 2372 3931 creaturam
2405 3893 2458 3932 et
2486 3864 2924 3947 intellectualem,
2953 3864 3152 3937 idcirco
3182 3894 3389 3936 utram-

1821 3984 1924 4037 que
1962 3970 2265 4036 participat,
2302 3970 2669 4024 irt'alionalem
2717 3974 2925 4026 scilicet
2971 3984 3135 4043 atque
3188 3976 3392 4043 angeli-

1823 4076 1938 4113 cam
1978 4070 2244 4114 naturam.
2287 4063 2349 4114 Et
2394 4063 2690 4130 angelicam
2731 4064 2948 4131 quidem
2985 4064 3273 4134 participat
3303 4081 3398 4119 se»

1823 4151 2060 4203 cundum
2093 4151 2432 4204 ratioi-ininm
2475 4163 2528 4205 et
2560 4136 2964 4218 discretionem,
3020 4156 3398 4210 irrationalem.

1825 4256 1952 4293 vero
1981 4243 2274 4293 secundum
2304 4242 2568 4295 irascihile
2592 4252 2644 4300 et
2673 4245 3108 4313 concupiscibile.
3135 4246 3402 4300 Servatur

147 4341 246 4406 τῆς
282 4339 328 4391 δ’
364 4337 432 4391 αὖ
461 4338 674 4405 ἀλόγου,
717 4337 858 4389 κατά
905 4336 966 4388 rb
1000 4335 1230 4404 Θυμικὸν
1261 4336 1354 4388 καὶ
1394 4335 1716 4403 ἐπιθυμητι-

1826 4342 2001 4384 autem
2033 4332 2580 4384 etcontinetur-intra
2618 4341 2824 4388 natura:
2867 4336 3002 4389 lines
3049 4336 3234 4398 homo,
3261 4352 3399 4395 cum,

151 4430 244 4480 κόν
265 4444 279 4457 ·
314 4429 653 4494 πεφύλακται
693 4428 749 4479 δὲ
799 4429 893 4479 καὶ
918 4426 1298 4495 διατετήρηται
1335 4425 1474 4478 κατά
1508 4425 1667 4491 φύσιν
1693 4426 1720 4476 ό

150 4522 456 4587 ἅνθρωπος,
488 4520 562 4570 ὅτ’
607 4520 670 4571 ἂν
705 4520 762 4570 τὸ
809 4518 1114 4586 λογιστικὸν
1146 4517 1238 4570 τοῦ
1271 4517 1506 4586 θυμικοῦ
1535 4533 1593 4568 τε
1631 4517 1723 4568 καὶ

150 4611 546 4678 ἐπιθυμητικοῦ
580 4616 741 4679 ἄρχῃ.
796 4611 916 4660 Ἔτι
952 4627 1012 4676 γε
1075 4611 1178 4678 μὴν
1215 4608 1310 4660 καὶ
1363 4612 1425 4677 τῇ
1457 4607 1718 4676 ἀγγελικῇ

150 4703 314 4770 ςεύσει
344 4703 631 4754 οἰκειοῦται
660 4703 878 4768 μᾶλλον,
915 4703 1008 4752 καὶ
1036 4703 1168 4769 πρὸς
1193 4701 1258 4753 τά
1292 4701 1542 4769 ὑπερφυῆ
1575 4700 1720 4752 ἀνει-

154 4811 259 4854 σιν,
291 4794 453 4862 ἡνίκα
484 4792 544 4844 rb
578 4793 770 4860 ἄλογον
823 4793 984 4860 μέρος
1012 4779 1112 4858 τῆς
1156 4791 1332 4858 ψυχῆς
1357 4790 1720 4852 ὑποπιάζεται

152 4885 244 4936 καὶ
287 4883 650 4936 ὑποολίϐεται.
689 4884 804 4934 ’οτ’
831 4884 894 4935 ἂν
923 4875 966 4933 δ’
983 4882 1082 4934 οὖν
1114 4882 1174 4932 τὸ
1216 4881 1456 4933 ἐναντίον
1485 4883 1540 4930 ἐν
1574 4880 1720 4948 αὑτῷ

154 4972 478 5040 καθορᾶται,
506 4972 686 5024 καὶτὰ
714 4975 812 5040 μὲν
841 4973 984 5040 πάθη
1015 4972 1109 5022 τοῦ
1144 4973 1299 5038 λόγου
1334 4973 1639 5040 ἐπικρατεῖ,
1693 4973 1720 5022 ό

154 5064 389 5130 ῶλόγος
426 5064 705 5132 ὑπηρετεῖ,
741 5065 895 5116 τοῦτο
921 5065 974 5115 δὲ
1011 5064 1303 5132 συμϐαίνει
1335 5063 1722 5122 ἀνενδοιάστως

157 5157 246 5208 ἐπὶ
275 5156 387 5207 τῶν
414 5156 720 5218 ἀκολάστως
751 5157 782 5227 ἢ
817 5159 910 5210 καὶ
963 5157 1194 5224 φονικῶς
1230 5157 1490 5225 βιούντων
1518 5173 1529 5184 ο
1560 5172 1721 5222 φανεο

159 5249 248 5317 ρον
297 5247 375 5300 ὅτ’
402 5247 466 5300 ἂν
493 5246 559 5300 τὰ
610 5248 827 5317 χείρονα
876 5247 1289 5316 διαπράττηται,
1332 5247 1396 5298 ἐκ
1429 5246 1536 5298 τῶν
1583 5244 1719 5298 κατὰ

159 5338 322 5403 φύσιν
354 5337 386 5406 ἢ
424 5339 516 5390 καὶ
539 5337 852 5406 ὑπερφυῶν,
877 5339 966 5390 ἐπὶ
1001 5337 1067 5389 τά
1092 5342 1240 5406 παρὰ
1271 5338 1428 5404 φύσιν
1456 5338 1717 5388 κάτεισιν·

158 5430 276 5481 ὅθεν
307 5430 429 5482 ὅσον
456 5430 520 5482 ἂν
554 5429 750 5497 μᾶλλον
772 5427 832 5479 rb
862 5429 1088 5497 θυμικόν
1121 5445 1178 5478 τε
1208 5429 1302 5480 καὶ
1330 5426 1720 5496 ἐπιθυμητικὸν

163 5520 350 5572 ἇνετόν
407 5522 576 5582 ἐστιν,
623 5509 880 5574 ’τοσοῦτον
920 5521 1012 5578 καὶ
1057 5519 1128 5572 τὰ
1156 5519 1300 5588 πάθη
1327 5520 1574 5586 σκαίρει·
1630 5521 1720 5570 καὶ

166 5614 284 5665 ὅσον
312 5611 380 5667 ἂν
405 5612 610 5683 μᾶλλον
640 5611 856 5683 σκαίρῃ,
886 5612 1134 5666 τοσοῦτον
1159 5611 1249 5664 καὶ
1274 5609 1560 5676 ἐπαύξεται
1588 5626 1598 5640 ι
1629 5611 1719 5664 καὶ

1823 4437 1947 4488 pars
1988 4420 2265 4472 rationalis
2308 4419 2558 4473 irascibili
2596 4429 2645 4472 et
2683 4421 3087 4489 concupiscihili
3140 4421 3390 4476 dominaa

1823 4521 1928 4564 tur.
1979 4510 2103 4563 Item
2135 4510 2196 4562 ad
2245 4512 2538 4575 angelicam
2582 4522 2828 4565 naturain
2866 4514 3036 4580 magis
3068 4514 3295 4576 accedit,
3325 4525 3377 4568 ct

1822 4602 1886 4652 ad
1939 4600 2366 4667 mpm-naturalia
2412 4601 2708 4666 extollitur,
2759 4619 2882 4655 cum
2916 4605 3109 4658 anima:
3151 4620 3276 4672 pars
3313 4605 3386 4655 ir—

1825 4692 2099 4743 rationalis
2135 4691 2417 4742 cohibetur
2450 4700 2502 4744 et
2536 4693 2928 4758 comprimitur.
2956 4694 3183 4759 Quando
3205 4706 3384 4747 autem

1825 4784 2160 4836 contrarium
2219 4782 2268 4832 in
2316 4782 2532 4836 homine
2586 4784 2841 4845 cernitur,
2879 4794 2931 4837 et
2974 4786 3254 4852 passiones
3296 4802 3386 4837 νεικ-

1824 4873 1956 4926 tioni
2012 4873 2330 4946 praevalent,
2380 4873 2622 4941 ratioque
2680 4874 2983 4927 succumbit
3030 4875 3168 4944 (hoc
3206 4886 3386 4929 autem

1823 4963 2019 5017 accidit
2055 4962 2365 5014 horninibus
2398 4964 2673 5016 luxurieso
2703 4964 3037 5032 iintnanique
3066 4967 3184 5019 vitae
3225 4982 3388 5032 gene-

1825 5069 1882 5106 re
1934 5052 2252 5117 utentibus),
2291 5062 2503 5106 constat
2551 5053 2823 5106 hominem
2862 5054 3126 5107 deteriora
3184 5055 3384 5107 facien-

1825 5157 1952 5208 tem,
1986 5161 2011 5195 a
2049 5143 2384 5197 naturalibus
2433 5147 2510 5197 vel
2551 5146 2710 5197 etiam
2753 5148 3281 5214 supernaturalibus,
3317 5149 3381 5197 ad

1823 5253 1883 5290 ea
1917 5253 2034 5305 qua}
2075 5250 2259 5291 contra
2299 5249 2545 5289 naturam
2579 5243 2709 5288 sunt
2759 5239 3011 5304 migram
3041 5237 3381 5300 Quapropter

1824 5345 1930 5396 quo
1964 5330 2132 5395 magis
2158 5330 2426 5382 irascihile
2455 5338 2506 5382 et
2537 5330 2957 5397 concupiscibile
2989 5331 3136 5380 l'reno
3166 5339 3372 5387 carent,

1823 5429 1970 5473 tanto
2007 5419 2176 5486 magis
2227 5418 2501 5486 passiones
2549 5418 2839 5483 exsiliunt;
2870 5428 2920 5470 ct
2949 5434 3052 5478 quo
3093 5418 3262 5484 magis
3298 5418 3376 5468 hae

1821 5514 2095 5573 exsiliunt,
2140 5527 2202 5564 ('0
2250 5512 2367 5579 plus
2407 5520 2702 5578 augentur;
2747 5520 2800 5563 et
2826 5525 2932 5576 quo
2967 5508 3134 5575 magis
3169 5523 3372 5574 augen-

1825 5617 1931 5667 tur,
1973 5613 2121 5656 tauto
2175 5603 2293 5671 plus
2338 5602 2499 5655 homo
2544 5602 2941 5657 irrationalibus
3003 5599 3175 5654 brutis
3222 5615 3374 5653 coni-
