3926 6308
533 321 627 382 83!

1786 315 1832 376 N
1842 313 2077 375 lCETrE
2128 315 2526 375 ΒΥΖΛΝΤΙΝΙ

3687 307 3812 387 εει

537 437 811 499 municat;
857 431 998 502 quod
1027 433 1153 484 dum
1207 429 1354 494 facit,
1395 429 1458 482 ad
1506 428 1794 482 helluinam
1839 429 2102 482 conditio-

2220 431 2324 481 iaov
2352 429 2415 481 ἂν
2441 425 2760 494 ὲπαύξηται,
2787 425 3038 477 τοσοῦτον
3063 426 3090 478 ό
3120 423 3404 494 ἄνθρωπος
3426 427 3539 487 τοῖς
3568 422 3808 488 ἀλόγοις

538 542 660 581 nem
688 526 925 580 festinat.
962 521 1249 591 Propterea
1275 529 1328 574 et
1356 521 1697 589 propheticus
1731 533 1909 573 sermo
1956 519 2110 571 volu-

543 629 739 678 tantem
774 632 831 671 se
855 617 906 668 in
942 613 1285 683 passionibus
1318 613 1614 678 hominem,
1655 612 1916 682 iumentis
1953 611 2110 665 simi-

540 711 641 763 lem
704 723 824 761 esse
873 705 1094 759 definit:
1132 708 1301 757 Homo
1337 721 1452 756 cum
1479 706 1530 756 in
1579 706 1772 756 honore
1805 713 1961 767 esset,
2003 719 2108 756 non

539 799 825 862 intellexit;
857 806 1190 864 comparatus
1231 805 1306 848 est
1345 782 1595 865 iumentis
1629 794 2016 863 insipientibus,
2057 808 2107 852 et

538 891 724 946 similis
764 891 937 958 factus
970 898 1051 942 est
1102 888 1210 941 illis
1236 889 1302 942 "’.

607 1068 660 1122 8.
694 1067 964 1134 Quoniam
1008 1067 1190 1134 itaque
1235 1075 1413 1120 vestra
1458 1065 1588 1119 ﬁdes
1620 1062 1872 1132 proponit
1910 1072 1963 1117 et
1995 1063 2110 1134 lege

538 1161 713 1215 sancit
752 1161 1212 1230 intemperantem
1253 1159 1441 1222 vitam,
1473 1166 1527 1211 et
1575 1152 1890 1226 passionum
1931 1155 2108 1210 incre-

539 1260 782 1306 mentum
813 1252 996 1321 potius
1024 1259 1187 1320 atque
1231 1249 1555 1311 dominium,
1581 1262 1744 1316 quam
1783 1248 2028 1312 rationis,
2057 1257 2110 1302 et

539 1343 606 1396 ad
661 1343 933 1397 deteriora
965 1343 1192 1397 inhiare
1234 1343 1478 1395 homines
1523 1339 1781 1408 impellit;
1813 1341 1914 1394 hoc
1950 1341 2110 1394 nimi-

541 1449 661 1487 rmn
693 1435 935 1502 estquod
970 1434 1229 1497 diximus,
1263 1449 1292 1486 a
1332 1432 1673 1485 naturalibus
1697 1439 1750 1485 et
1781 1440 2109 1500 supernatu-

542 1524 753 1576 ralibus
808 1522 1014 1576 ad-illa
1062 1523 1182 1590 qua
1235 1530 1442 1574 naturae
1497 1521 1853 1574 adversantur
1905 1530 2110 1589 pertra—

529 1614 708 1688 here:
736 1621 819 1666 est
843 1622 1042 1678 autem
1075 1611 1213 1681 apud
1241 1626 1340 1666 nos
1370 1613 1422 1664 in
1453 1609 1725 1673 confesso,
1755 1611 1908 1664 tidem
1940 1611 2105 1674 illam,

516 1702 698 1772 eujus
727 1712 927 1756 statuta
965 1701 1338 1769 hujuscemodi
1389 1713 1536 1766 sunt,
1565 1705 1782 1757 noxiam
1831 1719 1951 1758 esse
1981 1719 2106 1773 pra-

539 1795 1171 1862 vamque,ac-neminem
1198 1809 1292 1862 per
1327 1795 1470 1848 illam
1505 1795 1571 1849 ad
1605 1794 1770 1850 Deum
1812 1796 2105 1850 accedere:

541 1860 670 1952 ergo
724 1883 1099 1948 concluditur,
1143 1883 1301 1936 fidem
1356 1895 1616 1948 vestram,
1646 1900 1679 1939 ο
1713 1884 1990 1948 Saraceni,
2036 1894 2109 1938 te-

541 1975 736 2031 nebras
769 1975 948 2042 potius
978 1973 1265 2028 dicendam
1310 1968 1472 2043 quam
1515 1975 1712 2037 lucem,
1743 1991 1806 2030 ac
1840 1977 2107 2030 neminem

543 2081 638 2134 per
679 2066 848 2132 ipsam
896 2064 962 2120 ad
995 2065 1164 2118 Deum
1212 2065 1489 2120 accedere.
1533 2065 1688 2131 Quod
1721 2067 1777 2133 si
1811 2067 1881 2120 ita
1909 2074 2012 2127 est,
2045 2082 2110 2120 ne

543 2173 572 2210 a
604 2157 712 2211 Deo
742 2157 958 2226 quidem
988 2157 1111 2210 data
1143 2157 1273 2210 fuit:
1307 2167 1471 2225 tuque
1517 2166 1717 2210 temere
1755 2156 1823 2211 de
1858 2149 1959 2211 hac
1988 2156 2108 2213 falsi

545 2248 780 2303 nominis
812 2249 914 2302 ﬁde
947 2249 1046 2313 vel,
1079 2257 1136 2302 ut
1179 2249 1360 2302 verius
1403 2249 1602 2313 dicam,
1633 2249 1969 2312 inﬁdelitate,
1997 2248 2112 2318 glo-

544 2340 706 2395 riaris
747 2350 802 2393 et
851 2341 1129 2394 extolleris
1163 2339 1427 2408 nobisque
1470 2340 1802 2407 obloqueris.
1842 2339 2109 2404 Quoniam

542 2446 674 2485 vero
739 2439 922 2485 nostra
989 2431 1120 2484 ﬁdes
1164 2433 1496 2485 contrarium
1551 2441 1743 2485 vestrae
1775 2432 2108 2499 praescribit;

543 2537 668 2575 nam
729 2532 902 2575 vestra
964 2523 1258 2598 luxuriam,
1295 2531 1479 2576 nostra
1538 2521 1892 2590 pudicitiam;
1933 2533 2112 2578 vestra

543 2611 856 2682 ingluviem.
893 2621 1077 2664 nostra
1112 2611 1565 2681 temperantiam;
1605 2623 1783 2666 veStra
1817 2613 2109 2677 luxuriam,

546 2713 731 2758 nostra
757 2703 1176 2774 ingenuitatem;
1203 2719 1267 2758 en
1298 2704 1722 2759 demonstratum
1747 2703 1846 2758 fuit
1875 2715 2109 2761 vestram

547 2809 668 2848 esse
716 2805 934 2863 pravam
979 2803 1032 2847 et
1072 2795 1313 2857 noxiam,
1346 2811 1522 2864 neque
1569 2794 1679 2850 Deo
1709 2795 2110 2862 conciliantem,

549 2894 831 2955 propterea
863 2887 1007 2954 quod
1060 2887 1236 2940 brutis
1283 2887 1462 2955 potius
1514 2888 1916 2943 communicare
1962 2887 2110 2944 facit.

550 2977 900 3046 Exploratum
928 2988 1010 3031 est
1040 2979 1245 3044 itaque,
1271 2987 1510 3033 nostram
1548 2980 1743 3032 bonam
1776 2994 1894 3034 esse
1926 2990 1979 3034 et
2006 2982 2113 3035 uti-

550 3070 679 3141 lem,
713 3080 767 3123 et
801 3069 905 3122 Dei
935 3085 1033 3124 nos
1075 3069 1371 3124 familiares
1404 3070 1745 3132 eﬁicientem,
1782 3071 1908 3140 quia
1939 3073 2116 3127 homi-

551 3175 650 3214 nes
702 3161 768 3214 ad
829 3161 1144 3230 angelorum
1184 3163 1546 3215 conditionem
1599 3164 1844 3218 extollit:
1887 3164 2119 3234 ideoque

548 3266 840 3320 possumus
893 3250 1226 3305 conﬁdenter
1285 3251 1488 3314 dicere,
1531 3250 1730 3305 nullam
1778 3267 1900 3306 esse
1958 3252 2115 3307 fidem

551 3352 742 3410 praeter
795 3351 1034 3397 nostram
1077 3343 1170 3412 qui
1220 3341 1516 3397 Christiani
1565 3358 1776 3407 sumus,
1825 3344 1982 3413 cujus
2017 3360 2119 3413 ope

487 3495 493 3501 ,
550 3443 727 3502 potest
776 3434 1048 3504 quispiam
1103 3434 1211 3488 Deo
1255 3435 1643 3503 propinquare,
1677 3451 1974 3504 verumque
2022 3436 2121 3491 bo-

553 3540 682 3577 num
711 3526 1053 3594 participare.
1071 3524 1249 3593 Atque
1267 3526 1528 3580 hactenus
1544 3526 1608 3581 de
1626 3533 1802 3580 vestra
1827 3534 2122 3596 nostraque

557 3615 660 3668 fide
693 3616 824 3671 satis
858 3615 1060 3671 dictum
1114 3616 1204 3670 sit.

623 3706 676 3759 9.
717 3695 882 3759 Paulo
948 3716 1127 3760 autem
1192 3719 1532 3774 progressus,
1590 3705 1880 3759 ostendere
1933 3705 2121 3780 niteris

554 3794 826 3849 hominem
859 3810 1200 3863 nequaquam
1227 3795 1292 3848 ad
1324 3795 1412 3847 Dei
1445 3796 1732 3865 imaginem
1771 3810 1834 3849 ac
1871 3795 2124 3850 similitu—

554 3886 734 3939 dinem
785 3885 952 3940 fuisse
985 3894 1260 3949 creatum;
1288 3885 1361 3938 uti
1399 3900 1498 3939 nos
1545 3884 1745 3956 Moysis
1796 3885 2034 3940 historiae
2070 3894 2124 3941 et

554 3974 716 4028 rebus
745 3975 874 4042 ipsis
903 3974 1206 4036 credentes,
1233 3973 1299 4026 ad
1329 3982 1378 4027 te
1409 3974 1749 4042 scripsimus.
1784 3974 1963 4039 Quare
1998 3990 2121 4028 cum

553 4065 798 4131 specioso
830 4073 1087 4133 praetextu
1115 4066 1196 4119 sic
1239 4065 1439 4118 videris
1476 4065 1716 4119 scribere
1751 4081 1762 4116 :
1795 4085 1813 4115 ‹
1856 4063 1996 4119 Deus
2038 4066 2123 4118 in-

551 4156 873 4209 enarrabilis
944 4165 1049 4218 est,
1105 4155 2119 4225 indeﬁnibilis,,incomprehensibilis.

554 4249 777 4316 Semper
809 4249 954 4301 enim
1007 4247 1108 4300 fuit
1145 4247 1307 4310 Deus,
1365 4263 1630 4316 nemoque
1689 4247 1885 4302 similis
1934 4248 1982 4301 ei
2017 4259 2121 4302 est.

553 4337 684 4391 Nam
716 4338 974 4392 celsitudo
999 4338 1118 4406 ejus
1149 4338 1359 4394 inﬁnita
1391 4347 1494 4401 est,
1529 4337 1684 4408 isque
1716 4339 1924 4406 plasma
1958 4354 2119 4393 suum

2211 517 2369 582 ζώοις
2398 519 2770 570 ἐπικοινωνεῖ·
2823 517 2916 568 καὶ
2955 516 3114 568 τοῦτο
3164 515 3331 568 ποιῶν
3372 516 3603 568 σπεύδει
3655 515 3809 567 ἀπο-

2210 610 2568 682 κτηνωθῆναι.
2622 609 2720 662 Διά
2753 625 2835 661 τοι
2865 608 3020 661 τοῦτο
3056 609 3145 661 καὶ
3177 611 3205 661 ό
3254 607 3600 676 προφητικδς
3633 608 3814 672 λόγος

2209 705 2298 756 τὸν
2326 705 2382 754 έν
2431 703 2538 763 τοῖς
2589 700 2785 752 πάθεσι
2834 699 3246 768 κυλινδούμενον
3304 697 3624 768 ἄνθρωπον,
3693 699 3814 763 the".

2209 794 2558 864 ωμοιωμένον
2579 793 2687 855 τοῖς
2704 793 2954 862 κτήνεσιν
2983 785 3081 842 ὦδε
3110 789 3488 857 ἀποφαίνεταί
3526 787 3815 853 ’Δγ-θρω-

2209 905 2321 954 .10;-
2350 886 2419 939 ὲν
2441 884 2576 955 τιμῇ
2603 885 2687 937 ὢν
2716 887 2787 940 οὐ
2810 883 3045 952 συνῆκε
3066 901 3078 914 ·
3118 879 3638 952 παρασυνεὰὶῆθη
3670 880 3814 944 τοῖς

2209 980 2457 1045 κτήνεσι
2483 978 2607 1044 τοῖς
2630 976 2926 1043 ἀνοήτοις,
2979 976 3074 1029 καὶ
3107 974 3369 1044 ὡμοιώθη
3397 973 3636 1038 αὐτοῖς.

2276 1068 2347 1140 η’.
2392 1069 2543 1122 Ἐπεὶ
2568 1067 2660 1121 οῦν
2707 1069 2741 1138 ἡ
2773 1067 3016 1137 ὑμετέρα
3054 1066 3235 1127 πίστις
3263 1063 3678 1133 ἐπαγγέλλεται
3708 1062 3814 1114 καὶ

2209 1159 2703 1230 προσθεσπὶζειτδν
2724 1157 3020 1211 ἀκόλαστον
3054 1155 3187 1224 βίον,
3214 1157 3441 1216 καὶτῶν
3468 1153 3674 1208 παθῶν
3701 1153 3817 1220 τὴν

2207 1255 2433 1324 αὔξησιν
2465 1253 2557 1305 καὶ
2581 1250 2957 1320 ἐπικράτειαν,
2993 1248 3140 1318 ἢπερ
3166 1247 3265 1299 ιτοῦ
3297 1244 3477 1313 λόγου,
3527 1246 3632 1298 καὶ
3660 1244 3812 1313 «ﬁt;

2206 1351 2273 1401 τά
2305 1347 2471 1417 χείρω
2503 1344 2787 1415 κεχηνέναι
2815 1342 2938 1403 τοὺς
2964 1338 3284 1408 ἀνθρώπους
3308 1337 3610 1407 προσωθεῇ
3638 1333 3818 1386 τοῦτο

2207 1439 2263 1492 δέ
2295 1440 2408 1491 ἐστι
2428 1434 2487 1489 τὸ
2514 1437 2577 1488 ὲκ
2606 1433 2713 1488 τῶν
2745 1433 2888 1486 κατὰ
2928 1429 3089 1500 φύσιν
3138 1427 3231 1481 καὶ
3264 1427 3572 1496 ’ὑπερφυῶν
3599 1426 3707 1478 ἐπὶ
3738 1427 3817 1476 τὰ

2208 1530 2357 1600 παρὰ
2387 1527 2550 1597 φύσιν
2583 1525 2708 1588 τοὺς
2736 1521 3053 1593 ἀνθρώπους
3081 1512 3398 1590 κατασπᾷν·
3431 1517 3816 1587 ὡμολόγηται

2208 1623 2262 1676 δὲ
2289 1623 2420 1690 ἡμῖν
2449 1621 2529 1673 ὅτι
2555 1615 2622 1691 ἧς
2650 1619 2715 1672 τά
2746 1613 3114 1684 θεσπιζόμενα
3159 1612 3385 1666 τοιαῦτα
3431 1611 3812 1673 καθίσταται,

2211 1696 2449 1782 βλαϐερά
2465 1711 2579 1761 ὲστι
2615 1709 2708 1760 καὶ
2730 1705 3084 1776 δύσχρηστος,
3109 1705 3204 1756 καὶ
3222 1700 3393 1764 οὐδεὶς
3413 1700 3481 1753 δι’
3515 1697 3709 1768 αὐτῆς
3729 1700 3817 1751 οξ-

2212 1799 2586 1869 κειοῦταιΘεῴ
2604 1817 2617 1831 ’
2657 1798 2946 1866 συνάγεται
2976 1794 3084 1864 ἄρα
3115 1793 3198 1846 ὅτι
3224 1794 3256 1863 ἠ
3285 1793 3524 1862 ὑμετέρα
3545 1791 3673 1844 τῶν
3701 1791 3814 1843 Σα-

2213 1895 2465 1968 ρακηνῶν
2490 1894 2690 1957 πίστις,
2726 1891 2915 1952 σκότος
2948 1888 3147 1958 μᾶλλον
3174 1886 3316 1956 ἢπερ
3338 1885 3472 1955 φῶς,
3493 1885 3591 1937 καὶ
3620 1883 3816 1946 οὐδεὶς

2210 1987 2277 2040 δι’
2309 1986 2478 2053 αὐτῆς
2499 1985 2577 2055 τῷ
2605 1983 2723 2052 Θεῷ
2751 1979 3042 2034 οἰκειοῦται
3062 1995 3075 2010 ⁸
3109 1978 3248 2032 εΓδὲ
3273 1978 3449 2043 τοῦτο,
3486 1976 3618 2030 οὐδὲ
3648 1977 3815 2046 παρὰ

2212 2075 2346 2128 Θεοῦ
2377 2074 2610 2138 δέδοται,
2673 2071 2765 2124 καὶ
2817 2071 2994 2140 μάτην
3045 2069 3137 2122 ἐπὶ
3172 2069 3271 2140 τὴν
3307 2069 3681 2139 ψευδώνυμον
3715 2068 3815 2120 πί-

2213 2185 2348 2232 στιν,
2399 2165 2706 2237 μᾶλλονδὲ,
2762 2164 2809 2215 εί
2854 2161 2962 2232 χρὴ
3016 2160 3249 2231 τάληθὲς
3299 2145 3490 2226 είπεῖν,
3525 2159 3818 2212 ἀπιστίαν

2214 2256 2425 2324 ὲπαυχῇ
2451 2255 2544 2304 καὶ
2567 2250 2772 2322 ὲπαίρῃ
2798 2251 2891 2302 καὶ
2929 2250 3075 2318 ἡμᾶς
3114 2248 3420 2319 προσκαλῇ.
3475 2248 3718 2316 Ἐπειδὴ
3757 2247 3819 2300 δὲ

2214 2347 2306 2400 καὶ
2334 2349 2364 2414 ἡ
2398 2344 2638 2413 ἡμετέρα
2660 2344 2862 2406 πίστις,
2879 2342 2938 2393 τὸ
2963 2341 3202 2394 ἐναντίον
3223 2341 3819 2411 τῆςὺμετέραςὲπαγ-

2215 2437 2481 2506 τέλλεται,
2517 2435 2698 2501 ἐκείνη
2741 2433 2838 2502 μὲν
2863 2433 3177 2494 ἀκολασίαν,
3223 2431 3360 2502 αῦτη
3385 2433 3769 2501 σωφροσύνην
3801 2449 3815 2461 ·

2217 2529 2397 2597 ἐκείνη
2417 2525 2878 2596 γαστριμαργίαν,
2897 2523 3033 2592 αῦτη
3064 2524 3386 2592 ἐγκράτειαν
3415 2540 3426 2552 ·
3454 2524 3650 2590 ἐκείνη
3672 2527 3821 2574 ἀσω-

2213 2621 2353 2684 τέαν,
2368 2618 2503 2686 αὕτη
2528 2615 2961 2686 ἐλευθεριότητα,
2975 2613 3305 2666 δέδεικταιδὲ
3321 2613 3502 2682 ἐκείνη
3522 2613 3820 2682 amato;

2213 2713 2306 2763 καὶ
2326 2709 2562 2778 βλαϐερὰ
2595 2709 2686 2760 καὶ
2716 2706 2777 2758 οὐ
2807 2705 2928 2774 Θεῷ
2972 2705 3269 2767 οἰκειοῦσα,
3305 2704 3393 2757 διὰ
3421 2705 3481 2756 τὸ
3530 2706 3657 2766 τοῖς
3690 2703 3823 2756 ἀλό-

2214 2817 2332 2870 γοις
2362 2800 2561 2869 μᾶλλον
2599 2801 2873 2852 κοινωνεῖν
2909 2797 3422 2867 παρασκευάζουσα,
3454 2795 3710 2865 φανερὸν
3734 2797 3823 2847 ὅτι

2215 2895 2248 2963 ἠ
2275 2892 2516 2964 ἡμετέρα
2547 2889 2845 2963 εὔχρηστος
2863 2889 2956 2943 καὶ
2983 2875 3373 2957 ώᾷέλιμοςὶιαὶ
3407 2887 3525 2956 Θεῷ
3561 2887 3823 2938 οἰκειοῦ-

2219 3004 2306 3051 σα,
2336 2985 2424 3037 διὰ
2451 2985 2512 3036 τὸ
2534 2985 2657 3046 τοὺς
2678 2982 2997 3054 ἀνθρώπους
3029 2980 3230 3051 μᾶλλον
3261 2981 3372 3042 τοῖς
3399 2979 3671 3046 ἀγγέλοις
3702 2980 3822 3030 ἐπι-

2221 3080 2508 3132 συνάπτειν
2536 3092 2548 3105 ·
2582 3075 2661 3128 διδ
2694 3074 2892 3144 μᾶλλον
2945 3076 3075 3143 ἡμῖν
3109 3073 3255 3126 ἔστιν
3287 3072 3572 3142 ἀραρότως
3635 3070 3823 3139 φθέγ-

2223 3170 2414 3238 γεσθαι
2434 3207 2448 3230 ,
2481 3169 2562 3220 ὅτι
2605 3167 2702 3219 οὐκ
2733 3165 2846 3218 ἐστι
2869 3166 3052 3227 πίστις
3082 3164 3230 3234 παρὰ
3260 3166 3358 3232 τὴν
3390 3163 3679 3233 ἡμετέραν
3709 3163 3823 3214 τῶν

2224 3258 2584 3329 Χριστιανῶν,
2609 3258 2675 3311 δι’
2710 3251 2774 3327 ἧς
2797 3255 3020 3309 δύναταί
3051 3273 3134 3317 τις
3159 3253 3278 3324 Θεῷ
3303 3253 3690 3321 οἰκειωθῆναι,
3725 3254 3821 3303 καὶ

2221 3352 2328 3422 τῶν
2359 3349 2538 3401 καλῶν
2583 3351 2640 3401 ἐν
2691 3347 2955 3417 μετουσίᾳ
2995 3345 3272 3412 γενέσθαι.
3341 3347 3450 3397 Καὶ
3486 3342 3675 3397 ταῦτα
3722 3345 3824 3414 μὲν

2223 3442 2350 3510 περί
2385 3445 2443 3492 τέ
2469 3439 2568 3509 τῆς
2604 3440 2874 3510 ὑμετέρας
2909 3439 3001 3490 καὶ
3057 3437 3329 3508 ἡμετέρας
3373 3439 3612 3500 πίστεως
3679 3439 3822 3490 ἁπο-

2225 3533 2479 3604 χρώντως
2502 3525 2600 3586 ὧδε
2627 3530 2885 3606 λελέχθω.

2295 3704 2360 3758 θ’.
2391 3703 2752 3774 Παρακατιὼν
2781 3702 2837 3755 δὲ
2874 3704 3068 3773 μικρὸν
3093 3704 3353 3773 πειρᾶσαι
3392 3701 3562 3768 δεῖξαι
3595 3702 3706 3755 τὸν
3727 3703 3821 3754 ἇν-

2225 3797 2441 3868 θρωπον
2473 3797 2549 3866 μὴ
2574 3797 2693 3848 κατ’
2722 3796 2904 3848 εἰκόνα
2932 3793 3064 3847 Θεοῦ
3095 3797 3187 3846 καὶ
3216 3793 3473 3862 ὁμοίωσιν
3498 3794 3822 3847 διαπεπλᾶ-

2226 3889 2369 3949 σθαι,
2405 3888 2477 3950 ὼς
2507 3890 2665 3957 ἡμεῖς
2697 3889 2763 3956 τῇ
2793 3886 2935 3939 κατὰ
2966 3885 3204 3957 Μωῦσέα
3249 3884 3578 3954 ἱστορία-καὶ
3605 3886 3818 3949 αὐτοῖς

2223 3984 2332 4044 τοῖς
2373 3980 2660 4050 πράγμασι
2692 3977 3001 4047 πειθόμενοι
3033 3977 3168 4045 πρὸς
3205 3977 3263 4028 σὲ
3305 3977 3713 4046 γεγράφαμεν
3743 3979 3822 4031 διὸ

2223 4074 2316 4126 καὶ
2345 4073 2462 4142 μετ’
2495 4071 2718 4138 εὐλόγου
2747 4072 2925 4132 αἰτίας
2976 4069 3152 4129 δοκεῖς
3179 4068 3412 4138 γράφειν
3441 4066 3618 4130 οὕτως
3649 4061 3690 4099 ”
3713 4087 3735 4119 ι
3762 4071 3818 4120 '0

2223 4163 2352 4224 Θεὸς
2383 4160 2768 4230 άνεκδιήγητός
2809 4162 2924 4212 ἐστι
2968 4159 3063 4211 καὶ
3099 4159 3479 4228 άπεριόριστος
3509 4159 3606 4211 καὶ
3677 4163 3815 4213 ἀπε-

2225 4252 2513 4323 ρίληπτοςο
2572 4249 2657 4301 ἀεὶ
2701 4248 2810 4318 γάρ
2841 4244 2909 4319 ἦν
2934 4249 2961 4300 ὁ
2999 4247 3148 4310 Θεὸς,
3183 4249 3272 4300 καὶ
3309 4248 3488 4317 ὅμοιος
3521 4247 3686 4317 αὐτῷ
3714 4251 3819 4300 οὐκ

2222 4341 2289 4416 ἦν
2310 4363 2323 4375 ·
2351 4346 2410 4397 τὸ
2439 4345 2546 4414 γὰρ
2572 4344 2702 4412 ὕψος
2730 4342 2892 4394 αὑτοῦ
2929 4341 3176 4411 ἀόριστόν
3203 4342 3349 4392 ἐστιν
3374 4355 3394 4416 °_
3421 4339 3477 4402 ὃς
3507 4339 3726 4392 ἔπλασε
3761 4344 3819 4392 τὸ

555 4427 682 4482 fecit
717 4428 919 4496 absque
949 4429 1056 4480 ulla
1088 4428 1174 4482 sui
1211 4428 1585 4480 similitudine.
1627 4447 1644 4478 ι
1680 4429 1750 4480 Ex
1783 4444 1892 4496 quo
1920 4429 2113 4481 videris

2222 4412 2460 4505 πλάσμα
2503 4412 2664 4488 αὑτοῦ
2701 4435 2866 4504 χωρὶς
2895 4434 2997 4502 τῆς
3045 4412 3502 4501 ὁμοιότητος’τῆς
3538 4432 3686 4499 πρὸς
3717 4434 3818 4484 αὑ-

556 4520 901 4584 concludere,
934 4521 1207 4572 hominem
1243 4521 1382 4572 haud
1409 4519 1576 4572 fuisse
1602 4532 1842 4573 creatum
1879 4519 1942 4572 ad
1978 4521 2113 4573 ima-

554 4612 731 4679 ginem
778 4626 841 4663 ac
889 4611 1296 4664 similitudinem
1349 4611 1466 4665 Dei.
1524 4610 1656 4663 Nam
1700 4613 1823 4678 quia
1862 4612 1998 4666 Dens
2032 4614 2112 4664 in-

555 4703 1059 4771 comprehensibilis
1089 4713 1170 4756 est
1202 4714 1254 4756 et
1281 4703 1567 4756 invisibilis
1590 4712 1642 4774 et
1689 4703 1906 4764 similia,
1943 4704 2116 4756 nulla-

553 4808 657 4860 que
697 4781 780 4845 res
830 4793 877 4845 ei
931 4777 1311 4866 comparabilis
1369 4803 1490 4854 est,
1547 4800 1690 4861 patet
1729 4810 1794 4846 ne
1843 4793 2113 4846 hominem

555 4885 794 4950 quidem,
838 4885 1091 4952 quoniam
1140 4883 1279 4937 inter
1315 4899 1398 4935 res
1432 4884 1758 4938 exsistentes
1793 4893 1894 4949 est,
1932 4886 1996 4937 ad
2032 4884 2121 4937 Dei

556 4973 840 5042 imaginem
870 4989 933 5028 ac
957 4975 1363 5027 similitudinem
1396 4973 1621 5027 factum.
1655 4972 1775 5028 Haec
1806 4985 1932 5029 sunt
1965 4974 2123 5028 verba

559 5065 791 5118 hominis
821 5065 928 5118 Deo
955 5066 1120 5134 legem
1153 5066 1446 5118 statuentis
1470 5066 1697 5133 ejusque
1723 5066 2117 5126 crcationibus,

559 5156 691 5208 nihil
745 5166 916 5210 tamen
953 5154 1133 5212 verum
1166 5161 1414 5214 dicentis.
1444 5158 1691 5212 Profecto
1727 5161 1769 5213 si
1827 5177 1947 5225 nos,
1991 5161 2118 5213 dum

561 5246 829 5300 hominem
877 5249 943 5302 ad
1007 5249 1098 5303 Dei
1149 5253 1435 5318 imaginem
1482 5266 1542 5303 ac
1587 5252 2000 5305 similitudinem
2039 5252 2120 5304 fa-

559 5344 704 5388 ctum
751 5338 1097 5403 aﬁiriuamus,
1137 5342 1457 5392 substantiae
1499 5342 1908 5395 similitudinem
1971 5343 2119 5394 dicc-

560 5445 760 5493 remus,
800 5448 917 5500 qua:
955 5445 1008 5487 et
1068 5434 1397 5496 indilIercns,
1439 5435 1545 5487 imo
1595 5440 1780 5489 eadem
1843 5454 1964 5491 cum
2015 5437 2120 5490 Deo

557 5529 736 5586 esset,
779 5533 832 5575 et
867 5541 987 5576 mox
1046 5525 1210 5577 Di-mn
1252 5528 1630 5582 confiterentur
1676 5532 2114 5595 inenarrabilcm,

628 5693 671 5725 δ’
700 5694 838 5748 l‘sal.
883 5712 1061 5760 xum,
1105 5700 1185 5753 15.

2220 4531 2309 4581 τόν
2333 4546 2345 4559 ·
2390 4548 2406 4578 ι
2441 4528 2513 4588 ὡς
2542 4525 2787 4579 ἐντεῦθεν
2824 4525 2997 4587 δοκεῖς
3032 4523 3304 4590 συνάγειν,
3341 4524 3425 4575 ὅτι
3452 4525 3478 4574 ὁ
3507 4521 3818 4591 ἄνθρωπος

2221 4621 2280 4671 οὐ
2314 4619 2616 4670 πέπλασται
2653 4617 2770 4667 κατ’
2802 4616 2982 4666 εἰκόνα
3037 4612 3170 4666 Θεοῦ
3203 4614 3298 4665 καὶ
3325 4612 3602 4681 ὁμοίωσιν.
3653 4614 3819 4665 Ἐπεὶ

2225 4707 2329 4776 γὰρ
2363 4712 2388 4759 ὁ
2431 4707 2561 4768 Θεὸς
2588 4705 2952 4774 ἀπερίληπτός
3002 4707 3114 4756 ἐστι
3146 4705 3238 4755 καὶ
3263 4704 3488 4772 ἀόρατος
3524 4703 3619 4754 καὶ
3654 4704 3817 4772 ἀόρι-

2229 4805 2350 4858 στος
2381 4799 2471 4847 καὶ
2492 4798 2557 4847 τὰ
2592 4795 2965 4865 παραπλήσια,
2996 4795 3088 4845 καὶ
3120 4794 3269 4845 οὐδὲν
3295 4794 3400 4844 τῶν
3431 4791 3598 4845 ὄντων
3622 4793 3817 4846 ἔοικεν

2226 4889 2391 4956 αὐτῷ,
2421 4889 2576 4957 δῆλον
2607 4890 2685 4939 ὅτι
2717 4888 2836 4941 οὐδὲ
2863 4887 2890 4937 ὁ
2942 4887 3244 4955 ἄνθρωπος,
3297 4886 3480 4951 ἐπειδὴ
3512 4887 3601 4935 καὶ
3638 4887 3818 4949 αὐτό-ς

2225 5001 2276 5034 τι
2302 4983 2407 5034 τῶν
2439 4982 2603 5033 ὅντων
2645 4982 2820 5032 ἐστίν·
2879 4982 2926 5032 εί
2972 4979 3026 5031 δὲ
3063 4977 3240 5039 τοῦτο,
3293 4979 3412 5030 κατ’
3447 4979 3631 5029 εἰκόνα
3667 4977 3814 5031 Θεοῦ

2229 5075 2320 5127 καὶ
2359 5075 2612 5143 ὁμοίωσιν
2653 5075 2712 5126 οὐ
2768 5073 3074 5140 γεγένηται.
3141 5069 3322 5122 Ταῦτα
3384 5070 3814 5135 νομοθετοῦντός

2229 5168 2370 5216 ἐστιν
2396 5165 2488 5215 ἐπὶ
2518 5163 2649 5215 Θεοῦ
2679 5163 2771 5214 καὶ
2804 5162 2910 5213 τῶν
2941 5158 3103 5211 αὑτοῦ
3140 5159 3474 5226 κτισμάτων,
3510 5159 3569 5210 τὸ
3601 5159 3812 5230 ἀληθὲς

2227 5257 2282 5307 δὲ
2308 5255 2551 5322 οὐδαμῶς
2574 5255 2843 5320 λέγοντος.
2877 5253 2966 5304 Διὸ
3013 5254 3059 5303 εί
3093 5252 3191 5316 μὲν
3220 5251 3309 5302 τὸν
3343 5250 3630 5319 ἄνθρωπον
3683 5251 3811 5299 κατ’

2229 5347 2406 5396 εἰκόνα
2441 5346 2572 5397 Θεοῦ
2604 5346 2692 5396 καὶ
2715 5344 2970 5412 ὁμοίωσιν
2991 5344 3152 5411 ἡμεῖς
3175 5341 3417 5407 λέγοντες
3448 5338 3808 5406 γεγενῆσθαι,

2232 5440 2326 5501 τὴν
2360 5437 2473 5488 me"
2515 5438 2699 5489 οὐσίαν
2729 5435 2984 5504 ὁμοίωσιν
3008 5433 3285 5502 ἐλέγομεν,
3311 5432 3433 5501 ἥτις
3461 5431 3520 5483 τὸ
3557 5431 3807 5500 ἀπαράλ-

2226 5530 2418 5580 λακτον
2450 5529 2538 5580 καὶ
2579 5526 2768 5579 ταυτὸν
2826 5527 2922 5594 τῆς
2951 5524 3139 5587 οὐσίας
3173 5523 3306 5592 πρὸς
3345 5522 3437 5574 τὸν
3468 5520 3604 5574 Θεὸν
3657 5520 3770 5592 εχει
3793 5539 3807 5551 ·
