3926 6308
63 183 203 244 833

1220 179 1649 243 REFUTATIO
1709 180 1868 239 MOI]
1887 176 2190 268 AMEDIS.

3235 170 3335 233 834

58 295 218 349 εἶτα
258 295 354 349 τὸν
387 294 522 348 Θεὸν
553 294 941 365 ὁμολογοῦντες
979 295 1365 364 ἀνεκδιήγητον
1399 295 1492 346 καὶ
1543 295 1677 345 ἀπε-

1787 290 2140 350 indefinitum,
2208 284 2803 352 incomprehensibilem
2868 289 2921 336 et
2986 279 3337 343 immensum,

65 388 378 455 ριόριστον
413 387 506 440 καὶ
534 388 918 454 ἀκατάλὴπτον
957 385 1049 452 καὶ
1075 384 1322 453 ἄπειρον,
1380 384 1472 436 καὶ
1521 384 1670 436 οὐδὲν

59 479 206 530 τῶν
229 477 405 532 ὄντων
431 496 484 531 τι
513 476 772 538 τοιοῦτον,
799 476 937 546 τάχα
970 475 1034 527 ἂν
1067 477 1145 536 εἰς
1171 474 1394 534 ἑαυτοὺς
1418 476 1670 542 περιεπε-

68 586 331 636 τττομεν,
363 571 456 621 καὶ
481 564 624 637 εἶχεν
649 566 865 632 εὔλογον
894 566 955 618 τὸ
1002 566 1150 635 παρά
1179 564 1272 616 σοῦ
1309 564 1665 633 γραφόμενον.

81 658 270 712 Ἐπεὶ
307 660 365 712 δὲ
391 661 452 712 οὐ
492 659 587 726 τὴν
617 659 737 710 κατ’
769 658 956 710 οὐσίαν
989 655 1247 726 ὁμοίωσιν
1293 659 1350 707 ὲν
1384 655 1459 724 τῷ
1493 655 1670 721 λέγειν

71 751 245 818 ἡμᾶς
279 757 374 804 τὸν
412 751 658 803 ἀνθωπον
709 749 829 801 κατ’
865 750 1050 802 εἰκόνα
1089 748 1226 799 Θεοῦ
1277 747 1370 801 καὶ
1415 749 1671 816 ὁμοίωσιν

65 842 432 911 γεγενῆσθαι
494 841 936 909 ἑκλαμὸάνομεν,
997 840 1132 892 ἀλλά
1169 839 1264 908 τὴν
1303 839 1361 891 τὸ
1409 839 1670 905 ἀνάλογον

70 930 334 998 ἔχουσαν
369 931 501 1001 πρὸς
536 929 688 992 Θεὸν,
723 931 754 998 ἢ
786 931 879 982 καὶ
908 930 998 982 ἐπὶ
1026 929 1134 980 τῶν
1167 929 1476 998 κτισμάτων
1507 928 1671 996 εὓρη-

70 1037 213 1099 ται,
263 1006 416 1074 οὑδὶν
440 1023 665 1085 ἀπεικὸς
704 1022 910 1074 ἔνεστιν
945 1024 1088 1091 ἡμᾶς
1118 1022 1369 1090 γράφειν,
1405 1023 1487 1096 ὅτι
1515 1021 1542 1071 6
1576 1021 1669 1071 ἄν-

72 1113 324 1180 θρωπος
347 1114 467 1166 κατ’
491 1113 673 1165 εἰκόνα
695 1113 830 1166 Θεοῦ
855 1113 947 1166 καὶ
963 1112 1218 1182 ὁμοίωσιν
1244 1113 1546 1165 πέπλασται
1569 1111 1669 1181 (5).

75 1204 280 1258 Τοῦτο
302 1206 410 1276 γάρ
440 1205 533 1258 καὶ
563 1205 737 1257 πείθει
763 1205 910 1273 ἡμᾶς
946 1204 1224 1273 ὁμολογεῖν
1261 1205 1292 1271 ἡ
1333 1204 1475 1255 κατὰ
1508 1204 1673 1255 Μωῦ-

75 1293 204 1367 σόα
228 1293 331 1361 τῆς
360 1294 625 1361 γενέσεως
660 1292 754 1346 τοῦ
802 1293 1011 1363 κόσμου
1044 1292 1251 1362 ἱστορία
1272 1308 1286 1323 ·
1319 1293 1398 1344 διὸ
1441 1292 1561 1345 κατ’
1597 1293 1674 1343 εἰ-

75 1383 240 1462 κόνα
273 1385 373 1453 μέν
405 1395 604 1455 φαμεν,
642 1385 785 1438 κο.τά
813 1385 873 1438 τδ
900 1372 1155 1454 ἀρκτικόν
1192 1383 1289 1455 [ita
1325 1381 1466 1454 cod.]
1496 1399 1554 1436 τε
1582 1383 1675 1434 καὶ

77 1473 473 1538 αὐτεξούσιον.
513 1476 632 1528 Ἔτι
664 1493 727 1544 γε
779 1475 884 1545 μὴν
910 1476 967 1528 ἑν
993 1475 1068 1545 τῷ
1095 1477 1365 1544 ἀνθρώπῳ
1393 1474 1506 1526 ἐστι
1554 1474 1677 1536 νοῦς

1773 400 1895 437 cum
1951 382 2094 435 nulla
2158 394 2244 432 res
2303 379 2567 431 exsistens
2613 378 2735 431 talis
2786 376 2876 438 sit,
2914 374 3184 428 nobismet
3237 374 3338 441 ipsi

1772 470 2293 528 contradiceremus,
2323 476 2376 518 et
2414 468 2555 543 quod
2587 475 2639 519 tu
2679 465 2875 520 scribis
2910 464 3183 516 videretur
3213 477 3340 530 pro-

1771 562 1969 616 babile.
2028 559 2184 612 Nunc
2234 558 2358 624 quia
2417 573 2519 609 non
2575 557 2890 610 substantia:
2929 553 3339 608 similitudinem

1772 652 2144 718 intelligimus,
2182 662 2303 702 cum
2357 647 2629 699 hominem
2690 647 2754 698 ad
2811 647 2900 700 Dei
2945 645 3235 714 imaginem
3277 657 3342 694 ac

1772 739 2182 795 similitudinem
2240 736 2439 788 factum
2492 734 2883 798 dicimus,.sed
2940 735 3117 801 potius
3154 733 3343 784 analo-

1773 835 1917 902 giatn
1943 847 2068 897 erga
2099 830 2290 890 Deum,
2319 843 2440 894 qua:
2466 828 2625 878 etiam
2659 827 2711 877 in
2743 826 3005 879 creaturis
3031 825 3339 885 invenitur,

1772 922 1906 975 nihil
1940 921 2200 973 absonum
2240 925 2347 988 est,
2385 930 2482 969 nos
2522 915 2758 968 scribere
2798 915 3067 968 hominem
3105 915 3171 967 ad
3207 913 3342 966 ima-

1773 1016 1948 1083 ginem
2013 1013 2104 1065 Dei
2178 991 2248 1064 iac
2315 1007 2730 1065 similitudinem
2795 1005 2963 1060 fuisse
3027 1005 3340 1058 formatum.

1776 1105 1924 1158 Hanc
1974 1105 2120 1158 enim
2159 1097 2558 1155 ronfessioitem
2608 1098 2764 1151 nobis
2816 1098 3005 1151 suadet
3035 1096 3342 1166 Moysishi-

1775 1196 1940 1249 storia
1973 1196 2038 1248 de
2069 1194 2252 1248 mundi
2290 1190 2494 1262 genesi.
2536 1189 2655 1244 Ideo
2679 1187 2746 1242 ad
2776 1188 3060 1253 imaginem
3089 1176 3342 1250 dicimus,

1775 1285 2074 1339 secundum
2117 1284 2337 1336 liberam
2397 1279 2735 1332 voluntatem
2782 1286 2834 1330 et
2858 1275 3164 1328 arbitrium.
3201 1273 3382 1329 l’rae-.

1778 1387 1922 1429 terea
1970 1377 2021 1428 in
2075 1374 2292 1428 homine
2349 1381 2431 1426 est
2490 1386 2662 1432 mens,
2708 1368 2948 1428 verbum,
2988 1382 3050 1419 ac
3103 1365 3346 1433 spiritus.

1777 1465 1927 1519 Mens
1966 1466 2205 1534 quidem,
2240 1463 2390 1523 verbi
2432 1462 2599 1515 nostri
2638 1460 2903 1538 genitrix:
2937 1457 3157 1511 verbum
3199 1471 3350 1508 men-

82 1563 199 1616 καὶ
253 1564 410 1633 λόγος
443 1566 537 1620 καὶ
566 1567 814 1637 πνεῦμα·
864 1568 958 1620 καὶ
986 1569 1013 1618 6
1071 1565 1168 1636 μὲν
1219 1565 1364 1630 νοῦς,
1400 1566 1676 1635 γεννήτωρ

1787 1559 1846 1612 Lis
1903 1559 2186 1627 genimen:
2222 1569 2274 1610 et
2317 1557 2540 1625 spiritus
2600 1569 2695 1623 per
2759 1553 2984 1607 verbum
3055 1547 3344 1619 profertur.

82 1653 229 1706 tati.
248 1653 344 1708 τοῦ
389 1657 447 1707 ιν
489 1657 620 1726 ἡμῖν
651 1656 844 1724 λόγον’
883 1658 910 1708 6
961 1655 1017 1708 δὲ
1058 1656 1244 1722 λόγος,
1283 1652 1532 1722 γέννημά
1561 1655 1676 1705 ἐστι

83 1745 264 1808 νοός·
294 1746 388 1798 καὶ
437 1747 498 1800 τὸ
542 1747 758 1817 πνεῦμα
785 1748 874 1802 διὰ
902 1746 996 1800 τοῦ
1036 1747 1193 1815 λόγου
1249 1747 1528 1801 ἐκδίδοται.
1571 1746 1681 1800 Καὶ

83 1836 300 1906 ὥσπερ
328 1838 448 1906 δίχα
478 1822 638 1906 λόγου
673 1839 797 1902 νοῦς
827 1839 1020 1905 ἄλογος
1054 1841 1152 1892 οὐκ
1177 1840 1342 1902 ἐστιν,
1365 1838 1506 1891 οὕτω
1536 1840 1627 1891 καὶ
1651 1839 1680 1890 6

85 1928 268 1993 λόγος
295 1929 570 1997 δίχαηνοὸς
596 1931 754 1994 ἄνους
778 1931 876 2000 οὐχ
922 1928 1170 2001 εὓρηται,
1195 1929 1307 1983 ἀλλ’
1332 1929 1447 1999 ἅμα
1480 1947 1681 1982 συνυπ-

88 2021 290 2090 άρχει.
325 2023 415 2072 καὶ
463 2022 524 2074 οῦ
565 2021 882 2091 προτερεύει
921 2022 1146 2093 θάτερος
1180 2023 1407 2090 θατέρου
1430 2039 1442 2053 ·
1481 2021 1680 2090 ὁμοίως

79 2111 157 2185 ,δὲ
190 2112 287 2162 καὶ
310 2114 338 2164 6
367 2112 542 2176 λόγος,
577 2113 704 2165 ἄνευ
737 2112 1046 2182 πνεύματος
1075 2114 1176 2166 οὐκ
1201 2112 1430 2177 ἔνεστιν,
1471 2112 1590 2165 οῦδὲ
1622 2112 1682 2165 τὸ

95 2203 336 2270 πνεῦμα
367 2205 427 2256 τὸ
458 2205 537 2268 εἰς
577 2207 761 2275 φωνὴν
801 2205 1203 2274 ἑκτυπούμενον
1237 2204 1365 2258 ἄνευ
1395 2204 1571 2271 λόγου.

181 2313 240 2369 ι’.
297 2318 451 2370 Ἐπεὶ
498 2313 650 2388 οὖνὴ
703 2318 1022 2389 ὑπερούσιος
1081 2318 1173 2371 καὶ
1223 2318 1472 2380 ἄκτιστος
1501 2316 1677 2380 οὐσία,

92 2409 228 2477 ἥτις
251 2409 400 2460 ἐστὶν
424 2411 451 2461 6
470 2409 620 2472 Θεὸς.
647 2411 703 2462 ἐν
735 2411 910 2480 τρισὶν
940 2411 1266 2463 ὑποστάσεσι
1291 2409 1594 2478 θεωρεῖται,
1623 2408 1681 2461 ἐν

92 2515 163 2554 τε
198 2500 278 2570 τῷ
317 2501 488 2571 Πατρὶ
521 2502 614 2555 καὶ
643 2501 721 2570 τῷ
739 2501 851 2571 Υἱῷ
883 2503 976 2554 καὶ
1006 2502 1081 2571 τῷ
1111 2501 1383 2569 Πνεύματι
1410 2501 1487 2571 τῷ
1519 2501 1677 2569 ἁγίῳ,

96 2590 184 2650 ὡς
209 2591 344 2660 ἡμῖν
367 2590 737 2644 ἀποδέδεικται
758 2593 851 2646 καὶ
876 2591 1050 2654 καλῶς
1085 2592 1419 2656 πιστεύεται,
1439 2584 1684 2658 ἀναλογεῖ

104 2681 214 2750 μὲν
248 2682 278 2732 6
309 2682 429 2734 καθ’
458 2683 605 2752 ἡμᾶς
639 2682 780 2748 νοῦς,
816 2686 1095 2753 γεννήτωρ
1127 2683 1200 2735 ὢν
1228 2683 1319 2735 τοῦ
1351 2685 1406 2734 ὲν
1439 2684 1569 2751 ἡμῖν
1596 2681 1682 2732 λό·

99 2790 234 2838 του,
272 2772 350 2842 τῷ
371 2773 491 2843 Θεῷ
529 2774 620 2826 καὶ
661 2775 833 2843 Πατρὶ
863 2775 939 2843 τῷ
964 2774 1147 2836 ἀῖδίως
1183 2774 1276 2826 καὶ
1311 2773 1554 2842 ἁχρόνως
1594 2770 1683 2824 τὸν

1786 1648 1850 1722 Et.
1880 1647 2332 1716 quemadmodum
2362 1646 2508 1700 nulla
2553 1660 2704 1700 mens
2751 1643 3083 1698 irrationalis
3112 1642 3366 1706 exsistit,‘

1781 1739 1833 1792 id
1881 1748 1984 1800 est,
2038 1739 2241 1806 absque
2287 1740 2488 1802 verbo;
2524 1737 2595 1791 ita
2643 1753 2712 1790 ne
2743 1736 2962 1790 verbum
3013 1734 3227 1802 quidem
3272 1732 3351 1785 ir-

1783 1832 2044 1884 rationale
2079 1831 2268 1893 ullum,
2301 1832 2350 1884 id
2395 1840 2498 1894 est,
2543 1829 2660 1883 sine
2692 1837 2887 1890 tuente,
2922 1827 3224 1882 invenitur:
3253 1825 3348 1879 sed

1782 1937 1888 1974 una
1920 1922 2281 1984 coexsistunt,
2301 1937 2475 1989 neque
2505 1920 2730 1973 alterum
2762 1918 2914 1971 alteri
2945 1901 3234 1970 antecedit.
3255 1913 3347 1968 Sic

1780 2012 1942 2066 etiam
1994 2013 2214 2066 verbum
2257 2018 2376 2065 sine
2430 2012 2624 2079 spiritu
2668 2024 2775 2062 non
2801 2018 2922 2073 est,
2953 2024 3129 2075 neque
3189 2007 3350 2076 Spiri-

1784 2115 1892 2171 tus,
1919 2106 2013 2173 qui
2047 2119 2178 2157 voce
2213 2103 2554 2172 exprimitur,
2579 2101 2695 2156 sine
2724 2099 2890 2154 verbo
2918 2107 3020 2154 est.

1855 2329 1941 2384 10.
1973 2329 2238 2395 Quoniam
2265 2328 2444 2396 itaque
2475 2325 3016 2397 supersubstantialis
3043 2336 3091 2379 et
3112 2324 3349 2378 increata
3392 2307 3398 2311 ⁷

1783 2423 2109 2481 substantia,
2151 2420 2458 2488 cuiusmodi
2499 2419 2637 2474 Deus
2670 2428 2774 2484 est,
2805 2420 2856 2472 in
2886 2417 3134 2487 personis
3173 2415 3347 2469 tribus

1782 2518 2086 2578 spectatur.
2141 2507 2299 2561 Patre
2351 2508 2621 2570 videlicet,
2657 2506 2830 2570 Filio,
2881 2515 2935 2558 et
2993 2503 3195 2571 Spiritu
3226 2515 3351 2555 san-

1781 2607 1892 2661 cto,
1945 2605 2001 2649 ut
2040 2597 2152 2664 jam
2206 2611 2304 2650 nos
2337 2595 2834 2651 demonstravimus
2885 2601 3140 2658 recteque
3174 2589 3354 2643 credi-

1784 2704 1905 2742 mus
1938 2705 1952 2753 ;
1983 2697 2166 2742 nostra
2197 2686 2416 2756 quidem
2458 2702 2633 2752 utens,
2681 2685 2829 2739 verbi
2873 2683 3018 2752 quod
3057 2683 3196 2735 intra
3253 2693 3355 2734 nos

1783 2779 2172 2849 estgenitrix,
2217 2778 2517 2848 analogiam
2575 2777 2740 2831 habet
2778 2775 2844 2829 ad
2897 2775 3064 2828 Deum
3115 2771 3352 2834 Patrem,

101 2854 315 2914 ἑαυτοῦ
353 2861 474 2913 rm
511 2863 868 2932 γεννήσαντι·
897 2866 925 2916 6
949 2863 1003 2916 δὲ
1038 2863 1190 2932 λόγος
1218 2865 1246 2915 6
1281 2865 1337 2915 ὲν
1374 2865 1520 2933 ἡμῖν,
1563 2864 1681 2930 γέν-

1787 2871 1875 2941 qui
1909 2871 2360 2935 sempiternaliter
2383 2877 2452 2924 et
2476 2867 2905 2938 intemporaliter
2942 2865 3138 2918 Filium
3189 2876 3350 2916 suum

104 2966 173 3020 νη
184 2967 264 3019 μα
301 2951 377 3004 ὢν
421 2953 514 3016 τοῦ
553 2954 610 3006 ὲν
629 2955 762 3022 ἡμῖν
791 2955 930 3020 νοὸς,
959 2954 1210 3020 ἀναλογεῖ
1235 2954 1310 3023 τῷ
1341 2956 1403 3004 ἐκ
1423 2951 1513 3004 τοῦ
1546 2951 1679 3004 Θεοῦ

1787 2962 1982 3031 genuit.
2013 2959 2249 3014 Verbum
2287 2969 2469 3012 autem
2492 2999 2506 3023 ,
2541 2958 2685 3026 quod
2745 2957 2884 3009 intra
2937 2969 3034 3008 nos
3068 2961 3172 3013 est.
3221 2965 3354 3003 ana-

105 3042 399 3112 ἀρεύστως
432 3045 524 3096 καὶ
543 3045 770 3108 ἀπαθῶς
804 3044 1114 3114 γεννηθέντι
1143 3044 1254 3116 Υἱῴ
1277 3045 1373 3097 καὶ
1401 3042 1518 3113 Θεῷ
1549 3044 1682 3114 ἁληο

109 3132 248 3201 θινῷ
269 3132 384 3185 ὄντι
403 3149 416 3162 ⁸
455 3132 513 3186 τὸ
539 3133 595 3186 δὲ
619 3137 676 3186 ὲν
695 3137 828 3205 ἡμῖν
855 3137 1095 3206 Πνεῦμα,
1113 3137 1190 3206 τῷ
1216 3137 1492 3204 Πνεῦματι
1520 3133 1679 3203 ἁγίῳ,

108 3222 191 3291 τῷ
231 3224 297 3274 ὲκ
333 3223 543 3294 Πατρός
576 3224 676 3294 μὲν
701 3207 1139 3295 ἐκπορευομένῳ,
1171 3228 1265 3280 καὶ⁹
1311 3226 1379 3278 δι’
1414 3225 1542 3278 Υἱδν
1571 3226 1682 3287 τοῖς

111 3310 271 3367 οὖσιν
323 3315 632 3385 ἐκχεομένῳ
673 3317 767 3368 καὶ
801 3315 1150 3387 διαδιδομένῳ
1172 3333 1186 3347 ⁸
1235 3319 1329 3370 καὶ
1357 3315 1500 3370 κατά
1529 3313 1686 3366 τοῦτο

117 3403 283 3457 πάλιν
316 3403 528 3471 λέγεται
553 3407 580 3457 6
610 3405 892 3477 ἄνθρωπος
920 3408 1040 3461 κατ’
1070 3408 1253 3460 εἰκόνα
1283 3406 1418 3460 Θεοῦ
1474 3406 1685 3459 πεπλᾶ-

119 3495 279 3548 σθαιε
331 3496 454 3548 καθ’
478 3497 734 3566 ὁμοίωσιν
773 3498 827 3550 δὲ
860 3498 1018 3550 πάλιν
1064 3500 1238 3567 φαμὲν
1283 3498 1375 3550 τὸν
1404 3497 1687 3567 ἄνθρωπον

117 3582 256 3636 Θεοῦ
306 3585 652 3654 γεγενῆσθαι,
691 3585 779 3638 διὰ
833 3588 932 3656 τὴν
970 3585 1077 3638 τῶν
1119 3587 1356 3656 ἀρετῶνε
1386 3586 1684 3649 τελείωσιν,

118 3675 217 3728 καὶ
257 3676 363 3730 τῶν
394 3677 612 3745 ἀγαθῶν
663 3678 760 3749 τὴν
802 3679 1122 3747 μετουσίαν
1157 3678 1343 3748 ἐπειδὴ
1374 3679 1549 3730 πάντα
1585 3677 1686 3728 ὅσα

122 3765 356 3835 πρώτως
386 3768 478 3820 καὶ
495 3765 747 3831 ἀναιτίως
774 3769 806 3838 ἡ
828 3768 1152 3838 δημιουργὸς
1179 3769 1344 3832 αἰτία,
1379 3769 1512 3837 ὅπερ
1541 3766 1688 3818 ἐστὶν

120 3857 149 3907 6
183 3854 340 3918 Θεὸς,
369 3855 542 3908 ταῦτα
571 3855 838 3924 δευτέρως
875 3859 968 3908 καὶ
1000 3855 1274 3924 μεθεκτῶς
1305 3857 1400 3908 καὶ
1431 3855 1689 3916 αἰτιατὼς

121 3946 151 3996 6
187 3945 506 4014 ἄνθρωπος·
558 3942 671 3998 οἷόν
716 3950 831 3999 ἐστι
870 3949 930 3999 τὸ
962 3947 1174 4017 πρῶτον
1199 3948 1293 4000 καὶ
1344 3944 1688 4015 ὑπερούσιον,

125 4033 264 4104 ζωὴ,
299 4033 437 4100 φῶς,
463 4035 646 4102 σοφὸς,
693 4033 937 4099 δυνατὸς,
970 4035 1194 4103 ἀγαθὸς,
1220 4037 1413 4104 πρᾶος,
1447 4035 1652 4097 δίκαιος
1673 4049 1688 4066 ο

125 4123 274 4176 ἔστιν
303 4125 397 4177 καὶ
421 4119 576 4186 οὗτος
607 4126 791 4195 σοφὸς,
836 4129 931 4178 καὶ
959 4126 1108 4197 ζωὴ,
1165 4127 1259 4179 καὶ
1304 4125 1548 4189 δυνατὸς,
1597 4125 1694 4177 καὶ

1778 3051 1974 3120 logiam
2006 3052 2164 3105 habet
2191 3051 2255 3103 ad
2290 3049 2460 3112 illum,
2491 3049 2582 3118 qui
2618 3062 2682 3100 ex
2719 3046 2830 3100 Deo
2862 3045 3023 3099 Patre
3061 3045 3181 3098 sine
3204 3042 3352 3096 ﬂuxu

1779 3150 1832 3198 et
1862 3139 2111 3210 passione
2139 3147 2425 3208 generatus
2459 3136 2559 3190 fuit
2615 3134 2787 3189 Filius
2832 3135 2970 3189 Deus
3017 3148 3195 3188 verus.
3226 3134 3353 3202 Spi-

1781 3231 1920 3284 ritus
1947 3228 2179 3296 denique
2211 3235 2392 3280 noster
2417 3226 2722 3292 analogiam
2773 3225 2932 3277 habet
2983 3224 3048 3277 ad
3081 3235 3352 3279 sanctum

1786 3321 2068 3394 Spiritum,
2101 3319 2251 3388 quia
2299 3317 2458 3373 Patre
2506 3316 2769 3386 procedit,
2803 3324 2856 3369 et
2913 3330 3006 3382 per
3052 3313 3249 3369 Filium
3300 3317 3355 3372 in

1785 3422 2062 3467 creaturas
2087 3410 2377 3464 c‘l‘unditur
2426 3424 2492 3463 ac
2527 3408 2813 3462 diribetur.
2853 3406 3159 3461 Secundum
3205 3408 3354 3473 haec,

1786 3503 2031 3570 inquam,
2078 3500 2240 3551 homo
2293 3498 2491 3551 dicitur
2516 3499 2582 3550 ad
2614 3496 2904 3567 imaginem
2935 3498 3026 3551 Dei
3055 3496 3346 3553 formatus.

1786 3591 1864 3645 Ad
1909 3589 2313 3644 similitudinem
2369 3598 2629 3656 prmterea
2676 3588 2909 3642 dicimus
2941 3586 3030 3640 Dei
3074 3587 3350 3647 hominem

1787 3683 1988 3736 fat-tum
2057 3690 2274 3749 propter
2323 3680 2581 3734 virtutum
2621 3679 2954 3744 exercitium,
2993 3687 3048 3732 et
3095 3679 3373 3734 bonOrum‘

1787 3773 2249 3840 participationem
2278 3788 2291 3823 :
2334 3771 2459 3840 quia
2489 3787 2607 3840 quae
2658 3771 2917 3838 primitus-
2940 3779 2993 3824 et
3025 3785 3132 3822 non
3164 3785 3360 3824 eausa-

1790 3863 1909 3916 liter
1961 3861 2119 3914 habet
2161 3875 2326 3913 causa
2385 3861 2639 3924 creatrix,
2692 3860 2741 3911 id
2793 3869 2896 3929 est,
2949 3858 3110 3922 Deus,
3167 3860 3358 3913 eadem

1793 3937 2030 4011 secundo
2095 3959 2147 4003 et
2201 3950 2463 4020 partiario
2511 3961 2566 4003 et
2616 3949 2902 4005 causaliter
2964 3942 3125 4002 habet
3172 3949 3361 4004 homo.

1791 4042 1992 4112 Nempe
2027 4041 2166 4096 D‘eus
2201 4040 2569 4110 primi'genius
2597 4049 2682 4095 est
2709 4050 2762 4094 et
2793 4041 3361 4109 supersnbstantialis,
3450 4039 3452 4042 ’

1791 4134 1900 4188 vita
1925 4172 1941 4197 ,
1972 4132 2108 4198 lux,
2145 4131 2383 4201 sapiens,
2427 4140 2643 4200 potens,
2697 4130 2898 4197 bonus,
2963 4131 3131 4198 mitis,
3159 4132 3362 4201 justus.

126 4217 352 4283 ἀγαθὸς,
385 4217 480 4270 καὶ
514 4219 709 4288 πρᾶος,
759 4219 851 4271 καὶ
900 4217 1107 4281 δίκαιος
1135 4221 1162 4270 6
1205 4218 1517 4289 ἄνθρωπος’
1554 4219 1681 4272 ἀλλὰ

1793 4226 1886 4279 Est
1954 4239 2084 4277 vero
2125 4231 2180 4276 et
2207 4222 2369 4277 homo
2425 4202 2663 4290 sapiens.
2715 4220 2880 4281 vita.-
2909 4231 3123 4289 potens,
3167 4224 3364 4289 bonus,

129 4306 287 4373 φύσει
327 4307 424 4375 μὲν
449 4309 478 4360 6
505 4307 636 4369 Θεὸς
666 4310 760 4360 καὶ
793 4306 1080 4370 οῦσιωδῶς,
1131 4306 1277 4361 θέσει
1309 4308 1364 4360 δὲ
1393 4310 1486 4360 καὶ
1515 4308 1694 4378 χάριτι

128 4399 222 4462 καὶ
253 4399 596 4461 ἐπονσιωδώς
624 4401 675 4452 ,ὸ
724 4400 1027 4472 ἄνθρωπος.
1062 4401 1122 4452 Εἰ
1168 4400 1222 4452 δὲ
1257 4400 1436 4462 τοῦτο,
1469 4402 1695 4462 εἰκότως

131 4489 254 4542 καθ’
285 4493 542 4557 ὁμοίωσιν
586 4490 678 4546 τοῦ
724 4491 858 4544 Θεοῦ
910 4492 1232 4559 γεγενῆσθαι
1289 4493 1379 4543 τὸν
1412 4489 1696 4560 ἄνθρωπόν

131 4599 195 4650 φ,
212 4600 337 4651 μεν,
357 4581 419 4633 τὸ
439 4582 497 4647 ἐξ
523 4582 873 4647 ἀνακλάσεως
901 4582 997 4654 [ita
1030 4583 1193 4654 cod.],
1230 4582 1452 4652 ἔσχατον
1486 4584 1700 4652 ἁπήχη-

134 4691 209 4742 μα
235 4675 490 4744 φέροντα.
515 4674 620 4727 Καὶ
645 4673 786 4727 οὕτω
817 4674 975 4728 πάλιν
993 4675 1194 4744 ἠλίθιον
1219 4674 1449 4744 ἀνέφανε
1476 4676 1534 4728 τὸ
1553 4691 1624 4726 πα
1635 4673 1701 4742 ρὰ

136 4767 226 4818 σοῦ
252 4766 484 4836 γραφέν.

164 4980 180 4993 .
205 4949 296 4996 ια’.
327 4943 681 4998 Μεταὸαενων
719 4943 776 4997 δὲ
810 4943 894 5013 ἐπ’
921 4943 1049 4998 ἄλλο
1086 4943 1193 4994 τῶν
1228 4943 1356 5010 παρ’
1388 4941 1542 5011 ἡμῶν
1571 4958 1700 5011 γρα-

136 5036 362 5102 φέντων,
405 5038 494 5088 καὶ
519 5035 677 5088 τοῦτο
713 5035 1052 5106 πειρώμενος
1081 5036 1343 5105 ἀναιρεῖν,
1378 5035 1538 5086 πάλιν
1564 5034 1701 5103 γράο

138 5141 282 5194 φεις·
327 5144 346 5176 ι
376 5126 697 5198 Θεωροῦμεν
725 5129 794 5182 τά
826 5127 941 5200 εἴδη
974 5129 1082 5181 τῶν
1125 5127 1328 5196 θηρίων
1369 5128 1449 5179 ὅτι
1488 5129 1517 5179 ό
1542 5130 1694 5195 ἰσχυ-

142 5218 357 5289 ρότξρος
371 5214 736 5273 ἐπανίσταται
787 5221 925 5289 κατὰ
953 5220 1047 5273 τοῦ
1082 5218 1496 5286 ἀσθενεστέρου,
1538 5219 1632 5270 καὶ
1667 5221 1695 5271 6

208 5419 286 5486 (5)
319 5417 398 5473 De
435 5418 655 5473 homine
691 5416 757 5470 ad
783 5416 1070 5483 imaginem
1097 5415 1187 5468 Dei
1221 5415 1449 5486 formato
1494 5413 1704 5486 infinita

146 5484 305 5558 prope
333 5490 591 5543 dixerunt
616 5489 669 5540 in
697 5486 1108 5558 commentariis
1150 5489 1261 5558 suis
1290 5484 1477 5558 [’atres
1522 5484 1703 5558 Eccle—

148 5553 256 5626 ξιτ,
274 5562 328 5614 et
363 5558 582 5627 quidem
619 5556 884 5628 praecipue
919 5556 1242 5609 Anastasius
1292 5553 1522 5608 Sinaita.
1569 5553 1700 5620 Qui-

1796 4312 1959 4371 mitis,
1988 4313 2169 4380 justus
2201 4328 2217 4376 ;
2249 4311 2342 4364 sed
2396 4308 2714 4362 naturaliter
2742 4307 2961 4376 quidem
3003 4321 3066 4362 ac
3112 4308 3369 4362 substan-

1798 4403 1995 4456 tialiter
2022 4394 2144 4455 talis
2179 4411 2261 4455 est
2289 4400 2432 4461 Deus
2459 4416 2474 4465 ;
2502 4398 2796 4466 adoptione
2839 4406 3043 4461 autem,
3075 4407 3126 4451 et
3169 4402 3366 4469 gratia,

1795 4505 1847 4546 et
1883 4507 1990 4545 non
2022 4491 2403 4555 essentialiter,
2444 4490 2620 4545 homo.
2656 4487 2789 4553 Qum
2823 4502 2945 4541 cum
2973 4487 3043 4540 ita
3090 4487 3211 4551 sint,
3251 4505 3367 4542 me-

1799 4584 1906 4637 rito
1936 4599 2037 4637 nos
2093 4583 2325 4636 dicimus
2380 4580 2650 4634 hominem
2689 4581 2754 4632 ad
2819 4578 3223 4632 similitudinem
3275 4578 3404 4643 Dei,

1802 4675 2026 4738 factum,
2059 4674 2137 4745 ita
2185 4685 2241 4726 ut
2272 4683 2512 4727 extrema
2545 4671 2708 4725 veluti
2773 4669 3202 4738 repercussiouis
3225 4665 3369 4724 echo

1769 4767 1894 4841 “sit.
1940 4766 2115 4833 Atque
2146 4765 2219 4818 ita
2251 4764 2430 4818 denuo
2463 4762 2612 4816 futile
2638 4762 3070 4815 demonstratum
3098 4769 3182 4814 est
3231 4761 3372 4816 scri-

1801 4866 1950 4926 ptum
1977 4865 2151 4908 tuum.

1875 4947 1961 4998 ll.
1995 4946 2192 4999 Deinde
2230 4954 2305 5003 tu.
2337 4944 2401 4997 ad
2433 4942 2600 4996 alium
2641 4943 2807 4998 libelli
2840 4943 2945 4997 mei
2978 4943 3152 4996 loeum
3189 4952 3368 4997 trans-

1803 5039 1941 5098 iens,
1989 5051 2220 5105 eumque
2264 5034 2616 5103 pessumdare
2651 5033 2866 5099 nitétts,
2911 5050 3098 5088 rursus
3132 5033 3363 5086 scribis:

1813 5149 1831 5181 ι
1865 5131 2151 5184 Cernimus
2183 5128 2232 5180 in
2265 5127 2500 5198 ferarum
2545 5127 2846 5196 speciebus,
2871 5126 3141 5180 fortiorem
3186 5124 3367 5175 insur—

1805 5235 1931 5291 gere
1986 5229 2173 5275 contra
2219 5217 2570 5272 inﬁrmiorem
2605 5258 2620 5284 ,
2670 5218 2925 5288 majorem
2983 5215 3237 5268 adversus
3265 5212 3368 5264 mi-
3445 5271 3448 5275 η

1821 5418 1922 5472 bus
1985 5431 2128 5470 nunc
2173 5415 2467 5485 praeclarus
2523 5425 2578 5472 et
2632 5423 2922 5485 peracutus
2953 5405 3230 5478 theologus
3265 5422 3364 5460 no-

1815 5499 1922 5546 ster
1937 5490 1943 5497 '
1960 5487 2167 5541 accedit
2206 5483 2442 5540 Nicetas.
