3926 6308
520 466 626 530 8315

1759 466 2049 528 ΝΙΕΕΤΕ
2086 466 2488 528 BYZANTINI
3695 466 3790 528 836

521 596 732 644 norem,
767 580 1030 649 potiorem
1064 579 1326 634 adversus
1359 577 1706 660 deteriorem.
1753 582 1814 634 Et
1861 582 1964 632 illae
2000 580 2093 632 bas

2206 579 2408 647 μείζων
2438 579 2579 632 κατὰ
2628 577 2723 630 τοῦ
2783 575 3097 637 ἐλάσσονος,
3133 575 3225 628 καὶ
3267 577 3294 629 ό
3329 577 3604 646 κρείττων
3657 582 3787 634 κατὰ

522 686 896 740 saepenumero
955 672 1058 725 sibi
1103 673 1364 741 pabulum
1414 673 1619 727 iaciunt
1659 692 1671 726 :
1711 675 1981 727 interdum
2041 683 2094 726 et

484 763 783 826 'lacerant,
856 764 1120 835 zelotypia
1165 765 1398 833 quadam
1436 781 1500 819 ex
1532 767 1767 836 ipsarum
1823 747 2103 819 cubilibus,

510 855 790 923 pellendi,
832 873 851 906 ι
885 866 938 909 et
980 860 1206 925 reliqua.
1261 857 1373 910 Hoc
1419 857 1540 913 loco
1593 861 1840 927 ignorare
1895 856 2095 910 videris

520 947 796 1014 quomodo
839 959 1162 1015 argumenta
1208 950 1438 1018 proferri
1468 959 1734 1019 oporteat,
1781 949 1860 1001 vel
1915 962 2092 1002 secus.

518 1036 652 1090 Nam
685 1041 728 1092 si
763 1041 905 1109 quod
946 1055 1044 1092 nos
1075 1041 1397 1108 'scripsimus
1422 1041 1488 1094 de
1513 1041 1660 1093 omni
1684 1038 1925 1097 animali.
1959 1053 2095 1106 qua-

520 1139 677 1181 tenus
705 1129 1032 1198 homogenea
1060 1140 1186 1184 sunt
1209 1133 1291 1188 vel
1323 1133 1694 1200 helerogenea,
1724 1129 1771 1182 id
1806 1144 1909 1182 una
1930 1130 2092 1182 etiam

520 1221 830 1274 ronversari
862 1231 914 1274 et
965 1225 1286 1292 congregari
1343 1224 1462 1277 illas
1511 1221 1840 1284 allirmaret,
1873 1229 2096 1288 propter

521 1322 765 1365 mutuam
808 1308 1329 1378 mansuetudinem,"
1367 1323 1420 1368 et
1463 1313 1850 1369 conservanda:
1901 1312 2094 1366 salutis

518 1418 702 1455 curam
738 1418 752 1468 ;
794 1414 846 1456 tu
875 1420 1002 1457 vero
1038 1407 1090 1457 in
1137 1406 1415 1459 nonnullis
1447 1404 1774 1461 animalibus
1810 1403 1950 1456 haud
1988 1403 2094 1456 tale

515 1506 641 1546 esse
675 1496 1000 1560 observasti,
1035 1496 1143 1551 imo
1171 1505 1226 1550 et
1274 1496 1632 1559 contrarium,
1670 1509 1862 1563 nempe
1901 1494 2094 1547 adver-

517 1582 629 1634 sari
657 1594 710 1638 et
743 1599 931 1642 mutuo
962 1589 1209 1651 lacerari,
1254 1599 1307 1641 et
1337 1589 1480 1657 quod
1512 1588 1746 1644 debilius
1779 1598 1862 1642 est
1900 1604 1930 1641 ιι
1957 1588 2093 1643 vali-

518 1680 670 1735 diore
733 1684 1003 1750 opprimi,
1057 1691 1107 1734 et
1169 1681 1409 1734 deterius
1456 1697 1482 1732 a
1527 1659 1764 1750 potiore,
1801 1696 1921 1751 qua:
1953 1691 2007 1734 tu
2038 1681 2090 1734 in

515 1775 719 1836 scripto
768 1781 858 1824 tuo
903 1771 1158 1838 posuisti,
1221 1773 1384 1825 veluti
1439 1773 1495 1826 ﬁt
1537 1788 1566 1825 a
1610 1773 1805 1836 leone,
1859 1787 2008 1835 urso,
2041 1783 2094 1826 et

517 1861 788 1914 similibus
835 1879 848 1926 ;
895 1877 1084 1931 posses
1172 1865 1423 1933 equidem
1477 1881 1785 1919 sermonem
1844 1875 2090 1919 nostrum

2201 672 2294 725 τοῦ
2324 672 2591 743 χείρονος,
2623 670 2718 723 καὶ
2764 669 3030 731 πολλάκις
3065 671 3296 721 ποιεῖται
3351 671 3562 742 τροφὴν
3586 673 3785 726 αὑτοῦ·

2201 750 2365 820 ἔστιν’
2401 764 2488 816 ὅτε
2517 761 2610 815 καὶ
2640 759 2949 830 διαφθείρει
2979 761 3161 825 αὑτὸν,
3218 761 3521 828 ἀντιζηλῶν
3549 762 3646 816 τοῦ
3675 763 3788 816 διω-

2201 854 2395 924 χθῆναι
2419 853 2584 907 αὑτὸν
2622 854 2730 906 ἀπὸ
2757 853 2854 919 τῆς
2880 851 3072 919 κοίτης
3102 851 3266 903 αὑτοῦ
3287 890 3300 911 .
3343 869 3359 901 ι
3392 853 3486 904 καὶ
3518 855 3589 904 τα
3645 852 3783 920 ἑῇς.

2215 944 2476 996 Ἐνταῦθα
2509 943 2687 1005 δοκεῖς
2713 940 3047 1011 ἠγνοηκέναι
3073 942 3172 1002 τὰς
3201 941 3535 1006 ἀποδείξεις,
3573 941 3692 1002 πῶς
3716 943 3789 994 δεῖ

2203 1037 2485 1103 προάγειν,
2518 1035 2614 1087 καὶ
2663 1035 2779 1097 πῶς
2799 1035 2868 1085 ὀὑ
2909 1033 3011 1087 δεῖ.
3057 1033 3116 1084 Εί
3148 1032 3244 1102 μὲν
3269 1033 3375 1100 γὰρ
3403 1032 3465 1084 τὸ
3497 1032 3633 1098 παρ’
3664 1033 3784 1100 ἡμῖν

2201 1130 2410 1197 γραφὲν
2443 1129 2570 1198 περὶ
2598 1127 2798 1190 παντὸς
2829 1128 3023 1195 ἀλόγου
3055 1125 3216 1190 ζὼου,
3254 1126 3389 1196 πρός
3415 1142 3472 1177 τε
3501 1125 3563 1176 τὸ
3594 1127 3788 1194 ὁμογε-

2201 1219 2288 1279 νὲς
2329 1219 2360 1287 ἣ
2401 1218 2494 1271 καὶ
2522 1219 2947 1288 ἑτερογενὲςζτὸ
2976 1217 3360 1280 συναλίζεσθαί
3401 1235 3459 1269 τε
3504 1219 3605 1270 καὶ
3635 1217 3784 1268 ἐνοῦ-

2204 1311 2328 1364 σθαι
2363 1311 2696 1378 ὑπισχνεῖτο,
2750 1310 2839 1362 διὰ
2873 1311 2972 1382 τὴν
3020 1289 3158 1378 πρδς
3211 1308 3413 1378 ἄλληλα
3447 1309 3781 1377 ἡμερότητα,

2201 1404 2276 1464 ὼς
2316 1403 2607 1472 φειδόμενα
2634 1405 2730 1473 τῆς
2757 1403 2968 1455 ἑαυτῶν
3003 1401 3276 1471 σωτηρίας
3301 1417 3316 1431 ·
3347 1397 3465 1453 εἶτα
3494 1401 3586 1452 ἐπί
3627 1418 3782 1451 τινων

2202 1495 2355 1559 ζώων
2385 1496 2544 1549 τοῦτο
2575 1495 2750 1564 εὑρὼν
2774 1497 2836 1548 σὺ
2882 1496 2955 1565 μὴ
2985 1495 3379 1565 θεωρούμενον,
3413 1493 3618 1561 μᾶλλον
3644 1491 3701 1543 δὲ
3729 1493 3782 1542 τὸ

2201 1589 2447 1643 ἐναντίον
2479 1589 2539 1641 τὸ
2591 1588 2981 1642 ἐπανίστασθαι
3016 1589 3110 1640 καὶ
3143 1587 3480 1655 διαφθείρειν
3507 1587 3602 1638 καὶ
3649 1586 3779 1636 ἀπο·

2199 1681 2419 1735 διώκειν
2448 1681 2538 1734 τὸν
2580 1681 2924 1751 ἰσχυρότερον
2955 1681 3046 1732 τὸν
3101 1679 3517 1746 ἀσθενέστερον,
3571 1677 3668 1729 καὶ
3697 1678 3780 1726 τὸν

2200 1773 2487 1845 κρείττονα
2526 1773 2617 1825 τὸν
2661 1774 2898 1843 χείρονα,
2954 1771 2990 1824 ἃ
3033 1772 3127 1824 καὶ
3164 1773 3223 1821 ὲν
3275 1769 3351 1838 τῷ
3382 1769 3458 1838 σῷ
3493 1769 3776 1839 γράμματι

2202 1867 2538 1937 παρετίθεις,
2575 1860 2686 1918 οἷον
2712 1864 2902 1916 λέοντά
2934 1881 3077 1933 φημι
3109 1863 3202 1916 καὶ
3248 1863 3417 1932 ἄρκον
3456 1863 3550 1914 καὶ
3581 1861 3650 1912 τά
3682 1877 3780 1912 πα-

518 1953 732 2008 fortiter
762 1956 1047 2024 perimere.
1088 1957 1194 2012 Sed
1221 1958 1346 2027 quia
1401 1959 1547 2027 quod
1607 1958 1930 2026 scripsimus
1982 1973 2089 2011 non

2201 1958 2471 2026 ραπλὴσια
2507 1973 2520 1986 ·
2554 1953 2699 2026 εἶχες
2737 1955 2804 2008 ἂν
2851 1955 3116 2023 γενναίως
3169 1953 3260 2006 τὸν
3312 1952 3586 2022 ἡμέτερον
3622 1949 3776 2018 λόγον

516 2051 583 2103 de
616 2050 760 2103 omni
801 2050 1104 2105 irrationali
1165 2052 1390 2105 animali
1441 2051 1699 2119 loquitur,
1765 2051 1926 2123 stulte
1979 2051 2093 2104 bla—

516 2151 686 2207 teras,
720 2142 861 2196 male
917 2144 1209 2198 conﬂctum
1263 2142 1450 2197 drama
1506 2143 1792 2204 inducens,
1827 2131 1878 2195 et
1936 2141 2091 2210 quasi

514 2243 842 2302 personatus
891 2250 1078 2302 agens.
1115 2234 1250 2301 Quis
1287 2237 1434 2290 enim
1468 2235 1553 2288 vel
1603 2234 1830 2288 minima
1883 2234 2092 2303 perspio

514 2328 664 2381 racia
695 2329 952 2396 praeditus
987 2332 1221 2399 ignorat,
1275 2343 1384 2381 non
1415 2328 1596 2382 omnia
1648 2328 1967 2381 animalium
2004 2343 2095 2396 ειε-
2153 2393 2156 2396 ¹

516 2430 644 2470 nera
677 2418 998 2472 naturaliter
1030 2434 1153 2473 esse
1184 2429 1499 2488 comparata
1529 2429 1586 2472 ut
1620 2429 2016 2486 congregemur
2040 2427 2096 2471 et

515 2510 773 2563 socialem
811 2512 973 2564 vitam
1008 2512 1328 2566 sectentur?
1359 2510 1604 2580 Namque
1631 2512 1945 2564 animalium
1989 2512 2092 2565 alia

515 2609 644 2652 sunt
675 2601 915 2668 solivaga
940 2640 953 2663 ,
989 2601 1092 2654 alia
1127 2601 1365 2670 gregalia
1394 2619 1408 2668 ;
1449 2616 1746 2670 rursusque
1792 2603 2091 2671 gregalium

516 2690 624 2744 alia
657 2691 760 2745 sub
788 2691 1150 2760 gubernatore
1181 2697 1520 2757 ordnantur,
1559 2694 1665 2748 alia
1724 2711 1903 2749 secus.
1937 2696 2095 2750 Utra-

513 2795 621 2850 que
657 2797 782 2836 vero
815 2783 928 2836 haec
973 2785 1165 2851 partim
1207 2793 1337 2837 sunt
1366 2784 1566 2847 civilia,
1613 2787 1808 2854 partim
1847 2788 2091 2852 minime,

510 2877 651 2927 sicut
675 2875 914 2944 ipsorum
950 2876 1298 2946 physiologia:
1333 2885 1496 2946 atque
1523 2878 1764 2932 historiae
1791 2880 2006 2932 docent.
2038 2880 2094 2935 Ξ

511 2979 641 3033 «τεο
674 2965 778 3019 alia
805 2978 933 3019 sunt
966 2968 1222 3037 solivaga,
1269 2969 1372 3021 alia
1408 2969 1673 3034 minime;
1708 2981 1920 3024 constat
1941 2987 2093 3025 com-

515 3065 758 3123 paratum
794 3072 914 3110 esse
942 3072 969 3110 a
998 3068 1188 3111 natura
1225 3069 1281 3112 ut
1323 3060 1517 3128 partim
1546 3071 1947 3130 congregemur
1970 3079 2092 3118 eum

518 3146 869 3215 lmmogeneis
927 3146 1081 3208 ouis,
1131 3150 1324 3214 partim
1362 3163 1541 3202 secus.
1593 3150 1746 3214 Quod
1783 3153 1826 3204 si
1860 3151 1932 3205 ita
1989 3163 2092 3219 est,

514 3250 678 3288 nemo
733 3251 864 3290 sana
934 3245 1111 3290 mente
1145 3238 1376 3305 pollens,
1417 3248 1512 3291 aut
1562 3249 1715 3307 putat
1750 3249 1844 3294 aut
1882 3243 2090 3308 scribit,

511 3329 694 3380 omnia
730 3328 986 3380 animalia
1014 3331 1155 3381 inter
1196 3344 1255 3382 se
1281 3331 1599 3400 congregari
1635 3331 1808 3385 solere
1837 3341 1888 3384 et
1933 3334 2095 3387 simul

511 3420 711 3473 vivere.
749 3418 822 3474 Ne
885 3436 985 3474 nos
1054 3421 1270 3490 quidem
1322 3422 1507 3491 itaque
1564 3423 1668 3477 hoc
1694 3425 1952 3480 diximus.
1991 3425 2096 3480 Sed

510 3513 636 3579 quia
669 3513 901 3565 maxime
940 3515 1156 3581 propria
1199 3523 1326 3576 nota
1357 3524 1411 3567 et
1458 3514 1896 3570 characteristica
1953 3517 2095 3572 inest

511 3605 732 3658 animali
767 3607 1035 3674 praecipue
1073 3606 1284 3670 sociali,
1336 3607 1684 3660 ratiocinium
1722 3617 1774 3660 et
1809 3606 2096 3683 prudentia

507 3705 566 3751 et
594 3712 717 3751 cum
752 3701 961 3751 ratione
1005 3698 1292 3767 judicium,
1351 3708 1634 3768 prOpterea
1665 3713 1916 3765 sermone
1937 3712 2097 3754 exte—

510 3791 656 3844 riore
689 3791 890 3860 indiget
937 3792 1123 3856 homo,
1159 3802 1214 3845 ut
1261 3807 1458 3846 arcane
1518 3793 1783 3860 repositas
1807 3792 2095 3862 cogitatio—

513 3899 609 3938 nes
640 3884 693 3936 in
740 3893 1020 3940 exteenam
1080 3885 1253 3939 lucem
1299 3885 1518 3949 educat,
1545 3895 1598 3938 et
1653 3901 1774 3938 cum
1832 3885 2095 3953 proximis

456 4025 460 4028 _
510 3976 899 4030 communicet.
927 3975 1046 4040 Quo
1083 3975 1161 4042 ﬁt,
1203 3985 1262 4029 ut
1316 3977 1634 4031 naturaliter
1669 3978 1739 4030 sit
1791 3977 1941 4047 cicur
1975 3978 2097 4031 ani-

513 4069 640 4131 mal,
676 4076 728 4120 et
755 4068 998 4136 apprime
1032 4069 1252 4124 sociale.
1290 4069 1514 4122 CiUlCl‘lS
1556 4084 1685 4123 vero
1717 4069 1929 4124 cunctis
1973 4068 2095 4123 ani-

518 4159 752 4212 malibus
784 4159 1045 4212 sodalitas
1067 4169 1118 4212 et
1148 4160 1413 4212 naturalis
1435 4161 1793 4212 mansuetudo
1823 4158 2095 4228 principa-

510 4251 630 4302 liter
680 4265 785 4302 non
837 4249 1018 4303 inest:
1061 4250 1152 4302 sed
1191 4261 1369 4302 tamen
1421 4249 1472 4301 in
1516 4250 1792 4304 nonnullis
1834 4251 2093 4304 tcernitur

506 4342 868 4395 conversandi
903 4342 1139 4395 etsimul
1181 4342 1394 4394 vivendi
1450 4352 1611 4409 atque
1649 4341 2089 4395 communirandi

461 4477 463 4480 .
507 4433 772 4487 studium.
811 4431 914 4488 Sed
948 4435 1116 4488 multo
1148 4434 1320 4501 magis
1353 4433 1454 4486 hoc
1487 4434 1625 4486 inter
1665 4433 1914 4487 homines
1959 4448 2092 4487 con-

507 4527 758 4580 stitutum
788 4538 889 4582 est.
922 4524 1057 4580 Nam
1094 4527 1138 4580 si
1171 4525 1314 4594 quod
1364 4523 1545 4578 minus
1569 4541 1688 4581 esse
1745 4526 1974 4589 videtur,
2008 4527 2104 4579 ta?

2194 2051 2456 2121 ἀναιρεῖν.
2493 2051 2643 2102 Ἐπεὶ
2667 2051 2723 2104 δὲ
2755 2049 2814 2102 τὺ
2847 2049 2977 2118 παρ’
3009 2050 3139 2117 ἡμῖν
3164 2046 3376 2116 γραφὲν
3405 2047 3464 2098 οὑ
3501 2046 3632 2115 περὶ
3652 2061 3780 2096 παν-

2194 2142 2280 2206 τὸς
2309 2144 2510 2210 ἀλόγου
2538 2143 2677 2206 ζώου
2713 2143 2873 2195 τοῦτο
2897 2141 3318 2208 ἐπαγγέλλεται,
3368 2140 3463 2192 καὶ
3491 2138 3775 2208 ματαιολο-

2194 2237 2329 2300 γεῖς,
2381 2235 2442 2287 τδ
2482 2235 2859 2288 κακόπλαστον
2899 2235 3133 2301 εἰσάγων
3185 2233 3366 2301 δρᾶμα
3403 2233 3496 2284 καὶ
3551 2232 3777 2298 ὑποκρι-

2194 2325 2415 2394 νόμενος
2437 2343 2451 2355 ·
2481 2325 2605 2378 τίνι
2630 2325 2738 2396 γὰρ
2761 2325 2855 2378 καὶ
2881 2325 2989 2377 τῶν
3016 2326 3188 2394 μικρὰ
3213 2323 3443 2393 συνορᾷν
3467 2322 3777 2389 δυναμένων

2195 2416 2440 2487 λέληθεν,
2476 2417 2558 2470 ὅτι
2598 2419 2698 2487 οὑχ
2734 2419 2953 2472 ἅπαντα
2987 2417 3055 2471 τὰ
3084 2416 3200 2483 εἴδη
3232 2415 3341 2468 τῶν
3376 2413 3533 2479 ζώων
3566 2412 3776 2464 συναλί-

2195 2509 2382 2572 ζεσθαι
2409 2509 2500 2561 καὶ
2529 2509 2935 2562 συνδιαιτᾶσθαι
2963 2509 3099 2579 πρὸς
3134 2507 3336 2575 ἄλληλα
3369 2507 3584 2574 πέφυκε
3610 2524 3626 2568 ς
3663 2504 3777 2558 Τῶν

2195 2601 2303 2671 γὰρ
2337 2599 2490 2665 ζώων
2515 2601 2582 2654 τὰ
2611 2602 2711 2671 μέν
2736 2605 2842 2655 είσι
2880 2602 3166 2671 μοναδικὰ,
3202 2601 3269 2653 τὰ
3295 2600 3352 2653 δὲ
3381 2599 3638 2666 ἀγελαῖα,
3689 2597 3779 2651 καὶ

2193 2690 2302 2743 τῶν
2332 2691 2603 2760 ἀγελαίων
2636 2693 2704 2745 τὰ
2734 2694 2832 2763 μὲν
2863 2692 2952 2761 ὑφ’
3000 2693 3236 2762 ἡγεμόνι
3267 2694 3578 2754 τάττονται,
3631 2691 3700 2742 τὰ
3725 2690 3775 2740 δὲ

2196 2781 2276 2836 οὑ.
2299 2783 2606 2854 Ἐκατέρων
2635 2783 2690 2836 δὲ
2717 2784 2922 2836 τούτων
2955 2785 3152 2853 τὰμὲν
3182 2784 3288 2835 εἱσι
3318 2782 3592 2846 πολιτικὰ,
3635 2783 3704 2834 τὰ
3725 2781 3777 2833 δὲ

2194 2875 2288 2929 οὑ³
2327 2877 2402 2940 ὡς
2423 2877 2484 2945 μί
2514 2877 2643 2948 περὶ
2672 2877 2850 2930 αὑτῶν
2882 2877 3223 2945 φυσιολογίαι
3249 2878 3343 2929 καὶ
3368 2876 3603 2947 ἱστορίαι
3635 2875 3743 2927 exat
3763 2904 3776 2913 -

2181 2969 2508 3022 δάσκουσιν.
2543 2969 2605 3021 Ei
2637 2965 2728 3023 οὖν
2779 2969 2846 3022 τὰ
2880 2969 2978 3039 μέν
3008 2971 3114 3022 είσι
3149 2968 3435 3038 μοναδικὰ.
3459 2968 3522 3020 τὰ
3563 2966 3668 3038 [δὲ]
3695 2966 3773 3030 οῦ,

2197 3062 2428 3132 φανερὸν
2451 3062 2531 3115 ὅτι
2554 3060 2622 3114 τὰ
2659 3062 2757 3132 μὲν
2792 3062 3168 3125 συναλίζεσθαι
3203 3062 3341 3129 μετὰ
3366 3059 3475 3112 τῶν
3501 3060 3702 3129 ὁμογεν
3721 3061 3776 3112 ῗν

2197 3155 2430 3220 πέφυκε,
2469 3153 2538 3206 τὰ
2554 3153 2612 3206 δὲ
2645 3153 2740 3224 μή.
2792 3151 2856 3206 El
2884 3153 2940 3206 δὲ
2964 3153 3119 3205 τοῦτο
3147 3152 3318 3214 οὕτως
3353 3151 3490 3221 ἔχει,
3522 3150 3692 3212 οὐδεὶς
3717 3149 3777 3201 ἂν

2200 3246 2555 3316 ὰδιάστροφον
2593 3245 2761 3317 φρένα
2792 3245 2952 3315 ἔχων,
2991 3244 3113 3298 οὔτε
3144 3247 3254 3296 νοεῖ
3281 3243 3406 3296 οὔτε
3453 3244 3654 3313 γράφει
3696 3242 3774 3304 τὸ,

2199 3337 2384 3390 Πάντα
2413 3336 2483 3390 τὰ
2539 3337 2653 3402 ζῶα
2705 3337 2816 3406 ἔχει
2856 3337 2916 3390 τὸ
2973 3335 3352 3399 συναλίζεσθαι
3391 3337 3528 3404 πρὸς
3575 3334 3774 3401 ἄλληλα

2198 3431 2292 3481 καὶ
2346 3430 2787 3484 συνδιαιτᾶσθαι’
2838 3430 2960 3483 ὅθεν
3011 3429 3131 3482 οὐδὲ
3181 3430 3370 3498 ἡμεῖς·
3421 3427 3538 3481 ἀλλ’
3593 3417 3774 3492 ἑπείδὴ

2202 3521 2488 3574 ίδιαίτατον
2516 3520 2804 3591 γνώρισμα
2831 3521 2922 3574 καὶ
2949 3518 3449 3590 χαρακτηριστικδν
3489 3518 3666 3571 ἔνεστι
3686 3519 3774 3569 τοῦ

2199 3599 2404 3681 κυρίως
2434 3613 2753 3666 κοινωνικοῦ
2805 3602 3031 3676 ζώουξὸ
3053 3629 3117 3675 ,τε
3155 3611 3310 3679 λόγος
3339 3611 3432 3663 καὶ
3462 3612 3494 3680 ἡ
3524 3611 3778 3678 φρόνησις

2200 3706 2291 3756 καὶ
2318 3704 2350 3771 ἡ
2386 3705 2522 3773 μετὰ
2549 3703 2708 3778 λόγου
2744 3703 2946 3770 κρίσις,
2972 3703 3062 3756 διά
3085 3719 3166 3755 τοι
3192 3701 3350 3754 τοῦτο
3387 3702 3481 3753 καὶ
3505 3701 3662 3768 λόγου
3688 3698 3775 3752 τοῦ

2197 3793 2396 3859 ἔξωθεν
2442 3794 2636 3862 ἐδεήθη
2667 3797 2694 3848 ὁ
2725 3796 3008 3864 ἄνθρωπος
3029 3834 3044 3856 ,
3082 3794 3156 3854 ὡς
3184 3794 3258 3851 ἂν
3286 3793 3356 3846 τὰ
3393 3793 3452 3844 ἐν
3486 3793 3638 3861 βάθει
3666 3793 3772 3845 κείν

2199 3901 2340 3954 μενα
2376 3885 2623 3954 νοήματα
2663 3886 2743 3946 είς
2793 3885 2907 3952 φῶς
2941 3884 3140 3950 ἔξωθεν
3171 3882 3371 3953 ἄγηται
3406 3883 3504 3938 καὶ
3532 3886 3644 3945 τοῖς
3678 3883 3772 3936 ne.

2197 3977 2294 4041 λας
2343 3977 2719 4045 κοινοποιῆται
2749 3994 2764 4009 °
2821 3976 2943 4030 ὅθεν
2974 3980 3067 4030 καὶ
3105 3976 3265 4045 φύσει
3303 3977 3515 4048 ἥμερον
3555 3977 3701 4041 ζῶον
3746 3978 3772 4029 ὁ

2193 4069 2514 4139 ἄνθρωπος,
2573 4071 2667 4124 καὶ
2735 4075 3047 4124 κοινωνικὸν
3099 4071 3236 4135 ζῶον
3292 4071 3496 4140 κυρίως
3545 4070 3772 4124 ἑνταῦθά

2196 4160 2551 4214 ὲστιν.Ἐν“δὲ
2585 4163 2693 4223 τοῖς
2718 4161 2936 4228 ἀλόγοις
2970 4160 3128 4222 ζώοις
3167 4160 3338 4213 ἅπασι
3363 4161 3421 4213 τό
3452 4177 3508 4212 τε
3538 4177 3770 4212 κοινωνι·

2195 4252 2289 4306 κὸν
2337 4255 2431 4305 καὶ
2457 4253 2618 4321 φύσει
2650 4254 2858 4322 ἥμερον
2891 4254 3096 4324 κυρίως
3122 4254 3223 4306 οὑκ
3272 4254 3480 4306 ἔνεστιν
3504 4270 3518 4283 ·
3550 4252 3768 4322 εὓρηται

2177 4345 2251 4397 -δὲ
2287 4344 2361 4407 ὡς
2402 4345 2493 4396 ἐπί
2524 4361 2687 4396 τινων
2719 4345 2826 4397 τῶν
2873 4346 3084 4412 ἀλόγων
3113 4344 3268 4409 ζώων
3301 4343 3460 4396 τοῦτο
3497 4344 3769 4407 συναλίζεο

2196 4438 2321 4491 σθαι
2372 4439 2464 4490 καὶ
2497 4437 2900 4491 συνδιαιτᾶσθαι
2946 4440 3038 4491 καὶ
3069 4438 3536 4492 κοινοποιεῐσθαιο
3594 4437 3766 4508 πολλῷ

2201 4531 2399 4599 μᾶλλον
2431 4531 2522 4582 καὶ
2553 4529 2644 4582 ἐπὶ
2675 4531 2782 4581 τῶν
2811 4530 3115 4600 ἀνθρώπων
3144 4529 3302 4582 τοῦτο
3327 4529 3548 4598 θεμιτὸν
3571 4532 3633 4582 ἂν
3660 4532 3760 4597 τίη.

510 4637 631 4674 men
676 4631 757 4672 est
791 4661 804 4684 ,
854 4622 1024 4674 multo
1063 4619 1235 4688 magis
1289 4617 1431 4689 quod
1468 4619 1698 4686 amplius
1728 4628 1848 4673 est:
1881 4627 2085 4688 quanto

2198 4623 2253 4674 Ei
2285 4623 2391 4692 γὰρ
2437 4621 2496 4673 τδ
2540 4616 2698 4692 ἦττον
2754 4621 2943 4674 δοκοῦν
2979 4622 3243 4692 ὑπάρχειν
3287 4621 3550 4689 ὑπάρχεις
3590 4619 3760 4690 πολλῷ

500 4713 718 4786 scilicet
748 4712 1161 4765 convenientius
1193 4711 1487 4780 utiliusque
1527 4720 1610 4765 est
1655 4711 2095 4764 coiwcrsari\si-

510 4805 732 4874 tnulque
767 4805 946 4856 virere
967 4818 1090 4856 cum
1131 4805 1468 4872 homogenco
1510 4817 1609 4857 suo
1645 4802 1942 4866 hominem,
1971 4801 2091 4854 ani-

2194 4713 2394 4783 μᾶλλον
2427 4714 2520 4771 καὶ
2545 4713 2605 4764 τὸ
2637 4714 2837 4782 μᾶλλον
2859 4729 2870 4741 ·
2912 4713 3048 4782 ὅπερ
3077 4712 3352 4781 προσῆκόν
3381 4713 3498 4764 ἐστι
3526 4711 3617 4764 καὶ
3632 4710 3759 4781 μᾶ).-

2191 4805 2281 4858 λον
2305 4805 2508 4873 ὀφείλει
2532 4805 2602 4857 »τὸ
2636 4805 3017 4868 συναλίζεσθαι
3057 4805 3151 4857 καὶ
3193 4803 3599 4856 συνδιαιτᾶσθαι
3628 4804 3758 4870 πρὸς

511 4899 619 4952 mal
659 4899 918 4951 nimirum
959 4897 1228 4966 praecipue
1270 4897 1472 4950 sociale
1501 4937 1516 4960 ,
1554 4905 1606 4948 et
1656 4906 1844 4963 suapte
1898 4907 2091 4949 natura

2198 4897 2251 4950 cz.
2269 4898 2522 4967 ὁμογενὲς
2539 4897 2628 4950 τὸν
2654 4897 2749 4952 ἄνθ
2760 4901 2937 4966 ρωπον
2964 4896 3037 4957 ὼς
3061 4896 3376 4950 κοινωνικὸν
3401 4896 3540 4959 ζῶον
3565 4898 3758 4963 κέρως

509 4993 682 5046 ('icnt'.
713 4991 825 5044 lloc
870 4990 1013 5044 enim
1046 4999 1100 5045 et
1132 5004 1232 5045 nos
1267 5005 1375 5060 prae
1402 4989 1574 5043 Oculis
1606 4988 1866 5041 habentes
1888 5029 1904 5053 ,
1938 4988 2092 5042 vobis

508 5087 854 5152 scripsimus.
1094 5152 1096 5154 τ

583 5178 671 5230 12.
727 5177 908 5228 Denuo
960 5174 1315 5245 progrediens
1375 5172 1442 5224 ad
1481 5170 1648 5222 alium
1694 5168 1878 5238 scripti
1922 5168 2092 5222 nostri

513 5271 713 5335 locum,
733 5285 968 5337 cumque
995 5268 1233 5322 refutare
1248 5263 1644 5323 connitcns,ita
1666 5263 1863 5315 scribis
1891 5279 1902 5314 :
1930 5281 1946 5312 ι
1976 5262 2094 5316 Caao

513 5365 661 5416 (lium
696 5363 812 5416 aliae
868 5363 1024 5415 licita:
1057 5370 1203 5422 sunt,
1251 5359 1372 5409 alia:
1423 5355 1643 5408 illicitae.
1706 5356 1954 5408 Illicitum
1991 5364 2091 5418 est,

513 5467 675 5524 prout
709 5469 898 5524 reapse
955 5468 982 5506 a
1038 5452 1146 5504 Deo
1176 5443 1413 5512 vetatur',
1440 5448 1687 5501 occidere
1728 5448 1939 5500 ﬁdelem
1979 5447 2090 5515 pri-

515 5556 636 5600 vato
673 5547 984 5616 proposito:
1014 5543 1310 5612 legitimum
1363 5551 1539 5593 autem
1572 5551 1654 5593 est
1688 5539 1937 5593 occidere
1966 5554 2089 5591 eum

513 5642 607 5710 qui
639 5641 880 5692 dandum
910 5646 1093 5690 censet
1126 5635 1232 5687 Deo
1265 5633 1526 5698 sodalem,
1560 5641 1612 5685 et
1639 5634 1787 5685 hunc
1838 5633 1952 5699 pari
1992 5647 2087 5698 po-

517 5731 683 5785 tentia
715 5730 992 5795 praeditum
1028 5726 1338 5796 contingit.)
1368 5724 1490 5778 llaec
1514 5726 1642 5778 dum
1682 5724 1901 5786 scribis,
1937 5724 2090 5776 indo-

2161 5008 2166 5012 '
2192 4990 2286 5042 καὶ
2308 4991 2514 5060 ἥμερον
2545 4990 2726 5058 φύσει.
2757 4989 2852 5055 Είς
2893 4989 3050 5042 τοῦτο
3080 4989 3189 5060 γὰρ
3213 4989 3305 5042 καὶ
3333 4990 3495 5058 ἡμεῖς
3518 4986 3756 5057 ἀφορῶν-

2198 5101 2286 5146 τες
2313 5084 2452 5154 πρὸς
2474 5084 2616 5152 ὑμᾶς
2635 5083 3018 5154 γεγράφαμεν.

2277 5173 2364 5242 ιβ’.
2403 5175 2509 5226 Καὶ
2542 5174 2702 5226 πάλιν
2727 5174 2782 5226 δὲ
2807 5173 3158 5244 μεταϐαίνων
3186 5173 3269 5240 ἐφ’
3293 5173 3482 5242 ἕτερον
3505 5172 3608 5226 τῶν
3640 5171 3762 5242 παρ’

2203 5246 2340 5336 ἡμῖν’
2392 5268 2732 5336 γραφέντων,
2769 5268 2864 5321 καὶ
2922 5266 3082 5319 τοῦτο
3143 5266 3402 5330 ὡσαύτως
3434 5266 3762 5338 πειρώμενος

2202 5357 2612 5421 ἁνασκευάζειν,
2649 5359 2879 5429 γράφεις
2900 5352 3003 5411 ὦδε
3032 5372 3046 5386 ⁸
3080 5376 3098 5408 ι
3119 5357 3239 5411 Τῶν
3263 5357 3438 5425 φόνων
3467 5360 3514 5411 oi
3547 5359 3642 5428 μέν
3665 5358 3762 5408 sict

2203 5447 2432 5515 θεμιτοὶ,
2463 5451 2512 5500 oi.
2550 5450 2606 5502 δὲ
2635 5451 2914 5520 ὀιθέμιειοι⁸
2947 5450 3044 5503 καὶ
3079 5448 3340 5518 ἀθέμιτόν
3367 5449 3535 5513 ἐστιν,
3567 5449 3595 5502 δ
3637 5449 3764 5499 ἀπο·

2200 5541 2501 5610 τέτραπται
2551 5543 2704 5613 παρὰ
2735 5543 2894 5605 Θεοῦ,
2929 5543 2988 5595 τὸ
3018 5543 3266 5611 φονεύειν
3312 5542 3508 5596 πιστὸν
3565 5543 3628 5609 τῇ
3663 5538 3763 5607 ἰδίᾳ

2200 5632 2516 5701 προαιρέσει
2546 5651 2558 5662 ·
2603 5635 2824 5703 ἔννομον
2857 5635 2912 5687 δὲ
2944 5636 3036 5688 καὶ
3065 5636 3305 5706 θεμιτδν,
3347 5635 3408 5688 τὸ
3444 5634 3686 5704 φονεύειν
3710 5633 3764 5685 τὸ

2196 5719 2482 5788 δυξάζοντα
2513 5725 2872 5793 συγκοινωνὸν
2897 5727 2988 5782 τοῦ
2999 5726 3137 5780 Θεοῦ
3162 5727 3238 5799 (6)
3259 5727 3350 5781 καὶ
3365 5725 3763 5781 ἀναπλάττοντα

597 5903 674 5972 (6)
703 5899 824 5954 Sur.
857 5898 988 5963 Vill,
1023 5899 1090 5954 lx
1119 5914 1171 5957 et
1199 5906 1343 5960 alibi.
1377 5903 1576 5959 Confer
1603 5914 1750 5959 retro
1790 5905 1893 5959 col.
1930 5905 2032 5959 685
2075 5915 2128 5960 et
2159 5905 2284 5970 76!,
2317 5923 2437 5962 cum
2468 5905 2841 5962 annotatione.
