3926 6308
543 229 648 290 839

1786 220 2080 281 NlCETxE
2121 219 2299 279 BYZA
2311 219 2526 279 NTINI
2576 221 2588 234 '

3698 223 3803 283 sm

546 343 672 407 bus,
705 338 837 396 hinc
872 336 962 392 [iet
977 334 1154 405 palam
1187 331 1377 399 :Quod
1410 333 1466 385 tit
1487 347 1582 401 per
1612 332 1863 386 accidens
1904 333 2128 392 bonum,

2241 330 2453 397 ἀγαθῶν
2496 329 2770 398 ἐνδέχεται
2817 325 2980 392 εἶναι,
3030 328 3276 382 ἐντεῦθεν
3302 330 3497 401 δῆλονῆ
3546 333 3622 386 Τὸ
3663 338 3803 389 κατά

546 434 796 506 prudenti
819 432 1001 499 aliquo
1029 429 1258 482 coosilio
1296 427 1351 480 lit
1372 445 1385 481 :
1407 426 1549 494 quod
1583 436 1764 480 autem
1796 427 1866 481 ita
1895 424 2130 494 pruden-

547 536 629 581 ter
650 526 730 590 ﬁt,
762 531 978 592 propter
1006 518 1143 589 frugi
1169 515 1368 586 aliquid
1410 517 1466 570 iit
1499 535 1510 570 :
1537 532 1668 587 ergo
1697 517 1839 585 quod
1859 531 1952 584 per
1989 513 2132 568 acci-

548 621 682 671 dens
706 615 784 677 iit,
814 619 1032 681 propter
1065 607 1204 676 irugi
1247 608 1451 676 aliquid
1487 608 1564 661 ﬁt.
1587 607 1790 660 vestrae
1816 614 1993 658 autem
2038 618 2130 656 no-

546 717 780 760 strorum
809 702 1088 756 hominum
1107 700 1436 760 occisiones,
1457 699 1596 752 hami
1624 700 1693 753 ob
1715 697 1859 751 aliud
1890 695 2045 756 fiunt,
2073 703 2129 748 ut

547 795 649 864 ipsi
681 793 882 855 dicitis,
912 790 1014 844 nisi
1042 789 1168 858 quia
1201 804 1298 841 vos
1326 786 1768 842 Saracenismum
1791 785 2123 854 sequimini:

547 887 652 941 hoc
697 894 877 937 autem
942 879 1237 950 frugi'non
1284 889 1367 933 est
1425 899 1436 933 :
1483 879 1834 947 consequitur
1873 891 2032 944 ergo,
2074 884 2131 929 ut

545 983 736 1032 vestra:
765 981 1079 1028 nostrdrum
1109 973 1394 1027 hominum
1438 972 1768 1030 occisiones,
1807 983 1874 1021 ne
1915 982 2010 1036 per
2033 982 2126 1020 ac-

449 1122 462 1130 ,
545 1067 729 1130 cidens
757 1067 975 1137 quidem
1023 1067 1183 1119 bonae
1208 1065 1337 1118 sint.
1369 1062 1520 1129 Quod
1555 1070 1734 1115 autem
1760 1059 2128 1113 Saracenismi

545 1169 691 1217 secta
727 1160 954 1213 minime
974 1157 1116 1211 bona
1137 1157 1228 1219 sit,
1253 1157 1330 1209 sic
1354 1154 1688 1209 ostenditur:
1715 1151 2130 1206 Saracenismus

471 1282 473 1284 -
541 1247 678 1300 nihil
698 1245 845 1300 aliud
881 1255 1144 1314 estquam
1174 1261 1203 1297 a
1246 1243 1586 1296 naturalibus
1627 1251 1721 1294 aut
1750 1243 1912 1295 etiam
1939 1257 2132 1312 super-

543 1339 909 1401 naturalibus,
956 1337 1021 1391 ad
1069 1351 1131 1390 ea
1188 1350 1310 1404 qua;
1352 1345 1558 1389 natura!
1603 1334 1983 1399 adversantur,
2027 1338 2128 1392 ho-

466 1447 471 1454 ·
541 1433 752 1487 minum
777 1431 1099 1495 translatio;
1133 1444 1371 1499 namque
1393 1430 1493 1483 hoc
1513 1429 1687 1482 etiam
1719 1430 2126 1487 demonstravi-

541 1541 687 1580 mus.
720 1523 837 1578 Jam
863 1523 914 1578 id
952 1536 1132 1592 agere,
1168 1521 1371 1575 malum
1409 1535 1553 1584 esse,
1601 1537 1762 1575 nemo
1793 1539 1900 1577 non
1959 1525 2126 1581 videt.

2235 421 2583 491 συμϐεϐηκὸς
2619 422 2823 492 ἀγαθὸν
2867 422 3174 491 γινόμενον,
3211 423 3276 475 δι’
3299 427 3614 494 οἰκονομίαν
3655 429 3804 496 γίνε.

2231 528 2353 564 ται·
2386 513 2445 566 τὸ
2483 513 2551 565 δι’
2593 512 2904 582 οἰκονομίαν
2922 514 3226 583 γινόμενον,
3252 514 3338 569 διὰ
3360 516 3524 568 καλὸν
3552 519 3800 584 γίνεται·

2230 605 2291 656 τὸ
2328 605 2436 672 ἄρα
2479 606 2620 659 κατά
2648 605 2991 676 συμϐεϐηκὸς
3013 607 3316 677 γινόμενον,
3348 607 3437 660 διὰ
3462 608 3633 661 καλὸν
3663 612 3804 678 γίνε-

2230 713 2321 748 ται
2342 711 2356 726 ⁵
2388 697 2416 748 ό
2447 697 2502 750 δὲ
2538 699 2594 763 ἐξ
2635 697 2785 766 ὑμῶν
2817 698 2897 759 εἰς
2931 699 3077 766 ἡμᾶς
3103 701 3399 769 ¹γινόμενος
3436 701 3618 768 φόνος,
3651 701 3713 752 οὐ
3739 704 3797 754 δι’

2231 788 2355 841 ἀλλο
2383 806 2434 841 τι
2460 789 2690 855 γίνεται,
2725 788 2799 851 ὡς
2831 789 2987 841 αὐτοί
3044 807 3202 857 φατε,
3233 793 3280 843 εἰ
3313 792 3386 862 μὴ
3421 792 3509 844 διὰ
3536 791 3596 843 τὸ
3624 791 3802 859 Σαρα-

2196 945 2198 948 ν
2231 881 2474 951 κηνίζειν
2525 883 2700 950 ὑμᾶς·
2730 883 2889 935 τοῦτο
2933 882 2988 936 δὲ
3019 884 3078 935 οὐ
3110 884 3303 937 καλόνο
3354 886 3657 951 συνάγεται
3701 883 3803 953 ἄρα

2231 973 2312 1025 ὅτι
2337 972 2363 1023 ὁ
2396 971 2454 1035 ἐξ
2479 971 2634 1040 ὑμῶν
2687 974 2766 1036 εἰς
2791 974 2938 1043 ἡμᾶς
2975 972 3256 1040 γινόμενος
3311 973 3490 1041 φόνος,
3527 972 3652 1025 οὐδὲ
3701 973 3803 1024 τῶν

2231 1064 2371 1118 κατά
2402 1063 2746 1133 συμϐεϐηκός
2776 1067 2921 1116 ἐστιν
2944 1064 3167 1132 ἀγαθῶν
3185 1081 3198 1094 ·
3238 1044 3329 1118 καὶ
3350 1065 3433 1117 ὅτι
3456 1064 3518 1115 τὸ
3546 1064 3801 1131 Σαρακη-

2231 1157 2396 1221 νίζειν
2419 1158 2477 1208 οὐ
2508 1157 2672 1209 καλόν
2696 1157 2870 1215 ἐστιν,
2893 1149 2993 1209 ὧδέ
3017 1157 3132 1209 ἐστι
3161 1157 3318 1225 δῆλον
3349 1174 3360 1187 ·
3388 1157 3463 1209 Τὸ
3497 1157 3804 1224 Σαρακηνί-

2233 1247 2345 1312 ζειν
2378 1247 2531 1301 οὐδὲν
2558 1249 2684 1301 ἀλλο
2721 1249 2894 1312 ἐστὶν,
2933 1247 3048 1301 ἀλλ’
3089 1248 3205 1318 ἢτὸ
3239 1251 3303 1302 ὲκ
3326 1249 3434 1300 τῶν
3469 1250 3610 1300 κατὰ
3648 1247 3805 1315 φύσιν

2232 1340 2382 1411 ἦκαὶ
2417 1339 2712 1410 ὑπερφυῶν
2749 1343 2827 1404 εἰς
2856 1340 2916 1393 τὸ
2951 1341 3103 1410 παρὰ
3155 1339 3316 1410 φύσιν
3353 1341 3645 1409 κατασπᾷν
3685 1340 3806 1404 τοὺς

2230 1431 2588 1502 ἀνθρώπουςο
2625 1433 2782 1486 τοῦτο
2821 1435 2933 1504 γὰρ
2975 1428 3104 1503 ἡμῖν
3157 1433 3250 1486 καὶ
3275 1430 3663 1488 ἀποδέδεικται

2230 1527 2291 1580 τὸ
2321 1527 2380 1580 δὲ
2403 1527 2560 1581 τοῦτο
2585 1529 2777 1591 ποιεῖν,
2806 1527 2973 1580 πᾶσιν
2997 1525 3247 1596 ἀρίδηλόν
3272 1528 3420 1578 ἐστιν
3447 1525 3529 1578 ὅτι
3554 1526 3617 1577 οὐ
3646 1525 3804 1577 καλόν

514 1617 612 1672 'Si
664 1631 794 1687 ergo
837 1627 1027 1670 vestrae
1083 1622 1394 1670 nostrorum
1468 1615 1753 1669 hominum
1803 1618 2126 1686 occisiones,

2241 1620 2401 1673 ἐστιν.
2452 1619 2605 1673 Ἐπεὶ
2637 1618 2728 1673 οὖν
2763 1617 2885 1672 οὕτε
2931 1618 3040 1670 τῶν
3068 1619 3187 1671 καθ’
3222 1618 3353 1672 αὐτὸ
3391 1616 3616 1685 ἀγαθῶν
3657 1618 3803 1670 ἐστιν

541 1724 719 1779 neque
749 1722 844 1778 per
875 1707 1131 1761 accidens
1159 1721 1338 1776 neque
1367 1720 1464 1775 per
1519 1721 1578 1761 se
1621 1706 1751 1776 ipsae
1788 1707 1940 1767 bonze
1963 1718 2122 1764 sunt:

523 1811 598 1866 _et
621 1802 665 1855 si
696 1800 839 1870 quod
869 1815 1046 1869 neque
1093 1814 1190 1868 per
1222 1813 1281 1853 se
1313 1798 1514 1852 bonum
1549 1809 1652 1864 est,
1695 1815 1872 1870 neque
1918 1817 2014 1871 per
2042 1817 2135 1856 τις-

505 1869 753 1956 .eidens,
781 1893 834 1946 id
887 1891 1115 1945 omnino
1173 1891 1287 1944 ﬁeri
1323 1906 1431 1946 non
1487 1891 1642 1944 debet
1699 1907 1886 1961 ;ergo
1937 1905 2127 1948 vestrae

544 1985 879 2056 quotidianae
933 1993 1248 2038 nostrorum
1287 1983 1570 2036 hominum
1652 1983 1956 2039 occisiones
2011 1987 2127 2040 lieri

543 2094 653 2133 non
701 2078 922 2146 debent.
980 2075 1114 2138 Nam
1161 2075 1305 2145 quod
1351 2076 1464 2130 ﬁeri
1523 2091 1632 2130 non
1666 2085 1899 2145 oportet,
1957 2078 2006 2132 id
2064 2094 2129 2133 ne

543 2170 669 2226 licet
699 2170 943 2238 quidem.
983 2187 1001 2220 ι
1040 2168 1280 2222 Caudium
1350 2168 1470 2222 alite
1523 2167 1685 2222 licitae
1716 2178 1864 2232 sunt,
1921 2168 2126 2238 inquis,

543 2266 665 2320 alia:
689 2265 910 2319 illicitae.
951 2282 968 2314 ι
1002 2261 1112 2333 Ego
1146 2277 1366 2332 quoque
1392 2264 1684 2324 assentior,
1712 2263 1886 2317 caedes
1916 2264 2130 2332 aliquas

544 2358 728 2422 licere,
757 2357 1019 2409 nimirum
1049 2370 1144 2424 per
1175 2354 1451 2417 accidens,
1480 2354 1526 2408 si
1556 2353 1774 2423 quidem
1813 2354 1879 2408 de
1911 2355 2125 2408 illorum

542 2451 814 2502 honorum
847 2460 1076 2499 numero
1119 2445 1251 2508 siut,
1297 2459 1419 2513 qua:
1447 2444 1520 2498 ita
1568 2443 1810 2498 evadunt
1834 2460 1932 2514 per
1980 2447 2129 2499 acci-

543 2542 698 2595 dens.
730 2540 798 2593 At
830 2546 959 2593 sunt
992 2537 1212 2602 illicitae,
1244 2551 1338 2606 per
1367 2549 1463 2601 se;
1486 2536 1745 2605 quoniam
1775 2538 1974 2600 caedes,
2001 2553 2130 2606 qua-

547 2622 926 2685 tenus‘czedes
959 2635 1061 2685 est.
1089 2627 1156 2681 de
1191 2639 1420 2680 numero
1461 2639 1582 2678 esse
1609 2639 1705 2693 per
1753 2640 1810 2678 se
1856 2624 2126 2678 malorum

547 2734 831 2778 ostensum
869 2719 973 2774 fuit
1004 2737 1020 2785 ;
1053 2719 1282 2774 idcirco‘
1301 2718 1407 2773 hoc
1438 2726 1696 2786 tanquam
1731 2716 1889 2787 plane
1919 2715 2130 2773 confes-

549 2829 672 2869 sum
723 2829 754 2868 a
792 2813 948 2866 nobis
980 2826 1199 2880 quoque
1225 2819 1494 2865 sumatur.

514 2978 516 2981 ,
619 2920 708 2975 η.
741 2919 852 2989 Age
893 2932 1023 2972 vero
1068 2917 1303 2971 breviter
1338 2915 1534 2980 deinde
1570 2914 1852 2970 subnectis
1898 2915 2129 2969 dicens:

2162 1677 2261 1764 θι

2295 1714 2452 1781 φόνος
2477 1715 2506 1767 ό
2533 1712 2592 1778 ἐξ
2615 1712 2770 1782 ὑμῶν
2791 1714 2870 1776 εἰς
2900 1713 3044 1782 ἡμᾶς
3077 1710 3494 1782 ἐνεργούμενος,
3521 1711 3644 1765 οὐδὲ
3670 1713 3806 1766 κατά

2236 1805 2583 1876 συμϐεϐηκός
2601 1805 2692 1858 ’τὸ
2722 1805 2777 1858 δὲ
2799 1803 2922 1857 οὔτε
2953 1803 3072 1858 καθ’
3108 1803 3241 1858 αὐτὸ
3265 1804 3490 1872 ἀγαθὸν,
3519 1802 3647 1858 οὔτε
3671 1806 3805 1859 κατά

2236 1898 2598 1967 συμϐεϐηκὸς,
2634 1897 2695 1950 οὐ
2731 1897 2836 1966 χρὴ
2865 1896 3114 1965 γίνεσθαι
3145 1895 3506 1967 τδπαράπαν·
3540 1898 3567 1948 ό
3589 1897 3698 1966 ἄρα
3731 1899 3805 1959 εις

2234 1992 2376 2061 ἡμᾶς
2407 1990 2463 2054 ἐξ
2499 1988 2652 2057 ὑμῶν
2679 1989 2800 2041 καθ’
2829 1988 3067 2059 ἑκάστην
3096 1987 3488 2058 ἐνεργούμενος
3531 1987 3715 2058 φόνος,
3748 1987 3804 2040 οὑ

2234 2083 2314 2135 δεῖ
2348 2081 2621 2150 γίνεσθαι·
2659 2081 2709 2134 εἰ
2741 2080 2798 2133 δὲ
2825 2079 3006 2144 τοῦτο,
3039 2079 3134 2132 καὶ
3159 2080 3221 2133 οὺ
3275 2080 3494 2149 θεμιτόν
3515 2095 3528 2108 °
3555 2080 3584 2132 ὃ
3609 2083 3716 2147 γὰρ
3750 2079 3804 2133 οὐ

2236 2177 2317 2229 δεῖ
2347 2174 2609 2242 γίνεσθαι,
2639 2173 2759 2226 οὐδὲ
2784 2171 3005 2242 θεμιτόν
3031 2172 3169 2224 ἔστι.
3204 2189 3222 2221 ι
3259 2169 3382 2222 Τῶν
3403 2170 3601 2239 φόνων,
3638 2171 3689 2222 οἱ
3713 2171 3806 2240 μέν

2236 2274 2341 2326 εἰσι
2368 2271 2598 2341 θεμιτοὶ,
2638 2271 2687 2322 οἱ
2724 2269 2782 2322 δὲ
2836 2267 3108 2339 ἀθέμιτοι.
3147 2286 3166 2318 ι
3200 2266 3464 2337 Σύμφημι
3514 2265 3693 2334 κάγὼ,
3730 2267 3806 2320 ὅτι

2235 2364 2344 2416 τῶν
2380 2363 2556 2431 φόνων
2587 2362 2634 2415 oi
2670 2360 2769 2431 μέν
2799 2360 2904 2413 εἰσι
2932 2358 3168 2428 θεμιτοὶ,
3219 2357 3466 2426 δηλονότι
3495 2357 3638 2409 κατά
3675 2374 3806 2425 συμο

2237 2455 2497 2524 ϐεϐηκὸς,
2526 2453 2687 2523 εἴπερ
2711 2451 2820 2504 τῶν
2846 2451 2988 2504 κατὰ
3014 2448 3362 2520 συμϐεϐηκὸς
3387 2447 3613 2512 ἀγαθῶν
3642 2447 3800 2500 εἰσιν·

2235 2551 2284 2600 οἱ
2306 2546 2361 2600 δὲ
2391 2546 2665 2616 ἀθέμιτοι,
2698 2543 2860 2614 δῆλον
2893 2543 2974 2597 ὅτι
3013 2541 3135 2596 καθ’
3166 2541 3334 2594 αὑτόο
3369 2540 3495 2593 ἔπει
3529 2540 3624 2592 καὶ
3651 2541 3678 2592 ὁ
3717 2538 3804 2606 φό-

2235 2656 2343 2704 νος,
2373 2628 2600 2712 ᾖ’φόνος
2632 2634 2936 2701 ὲστὶνῖτῶν
2960 2633 3085 2687 καθ’
3113 2632 3245 2686 αὐτὸ
3270 2632 3459 2685 κακῶν
3493 2625 3639 2682 εἶναι
3680 2630 3806 2682 ἀπο-

2235 2730 2536 2783 δέδεικται,’
2573 2727 2654 2781 διὸ
2701 2727 2797 2781 καὶ
2821 2727 2895 2790 ὡς
2919 2724 3342 2796 ὡμολογημένον
3381 2724 3477 2778 καὶ
3523 2723 3656 2794 παρ’
3683 2725 3803 2794 ἡμῖν

2142 2872 2153 2886 ,
2239 2822 2500 2900 sumet...
2537 2863 2551 2871 κ

2317 2913 2396 2966 ιδ’.
2433 2909 2566 2966 Εἶτα
2596 2912 2654 2965 τὸ
2687 2910 2860 2981 βραχὺ
2895 2907 3086 2962 τούτου
3115 2907 3522 2977 συναπτόμενον
3552 2907 3614 2960 τὸ
3639 2907 3804 2972 λέγον·

553 3025 574 3060 ι
603 3007 927 3076 Legitimum
962 3010 1260 3073 insonsque
1280 3012 1365 3086 est
1397 3002 1646 3058 occidere
1681 3019 1806 3057 eum
1835 3004 1927 3072 qui
1953 3011 2134 3057 censet

2251 3025 2270 3056 ‹
2304 3006 2566 3073 Ἔννομον
2595 3004 2650 3056 δὲ
2703 3004 2797 3056 καὶ
2843 3002 3066 3070 θεμιτὸν
3105 3000 3196 3054 τὸν
3245 2999 3543 3064 δοξάζοντι
3573 2999 3806 3069 φονεύειν

547 3101 782 3155 dandum
817 3098 923 3150 Deo
969 3096 1200 3161 socium,
1233 3105 1288 3169 et
1313 3094 1534 3165 quidem
1569 3095 1685 3164 pari
1735 3097 1970 3164 potentia
2002 3111 2138 3163 [ιε-αξ-

548 3188 742 3242 ditum.
780 3206 794 3235 ι
827 3182 902 3247 Id,
928 3185 1172 3254 inquam,
1204 3178 1368 3252 quam
1419 3182 1650 3251 superbe
1681 3196 1710 3235 a
1747 3192 1796 3235 te
1846 3183 2046 3236 dicitur
2087 3191 2140 3236 et

547 3273 898 3345 arroganter!
948 3278 1045 3325 aut
1085 3270 1129 3326 si
1175 3271 1348 3341 magis
1393 3269 1614 3341 proprie
1659 3269 1992 3339 loquendum
2031 3281 2135 3331 est.

551 3374 752 3436 quanta
770 3361 1072 3417 stoliditate
1093 3370 1255 3430 atque
1280 3359 1490 3415 insania
1521 3359 1728 3413 scatet!
1758 3358 1888 3412 Nam
1918 3372 2139 3428 propter

554 3455 786 3510 multam
817 3452 1188 3522 stupiditatem
1218 3461 1365 3504 tuam
1414 3449 1894 3514 etinﬁdclitalem,
1930 3447 2138 3517 absque

557 3545 848 3601 ratiocin’io
894 3543 1082 3597 nescio
1112 3539 1389 3611 quomodo
1425 3539 1702 3610 judicans,
1729 3555 1906 3610 neque
1946 3547 2004 3592 ut
2037 3554 2138 3593 nos

553 3639 943 3711 praedicamus,
975 3635 1069 3691 sed
1107 3649 1244 3689 vane
1273 3648 1522 3702 pugnans
1552 3641 1605 3686 et
1635 3632 1800 3686 stulte
1836 3632 2137 3694 blaterans,

553 3733 674 3788 sine
696 3746 859 3786 causa
883 3744 983 3784 nos
1009 3727 1223 3788 irrides,
1245 3725 1408 3796 quasi
1436 3725 1829 3796 participantes
1852 3724 2139 3793 quosdam,
2205 3727 2208 3729 λ

555 3833 609 3879 et
633 3823 743 3876 Deo
777 3822 938 3876 unico
967 3819 1168 3889 unique
1201 3817 1470 3888 principio
1513 3815 1934 3886 mquipollentes
1979 3814 2140 3868 indu-

556 3928 765 3970 camus.
792 3911 926 3978 Quis
949 3909 1092 3964 enim
1126 3924 1190 3962 ex
1221 3906 1444 3964 nostris.
1477 3907 1590 3961 sive
1616 3905 1848 3974 pusillus
1886 3905 2000 3958 sive
2026 3919 2143 3957 uia-

557 4019 729 4076 guus,
767 3986 1029 4073 cogitavit
1078 4015 1318 4070 unquam
1363 4011 1456 4053 aut
1508 4000 1767 4053 conﬁnxit
1810 4012 2141 4067 quemquam

556 4112 680 4152 esse
726 4097 834 4152 Deo
885 4095 1049 4150 unico
1093 4094 1295 4163 unique
1337 4092 1606 4162 principio
1646 4090 2140 4145 communicantem

557 4199 651 4244 aut
670 4188 1104 4260 aquipollcntem
1128 4186 1150 4239 ?
1179 4201 1290 4255 quo
1314 4189 1577 4254 praetextu
1604 4192 1798 4237 vestra:
1829 4193 2140 4238 nostrorum

559 4284 841 4338 hominum
873 4280 1199 4353 occisiones,
1220 4278 1401 4347 iuste,
1427 4287 1484 4330 ut
1508 4286 1562 4330 tu
1595 4277 1696 4341 ais,
1737 4275 1968 4330 evadant
1989 4273 2142 4328 ?Etsi

2244 3095 2602 3162 σνγκοινωνὸν
2621 3095 2714 3146 τοῦ
2747 3093 2882 3145 Θεοῦ
2907 3093 3000 3145 καὶ
3035 3091 3446 3145 ἀναπλάττοντα
3475 3092 3804 3161 ἰσοδύναμσν,

2242 3194 2400 3252 ποίας
2457 3186 2776 3251 ἀλαζονείαις
2839 3185 2933 3238 καί⁵
2981 3182 3333 3251 φυσιώσεως,
3390 3183 3430 3254 ἢ
3488 3183 3806 3252 οἰκειότερον

2242 3279 2427 3348 φάναι,
2474 3276 2773 3345 ὲκπληξίας
2830 3291 2890 3328 τε
2937 3275 3032 3328 καὶ⁸
3084 3258 3482 3346 ἐμϐροντησίας
3515 3275 3806 3343 ἀνάμεστον

2227 3371 2340 3429 ,οᾷκ
2387 3367 2452 3420 ἂν
2477 3368 2589 3435 εἴης
2631 3367 2724 3418 Ἐκ
2756 3369 2862 3436 γὰρ
2899 3364 3104 3432 πολλῆς
3151 3365 3408 3434 εὐηθείας
3437 3367 3532 3418 καὶ
3561 3366 3802 3426 ἀπιστίας

2240 3459 2507 3526 ἀλογιστὶ,
2558 3456 2657 3510 οὐκ
2714 3451 2810 3508 οἷδ’
2848 3456 2955 3527 ὅτῳ
3005 3456 3192 3526 τρόπῳ
3232 3455 3424 3520 δόξαν,
3466 3459 3565 3508 καὶ
3614 3458 3710 3526 οὐχ
3744 3458 3807 3518 ὡς

2240 3549 2402 3619 ἡμεῖς
2430 3545 2793 3617 κηρύττομεν,
2827 3544 3140 3614 σκιομαχῶν
3166 3543 3259 3598 καὶ
3290 3545 3496 3613 μάταια
3522 3546 3808 3614 ἐρευγόμε-

2409 3639 2556 3709 sua;
2616 3635 3037 3698 ἀναπλαστικῶς
3093 3635 3468 3706 διακωμῳδεῖς
3531 3637 3806 3698 κοινωνούς

2241 3748 2394 3793 τινας
2447 3731 2542 3784 καὶ
2590 3729 2944 3798 ἰσοδυνάμους
2972 3728 3066 3782 τοῦ
3117 3729 3234 3792 ἑνὸς
3263 3728 3400 3783 Θεοῦ
3433 3729 3532 3784 καὶ⁵
3563 3729 3664 3798 τῆς
3696 3731 3806 3800 μιᾶς

2245 3823 2419 3893 ἀρχῆς
2458 3823 2872 3889 ἐπεισάγοντας·
2904 3821 2987 3884 τίς
3015 3820 3125 3891 γὰρ
3152 3821 3261 3874 τῶν
3291 3823 3350 3874 ιν
3389 3823 3527 3891 ἡμῖν
3560 3824 3750 3892 μικρὸς
3776 3824 3802 3892 ἢ

2248 3913 2424 3984 μέγας
2458 3911 2586 3966 ποτὲ
2612 3912 2893 3983 ἐνενόησεν
2923 3912 2957 3983 ἢ
2993 3912 3225 3965 ἔπλασεν
3252 3913 3346 3965 ἐπὶ
3373 3912 3467 3965 τοῦ
3534 3915 3656 3976 ἑνὸς
3684 3913 3804 3966 Θεοῦ

2246 4001 2468 4068 καὶτῆς
2499 4002 2630 4071 μιᾶς
2659 4001 2834 4070 ἀρχῆς
2867 3999 3122 4054 κοινωνὸν
3166 3998 3504 4068 ῖσοδύναμον,
3545 4000 3636 4053 ῖνα
3678 4003 3804 4053 καὶὸ

2244 4095 2326 4157 εἰς
2355 4094 2499 4162 ἡμᾶς
2531 4091 2920 4161 ἐνεργούμενος
2954 4090 3114 4158 φόνος
3159 4088 3380 4159 θεμιτὸς
3412 4089 3477 4143 ἀν
3513 4091 3625 4160 εἴη,
3652 4092 3722 4154 ὼς
3747 4092 3800 4144 σὺ

2247 4186 2390 4256 φής;
2424 4185 2472 4238 εἰ
2502 4184 2610 4255 γὰρ
2642 4183 2736 4238 καὶ
2762 4185 2893 4255 παρ’
2919 4185 3048 4252 ἡμῖν
3081 4182 3205 4246 Υἱὸς
3230 4181 3366 4236 Θεοῦ
3400 4181 3474 4246 ὡς
3512 4184 3651 4248 Θεὸς
3688 4184 3799 4252 ﬂ’t‘

2247 4279 2390 4342 θινὸς
2421 4278 2514 4332 καὶ
2540 4277 2700 4341 αὐτὸς
2735 4277 2809 4330 ὢν
2834 4277 3077 4346 όμοφυὴς
3119 4275 3195 4342 τῷ
3219 4274 3337 4345 Θεῷ
3371 4277 3463 4328 καὶ
3495 4277 3674 4346 Πατρὶ
3694 4261 3803 4328 i050-

2239 3653 2351 3702 νος,

561 4374 704 4425 enim
729 4387 758 4424 a
788 4369 942 4422 nobis
977 4366 1268 4437 FiliustDei
1299 4373 1560 4432 tanquam
1594 4380 1753 4418 verus
1783 4363 1944 4426 Deus,
1973 4363 2134 4417 idem-

2249 4370 2486 4437 λογεῖται
2537 4368 2629 4421 καὶ
2673 4366 2975 4431 δοξάζεται,
3030 4365 3145 4418 ἀλλ’
3191 4365 3290 4433 οὐχ
3318 4365 3392 4426 ὡς
3443 4367 3696 4429 κοινωνὸς
3721 4368 3801 4432 τῆς

563 4478 670 4533 que
696 4459 803 4513 Deo
827 4459 972 4513 Ρ.ιιι’ἱ
995 4459 1368 4526 homogeueus
1384 4458 1581 4510 dicitur
1597 4468 1759 4526 atque
1781 4457 2137 4526 gloriﬁcatur,

566 4569 673 4606 non
704 4561 883 4602 tamen
918 4556 976 4599 ut
1006 4545 1418 4600 counnuuicans
1445 4547 1536 4598 uni
1564 4546 1854 4614 principio,
1883 4555 1976 4599 aut
1999 4546 2141 4606 Deus

565 4653 716 4697 extra
766 4640 981 4693 Patrem
1031 4637 1306 4690 exsistvus
1341 4635 1729 4705 etadjunctus,
1765 4645 1825 4690 ut
1868 4646 1922 4688 tu
1961 4646 2143 4704 putas,

567 4738 620 4790 iu
656 4743 836 4787 nostra
865 4729 1135 4798 theologia
1163 4726 1453 4786 deﬁnitur;
1493 4726 1595 4780 hoc
1621 4725 1765 4779 enim
1790 4725 1900 4793 jam
1935 4741 1963 4779 a
1989 4726 2145 4781 nobis

566 4829 1004 4882 demonstratum
1056 4819 1196 4887 fuit;
1262 4821 1354 4872 sed
1392 4835 1532 4873 unus
1568 4817 1710 4872 Deus
1737 4833 1859 4870 cum
1903 4815 2062 4871 Patre
2093 4825 2148 4872 et

2253 4461 2378 4529 μιᾶς
2415 4459 2608 4528 ἀρχῆς,
2639 4457 2671 4528 ἦ
2709 4456 2802 4509 τοῦ
2845 4456 3056 4525 [ἰατρὸς
3093 4455 3292 4520 ἔξωθεν
3323 4454 3399 4508 ὢν
3427 4455 3560 4519 Θεὸς
3590 4474 3799 4528 παρεισ-

2252 4552 2589 4623 κρινόμενος,
2616 4549 2689 4612 ὡς
2741 4551 2804 4602 σὺ
2836 4552 3088 4612 ἐπινοεῖς,
3117 4548 3445 4616 θεολογεῖται
3490 4551 3671 4619 (τοῦτο
3707 4551 3795 4620 γὰρ

2252 4645 2382 4713 ἡμῖν
2414 4645 2509 4697 καὶ
2540 4642 2912 4696 ἀποδέδεικται
2945 4640 3095 4714 [10])
3126 4657 3139 4671 ³
3172 4641 3375 4706 ἀλλ’ὡς
3405 4636 3486 4705 εἷς
3516 4643 3650 4707 Θεὸς
3683 4645 3795 4715 μετὰ

2256 4733 2468 4803 Πατρὸς
2498 4735 2592 4786 καὶ
2641 4732 2956 4803 Πνεῦματος
3009 4733 3204 4798 ἀγίου,
3260 4733 3355 4786 καὶ
3392 4733 3510 4785 ἔστι
3552 4734 3647 4786 καὶ
3691 4749 3781 4801 παρ

2251 4824 2406 4894 ἡμῶν
2439 4824 2546 4878 τῶν
2578 4823 2917 4894 Χριστιανῶν
2948 4823 3128 4886 καλῶς
3159 4823 3480 4876 πιστεύεται
3517 4840 3578 4875 τε
3617 4825 3700 4874 καὶ
3725 4825 3795 4874 δῦ·

569 4919 776 4990 Spiritu
810 4924 1001 4970 sancto
1043 4921 1145 4976 est,
1179 4919 1233 4964 et
1263 4925 1292 4964 a
1328 4909 1484 4964 nobis
1531 4908 1860 4963 Christianis
1894 4909 2134 4976 _creditut

2251 4915 2490 4979 ξάζεται.
2522 4915 2581 4967 Ei
2611 4915 2666 4966 δὲ
2715 4913 2890 4981 τοῦτο,
2929 4916 3105 4986 μάτην
3134 4914 3224 4966 τὸν
3271 4913 3472 4966 οὑτωσὶ
3516 4914 3699 4982 μῶμον
3723 4915 3794 4964 τὸν

569 5024 620 5067 et
674 5007 1026 5080 gloriﬁcatur.
1055 5003 1208 5071 Quod
1263 5003 1307 5058 si
1353 5004 1425 5057 ita
1477 5010 1583 5062 est,
1625 5012 1826 5055 temere
1880 5010 1932 5054 tu
1997 5003 2150 5056 nobis

573 5106 830 5176 probrum
888 5117 954 5156 ex
1007 5099 1275 5154 vocabulo
1341 5095 1800 5150 communicantis
1851 5095 2148 5164 impingis:

574 5209 775 5250 timere
818 5194 945 5250 item
986 5193 1290 5247 occisiones
1323 5205 1461 5257 quas
1509 5197 1819 5240 nostrorum
1871 5187 2147 5241 hominum

575 5288 1048 5350 facitis,divinitus
1070 5285 1363 5354 inspiratas
1396 5281 1769 5347 legitimasque
1805 5289 2045 5347 reputas,
2071 5283 2144 5334 uti

489 5432 508 5446 .
579 5380 792 5438 scribis.
836 5378 969 5434 Nam
1004 5380 1081 5441 si,
1126 5385 1409 5447 propterea
1463 5372 1606 5437 quod
1655 5374 2143 5424 communicantem

648 5582 803 5652 (illln
839 5585 939 5636 hac
968 5583 1080 5652 ipsa
1113 5578 1335 5652 cpistola
1372 5577 1578 5652 ca_p._7,
1619 5574 1730 5652 col.
1763 5577 1888 5631 829.

2248 5009 2312 5060 ἐκ
2340 5006 2433 5059 τοῦ
2471 5007 2724 5059 κοινωνοῦ
2756 5009 2887 5077 ἡμῖν
2931 5006 3283 5078 προστρίϐεις
3312 5021 3326 5033 ·
3363 5004 3447 5056 ἔτι
3480 5021 3546 5072 γε
3584 5006 3682 5075 μὴν
3720 5007 3792 5057 καὶ

2250 5099 2338 5150 τὸν
2370 5098 2429 5162 ἐξ
2463 5099 2616 5167 ὑμῶν
2651 5101 2727 5160 εἰς
2783 5101 2930 5166 ἡμᾶς
2985 5096 3376 5165 ὲνειγούμενον
3427 5097 3592 5165 φόνον
3641 5098 3792 5150 ἕνθεον

2251 5191 2344 5240 καὶ
2375 5189 2604 5258 ἔννομον·
2623 5189 2836 5260 λογίζῃ,
2865 5190 2939 5249 ὡς
2973 5189 3226 5257 γράφεις·
3255 5187 3301 5238 εἰ
3342 5187 3453 5257 γὰρ
3492 5188 3583 5242 διὰ
3613 5189 3670 5241 τὸ
3703 5206 3790 5241 κοι-

2250 5282 2418 5333 νωνὸν
2453 5286 2542 5334 καὶ
2581 5284 2900 5352 ῑσοδύναμον
2926 5283 3081 5343 Θεοῦ,
3111 5283 3184 5345 ὡς
3206 5283 3358 5336 αὐτοί
3380 5273 3522 5353 φατέ
3549 5283 3790 5338 tivath-

2255 5391 2368 5424 τειν
2417 5375 2584 5442 ἡμᾶς,
2619 5373 2839 5444 ἔννομόν
2893 5377 3007 5426 ἐστι
3058 5373 3117 5426 τὸ
3160 5374 3248 5444 ὑφ’
3277 5374 3434 5445 ὑμῶν
3481 5374 3790 5444 φονεύεσθαι,

656 5645 764 5727 ξω)
825 5653 882 5704 In
936 5645 1302 5704 confutationc
1360 5645 1556 5716 priOris
1608 5649 1981 5713 Agarenorum
2027 5647 2284 5717 epistolae,
2320 5659 2438 5713 cap.
2474 5645 2507 5698 9
