3926 6308
451 229 552 293 847
1589 219 2071 306 ,TIIEOGNOSTI
2104 217 2453 302 nomen!
2682 208 2699 301 ἶ
3594 214 3701 289 ass

455 328 514 409 ut
559 341 855 397 mitteretur
886 335 938 391 in
974 323 1132 397 υιὶιηι,
1176 350 1293 405 qua!
1319 341 1395 389 est
1443 321 1510 388 ad
1572 318 1749 405 magni
1807 334 2030 389 nominis
2084 331 2327 399 Romam,
2386 334 2643 402 orationis
2701 349 2886 396 causa,
2936 333 3181 386 intimum
3235 330 3404 400 ﬁlium
3457 339 3697 383 nostrum
3741 359 3744 361 λ

450 420 935 486 νειαεηᾶἕεεὶηιαηι
975 421 1213 477 abbatem
1252 420 1456 484 Fontis,
1503 430 1551 476 et
1588 422 2002 492 scevophylaccm
2046 419 2257 492 Magna:
2311 421 2594 488 Ecclesiaz,
2638 421 2910 479 dominum
2973 421 3378 491 Tlteognostum,
3414 429 3462 473 et
3497 419 3700 472 idcirco

452 514 617 584 magis
641 511 936 570 studuimus
962 508 1596 578 adimplere’desiderium
1625 520 1873 568 vestrum,
1904 524 2054 579 quem
2076 519 2124 563 et
2152 509 2390 563 misimus
2422 524 2540 562 cum
2583 510 2832 577 praesenti
2866 509 3086 577 epistola
3128 518 3309 562 nostra
3352 507 3698 561 visitaturus.

399 594 407 602 ’
450 611 501 657 et
542 599 919 664 saiutaturum,
957 613 1018 652 ac
1057 597 1402 650 adoraturunt
1439 597 1732 665 fraternam
1781 595 2128 651 Sanctitatem
2178 595 2414 671 Vestram
2450 584 2866 660 ,°_nuntiaturum
2902 597 3066 650 etiam
3106 594 3154 649 et
3200 613 3232 649 a
3281 593 3497 648 Christo
3547 594 3700 646 nobis

453 687 706 742 donatam
736 687 1152 759 incolumitatem
1176 684 1231 737 in
1263 685 1363 736 hac
1398 686 1500 740 vita
1555 684 1733 737 multis
1756 671 2089 747 pasiionibus
2119 691 2167 737 et
2205 671 2639 736 tribulationibus.
2660 680 2834 750 plena,
2886 683 3324 751 quemadmodum
3375 683 3486 750 ipse
3532 680 3702 734 voluit

454 785 503 831 et
536 775 833 845 judicavit,
878 775 966 844 qui
994 773 1170 827 omnia
1200 774 1460 841 sapienter
1500 783 1548 826 et
1591 781 1931 841 congruenter
1977 773 2267 840 dispensat,
2307 781 2355 825 et
2389 782 2508 826 ante
2554 773 2606 826 in
2656 782 2746 826 tua
2771 772 3133 840 piissimorum
3166 783 3215 826 et
3249 772 3450 828 Christi
3493 771 3700 823 amico-

456 877 570 916 rum
621 878 685 916 ac
717 879 750 916 a
788 861 893 916 Deo
936 859 1374 932 gubernatorum,‘
1398 869 1551 929 atque
1595 859 1844 912 divinitus
1878 860 2219 916 munitorum.
2240 861 2616 928 imperatorum
2643 861 3371 929 nostrorum‘prosperitatem
3403 871 3451 913 et
3479 867 3705 933 tropum,

456 957 502 1002 et
547 949 602 1002 in
624 948 808 1003 melius
839 948 900 1002 de
932 948 1016 1002 die
1049 947 1102 1000 in
1137 947 1274 1000 diem
1315 962 1486 1000 rerum
1533 943 1754 997 Romani
1789 943 1992 1013 imperii
2027 947 2443 1010 translationem,
2483 958 2539 1000 ut
2575 959 2621 1000 et
2659 963 2746 1000 vos
2793 946 3137 1020 gaudentibus
3173 947 3339 1002 nobis
3367 944 3710 1016 congratule—

457 1036 587 1090 mini
619 1051 708 1103 per
731 1044 968 1088 mutuam
1001 1035 1156 1088 unius
1190 1034 1421 1102 corporis
1467 1030 1809 1087 membrorum
1841 1032 2226 1100 coe/fectionem
2269 1044 2317 1088 et
2343 1035 2800 1103 'compassionem,
2837 1042 2885 1088 et
2924 1035 3114 1088 iterum
3159 1034 3250 1087 Dei
3283 1034 3402 1087 boni
3448 1034 3623 1103 gratia
3652 1042 3707 1085 et

461 1122 844 1190 cooperatione,
909 1122 978 1174 ad
1051 1116 1460 1174 mediocritatem
1539 1119 1800 1172 maturius
1884 1129 2280 1185 remeaturum,
2328 1129 2376 1175 et
2436 1121 2569 1176 bona
2625 1107 2814 1175 nuntia
2896 1117 3281 1174 amabilissima
3335 1113 3459 1174 vita:
3515 1128 3710 1172 vestra

466 1208 763 1262 allaturum
816 1209 886 1263 ad
934 1206 1226 1263 Ecclesium
1302 1215 1554 1258 nostram.
1636 1203 1833 1260 Ibidem
1909 1215 2031 1274 post
2106 1222 2316 1276 pauca:
2371 1206 2524 1273 Quod
2572 1218 2750 1263 autem
2805 1201 3154 1264 sanctissimis
3203 1206 3438 1262 vicariis'
3470 1215 3712 1274 paterna

456 1296 760 1350 sanctitatis
790 1305 972 1350 vestra:
997 1294 1198 1361 adhucl
1223 1292 1712 1361 Constantinopoli,
1743 1306 1853 1361 quo
1881 1293 1946 1347 ad
1971 1293 2260 1348 concilium
2291 1304 2556 1350 venerant
2578 1296 2596 1364 )
2617 1295 2959 1363 prtesentibus
2982 1295 3498 1364 perfectum'non'est
3533 1307 3707 1362 neque

459 1383 622 1451 ﬁnem
655 1384 877 1453 accepit,
919 1397 1164 1452 rogamus
1190 1395 1326 1442 nunc
1355 1376 1631 1433 terminari
1661 1390 1708 1433 et
1745 1380 1953 1449 disponi
1975 1380 2222 1453 perfecte,
2251 1382 2542 1451 aciintegre
2578 1380 2740 1436 scribi
2771 1383 2839 1438 ad
2865 1382 3221 1436 humilitatem
3249 1391 3486 1434 nostram
3517 1379 3582 1433 de
3621 1378 3712 1430 hil

459 1461 762 1537 lectoribus,
806 1470 918 1540 qui.
949 1469 1085 1521 tonsi
1133 1474 1253 1520 sunt
1280 1484 1310 1519 a
1337 1465 1553 1528 Photio,
1585 1483 1772 1520 manus
1817 1467 2294 1539 impositione:qui
2336 1485 2454 1523 cum
2486 1470 2594 1523 sint
2639 1486 2765 1538 pene
2807 1469 3212 1523 innumerabilis
3245 1468 3618 1522 multitudinis
3649 1467 3711 1518 in

461 1558 724 1612 universis
763 1556 1056 1626 regionibus
1094 1563 1142 1608 et
1174 1551 1474 1610 civitatibus
1510 1551 1778 1619 Ecclesiae,
1811 1554 2082 1622 postulant
2113 1572 2177 1610 ea:
2210 1557 2518 1611 necessitate
2547 1557 2775 1610 aliorum
2803 1557 2919 1626 ﬁeri
2943 1557 3331 1610 sacerdotalem
3358 1566 3664 1622 provectum
3695 1571 3713 1608 :

463 1654 522 1699 ut
569 1660 942 1714 cognoscamus
985 1642 1146 1696 etiam
1185 1651 1234 1694 et
1278 1657 1432 1710 super
1478 1641 1576 1694 hac
1622 1659 1678 1696 re
1721 1654 1942 1696 vestram
1985 1638 2305 1699 voluntatem
2344 1654 2499 1716 atque
2531 1645 2798 1699 decretum
2833 1645 3123 1698 certissime
3162 1653 3211 1698 et
3251 1643 3715 1713 manifestissime,

462 1741 639 1786 utrum
666 1732 770 1785 sint
812 1731 958 1801 digni
989 1729 1283 1800 promoveri
1311 1731 1379 1782 ad
1416 1728 1639 1793 majores
1670 1728 1951 1783 sacerdotii
1984 1730 2200 1799 gradus,
2235 1748 2411 1786 annon
2453 1734 2558 1790 sint
2591 1747 2608 1784 :
2653 1731 2871 1785 dubium
2921 1733 3062 1785 enim
3101 1732 3200 1785 hoc
3244 1740 3451 1784 tantum
3482 1730 3708 1782 dimise-

462 1829 662 1877 serunt.
699 1818 764 1872 Et
820 1819 994 1872 adhuc
1047 1816 1374 1886 postulamus
1401 1817 1564 1869 etiam
1594 1816 1657 1871 de
1703 1817 1892 1870 intimo
1928 1817 2038 1876 ﬁlio
2081 1826 2262 1872 nostro
2287 1828 2335 1873 et
2366 1820 2663 1889 fortissimo
2688 1819 2927 1873 veritatis
2953 1819 3223 1889 agonista,
3258 1818 3434 1873 Paulo
3466 1818 3718 1872 videlicet

463 1907 866 1976 chartophylace
899 1914 978 1970 ut,
1032 1906 1079 1958 si
1109 1913 1186 1959 est
1234 1901 1502 1974 poss'ibilis
1547 1905 1602 1957 in
1651 1920 1768 1974 eum
1812 1905 2220 1971 dispensationis
2269 1907 2450 1976 aliqua
2495 1907 2656 1970 ratio,
2713 1907 2933 1974 recipiat
2984 1907 3301 1976 dignitatem
3348 1906 3718 1975 episcopatus,

465 1996 906 2065 quemadmodum
935 2001 983 2048 et
1007 2001 1166 2046 antea
1199 1993 1253 2045 in
1281 1992 1470 2045 litteris
1504 1993 1698 2047 nostris
1731 1992 2149 2062 efﬂagitavimus.
2186 1994 2383 2049 Deinde
2409 2010 2610 2064 quoque
2634 2009 2790 2062 super
2820 1991 3110 2058 I‘heodoro,
3138 1994 3229 2064 qui
3261 2010 3292 2046 a
3326 1991 3474 2046 nobis
3500 1992 3719 2063 quidem
3785 2050 3792 2054 ,

464 2093 798 2138 consecratus
815 2091 889 2137 est
916 2081 1247 2150 metropolita
1279 2077 1474 2146 Caria},
1510 2081 1734 2135 multum
1762 2091 1936 2135 autem
1976 2081 2233 2136 laboravit
2269 2091 2318 2136 et
2349 2082 2572 2153 afﬂictus
2593 2089 2671 2137 est
2703 2081 2766 2134 ab
2790 2082 2943 2135 initio
2966 2081 3183 2150 injustas
3211 2097 3273 2134 ac
3304 2081 3498 2150 iniquce
3527 2079 3706 2148 dejec-

466 2172 626 2225 tionis
663 2180 880 2233 nostraz,
913 2171 969 2224 in
998 2170 1296 2224 novissimis
1345 2185 1461 2223 vero
1492 2186 1610 2222 cum
1645 2171 1836 2223 misero
1877 2169 2066 2224 Photio
2096 2170 2424 2232 conveniens,
2454 2179 2668 2238 propter
2697 2169 2812 2238 ejus
2860 2168 3118 2222 immensa
3150 2155 3432 2232 tormenta,
3464 2182 3583 2235 qua:
3611 2164 3716 2218 sibi

467 2259 826 2312 resistentibus
857 2256 1134 2325 inferebat,
1165 2257 1420 2309 consensit
1449 2267 1497 2309 et
1526 2272 1686 2326 usque
1716 2256 1784 2308 ad
1813 2256 2055 2310 ultimum
2082 2257 2245 2325 ipsius
2310 2257 2447 2309 diem
2490 2259 2828 2324 replenitens,
2901 2256 3246 2309 nihilominus
3317 2270 3504 2307 rursus
3556 2251 3721 2306 corde

465 2346 694 2400 contrito
753 2353 802 2398 et
851 2345 1039 2412 spiritu
1081 2343 1399 2396 humilitatis
1450 2343 1651 2397 veniam
1695 2345 1962 2412 expetivit.
2011 2343 2404 2409 Prohibuerunt
2444 2346 2583 2398 enim
2627 2361 2745 2398 eum
2777 2345 3076 2400 sacerdotio
3108 2344 3260 2413 fungi
3299 2357 3511 2412 quoquo
3558 2340 3719 2393 modo

462 2433 787 2486 sanctissimi
821 2432 1006 2485 vicarii
1038 2425 1308 2484 Almitatis
1336 2429 1536 2498 vestrm,
1566 2439 1615 2482 et
1646 2433 1781 2497 quod
1811 2431 2180 2500 subscripserit
2209 2431 2263 2484 in
2284 2447 2399 2484 eam
2428 2447 2543 2502 qua:
2569 2431 2716 2500 facta
2740 2440 2816 2486 est
2847 2432 2980 2484 abin
2993 2431 3301 2501 felicissimo
3322 2429 3527 2489 l’hotio,
3560 2427 3719 2497 quasi

465 2519 720 2587 depositio
759 2518 1048 2573 beatissimi
1079 2527 1128 2570 et
1157 2518 1342 2586 optimi
1372 2517 1550 2571 Patris
1574 2519 1742 2571 nostri
1774 2516 1989 2570 Nicolai
2011 2517 2295 2572 decessoris
2322 2518 2634 2573 Sanctitatis
2664 2528 2787 2572 tute.
2822 2519 2948 2572 Haec
2977 2527 3122 2581 sunt,
3151 2517 3215 2572 de
3241 2517 3431 2586 quibus
3457 2530 3716 2584 rogamus

468 2604 817 2661 Sanctitatem
849 2615 1094 2671 vestram,
1131 2614 1187 2658 ut
1215 2605 1262 2657 si
1287 2603 1528 2672 possibile
1557 2605 1646 2669 sit,
1683 2608 1869 2658 utatur
1890 2605 2037 2658 verba
2056 2605 2467 2675 dispensationis
2495 2617 2543 2662 et
2571 2607 2946 2661 misericordias
2995 2607 3049 2660 in
3095 2606 3196 2671 his,
3237 2620 3353 2658 cum
3390 2603 3501 2656 alia
3533 2599 3718 2655 omnia

468 2694 724 2762 optimum
748 2703 796 2748 et
833 2693 1164 2747 commodum
1198 2691 1356 2760 ﬁnem
1387 2707 1449 2744 ac
1480 2692 1880 2760 dispositionem
1909 2692 2252 2762 susceperint.
2323 2736 2328 2739 ς

541 2803 656 2858 VII.
691 2802 799 2857 Sed
844 2803 1040 2857 horum
1084 2816 1206 2872 qua:
1235 2799 1962 2871 Constantinopolitanorum
2008 2806 2361 2874 imperatores
2388 2844 2402 2870 ,
2434 2818 2554 2858 cum
2591 2802 2897 2872 patriarcha
2937 2802 3068 2858 satis
3099 2800 3354 2856 humilem
3397 2801 3449 2855 in
3489 2798 3716 2854 modum

471 2891 815 2961 expetebant,
874 2888 1010 2942 nihil
1063 2888 1388 2954 auctoritate
1419 2904 1516 2944 sua
1542 2930 1556 2954 ,
1614 2889 1748 2944 nihil
1781 2891 2031 2960 precibus
2073 2892 2188 2948 suis
2230 2891 2611 2961 Theognostus
2646 2891 2714 2944 ab
2753 2889 2994 2944 Adriano
3040 2888 3318 2943 Photianis
3358 2887 3718 2956 implacabili,

471 2976 1085 3046 Constantinopolitanis
1113 2976 1450 3041 inexorabili,
1484 2976 1780 3031 obtinebat.
1805 2977 1858 3031 Id
1887 2993 1986 3033 nos
2017 2978 2284 3034 Adrianus
2311 2980 2363 3032 in
2396 2980 2592 3034 litteris
2630 2982 2695 3032 ad
2730 2976 3453 3041 Basilium,Constantinum
3487 2985 3541 3029 et
3578 2975 3720 3029 Leo-

472 3081 620 3131 nem,
670 3065 1024 3131 imperatores
1069 3062 1718 3133 Constantinopolitanos,
1741 3064 2032 3120 indictione
2067 3080 2132 3129 v,
2163 3065 2250 3120 die
2285 3066 2350 3119 l0
2386 3064 2744 3139 Novembris,
2776 3080 2824 3119 a.
2864 3079 2923 3119 c.‘
2957 3064 3082 3131 87i,
3119 3062 3356 3132 scriptis,
3397 3077 3534 3130 quas
3565 3061 3721 3115 Actis

472 3150 686 3206 concilii
707 3149 1290 3217 Conslantinopolitani
1310 3148 1375 3202 IV
1403 3148 1610 3204 Latinis
1635 3150 1845 3205 additas
1872 3142 2379 3220 reperiunus,do¢et
2404 3170 2417 3206 :
2453 3152 2724 3217 Quamvis,
2756 3152 2830 3205 ait
2859 3151 3014 3213 ibid.,
3049 3149 3216 3204 multa
3242 3150 3498 3202 instantia
3526 3157 3574 3201 et
3601 3165 3720 3201 Cer-

471 3248 647 3294 tamen
669 3237 766 3292 viri
796 3237 1188 3306 prudentissimi
1206 3245 1253 3290 et
1275 3228 1655 3307 religiosissimi
1680 3224 1948 3307 hegumeni
1979 3257 2040 3292 ac
2072 3242 2344 3293 sacrorum
2375 3256 2620 3292 vasorum
2669 3241 2900 3294 custodis
2927 3239 3261 3309 Theognosti,
3287 3239 3377 3307 qui
3404 3239 3465 3293 de
3500 3239 3718 3306 pietatis

470 3335 656 3382 vestra:
683 3325 959 3378 virtutibus
984 3332 1030 3377 et
1054 3323 1399 3392 probabilium
1429 3339 1633 3376 morum
1652 3324 1969 3393 insignibus,
1997 3336 2044 3377 et
2068 3335 2379 3395 tropaeorum
2413 3327 2690 3396 triumphis
2725 3366 2740 3392 ,
2767 3337 2920 3396 atque
2950 3328 3012 3380 de
3031 3327 3397 3395 beneﬁciorum
3425 3319 3719 3382 vestrarum

472 3413 557 3482 pie
589 3411 690 3465 sibi
724 3410 1078 3479 prtestitorum
1108 3407 1448 3462 multitudine
1483 3424 1574 3462 nos
1598 3409 1885 3477 plurimum
1928 3411 2175 3466 relatione
2213 3430 2310 3466 sua
2345 3413 2655 3482 lwtiﬁcavit,
2694 3423 2742 3467 et
2779 3413 3006 3482 qualiter
3049 3413 3230 3466 diebus
3263 3413 3454 3466 vestris
3485 3429 3717 3480 superno

474 3500 691 3554 brachio
718 3507 871 3566 atque
892 3495 1070 3551 studio
1096 3505 1145 3550 et
1174 3495 1416 3558 solertia,
1443 3504 1613 3550 vestra
1640 3497 2018 3552 Christianitas
2035 3511 2384 3570 prosperetur,
2408 3516 2682 3561 enarrans,
2716 3499 2783 3551 ad
2809 3500 3145 3552 multimodas
3176 3499 3358 3552 laudes
3380 3497 3438 3553 S.
3463 3497 3720 3551 Trinitati

473 3586 763 3642 reddendas
790 3627 804 3648 ,
835 3592 884 3637 et
916 3583 1120 3653 gratias
1146 3581 1438 3636 alacriores
1478 3583 1715 3638 exhibuit
1759 3585 1827 3636 ad
1855 3585 2123 3653 postulata
2170 3587 2419 3640 divinitus
2452 3587 2734 3640 muniendo
2761 3586 2981 3654 imperio
3011 3595 3176 3639 vestro
3222 3586 3575 3654 concedenda,
3619 3601 3712 3639 nos

473 3689 639 3743 supra
669 3673 880 3724 modum
903 3665 1278 3739 eﬁlagitaverit,
1304 3682 1352 3724 et
1396 3669 1535 3724 ultra
1570 3688 1728 3740 quam
1759 3673 1864 3726 dici
1891 3675 2074 3741 possit,
2101 3675 2255 3728 solito
2281 3685 2328 3727 et
2363 3675 2534 3742 prisco
2565 3692 2726 3739 more,
2762 3691 2822 3727 ac
2855 3691 2949 3743 pro
2979 3674 3352 3728 ecclesiasticis
3387 3674 3715 3728 utilitatibus

476 3760 770 3829 frequenter
800 3758 1030 3825 impenso
1054 3756 1244 3810 crebris
1262 3758 1678 3825 suggestionibus
1700 3761 2084 3829 investigaverit
2111 3777 2128 3821 ;
2149 3777 2303 3828 super
2319 3761 2502 3830 quibus
2523 3771 2714 3824 tamen,
2738 3771 2948 3830 propter
2970 3760 3086 3828 ja'n
3121 3761 3450 3829 designatum
3473 3775 3704 3811 causam

477 3848 606 3916 (non
635 3860 756 3900 esse
780 3844 1011 3914 partium
1044 3842 1249 3898 Nicolai
1284 3842 1299 3895 l
1335 3843 1562 3898 Romani
1598 3847 1891 3915 pontiﬁcis,
1924 3858 2036 3903 tum
2075 3848 2236 3902 etiam
2263 3863 2364 3902 suo
2408 3845 2575 3900 semel
2610 3847 2754 3900 edito
2785 3849 3030 3910 decreto,
3066 3845 3366 3900 Photianos
3406 3845 3714 3916 damnanti,

474 3932 811 3988 contrarium
846 3929 1138 4002 quidquam
1165 3930 1481 4000 admittere)
1519 3948 1610 3986 nec
1640 3949 1868 3988 annuere
1895 3951 2194 4004 possumus,
2226 3950 2317 3988 nec
2348 3934 2635 4004 quidquam
2676 3943 2864 4002 praeter
2890 3933 2964 4000 id,
2994 3934 3130 4003 quod
3150 3935 3268 4003 jam
3296 3932 3714 4009 euangelizatum

480 4030 576 4087 est,
603 4019 713 4079 ulla
743 4018 895 4073 modo
928 4018 1166 4086 delinire.
2336 4039 2339 4042 ί

1077 4136 1080 4138 ⁷
1135 4143 1462 4182 THEOGNOSTI
1506 4145 1736 4186 NONACIII
1768 4120 1988 4188 δεηιῐίτλ
2014 4149 2080 4188 DE
2103 4149 2266 4190 BEBUS
2297 4147 3057 4189 CONSTANTINOPOLITANORUI.

547 4239 685 4296 Vill.
713 4237 901 4311 lgnatii
923 4238 1510 4308 Constantinopolitani
1543 4235 1888 4312 patriarchas,
1912 4244 2000 4300 cui
2035 4248 2162 4302 sede
2193 4263 2286 4304 sua
2318 4248 2528 4316 deiecto
2558 4248 2852 4316 imperator
2881 4245 3108 4300 Michael
3138 4243 3392 4300 Photium
3417 4260 3712 4301 successo-

480 4343 594 4385 rem
627 4329 790 4392 dedit,
821 4342 1039 4382 causam
1072 4327 1336 4381 historico
1377 4329 1557 4383 libello
1611 4341 1980 4400 repraesentat,
2006 4350 2030 4389 c

2194 4335 2472 4405 inscriptio
2508 4353 2521 4390 :
2579 4333 2833 4396 M65110;
2858 4333 3127 4403 περιέχων
3154 4333 3329 4386 πάντα
3360 4331 3426 4384 τὰ
3456 4334 3604 4384 κατὰ
3628 4332 3712 4385 τὸν

485 4420 658 4492 μέγαν
697 4419 973 4484 Ἰγνάτιον,
1002 4417 1271 4486 πεμφθεὶς
1297 4418 1433 4488 πρὸς
1459 4419 1722 4474 Νικόλαον
1747 4425 1934 4477 πάπαν
1964 4423 2203 4495 Ῥώμης,
2223 4422 2731 4498 προσωποποιηθεὶς
2754 4421 2858 4474 ὑπὸ
2877 4420 3227 4489 Θεογνὼστου
3253 4419 3485 4490 μοναχοῦ
3510 4422 3607 4473 καὶ
3623 4423 3713 4491 ἀρ-

482 4503 829 4578 χιμανδρὶτου
845 4503 943 4572 τῆς
973 4504 1346 4572 πρεσϐυτέρας
1383 4504 1625 4577 Ῥώμης,
1665 4508 1759 4561 καὶ
1784 4509 2013 4579 ἐξάρχου
2046 4509 2686 4573 Κωνσταντινουπόλεως,
2716 4509 2795 4572 εἰς
2837 4507 3009 4577 ὄνομα.
3051 4507 3313 4576 Ίγνατὶου
3361 4505 3456 4559 τοῦ
3521 4525 3710 4576 πατρι-

385 4601 391 4609 ’
483 4594 677 4664 ἀρχουο
716 4591 944 4643 Libellus
973 4591 1240 4644 continens
1270 4601 1432 4645 totam
1469 4597 1642 4665 magni
1675 4596 1876 4666 Ignatii
1907 4615 2141 4663 causam,
2175 4601 2364 4651 missus
2401 4602 2468 4651 ad
2504 4596 2782 4650 Nicolaum
2815 4613 3006 4665 papam
3041 4594 3356 4658 Romanum,
3383 4596 3707 4662 conscriptus

479 4697 519 4733 a
543 4679 860 4746 Theognosto
877 4677 1126 4729 monacho
1143 4685 1188 4730 et
1208 4680 1618 4736 archimandrita
1641 4668 1822 4738 veteris
1843 4684 2042 4751 Roma’,
2065 4697 2113 4740 et
2131 4688 2355 4740 cxarcho
2375 4686 2916 4752 Constantinopoleos.
2937 4686 3141 4738 nomine
3161 4682 3359 4751 lgnatii
3374 4681 3703 4748 patriarchte.

554 4766 646 4819 ιχ.
676 4766 835 4817 Hunc
875 4762 1134 4827 libellum,
1167 4764 1434 4830 miserias,
1468 4782 1604 4834 quas
1629 4769 1868 4838 Ignatius
1891 4772 1942 4824 in
1983 4773 2176 4833 exsilio
2206 4788 2399 4843 passus
2423 4782 2559 4838 erat,
2593 4771 2814 4826 Nicolao
2841 4771 2859 4824 l
2883 4770 3120 4839 pontitici
3149 4769 3395 4823 Romano
3420 4783 3706 4822 recensen-

487 4865 617 4919 tem,
646 4852 856 4907 orditur
882 4850 949 4906 ab
978 4851 1144 4906 initiis
1198 4853 1391 4916 exsilii,
1425 4854 1568 4923 quod
1602 4856 1835 4925 Ignatius
1872 4874 1923 4912 a.
1950 4859 2011 4914 C.
2045 4861 2147 4916 858
2182 4861 2368 4927 subiit,
2398 4861 2655 4916 terminat
2691 4858 2745 4912 in
2773 4857 2923 4913 Actis
2952 4855 3548 4926 Constantinopolitani
3581 4871 3703 4911 con-

487 4941 618 5004 cilii,
656 4939 798 5006 quod
829 4938 1092 5008 lgnatium
1120 4940 1431 5005 damnavit,
1471 4957 1519 4994 a.
1549 4958 1598 4996 c.
1630 4942 1751 4997 861.

559 5025 624 5080 Χ.
677 5025 881 5082 Prodiit
924 5025 1106 5080 Grazce
1151 5035 1204 5080 et
1242 5026 1430 5082 Latine
1453 5071 1468 5094 ,
1499 5031 1790 5098 interprete
1837 5031 2341 5098 MaltlueoRadero,
2384 5035 2594 5089 concilii
2628 5031 3212 5101 Constantinopolitani
3262 5047 3312 5085 Iv
3341 5075 3357 5098 ,
3387 5033 3535 5103 quod
3573 5032 3703 5086 inter

488 5114 817 5168 tecumenica
847 5115 982 5168 solet
1011 5124 1257 5168 octavum
1291 5117 1597 5183 nominari,
1639 5119 1787 5174 Actis
1815 5118 2016 5175 Graecis
2071 5124 2381 5192 prwmissus
2405 5163 2418 5189 ,
2452 5121 2816 5182 Conciliorum
2879 5131 3012 5177 tom.
3049 5121 3155 5186 VL,
3201 5119 3422 5177 Parisiis
3464 5119 3623 5185 1056,
3653 5120 3701 5171 in

488 5200 589 5256 iol.
620 5219 633 5268 ;
667 5211 811 5257 tomo
848 5200 984 5265 Vill,
1017 5201 1170 5271 ibid,
1210 5202 1367 5269 l67l,
1398 5204 1447 5258 in
1479 5204 1572 5259 fol.
