3926 6308
156 446 272 512 διε)
1173 437 1568 501 ENCOMIUM
1610 438 1690 498 lN
1718 438 1763 497 Ο

1870 437 1970 496 ἘΞ
2007 436 2348 496 SANCTOS.
2841 470 2848 471 κ
3253 423 3364 489 850

1451 597 1494 604 ..ιΔ

848 685 1852 868 ΘΕΟΓΝΩΣΤΟΥ
1940 737 2708 859 ΜΟΝΑΧΟΥ

647 962 1222 1079 ΕΓΚΩΜΙΟΝ
1309 965 1480 1053 ΕΙΣ
1563 961 1850 1049 ΤΟΥΣ
1918 954 2321 1046 ΑΓΙΟΥΣ
2382 955 2920 1041 ΛΠΑΝΤΑΣ.

908 1315 912 1320 ’
957 1325 1862 1444 THEOGNOSTI
1940 1321 2586 1435 MONACHI

817 1569 1449 1665 ENCOMlUM
1524 1567 1649 1657 IN
1741 1564 2142 1658 OMNES
2213 1559 2758 1653 SANCTOS.

1286 1760 1507 1823 (Codices
1532 1756 1764 1819 Noniani,
1787 1772 1834 1820 p.
1863 1758 1966 1819 ιιι,
1989 1756 2098 1806 cod.
2145 1755 2247 1817 72.)

240 2091 507 2162 Λαμπρδν
529 2091 592 2145 τδ
613 2088 709 2160 τῆς
727 2069 922 2158 ’ἑορτῆς
951 2088 1123 2158 όμμα,
1157 2089 1250 2142 καὶ
1279 2089 1500 2158 φαιδρὸν
1527 2089 1585 2140 τὸ
1616 2088 1711 2156 τῆς
1745 2085 1768 2139 Δ

1886 2083 2224 2152 Magniﬁcum
2283 2080 2585 2136 festivitatis
2643 2075 3032 2146 spectaculum,
3107 2079 3158 2125 et
3211 2068 3388 2122 alacre

169 2160 614 2258 lﬂoﬁcdopy
652 2180 850 2251 πρέπει
889 2179 996 2250 γὰρ
1025 2180 1154 2249 ἡμῖν
1183 2179 1442 2257 ᾀσμάτων
1469 2177 1716 2246 ἐκλογὴν,

1870 2174 2096 2228 ectiunis
2121 2173 2388 2226 canticum
2424 2173 2436 2224 !
2479 2170 2731 2224 convenit
2771 2167 2914 2222 enim
2951 2164 3110 2218 nobis
3143 2160 3388 2216 cantico-

172 2271 287 2330 τοις
444 2245 716 2338 ’ᾲὰέιάτωᾲ
743 2245 945 2336 κυρίοις
965 2245 1230 2337 *ἑκῷωνείν
1257 2245 1353 2342 καὶ
1380 2245 1718 2334 σεϐάσματα.

1870 2279 1938 2316 tm
1955 2263 2267 2317 electionem
2287 2261 2444 2316 nobis
2462 2260 2794 2314 canticorum
2818 2253 3050 2308 dominis
3071 2261 3387 2319 expromere

157 2367 160 2371 ‘
187 2329 338 2424 Ἀλλ’
360 2329 514 2429 οἶμαι
538 2329 862 2429 ἀρξάμενον,
881 2375 943 2410 να
951 2329 1158 2427 {micat
1175 2340 1315 2428 ’πρός
1336 2358 1434 2426 τὴν
1457 2329 1609 2420 ἀξίαν
1630 2356 1722 2408 τοῦ

1870 2395 1873 2404 ν
1903 2352 2264 2407 venerationis
2289 2351 2515 2406 cultum.
2544 2348 2646 2403 Sed
2679 2349 2822 2401 hunc
2853 2345 2943 2413 qui
2979 2342 3238 2411 inceperit
3264 2353 3387 2392 reor
3457 2329 3464 2337 ’

174 2449 342 2516 λόγου
375 2449 681 2519 προφορὰν*
713 2436 1027 2518 ὑπερϐαίνει
1061 2447 1164 2517 γὰρ
1204 2449 1351 2516 ἡμᾶς
1383 2446 1481 2513 τὴν
1524 2446 1727 2514 εὐφρα-
1756 2502 1761 2506 ,

1870 2448 1888 2500 l
1914 2445 2126 2515 dignam
2151 2444 2418 2499 sermonis
2435 2443 2784 2511 prolationem
2811 2451 3134 2508 torpescere.
3161 2434 3393 2515 Superat

177 2510 325 2604 δίαν,
362 2541 392 2604 ἠ
418 2510 529 2590 τῶν
551 2510 959 2607 ’πεπραγμένων
986 2510 1162 2590 ἄθλων
1205 2510 1518 2588 πολυτέλεια
1538 2551 1553 2566 ο
1669 2534 1725 2586 δὲ

1870 2537 1964 2590 tim
2006 2546 2241 2615 nostram
2293 2534 2651 2603 eloquentiam
2704 2543 2975 2601 gestorum
3032 2510 3391 2582 certaminum

180 2627 510 2696 ὑπερσαϊνον
539 2628 616 2688 είς
661 2624 990 2696 ἐγχείρησιν,
1022 2623 1444 2695 δυσχερεστέραν
1491 2622 1602 2691 ἔχει
1631 2621 1726 2689 τὴν

1870 2627 2141 2696 lagnitudo
2163 2643 2178 2691 ;
2202 2625 2343 2694 quod
2371 2634 2545 2678 autem
2569 2622 2853 2678 COnamina
2881 2626 3100 2687 supcrat
3125 2615 3397 2670 dimcili0~
3504 2666 3506 2668 ,

182 2717 280 2770 τοῦ
308 2717 676 2786 σκοπουμένου
704 2713 1036 2783 κατόρθωσιν
1054 2727 1069 2742 ⁸
1115 2713 1232 2775 πῶς
1273 2713 1378 2783 γὰρ
1417 2711 1482 2766 ἀν
1512 2710 1728 2789 £55929.-

1870 2730 1967 2772 em'
1985 2719 2145 2772 habet
2172 2716 2432 2786 propositi
2467 2715 2688 2770 exitum.
2713 2713 2993 2778 Quomodo
3018 2712 3159 2766 enim
3183 2715 3399 2762 eructa-

186 2806 371 2875 ξωμαι
403 2810 513 2868 τοῖς
544 2806 774 2875 χείλεσιν
805 2804 992 2874 ὕμνον,
1025 2803 1339 2865 ἀδίστακτος
1390 2801 1464 2856 ὢν
1512 2791 1732 2855 δικαιω-

1870 2824 1899 2864 o
1941 2809 2101 2864 labiis
2150 2809 2430 2878 hymnum,
2459 2805 2899 2873 iustiﬁcationum
2946 2802 3035 2855 Dei
3075 2801 3297 2860 inscius,
3345 2805 3400 2849 et

190 2895 376 2963 μάτων
407 2895 559 2954 Θεοῦ,
602 2894 844 2964 ἀμύητος
899 2893 1283 2962 βεϐαιωμάτων
1333 2891 1600 2961 Xpmoii;
1630 2891 1731 2944 Γέ-

1870 2909 2141 2968 texpertus
2193 2897 2635 2953 conﬂrmationes
2689 2893 2889 2948 Christi
2931 2893 2950 2945 ἲ
3002 2891 3270 2959 Scriptum
3317 2896 3400 2941 est

189 3000 432 3054 γραπται
465 2985 570 3054 γάρ
592 2985 851 3052 ’Ἔεερεύ
863 2984 1064 3047 Εονται
1085 2983 1154 3035 τὰ
1181 2982 1352 3050 χείλη
1376 2999 1493 3050 μου
1523 2981 1734 3064 ὕμνον,

1870 2989 1975 3041 nim
2001 3005 2014 3042 :
2044 2979 2372 3040 Eructabunt
2400 2985 2543 3039 labia
2570 3001 2682 3037 mea
2712 2984 2983 3052 hymnum,
3012 2997 3130 3034 cum
3160 2981 3399 3033 docueris

192 3073 338 3127 ὅταν
389 3073 636 3142 διδάξῃς
672 3090 747 3143 με
776 3074 848 3127 τὰ
877 3071 1231 3140 δικαιώματά
1281 3087 1416 3126 σου.
1454 3072 1590 3125 Ἀλλ’
1620 3073 1731 3125 ἔστι

1870 3094 1914 3130 te
1954 3077 2358 3146 justiﬁcationes
2404 3076 2587 3130 tuas'.
2631 3073 2733 3128 Sed
2796 3083 2878 3129 est
2926 3087 3141 3142 quoque
3183 3070 3402 3124 verbum

193 3164 287 3217 καὶ
315 3164 470 3231 λόγος
507 3167 861 3234 πανεύπορος,
888 3164 1025 3232 ὑπὲρ
1053 3162 1206 3230 λόγον
1235 3162 1372 3232 ἔχων
1416 3162 1506 3216 τὸν
1549 3162 1723 3230 λόγον,

1873 3167 2381 3232 bundantissimum,
2414 3182 2575 3237 supra
2598 3167 2756 3220 verba
2786 3168 3006 3220 verbum
3040 3162 3261 3222 habens,
3292 3160 3406 3213 the-

195 3255 469 3327 θησαυρὸν
498 3255 632 3325 ἔχων
657 3255 908 3334 χορηγόν,
960 3253 1165 3316 ἐννοίας
1214 3253 1476 3320 εὐσεϐεῖς,
1516 3255 1610 3308 καὶ
1640 3257 1740 3326 ρη-

1872 3274 2060 3313 aurum
2114 3259 2401 3328 possidens
2455 3258 2756 3326 copiosum,
2817 3255 2935 3323 pias
2989 3253 3308 3316 sententias,
3355 3261 3408 3303 et

202 3348 390 3416 μάτων
420 3347 573 3410 ἀξίαν
597 3347 912 3416 εὐφραδίαν,
943 3347 1078 3419 πρὸς
1106 3346 1163 3398 όν
1193 3346 1615 3415 ἐπερειδόμενος,
1643 3345 1740 3416 ἅρ-

1870 3351 2058 3418 lignam
2105 3348 2252 3404 vocis
2292 3347 2670 3416 eloquentiam,
2727 3345 2814 3399 cui
2867 3344 3123 3397 insistens
3158 3341 3405 3410 incipiam

200 3435 363 3503 ξομαι
389 3435 566 3501 λέγειν
610 3434 761 3501 λόγια
802 3434 998 3502 ἀληθῆ.
1036 3433 1286 3504 Ὀρθίους
1316 3427 1408 3484 οὖν
1449 3431 1547 3494 τὰς
1574 3431 1741 3494 ἀκοὰς

1870 3454 2001 3494 νενοε
2026 3449 2305 3494 sermones
2327 3437 2493 3505 loqui.
2519 3435 2811 3490 Matutinas
2829 3449 2955 3504 ergo
2976 3448 3134 3487 aures
3167 3431 3405 3496 praeben-

201 3524 514 3592 στήσαντες,
542 3523 837 3590 ἀγαπητοὶ,
854 3521 951 3590 τὴν
980 3517 1073 3574 τοῦ
1100 3519 1360 3589 παρόντος
1385 3518 1746 3588 συγγράμμα-

1870 3544 1945 3592 es,
1977 3527 2333 3591 dilectissimi,
2379 3527 2656 3596 praesentis
2689 3526 2872 3594 scripti
2905 3533 3156 3578 accurate
3186 3521 3412 3588 accipite

203 3627 293 3674 τος
311 3611 575 3680 ἐπιμελῶς
602 3610 818 3674 δέξασθε
844 3611 1090 3679 διήγησιν
1110 3626 1123 3639 ·
1150 3608 1431 3662 ἐπίσταται
1460 3608 1566 3676 γὰρ
1586 3610 1618 3677 ἡ
1640 3607 1748 3661 τῶν

1870 3615 2214 3670 λεοίιαιὶοιιθιιι
2243 3633 2258 3680 ;
2289 3617 2391 3670 scit
2419 3616 2564 3669 enim
2594 3616 2879 3670 meliorum
2913 3613 3118 3668 auditio
3150 3613 3213 3665 ad
3244 3611 3412 3677 majo-

207 3701 527 3768 κρειττόνων
555 3699 835 3770 ἀκρόασις,
866 3699 1000 3767 πρὸς
1027 3697 1125 3766 τὴν
1156 3696 1264 3750 τῶν
1294 3691 1553 3766 μειζόνων
1592 3695 1748 3747 obto-

1870 3721 1964 3758 um
1988 3705 2396 3759 aaditlcationem
2419 3706 2617 3760 ducere
2647 3706 2746 3760 hos
2778 3705 2869 3773 qui
2894 3712 3096 3758 attente
3119 3700 3411 3755 auscultavi

207 3791 376 3861 δομὴν
406 3791 555 3856 ἄγειν
584 3791 709 3852 τοὺς
731 3787 999 3858 ἐπιμελῶς
1021 3786 1364 3850 ὲνωτίζεσθαι
1392 3785 1661 3847 θέλοντας.

280 3878 606 3947 Πολύανδρος
635 3880 666 3948 ἡ
692 3877 798 3930 τῶν
821 3875 1043 3944 ἀγώνων
1077 3875 1427 3946 ἀνδραγαθία,
1455 3878 1548 3928 καὶ
1586 3875 1749 3927 πολύ-

211 3987 410 4040 τροπος
430 3971 464 4039 ἡ
487 3969 590 4020 τῶν
611 3969 784 4022 ἄθλων
809 3966 1084 4038 προθυμία
1101 3982 1115 3995 ⁶
1143 3967 1201 4022 οὑ
1239 3967 1347 4036 γὰρ
1377 3968 1510 4038 πρὸς
1542 3968 1634 4019 ἕνα
1661 3966 1766 4020 καὶ.

213 4061 304 4112 δύο
333 4061 364 4129 ἢ
390 4061 516 4112 δέκα
543 4060 632 4111 τὸν
656 4057 904 4128 ἀριθμὸν.
922 4059 952 4112 6
979 4057 1070 4111 τοῦ
1104 4057 1377 4126 ἐγκωμίου
1407 4058 1752 4127 κηρύττεται,

215 4148 352 4200 ἀλλά
395 4148 524 4217 πρὸς
588 4135 812 4217 ἄπειρον
843 4145 1041 4215 πλῆθος
1071 4147 1259 4212 ἁγίων,
1305 4130 1611 4216 μαρτύρων
1662 4147 1756 4200 καὶ

215 4237 378 4289 ὁσίων
404 4253 418 4267 ·
441 4229 513 4288 ὦν
542 4235 646 4304 γὰρ
673 4233 838 4304 δῆμος
868 4233 1074 4304 ἀνδρῶν
1099 4232 1395 4303 ἀριθμῆσαι
1421 4235 1520 4286 οὐκ
1543 4235 1754 4302 ἐξίσχυ-

221 4345 299 4392 σε,
315 4328 532 4388 τούτους
560 4321 637 4389 εἷς
660 4327 751 4378 καὶ
778 4325 934 4394 μόνος
954 4325 1316 4395 εὐαρίθμητον
1342 4325 1451 4394 ἔχει
1479 4325 1575 4395 τὴν
1602 4327 1759 4379 ποσό-

221 4435 380 4488 τητα,
414 4417 591 4480 καθὼς
617 4417 776 4480 αὐτὸς
799 4418 828 4470 6
856 4411 1327 4485 είς-ἐθριάμϐευσε
1350 4417 1542 4484 λέγων’
1581 4417 1761 4490 ’Υέιῶν

222 4510 288 4562 δὲ
314 4507 413 4563 καὶ
442 4511 497 4561 αι
526 4509 722 4575 τρίχες
749 4507 856 4574 τῆς
883 4506 1149 4576 κεφαλῆς
1182 4505 1368 4560 πᾶσαι
1391 4507 1759 4575 ἠρίθμηνται.

236 4599 292 4652 '0
322 4599 498 4651 τοίνυν
513 4597 760 4665 ἀριθμεῖν
788 4596 977 4665 τρίχας
1008 4595 1294 4663 δυνάμενος
1328 4597 1525 4658 παντὸς
1559 4595 1762 4665 ἀνθρώ-

227 4706 352 4749 που,
389 4689 448 4740 οὔ
478 4687 674 4756 μᾶλλον
706 4686 995 4755 ἀριθμήσει
1031 4685 1138 4738 τῶν
1185 4687 1242 4737 ὲν
1295 4686 1400 4755 ὅλῳ
1450 4686 1527 4756 τῷ
1575 4687 1762 4755 κόσμῳ

232 4779 518 4849 μαρτύρων
566 4777 655 4829 καὶ
687 4777 846 4829 ὁσίων
872 4777 938 4828 τὰ
975 4773 1230 4845 σώματα;
1272 4775 1343 4828 Οὐ
1368 4775 1474 4846 γὰρ
1505 4777 1640 4844 πρὸς
1671 4776 1766 4829 ἕνα

228 4871 389 4922 τόπον
418 4867 475 4917 τὸ
500 4863 720 4933 πλῆθος,
752 4863 884 4916 ἀλλά
942 4864 1033 4915 καὶ
1059 4864 1176 4916 καθ’
1205 4864 1431 4916 ἕκαστον
1479 4867 1639 4917 τόπον
1701 4867 1767 4919 τὰ

231 4956 432 5025 πλήθη.
454 4956 660 5022 Ὥσπερ
688 4954 794 5020 γὰρ
826 4943 956 5004 Θεόῢ
990 4953 1048 5004 τὸ
1095 4954 1394 5020 ὑπέρογκον
1429 4955 1651 5022 μέγεοος
1679 4959 1770 5007 καὶ

233 5048 288 5100 ιν
320 5049 432 5107 τοῖς
457 5044 702 5114 ἀοράτοις
724 5043 1051 5112 ὲξήπλωται,
1079 5040 1217 5095 οὕτω
1247 5045 1337 5096 καὶ
1365 5047 1393 5097 6
1415 5045 1512 5115 τῆς
1538 5047 1772 5109 πίστεως

234 5136 394 5190 αὐτοῦ
415 5135 776 5204 ψυχοδὲσμιος.
801 5133 959 5201 ζῆλος
989 5133 1080 5185 καὶ
1114 5135 1192 5196 είς
1221 5135 1286 5186 τὰ
1330 5135 1540 5204 πέρατα
1573 5138 1668 5206 τῆς
1696 5139 1773 5190 οι-

235 5225 500 5293 κουμένης
525 5222 832 5290 ἐκκέχυται.
868 5220 956 5271 Διὸ
988 5221 1034 5271 εί
1059 5221 1148 5271 καὶ
1185 5221 1323 5272 κατὰ
1365 5222 1525 5273 τόπον
1547 5223 1605 5273 τὸ
1634 5221 1772 5274 πλῆ-

238 5315 342 5378 θος,
376 5312 487 5364 ἀλλ’
516 5313 592 5374 είς
620 5312 715 5364 ἕνα
743 5311 902 5362 τόπον
931 5311 959 5360 6
984 5309 1162 5372 πόθος.
1195 5310 1298 5371 υῦς
1333 5313 1437 5379 γὰρ
1482 5313 1512 5379 ἡ
1567 5313 1637 5380 γῆ
1686 5313 1772 5364 διὰ

239 5402 331 5464 τάς
387 5401 660 5459 κατοικίας
713 5398 960 5470 ἐχώριζε,
1003 5397 1220 5459 τούτους
1270 5399 1493 5466 οὐρανὸς
1544 5398 1630 5452 διὰ
1677 5401 1774 5465 τῆς
1816 5423 1821 5428 ·

241 5492 484 5562 ὁμονοίας
513 5486 824 5558 συνήθροιζε
845 5505 858 5518 ·
897 5487 988 5537 καὶ
1018 5485 1221 5552 γίνεται
1270 5486 1297 5535 6
1344 5481 1644 5552 σωματικὸς
1674 5505 1775 5556 χω-

248 5580 449 5652 ρισμὸς,
479 5579 839 5648 πνευματικὸς
868 5577 1186 5646 ἀθροισμός’
1224 5577 1314 5627 καὶ
1346 5577 1393 5626 οί
1418 5577 1475 5627 τὸ
1506 5576 1773 5648 βραχύτα-

319 5761 333 5792 ¹
375 5760 516 5814 Γδςιί.
548 5777 736 5825 eum,
769 5763 878 5818 ΠΙ.
957 5767 972 5796 ³
1015 5763 1195 5817 Matth.
1225 5741 1282 5828 ξι,
1318 5763 1402 5814 50.

1848 3795 2062 3849 volunt.

1918 3879 2314 3954 Multiplex'est
2351 3897 2656 3954 pugnarum
2692 3883 2900 3944 virtus,
2930 3890 2983 3934 et
3007 3879 3416 3934 diversissimus

1850 3977 2208 4030 certaminum
2236 3975 2438 4042 ardor;
2468 3991 2571 4029 non
2607 3976 2751 4028 enim
2792 3973 2846 4026 in
2881 3985 3045 4024 unum
3089 3970 3172 4023 vel
3196 3971 3303 4022 duo
3333 3969 3416 4021 vel

1852 4065 2036 4120 decem
2072 4079 2318 4131 numero,
2337 4063 2466 4117 illud
2496 4063 2800 4117 encomium
2825 4060 3212 4129 proclamatur,
3245 4057 3338 4111 Sed
3365 4057 3416 4108 in

1854 4155 2197 4208 innumeram
2274 4163 2623 4218 sanctorum,
2709 4161 3004 4220 martyrum
3084 4157 3139 4202 et.
3209 4148 3420 4216 piorum

1856 4243 2275 4298 multitudinem.
2319 4242 2465 4307 Quos
2497 4242 2638 4297 enim
2670 4242 2949 4295 hominum
2996 4239 3150 4292 turba
3179 4238 3423 4291 dinume-

1860 4349 1980 4388 rare
2030 4330 2135 4386 neu
2181 4333 2373 4400 potuit,
2405 4331 2599 4385 horum
2648 4345 2790 4384 unus
2831 4338 2883 4382 et
2915 4328 3064 4382 solus
3113 4327 3250 4380 Deus
3288 4326 3424 4378 bene

1859 4424 2176 4477 aestimatam
2198 4422 2344 4476 novit
2366 4422 2738 4490 quantitatem,
2766 4428 2824 4474 ut
2853 4421 2966 4488 ipse
2985 4419 3135 4472 solus
3160 4416 3424 4484 triumpho

1861 4496 2133 4569 decoravit
2153 4514 2242 4582 qui
2273 4513 2399 4568 dicit
2433 4533 2447 4566 :
2492 4512 2663 4566 Vestri
2699 4513 2887 4580 capitis
2925 4510 3102 4577 αιρὶΜὶ
3133 4525 3306 4562 omnes
3337 4524 3426 4559 na.

1864 4604 2050 4657 merati
2083 4605 2264 4657 sunt’.
2307 4601 2405 4668 Qui
2465 4602 2626 4671 igitur
2667 4603 2887 4670 capillos
2921 4615 3206 4653 numerare
3252 4607 3426 4666 potest

1792 4718 1834 4774 ε
1864 4695 2040 4747 omnis
2062 4693 2318 4758 hominis,
2346 4708 2524 4746 nonne
2553 4693 2722 4760 magis
2755 4690 3055 4744 numerabit
3078 4705 3196 4757 qua:
3225 4689 3276 4740 in
3315 4696 3429 4741 toto

1869 4784 2068 4838 mundo
2094 4783 2358 4837 exsistunt
2381 4791 2673 4852 martyrum
2709 4791 2761 4835 et
2793 4782 3003 4850 piorum
3036 4780 3424 4848 corporainon

1869 4873 2010 4926 enim
2061 4872 2125 4925 ad
2174 4887 2338 4924 unum
2385 4872 2559 4925 locum
2595 4870 2885 4924 multitudo
2910 4869 3168 4930 ‘adhteret,
3209 4869 3298 4921 scd
3332 4883 3427 4935 per

1871 4962 2050 5014 omnia
2089 4962 2206 5014 loca
2245 4961 2617 5015 multitudines
2657 4959 3051 5014 diﬂ'unduntur.
3103 4957 3234 5010 Nam
3286 4957 3426 5009 sicut

1877 5050 2322 5104 Deiimmensitas
2344 5050 2492 5104 vclin
2513 5050 2647 5104 locis
2683 5048 3045 5102 invisibilibus
3084 5046 3389 5100 extenditur
3413 5083 3427 5106 ,

1878 5141 1951 5194 ita
1977 5155 2194 5210 quoque
2213 5125 2347 5193 Alidci
2377 5140 2496 5208 ejus
2524 5140 2736 5192 animas
2765 5119 3041 5206 captiva'us
3071 5138 3214 5189 zelus
3243 5137 3306 5187 ad
3341 5151 3427 5187 or-

1881 5231 1966 5285 bis
1992 5231 2239 5292 ,ttuiversi
2270 5231 2527 5283 terminos
2550 5230 2782 5284 diffusus
2812 5239 2912 5284 est.
2949 5229 3123 5291 Quare
3147 5226 3190 5276 si
3215 5225 3426 5291 quidem

1880 5323 1930 5374 in
1967 5335 2065 5374 suo
2096 5321 2217 5374 loco
2248 5321 2533 5374 multitudo
2567 5330 2670 5384 est,
2703 5321 2798 5376 sed
2830 5321 2894 5374 ad
2926 5333 3085 5372 unum
3128 5315 3304 5366 locum
3338 5329 3432 5368 co-

1879 5410 2142 5478 gitamor.
2173 5408 2321 5475 Quos
2361 5411 2503 5463 enim
2535 5419 2675 5465 terra
2698 5426 2792 5480 per
2833 5406 3186 5463 habitationes
3227 5403 3427 5461 divisit,

1878 5500 1976 5553 hos
1999 5501 2192 5552 etelum
2223 5514 2316 5566 per
2347 5499 2602 5553 mentium
2635 5499 2883 5552 unionem
2909 5495 3184 5560 conjunxit
3219 5511 3231 5555 ;
3266 5494 3427 5557 [itque

1878 5588 2173 5656 corporalis
2215 5585 2431 5650 divisio,
2459 5587 2758 5656 spiritualis
2804 5579 3147 5648 conjnunclio
3185 5596 3197 5642 ;
3237 5587 3309 5631 ρι’
3335 5576 3422 5642 ιιιεὶ
