3926 6308
184 456 303 520 853

1211 453 1614 516 ENCOMIUM
1650 455 1730 517 ΙΝ
1768 457 2025 516 OMNES
2065 457 2411 520 SANC'I‘US.

3333 466 3438 530 85$

179 586 274 629 τες
313 569 525 638 ᾇσμασι
567 567 951 634 πνευματικοῖς
981 565 1072 617 τὸν
1098 565 1438 634 ἀγωνοθέτην
1464 566 1714 632 ἐδόξαζον

1858 578 1966 623 tam
2023 571 2411 626 collaudabant
2444 583 2498 626 et
2544 557 2726 628 cinere
2767 577 2973 628 externi
3006 566 3145 644 ignis
3205 582 3434 648 aspersi,

182 658 281 712 καὶ
309 659 380 727 τῇ
426 656 620 727 αἰθάὶῃ
665 657 762 724 τῆς
793 655 1083 726 ὑπερορίου
1127 657 1323 724 φλογὸς
1357 657 1752 726 δροσιζόμεναι,

179 750 280 813 τὰς
311 749 612 810 καυστικὰς
663 748 942 819 ἐνεργείας
989 751 1102 811 τοῖς
1151 747 1577 816 ὲξυπηρετοῦσιν
1628 752 1756 802 ἀντ-

131 883 138 889 .
179 842 470 910 ἔπεμπον·
505 840 684 903 καθὼς
715 839 829 892 ἔστι
870 841 1080 907 λέγειν’
1122 842 1224 893 Ἐν
1254 841 1376 905 τοῖς
1412 841 1608 909 ἔργοις
1636 841 1755 894 τῶν

120 965 137 1006 ί
177 931 606 1000 χειρῶναὺτοῦ
634 930 991 999 συνελήφθη
1023 934 1055 984 ὀ
1083 933 1449 1000 ἁμαρτωλός.
1492 933 1672 984 ’Λλλοι
1697 933 1752 984 δὲ

178 1023 237 1073 ἐν
301 1022 501 1093 σταδίῳ
552 1025 874 1092 κυνηγεσίου
921 1024 1056 1094 πρὸς
1112 1025 1276 1093 βορὰν
1307 1025 1513 1094 θηρίων
1549 1043 1754 1095 σπαρα-

179 1112 427 1182 χθέντες,
460 1116 550 1166 τὸν
583 1116 743 1182 φόϐον
788 1116 886 1184 τῆς
938 1117 1393 1185 προσδοκωμένης
1444 1117 1752 1201 θηριοδρω-

182 1205 308 1267 σίας
339 1206 452 1257 ἀντ’
482 1206 689 1268 οὐδενὸς
735 1207 1088 1276 ἡγησάμενοι,
1147 1208 1422 1278 ἀτάραχον
1479 1209 1569 1260 τὸν
1603 1209 1751 1277 λογι-

179 1297 322 1366 σμὸν
347 1299 558 1360 ἑαυτοῖς
588 1300 915 1369 κατήρτιζον
938 1315 950 1328 ·
984 1300 1199 1368 ἕτοιμον
1230 1301 1288 1352 τὸ
1314 1301 1504 1354 παθεῖν
1551 1301 1637 1354 διὰ
1687 1302 1750 1354 τὸ

175 1390 280 1460 ζῇν
313 1392 430 1460 μετ’
461 1383 811 1463 εὐχαριστίας
845 1394 1273 1466 προϐαλλόμενοι
1293 1415 1307 1428 ·
1341 1397 1390 1448 οἱ
1421 1395 1475 1448 δὲ
1499 1395 1750 1466 βλοσυροὶ

174 1482 272 1533 καὶ
319 1482 596 1536 ἀτίθασσοι
652 1485 904 1550 λυθέντες
955 1472 1148 1557 θῆρες,
1195 1488 1323 1550 τοῦς
1393 1489 1750 1557 κρινομένους

172 1573 440 1637 πολλάκις
471 1576 748 1641 ἐάσαντες,
797 1580 890 1631 καὶ
942 1579 1078 1648 πρὸς
1103 1581 1227 1644 τοὺς
1254 1579 1446 1649 κριτὰς
1475 1578 1748 1649 δρομαίως

173 1665 549 1733 χωρήσαντες,
578 1669 689 1729 τοῖς
711 1668 887 1721 ὀδοῦσι
915 1671 1288 1741 σπαράγματα
1314 1672 1425 1733 τοῖς
1453 1668 1750 1736 θεωμένοις

173 1755 454 1808 ἐδείκνυον
475 1774 488 1786 ο
513 1757 587 1818 ὡς
621 1757 869 1813 ἐντεῦθεν
893 1761 1155 1832 καθολικῇ
1186 1762 1473 1831 συμφωνίᾳ
1512 1759 1748 1829 μεγαλύ-

172 1846 367 1899 νεσθαι
390 1847 478 1900 τὸν
502 1849 656 1903 Θεόν.
673 1847 892 1920 Ἐῶρων
919 1853 1029 1922 γὰρ
1052 1853 1176 1916 τοὺς
1206 1852 1376 1921 θῆρας
1401 1849 1712 1914 ὲξουθενοῦν
1729 1879 1745 1892 -

1859 673 2104 717 urentem
2136 664 2242 716 vim
2278 665 2397 732 ejus
2431 666 2700 720 ministris
2740 667 3121 734 remittebant;
3159 670 3302 724 sicut
3329 671 3435 724 dici

1858 764 2035 822 potest
2062 772 2074 807 :
2107 753 2174 807 In
2217 757 2454 822 operibus
2487 773 2735 809 manuum
2775 759 2887 826 ejus
2937 762 3333 825 comprehensus
3361 771 3438 814 est

1855 847 2155 913 peccator‘.
2218 847 2318 899 Alii
2357 857 2534 902 autent
2579 849 2632 902 in
2689 850 2864 904 stadio
2913 852 3157 905 venatico
3203 866 3298 921 per
3347 867 3435 905 ra-

1856 937 1998 990 hiem
2025 937 2260 990 ferarum
2294 937 2536 1000 lacerati,
2565 952 2765 992 metum
2789 940 2920 994 feris
2951 957 3134 995 escam
3159 943 3434 1012 prazhemli

1857 1042 1964 1100 pro.
1986 1027 2154 1080 nihilo
2187 1037 2522 1095 reputantes,
2553 1030 2900 1086 firmam-silli
2934 1032 3172 1085 animant
3209 1048 3432 1102 compo-

1855 1119 2072 1183 nebant,
2105 1122 2170 1175 ad
2217 1123 2530 1192 patiendum
2583 1133 2823 1189 paratam
2854 1140 2976 1179 cum
3024 1113 3437 1195 gratiaruin'ac-
3486 1127 3489 1131 ’

1857 1211 1999 1265 tione
2046 1222 2105 1264 ut
2138 1213 2299 1264 vitam
2353 1215 2686 1282 attingerent
2719 1223 3085 1282 exponentes;
3121 1214 3215 1268 sed
3256 1215 3434 1268 horri-

1855 1301 1990 1354 biles
2047 1311 2100 1354 et
2152 1316 2533 1355 mansuescere
2604 1301 2802 1355 nesci-.e
2856 1303 2984 1356 ferae
3042 1303 3434 1358 condemnatos

1852 1409 1993 1462 saepe
2020 1393 2349 1464 linquentes,
2376 1407 2426 1448 et
2451 1395 2504 1447 in
2523 1394 2735 1463 juilices
2761 1396 3111 1452 vehementer
3137 1397 3428 1462 irruentes,

1851 1484 2102 1540 dentibus
2128 1486 2357 1539 lacerata
2386 1487 2629 1541 membra
2661 1487 2989 1542 mirantibus
3038 1489 3429 1552 ostendebant;

1851 1576 1922 1628 ita
1953 1587 2011 1629 ut
2038 1576 2164 1630 inde
2194 1578 2488 1631 univers:xli
2525 1589 2793 1632 concentu
2842 1579 3010 1633 Deum
3045 1581 3390 1650 magnificent
3411 1623 3424 1644 ,

1850 1666 2104 1719 videbant
2128 1667 2271 1719 enim
2306 1684 2333 1720 a
2369 1668 2497 1721 feris
2525 1659 2659 1743 ipsis
2678 1669 2810 1722 deos
2840 1671 3138 1723 contemni.
3163 1669 3225 1723 Et
3249 1669 3430 1723 videte

1849 1769 1964 1812 erat
1996 1759 2297 1811 mirandam
2335 1767 2389 1812 et
2422 1759 2713 1827 ancipitem
2763 1775 2946 1814 rerum
2983 1763 3422 1822 conversionem,

1845 1848 2058 1917 judices
2089 1849 2396 1917 judieantes
2426 1859 2477 1903 et
2513 1851 2905 1904 condemnatos
2940 1851 3181 1904 Vicissim
3223 1851 3425 1919 suppli-

171 1952 274 1999 τας
329 1939 518 2006 θεούς·
572 1941 666 1994 καὶ
717 1938 784 2014 ἦν
846 1943 1048 1998 ιδέσθαι
1105 1943 1565 2014 ἀντιπεριπλοκὴν
1632 1941 1733 1992 τῶν

1847 1937 1946 1990 ciis
1986 1937 2164 2002 affici;
2216 1940 2358 2007 quod
2414 1955 2508 2007 per
2561 1943 2836 1993 canticum
2889 1941 3130 1995 exaltare
3180 1917 3351 1994 decet.
3386 1941 3428 1992 0

171 2031 564 2098 πραττομένων
588 2033 903 2103 παράδοξον,
927 2035 1119 2104 κριτὰς
1147 2035 1430 2105 κρίνοντας
1463 2036 1554 2086 καὶ
1587 2033 1741 2086 κολα-

170 2118 434 2190 ζομένους
456 2163 470 2185 ,
504 2125 612 2176 τῶν
642 2125 918 2179 κολάσεων
965 2128 1382 2196 ἀνακτωμένους
1403 2142 1416 2156 ·
1468 2127 1606 2193 ὅπερ
1647 2126 1740 2176 καὶ

173 2215 311 2282 πρὸς
343 2214 510 2284 ὕμνον
561 2218 924 2288 μεγαλαυχεῖν
976 2218 1145 2284 ἀξιον.
1177 2220 1242 2271 Ὢ
1270 2219 1548 2288 δυνάμεως
1593 2216 1730 2284 ὑπὲρ

1847 2031 2065 2084 virtutis
2089 2047 2250 2100 supra
2271 2033 2522 2085 virtutem
2542 2034 2860 2086 exsistentis
2882 2024 3132 2102 potentia:
3148 2032 3387 2102 prodigia
3411 2033 3423 2085 l

1848 2122 1890 2176 Ο
1927 2124 2279 2192 providentia:
2323 2139 2484 2194 super
2536 2136 2770 2178 mentem
2826 2125 3185 2194 przcvidcntis,
3218 2139 3427 2194 magna:

1844 2215 2044 2270 mentis
2084 2217 2150 2269 ad
2171 2218 2470 2278 utilitatem
2517 2217 2710 2270 collata
2737 2217 2911 2269 dona!

168 2307 402 2376 δύναμιν
481 2309 712 2380 ἐχούσης
771 2312 838 2365 τὰ
889 2311 988 2381 τῆς
1045 2311 1361 2375 δυναστείας
1423 2310 1712 2380 θαύματαῑ
1743 2308 1787 2360 ῶ
1825 2309 2083 2379 προνοίας
2121 2310 2258 2381 ὑπὲρ
2300 2310 2508 2363 ἔννοιαν
2539 2309 2941 2378 ποονοουχέὲνης
2968 2309 3034 2362 τά
3062 2310 3158 2378 τῆς
3192 2309 3422 2379 μεγαλο-

170 2401 321 2464 νοίας
347 2401 480 2471 πρὸς
514 2402 574 2454 τὸ
597 2401 874 2473 συμφέρον
897 2403 1196 2475 δωρήματα
1223 2403 1234 2454 !

237 2495 354 2550 Καὶ
412 2489 555 2548 οὗτοι
588 2495 685 2561 μὲν
712 2493 880 2557 οὕτως
917 2494 1312 2564 προαιρετικῶς
1358 2493 1732 2555 κολασθέντες,

171 2585 539 2656 ἑνεργητικῶς
565 2584 620 2636 δὲ
657 2583 1022 2649 ἀθωωθέντες,
1051 2585 1353 2653 αὐτόματον
1395 2586 1492 2653 τῆς
1541 2587 1736 2653 κοιμὴ-

172 2692 309 2737 σεως
334 2674 580 2737 ἐδέξαντο
607 2679 702 2744 τὴν
734 2675 1033 2728 τελείωσιν³
1082 2675 1261 2744 ἕτεροι
1306 2675 1361 2728 δὲ
1421 2677 1521 2745 οὐχ
1552 2675 1693 2727 οὕτω
1716 2691 1728 2704 °

172 2764 584 2834 προειρήκαμεν
617 2766 746 2833 γὰρ,
777 2765 1073 2834 ἀγαπητοὶ,
1123 2766 1262 2817 κατὰ
1312 2764 1372 2817 τὸ
1406 2766 1601 2834 μέτρον
1639 2764 1731 2816 τοῦ

169 2855 630 2924 ἀγωνοθετοῦντος
659 2857 782 2917 τοῦς
805 2857 999 2917 ἄθλους
1027 2857 1249 2925 πρδςτδ
1276 2858 1554 2926 συμφέρον
1600 2857 1734 2924 Χρι-

172 2941 320 2996 στοῦ.
362 2943 519 2996 Ἀλλὰ
573 2944 722 3007 πῶς;
769 2944 1135 3013 Ἐμπαιγμῶν
1182 2947 1273 2998 καὶ
1328 2946 1605 3014 μαστίγων
1640 2948 1734 2996 καὶ

172 3034 416 3105 φυλακῆς
449 3038 641 3106 πεῖραν
669 3037 861 3088 ἔλαϐον
881 3052 894 3063 ·
926 3038 1073 3091 ἄλλοι
1117 3038 1173 3090 δὲ
1211 3037 1578 3100 λιθασθέντες,
1610 3055 1735 3106 πρι-

170 3125 412 3190 σθέντες,
447 3128 765 3195 σφαγέντες,
801 3128 900 3197 τὴν
933 3127 1186 3181 ἐντεῦθεν
1237 3127 1527 3182 κατέλιπον
1566 3130 1733 3199 πρόσ-

169 3237 360 3290 καιρον
387 3219 592 3292 φθοράν
614 3236 627 3252 ·
658 3221 751 3273 καὶ
777 3222 839 3273 οὐ
868 3221 999 3290 πῦρ,
1053 3221 1113 3274 οὐ
1167 3220 1336 3289 ξίφος,
1371 3223 1431 3274 οὐ
1458 3222 1618 3275 λίθων
1654 3223 1735 3291 βο-

1910 2487 1976 2542 Ει
2008 2487 2061 2542 hi
2089 2488 2304 2558 quidem
2332 2488 2410 2543 sic
2452 2489 2755 2542 voluntarie
2790 2488 3053 2552 damnati,
3100 2490 3192 2543 sed
3240 2491 3421 2545 effica-

1837 2578 1971 2632 citer
2003 2579 2259 2642 absoluti,
2296 2589 2648 2646 spontaneam
2705 2579 3055 2635 dormitionis
3092 2594 3419 2650 acceperunt

1835 2668 2114 2736 requiem;
2167 2670 2256 2722 alii
2297 2685 2422 2723 \cro
2463 2684 2568 2723 non
2628 2671 2729 2724 sic.
2763 2669 3008 2726 Diximus
3056 2673 3200 2725 enim
3236 2685 3415 2738 antea,

1833 2759 2271 2830 dilectissimi,de
2301 2777 2552 2815 mensura
2575 2763 2739 2825 illius,
2768 2763 2858 2834 qui
2885 2764 3100 2832 prmmia
3120 2766 3416 2822 secundum

1836 2854 2119 2907 utilitatem
2148 2854 2414 2922 cujusque
2440 2845 2673 2924 largitur.
2698 2855 2971 2911 Christus.
3006 2856 3294 2922 Quomodo
3325 2875 3422 2912 au.

1834 2953 1940 2996 teni
1992 2944 2172 2997 istud?
2223 2945 2563 3010 irrisionum,
2635 2943 3006 3012 flagellorum,
3058 2957 3111 3000 et
3157 2949 3420 3004 custodia:

1837 3036 2210 3105 probationem
2245 3047 2597 3104 receperunt;
2651 3038 2738 3089 alii
2773 3039 2900 3090 vero
2930 3038 3169 3106 lapidati,
3202 3043 3418 3107 rescmi,

1839 3129 1988 3191 cazsi,
2022 3129 2374 3197 temporalem
2404 3129 2739 3196 reliquerunt
2770 3132 3211 3197 corruptionem;
3236 3142 3288 3185 et
3321 3149 3418 3187 ne-

1840 3237 1946 3289 que
1998 3221 2372 3290 ignis,_neque
2404 3221 2636 3292 gladius,
2697 3238 2871 3291 neque
2923 3223 3163 3293 lapidum
3217 3225 3416 3293 jactus,

168 3312 279 3378 λαὶ,
305 3313 366 3365 οὐ
395 3312 637 3382 λέϐητες,
688 3313 750 3365 οὐ
782 3313 1068 3383 ξυστῆρες,
1107 3315 1166 3366 οῦ
1202 3315 1723 3385 στραγγαλιστῆρες,

1838 3328 2006 3382 neque
2035 3314 2254 3378 lebetes,
2286 3329 2462 3382 neque
2490 3313 2644 3366 ferrei
2697 3314 2902 3381 unguii,
2933 3329 3108 3383 neque
3163 3324 3418 3384 strangu-

169 3402 265 3455 οὐκ
297 3401 432 3472 ἄλλη
465 3421 545 3466 τις
572 3403 803 3473 ὀδυνηρά
844 3403 952 3457 τῶν
985 3393 1258 3457 κολάσεων
1305 3404 1567 3474 τιμωρία,
1608 3407 1734 3468 τοὺς

169 3493 527 3563 καρτερικοῦς
549 3493 765 3561 ἀγῶνας
784 3494 891 3547 τῶν
915 3495 1176 3562 γενναίων
1201 3496 1374 3563 ἁγίων
1395 3495 1730 3564 διέστρεφεν·

170 3583 282 3638 ἀλλ’
316 3587 374 3636 ὲν
407 3584 616 3648 τούτοις
646 3585 807 3638 πᾶσιν
837 3586 1322 3656 ὑπερνικήσαντες,
1357 3589 1452 3639 καὶ
1479 3587 1570 3640 τὸν
1594 3589 1738 3657 ἀγα-γ

169 3678 417 3746 στήσαντα
451 3677 695 3747 σφοδρῶς
726 3680 1143 3749 ἀγαπήσαντες,
1173 3681 1466 3735 κατέλιπον
1490 3683 1623 3752 ἡμῖν
1666 3682 1740 3746 τά,

169 3768 524 3823 θεοσύλλεκτα
554 3770 800 3839 λείψανα.
834 3772 943 3825 Καὶ
967 3770 1084 3835 πῶς
1107 3773 1462 3844 θεοσύλλεκτα
1484 3792 1500 3841 ;
1520 3773 1731 3841 \MdOw-

171 3877 296 3930 μεν,
324 3861 623 3932 ἀγαπητοί.
653 3863 829 3916 Τινῶν
874 3863 983 3934 γὰρ
1017 3864 1187 3932 ἁγίων
1216 3865 1356 3934 ξίφει
1383 3867 1729 3936 ἀποτμηθέν-

165 3969 294 4014 των,
324 3954 393 4006 τὰ
428 3953 654 4022 σώματα
684 3955 761 4017 ὡς
803 3954 1147 4026 βδελύγματα
1175 3961 1285 4020 τοῖς
1307 3957 1485 4020 ἀθέοις
1518 3961 1730 4028 κριταῖς

166 4047 243 4107 εἰς
265 4044 575 4116 θηριοήθεις
601 4046 819 4108 τόπους,
857 4047 943 4099 ἐπ’
973 4048 1202 4115 ἐδάφους
1227 4050 1473 4119 ῥιφέντα,
1507 4049 1621 4102 σῶα
1644 4050 1726 4102 δι-

166 4137 572 4208 εῖολάχθησαψ
600 4138 694 4191 καὶ
717 4139 778 4191 οὺ
803 4138 988 4208 θῆρες,
1017 4140 1115 4192 οὐκ
1163 4140 1291 4194 ἀλλο
1311 4158 1363 4193 τι
1387 4141 1496 4194 τῶν
1526 4158 1726 4211 σαρκο-

167 4229 393 4300 ϐρωτεῖν
415 4229 680 4282 εἰωθότων
708 4227 882 4294 ζώων,
910 4230 1115 4283 τούτων
1147 4231 1460 4299 ἐφάψασθαι
1483 4231 1722 4300 ἰσχυσενο

165 4318 276 4373 ἀλλ’
297 4321 436 4391 ὅπερ
462 4311 520 4384 ἕξ
543 4319 698 4382 ἔθους
725 4321 787 4374 τὸ
811 4308 1042 4391 τρώγειν
1067 4318 1216 4392 εἶχον
1241 4323 1722 4393 περισπούδαστον,

164 4413 318 4467 τοῦτο
341 4412 490 4482 παρά
523 4413 686 4481 φύσιν
719 4413 1015 4478 edomuit-5;,
1037 4414 1097 4466 τὸ
1135 4414 1400 4483 ἀσύνηθες
1453 4413 1572 4476 ἔθος
1625 4414 1727 4483 τῆς

166 4503 562 4574 παραφυλακῆς
587 4503 696 4555 τῶν
723 4503 999 4572 σωμάτων,
1017 4503 1319 4556 ἐδείκνυντο
1339 4521 1350 4533 ·
1367 4505 1458 4555 καὶ
1485 4503 1722 4570 γίνονται

167 4594 220 4646 οδ
256 4593 452 4664 επρώην
485 4594 869 4663 βροτοφθόροι,
906 4594 1096 4650 ἔπειτα
1130 4597 1608 4664 σωματοφύλακες.
1647 4596 1721 4646 Οῦ

169 4684 273 4756 γάρ
299 4679 439 4754 ἦσαν
458 4685 612 4737 κοινά
638 4687 706 4738 τὰ
738 4685 964 4756 σώματα
1000 4688 1132 4755 πρὸς
1158 4687 1553 4756 θηριοδρωσίαν
1573 4688 1722 4750 ἀξια,

167 4775 277 4828 ἀλλ’
319 4776 550 4828 ἐκλεκτά
580 4777 658 4837 είς
688 4777 1005 4846 εὐεργεσίαν
1036 4779 1278 4842 ἐξαίσια·
1335 4779 1472 4848 ὅπερ
1500 4779 1633 4830 πολὺ
1664 4779 1725 4831 τὸ

166 4867 418 4936 διάφορον
476 4871 588 4930 τοῖς
633 4868 890 4934 ἀσφαλῶς
947 4869 1317 4938 ἀκροωμένοις
1370 4860 1722 4939 συνέστηκεν.

171 4959 318 5013 Ἕσθ’
347 4961 433 5013 ὅτε
464 4960 572 5029 γάρ
601 4975 724 5012 τινα
757 4958 982 5029 σώματα
1016 4961 1153 5027 μετὰ
1183 4962 1289 5012 τῶν
1313 4962 1581 5013 ἐκλεκτῶν
1609 4961 1725 5030 ἅμα

169 5050 406 5117 ῥιφέντα,
468 5049 536 5101 τὰ
577 5049 676 5118 μὲν
721 5049 876 5117 ἀσινῆ
935 5049 1350 5118 διετηρήθησαν,
1391 5052 1458 5103 τὰ
1507 5051 1562 5103 δὲ
1598 5069 1723 5103 κατ-

169 5139 537 5209 εμειὼθησαν·
605 5139 779 5192 ἄλλων
842 5139 899 5189 δὲ
958 5139 1125 5206 ἁγίων
1176 5139 1528 5208 μαρτυρικῶς
1585 5141 1718 5208 πυρὶ

169 5231 494 5293 καυθέντων,
539 5231 568 5281 ὁ
612 5229 738 5298 χοῦς
762 5229 945 5300 ὥσπερ
970 5230 1080 5296 φῶς
1107 5233 1218 5292 τοῖς
1251 5231 1454 5292 πιστῶς
1483 5233 1718 5301 ἀρυομέ-

170 5335 272 5382 νοις
295 5319 614 5388 ἑξέλαμπεψ
652 5319 854 5387 ἑτέρων
905 5321 960 5371 δὲ
993 5320 1152 5371 πάλιν
1206 5321 1577 5389 καταμεληδὸν
1606 5321 1719 5373 δια·

169 5409 499 5480 τμηθέντων,
536 5413 625 5462 καὶ
654 5411 723 5461 τὰ
749 5412 881 5461 ὀστᾶ
901 5415 1103 5463 τούτων
1136 5412 1206 5472 ῶς
1251 5413 1453 5478 μισητὰ
1492 5416 1604 5474 τοῖς
1629 5429 1720 5463 κο-

173 5499 416 5565 λάζουσιν
449 5505 506 5553 ἐν
533 5503 1077 5571 ποταμοῖς-ῥιφέντα,
1109 5504 1168 5554 οὐ
1200 5502 1276 5571 τῷ
1307 5504 1518 5573 φυσικῷ
1547 5505 1718 5575 βαρή-

176 5609 294 5658 ματι
337 5593 474 5660 πρὶς
523 5591 584 5641 τὸ
641 5593 952 5660 κατωφερὲς
993 5593 1085 5643 τοῦ
1148 5593 1342 5661 βάθους
1392 5596 1718 5663 συνήρχοντο

173 5682 414 5750 βόλισμα,
454 5680 592 5733 ἀλλὰ
615 5684 680 5750 τῇ
714 5684 954 5754 ἀνωτέρᾳ
999 5685 1117 5753 ὄψει
1158 5683 1263 5736 τῶν
1311 5683 1513 5738 ὑδάτων
1559 5686 1714 5756 δίκην

227 5860 242 5889 ⁵
271 5857 416 5913 ϊωι.
452 5873 525 5918 tx,
567 5855 648 5910 l7.

1834 3403 2054 3468 latores,
2083 3421 2259 3474 neque
2283 3405 2430 3458 aliud
2461 3404 2732 3474 quoddam
2771 3405 3026 3458 acerbum
3048 3406 3417 3462 damnationis

1833 3495 2183 3563 supplicium,
2215 3510 2242 3549 a
2276 3497 2556 3564 generosis
2591 3495 2989 3550 certaminibus
3040 3506 3259 3550 sanctos
3297 3497 3416 3551 illas

1833 3585 2004 3640 fortes
2055 3588 2283 3652 avertit;
2318 3587 2410 3641 sed
2456 3588 2508 3640 in
2568 3588 2827 3641 omnibus
2885 3588 2967 3641 his
3015 3587 3320 3651 vincentes,
3363 3600 3410 3642 et

1835 3675 1979 3728 hunc
2012 3676 2102 3744 qui
2155 3675 2277 3730 illos
2326 3677 2531 3728 amavit
2582 3677 3220 3739 vehementeramantes,
3262 3668 3415 3730 nobis

1833 3767 2172 3835 reliquerunt
2212 3768 2440 3822 collecta
2477 3784 2504 3820 a
2539 3769 2646 3821 Deo
2676 3767 3017 3836 fragmenta;
3061 3778 3114 3820 et
3139 3768 3414 3836 quomodo

1833 3874 1862 3911 a
1899 3857 2009 3911 Deo
2036 3859 2304 3913 collecta?
2334 3858 2625 3912 Discamus
2662 3859 2737 3922 i‘d,
2775 3859 3143 3914 dilectissimi.
3174 3859 3413 3923 Quibus-

1829 3951 1952 4005 dam
1977 3952 2120 4006 enim
2145 3952 2348 4006 sanctis
2377 3952 2558 4020 gladio
2587 3953 2763 4015 etesis,
2795 3966 3020 4024 corpora
3047 3950 3191 4004 velut
3223 3955 3411 4005 sordes

1829 4042 1898 4095 ab
1941 4041 2122 4112 impiis
2166 4043 2444 4108 iudicibus
2499 4043 2552 4095 in
2606 4043 2742 4095 locis
2779 4041 3019 4095 ferarum
3069 4043 3302 4096 assuetis
3343 4044 3408 4094 ad

1834 4131 2009 4186 solum
2045 4133 2272 4201 dejecta,
2304 4148 2436 4187 sana
2474 4143 2793 4186 conservata
2831 4143 2992 4198 sunt;
3039 4147 3215 4202 neque
3258 4131 3408 4195 ferae,

1827 4239 2004 4291 neque
2033 4224 2178 4277 aliud
2201 4224 2471 4293 qiroddam
2496 4225 2813 4276 animalium
2846 4239 3010 4278 carne
3040 4225 3403 4289 vescentium,

1827 4317 1912 4371 his
1935 4317 2191 4370 accedere
2225 4317 2427 4385 potuit;
2457 4311 2558 4370 sed
2591 4314 2737 4384 quod
2774 4330 2804 4370 e
2840 4330 2993 4370 inore
3029 4316 3190 4369 edere
3216 4298 3410 4383 jucim,

1824 4410 1946 4463 dius
1993 4409 2280 4472 habebant,
2309 4408 2409 4461 hoc
2440 4417 2630 4461 contra
2675 4416 2926 4465 naturam
2951 4407 3288 4471 omittentes,
3317 4408 3368 4460 in
3389 4438 3405 4447 -

1826 4510 2039 4555 suetum
2069 4499 2336 4555 custodite
2376 4483 2582 4554 morem
2609 4500 2944 4567 corporibus
2977 4499 3315 4567 prmhebant,
3351 4510 3407 4551 et

1826 4607 1947 4661 qua:
1990 4598 2152 4644 antea
2198 4591 2510 4643 mortalium
2541 4604 2736 4643 carnes
2771 4590 3056 4653 vorabant,
3087 4589 3241 4642 factze
3279 4601 3406 4642 sunt

1828 4684 2022 4738 deinde
2069 4696 2358 4750 corporum
2404 4682 2679 4736 custodes.
2717 4679 2833 4734 Non
2886 4682 3028 4734 enim
3092 4682 3404 4735 cointnuuia
3435 4698 3446 4711 ν

1827 4783 1982 4828 erant
2011 4788 2236 4841 corpora
2273 4771 2337 4825 ad
2376 4755 2612 4846 ferarum
2642 4785 2823 4825 escam
2868 4769 3274 4830 convenientia,
3311 4769 3405 4822 sed

1829 4868 1943 4920 haec
1961 4866 2167 4939 abject-a
2189 4866 2358 4918 electa
2384 4871 2538 4917 erant
2560 4863 2624 4915 ad
2655 4863 2758 4915 hoc
2781 4860 3041 4915 ofliciunr.
3076 4862 3230 4927 Quod
3259 4867 3403 4918 mul-

1826 4972 1934 5011 tain
1955 4957 2156 5026 praebet
2178 4954 2534 5008 differentiam
2556 4954 2620 5006 ab
2643 4954 2734 5006 liis—
2753 4953 3054 5021 qute'solito
3085 4956 3396 5010 audiuntur.

1828 5047 2030 5116 fieinpc
2060 5047 2200 5116 quod
2234 5049 2481 5113 quaedam
2509 5060 2740 5111 corpora
2773 5059 2896 5098 cum
2922 5044 3006 5099 his
3029 5045 3214 5098 electis
3238 5046 3398 5099 simul

1825 5140 2092 5210 projecta,
2142 5139 2243 5191 alia
2291 5137 2508 5207 quidem
2558 5138 2765 5206 integra
2828 5147 3037 5191 servata
3087 5144 3249 5202 sunt,
3295 5138 3397 5190 alia

1822 5247 1954 5289 rere
2009 5232 2343 5285 comminuta
2396 5242 2544 5284 sunt.
2607 5229 2826 5284 Sanctis
2885 5241 3062 5282 autem
3111 5229 3398 5296 aliisigiie

1827 5321 2053 5384 exustis,
2072 5321 2210 5374 cinis
2230 5329 2287 5372 ut
2312 5320 2399 5373 lux
2432 5319 2747 5388 splendebat
2770 5319 2852 5373 his
2879 5320 2967 5386 qui
2988 5333 3107 5369 cum
3132 5316 3233 5369 fide
3254 5317 3395 5371 hunc

1828 5412 2172 5479 colligebant.
2195 5409 2418 5463 Cteteris
2443 5409 2494 5461 in
2523 5408 2692 5464 frusta
2713 5402 3120 5467 diSsectisrossa
3148 5415 3201 5457 ut
3232 5422 3396 5458 exosa

1833 5501 2127 5555 tortoribus
2160 5500 2212 5552 in
2255 5499 2447 5552 fluvios
2475 5499 2738 5566 projecta,
2767 5513 2870 5550 non
2906 5494 3133 5547 naturali
3159 5496 3396 5560 pondere

1827 5593 1890 5646 ad
1928 5590 2184 5644 inferiora
2214 5587 2394 5658 abyssi
2423 5588 2759 5650 labebantur,
2799 5586 2888 5638 sed
2920 5583 3184 5650 superiori
3225 5596 3392 5649 aqum

1835 5699 1951 5739 rum
2021 5682 2155 5736 facie
2222 5681 2434 5736 suberis
2495 5682 2663 5736 instar
2729 5675 3062 5741 innatantia,
3117 5685 3172 5729 ut
3225 5677 3392 5728 stella:
