3926 6308
485 263 590 324 855

1719 259 2195 322 THEOGNOSTI
2228 260 2568 322 MONACHI

3647 263 3762 327 856

488 379 796 444 radiantia,
855 379 940 433 his
1009 379 1099 448 qui
1173 380 1367 448 pietate
1446 377 1496 430 in
1576 377 1739 430 Deum
1815 368 2069 446 colligere

2192 376 2378 444 ρελλῶν
2411 375 2752 439 πλευστικῶς
2784 375 3200 441 ἐπιπολάζοντα,
3265 375 3454 450 ὥσπερ
3512 375 3755 445 ἀστέρες

490 466 777 520 studebant
808 469 1162 537 apparebant,
1191 466 1442 520 similiter
1475 469 1527 519 itt
1563 466 1696 518 mari
1721 467 1916 535 jaculis
1942 482 2067 521 sau-

489 558 628 611 ciata
660 559 885 612 alternis
924 559 1181 612 fluctuum
1213 559 1435 612 orbibus
1466 559 1604 621 elata
1628 566 1679 612 ct
1703 559 1754 610 in
1784 573 2067 624 arcnosam

492 657 690 703 terram
719 653 939 714 emissa,
984 651 1290 719 divinisque
1322 650 1689 704 indicantibus
1720 649 1975 717 prodigiis
2003 651 2070 702 ab

494 741 803 812 hominibus
855 742 959 810 piis
992 742 1233 805 inventa,
1272 742 1656 795 communibus
1685 741 1944 809 impensis
1974 758 2070 809 pu-

496 834 660 887 blicos
687 835 922 904 honores
957 846 1299 904 receperunt,
1325 835 1477 887 tnulti
1507 849 1726 904 quoque
1768 834 2071 887 remotiori-

495 925 595 979 bus
627 927 1249 996 tetnporibus,corporis
1282 928 1544 994 integram
1578 928 1908 994 sepulturam
1945 939 2068 979 cum

492 1018 846 1085 recepissent,
874 1019 975 1072 sub
996 1025 1194 1071 terram
1222 1017 1486 1080 occultari
1528 1026 1785 1087 perpetuo
1813 1033 1921 1070 non
1947 1032 2072 1070 sus-

493 1108 795 1173 tinuerunt,
813 1109 904 1163 sed
931 1110 1201 1163 revelante
1225 1109 1625 1178 apparitionum
1652 1104 1860 1164 v'isione
1895 1110 2073 1178 scipso

495 1197 926 1267 utanifestantes,
961 1201 1012 1254 in
1069 1201 1395 1256 catholicam
1431 1199 1802 1255 adorationem
1847 1216 2072 1270 proces-

491 1299 721 1356 serunt,
789 1292 1280 1359 thaumaturgicam
1373 1294 1624 1346 virtutem
1693 1293 2072 1350 invocantibus

490 1392 853 1450 prtestantes;
904 1393 957 1438 et
1011 1384 1124 1439 hazc
1178 1385 1465 1455 multiplici
1512 1386 1672 1440 modo
1728 1386 2072 1439 inventarum

492 1484 810 1530 sanctarum
845 1476 1197 1546 reliquiarum
1222 1479 1407 1547 pallia,
1443 1480 1507 1532 ad
1543 1495 1664 1549 quze
1696 1490 2068 1544 accurrentcs,

490 1564 799 1618 animarum
879 1575 933 1620 et
1006 1582 1302 1637 corporum
1349 1571 1688 1623 sanationem
1746 1569 2069 1625 invenimus.

493 1655 628 1708 Nam
666 1656 874 1710 debiles
907 1669 1128 1721 curant,
1167 1671 1394 1728 aegrotos
1453 1669 1673 1725 sanant,
1708 1660 2070 1716 dazmoniacos

493 1745 761 1814 liberant,
806 1749 1050 1818 leprosos
1105 1751 1412 1814 mundant,
1451 1752 1504 1807 in
1547 1752 1649 1806 fide
1681 1751 1807 1806 Jesu
1839 1752 2072 1818 Christi,

492 1842 605 1895 veri
649 1840 742 1894 Dei
795 1842 990 1906 nostri,
1020 1859 1124 1898 una
1159 1858 1280 1897 cum
1327 1855 1594 1900 ceteterno
1644 1846 1762 1915 ejus
1810 1845 1990 1910 Patre,
2023 1856 2077 1901 et

493 1932 710 1986 vivilico
740 1931 979 2002 Spiritu,
1004 1936 1088 1989 cui
1115 1936 1283 2005 gloria
1314 1945 1366 1991 et
1392 1939 1628 2006 potentia
1664 1937 1719 1990 in
1750 1939 1946 1991 saecula
1975 1953 2078 1992 sa:-

495 2023 768 2080 t-ulorum.
791 2027 985 2079 Amen.
1927 2029 1935 2032 ’

2172 469 2644 535 ἀκτινοϐολοῦντα,
2675 472 2788 533 τοῖς
2821 470 3086 531 θεοσεϐῶς
3123 469 3184 522 τὸ
3237 469 3519 534 συλλέγειν
3575 468 3755 520 ἐνδει-

2170 562 2459 631 κνυμένοις
2499 562 2883 630 κατεφαίνοντο
2907 579 2921 592 ·
2951 561 3212 626 ὡσαύτως
3238 562 3294 614 δὲ
3324 561 3417 613 καὶ
3461 564 3527 614 τὰ
3565 561 3626 611 ἐν
3655 561 3752 612 θα-

2169 651 2340 721 λάσσῃ
2368 651 2753 704 ἁκοντισθέντα
2775 655 2842 722 τῇ
2877 651 3263 720 ἁλλεπαλλήλῳ
3293 654 3438 721 φορᾷ
3489 651 3602 703 τῶν
3654 670 3752 704 κυ-

2173 749 2376 814 μάτων,
2404 744 2540 815 πρὸς
2573 743 2668 814 τὴν
2712 744 3147 814 ψαμμόστρωτον
3191 745 3294 813 γῆν
3323 734 3742 813 ἐκπεμφθέντα,

2172 836 2267 888 καὶ
2305 835 2467 898 θείοις
2509 835 2798 898 δεικτικοῖς
2832 835 3078 905 σημείοις
3111 834 3198 888 διὰ
3240 837 3495 908 χρηστῶν
3531 837 3744 907 ἀνδρῶν

2171 926 2480 996 εὑρεθέντα,
2515 927 2649 998 πρὸς
2704 926 2800 997 τὴν
2842 927 3026 995 κοινὴν
3059 927 3396 996 εὐεργεσίαν,
3446 927 3546 997 τὴν
3580 928 3746 996 δημο-

2172 1019 2294 1073 σίαν
2326 1018 2514 1072 ἔλαϐον
2537 1019 2858 1089 ἐμφάνειαν·
2877 1017 3060 1070 πολλοὶ
3090 1021 3183 1071 καὶ
3211 1019 3344 1089 πρὸς
3365 1019 3433 1070 τὰ
3468 1018 3746 1088 βαθύτερα

2176 1111 2341 1182 μέρη,
2394 1111 2670 1180 ὀλόσωμον
2700 1110 2798 1181 τὴν
2827 1111 3002 1182 ταφὴν
3036 1111 3336 1179 είληφὸτες,
3387 1112 3446 1163 τό
3501 1109 3611 1163 ὑπὸ
3642 1109 3746 1180 γῆν

2175 1204 2546 1258 καλύπτεσθαι
2573 1203 2833 1274 διηνεκῶς
2861 1204 2960 1255 οὐκ
2979 1203 3271 1272 ἠνέσχοντο
3289 1217 3304 1232 ·
3336 1201 3475 1254 ἀλλὰ
3509 1203 3577 1270 τῇ
3608 1202 3744 1252 ἁπο-

2172 1277 2482 1365 καλυπτικῇ
2515 1295 2623 1346 τῶν
2653 1294 2893 1364 ὀράσεων
2919 1293 3118 1362 θεωρίᾳ⁵
3145 1292 3369 1354 ἑαυτοὺς
3395 1290 3740 1360 φανερώσανσ

2171 1401 2284 1448 τες,
2311 1387 2390 1447 είς
2428 1384 2718 1455 καθολικὴν
2754 1383 3025 1454 προῆλθον
3078 1382 3472 1452 προσκύνησιν,
3528 1381 3738 1450 Gaetu-

2171 1475 2464 1545 τουργικὰς
2509 1474 2764 1545 δυνάμεις
2808 1477 2920 1538 τοῖς
2973 1473 3293 1544 ἐκζητοῦσιν
3346 1473 3736 1541 ἀπονέμοντες.

2177 1566 2288 1620 Καὶ
2316 1565 2487 1620 ταῦτα
2514 1565 2620 1619 τῶν
2654 1565 3006 1637 πολυτρόπως
3037 1564 3365 1636 εὑρεθέντων
3416 1565 3589 1630 ἁγίων
3634 1562 3739 1615 λει-

2175 1659 2358 1728 ψάνων
2390 1659 2458 1712 τὰ
2489 1659 2772 1730 σχήματαο
2827 1661 2885 1711 ἐν
2932 1654 3012 1720 οἷς
3075 1657 3524 1726 προστρέχοντες,
3553 1653 3738 1723 ψυχῶν

2105 1729 2152 1787 Β
2181 1752 2274 1804 καὶ
2310 1749 2578 1821 σωμάτων
2604 1729 2855 1820 ίατρείαν
2897 1748 3244 1818 εὑρίσκομεν.
3295 1747 3404 1798 Καὶ
3431 1747 3540 1815 γὰρ
3575 1744 3732 1797 ἀσθε-

2179 1841 2404 1904 νοῦντας
2437 1841 2818 1912 θεραπεύουσι,
2869 1839 3156 1903 νοσοῦντας
3203 1838 3517 1908 ρωννύουσι,
3553 1837 3739 1905 δαιμο-

2180 1933 2411 1996 νιῶντας
2462 1931 2828 2002 ἐλευθεροῦσι,
2887 1931 3121 1998 λεπροὺς
3167 1930 3511 1999 καθαίρουσι,
3561 1926 3738 1979 πίστει

2194 2026 2367 2098 Ἰησοῦ
2401 2024 2661 2096 Χριστοῦ,
2699 2024 2795 2079 τοῦ
2822 2023 3073 2096 ἀληθινοῦ
3105 2022 3240 2077 Θεοῦ
3287 2023 3463 2093 ἡμῶν,
3518 2020 3637 2090 ἅμα
3662 2019 3737 2090 τῷ

497 2117 812 2186 συνανάρχῳ
834 2117 997 2170 αὐτοῦ
1025 2119 1216 2190 Πατρὶ,
1237 2119 1334 2171 καὶ
1355 2117 1429 2190 τῷ
1447 2117 1693 2190 ζωοποιῷ
1710 2117 2003 2188 Πνεύματι·
2021 2112 2111 2190 ᾧή
2136 2118 2262 2184 δόξα
2288 2117 2380 2170 καὶ
2403 2118 2465 2169 τὸ
2484 2117 2681 2188 κράτος
2695 2119 2774 2181 είς
2801 2118 2922 2179 τοὺς
2943 2116 3140 2180 αἰῶνας
3160 2117 3266 2169 τῶν
3296 2115 3527 2168 αἰώνων.
3547 2114 3732 2182 Ἀμήν.

511 2310 3711 2339 mw

677 2439 1447 2566 THEOGNOSTI
1547 2457 2127 2546 LIBELLUS
2180 2459 2324 2544 AD
2400 2407 3113 2552 N'ICOLAUMI
3203 2459 3580 2546 PAPAM

645 2651 648 2656 '
1713 2628 1788 2689 ΙΝ
1821 2629 2056 2689 CAUSA

2193 2631 2240 2690 Ν
2247 2632 2397 2690 ATII
2431 2631 2539 2692 ΕΡ.

1185 2783 1240 2843 (Α
1253 2781 1349 2843 pud
1377 2779 1545 2839 idem,
1590 2777 1768 2832 Concil.
1796 2786 1912 2830 tom.
1935 2781 2060 2841 XVI,
2088 2782 2181 2830 col.
2208 2782 2316 2842 293,
2343 2783 2475 2832 inter
2495 2783 2614 2833 Acta
2636 2780 2829 2834 concilii
2851 2785 2943 2837 ΕΡ.
2968 2786 3076 2845 ιν.).

507 3013 744 3069 Libellus
781 3016 844 3067 de
882 3023 991 3067 tota
1029 3015 1206 3085 magni
1239 3012 1435 3084 Ignatii
1462 3035 1621 3072 causa
1656 3021 1846 3073 missus
1882 3023 1950 3074 ad
1981 3017 2081 3073 Ni-

2192 3017 2474 3078 Λίόελλος
2528 2977 2817 3081 περιέχων
2861 3012 3056 3085 πάντα
3092 3013 3163 3065 τὰ
3196 3012 3363 3085 ,κατὰ
3417 3013 3528 3085 τον
3560 3013 3744 3082 μέτω-

575 3085 785 3137 coluum
819 3100 1008 3158 pgpam
1050 3085 1366 3149 Romanum,
1397 3086 1593 3156 lgna/ii
1624 3092 1941 3158 patriarcha:
1986 3107 2082 3142 no-

553 3153 716 3206 'mine
763 3171 793 3205 α
840 3153 1164 3222 Tlteognosto
1244 3153 1495 3210 monacho
1528 3170 1594 3212 σει
1625 3153 1632 3158 ⁷
1661 3161 2084 3213 archimandrita

576 3225 761 3303 veteris
827 3223 1037 3290 Ronlw,
1088 3234 1135 3278 et
1205 3228 1430 3280 exercito
1503 3228 2084 3303 Constantinopolitano

578 3305 833 3361 scriptus.

580 3445 822 3515 lgnatius
856 3445 1140 3516 tyrannide
1168 3460 1482 3516 oppressus,
1511 3448 1802 3516 multisque
1829 3450 2085 3503 aerumnis

510 3537 880 3601 conflictatus,
917 3547 971 3590 et
1018 3537 1110 3604 qui
1162 3551 1375 3591 tnccum
1429 3538 1664 3592 infelicia
1704 3549 1942 3605 tempora
1990 3557 2085 3593 ex-

512 3632 645 3698 perti
690 3639 838 3694 sunt,
873 3632 1276 3700 metropolitani
1314 3634 1497 3687 decent
1533 3645 1587 3686 et
1627 3635 1931 3702 quindecim
1974 3637 2086 3702 epi-

512 3722 685 3791 scopi,
713 3722 1223 3776 cwttobiarcltaruttt
1251 3723 1473 3792 insuper
1517 3738 1579 3777 ac
1627 3725 2088 3793 presbyterorum,

513 3815 1030 3884 monachorumque
1101 3814 1312 3868 infinita
1364 3815 1695 3878 multitudo,
1746 3815 2092 3870 sanctissimo

517 3905 743 3957 domino
795 3914 984 3958 nostro
1031 3913 1082 3958 ct
1133 3905 1450 3959 beatissimo
1491 3906 1726 3974 prtesidi,
1775 3915 2089 3961 cunctarum

517 3993 724 4046 sediutn
753 3993 1100 4061 patriarchae,
1133 3993 1304 4046 sancti
1348 3995 1489 4050 Petri
1541 3996 1797 4063 principis
1826 3997 2094 4063 apostolo-

517 4097 638 4134 rum
673 4082 1000 4145 successori,
1042 4084 1382 4136 meumenico
1423 4098 1555 4151 papa
1599 4082 1841 4145 Nicolao.
1885 4086 2093 4153 episco-

521 4171 711 4237 pisque
741 4170 882 4223 illius
905 4171 1288 4232 sanctissimis,
1318 4180 1371 4224 et
1404 4173 1816 4236 sapientissimae
1841 4173 2094 4227 Ecclesiae

520 4260 779 4313 Romana:
815 4260 1083 4313 universa:
1118 4262 1169 4312 in
1209 4261 1442 4313 Domino
1480 4260 1730 4313 salutem.

2267 3090 2309 3141 ’1
2316 3085 2573 3155 γνάτιον,
2592 3084 2876 3152 πεμφθείς
2891 3084 3040 3149 πρὸς
3060 3083 3370 3155 ΝικόλαονΔ
3389 3083 3600 3135 πάπην
3614 3086 3742 3138 Ῥώ-

2247 3152 2384 3224 mg.
2422 3155 2973 3224 προσωποποιηθεὶς
3004 3152 3120 3224 ὑπὸ
3155 3152 3537 3224 Θεογνώστου
3562 3171 3742 3224 μονα-

2255 3222 2366 3294 χοῦ
2392 3224 2488 3276 καὶ
2516 3223 2972 3294 ἀρχιμαγδρίτου
3005 3222 3115 3288 τῆς
3168 3222 3576 3294 πρεσϐυτέρας,
3616 3222 3743 3275 ’Ρώ-

2250 3291 2392 3364 ﬁne,
2455 3294 2553 3364 καὶ
2603 3291 2862 3360 ἐξάρχου
2881 3292 3617 3364 ῌΚωνο-ταντινουπόλεως,
3661 3295 3744 3358 είς

2258 3360 2445 3432 ὄνομα
2486 3363 2763 3430 Ἰγνμτίου
2804 3360 2907 3414 τοῦ
2941 3361 3327 3428 πατριάρχου.

2272 3455 2526 3522 Ἰγνάτιος
2569 3455 2596 3506 ὁ
2647 3453 3021 3522 τυραννηθείς,
3053 3454 3144 3504 καὶ
3187 3453 3399 3514 πολλοῖς
3427 3456 3744 3522 πειρασμοῖς

2193 3544 2651 3617 προσωμιληκὼς,
2683 3547 2776 3599 καὶ
2804 3547 2854 3596 ol
2895 3546 2990 3597 σὺν
3022 3545 3143 3614 ἐμοὶ
3181 3545 3384 3596 τούτων
3410 3545 3518 3597 τῶν
3547 3547 3745 3616 καιρῶν

2190 3641 2383 3706 πεῖραν
2407 3635 2680 3699 λαὸόντες,
2712 3634 2840 3686 δέκα
2873 3633 3282 3703 μητροπολῖται,
3309 3634 3441 3684 δέκα
3487 3637 3622 3701 πρὸς
3643 3637 3744 3695 τοῖς

2191 3734 2228 3779 ε’
2281 3726 2587 3787 ἐπίσκοποι,
2636 3723 2949 3792 ἡγουμένων
2998 3740 3058 3774 τε
3116 3726 3209 3774 καὶ
3242 3723 3629 3792 πρεσϐυτέρων
3658 3727 3745 3775 καὶ

2192 3817 2392 3885 ἐτέρων
2426 3815 2672 3883 μοναχῶν
2705 3813 2904 3882 πλῆθος
2945 3815 3188 3882 ἄπειρον,
3217 3813 3291 3881 τῷ
3321 3814 3556 3885 δεσπότῃ
3599 3815 3744 3882 ἡμῶν

2190 3905 2268 3975 τῷ
2302 3903 2589 3973 ἁγιωτάτῳ
2620 3904 2712 3955 καὶ
2738 3905 3138 3973 μακαριωτὰτῳ
3172 3903 3416 3973 προέδρῳ
3444 3907 3537 3955 καὶ
3566 3921 3747 3973 πατρι-

2193 3999 2336 4066 άρχῃ
2356 3996 2572 4049 πάντων
2597 3981 2704 4047 τῶν
2746 3993 2968 4065 θρόνων,
3010 3995 3102 4046 καὶ
3133 3994 3221 4045 τοῦ
3249 3995 3545 4062 κορυφαίου
3579 3994 3745 4046 διαδό-

2193 4108 2292 4158 χῳ,
2343 4086 2436 4140 καὶ
2481 4085 2841 4156 οίκουμενικῶ
2870 4085 3123 4154 Νικολάῳ
3172 4086 3347 4152 nixa,
3394 4086 3628 4146 καὶτοῖς
3661 4085 3746 4136 ὑπ’

2193 4180 2354 4233 αὑτὸν
2385 4179 2703 4247 ἁγιωτάτοις
2733 4179 3066 4242 ἐπισκόποις,
3093 4179 3184 4230 καὶ
3216 4179 3361 4248 πάσῃ
3383 4181 3448 4246 τῇ
3473 4179 3745 4248 σοφωτάτῃ

2193 4271 2301 4325 τῶν
2341 4270 2624 4340 Ῥωμαίων
2665 4270 2955 4340 Ἐκκλησία
2990 4273 3046 4322 ἐν
3083 4271 3267 4340 Κυρίῳ
3301 4271 3531 4340 χαίρειν.

595 4350 728 4414 Quis
767 4351 914 4404 dabit
957 4351 1115 4418 capiti
1157 4365 1314 4415 meo,
1358 4359 1522 4406 utest
1575 4353 1625 4404 in
1658 4351 1826 4406 sacris
1854 4349 2082 4413 Litteris,

2269 4363 2363 4425 Τίς
2390 4363 2551 4414 δώσει
2593 4365 2665 4431 τῇ
2692 4362 2898 4430 κεφαλῇ
2931 4378 3032 4430 μου
3063 4360 3224 4430 ὓδωρ,
3273 4363 3411 4413 κατὰ
3444 4362 3503 4412 τὸ
3544 4361 3745 4428 Λόγιον,

525 4456 740 4508 aquam,
768 4450 820 4493 et
854 4441 1025 4494 oculis
1068 4441 1205 4494 mcis
1248 4440 1452 4494 fontem
1486 4442 1846 4510 laerymarunt
1874 4458 1889 4506 ;
1921 4453 1975 4495 et
2001 4443 2082 4496 de-

2192 4457 2284 4506 κα“ι
2309 4458 2418 4516 τοῖς
2449 4454 2747 4522 ὀφθαλμοῖς
2777 4471 2874 4520 μου
2909 4452 3089 4523 πηγὴν
3115 4453 3362 4522 δακρύων
3387 4471 3401 4518 ;
3447 4453 3540 4505 καὶ
3587 4455 3746 4506 κλαύ-

524 4531 746 4600 plorabo
797 4531 936 4583 mala
985 4548 1105 4598 qua:
1149 4532 1465 4585 acciderunt
1513 4533 1750 4596 mihi,'et
1791 4547 1978 4586 eorum
2006 4549 2077 4602 qu

2193 4562 2356 4614 σομαι
2384 4545 2452 4597 τὰ
2485 4545 2864 4614 συμὸεῦηκότα
2903 4562 2990 4614 μοι
3028 4546 3192 4607 κακὰ,
3229 4545 3320 4596 καὶ
3350 4545 3447 4614 τὴν
3486 4545 3594 4597 τῶν
3632 4546 3747 4596 διωο

525 4645 608 4682 me
626 4633 1050 4696 persequuntur,
1067 4628 1408 4682 barbaricam
1435 4628 1860 4681 immanitatem?
1881 4626 2082 4696 Frigori

2192 4635 2393 4690 κόντων
2428 4653 2493 4704 με
2528 4635 2818 4704 βαρϐάρων
2873 4635 3157 4704 ἀπήνειαν.
3221 4634 3308 4686 Ἐν
3337 4634 3493 4704 ψύχει
3531 4634 3638 4704 γάρ
3687 4650 3745 4703 με

524 4719 669 4771 enim
703 4729 755 4771 et
785 4721 1049 4785 nuditate,
1079 4719 1327 4785 fameque
1361 4730 1413 4772 ct
1446 4719 1703 4772 extremis
1735 4719 1889 4772 malis
1918 4719 2094 4772 omni-

525 4811 627 4864 bus
659 4810 838 4863 ittfesti
869 4795 951 4862 nte
971 4811 1154 4864 hostes
1181 4820 1232 4862 et
1261 4809 1522 4862 alastores
1547 4807 1904 4875 exagitarunt.
1927 4808 2094 4872 Quin-

528 4903 701 4955 decim
735 4903 878 4971 ipsos
912 4901 1026 4955 dics
1061 4901 1328 4954 acerrimo
1358 4902 1576 4967 frigore,
1611 4898 1835 4965 locoque
1875 4901 2096 4968 gelidis-

436 4974 439 4977 .
530 4991 690 5053 simo,
737 4991 1008 5058 ergastulo
1057 5006 1140 5044 me
1191 4992 1403 5042 occulto
1446 4987 1895 5057 tenebricosoque
1940 4990 2102 5042 rebus

532 5081 846 5135 destitutum
881 5082 1161 5137 omnibus
1187 5083 1547 5142 incluserunt,
1593 5080 1928 5149 vinculisque
1971 5095 2102 5133 con-

531 5174 884 5238 strinxerunt,
918 5177 1070 5228 itaut
1097 5175 1159 5225 ad
1195 5190 1277 5226 me
1301 5175 1447 5226 adire
1476 5173 1675 5225 nemini
1705 5174 1907 5226 visendi
1933 5189 2096 5227 causa

536 5265 738 5327 Iit-cret,
782 5267 968 5318 morbo
995 5265 1104 5330 jam
1141 5265 1273 5317 alias
1307 5265 1452 5332 gravi
1487 5262 1817 5316 laborantem
1854 5281 1865 5315 :
1905 5265 2096 5317 crude-

535 5355 635 5408 lem
671 5355 887 5424 insuper
921 5359 969 5406 in
1008 5355 1224 5407 modum
1252 5355 1581 5418 ceciderunt,
1616 5369 1910 5420 omnesque
1949 5365 2097 5409 artus

2200 4727 2290 4777 mi.
2320 4728 2617 4796 γυμνότητι
2648 4727 2742 4777 καὶ
2771 4726 2910 4796 λιμῷ
2941 4726 3030 4779 καὶ
3061 4725 3330 4788 παντοίοις
3365 4725 3542 4789 ἄλλοις
3572 4729 3746 4786 κακοῖς

2200 4817 2462 4886 ἐξήτασαν
2485 4818 2532 4868 οἱ
2567 4818 2884 4887 ἀλάστορες.
2915 4817 3218 4869 Δεκαπὲντε
3256 4817 3467 4886 ἡμέρας
3502 4818 3558 4869 ἐν
3591 4808 3746 4870 κατα-

2200 4907 2355 4976 ψύχῳ
2388 4910 2479 4959 καὶ
2510 4909 2660 4977 τόπῳ
2689 4909 2990 4978 καὶ-χρόνῳ,
3016 4907 3072 4960 ἓν
3099 4925 3202 4960 τινι
3229 4910 3356 4976 παρ’
3383 4909 3561 4970 αὐτοῖς
3589 4909 3745 4977 ἀπορ-

2203 5000 2350 5068 ρήτῳ
2385 5000 2904 5066 ἐγκατακλείσαντες
2949 5001 3203 5072 δωματίῳ
3249 5001 3518 5054 ἀδάπανον
3564 5018 3620 5053 τε
3664 5002 3745 5054 καὶ

2200 5091 2657 5160 ἁνεπισκόπητον,
2732 5093 3203 5162 κατεδέσμευσαν,
3267 5092 3360 5145 καὶ
3404 5092 3572 5145 ταῦτα
3618 5094 3744 5160 νόσῳ

2204 5179 2396 5248 βαρείᾳ
2432 5182 2991 5251 προκατειλημμένον,
3025 5182 3323 5246 αἰκίζοντές
3355 5199 3412 5234 τε
3438 5182 3640 5244 δεινῶς.
3666 5183 3745 5235 καὶ

2204 5273 2309 5320 πᾶν
2343 5270 2500 5336 μέλος
2539 5271 2866 5334 συνθλῶντες
2902 5273 3135 5342 ῥάϐδοις.
3168 5272 3331 5327 Ὀθεν
3362 5272 3417 5324 δὲ
3447 5271 3612 5325 ταῦτὰ
3671 5290 3745 5342 μοι

2205 5361 2589 5429 συνεκύρησεν,
2622 5363 2730 5416 ίδοὺ
2770 5365 2964 5432 γράφω
2989 5381 3003 5394 ·

535 5466 683 5508 mens
718 5454 1030 5505 verberibus
1057 5449 1377 5505 afﬂixerunt.
1413 5452 1640 5504 (Zausaut
1672 5466 1851 5520 porro,
1890 5466 1952 5504 ex
1979 5467 2082 5518 qua
2126 5453 2237 5505 bace
2267 5454 2318 5504 in
2351 5469 2434 5507 me
2463 5457 2600 5508 mala
2637 5458 3025 5522 redundarent,
3056 5472 3179 5511 erce
3203 5458 3311 5526 jam
3342 5463 3508 5511 totam'
3532 5469 3743 5524 expom.

609 5542 872 5597 V'ersabar
914 5547 962 5594 in
1013 5545 1256 5610 paLestr-a
1306 5554 1354 5595 et
1404 5543 1540 5596 lucta
1591 5560 1712 5597 cum
1760 5545 2100 5610 imperatoris

539 5637 800 5689 avunculo
848 5636 1183 5690 [\l'ultltldcln
1214 5639 1507 5689 lcxercenlc
1561 5635 1728 5688 Burdu
1755 5674 1768 5698 ,
1801 5651 1957 5703 quem
2001 5651 2100 5703 ρει)

2279 5548 2631 5617 ΙΙροῦπῆρχον
2658 5553 2715 5603 ἐν
2746 5552 2890 5620 πάλῃ
2926 5552 3018 5602 καὶ
3049 5552 3194 5619 μάχῃ
3243 5551 3375 5620 πρὸς
3425 5553 3510 5601 τὸν
3541 5549 3628 5601 τοῦ
3665 5549 3744 5616 βα-

2212 5638 2396 5701 σι>.ἑως
2427 5639 2566 5693 θεῖον
2624 5643 2830 5705 Βὰρὸαν
2884 5643 2969 5696 τὸν
3009 5644 3429 5711 τυραννήσαντα,
3469 5642 3559 5694 καὶ
3590 5641 3742 5694 παίων
