3926 6308
104 363 212 424 857
275 375 282 382 ’

1161 356 1528 418 LIBELLUS
1558 356 1654 415 AD
1683 355 2068 418 NICOLAUM
2101 357 2126 416 Ι
2168 358 2430 418 ΡΛΡᾹΜ.

3257 364 3362 428 8ζ8

103 480 217 537 τοῖς
252 477 345 547 τοῦ
381 477 691 547 Πνεύματος
723 478 898 546 λόγοις
953 475 1050 529 οὐκ
1093 475 1411 542 ἐπαυόμην·
1459 472 1675 523 ἀντετυ-

1786 472 1963 541 gladio
1997 472 2240 538 spiritus.
2269 488 2362 526 seu
2403 472 2566 526 verbo
2604 472 2693 526 Dei
2727 473 3043 530 cverberare
3072 492 3177 532 non
3217 479 3360 531 desi-

104 568 330 635 πτάμην
355 568 407 618 δὲ
441 570 560 628 ταῖς
582 566 829 628 ἀπειλαῖς
861 567 953 619 καὶ
978 564 1316 624 ἐπιϐουλαῖς.

189 655 254 708 ’11
294 656 349 709 δὲ
381 658 548 718 αἰτία,
578 659 656 718 ὅτι
685 658 913 727 ῆλεγχον
948 655 1130 709 τοῦτον
1161 654 1248 707 διὰ
1277 653 1375 722 τὴν
1412 652 1678 721 Ὶίρωδιαο

103 743 210 812 κὴν
240 747 616 815 χαμαιτυπίαν
640 760 652 773 ·
717 745 808 797 καὶ
866 745 939 812 μὴ
970 742 1293 811 πειθόμενον
1328 742 1431 804 ἔξω
1482 741 1686 808 ἐθέμην

103 835 206 902 τῆς
237 824 586 902 Ἐκκλησίας.
617 835 739 886 Ἐπὶ
757 833 963 895 τούτοις
987 834 1014 885 6
1033 832 1247 902 κρατῶν
1273 831 1523 899 ποτὲ.μὲν
1539 830 1688 882 ἐδυσ-

104 927 251 978 ώπει
291 943 378 996 με,
413 928 538 979 ποτὲ
566 927 610 980 δ’
641 926 851 996 ἠπείλει
883 925 947 977 τὰ
975 915 1143 988 δεινὰ,
1197 924 1244 974 εἰ
1291 922 1368 992 μὴ
1410 921 1687 989 πεισθείην

102 1017 366 1082 δέξασθαι
414 1018 505 1070 τὸν
541 1018 682 1070 θεῖον
719 1015 904 1069 αὐτοῦ.
967 1015 1053 1077 Ὠς
1103 1015 1158 1066 δὲ
1190 1016 1362 1082 τούτῳ
1393 1013 1635 1075 πεισθεὶς
1660 1015 1688 1065 6

105 1110 332 1174 κρατῶν
379 1109 650 1178 ⁴ῖιὸουλήθη
682 1110 779 1176 τήν
814 1123 871 1158 τε
933 1105 1143 1175 μητέρα
1195 1105 1290 1156 καὶ
1326 1105 1420 1164 τὰς
1455 1103 1687 1170 ἀδελφὰς

106 1199 497 1267 ἐξοστρακίσαι
529 1199 634 1250 τῶν
666 1198 973 1267 βασιλείων,
1000 1188 1350 1264 ἑγκελεύεταί
1382 1208 1472 1262 μοι
1505 1197 1684 1266 κεῖραι

104 1280 302 1352 αὒτάςζ
349 1287 489 1355 Ἰιγὼ
511 1289 553 1340 δ’
575 1289 675 1340 οὐκ
707 1288 1023 1362 ἐπειθόμην,
1059 1285 1148 1339 διὰ
1184 1286 1245 1338 τὸ
1275 1285 1384 1337 τῶν
1413 1285 1684 1352 γυναικῶν

107 1380 240 1447 περὶ
279 1378 377 1449 τὴν
403 1379 603 1450 κουρὰν
635 1379 908 1432 ἀκούσιον.
964 1378 1062 1430 Διὰ
1085 1376 1257 1429 ταῦτα
1284 1375 1415 1444 γοῦν
1465 1378 1557 1429 καὶ
1586 1377 1684 1444 τῆς

118 1469 453 1538 Ἐκκλησίας
494 1470 801 1540 ἀπηλάθην,
861 1465 981 1522 εἷτα
1047 1469 1139 1522 καὶ
1200 1467 1530 1538 ὲτυπτήθην,
1587 1468 1683 1520 καὶ

107 1558 434 1629 ἐξωρίσθην,
466 1563 558 1613 καὶ
585 1561 822 1630 δέδεμαι,
851 1561 944 1613 καὶ
970 1560 1290 1629 κέκλεισμαι
1320 1557 1426 1625 πρὸ
1451 1558 1548 1625 τῆς
1575 1557 1682 1609 τῶν

107 1651 229 1702 καθ’
252 1652 398 1719 ὑμᾶς
421 1652 618 1722 κριτῶν
646 1648 921 1724 ἐνδημίας.
952 1653 1057 1706 Ka‘t
1086 1653 1134 1703 οἱ
1158 1652 1252 1703 σὺν
1283 1651 1406 1720 ἐμοὶ
1427 1649 1482 1701 δὲ
1507 1651 1682 1703 ταυτὰ

109 1742 460 1793 πεπόνθασιν.
494 1745 559 1794 Ai
608 1743 662 1795 δὲ
693 1745 821 1814 παρ’
860 1744 1014 1812 ἡμῶν
1041 1741 1276 1795 δοθεῖσαι
1309 1743 1419 1803 τοῖς
1448 1741 1673 1793 ἐπισκό-

106 1846 230 1893 ποις
279 1832 547 1903 ἔγγραφοι
601 1834 834 1898 πίστεις,
891 1836 1060 1904 ἤγουν
1114 1833 1414 1895 ἐπιστολαὶ,
1471 1833 1559 1886 διὰ
1585 1832 1677 1886 τοῦ

105 1910 481 1992 πρεσϐυτέρου
516 1925 843 1992 Λαυρεντίου
877 1925 972 1978 καὶ
1007 1925 1115 1976 τῶν
1139 1923 1233 1977 δύο
1259 1923 1565 1998 Στεφάνων,
1584 1923 1676 1975 τοῦ

102 2026 160 2062 τε
195 2011 546 2065 ὑποδιακόνου
586 2017 678 2066 καὶ
709 2013 802 2066 τοῦ
855 2014 1064 2084 λαῖκοῦ,
1115 2014 1206 2076 οὓς
1233 2015 1326 2066 καλ⁸
1353 2013 1675 2085 ὲνωρκώσα-

108 2118 230 2168 μεν,
266 2106 388 2166 ταῖς
416 2107 567 2175 χερσὶ
603 2106 699 2174 τῆς
739 2107 834 2174 σῆς
875 2107 1156 2176 ἁγιότητος
1196 2105 1362 2168 αὑτὰς
1411 2105 1676 2177 ἁποδοθῆσ

105 2209 213 2266 ναι,
241 2195 512 2262 ἄπρακτοι
545 2198 939 2264 μεμενήκασιν.
1558 2264 1560 2266 τ

105 2265 114 2274 ’
187 2281 277 2342 Ὠς
300 2282 355 2334 δὲ
381 2283 724 2352 παραστῆναι
755 2283 1119 2352 ὲκελευὸμεθα
1144 2296 1222 2345 εις
1247 2285 1305 2337 τὸ
1334 2286 1676 2354 Καῖαφαῖκδν

105 2372 284 2424 ἐκεῖνο
309 2376 608 2443 κριτήριον,
639 2377 947 2446 ὲκράξαμεν
972 2379 1063 2429 ἐπὶ
1090 2379 1188 2443 τῆς
1218 2379 1371 2448 ὑμῶν
1395 2381 1676 2449 ἁγιότητος

105 2460 538 2529 προκαλούμενοι
565 2464 836 2534 κριθῆναι.
895 2465 1032 2518 Ἀλλ’
1063 2467 1234 2530 οὐδεὶς
1265 2463 1332 2536 ἦν
1364 2469 1391 2520 6
1439 2468 1671 2522 ἀκούων.

105 2550 262 2604 Μετὰ
284 2551 440 2604 τοῦτο
465 2554 786 2625 μετάκλητοι
809 2555 969 2608 πάλιν
989 2557 1262 2627 γενόμενοι
1286 2559 1671 2629 ⁴ίιριιιτιίλσιιιμενο

107 2642 231 2704 Πῶς
259 2643 508 2695 κελεύετε
530 2647 699 2714 ἡμᾶς,
730 2663 772 2699 ω
796 2647 1054 2718 Πατέρες,
1091 2650 1222 2719 πρὸς
1256 2651 1396 2719 ὑμᾶς
1434 2667 1672 2720 παραγε-

107 2730 330 2798 νέσθαις
360 2733 431 2794 ὡς
466 2735 730 2804 μοναχοὺς
754 2737 848 2789 καὶ
877 2738 1220 2802 καταδίκους,
1253 2741 1284 2808 ἢ
1313 2740 1388 2802 ὼς
1415 2741 1669 2809 κριθησο-

111 2823 342 2890 μένουςς
380 2824 485 2876 Καὶ
540 2825 890 2895 ἁντέπεμψαν
921 2830 1072 2899 ἡμῖν,
1124 2831 1206 2883 ὅτι
1248 2829 1333 2892 Ὦς
1362 2831 1481 2882 ἐστὲ
1513 2829 1670 2894 ἄξιοι.

120 2912 492 2984 Ἐφορέσαμεν
544 2915 636 2969 οῦν
685 2917 780 2978 τὰς
813 2918 1086 2985 ἱερατικὰς
1135 2919 1344 2984 στολὰς,
1383 2921 1476 2972 καὶ
1506 2920 1676 2984 οὕτως

110 3003 424 3074 ἐχωροῦμεν
455 3005 589 3073 πρὸς
619 3005 689 3059 τό
706 3007 1000 3079 συνέδριον,
1053 3009 1085 3078 ᾗ
1125 3011 1325 3078 μᾶλλον
1379 3012 1550 3062 εἰπεῖν
1579 3012 1674 3081 λῃ-

110 3095 350 3164 στήριον.
403 3096 510 3148 Καὶ
538 3096 610 3159 ὡς
656 3098 881 3169 πλησίον
911 3101 1244 3169 γεγόναμεν,
1279 3101 1499 3170 πέμψας
1534 3104 1561 3153 6
1582 3101 1674 3154 τύ-

111 3199 307 3254 ραννος
329 3185 419 3238 ἐπὶ
456 3187 552 3257 τῆς
582 3187 874 3258 λεωφόρου,
908 3189 1005 3258 τὴν
1035 3190 1186 3259 ἱερὰν
1216 3190 1438 3243 ἀποδύει
1462 3191 1672 3261 στολήν.

107 3272 241 3331 Εἶτα
265 3277 342 3341 ὡς
381 3277 526 3331 ἔνδον
549 3279 640 3333 τοῦ
663 3280 766 3333 νεὼ
789 3281 1092 3350 συνωθίσθη
1102 3299 1220 3350 μεν,
1262 3281 1675 3334 ἀποστέλλονται

114 3371 250 3441 πρὸς
269 3374 418 3442 ἡμᾶς
440 3373 488 3424 οἱ
517 3375 913 3445 προρῤηθέντες
930 3376 1076 3444 τρεῖς
1105 3375 1212 3427 τῶν
1243 3374 1446 3444 κριτῶν
1470 3375 1676 3442 ὑπηρέ-

115 3478 224 3526 ται,
260 3464 289 3515 ὂ
323 3480 377 3515 τε
403 3464 727 3532 Δαυρέντιος
763 3467 854 3517 καὶ
888 3467 936 3518 οἱ
963 3464 1057 3518 δύο
1090 3465 1368 3532 Στέφανοι,
1411 3467 1503 3517 καὶ
1527 3460 1677 3517 εἷπον

111 3555 248 3621 πρός
283 3569 351 3622 με
375 3569 390 3582 ·
426 3553 490 3605 Τί
521 3554 602 3606 ὅτι
638 3556 1080 3626 κατεγνωσμένος
1132 3556 1223 3608 ἐπὶ
1267 3546 1556 3617 τοσαύταις
1589 3556 1676 3608 al-

109 3641 254 3702 τίαις
287 3642 382 3695 καὶ
407 3642 804 3712 καθῃρημένος,
857 3645 954 3713 τὴν
1000 3644 1151 3713 ἱερὰν
1192 3643 1494 3716 ἐτόλμησας
1523 3660 1678 3713 περι-

111 3730 369 3785 ϐαλέσθαι
406 3733 632 3802 στολήν;
698 3735 1140 3796 ’Δποσπάσαντες
1192 3734 1282 3787 οὖν
1315 3752 1396 3803 ιμε
1451 3735 1555 3786 τῶν
1581 3734 1676 3785 σὺν

116 3822 238 3889 ἐμοὶ
294 3821 406 3893 βίᾳ,
439 3823 596 3892 μόνον
627 3823 704 3893 τῷ
749 3825 1038 3893 κρατοῦντι
1087 3827 1435 3894 παρέστησαν
1461 3840 1473 3853 ·
1533 3825 1624 3876 καὶ
1649 3825 1674 3874 6

114 3912 330 3977 κρατῶν
363 3911 520 3974 εὐθὺς
543 3911 727 3982 ὕϐρεσι
757 3913 942 3966 πλύνει
969 3932 1056 3983 με.
1094 3914 1257 3982 Ἐμοῦ
1291 3913 1345 3966 δὲ
1373 3913 1675 3983 φιλανθρω-

115 4002 353 4070 ποτέρας
381 4003 477 4065 τὰς
534 4003 717 4073 ὕϐρεις
750 4005 856 4056 τῶν
886 4005 1129 4074 βασάνων
1183 4005 1444 4067 εἰπόντος,
1483 4004 1674 4072 μικρὸν

117 4093 423 4144 κατέπαυσε
453 4093 542 4145 τὸν
577 4093 765 4163 θυμὸν,
786 4095 879 4148 καὶ
907 4097 985 4158 εἰς
1013 4094 1378 4162 ξυλόσκαμνον
1411 4092 1675 4163 καθεσῡῆ-

117 4180 200 4232 ναι
234 4197 306 4249 με
335 4181 581 4233 ἐκέλευσε
601 4199 614 4212 ο
667 4183 760 4236 καὶ
810 4183 1054 4251 διαλόγου
1093 4185 1343 4268 ,μεταξὺ⁹
1370 4183 1670 4253 γεγονότος,

126 4268 459 4322 Ῥαδίουλδον
509 4270 911 4343 [Ῥαδούαλδον]
965 4274 1054 4325 καὶ
1121 4274 1389 4344 Ζαχαρίαν
1451 4274 1674 4343 ἐζήτουν

117 4358 552 4428 προσαγορεῦσαι
592 4361 717 4421 τοὺς
763 4361 1157 4431 τοποτηρητάς.
1216 4363 1324 4413 Καὶ
1372 4361 1675 4424 ὲνδοθέντος

1793 565 2018 628 neham;
2051 567 2140 631 qui
2173 575 2361 618 contra
2387 579 2471 618 me
2506 566 2669 619 minis
2705 567 3026 637 insidiisque
3053 571 3354 638 appetebat.

1859 657 2251 723 Argumentum
2279 667 2331 709 et
2366 671 2532 710 causa
2563 660 3000 725 reprehensionis
3034 671 3149 715 erat
3185 662 3357 716 Hero-

1790 744 2007 796 dianum
2049 745 2100 798 in
2138 742 2305 798 Bai-da
2350 746 2658 814 exemplum
2687 757 2736 801 et
2779 749 3035 803 incestus.
3066 751 3198 805 Eum
3231 768 3357 806 con-

1789 843 2078 898 tumacem,
2110 851 2283 904 neque
2330 836 2736 905 resipiscentem
2791 839 2860 893 ab
2896 829 3125 894 ecclesia
3170 841 3354 910 rejcci.

1788 923 1991 978 Deinde
2016 912 2312 992 imperator.
2341 927 2455 996 ipse
2503 927 2663 982 modo
2694 945 2789 997 pro
2821 930 2910 983 illo
2943 932 3354 1000 deprecabatur,

1788 1011 1950 1065 modo
1977 1013 2236 1067 atrociter
2285 1015 2611 1079 minabatur,
2649 1018 2749 1070 nisi
2795 1020 3118 1071 avunculum
3154 1022 3203 1072 in
3235 1036 3357 1090 gra-

1791 1102 1916 1155 tiam
1963 1103 2280 1171 reciperem.
2314 1103 2604 1172 Postquam
2651 1121 2777 1159 vero
2825 1109 3088 1175 impulsus
3120 1124 3149 1162 a
3185 1107 3354 1162 llarda

1787 1189 1977 1244 statuit
2005 1199 2234 1246 matrem
2268 1208 2390 1247 cum
2421 1194 2702 1248 sororibus
2733 1211 2760 1246 a
2789 1196 2984 1264 palatio
3011 1197 3354 1263 suln’novere,

1787 1280 2038 1350 praecepit
2073 1283 2202 1335 mihi
2237 1293 2294 1336 ut
2324 1283 2443 1338 illas
2483 1287 2839 1352 attenderem,
2872 1303 3009 1358 quas
3039 1303 3137 1358 ego
3162 1290 3356 1345 invitas

1787 1371 2087 1426 tondeudas
2135 1389 2241 1427 non
2295 1376 2624 1431 existimavi.
2665 1379 2775 1433 Has
2816 1395 2943 1447 ergo
2993 1381 3061 1434 ob
3101 1397 3294 1436 causas
3325 1399 3353 1436 a

1785 1464 1978 1518 throno
2008 1467 2327 1522 deturbatus
2364 1485 2506 1535 sum,
2541 1481 2593 1523 et
2637 1457 2882 1539 pulsatus
2908 1481 3071 1541 atque
3099 1473 3352 1527 elimina-

1788 1565 1894 1620 tus,
1926 1558 2056 1611 etin
2089 1560 2336 1612 custodia
2374 1561 2737 1628 vinculisque,
2769 1578 2890 1616 cum
2923 1564 2988 1618 iis
3022 1565 3112 1633 qui
3141 1581 3351 1618 mecum

1786 1643 1935 1699 fuere
1994 1659 2406 1717 senseruntque,
2455 1651 2640 1703 eadem
2688 1653 2883 1718 passis,
2929 1652 3179 1707 detentus
3229 1665 3355 1708 ante

1781 1736 2024 1804 juilieum
2071 1744 2392 1792 vestrorum‘
2427 1738 2742 1796 adventum.
2777 1744 2912 1796 Cum
2943 1752 3119 1797 autem
3158 1746 3221 1797 ad
3259 1761 3353 1799 vos

1714 1811 1752 1866 Β
1780 1829 2020 1894 litteras,
2045 1830 2243 1899 quibus
2295 1832 2579 1901 episcopos
2625 1842 2823 1886 statum
2869 1849 3048 1888 rerum
3107 1836 3350 1889 omnium

1779 1919 2135 1985 docebamus,
2175 1936 2271 1989 per
2300 1921 2651 1976 Laurentium
2699 1925 3074 1993 presbyterum
3113 1934 3166 1978 et
3215 1927 3352 1980 duos

1781 2009 2084 2079 Stephanos
2119 2012 2458 2068 dedissemus
2499 2014 2752 2084 (quorum
2783 2017 2918 2068 alter
2949 2015 3340 2080 subdiaconus,

1777 2102 1909 2155 alter
1928 2099 2137 2171 laicus).
2161 2103 2278 2156 illos
2295 2104 2454 2156 etiam
2485 2117 2824 2158 sacramento
2843 2105 3138 2174 adeginms,
3162 2108 3236 2160 uti
3258 2122 3351 2161 eas

1777 2187 1877 2259 ipsi
1907 2205 2071 2242 manu
2097 2205 2191 2242 sua
2215 2199 2318 2244 tua:
2334 2194 2603 2246 sanctitati
2629 2194 2986 2262 porrigerent,
3017 2196 3148 2248 nihil
3170 2211 3344 2265 egere.

1843 2278 1952 2334 Nos
2001 2295 2128 2333 vero
2179 2290 2236 2333 ut
2283 2281 2417 2349 jussi
2462 2298 2648 2336 sumus
2694 2284 2758 2337 ad
2801 2284 3033 2338 tribunal
3069 2285 3349 2354 Caiphano

1776 2383 1884 2422 non
1931 2369 2182 2423 ahsimile
2227 2384 2566 2438 comparere,
2593 2371 2660 2432 ad
2705 2372 3012 2425 sanctitatis
3040 2381 3229 2425 vestra:
3259 2371 3348 2440 ju-

1775 2459 1974 2512 dicium
2004 2473 2200 2527 magno
2230 2459 2465 2513 clamore
2495 2462 2935 2529 provocavimus.
2968 2461 3070 2515 Sed
3107 2478 3212 2516 non
3233 2475 3349 2517 erat

1774 2547 1867 2614 qui
1901 2561 1999 2599 nos
2043 2547 2273 2601 audiret.
2299 2547 2496 2603 Deinde
2531 2565 2746 2602 rursum
2796 2551 2945 2603 citati
2993 2551 3344 2617 rogavimus:

1773 2634 2055 2699 Quomodo
2085 2651 2202 2700 nos,
2231 2651 2263 2689 ο
2293 2637 2501 2703 Patres,
2533 2638 2733 2705 jubetis
2778 2639 3124 2706 comparere?
3148 2648 3204 2693 ut
3234 2655 3349 2694 mo-

1773 2728 1975 2780 nachos
2002 2736 2052 2781 et
2077 2728 2486 2793 damnatos,'an
2511 2737 2569 2781 ut
2599 2729 2968 2795 iudicandos?
3003 2729 3106 2795 Qui
3146 2746 3349 2784 renun-
3430 2771 3438 2776 .

1728 2812 1736 2822 ’
1775 2818 2019 2871 tiarunt:
2053 2815 2282 2872 Perinde
2305 2829 2364 2872 ut
2389 2821 2531 2890 digni
2565 2822 2722 2876 estis.
2752 2819 2918 2876 Sacro
2949 2821 3343 2889 igiturornatu

1775 2907 2039 2963 induti-ad
2073 2912 2386 2975 concilium,
2421 2913 2528 2964 imo
2565 2901 2933 2976 latrocinium,
2961 2914 3297 2980 perreximus
3325 2930 3341 2967 :

1774 3014 2007 3068 cumque
2051 3000 2160 3070 jam
2221 3016 2386 3071 prope
2424 3003 2765 3067 abessemus,
2799 3003 3052 3058 submisit
3083 3016 3344 3074 tyrannus

1779 3090 1831 3143 in
1864 3091 2131 3159 publicam
2156 3091 2322 3153 viam,
2350 3092 2440 3162 qui
2471 3094 2640 3148 sacris
2673 3108 2770 3149 nos
2797 3095 3032 3149 vestibus
3061 3109 3340 3152 exuerent.

1729 3173 2022 3250 ‘Cumque
2061 3179 2173 3246 jam
2223 3181 2289 3233 ad
2337 3181 2592 3251 templum
2635 3184 2869 3251 protrusi
2915 3199 3191 3250 essemus,
3233 3195 3342 3242 tres

1779 3269 2017 3337 praedicti
2045 3270 2288 3340 judicum
2324 3273 2577 3338 viatores,
2610 3273 2932 3330 Laurentius
2963 3285 3015 3330 et
3046 3281 3153 3330 duo
3182 3279 3339 3332 Sthe-

1779 3358 1940 3424 phani
1973 3358 2040 3411 ad
2073 3375 2170 3413 nos
2202 3361 2506 3425 mittuntur,
2546 3364 2635 3436 qui
2689 3364 2754 3417 ad
2805 3380 2890 3419 me
2919 3384 2931 3420 :
2970 3365 3105 3430 Quid
3138 3379 3214 3434 tu,
3255 3370 3340 3423 in-

1779 3447 1993 3517 quiunt,
2029 3458 2106 3502 tot
2140 3451 2209 3503 oh
2237 3452 2463 3504 crimina
2495 3441 2797 3508 damnatus
2823 3443 3338 3529 exauctoratusque,

1778 3548 1986 3591 Sacram
2023 3551 2199 3593 tamen
2246 3543 2437 3596 stolam
2487 3542 2749 3600 ausus‘es
2780 3545 3044 3601 induere?
3081 3548 3221 3618 Ergo
3254 3567 3339 3604 me

1777 3645 1869 3697 per
1918 3629 2021 3681 vim
2073 3645 2100 3683 a
2143 3632 2275 3685 meis
2322 3631 2564 3686 avulsum
2615 3635 2788 3688 solum
2824 3637 2903 3690 “ad
2961 3639 3334 3708 imperatorem

1777 3721 1996 3781 sistunt,
2034 3720 2126 3789 qui
2172 3736 2256 3775 me
2319 3725 2662 3778 Contumeliis
2695 3729 2964 3795 extemplo
2999 3741 3205 3786 onerat.
3235 3732 3338 3786 Re-

1777 3809 2070 3876 Spondente
2113 3825 2276 3878 porro
2311 3828 2430 3876 me,
2464 3816 2708 3886 convicia,
2761 3819 2918 3883 paulo
2962 3817 3338 3877 mitiora'esse

1777 3901 2075 3965 tormentis,
2126 3904 2396 3969 paululum
2445 3907 2702 3974 repressit
2758 3907 3026 3974 furorem,
3067 3910 3336 3982 jussitque

1777 3993 1828 4044 in
1860 3992 2034 4061 ligneo
2062 4001 2282 4047 'seanmo
2312 4011 2393 4049 me
2423 3998 2624 4052 sedere.
2651 3998 2863 4052 Interim
2908 4016 3027 4054 eum
3061 4003 3220 4056 verba
3254 4005 3336 4056 ul-

1777 4091 1860 4136 tro
1893 4084 2136 4150 citroque
2172 4084 2358 4139 ﬁerent
2390 4125 2405 4150 ,
2444 4090 2626 4157 rogavi
2660 4099 2718 4142 ut
2752 4087 3124 4145 lihodoaldum
3156 4103 3209 4146 et
3241 4093 3337 4146 Za-

1776 4171 2014 4224 chariam
2046 4173 2247 4242 legatos
2275 4187 2396 4229 tuos
2424 4176 2612 4230 liceret
2638 4179 2767 4231 mihi
2790 4161 3050 4245 salutare,
3084 4181 3336 4253 factaque

1775 4273 2035 4330 potestate
2082 4280 2176 4319 eos
2221 4268 2589 4333 consalutavi,
2633 4279 2795 4338 atque
2845 4272 3198 4341 interrogavi,
3241 4278 3331 4343 qui

1775 4356 2042 4410 adessent.
2095 4356 2308 4427 Legati,
2367 4360 2648 4427 inquiunt,
2700 4378 2887 4418 sumus
2943 4362 3145 4419 Nicolai
3183 4382 3345 4436 papa:-

119 4465 228 4516 μοι,
261 4448 680 4518 προσηγόρευσα
701 4465 716 4481 ο
767 4448 856 4511 οὒς
885 4450 976 4502 καὶ
1014 4451 1224 4520 ἠρόμην
1257 4450 1352 4520 τὴν
1386 4450 1673 4520 ἐπιδημίας

1779 4446 2043 4511 Romani,
2094 4464 2270 4502 causa:
2329 4457 2434 4504 tuae
2491 4454 2880 4520 cognoscenda:
2928 4455 3096 4523 gratia
3156 4457 3330 4512 missi.

116 4539 210 4608 τῆς
246 4538 397 4606 σφῶν
419 4540 612 4591 αἰτίαν.
651 4540 712 4590 Οἱ
744 4529 807 4592 δὲ’
849 4537 1030 4606 εἷπον·
1074 4541 1451 4611 Τοποτηρηταί
1509 4543 1673 4612 ἐσμεν

118 4625 384 4682 Νικολᾶου
416 4630 567 4683 πὰπα
605 4629 839 4699 Ῥώμης,
860 4632 953 4683 καὶ
980 4632 1367 4700 ἀπεστάλημεν
1397 4636 1579 4701 κρῖναι
1607 4635 1674 4686 τὰ

119 4720 255 4772 κατὰ
290 4719 370 4772 σέ.
410 4720 573 4772 Πάλιν
603 4721 854 4790 ἠρόμην,
877 4723 925 4773 εἰ
953 4722 1183 4790 γράμμα
1229 4737 1315 4789 μοι
1346 4722 1673 4790 κεκομίκασι

118 4811 212 4879 τῆς
246 4811 553 4880 ἁγιωσύνης
606 4828 719 4864 σου.
767 4814 829 4864 Ol
859 4812 914 4864 δὲ
962 4809 1252 4881 εἷπον,νμὴ
1292 4811 1454 4880 ἔχειν,
1502 4813 1588 4864 διὰ
1618 4815 1675 4862 τι

123 4901 253 4969 μηδὲ
290 4899 428 4968 πρὸς
455 4901 795 4971 πατριάρχην
821 4901 1089 4971 ἔρχεσθαι,
1126 4901 1428 4970 ἀλλὰπρὸς
1452 4901 1541 4952 τὸν
1572 4901 1676 4951 ὑπὸ

119 4989 212 5058 τῆς
267 4989 473 5051 οἰκείας
527 4989 739 5042 συνόδου
795 4990 1203 5060 καθαιρεθέντα,
1257 4991 1372 5054 καὶ,
1429 4989 1673 5056 Ἕτοιμοί

121 5080 282 5148 ἐσμεν
315 5079 385 5132 τὰ
443 5079 583 5132 κατὰ
615 5069 838 5142 κανόνας
889 5082 1254 5152 πράττειν.-
1278 5079 1504 5142 Οὐκοῦν,
1538 5080 1673 5148 ἔφην

123 5171 250 5236 ἐγὼ,
289 5170 547 5239 πρότερον
577 5172 640 5222 ὲκ
673 5171 836 5240 μέσου
867 5171 954 5222 τὸν
990 5170 1174 5239 μοιχὸν
1204 5170 1464 5241 ποιήσατε
1491 5185 1502 5198 ³
1536 5173 1582 5221 εἰ
1616 5170 1672 5222 δὲ

125 5261 196 5329 μὴ
249 5261 410 5314 τοῦτο
459 5260 700 5333 δύνασθε,
755 5262 874 5314 οὐδὲ
927 5261 1106 5330 κριταί
1140 5263 1278 5314 ἐστε.
1344 5261 1564 5312 Ἐκεῖνοι
1616 5261 1671 5313 δὲ

122 5349 318 5418 ἀντέςη
331 5367 424 5400 ταν
454 5350 640 5414 πάλιν,
667 5350 930 5414 δείξαντες,
963 5353 1028 5420 τῇ
1060 5351 1200 5420 χειρὶ
1230 5352 1318 5403 τὸν
1347 5349 1667 5419 κρατοῦντω

127 5420 273 5491 (iam
306 5438 446 5492 θέλει
473 5441 696 5502 ἐκεῖνος.
745 5429 866 5493 Ἐπὶ
915 5441 1116 5504 τούτοις
1158 5441 1291 5507 πρὸς
1333 5442 1670 5510 παράκλησιν

130 5531 418 5596 μετέπεσον
470 5531 517 5582 οἱ
563 5533 689 5601 περὶ
736 5531 1100 5602 τὸνβασιλέα,
1151 5534 1242 5584 καὶ
1291 5531 1385 5600 τὴν
1415 5534 1670 5596 ἀπόταξιν

126 5617 358 5688 ἐξῄτουν,
395 5619 526 5670 ποτὲ
560 5619 656 5686 μὲν
687 5621 1092 5690 παραινοῦντες,
1132 5622 1260 5671 ποτὲ
1305 5621 1358 5672 δὲ
1391 5620 1481 5672 καὶ
1511 5625 1669 5673 ἀπει-

127 5707 328 5771 λοῦντες
353 5726 366 5740 ο
397 5709 510 5762 ἀλλ’
536 5709 629 5765 οὐκ
663 5707 868 5766 ἔπειθόν
903 5729 988 5766 με,
1030 5710 1117 5763 Διὸ
1137 5712 1224 5763 καὶ
1255 5711 1385 5778 πρὸς
1416 5711 1536 5772 τοὺς
1565 5729 1667 5780 μη-

1131 5810 1160 5846 ο

1778 4536 2043 4602 Quaerenti
2080 4553 2331 4603 rursum,
2375 4554 2442 4592 an
2483 4556 2510 4592 a
2544 4543 2828 4597 sanctitate
2874 4553 2962 4598 tua
3008 4546 3214 4600 litteras
3263 4550 3330 4602 ad
3386 4597 3388 4600 .

1775 4643 1860 4698 me
1897 4628 2176 4694 haberent,
2227 4631 2639 4696 responderunt,
2701 4634 2877 4688 nullas
2910 4649 2969 4689 se
3003 4635 3232 4702 habere;
3265 4655 3345 4692 eo-

1773 4721 1933 4787 quod,
1965 4719 2215 4782 aiebant,
2269 4737 2372 4774 non
2421 4721 2485 4774 ad
2537 4713 2917 4791 patriarcham,
2964 4727 3054 4780 sed
3098 4728 3163 4780 ad
3207 4744 3331 4782 cum

1771 4813 1860 4880 qui
1888 4812 1936 4863 iu
1963 4803 2276 4880 provinciali
2307 4813 2537 4867 concilio
2587 4828 2688 4868 suo
2725 4814 3012 4871 damnatus
3041 4828 3203 4883 esset,
3235 4835 3328 4874 ve-

1772 4900 2032 4963 niremus,
2081 4903 2250 4969 parati
2297 4904 2477 4954 omnia
2522 4919 2586 4957 ex
2627 4919 2893 4959 canonum
2935 4909 3165 4963 decretis
3200 4912 3330 4964 deli-

1774 4991 1906 5044 nire.
1954 4989 2115 5060 Ergo,
2163 4991 2403 5060 inquam,
2459 4994 2608 5060 prius
2654 4995 2956 5050 adulterum
3008 5010 3274 5054 removete
3308 4998 3339 5056 τ’

1771 5079 1913 5147 quod
1942 5080 1986 5132 si
2010 5080 2182 5133 facere
2213 5097 2319 5134 non
2356 5085 2604 5150 peteslis.
2639 5102 2706 5139 ne
2745 5086 2954 5152 judices
3011 5090 3224 5159 quidem
3264 5086 3342 5142 e-'

1772 5171 1891 5222 Stis.
1918 5167 2018 5234 Qui
2059 5187 2240 5235 manu,
2271 5172 2650 5242 imperatorem
2685 5177 2982 5232 indicantes
3011 5199 3024 5232 :
3058 5180 3127 5231 lia
3160 5181 3326 5248 impe-

1775 5272 1877 5326 rat,
1912 5262 2183 5330 inquiunt,
2219 5263 2325 5317 ille.
2358 5266 2558 5321 Deinde
2593 5269 2812 5336 palatini
2858 5271 2922 5323 ad
2962 5285 3044 5323 me
3080 5275 3323 5324 conversi

1772 5350 2078 5415 hortantur,
2107 5354 2435 5423 exiguntque
2481 5371 2625 5410 nunc
2661 5345 3010 5422 consulundo,
3048 5373 3189 5411 nunc
3219 5359 3322 5410 mi-

1773 5441 2016 5504 nitando,
2045 5444 2438 5512 abdicationem
2474 5465 2485 5499 :
2521 5449 2611 5500 sed
2651 5449 2872 5504 frustra.
2923 5449 3061 5514 Ergo
3090 5449 3152 5500 ad
3207 5466 3329 5504 ηιρσ-

1773 5534 2124 5600 tropolitanos
2150 5536 2313 5601 versi,
2340 5537 2477 5591 alios
2506 5540 2626 5592 aliis
2654 5539 2937 5594 Calumniis
2976 5549 3028 5588 et
3057 5539 3338 5592 crimina--

1773 5624 2013 5677 tionibus
2033 5625 2390 5687 insectantur,
2406 5641 2504 5679 cur
2529 5629 2752 5689 scilicet,
2772 5628 2976 5695 quijam
2997 5626 3317 5694 depositioni

1774 5730 1905 5769 mea:
1924 5727 2466 5786 nougrcpuguasscut,
2492 5734 2631 5773 nunc
2655 5720 2826 5773 denuo
2855 5733 2938 5769 me
2959 5719 3314 5787 patriarcham
