3926 6308
563 388 669 449 875
1985 366 2322 448 ANONYMI
3565 371 3568 373 ’
3678 403 3784 468 ετδ

557 508 879 560 subverelur
931 520 1204 574 unquam,
1263 519 1362 560 suo
1423 504 1536 574 ipse
1590 500 1793 571 judicio
1831 499 1896 553 ad
1939 501 2098 554 omni:

2217 500 2464 559 ,κίνδυνον
2495 503 2758 571 ὑφορᾶται
2788 521 2934 566 ποτε·
2959 505 3033 576 τῷ
3061 507 3282 577 κρίματι
3301 509 3494 562 ἑαυτοῦ
3525 511 3604 574 εὶς
3631 516 3784 566 anas

558 597 866 665 praesidenti
897 598 1141 650 devotus.
1532 641 1543 656 ,
1787 653 1793 658 ,

627 687 764 751 Quis
788 701 914 740 vero
942 686 1200 739 exhibere
1220 684 1393 753 possit
1414 693 1643 753 quantos
1673 685 1740 738 ab
1767 684 1901 738 inito
1931 698 2111 738 sacer-

557 778 706 832 dotio
747 791 944 846 agones
992 776 1310 830 desudarit?
1361 775 1585 843 Magnus
1620 773 1820 829 Paulus
1857 775 1987 829 olim
2017 775 2113 829 de-

555 870 795 938 scripsit,
844 868 1044 935 quibus
1101 866 1412 920 Pontilicem
1463 881 1740 934 magnum,
1791 866 1884 935 qui
1947 867 2115 920 coalos

552 959 919 1030 penetravit’,
952 973 1200 1013 sermone
1229 958 1473 1026 depinxit
1498 973 1560 1013 ac
1587 959 1883 1028 designavit
1907 975 1922 1024 ;
1952 973 2112 1028 quem

554 1053 602 1107 is
643 1052 849 1120 utique,
883 1059 1143 1120 quantum
1173 1065 1267 1119 per
1293 1050 1588 1103 humanam
1614 1049 1954 1118 fragilitatem
1983 1065 2114 1104 con-

553 1146 784 1207 cedi-tur,
815 1143 1114 1196 imitatione
1147 1142 1435 1210 expressit.
1473 1139 1583 1195 Nec
1605 1141 1655 1194 id
1681 1142 1898 1204 mirum,
1939 1141 2112 1209 siqui-

552 1239 672 1291 dem
719 1232 891 1288 [πως
937 1243 1052 1288 erat
1085 1234 1217 1288 deus
1264 1234 1572 1302 adoptione,
1607 1247 1671 1286 ac
1712 1248 1804 1302 per
1855 1234 2110 1303 gratiam,

551 1327 813 1380 Altissimi
845 1326 1008 1378 lilius.
2110 1340 2113 1342 ·

619 1416 836 1470 Moralis
877 1430 1038 1485 porro
1072 1410 1498 1468 conversationis
1563 1428 1626 1468 ac
1682 1414 1806 1466 vitae
1857 1413 2113 1468 studiosae

549 1507 793 1570 cumulo,
827 1522 927 1560 nee
971 1520 1198 1574 operum
1233 1505 1306 1557 illi
1341 1505 1661 1558 communio
1697 1519 1818 1558 cum
1851 1504 2111 1559 fratribus

547 1597 732 1650 deerat
758 1613 773 1648 :
802 1596 932 1663 quin
964 1595 1217 1647 manibus
1237 1593 1536 1658 laborabat,
1568 1593 1876 1662 optimeque
1903 1602 1958 1646 ut
1989 1596 2112 1664 quis

548 1687 690 1740 alius
719 1685 897 1738 ductis
927 1685 1140 1747 litteris,
1175 1683 1345 1736 libros
1385 1678 1783 1745 conscribebat;
1817 1683 1949 1735 nihil
1985 1693 2111 1751 puto

545 1777 744 1830 minori
775 1777 1034 1845 praeditus
1089 1789 1343 1827 manuum
1384 1773 1682 1836 celeritate,
1735 1787 1898 1840 quam
1952 1774 2106 1828 Asael

2217 591 2294 662 τῷ
2326 593 2709 662 καθοδηγῶντι
2743 597 3032 666 ἀνατιοέμε
3045 615 3145 660 θος.

2288 686 2396 737 Καὶ
2433 687 2515 749 τίς
2571 686 2636 739 ἂν
2687 687 2873 757 τούτου
2899 689 2998 758 τὴν
3030 691 3162 756 μετὰ
3202 690 3299 760 τὴν
3340 691 3638 762 ἱερωσύνην
3671 695 3784 747 τιῖν

2210 775 2445 843 ἀγώνων
2497 779 2823 850 παραστήσῃ
2875 780 3191 850 ἀκρίὸειανς
3249 779 3459 846 Παῦλος
3512 783 3542 834 ό
3600 787 3783 853 μέγας

2217 867 2499 936 προλαϐὼν
2551 873 2919 942 ἀνεγράψατο,
2974 876 3033 925 ὲν
3088 870 3165 935 οἷς
3223 874 3310 925 τὸν
3364 876 3624 943 ἀρχιερέα
3685 878 3778 928 τὸν

2220 959 2392 1024 μέγαν
2431 959 2522 1012 τὸν
2554 960 2899 1027 διεληλυθότα
2925 964 3048 1024 τοὺς
3077 964 3334 1030 οὐρανοὺς
3371 964 3777 1035 διαζωγραφῶν

2213 1050 2290 1119 τῷ
2322 1051 2462 1121 λόγῳ
2503 1053 2918 1124 ὑπεσημήνατο·
2954 1057 3012 1107 δν
3044 1057 3163 1108 καθ’
3192 1058 3310 1108 ὅσον
3343 1051 3455 1109 οἷόν
3484 1075 3542 1109 τε
3574 1061 3638 1127 τῇ
3678 1060 3778 1109 ἀν-

2217 1143 2460 1214 θρωπίνῃ
2503 1146 2661 1212 φύσει
2705 1148 3110 1218 ἀπεμιμήσατο.
3172 1149 3278 1201 Καὶ
3329 1150 3389 1201 οὐ
3431 1149 3772 1218 Θαυμαστὸν,

2216 1237 2371 1304 εἴπερ
2402 1237 2545 1288 Θέσει
2577 1239 2714 1302 θεὸς,
2746 1241 3006 1293 καὶκατὰ
3043 1241 3201 1312 χάριν
3246 1241 3357 1303 υίὸς
3390 1239 3643 1308 Ὑψίστου
3677 1259 3776 1310 τε·

2182 1382 2192 1392 ,
2215 1328 2458 1394 γένηται.

2287 1419 2392 1470 Καὶ
2431 1418 2557 1484 γοῦν
2608 1420 2743 1488 πρὸς
2794 1423 2858 1490 τῇ
2904 1421 3205 1492 ὲμπράκτῳ
3257 1421 3501 1489 πολιτείᾳ
3549 1440 3623 1497 ire
3677 1423 3775 1500 κειὶ

2212 1509 2474 1579 διαγωγῇ,
2526 1509 2644 1561 οὐδὲ
2700 1511 2798 1580 τῆς
2853 1514 2916 1563 ὲκ
2970 1512 3076 1566 τῶν
3106 1513 3279 1581 ἔργων
3329 1513 3612 1576 κοινωνίας
3657 1515 3773 1576 τοῖς

2213 1600 2458 1667 ἀδελφοῖς
2491 1603 2685 1671 ἐπίσης
2721 1603 3159 1670 ἀπελιμπάνετο’
3207 1603 3323 1657 ἀλλ’
3358 1598 3424 1674 ἦν
3459 1608 3578 1666 ταῖς
3613 1621 3671 1672 χε
3686 1604 3774 1672 psi

2214 1693 2440 1754 κοπιῶν,
2496 1696 2589 1744 καὶ
2636 1693 2852 1756 δέλτους
2887 1699 3083 1764 ἄριστα
3116 1694 3671 1765 συρμεογραφῶνζϐ),
3723 1693 3772 1745 εί

2214 1778 2305 1830 καί
2333 1797 2415 1842 τις
2438 1781 2615 1846 ἀλλος,
2639 1778 2817 1851 οἶμαι,
2849 1785 2911 1852 τῇ
2941 1783 3179 1851 ὠκύτητι
3211 1782 3428 1852 χειρῶν,
3446 1784 3538 1834 τὸν
3571 1780 3773 1852 Ἀσαὴλ

548 1869 637 1922 ille
670 1868 860 1937 pedum
889 1875 1005 1918 erat
1030 1865 1097 1920 ‘°.
1139 1863 1307 1932 Cujus
1333 1863 1410 1918 rei
1441 1873 1761 1933 argumento
1795 1872 1954 1926 sunt.
1983 1879 2098 1918 cum

2212 1839 2416 1922 ἐκεῖνον
2447 1872 2539 1923 ἐπὶ
2664 1839 2769 1925 τῶν
3003 1839 3366 1942 ἐξισούμενός.
3406 1839 3512 1925 Καὶ
3557 1839 3772 1944 μαρτύ-

544 1957 670 2010 libri
701 1956 928 2016 exarati,
955 1963 1067 2006 tum
1095 1953 1214 2022 ejus
1243 1953 1448 2021 reliqua
1475 1966 1660 2020 opera.

615 2046 853 2113 Denique
905 2059 1026 2098 cum
1084 2045 1164 2098 sic
1223 2044 1360 2097 bene
1417 2043 1652 2111 Spiritus
1705 2043 1892 2113 gratiis
1956 2043 2121 2103 dives.

545 2144 747 2206 ageret,
771 2137 916 2188 venit
942 2134 1006 2187 ad
1029 2149 1151 2187 eum
1175 2131 1328 2186 Titus
1349 2147 1639 2200 germanus
1659 2134 1776 2201 ejus
1803 2135 2101 2186 secundent

545 2243 782 2290 carnem,
809 2228 968 2280 homo
994 2241 1182 2295 vagus,
1211 2237 1419 2294 captam
1453 2226 1702 2294 patriam,
1732 2240 1794 2278 ac
1823 2236 2103 2293 parentum

545 2322 599 2374 in
626 2335 689 2373 ea
720 2318 1082 2372 detentionem
1110 2316 1904 2385 cireumducens;plenamque
1938 2316 2102 2382 luctu,

543 2411 700 2466 facta:
729 2411 910 2472 cadis,
945 2410 1014 2462 ab
1055 2407 1360 2478 agrestibus
1405 2407 1585 2475 porcis
1613 2447 1627 2471 ,
1675 2407 1855 2475 impiis
1896 2408 2105 2461 scilicet

543 2501 847 2560 ISiuaelitis.
887 2498 1166 2554 hominum
1198 2499 1262 2550 ad
1294 2496 1387 2550 Dei
1421 2498 1708 2565 imaginem
1740 2496 2101 2561 conditorum,

544 2593 858 2663 tragoediam
917 2590 1099 2644 multis
1145 2577 1400 2656 lacrymis
1459 2602 1705 2640 narrans.
1765 2585 2104 2655 Quapropter

544 2685 703 2738 linem
744 2693 873 2736 tunc
919 2680 1172 2749 deinceps
1224 2680 1453 2747 accepit,
1510 2676 1652 2745 quod
1683 2678 1773 2730 diu
1807 2689 1961 2732 antea
1998 2677 2101 2732 So-

543 2776 741 2844 phonia
789 2774 1049 2843 propheta
1096 2786 1259 2839 super
1294 2786 1412 2823 eam
1449 2770 1609 2822 futuri
1644 2770 1881 2837 praesciis
1931 2769 2102 2824 oculis

542 2849 716 2920 fuerat
747 2864 1073 2919 celebratum
1103 2879 1116 2915 :
1160 2861 1249 2914 Va:
1283 2862 1448 2924 enim,
1485 2861 1677 2928 inquit,
1714 2861 1802 2928 qui
1853 2860 2099 2913 habitatis

543 2955 835 3026 funiculum
865 2954 1026 3007 maris
1049 2995 1062 3018 ,
1096 2952 1304 3005 advenae
1339 2952 1663 3004 Cretensium
1699 2968 1716 3003 :
1756 2951 1964 3003 verbum
1999 2950 2102 3002 Do-

543 3049 672 3101 mini
695 3063 849 3116 super
876 3063 960 3099 vos
994 3054 1076 3098 :et
1094 3046 1306 3112 perdam
1340 3060 1426 3096 ros
1454 3047 1516 3095 de
1538 3042 1858 3094 habitatione
1877 3045 2012 3091 ”.—
2030 3040 2100 3093 Et

541 3141 638 3194 erit
669 3139 824 3194 Creta
852 3153 1049 3205 pascua
1078 3151 1308 3205 gregum,
1341 3144 1386 3187 et
1424 3135 1556 3186 ovile
1584 3134 1836 3201 pecudum
1862 3135 1922 3185 ¹⁸.
1960 3132 2101 3187 Sane

543 3220 762 3302 quidem
793 3231 1033 3284 vibratur
1071 3228 1283 3297 gladius
1315 3228 1511 3280 nimbis
1546 3225 1928 3286 teutationum.
1961 3227 2106 3279 mul-

544 3325 725 3391 tisque
754 3323 927 3375 modis
973 3335 1132 3373 arcus
1165 3317 1324 3373 nobis
1355 3318 1712 3372 correctzenis
1754 3315 2009 3381 tenditur,
2043 3331 2106 3369 ac

543 3411 740 3483 quibus
770 3411 1055 3464 conversio
1102 3425 1131 3463 a
1180 3417 1400 3478 peccato
1444 3416 1795 3476 propooatur.
1831 3404 1887 3458 Si
1922 3414 2102 3458 autem

545 3506 677 3558 nihil
720 3502 844 3556 inde
898 3499 1354 3555 meliores'effecti
1394 3499 1602 3566 pejores
1649 3495 1950 3559 evadimus,
1994 3505 2105 3549 tum

544 3597 760 3649 demum
797 3593 1089 3646 clementer
1127 3595 1313 3646 missa.
1351 3603 1567 3658 gravem
1619 3587 1774 3641 nobis
1811 3601 1906 3654 pro
1944 3587 2103 3638 bene-

548 3686 670 3738 ﬁcio
715 3693 943 3736 mortem
985 3692 1327 3750 operantur:
1384 3677 1646 3746 siquidem
1700 3677 1838 3728 calix
1894 3673 2100 3728 Domini

542 3779 646 3832 tnui
673 3777 801 3829 meri
829 3773 1011 3843 plenus
1049 3784 1121 3827 est
1164 3773 1399 3826 misto”.
1448 3769 1714 3825 Caeterum
1751 3769 1828 3821 vir
1855 3768 1942 3820 hic
1983 3779 2098 3820 ma-

545 3884 682 3937 gnus
712 3867 927 3921 fratrem
972 3866 1257 3935 recipiens,
1313 3863 1589 3932 proboque
1628 3860 1858 3914 consilio
1894 3859 1947 3912 in
1980 3875 2098 3912 mo-

544 3958 776 4012 nachum
809 3956 1085 4012 detonderi
1116 3955 1370 4018 suadens,
1399 3953 1645 4009 eumdem
1670 3967 1852 4006 secum
1875 3966 2095 4004 cursum

2215 1961 2398 2030 ροῦσιν
2427 1962 2488 2014 αῖ
2514 1979 2572 2014 τε
2606 1962 2793 2032 βίϐλοι,
2823 1964 2917 2016 καὶ
2944 1964 3010 2015 τὰ
3037 1963 3246 2018 ἐκείνου,
3279 1964 3588 2032 πονήματα.

2295 2053 2508 2122 Ἀμέλει
2538 2054 2716 2116 καλῶς
2743 2054 2901 2106 αὐτόν
2937 2056 3053 2116 ταῖς
3087 2054 3178 2105 τοῦ
3211 2055 3521 2124 Πνεύματος
3551 2053 3772 2121 διευθη-

2212 2145 2467 2214 νούμενον
2514 2147 2732 2215 χάρισι,
2788 2146 3047 2199 κατέλαϐε
3102 2147 3256 2207 Τῖτος
3299 2147 3327 2198 6
3389 2146 3529 2198 κατὰ
3589 2146 3771 2214 σάρκα

2211 2237 2428 2306 γνήσιος
2457 2236 2680 2305 ἀδελφὸς
2722 2235 2907 2300 αὐτοῦ,
2933 2236 3207 2305 πλανήτης
3235 2233 3630 2302 περιαγόμενος
3669 2231 3768 2300 τὴν

2210 2328 2306 2395 τῆς
2331 2328 2581 2396 πατρίδος
2603 2316 2821 2390 ἅλωσιν,
2849 2328 2942 2379 καὶ
2966 2327 3064 2395 τὴν
3093 2327 3200 2379 τῶν
3227 2325 3565 2394 γεννητόρων
3590 2325 3768 2375 ἐκεῖσε

2211 2418 2564 2486 κατάσχεσιν·
2598 2418 2692 2469 καὶ
2733 2417 2830 2485 τῆς
2875 2418 2992 2469 κατ’
3023 2418 3201 2469 εἰκόνα
3242 2415 3376 2494 Θεοζι
3418 2410 3768 2473 πολυπαθοῦς

2209 2505 2512 2574 τραγῳδίας
2575 2504 2709 2575 Heg.
2763 2505 3209 2574 τὴν“πολυπαθῆ
3264 2500 3604 2574 τραγῳδίαν]
3659 2499 3766 2553 ὑπὸ

2209 2598 2315 2649 τῶν
2367 2596 2572 2666 ἀγρίων
2643 2596 2786 2649 συῶν
2828 2597 3124 2666 γενομένης
3170 2595 3379 2664 σφαγῆς
3436 2592 3541 2645 τῶν
3588 2592 3765 2644 ἀθέων

2222 2687 2595 2757 Ἰσμαηλιτῶν,
2647 2688 2782 2756 μετὰ
2811 2686 3020 2740 πολλῶν
3053 2687 3161 2738 τῶν
3190 2686 3439 2755 δακρύων
3475 2684 3763 2749 ἐκδιηγού-

2212 2795 2369 2846 μενος
2397 2777 2493 2846 (‘9).
2542 2764 2649 2830 Kal.
2696 2779 2866 2849 πέρας
2897 2779 3045 2831 ἔνθεν
3091 2778 3300 2846 εἰλήφει
3331 2775 3534 2849 λοιπὸν,
3564 2773 3625 2824 τὸ
3658 2769 3766 2823 ὑπὸ

2207 2870 2299 2922 τοῦ
2333 2870 2610 2940 προφήτου
2642 2869 2895 2936 Σοφονίου
2935 2864 3212 2940 πόρρωθεν
3242 2867 3325 2920 ἐπ’
3362 2867 3499 2934 αὐτῇ
3529 2864 3763 2934 προῆλεο

2213 2967 2422 3026 πτικοῖς
2450 2967 2557 3026 τοῖς
2587 2966 2794 3034 ὖμμασι
2838 2966 3198 3034 κλεῖζόμενον.
3238 2964 3373 3017 Οὐαὶ
3407 2963 3538 3030 γὰρ,
3570 2961 3760 3029 φησιν,

2207 3059 2260 3109 οἱ
2305 3055 2720 3120 κατοικοῦντες
2779 3059 2843 3108 τὸ
2895 3058 3220 3124 σχοίνισμα
3275 3053 3383 3120 τῆς
3421 3052 3760 3117 θαλάσσης,

2207 3146 2474 3214 πάροικοι
2498 3205 2500 3207 ,
2523 3145 2762 3215 Κρητῶν
2783 3165 2794 3176 ·
2828 3150 3009 3216 λόγος
3053 3147 3271 3214 Κυρίου
3303 3146 3393 3214 ἐφ’
3445 3143 3625 3213 ὑμᾶς·
3659 3143 3763 3196 καὶ

2206 3236 2410 3289 ἁπολώ
2437 3235 2589 3304 ὑμᾶς
2609 3236 2673 3288 ἐκ
2703 3237 3021 3301 κατοικίας.
3049 3235 3156 3287 Καὶ
3177 3235 3346 3289 ἔσται
3376 3235 3574 3303 Κρήτη
3605 3233 3759 3301 νομὴ

2207 3326 2513 3392 ποιμνίων,
2549 3327 2644 3378 καὶ
2675 3325 2906 3393 μάνδριι
2941 3326 3259 3393 προϐάτων.
3306 3320 3625 3377 Στιλὸοὖται
3660 3325 3761 3393 μὲν

2206 3416 2314 3483 γὰρ
2356 3417 2387 3483 ἡ
2423 3414 2665 3483 μάχαιρα
2693 3419 2808 3475 ταῖς
2849 3417 3032 3481 νιτὰσι
3067 3414 3172 3465 τῶν
3207 3413 3546 3483 πειρασμῶν,
3580 3413 3759 3466 καὶτὸ

2205 3503 2355 3567 τόξον
2381 3501 2480 3569 τῆς
2516 3502 2757 3564 παιδείας
2785 3505 2915 3572 ἡμῖν
2949 3503 3295 3570 πολυτρόπως
3322 3503 3636 3566 ἐντείνεται,
3657 3503 3758 3570 τὴν

2207 3595 2270 3644 ὲκ
2297 3594 2396 3662 τῆς
2444 3594 2714 3664 ἁμαρτίας
2763 3597 3093 3664 ἐπιστροφὴν
3129 3595 3556 3666 προῦαλλίμενα.
3590 3595 3757 3646 Ὅταν

2209 3685 2264 3737 δὲ
2301 3685 2374 3754 μὴ
2425 3683 2802 3754 βελτιωθέντες
2851 3689 2914 3738 ἐκ
2961 3687 3162 3740 τούτων
3199 3686 3410 3755 χείρους
3443 3685 3754 3754 γινώμεθα,

2207 3776 2327 3826 τότε
2384 3773 2771 3844 φιλανθρώπως
2828 3778 3180 3844 στελλόμενα.
3238 3777 3407 3829 δεινὸν
3463 3776 3552 3829 τὸν
3622 3777 3756 3845 πρὸς

2209 3863 2524 3931 εὐεργεσίαν
2571 3867 2698 3934 ἡμῖν
2733 3867 3155 3936 κατεργάζονται
3202 3868 3448 3920 Θάνατον.
3499 3868 3755 3937 Ἐπείπερ

2204 3956 2270 4008 τὸ
2334 3955 2618 4023 ποτήριον
2678 3959 2924 4024 Κυρίου,
2982 3959 3152 4012 οἴνου
3207 3960 3468 4026 ἀκράτου
3534 3957 3756 4027 πλῆρες

615 4139 634 4168 ³
670 4135 830 4190 Hebr.
866 4151 937 4199 tv,
974 4135 1060 4189 Η.
1140 4136 1182 4166 ¹⁶
1214 4135 1253 4186 11
1288 4137 1417 4203 Reg.
1454 4151 1509 4199 ll,
1547 4135 1630 4188 l8.
1711 4136 1750 4165 “
1791 4134 2035 4203 Sophon.
2067 4150 2098 4188 ll

2210 4173 2213 4185 .
2293 4136 2335 4166 “
2369 4134 2512 4189 Psal.
2537 4152 2633 4202 vn,
2669 4137 2752 4189 l3.
2835 4138 2878 4169 ¹⁸
2911 4134 3054 4191 Psal.
3088 4154 3266 4201 Lntv,
3298 4138 3350 4192 9.

1674 4281 1920 4337 FRANC.
1951 4282 2332 4338 COMBEFISII
2379 4283 2605 4339 NOTAE.

616 4422 870 4492 (8)Vrlut
915 4423 1072 4489 longo
1096 4420 1392 4492 litterarum
1419 4421 1700 4492 ductupro
1726 4420 1933 4492 ratione
1951 4421 2092 4492 isqcri-
2129 4426 2170 4478 D
2202 4433 2312 4475 tum
2362 4423 2620 4492 martyria
2670 4423 2770 4476 sub
2822 4423 2926 4476 illis
2965 4423 3019 4475 in
3064 4421 3316 4492 Hispania
3354 4421 3644 4492 celebrata.
3687 4438 3750 4478 ac

546 4490 704 4548 bendi
739 4495 882 4545 illius
915 4491 1192 4557 temporis,
1227 4505 1330 4557 qua
1362 4493 1557 4558 passim
1589 4490 1755 4543 libros
1789 4490 2092 4544 uncialibus

545 4565 737 4618 litteris
790 4562 1106 4622 exarabant,
1159 4574 1388 4626 quorum
1440 4559 1605 4627 aliqui
1656 4561 1952 4612 etiamnum
2006 4561 2089 4612 bi-

542 4634 839 4688 bliothecas
863 4639 1078 4681 ornant.

618 4702 691 4769 (9)
722 4699 818 4752 Vix
877 4698 1076 4764 alioqui
1116 4698 1227 4769 rapi
1263 4697 1437 4769 potuit
1471 4705 1617 4769 tanta
1656 4695 1838 4769 insula
1868 4713 1894 4749 a
1929 4696 2091 4750 Sara-

546 4767 715 4826 cenis.
758 4771 808 4820 in
849 4783 1009 4835 quam
1043 4783 1105 4819 ex
1145 4767 1398 4834 Hispania
1435 4768 1697 4818 coloniam
1743 4767 2088 4827 deducerent,

545 4843 672 4908 quin
712 4839 925 4906 plurimi
953 4846 1271 4908 necarentur
1292 4851 1357 4888 ex
1388 4837 1695 4908 indigenis:
1730 4836 1994 4908 iidemque
2024 4852 2088 4888 ex

539 4904 667 4963 'istis
691 4904 926 4958 meretur
947 4910 1085 4970 quod
1117 4905 1390 4958 Cedreuus
1421 4914 1602 4956 narrat
1634 4907 1698 4955 de
1727 4904 1926 4972 Cyr-illo
1954 4904 2090 4957 Gor-

546 4990 685 5047 tyuaz
719 4978 971 5047 episcopo
1007 4975 1106 5047 sub
1139 4991 1200 5027 ea
1243 4973 1751 5047 invasioneali‘erto
1781 4975 2087 5047 martyrio:

545 5042 854 5114 quanquam
885 5045 1148 5096 Bai-unius
1179 5047 1366 5105 elevat,
1401 5044 1542 5109 quod
1580 5042 1934 5109 Menologium
1975 5045 2090 5114 alii—

545 5113 650 5183 que
709 5117 1000 5181 scriptores
1056 5115 1211 5178 longe
1261 5125 1382 5165 ante
1438 5129 1496 5163 ea
1554 5113 2089 5183 lClIlpOl:a,‘aCUSllb

545 5179 773 5238 ethnicis
807 5179 1220 5251 imperatoribus
1257 5183 1503 5251 allectum
1543 5180 1799 5251 martyrio
1828 5179 2086 5249 Cyrillum

544 5254 782 5307 Gortinae
807 5247 1575 5320 episcopum‘habeautrNam
1609 5249 1738 5320 quid
1769 5247 1906 5301 vetat
1946 5252 2085 5302 alte-

497 5333 503 5341 '
547 5340 664 5376 rum
696 5324 954 5392 Cyriilum
996 5319 1043 5372 in
1077 5319 1449 5392 cauit-tropo“
1486 5319 1832 5392 postutoduiit
1856 5320 2081 5392 sedisse,

546 5404 707 5461 atque
741 5387 793 5444 in
837 5408 959 5444 eum
993 5390 1318 5461 peculiarius
1350 5403 1443 5461 «eu
1468 5387 1833 5461 ecclesiastici
1871 5388 2082 5461 ordinis

559 5457 862 5526 irim-ipem.
907 5458 1105 5511 Christi
1150 5461 1328 5510 hostes
1379 5457 1782 5526 Mahunietanos
1832 5458 2084 5511 smvisse?

575 5533 680 5584 ium
705 5525 848 5582 enim
877 5541 1016 5580 unus
1041 5527 1219 5578 Romae
1248 5526 1378 5578 sedit
1402 5525 1711 5593 Gregorius,
1743 5528 1900 5592 idque
1927 5543 2082 5578 saue-

546 5601 670 5652 tus?
740 5615 880 5650 unus
912 5597 1294 5665 Hierosolymis
1324 5594 1588 5648 Joannes?
1619 5612 1752 5665 unus
1782 5597 2081 5648 Antiochiae

545 5666 896 5726 Anastasius?
928 5664 1169 5719 Saevitire
1191 5665 1687 5718 Mabumetanorum
1718 5664 2076 5729 Hispanorum

550 5741 600 5788 in
641 5735 975 5787 Christianos
1026 5736 1297 5801 religionis
1351 5748 1512 5786 caiisa
1563 5742 1880 5799 argumento
1930 5744 2074 5798 sunt,

2201 4492 2452 4545 Ecclesiae
2497 4489 2691 4545 tabulis
2739 4493 2963 4545 diversis
3009 4489 3198 4545 diebus
3245 4489 3586 4558 consignata,
3637 4505 3747 4547 tum

2196 4561 2337 4631 quod
2373 4562 2565 4631 legitur
2613 4563 2666 4613 in.
2697 4562 2833 4614 actis
2880 4561 2938 4614 S.
2971 4562 3217 4631 Niconis,
3247 4562 3367 4631 novi
3407 4560 3746 4631 Cretensium

2196 4628 2445 4699 apostoli,
2482 4630 2646 4684 fuisse
2678 4647 2808 4697 pene
2840 4633 3158 4683 exstinctam
3197 4630 3351 4682 [idem
3381 4628 3747 4685 Cbrisrianam

2197 4703 2249 4753 in
2291 4716 2350 4768 ea
2395 4702 2588 4761 insula,
2637 4715 2733 4768 per
2770 4700 2986 4768 longum
3034 4702 3160 4752 illud
3200 4706 3429 4764 tempus,
3473 4714 3582 4766 quo
3627 4715 3744 4754 eam

2197 4767 2400 4836 praefati
2451 4767 2701 4821 Saraceni
2741 4767 3040 4822 tenuerant.
3082 4769 3398 4834 Quanquam
3448 4778 3592 4827 enim
3628 4770 3747 4821 lon-

2196 4855 2320 4908 gum
2368 4840 2540 4906 reipsa
2578 4838 2842 4909 videatur,
2879 4839 3131 4909 nimirum
3176 4836 3272 4890 100
3305 4837 3744 4909 circiterﬁOrano

2197 4907 2408 4968 norum,
2450 4909 2587 4960 haud
2624 4907 2799 4959 tamen
2845 4907 2979 4960 adeo
3009 4908 3223 4970 longum
3251 4915 3352 4966 est,
3389 4917 3447 4958 ut
3480 4907 3528 4957 id
3566 4908 3741 4962 solum

2196 4980 2326 5030 SztllS
2359 4978 2649 5045 putandum
2679 4977 2746 5029 sit
2772 4977 2838 5030 ad
2870 4988 3068 5028 lautam
3095 4976 3530 5045 Christianorum
3559 4977 3742 5028 immi-

2197 5044 2469 5099 nutionem
2492 5085 2505 5106 ,
2543 5061 2604 5098 ac
2643 5047 2742 5096 nisi
2778 5051 2858 5097 vis
2903 5046 3245 5097 adhiberetur
3278 5044 3342 5096 ad
3390 5046 3544 5097 iidem
3577 5051 3742 5100 abue-

2195 5118 2418 5182 gaudam
2459 5135 2468 5165 :
2503 5131 2623 5167 cum
2667 5114 2870 5167 Graecia
2915 5117 2982 5166 ab
3011 5115 3195 5166 eodem
3246 5114 3432 5166 Saltem
3476 5128 3737 5168 annorum

2195 5200 2416 5236 titimero
2454 5183 2750 5236 Turcarum
2787 5185 3005 5236 ditionis
3041 5183 3205 5244 facta,
3247 5183 3587 5235 Christianos
3619 5199 3740 5249 per-

2194 5257 2372 5321 plures
2406 5254 2662 5305 hactenus
2702 5255 2892 5305 liabeat
2923 5271 2934 5304 :
2970 5256 3178 5304 tametsi
3214 5266 3311 5303 nec
3344 5250 3535 5304 Turcte
3563 5255 3734 5320 aequis

2192 5325 2322 5374 satis
2357 5323 2756 5376 conditionibus
2789 5322 3021 5374 habeant
3059 5321 3422 5381 Christianos,
3466 5322 3738 5386 variisque

2191 5403 2242 5442 et
2277 5392 2374 5457 ipsi
2412 5393 2618 5444 artibus
2652 5392 3001 5444 Christonum
3035 5405 3205 5458 genus
3250 5391 3518 5450 aboleaut,
3549 5389 3738 5441 subdi-

2191 5470 2378 5525 tosque
2427 5461 2652 5527 populos
2685 5462 2735 5512 in
2781 5474 2931 5514 suam
2969 5473 3166 5511 sectam
3215 5461 3539 5524 pet-trahant.
3577 5459 3737 5525 cujus

2189 5530 2350 5580 etiam
2380 5530 2667 5582 dilataudte
2698 5547 2859 5584 causa
2886 5531 3138 5598 pleraque
3166 5544 3262 5582 sua
3293 5529 3431 5581 bella
3458 5538 3733 5596 pttgnaut:

2191 5600 2315 5650 dum
2355 5614 2449 5652 nos
2474 5600 2713 5669 interim
2756 5599 3065 5656 domeSticis
3108 5607 3327 5653 nosmet
3357 5600 3634 5669 perdimus
3668 5612 3735 5661 ac

2191 5670 2345 5722 Iidem
2386 5665 2726 5723 catholicam.
