3926 6308
595 381 698 447 879

2002 382 2343 443 ΑΝΟΝΥΜΙ

3694 381 3794 446 880

593 490 852 557 κατέχων,
905 490 930 540 ὁ
977 488 1224 549 δείλαιος,
1269 488 1405 540 κατὰ
1444 485 1535 539 τοῦ
1572 486 1858 541 εὐεργέτου
1888 487 2018 550 Θεοῦ
2065 489 2158 542 τοῦ
2201 491 2589 553 παντάνακτος,
2640 491 2729 542 καὶ
2770 490 2866 559 τῆς
2892 490 3051 542 αὑτοῦ
3109 489 3381 558 βασιλείας
3415 491 3793 556 κατεξανιστα-

590 600 699 637 ται.

662 671 804 726 Sane
832 686 953 724 vero
974 685 1094 723 cum
1129 678 1397 724 merentes
1421 660 1526 723 sub
1566 672 1682 738 ipso
1715 681 1938 736 turmas,
1972 655 2133 724 dono-

2311 671 2417 722 Καὶ
2441 670 2503 739 δὴ
2539 671 2636 731 τὰς
2676 670 2764 721 ὑπ’
2795 669 2956 721 αὑτὸν
2988 669 3242 730 τελούσας
3271 671 3660 739 στρατιωτικὰς
3699 674 3793 738 φά-

590 781 708 819 rum
759 763 922 815 multa
978 745 1277 829 largitione,
1325 760 1521 814 stultus
1568 760 1752 823 homo,
1803 761 2136 828 decepisset,

590 853 810 908 veniens
870 852 934 903 ad
998 859 1184 919 partes
1245 847 1487 902 Thraciae
1517 858 1668 902 extra
1715 850 1934 912 urbem,
1979 849 2139 916 impie
2181 923 2185 927 ἢ

591 943 853 998 scelestus
894 939 1152 992 adversus
1186 939 1306 1005 pios
1335 938 1680 992 Christianos
1732 938 2024 1006 imperator
2056 953 2139 990 re-

589 1032 903 1094 nuntiatur;
935 1030 1264 1097 regiamque,
1299 1026 1630 1080 lconoclasta
1680 1028 1853 1094 palam
1887 1027 2137 1092 audiens,

587 1122 908 1192 ingreditur.
960 1119 1093 1173 Cum
1132 1129 1310 1171 autem
1364 1119 1630 1170 modicum
1680 1120 2015 1186 aliquantum
2066 1119 2138 1174 si-

587 1212 796 1270 luisset,
831 1211 993 1276 idque
1023 1193 1400 1274 isubdole,quo
1435 1216 1547 1259 tuto
1579 1205 1680 1260 sibi
1710 1208 1992 1275 imperium
2022 1222 2141 1260 mu-

587 1304 744 1366 niret,
770 1316 892 1353 mox
925 1309 1114 1353 contra
1142 1299 1334 1351 malum
1364 1299 1572 1366 aperuit
1597 1314 1659 1352 os
1683 1313 1862 1364 suum,
1891 1299 2138 1368 blasphe—
2176 1298 2182 1303 ’

586 1391 748 1442 miam
805 1399 1056 1443 eructans
1113 1387 1370 1440 adversus
1426 1386 1700 1439 Christum
1756 1388 2134 1443 universorum

585 1481 788 1544 Deum;
839 1493 1040 1545 negans
1071 1491 1254 1531 sacras
1304 1475 1600 1545 imaginum
1653 1478 1853 1547 ﬁguras
1881 1494 1999 1534 esse
2028 1479 2137 1532 cri-

576 1572 810 1639 grnitas,
848 1579 902 1621 ιιι
927 1582 1045 1634 quae
1070 1567 1336 1621 idolorum
1369 1566 1661 1645 simulacra
1679 1553 1895 1623 essent.

651 1844 1037 1902 Oamentiam!
1102 1841 1218 1896 Non
1273 1844 1421 1897 enim
1464 1845 1755 1912 intellexit,
1783 1849 2136 1917 turpitudinis

583 1952 780 2004 statua,
807 1952 1036 2007 quorum
1063 1936 1392 2005 exemplaria
1440 1940 1770 1992 contrariam
1806 1941 2010 2010 liquido
2045 1959 2132 1997 ra-

2242 760 2445 829 λαγγας
2484 759 2671 830 δώροις
2717 759 2928 822 πολλοῖς
2963 760 3074 830 (il)
3115 760 3440 829 φαινακίσας
3486 762 3514 812 ὁ
3547 761 3788 829 μάταιος,

2242 853 2332 902 καὶ
2369 851 2498 920 πρὸς
2538 853 2606 904 τὰ
2636 851 2874 921 Θρᾳκωα
2918 850 3056 920 μέρη
3091 850 3324 917 γεγονὼς
3350 850 3446 916 τοῦ
3474 851 3680 912 ἄστεως
3704 852 3789 902 θύ-

2243 941 2421 1011 ραθεν,
2486 943 2875 1010 ἀναγορεύεται
2945 929 3113 994 κατά
3157 941 3496 1011 Χριστιανῶν
3526 1008 3528 1010 _
3559 941 3792 993 εὐσεϐῶν

2240 1031 2447 1094 ἀσεϐῶς
2470 1031 2605 1095 ἄναξ
2633 1033 2660 1083 ὁ
2685 1032 2878 1101 μιαρός
2901 1048 2916 1064 ο
2941 1033 3035 1084 καὶ
3072 1031 3294 1083 εῐσεισιν
3323 1032 3400 1093 είς
3439 1031 3506 1083 τὰ
3553 1029 3791 1100 βασίλεια

2238 1124 2527 1195 διαρρήδην
2584 1123 3011 1191 Εἰκονοκλάστης
3078 1122 3328 1192 βασιλεὺς
3402 1123 3788 1192 φημιζόμενος.

2240 1210 2419 1281 Βραχὺ
2443 1212 2498 1264 δέ
2527 1228 2577 1263 τι
2601 1212 2994 1282 κατασιγήσας,
3027 1209 3292 1263 καὶτοῦτο
3318 1209 3587 1272 ὑπούλως,
3617 1211 3692 1273 ὡς
3726 1213 3789 1263 ἂν

2239 1302 2325 1354 ἐπ’
2353 1299 2618 1371 ἀσφαλείᾳ
2656 1301 2789 1371 πρὸς
2836 1301 3026 1354 ἑαυτὸν
3064 1299 3133 1352 τὰ
3181 1300 3287 1352 τῶν
3321 1301 3633 1368 ἀνακτόρων
3679 1301 3790 1352 διὰ-

2239 1393 2415 1460 θηται·
2439 1393 2560 1445 ὅσον
2583 1391 2754 1456 οὔπω,
2777 1393 2868 1444 καὶ
2894 1392 3026 1462 πρὸς
3053 1391 3275 1459 οὐρανὸν
3293 1390 3352 1442 τὸ
3383 1392 3549 1457 στόμα
3569 1390 3788 1459 ἀνέῳξε,

2239 1482 2585 1552 βλασφημίαν
2619 1482 2756 1535 κατὰ
2795 1481 3029 1552 Χριστοῦ
3056 1480 3148 1532 τοῦ
3176 1481 3285 1541 τῶν
3322 1481 3460 1532 ὅλων
3486 1479 3619 1532 Θεοῦ
3640 1484 3792 1549 ἐρευ-

2237 1575 2500 1644 γόμενοςι,
2539 1571 2614 1643 μὴ
2647 1573 2756 1626 δεῖν
2777 1572 2948 1640 λέγων
2974 1571 3070 1634 τὰς
3103 1571 3419 1641 ίεροτύπους
3458 1570 3787 1640 ἀναστηλοῦ-

2241 1663 2363 1716 σθαι
2410 1666 2640 1733 μορφὰς,
2675 1663 2747 1726 ὡς
2785 1662 2892 1714 τῶν
2933 1661 3189 1715 τοιούτων
3217 1663 3438 1715 εἰκόνων
3497 1660 3789 1714 είδωλικῶν

2241 1752 2577 1821 ἰνδαλμάτων
2613 1751 2985 1820 ὑπαρχουσῶν.

2307 1843 2370 1893 Ὢ
2399 1842 2493 1908 τῆς
2536 1840 2946 1911 παραπληξίαςῐ
2989 1838 3062 1892 Οὐ
3110 1838 3218 1909 γάρ
3248 1840 3445 1907 συνῆκε
3478 1839 3537 1891 τὸ
3575 1839 3675 1906 τῆς
3711 1839 3790 1890 ai-

2240 1934 2436 2005 σχύνης
2464 1934 2703 2003 ἄγαλμα,
2730 1933 2803 1996 ὡς
2838 1925 2910 1984 ὧν
2938 1931 3003 1984 τὰ
3037 1933 3365 2000 πρωτότυπα
3390 1931 3668 1999 προδήλως
3695 1931 3791 1998 τὴν

581 2034 782 2087 tionem
812 2029 1035 2090 habent,
1065 2027 1238 2095 palam
1287 2042 1502 2096 quoque
1533 2028 1730 2083 habere
1768 2032 1836 2084 ab
1868 2032 1936 2086 iis
1962 2035 2133 2087 dedu-

2239 2025 2620 2094 ἀντικειμένην
2658 2022 2923 2092 ὑπόληψιν
2987 2022 3205 2091 έχουσι,
3240 2019 3442 2073 τούτων
3491 2021 3644 2088 δῆλον
3699 2020 3791 2071 καὶ

581 2133 697 2176 etas
744 2118 1146 2175 similitudines.
1197 2117 1514 2180 Quae-enim
1565 2119 1707 2173 inter
1757 2136 1816 2174 se
1860 2124 2133 2178 c0ntrarie

581 2216 804 2275 habent,
833 2209 1054 2261 mnnino
1084 2208 1245 2260 etiam
1279 2208 1608 2260 contrariam
1660 2216 1848 2270 mutuo
1889 2210 2134 2266 inferunt

581 2301 1034 2357 communionem.
1063 2297 1305 2350 Alterius
1341 2297 1481 2350 enim
1521 2298 1587 2351 ad
1627 2299 1892 2363 alterum,
1927 2301 2129 2355 idolum

580 2397 823 2459 inquam,
879 2404 940 2442 ac
981 2387 1253 2456 imaginis,
1285 2388 1562 2441 contraria
1598 2390 1757 2452 ratio,
1802 2392 1876 2443 uti
1927 2392 2130 2447 Christi

580 2491 632 2534 et
666 2480 862 2539 Beliar,
890 2492 954 2529 ex
979 2476 1222 2543 utrisque
1250 2475 1440 2544 liquet.
1470 2477 1672 2550 Idolum
1706 2479 1849 2531 enim
1871 2488 2127 2548 tanquam

579 2569 721 2639 quod
757 2565 980 2636 aliquid,
1019 2566 1298 2634 ipsamque
1336 2566 1472 2619 adeo
1510 2569 1805 2621 mentiatur
1852 2572 2129 2639 exempla-

536 2668 546 2676 ’
581 2663 658 2715 ris
705 2659 1116 2714 similitudinem
1151 2673 1165 2722 ;
1204 2656 1380 2726 imago
1406 2648 1584 2708 autem
1620 2665 1872 2726 tanquam
1913 2661 2127 2727 similis,

581 2757 658 2807 sic
681 2768 789 2822 pra:
819 2752 906 2803 illo
957 2750 1170 2819 proprie
1205 2751 1536 2800 nominatur.
1577 2747 1770 2801 Verum
1817 2751 1948 2803 nihil
1977 2753 2130 2820 ejus-

581 2846 727 2900 modi
758 2842 1056 2911 intelligere
1087 2840 1258 2893 voluit
1290 2840 1453 2892 miser
1487 2842 1671 2901 homo,
1700 2851 1862 2910 atque
1890 2858 1918 2895 a
1959 2845 2129 2898 bestia

579 2943 777 2991 nomen
802 2935 1006 2987 habens
1036 2950 1049 2984 :
1078 2931 1324 3000 quininio
1368 2945 1514 2982 mure
1539 2931 1934 3000 Corybantum,
1973 2944 2031 2988 ut
2054 2935 2128 2989 ita
2165 2989 2169 2991 _

580 3030 780 3091 dicam,
825 3024 1122 3084 insaniens,
1163 3031 1323 3089 atque
1363 3022 1622 3074 adversus
1650 3022 1948 3088 Christum,
1981 3025 2129 3092 ejus-

580 3131 686 3186 que
735 3111 1270 3167 iidemeratissimam
1318 3110 1542 3176 ﬁguram
1601 3112 1782 3166 furme
1831 3115 2124 3177 bacehans,
2171 3160 2173 3162 .

584 3221 710 3257 eum
748 3205 888 3254 viros
919 3198 1180 3268 quosdam
1216 3199 1394 3250 animo
1426 3200 1598 3267 reipsa
1631 3193 1942 3270 corruptos,
1974 3205 2122 3271 ejus-

580 3311 686 3364 que
730 3309 824 3362 per
851 3293 1032 3344 omnia
1079 3288 1258 3356 pravis
1301 3289 1544 3343 consiliis
1578 3293 1929 3360 astipulantes
1978 3294 2127 3347 imo-

572 3377 772 3450 ‘iiisset,
799 3382 917 3456 fore
948 3380 1173 3450 putavit,
1203 3382 1262 3433 ut
1301 3396 1395 3448 per
1424 3395 1518 3434 eos
1558 3380 1879 3437 Christianae
1911 3385 2127 3450 pietatis

581 3478 976 3528 sacramentum
1018 3467 1249 3522 fabulam
1280 3467 1503 3521 faceret.
1551 3467 1704 3523 [laud
1757 3479 1934 3524 tamen
1963 3473 2130 3525 valuit

580 3574 858 3636 praestare,
888 3576 949 3614 ac
973 3573 1279 3628 quanquam
1312 3559 1482 3610 instar
1509 3560 1718 3632 sagittae
1750 3561 1919 3613 valide
1944 3565 2129 3614 admo-

581 3662 707 3711 dum
731 3652 1060 3723 percutiens,
1088 3649 1317 3702 validius
1342 3651 1395 3701 in
1421 3648 1674 3722 Ecclesiae
1698 3651 1905 3719 pugiles
1930 3651 2129 3720 impir'i-

582 3762 734 3818 gens,
758 3755 972 3796 retusus
995 3751 1094 3794 est.

649 3834 786 3890 Cum
810 3834 954 3886 enim
983 3832 1036 3885 in
1070 3847 1223 3887 sacra
1254 3832 1484 3900 quadam
1511 3832 1691 3900 palatii
1720 3833 1852 3896 sede,
1879 3832 2129 3886 sacerdo-

586 3937 698 3981 tum
754 3940 817 3978 ac
854 3921 1074 3976 Patrum
1113 3932 1442 3985 nostrorum,
1478 3903 1902 3992 circumquaque
1957 3923 2129 3991 ipsum

584 4017 817 4085 stipante
851 4014 1038 4077 milite,
1071 4013 1282 4065 turbam
1325 4023 1727 4082 congregasset,
1769 4013 1978 4066 medius
2019 4013 2132 4081 ipse

586 4104 900 4174 praesidens,
929 4103 1200 4171 arroganti
1236 4117 1300 4156 ac
1328 4095 1683 4156 fremebundo
1722 4118 1906 4166 sensu,
1937 4104 2129 4158 adver-

585 4211 678 4250 sus
718 4210 970 4265 magnum
1004 4194 1306 4262 pontilicem
1341 4194 1652 4261 sociosque,
1682 4194 1822 4268 qpod
1859 4209 1950 4263 per
1979 4210 2132 4247 erro-

584 4301 697 4338 rem
733 4285 783 4338 iu
811 4284 1195 4336 venerabilium
1231 4283 1526 4350 imaginum
1554 4285 1950 4336 restitutionem
1991 4301 2128 4337 con-

587 4372 909 4430 sensissent,
971 4371 1114 4423 velut
1175 4385 1272 4438 pro
1332 4371 1589 4423 concione
1637 4371 1846 4424 orabat.
1886 4371 2132 4442 Tumque

585 4460 782 4513 deinde
830 4460 1039 4521 videns,
1077 4470 1132 4513 ut
1173 4462 1206 4514 ii
1241 4459 1471 4530 Spiritus
1501 4461 1680 4528 gladio
1710 4477 1972 4529 nugarum
2017 4465 2132 4532 ejus

585 4550 956 4618 garrulitatem
1002 4552 1146 4603 Varie
1188 4553 1416 4604 mediani
1477 4562 1723 4606 see-arent
1755 4591 1769 4615 ,
1819 4569 2130 4622 quanquam

2239 2118 2304 2169 τὰ
2345 2117 2668 2186 παράγωγα.
2703 2114 2783 2167 Τὰ
2815 2116 2921 2182 γὰρ
2966 2112 3221 2173 ἐναντίως
3249 2110 3511 2179 ἀλλήλων,
3543 2110 3789 2162 ἐναντίαν

2240 2207 2456 2268 πάντως
2498 2206 2590 2258 καὶ
2635 2206 2733 2275 τὴν
2780 2203 3064 2257 κοινωνίαν
3099 2202 3340 2271 εἰσφέρει
3388 2201 3520 2271 πρὸς
3565 2200 3785 2267 ἄλληλα.

2251 2299 2312 2351 'H
2349 2299 2454 2367 γὰρ
2488 2298 2739 2366 ἑτερότης
2756 2295 2988 2365 θατέρου
3009 2294 3143 2368 πρὸς
3173 2290 3665 2361 θάτερον,ηείδὼλου
3710 2307 3784 2354 τε,

2239 2390 2400 2458 φημὶ,
2429 2390 2521 2441 καὶ
2543 2388 2764 2450 είκόνος,
2793 2386 2979 2453 ὥσπερ
3002 2385 3033 2454 ἡ
3056 2384 3148 2436 τοῦ
3177 2380 3414 2453 Χριστοῦ
3442 2382 3532 2434 καὶ
3568 2381 3784 2447 Βελίαρ,

2237 2480 2302 2531 δι’
2352 2479 2623 2547 ἑκατέρων
2664 2476 3015 2568 γνωρίζεταιέ
3046 2472 3256 2526 εἴδωλον
3289 2474 3398 2542 μὲν
3441 2473 3546 2542 γὰρ
3595 2471 3670 2532 ὡς
3703 2470 3788 2522 δο-

2235 2567 2382 2620 λιοῦν
2411 2567 2525 2638 [τὰ]
2556 2567 2644 2620 καὶ⁵
2667 2566 2833 2633 αὑτὴν
2863 2565 2961 2633 τὴν
2975 2562 3087 2616 ’τοῦ
3122 2564 3429 2633 ἀρχετύπου
3459 2562 3754 2631 ἐμφέρειαν
3773 2577 3784 2590 ·

2242 2658 2402 2710 είκὼν
2442 2657 2518 2722 δὲ,
2557 2657 2631 2718 ὼς
2663 2657 2872 2710 ἐοικυῖα
2912 2652 3079 2723 ταύτῃ
3115 2653 3312 2720 μᾶλλον
3345 2651 3551 2705 ἑκείνου
3585 2651 3786 2717 κυρίως

2236 2748 2718 2819 προσονομάζεται.
2756 2747 2919 2800 Οὐδὲν
2942 2745 2998 2798 δὲ
3030 2743 3232 2797 τούτων
3261 2742 3486 2795 συνιδεῖν
3513 2742 3785 2811 ἠϐουλήθη

2235 2841 2262 2891 ὁ
2295 2840 2460 2902 τάλας
2496 2833 2645 2901 οὗτος
2681 2837 2772 2890 καὶ
2809 2835 3182 2906 θηριώνυμοςο
3220 2833 3353 2886 ἀλλὰ
3393 2832 3788 2902 κορυϐαντιῶν,

2237 2929 2305 2981 ἵν’
2328 2929 2498 2991 οὕτως
2536 2929 2693 2990 εἴπω,
2735 2928 2825 2979 καὶ
2860 2925 3001 2979 κατὰ
3064 2922 3298 2994 Χριστοῦ
3341 2922 3433 2976 καὶ
3477 2922 3570 2992 τῆς
3600 2922 3788 2975 τούτου

2237 3021 2609 3097 παναχρὰντου
2662 3019 2871 3088 μορφῆς
2921 3015 3353 3086 βακχευόμενος,
3403 3014 3788 3084 εὑριῦνοτινας

2235 3110 2432 3179 ἄνδρας
2474 3109 2550 3179 τῷ
2583 3109 2693 3160 δντι
2716 3106 3148 3175 ’διεφθαρμένους
3194 3105 3285 3156 τδν
3320 3105 3477 3165 νοῦν,
3516 3105 3609 3156 καὶ
3645 3107 3787 3156 κατὰ

2235 3203 2408 3255 πάντα
2440 3200 2756 3270 συνίστορας
2784 3197 2888 3250 τῶν
2922 3195 3086 3249 αὐτοῦ
3126 3195 3372 3265 πὶνηρῶν
3408 3193 3789 3262 βουλευμάτων

2235 3293 2570 3360 ὑπάρχοντας
2592 3330 2607 3354 ,
2648 3287 2713 3340 δι’
2748 3287 2922 3340 αὐτῶν
2971 3288 3404 3355 κατακερτομεῖν
3449 3287 3618 3356 δῆθεν.
3651 3286 3790 3357 ᾦε⁵ΰ

2232 3382 2384 3452 ἡμῶν
2417 3382 2476 3432 τὸ
2506 3381 2601 3450 τῆς
2647 3363 2922 3441 εὑσεὸείας
2956 3381 3268 3447 μυστήριον.
3314 3377 3450 3430 Ἀλλ’
3495 3377 3594 3430 οὐκ
3634 3376 3788 3445 ἰσχυ-

2232 3491 2340 3537 σεν,
2376 3475 2421 3526 εί
2458 3472 2552 3525 καὶ
2577 3473 2649 3524 τὰ
2681 3471 2912 3540 μάλιστα
2944 3469 3261 3538 προσϐαλὼν
3299 3469 3374 3533 ὡς
3406 3469 3589 3538 βέλοςθ
3629 3470 3787 3537 στερ-

2233 3567 2463 3636 ροτέρως
2496 3563 2845 3631 προσκρούων
2875 3566 2983 3624 τοῖς
3011 3562 3101 3631 τῆς
3119 3561 3438 3632 Ἐκκλησίας
3465 3560 3786 3630 προμάχοις,

2231 3654 2636 3725 ὲναποκρούετο.
3555 3703 3583 3736 ,-

2314 3834 2526 3904 Ἐπειδὴ
2554 3832 2658 3903 γὰρ
2686 3833 2792 3885 τῶν
2830 3831 3203 3902 ἀνακτορικῶν
3227 3831 3283 3884 ἔν
3312 3847 3418 3884 τινι
3455 3830 3561 3884 τῶν
3587 3827 3782 3896 θείων,

2231 3927 2337 3978 τῶν
2387 3926 2700 3995 ἱερέωνικαὶ
2738 3925 2846 3976 τῶν
2891 3925 3013 3978 καθ’
3038 3924 3184 3993 ἡμᾶς
3229 3923 3486 3992 Πατέρων
3535 3923 3786 3990 συναγεί-

2234 4033 2431 4086 γερκεν
2471 4017 2685 4084 ὅμιλον,
2732 4014 2838 4067 τῶν
2882 4013 3299 4083 στρατευμάτων
3337 4013 3482 4081 αὑτῷ
3525 4013 3787 4091 κυκλόθεν

2233 4107 2648 4176 παρισταμένων
2667 4123 2681 4137 ·
2707 4107 2867 4167 αὐτὸς
2897 4108 2953 4158 ὲν
2983 4105 3132 4175 μέσῳ
3162 4103 3537 4174 προὺκάθητο,
3573 4104 3787 4173 σοϐαρῷ

2233 4196 2324 4249 καὶ
2363 4197 2614 4267 βρέμοντι
2661 4196 2736 4264 τῷ
2785 4197 3123 4264 φρονήματι,
3179 4195 3648 4263 καταδημηγορῶν
3676 4195 3790 4248 τῶν

2231 4287 2373 4355 ἀμφὶ
2412 4287 2500 4336 τὸν
2541 4287 2710 4354 μέγαν
2761 4286 3039 4354 ίεράρχην,
3082 4284 3154 4346 ὡς
3219 4285 3568 4353 ὲσφαλμένως
3612 4301 3786 4353 προσι-

2233 4395 2338 4448 ηκα
2347 4376 2540 4446 μένων,
2555 4376 2660 4428 τῶν
2679 4375 2886 4428 σεπτῶν
2917 4375 3247 4443 ἰνδαλμάτων
3274 4375 3368 4445 τὴν
3391 4375 3782 4445 ἀναστήλωων.

2233 4464 2343 4522 E’it’
2383 4467 2580 4536 ἐνορῶν
2627 4465 2869 4528 εἰσαῦθις
2931 4464 3151 4528 τούτους
3198 4468 3264 4535 τῇ
3329 4464 3421 4517 τοῦ
3470 4466 3784 4535 Πνεύματος

2237 4554 2477 4624 μαχαίρᾳ
2515 4552 2771 4614 ποικίλως
2800 4553 2896 4622 τὴν
2925 4553 3121 4622 λέσχην
3156 4551 3273 4605 κατ’
3301 4553 3467 4621 άμφω
3503 4553 3613 4604 τῶν
3645 4553 3784 4624 φλη-

588 4641 785 4694 uirilius
815 4631 1218 4710 pcrinde'atque
1251 4643 1430 4696 herois
1466 4658 1526 4696 ac
1553 4645 1728 4714 magni
1753 4643 1926 4696 Patris
1959 4647 2126 4701 nostri

2237 4645 2414 4712 νάφων
2467 4643 2628 4696 αὑτοῦ
2681 4642 3102 4706 διακόπτοντας,
3155 4641 3414 4709 οὐμενοῦν
3435 4642 3610 4712 “apo;
3671 4646 3784 4704 τοῖς

1687 4817 1775 4868 Fit
1788 4821 1817 4869 vi
1830 4819 1931 4872 NC.
1965 4819 2346 4873 COMBEFISII
2387 4818 2613 4874 NOTrE.

658 4954 1076 5023 (iiIConsentit
1123 4955 1422 5017 Cedrenus,
1466 4958 1544 5009 sic
1568 4957 1702 5007 mala
1730 4967 1841 5009 artc
1867 4958 2128 5012 invasisse

566 5026 891 5093 imperium,
921 5039 982 5077 ac
1006 5024 1249 5079 Michaeli
1285 5028 1576 5091 abrogasse
1603 5028 1901 5091 provocatis
1929 5030 1977 5077 in
2004 5043 2124 5079 eum

588 5094 769 5163 populi
798 5107 859 5146 ac
895 5094 1125 5147 militum
1157 5096 1315 5156 odiis,
1349 5110 1641 5159 eorumque
1673 5095 1773 5145 sibi
1817 5097 2124 5148 conciliatis

587 5163 778 5218 studiis
802 5176 824 5214 τ
858 5175 1090 5230 suntque
1124 5164 1236 5232 han;
1275 5167 1427 5228 longe
1463 5178 1586 5214 vero
1631 5164 1911 5224 similiora,
1964 5180 2123 5232 quam

585 5247 706 5300 quae
740 5244 1023 5284 narrantur
1067 5246 1094 5282 a
1138 5230 1462 5301 Theoiihane
1501 5233 1564 5283 de
1601 5232 1810 5299 imperii
1852 5233 1935 5284 illa
1967 5230 2128 5301 adep-

589 5306 748 5365 tione.
773 5303 995 5354 cedente
1021 5310 1212 5366 sponte
1242 5300 1518 5361 Michaele,
1552 5317 1614 5354 ac
1642 5301 2038 5355 nltro'Leonein
2063 5300 2124 5354 ad

589 5372 869 5440 imperium
902 5371 1203 5440 adeundum
1231 5382 1569 5440 provocante.
1597 5368 1711 5424 Non
1739 5373 1873 5425 levis
1892 5374 2128 5436 suspicio

585 5437 865 5508 ,τεινιυιδεε
916 5438 1001 5489 illa
1032 5437 1238 5506 adjecta
1264 5437 1607 5508 Theophanis
1636 5443 1805 5508 operi,
1839 5457 1866 5492 a
1897 5444 2125 5508 quodam

587 5507 784 5562 Leonis
829 5508 1090 5568 studioso,
1143 5524 1262 5559 cum
1312 5507 1582 5562 Cedrenus
1629 5507 1771 5563 dicat
1819 5507 1970 5562 initio
2017 5525 2128 5562 suae

589 5577 859 5637 Historiae,
893 5574 1270 5647 Theophanem
1297 5576 1363 5628 ad
1397 5578 1605 5630 obitunr
1643 5595 1812 5647 usque
1843 5577 2126 5644 Nicephori

588 5647 848 5716 duntaxat
875 5659 1025 5697 suam
1063 5646 1352 5716 Historiam
1398 5646 1901 5716 dedu_xisse,’quem
1937 5648 2126 5700 deinde

589 5709 824 5766 Joannes
872 5714 1311 5782 protovestiarius
1356 5709 1647 5785 exceperit,
1694 5709 1851 5771 suam
1895 5731 2124 5771 exorsus

2237 4958 2550 5020 Historiam,
2579 4959 2686 5030 ἀπὸ
2718 4958 3038 5030 τοῦ-τέλους,
3076 4958 3166 5012 τοῦ
3213 4959 3319 5030 άπὸ
3349 4959 3574 5027 γενικῶν
3602 4960 3778 5030 Νικη-

2235 5031 2421 5097 φόρον.
2471 5045 2502 5080 a
2549 5028 2756 5095 praefati
2802 5027 3106 5094 Nicephori,
3141 5029 3230 5097 qui
3265 5043 3328 5098 ex-
3367 5030 3594 5098 geuerah'
3629 5027 3778 5098 loge-

2237 5101 2376 5149 l/ieta
2403 5099 2574 5162 [artus
2603 5109 2676 5149 est
2709 5099 3015 5164 imperator,
3051 5100 3210 5150 obitu.
3247 5097 3568 5152 Anastasius
3592 5097 3773 5151 tanien

2236 5168 2286 5218 in
2322 5181 2418 5218 sua
2464 5169 2527 5218 ad
2565 5166 2786 5218 Paulum
2818 5166 3106 5219 Diaconum
3148 5166 3475 5233 praefatione,
3505 5181 3678 5234 usque
3707 5171 3773 5219 ad

2237 5235 2486 5297 Leonem,
2527 5237 2616 5302 qui
2646 5244 2769 5302 post
2804 5235 3111 5288 Michaelem
3146 5237 3450 5300 imperavit,
3498 5238 3581 5288 sui
3625 5235 3773 5288 illius

2234 5306 2410 5374 operis
2433 5308 2626 5374 stylum
2658 5305 2997 5371 produxisse,
3024 5307 3114 5356 ait.
3143 5304 3321 5374 Atque
3342 5314 3401 5374 ut
3422 5305 3557 5355 bona
3586 5304 3677 5356 illa
3707 5308 3772 5357 de

2235 5372 2426 5424 Leonis
2452 5372 2621 5425 initiis
2651 5375 2947 5438 scripserit,
2974 5374 3226 5441 deceptus
3252 5372 3372 5434 fuit,
3393 5373 3588 5425 bonum
3618 5374 3770 5442 prin-

2231 5443 2401 5508 cipem
2447 5459 2508 5497 ac
2553 5443 2696 5506 pium
2742 5444 3053 5504 arbitratus,
3088 5457 3205 5495 cum
3240 5442 3325 5494 ille
3368 5449 3424 5492 ut
3464 5442 3562 5495 sibi
3597 5445 3770 5509 impeo

2217 5512 2369 5562 .rium
2420 5511 2706 5574 stabiliret,
2753 5513 3011 5564 hactenus
3051 5511 3261 5578 pietatis
3302 5509 3501 5578 larvam
3540 5521 3774 5578 praeten-

2229 5579 2395 5649 deret,
2464 5582 2608 5645 quod
2673 5582 2874 5649 passim
2937 5575 3244 5649 scriptores,
3285 5575 3770 5649 alii__signitic.ant.

2227 5644 2638 5719 ipsequepadeo
2674 5644 2877 5701 ’συείοι-
2933 5644 3056 5719 vita
3101 5647 3324 5708 Nicolai.
3381 5644 3535 5715 Vide.
3568 5649 3777 5703 Bai-ou.

2227 5731 2352 5771 aun.
2384 5718 2487 5772 812
2514 5726 2565 5774 et
2599 5730 2844 5788 sequent.
