3926 6308
189 261 300 324 893

1269 269 1439 328 VlTA
1481 271 1538 328 s.
1582 265 1879 332 simul
1917 254 2272 329 srvatm.

3271 269 3376 332 894

189 375 357 444 σύνης
385 375 462 444 τῷ
500 374 626 444 ιερῷ
649 375 754 426 τῶν
788 377 1036 446 Πατέρων
1071 376 1238 447 θιάσῳ
1270 382 1296 431 ὁ
1339 379 1466 445 ἅναξ
1498 384 1722 450 ὁμηρευ-

1831 383 1936 434 bat.
1989 380 2242 447 Denmtte,
2281 378 2696 462 uhi’imperator
2740 376 3111 430 lubentissime
3158 393 3370 434 sacrum
3432 398 3434 402 τ

191 467 453 534 σάμενος,
506 468 611 519 τῶν
663 468 966 537 ὀρθοτόμων
1015 469 1294 537 δογμάτων
1351 472 1567 534 κενοὺς,
1619 472 1726 523 τῶν

187 556 498 626 ἂνακτόρων
529 558 816 628 ἐξέπεμψε.

269 735 828 806 Ἀλλ’ὲφαρμοζόντως
858 732 957 791 ὧδε
992 739 1066 808 τῷ
1087 740 1226 809 λόγῳ
1256 740 1558 807 γενόμενος,
1586 740 1724 810 ψυχ-

183 824 391 890 ωφελις
437 844 487 878 τι
518 828 825 898 προσθεῖναι
873 829 934 897 δὴ
978 828 1163 897 ἔκρινα
1225 831 1300 896 τῷ
1348 831 1724 896 συντάγματι,

181 915 320 980 ὅπερ
342 916 405 967 ἑν
433 915 752 986 Βουλγαρίᾳ,
775 917 847 980 ὡς
869 920 924 971 ἐν
955 922 1064 979 τοῖς
1093 919 1390 987 ἔμπροσθεν
1419 920 1605 987 ἔφθην,
1636 919 1723 970 ἐπὶ

182 1003 275 1056 τοῦ
314 1003 545 1066 ἄνακτος
581 1007 886 1077 Νικηφόρου
919 1008 1037 1060 τότε
1070 1009 1334 1076 πραχθὲν,
1367 1008 1433 1060 τὰ
1475 1008 1568 1060 νῦν
1612 1009 1722 1060 διαο

179 1091 396 1162 γράψαι
441 1093 816 1163 κεκέλευσμαι,
871 1098 996 1164 παρ’
1041 1097 1200 1149 αὐτοῦ
1243 1098 1334 1149 τοῦ
1380 1099 1468 1149 τδν
1512 1098 1724 1162 ἀνάξιον

179 1182 284 1246 ἐμὲ
315 1183 724 1250 ἀποκείραντος,
751 1188 839 1237 καὶ
863 1186 1070 1262 χρόνοις
1095 1186 1300 1246 πολλοῖς
1318 1185 1412 1254 τὴν
1439 1186 1559 1238 καθ’
1583 1187 1725 1254 ἡμᾶς

184 1271 358 1339 μονὴν
391 1270 722 1336 ϐιιθύνοντος,
757 1275 848 1326 καὶ
876 1275 1050 1325 κοινοῦ
1082 1275 1174 1340 τῆς
1219 1274 1414 1341 ἀρετῆς
1447 1275 1725 1343 είσηγήτο-

183 1374 300 1427 ρος,
343 1359 438 1412 καὶ
466 1361 522 1412 ιν
566 1365 872 1429 μοναχικοίς
910 1362 1293 1431 ἀριστεύμασιν
1323 1361 1568 1424 αὔξοντος
1597 1364 1725 1431 ἡμῖν

181 1448 246 1500 τὸ
310 1449 600 1518 ἐγκώμιον.
676 1452 976 1504 ’Δνατόλιον
1037 1448 1132 1503 οἶδ’
1187 1453 1266 1502 ὅτι
1314 1452 1406 1502 τὸν
1460 1451 1724 1519 ἡμέτερον

180 1540 423 1606 ποιμένα
449 1541 643 1601 πάντες
665 1541 972 1603 ἐπίστασθε,
999 1541 1052 1602 ὃς
1081 1542 1176 1609 τὴν
1196 1539 1527 1609 ψυχοτρόφον
1548 1556 1722 1608 παρα-

177 1626 462 1696 τιθέμενος
484 1630 988 1698 τράπεζαν,οὑτωσί
1010 1647 1119 1691 πως
1149 1628 1412 1681 ποιεῖσθαι
1444 1630 1542 1696 τῆς
1567 1644 1726 1680 πνευ-

181 1719 422 1786 ματικῆς
451 1719 760 1781 πανδαισίας
784 1719 876 1789 τὴν
899 1720 1231 1788 εὐφροσύνην
1256 1718 1551 1788 ἀπήρξατο.

254 1894 545 1964 Μαθητής,
587 1899 717 1966 φησὶ
743 1936 756 1961 ,
796 1896 1084 1950 τοῦδειτοῦ
1128 1897 1268 1949 ὁσίου
1317 1895 1526 1965 Πατρδς
1573 1896 1729 1962 ἡμῶν

177 1982 455 2036 Νικολάου
482 1985 786 2053 Κυπριανδς
805 1985 1057 2054 τοῦνομα,
1082 1984 1139 2047 ἑξ
1161 1985 1311 2048 ἔθους
1334 1981 1442 2052 εἶχε
1471 1986 1585 2035 κατ’
1614 1985 1727 2045 ἔτος

176 2074 279 2124 τοῦ
315 2074 676 2141 παραϐάλλειν
720 2077 852 2144 πρός
896 2078 1024 2129 τινα
1048 2077 1273 2144 γέροντα
1318 2079 1456 2128 κατά
1499 2075 1595 2144 τὴν
1628 2075 1726 2141 τῆς

179 2164 402 2232 ἀτρώας
428 2166 725 2234 ὑποαργίαν
753 2165 1066 2235 ποιούμενον
1091 2165 1423 2234 τηνιοίκησιν
1441 2179 1456 2194 ο
1485 2164 1637 2226 ἀξίαν
1667 2180 1726 2214 τε

179 2256 280 2306 τοῦ
327 2257 507 2324 γήρως
557 2259 652 2336 τὴν
712 2257 982 2309 πολιτείαν
1029 2256 1309 2322 ίσάγγελον
1357 2253 1726 2328 φέρονταηάκ

179 2344 491 2411 κραδαίνων
530 2349 556 2397 ὁ
587 2347 738 2412 λόγος
774 2347 973 2411 διδάξει
1013 2347 1071 2399 τὸ
1100 2345 1384 2416 χρήσιμον*
1431 2345 1490 2405 ὃς
1539 2345 1635 2411 τὴν
1669 2343 1724 2406 ἐξ

179 2433 361 2501 αὐτῆς
411 2437 727 2502 νηπιότητος
781 2437 993 2504 χρονίαν
1043 2435 1224 2503 σχέσιν
1273 2433 1364 2486 τοῦ
1415 2431 1724 2499 Κύπριανοῦ

180 2522 325 2592 πρὸς
358 2523 544 2575 ἑαυτὸν
574 2525 601 2574 ὁ
645 2525 818 2590 γέρων
847 2524 1134 2589 ἀγάμενος,
1170 2520 1356 2590 ὥσπερ
1389 2520 1504 2572 τινὰ
1532 2518 1726 2587 κλῆρον

177 2614 250 2663 τὸ
290 2610 350 2673 ἐξ
395 2605 590 2662 οἰκείου
644 2612 756 2680 βίου
800 2612 1078 2678 ἀγώνισμα
1112 2609 1266 2661 τοῦτο
1303 2610 1379 2677 τῷ
1423 2611 1524 2677 νέῳ
1560 2625 1723 2660 κατα-

179 2699 401 2752 λέλοιπε
429 2700 486 2750 τὸ
509 2700 745 2767 διήγημα
764 2716 778 2730 ·
797 2697 1164 2767 κοινοποιήσας
1196 2700 1326 2750 πᾶσι
1346 2698 1412 2750 δι’
1438 2696 1600 2750 αὐτοῦ
1626 2696 1725 2762 τὴν

178 2789 472 2856 ὠφέλειαν.

260 2879 452 2945 Ἔλεγε
490 2881 630 2949 γάρ’
661 2879 736 2940 ὡς
765 2880 843 2931 ὄτι
878 2898 896 2928 ι
948 2878 1085 2942 Νέος
1123 2879 1400 2946 ὑπάρχων,
1436 2878 1496 2929 ὲν
1525 2879 1590 2944 τῇ
1621 2874 1726 2926 τῶν

1831 469 2045 523 Patrum
2076 478 2320 525 senatum
2361 469 2664 523 securitatis
2698 477 3035 526 sacramento
3069 469 3330 522 firmasset
3354 509 3368 530 .

1830 565 1972 630 quod
2008 570 2208 630 spectat
2246 561 2308 614 ad
2340 572 2479 612 recta
2513 560 2789 626 dogmata,
2824 560 2970 612 omni
3005 560 3372 615 satisfactione

1833 665 2025 705 vacuos
2047 690 2058 714 ,
2083 666 2112 702 e
2145 650 2339 718 palatio
2363 648 2523 714 jussit
2548 648 2710 699 abire.

1898 743 2146 809 Congrue
2174 749 2372 800 autem,
2405 754 2465 789 ex
2494 751 2602 804 quo
2634 737 2736 788 huc
2760 747 3006 787 sermone
3036 733 3368 792 devenimus,

1829 830 2028 898 aliquid
2053 827 2535 883 auimorum'salnti
2559 824 2917 895 conducibile,
2941 823 3185 889 praesenti
3221 821 3368 887 operi

1831 921 2185 987 adjiciendum
2220 898 2439 992 putari,
2485 927 2688 982 gt-sutm
2732 913 2861 965 illud
2912 911 2960 963 id
3017 911 3270 976 temporis
3316 911 3368 960 in

1830 1006 2072 1079 Bulgaria
2113 1009 2211 1064 sub
2244 1006 2540 1073 Nicephoro
2574 1006 2913 1071 imperatore,
2949 1001 3023 1052 uti
3053 1001 3162 1068 jam
3197 1002 3249 1051 in
3283 1016 3370 1052 suo

1831 1104 2129 1173 perioribus
2153 1101 2259 1154 dixi
2285 1119 2296 1155 ;
2324 1100 2571 1166 quodque
2603 1097 2646 1148 is
2671 1094 2832 1146 modo
2854 1093 3014 1160 jussit
3041 1091 3368 1155 describere,

1829 1194 1918 1262 qui
1954 1192 2230 1260 indignum
2266 1205 2348 1240 me
2380 1188 2431 1239 in
2468 1184 2790 1238 monachum
2836 1181 3100 1242 attondit,
3141 1190 3297 1246 atque
3339 1194 3368 1230 a

1831 1283 2009 1338 multis
2039 1282 2192 1335 annis
2235 1277 2609 1332 monasterium
2654 1280 2895 1327 nostrum
2921 1311 2933 1330 ,
2968 1270 3179 1322 virtutis
3221 1283 3369 1321 com-

1831 1375 2007 1428 munis
2053 1372 2271 1433 doctor,
2311 1368 2571 1437 gubernat
2605 1379 2667 1432 ac
2708 1362 2871 1430 regit;
2917 1361 3116 1427 quique
3159 1359 3210 1410 in
3257 1372 3373 1409 mo-

1831 1462 2049 1519 uastisz
2084 1459 2412 1515 facinoribus
2443 1455 2746 1509 encomium
2794 1450 2948 1503 nobis
2987 1457 3240 1501 aucturus
3281 1462 3372 1499 ve-

1831 1556 1926 1606 nit.
1958 1552 2083 1606 Scio
2111 1563 2267 1604 nosse
2298 1563 2387 1602 vos
2414 1559 2601 1599 omnes
2637 1552 2904 1610 pastorem
2944 1549 3184 1592 nostrum
3220 1536 3370 1590 Ana-

1833 1644 2040 1699 tolium.
2071 1643 2121 1696 ls
2169 1640 2368 1693 alenda:
2419 1637 2610 1689 animae
2653 1647 2893 1685 mensam
2957 1643 3264 1697 apponens,
3318 1627 3371 1678 in

1761 1713 1796 1765 Β
1829 1732 1969 1784 hunc
1999 1729 2107 1782 fere
2137 1727 2355 1781 modum
2392 1723 2648 1792 spiritalis
2672 1720 2899 1774 convivii
2935 1717 3173 1772 laetitiam
3223 1717 3372 1768 ince-

1827 1822 1923 1888 pit.

1895 1908 2145 1974 Quidam,
2183 1905 2378 1974 inquit,
2411 1902 2581 1955 sancti
2616 1901 2773 1968 hujns
2814 1898 2986 1951 Patris
3018 1896 3185 1949 nostri
3219 1894 3373 1947 Nico—

1827 1999 1894 2052 lai
1926 1997 2241 2065 discipulus,
2270 1993 2573 2063 Cyprianus
2599 1992 2840 2050 nomine,
2874 1989 2924 2040 in
2959 2001 3107 2038 more
3137 1986 3369 2053 positutn

1828 2089 2076 2149 habebat,
2119 2083 2485 2152 utquotannis
2523 2096 2705 2136 senem
2750 2079 3030 2146 quemdam
3069 2091 3164 2144 pro
3201 2075 3372 2127 exsilii

1829 2177 2034 2228 ratione
2057 2173 2386 2227 detnicilium
2411 2171 2716 2229 habentem,
2745 2167 3074 2234 dignamque
3099 2171 3375 2216 senectute

1827 2265 1987 2315 vitam
2044 2261 2297 2330 angelicae
2353 2258 2580 2313 similem
2629 2254 3034 2322 praeferentem,
3084 2252 3159 2303 uti
3195 2264 3373 2303 sermo

1826 2365 2078 2420 processu
2103 2349 2383 2404 commode
2408 2348 2668 2401 docturus
2700 2354 2801 2405 est,
2830 2344 3021 2396 adiret.
3059 2339 3253 2392 Videris
3284 2338 3373 2390 ille

1828 2442 2137 2508 mirarisque
2188 2439 2463 2506 antiquam
2515 2452 2544 2490 a
2595 2451 2759 2504 puero
2787 2423 3036 2502 Cypriani
3080 2433 3144 2485 ad
3192 2432 3367 2498 ipsutn

1826 2530 2180 2591 aliectionem,
2210 2545 2306 2582 ceu
2336 2527 2618 2597 quamdam
2651 2524 2986 2577 Itaerediturio
3009 2524 3124 2588 jure
3159 2534 3371 2584 posses-

1826 2624 2054 2683 sionem,
2079 2623 2278 2675 hancce
2309 2621 2442 2689 gesti
2472 2621 2538 2672 ab
2560 2634 2622 2672 eo
2643 2615 2954 2670 certaminis
2980 2612 3364 2668 narrationem,

1826 2710 2147 2763 adoleSt-enti
2184 2709 2432 2776 reliquit,
2459 2707 2724 2758 universis
2750 2719 2841 2772 per
2873 2703 3043 2764 illunt,
3070 2701 3213 2768 quod
3243 2698 3369 2751 illud

1826 2801 1956 2853 utile
1979 2800 2154 2862 habet,
2178 2799 2606 2852 communicatis.

1898 2890 2114 2943 Dicebat
2153 2890 2293 2942 enim
2345 2904 2360 2940 :
2401 2907 2418 2938 ι
2455 2886 2680 2940 Juvenili
2726 2883 2901 2938 adhuc
2943 2889 3125 2940 aetate,
3158 2879 3373 2933 schola-

178 2969 482 3037 σχολαρίων
521 2969 773 3037 στρατείᾳ
803 2969 1258 3036 κατεληλεγμένος
1289 2968 1595 3034 ἐτύγχανον·
1632 2965 1722 3018 καὶ

1833 2983 2033 3034 ri0rutn
2072 2979 2268 3048 agmini
2308 2978 2573 3044 ascriptus
2595 2990 2762 3028 erant.
2783 2973 3023 3038 Cumque
3043 2969 3374 3036 Νἱῡρρίιοτυε

177 3058 279 3112 τοῦ
307 3059 536 3120 ἄνακτος
562 3061 870 3128 Νικηφόρον
893 3060 1190 3128 πανστρατὶ
1215 3059 1357 3110 κατὰ
1383 3059 1484 3109 τῶν
1510 3057 1728 3109 Σκυθῶν

177 3149 581 3216 ἀξορμήσαντος
609 3187 623 3211 ,
655 3149 840 3216 ἔτυχεν
873 3150 973 3217 ὲμὲ
1006 3150 1091 3200 διά
1126 3166 1249 3201 τινα
1299 3148 1549 3218 βωτικὴν
1577 3165 1728 3218 περι-

179 3239 407 3290 πέτειαν
433 3235 518 3289 οἷα
551 3239 613 3307 δὴ
641 3240 919 3306 συμϐαίνει
949 3240 1372 3308 καταλειφθῆναι
1407 3241 1730 3308 μονώτατον,

180 3328 279 3378 καὶ
323 3325 542 3378 ὄπισθεν
593 3328 685 3379 τού
718 3329 944 3397 στρατοῦ
983 3329 1474 3381 κατακολουθοῦντα
1508 3328 1732 3397 πορεύε-

180 3416 333 3469 σθαι.
373 3417 482 3468 Καὶ
508 3417 565 3467 ἐν
591 3434 696 3468 τινι
727 3420 915 3486 ,χωρίῳ
939 3418 1073 3486 πρὸς
1098 3419 1164 3471 τά
1193 3418 1425 3489 Θρᾳκῷα
1475 3419 1614 3486 μέρη
1638 3420 1732 3486 τῆς

180 3506 419 3572 ἑσπέρας
452 3507 858 3575 καταλαϐούσης
888 3509 983 3574 τὴν
1020 3509 1187 3576 μονὴν
1225 3510 1442 3577 ποιῆσαι
1473 3509 1731 3578 βουλόμε-

179 3612 297 3659 νος,
333 3595 629 3665 ὑπεδέχθην
660 3599 804 3665 παρά
832 3615 937 3648 τινι
963 3599 1178 3663 γυναικὶ
1202 3599 1320 3651 λίαν
1344 3601 1556 3668 εὐπόρῳ
1578 3597 1731 3668 οὔσῃ,

182 3687 282 3737 καὶ
309 3685 556 3752 εἰωθυία,
579 3686 654 3746 ὡς
682 3681 858 3752 οἶμαι,
893 3685 1279 3752 φιλοξενείσθαι
1304 3688 1427 3749 τοὺς
1459 3689 1734 3757 παραϐάλ-

182 3774 398 3833 λοντας.
427 3774 492 3826 Ἢ
522 3776 615 3825 καὶ
637 3774 860 3844 δαψιλήν
885 3791 972 3842 μοι
999 3776 1289 3844 προσθεῖσα
1316 3778 1413 3845 τὴν
1439 3775 1729 3842 τράπεζαν,

185 3862 282 3916 καὶ
343 3864 436 3914 σὺν
487 3863 753 3932 θυμηδείᾳ
816 3866 978 3934 πολλῇ
1029 3866 1091 3917 τὺ
1137 3866 1347 3917 δεῖπνον
1385 3867 1729 3926 ἐκτείνουσα,

180 3952 394 4006 ιδείκνυ
419 3953 516 4022 τὴν
545 3956 673 4022 πρός
709 3973 775 4022 με
810 3957 1201 4024 φιλοφροσύνην
1230 3957 1539 4022 ἀκόρεστον.
1575 3956 1731 4008 Ὅθεν

182 4044 282 4097 καὶ
325 4045 460 4110 μετά
497 4046 591 4112 τὴν
625 4047 839 4109 ἑστίαν,
882 4049 964 4113 ἐφ’
992 4048 1199 4116 ὑψηλῆς
1232 4048 1512 4116 στρωμνῆς
1538 4047 1730 4102 καθευ-

179 4130 346 4198 δῆσαί
382 4149 446 4200 με
483 4136 978 4202 παρασκευάσασα,
1010 4135 1205 4203 πολλήν
1241 4152 1327 4202 μοι
1357 4136 1452 4204 τὴν
1492 4136 1729 4187 ἀνάπαυ-

179 4222 280 4273 λαν
307 4224 591 4291 ἐχαρίσατο
614 4265 630 4288 ,
655 4226 834 4278 τέλεον
861 4225 946 4277 τὸν
976 4228 1039 4277 ἐκ
1069 4226 1167 4287 τῆς
1213 4225 1513 4292 ὁδοιπορίας
1543 4222 1725 4276 διαλύο

181 4326 321 4364 σασα
345 4311 604 4378 κάματον.

255 4418 275 4448 ι
322 4401 459 4451 Ἀλλ’
501 4403 527 4451 ὁ
569 4403 652 4456 ἀεὶ
686 4407 796 4464 τοῖς
840 4406 1056 4471 ἀγαθοῖς
1104 4390 1404 4472 βασκαίνων
1450 4404 1721 4467 διάϐολος,

179 4489 282 4541 οὐκ
309 4489 456 4541 εῐασε
489 4492 586 4544 κάν
615 4493 749 4560 τῷδε
775 4495 850 4560 τῷ
897 4496 1082 4562 ἀγαθῷ
1116 4495 1376 4563 προϐῆναι
1405 4493 1689 4546 ἀνεύθυνον
1708 4509 1721 4524 ’

181 4580 425 4647 πονηρὰν
466 4581 521 4632 δὲ
558 4586 623 4652 τῇ
662 4585 877 4649 γυναικὶ
921 4585 1017 4652 τὴν
1062 4586 1249 4652 ἡδονὴν
1291 4585 1666 4653 ὑπενονπείρας
1695 4587 1725 4636 ὁ

184 4670 433 4736 μάταιος,
462 4672 590 4739 πρὸς
619 4675 865 4741 μυσαρὰν
895 4674 1037 4740 μίξιν
1063 4675 1156 4741 τῆς
1182 4675 1312 4741 πρός
1342 4690 1409 4741 με
1438 4674 1721 4736 συνουσίας

181 4762 500 4827 κατήπειγε.
528 4764 635 4814 Καὶ
659 4765 932 4815 ἀναστᾶσα
956 4765 1050 4833 τῆς
1082 4765 1264 4831 κλίνης
1293 4760 1467 4832 ἧσπερ
1496 4764 1721 4816 ἐκάθευο

181 4848 290 4909 δαν,
347 4851 631 4917 ἐπέρχεται
688 4851 868 4903 λοιπὸν
928 4852 1246 4920 κοιμωμένῳ
1301 4870 1408 4920 μοι,
1462 4855 1570 4914 τοῖς
1621 4854 1719 4918 τῆς

180 4939 438 5007 αἰσχύνης
469 4940 660 5005 λόγοις,
693 4943 824 5010 πρὸς
861 4943 920 4994 τὸ
962 4943 1213 5009 ἀθέμιτον
1248 4943 1576 5010 ἐφελκομένη
1618 4947 1715 5011 τῆς

182 5025 399 5092 μίξεως.
443 5026 590 5094 Ἐγὼ
606 5029 660 5081 δὲ
687 5030 886 5097 ταύτην
910 5029 980 5088 ὡς
1007 5025 1112 5080 οἷόν
1141 5046 1196 5080 τε
1224 5025 1289 5096 ἦν
1318 5029 1708 5094 ἀπωθούμενος,

1833 3069 2118 3134 imperator
2167 3066 2422 3118 universo
2478 3063 2722 3115 exercitu
2777 3064 3062 3113 comitante
3111 3060 3372 3109 adversus

1832 3159 2054 3225 Scythas
2081 3156 2352 3215 movisset,
2385 3152 2629 3222 contigit,
2661 3162 2719 3204 ut
2747 3167 2873 3204 casu
2908 3149 3158 3217 quodam,
3184 3145 3375 3214 qualrs

1832 3245 2078 3298 humanis
2110 3243 2271 3298 rebus
2301 3242 2754 3301 soleutaccitlere,
2782 3240 2930 3293 solus
2953 3237 3175 3288 omnino
3205 3235 3372 3294 relin-

1830 3350 2042 3402 querer,
2065 3344 2288 3403 postque
2310 3333 2598 3386 exercitum
2626 3345 2855 3397 sequens
2881 3329 3104 3381 abirem.
3130 3324 3372 3389 Quodam

1829 3436 2005 3478 autem
2033 3425 2172 3485 loco,
2202 3424 2344 3476 circa
2375 3431 2552 3490 partes
2577 3419 2837 3481 Thraciae,
2875 3434 2995 3470 cum
3032 3430 3249 3482 vespera
3282 3428 3372 3466 oc-

1829 3523 2107 3581 cupasset,
2138 3521 2452 3581 pernoctare
2488 3510 2705 3570 volens,
2754 3516 3038 3573 suscrptus
3085 3521 3202 3556 sunt
3233 3503 3372 3570 apud

1829 3604 2078 3657 feminam
2123 3603 2272 3654 valde
2308 3601 2618 3667 opulentam
2644 3639 2657 3661 ,
2693 3607 2852 3665 atque
2895 3606 2949 3648 ut
2993 3594 3245 3646 existimo
3285 3594 3371 3644 cui

1831 3694 1993 3746 tuoris
2021 3701 2166 3745 esset
2206 3690 2436 3757 hospitio
2465 3692 2724 3741 adeuntes
2759 3687 3026 3753 excipere.
3063 3685 3151 3735 Illa
3178 3721 3192 3744 ,
3247 3683 3370 3733 lau-

1830 3790 1933 3834 tam
1960 3795 2203 3833 meusam
2228 3793 2522 3846 apponens,
2549 3777 2825 3844 multaque
2848 3775 3014 3828 animi
3037 3771 3372 3840 iucunditate

1827 3884 2033 3923 cmnam
2069 3869 2363 3935 porrigens,
2395 3866 2756 3921 insatiabilem
2798 3865 3082 3932 quamdam
3124 3861 3372 3926 benigni~

1829 3968 1990 4011 tatem
2022 3955 2073 4010 in
2100 3972 2185 4010 me
2209 3957 2517 4009 exhibebat.
2552 3953 2702 4007 Unde
2727 3953 2890 4006 etiam
2926 3963 3041 4021 post
3070 3965 3279 4004 caenam
3312 3965 3372 4001 ac

1826 4050 2033 4118 epulas,
2056 4047 2269 4101 sublimi
2294 4056 2462 4098 strato
2488 4046 2728 4098 dormire
2749 4041 2965 4104 curans,
2991 4043 3213 4094 multa
3240 4039 3368 4091 mihi

1829 4140 2090 4206 requiem,
2127 4140 2222 4190 vite
2258 4151 2470 4190 omnem
2521 4134 2886 4203 fatigationem
2928 4133 3260 4205 dissoivens,
3292 4132 3370 4181 itt-

1824 4229 2005 4283 dulsit.

1835 4461 1840 4466 ,
1909 4425 1926 4456 ι
1965 4404 2184 4468 Verum,
2218 4404 2308 4472 qui
2353 4417 2564 4472 semper
2611 4402 2814 4455 invidet
2855 4400 3129 4460 diabolus,
3168 4412 3263 4450 nec
3314 4397 3366 4448 in

1827 4499 1927 4551 hoc
1959 4497 2095 4548 bono
2127 4496 2242 4549 sine
2271 4494 2496 4546 crimine
2525 4494 2813 4561 procedere
2840 4491 2966 4544 sivit
2996 4507 3010 4543 :
3037 4490 3164 4557 quin
3187 4488 3369 4555 potius

1825 4589 2016 4642 malam
2064 4586 2272 4638 femina:
2310 4586 2630 4652 voluptatem
2664 4583 2860 4636 stultus
2893 4581 3272 4639 subinserens,
3311 4588 3368 4628 ut

1821 4693 2030 4732 mecum
2081 4676 2221 4742 turpi
2276 4675 2668 4728 consuetudine
2719 4673 3083 4740 misceretur,
3121 4667 3365 4735 urgebat.

1821 4766 2161 4834 Surgensque
2188 4765 2344 4824 lecto,
2385 4778 2492 4830 quo
2526 4761 2858 4823 dormiebat,
2892 4774 3067 4811 meum
3101 4758 3359 4823 deinceps

1821 4856 2135 4910 det'mientis
2168 4855 2317 4920 petit,
2346 4853 2739 4917 verborumque
2780 4848 3112 4914 turpitudine
3157 4847 3221 4900 ad
3256 4847 3362 4897 illi.

1818 4943 1979 4995 citum
2001 4943 2342 4996 concubitum
2374 4941 2581 4991 trahere
2613 4938 2826 5008 satagit.
2858 4936 2964 5003 Ego
2987 4945 3164 4986 autem
3197 4923 3354 5000 quam

1817 5041 2050 5099 poteram
2083 5047 2112 5084 a
2146 5047 2227 5083 nte
2265 5031 2521 5098 repellens
2551 5028 2708 5081 :Jure
2738 5027 2948 5089 merito,
2981 5027 3212 5087 aiebant,
3244 5038 3360 5073 tnu-

1305 5163 1540 5220 FBANC.
1571 5164 1951 5219 COMBEFISII
1993 5164 2217 5219 ΝΟΤΑΞ..

181 5347 191 5355 .
221 5276 364 5355 ,(ξι)
395 5275 448 5355 _ltl
479 5286 682 5355 tantum
713 5278 1058 5355 obtinuerunt
1095 5278 1298 5355 Patres,
1329 5288 1386 5332 ut
1431 5280 1702 5355 deinceps,

181 5347 231 5398 il
265 5345 406 5411 quod
449 5346 658 5403 vellent.
699 5350 976 5409 sentirent,
1024 5363 1085 5398 ac
1118 5351 1393 5415 imagines.
1449 5345 1704 5415 modo—ne

182 5418 323 5468 intra
358 5415 563 5492 urbem,
607 5416 877 5483 erigerent
908 5435 918 5466 :
965 5417 1036 5467 uti
1070 5413 1246 5492 etiam
1265 5415 1424 5492 refert
1455 5413 1700 5474 Michael.

179 5493 231 5536 rt
268 5491 459 5535 auctor
487 5484 618 5548 ipse,
646 5492 764 5549 post
789 5494 1056 5536 narratam
1083 5485 1252 5536 obiter
1278 5484 1534 5535 visionem
1558 5485 1698 5537 illam

179 5560 407 5607 ostensa:
433 5560 630 5604 mutua:
654 5552 817 5606 cladis
854 5551 1214 5608 Romanorum
1253 5561 1303 5605 et
1333 5550 1697 5619 Bulgarorunt,

1811 5281 1887 5333 sic
1924 5282 2060 5333 velut
2119 5281 2225 5332 Deo
2255 5278 2494 5346 utrisque
2545 5280 2878 5346 propinante,
2933 5279 3158 5342 aliisque
3209 5280 3342 5331 alios

1810 5351 2134 5425 ulciscente,
2183 5365 2244 5425 ac
2317 5345 2615 5425 Nicepltoro
2647 5345 2979 5415 ’przettictatn
3045 5355 3266 5422 tum-tem
3318 5368 3344 5399 a

1809 5415 2091 5471 Theodoro
2125 5419 2420 5476 inlerente;
2453 5414 2733 5483 ipsumque
2756 5429 3130 5483 spectatorem,
3165 5414 3212 5464 in
3245 5431 3342 5467 sua

1810 5486 2130 5552 peculiarius
2180 5495 2379 5548 castra,
2419 5501 2481 5537 ac
2514 5486 2758 5538 monachi
2787 5497 2978 5539 statum
3015 5484 3334 5549 angelicum,

1807 5554 2178 5623 compcllcnte‘.
