3926 6308
537 290 641 350 895

1954 300 2297 360 ΑΝΟΝΥΜῘ

3641 312 3752 372 895

537 398 646 460 lter
689 397 899 451 tametsi
928 397 1127 451 bellum
1174 400 1590 473 haudquaquam
1635 407 1686 460 in
1739 408 2094 464 barbarorum

2213 413 2437 476 δίκαιον,
2471 412 2672 480 ἔλεγον,
2706 407 2750 465 ὧ
2781 417 2975 482 γύναι,
3006 417 3053 468 εἰ
3088 423 3181 470 καὶ
3217 420 3290 490 μὴ
3317 421 3408 473 ἐπὶ
3455 421 3616 490 ξυροῦ
3659 427 3774 476 τῶν

539 489 799 541 novacula
829 490 1060 557 positum
1096 503 1274 556 esset,
1311 497 1612 551 castitatem
1655 499 1858 568 legibus
1893 503 2091 558 divinis

542 587 858 644 prmceptam
908 583 1188 648 oportebat
1234 585 1541 640 inviolatam
1581 606 1812 643 servare.
1859 591 1950 645 Sin
1994 610 2090 646 an-

542 674 647 717 tem
682 667 801 718 belli
843 679 1113 723 armatura
1158 673 1368 739 justitia
1399 685 1512 740 est;
1545 678 1812 747 siquidem
1864 683 1932 735 ita
1996 699 2090 734 vo-

542 753 763 821 luptatis
794 759 970 824 gladio
997 762 1215 815 saucius
1249 781 1419 818 meam
1449 768 1563 833 ipse
1591 771 1751 823 miser
1778 773 2094 841 jugulavero

545 845 776 896 animam
801 889 814 909 ,
862 850 952 916 qui
998 853 1062 903 ad
1100 869 1330 920 pugnam
1366 871 1486 908 cum
1523 860 1676 913 hoste
1711 864 2093 916 conserendam

545 935 811 1000 prolicisci
845 941 1069 1004 possim,
1100 945 1188 1008 qui
1227 943 1337 1010 jam
1380 946 1489 1013 ipse
1527 959 1648 1001 ante
1683 952 1921 1016 prwlium
1959 969 2099 1004 mor-

546 1031 668 1075 tuus
707 1027 1010 1082 exsistam?
1060 1030 1150 1083 Illa
1213 1049 1373 1099 porro
1425 1051 1701 1092 sermones
1732 1041 2096 1108 hujuscemodi

548 1113 800 1179 audiens,
837 1133 958 1170 cum
997 1121 1269 1186 paululum
1308 1127 1652 1188 recessisset,
1686 1130 1749 1179 ad
1800 1147 1882 1182 me
1913 1149 2102 1187 rursus

547 1201 712 1262 venit.
769 1205 953 1257 iisdem
1001 1210 1176 1263 verbis
1239 1213 1300 1264 ad
1362 1229 1596 1266 amorem
1650 1220 1942 1284 pellit-iens.
1987 1223 2103 1289 Ipse

549 1293 896 1350 nihilominus
935 1302 1171 1351 secundo
1213 1319 1427 1372 quoque
1479 1310 1742 1373 repulsam
1793 1312 1934 1364 illam
1985 1330 2123 1368 ver-.

549 1380 632 1433 bis
692 1384 754 1434 ad
821 1388 1122 1440 castitatem
1197 1397 1612 1458 provocantibus
1671 1400 1980 1467 irrigabam.
2045 1403 2108 1456 Ut

549 1479 725 1522 autem
775 1477 931 1527 tertio
970 1478 1126 1529 etiam
1170 1481 1456 1536 instantem
1509 1488 1646 1548 vidi,
1703 1500 1864 1556 atque
1913 1493 1976 1544 ad
2029 1493 2108 1544 iu-

552 1557 687 1612 ferni
721 1563 1046 1629 profundum
1070 1569 1344 1624 detrahere
1366 1590 1449 1625 me
1467 1577 1794 1642 cupientem,
1823 1591 1932 1632 tum
1953 1582 2110 1634 velte-

556 1655 791 1708 mentius
821 1656 1141 1724 infremens,
1177 1664 1399 1731 ipsaque
1426 1668 1554 1718 hora
1585 1683 1704 1721 meo
1733 1670 1906 1738 ipsius
1935 1673 2110 1742 gladio

2203 500 2494 570 βαρϐάρων
2533 503 2774 571 ὑπῆρχεν
2808 506 2834 556 ὁ
2867 505 3120 574 πόλεμος,
3150 508 3249 574 τήν
3297 524 3359 573 γε
3408 510 3774 579 σωφροσύνην

2193 591 2297 641 ἔδει
2328 591 2465 642 κατά
2486 593 2607 654 τοὺς
2633 593 2729 652 τοῦ,
2750 593 2881 644 Θεοῦ
2908 596 3102 662 νόμους
3130 595 3558 662 διαφυλάξασθαι
3581 600 3774 667 ἄτρω-

2194 698 2302 732 τον.
2336 681 2395 732 El
2426 680 2479 732 δὲ
2511 683 2604 733 καὶ
2633 684 2768 735 ὅπλα
2798 685 3028 753 πολέμου
3058 686 3389 756 δικαιοσύνη,
3420 690 3575 757 εἴπερ
3607 691 3771 741 ἐνθεν

2197 769 2553 837 καταδληθε“ις
2578 772 2651 839 τῷ
2685 771 2823 838 ξίφει
2851 775 2945 841 τῆς
2976 774 3167 842 ἡδονῆς
3194 777 3290 841 τὴν
3322 778 3554 843 ἐμαυτοῦ
3581 778 3774 845 ψυχὴν

2197 857 2524 922 κατασφάξω
2548 859 2574 909 ὁ
2603 859 2828 921 δείλαιος
2848 900 2862 922 ,
2901 859 3015 922 πῶς
3065 863 3195 929 πρὸς
3225 863 3322 931 τὴν
3365 864 3472 914 τῶν
3506 865 3774 933 ἐναντίων

2201 947 2374 1015 πάλην
2415 950 2748 1018 πορεύσομαι
2772 991 2786 1015 ,
2833 951 2991 1012 αὐτὸς
3026 952 3212 1021 νεκρὸς
3246 954 3341 1022 ἤδη
3389 955 3484 1006 καὶ
3529 958 3635 1023 πρὸ
3673 955 3771 1008 τοῦ

2201 1036 2434 1104 πολέμου
2460 1039 2772 1107 γενόμενος;
2808 1040 2871 1092 Ἠ
2893 1040 2948 1092 δὲ
2972 1041 3407 1111 τούτωνῂσθεῖσα
3432 1045 3540 1095 τῶν
3562 1045 3770 1109 λόγων,

2204 1128 2296 1178 καὶ
2325 1127 2513 1195 μικρὸν
2545 1129 2959 1199 ἀναχωρήσασα.
2990 1127 3141 1193 αὖθις
3173 1133 3330 1184 πάλιν
3357 1135 3645 1197 ἐφίσταταί
3681 1153 3775 1203 μοι

2202 1220 2308 1278 τοῖς
2343 1219 2621 1287 προτέροις
2655 1221 2830 1288 λόγοις
2861 1222 2950 1272 τὸν
2989 1223 3166 1290 ἔρωτα
3197 1225 3574 1288 ὑποκνίζουσα.
3627 1226 3776 1278 Ἀλλ’

2205 1308 2399 1375 ὁμοίως
2430 1308 2632 1376 ταύτην
2682 1311 2774 1361 καὶ
2815 1311 2973 1362 πάλιν
3011 1313 3473 1381 ἀποσεισάμενος,
3508 1320 3618 1376 τοῖς
3671 1315 3778 1382 τῆς

2207 1397 2422 1462 ἁγνείας
2483 1400 2807 1469 κατήρδευον
2869 1404 3126 1470 ῥήμασιν.
3193 1404 3278 1465 Ὠς
3335 1405 3388 1456 δέ
3441 1405 3533 1458 καὶ
3583 1406 3778 1473 τρίτον

2208 1489 2497 1541 ἐπιστᾶσαν
2523 1530 2535 1552 ,
2569 1491 2661 1541 καὶ
2704 1492 2836 1560 πρὸς
2875 1493 3139 1560 πέταυρον
3171 1493 3294 1561 ᾅδου
3346 1493 3653 1561 κατασῦραί
3707 1509 3776 1559 με

2211 1579 2534 1648 βουλομένην
2581 1582 2831 1649 ἑώρακα,
2887 1583 3002 1634 τότε
3063 1584 3302 1652 σφοδρῶς
3350 1585 3779 1653 ἐπεμϐριμησά-

2214 1684 2404 1736 μενος,
2437 1671 2528 1721 καὶ
2571 1673 2634 1738 τῇ
2684 1672 2926 1741 μαχαίρᾳ
2963 1690 3062 1741 μου
3112 1677 3230 1725 κατ’
3272 1675 3439 1744 αὐτὴν
3479 1676 3582 1744 τὴν.
3617 1676 3779 1746 ὥραν

553 1743 993 1798 consciscendam
1021 1750 1472 1808 illicomminatus
1496 1770 1740 1815 mortem.
1771 1761 1894 1814 inde
1917 1778 2104 1815 exsur-

2213 1758 2453 1823 γενέσθαι
2502 1761 2591 1812 τὸν
2631 1761 2857 1814 θάνατον
2905 1764 3437 1832 ἐπαπειλησάμενος,
3476 1766 3779 1828 διαναστάς

554 1845 703 1895 gens,
739 1849 798 1885 ae
831 1841 1199 1894 conscendens
1230 1859 1450 1912 equum,
1482 1850 1691 1903 concito
1725 1865 1884 1905 cursu
1919 1869 2110 1923 prope;

555 1923 715 1974 situm
749 1923 848 1977 iter
885 1932 1223 1998 peragebant.

632 2030 649 2061 ί
694 2011 829 2067 Tum
865 2018 972 2081 illa,
1009 2021 1122 2074 fore
1149 2026 1432 2092 suspicans
1459 2039 1513 2080 ut
1550 2030 1724 2084 fabula
1758 2049 1850 2101 per
1881 2051 1963 2088 me
1994 2035 2110 2088 vul-

553 2110 790 2168 garetur,
823 2107 886 2158 ad
913 2122 1093 2163 necem
1124 2127 1394 2179 quzerens,
1463 2130 1583 2184 post
1622 2135 1712 2173 me
1745 2138 1928 2176 servos
1981 2140 2109 2177 suos

553 2195 751 2256 emisit,
784 2197 979 2264 jubens
1006 2205 1227 2254 omnino
1263 2209 1454 2260 occidi.
1497 2209 1585 2262 Dei
1621 2221 1794 2265 tamen
1849 2215 2107 2268 immensa

553 2277 836 2338 clementia
897 2289 963 2339 ab
1006 2290 1196 2344 borum
1232 2299 1453 2360 quaesita
1505 2316 1655 2361 nece,
1717 2303 1786 2353 uti
1853 2305 1920 2355 ab
1970 2305 2109 2358 illius

555 2373 748 2428 anima:
779 2378 1006 2432 exitiosa
1034 2381 1250 2449 injuria.
1294 2388 1543 2439 clieltlt‘ln
1570 2392 1832 2457 liberavit,
1871 2395 2110 2462 miraque

554 2466 782 2526 quadam
824 2468 1064 2535 ratione,
1116 2485 1256 2525 recta
1296 2489 1388 2540 per
1449 2477 1603 2529 aliam
1655 2479 1792 2531 viam
1856 2481 2106 2534 incedere

558 2553 699 2606 l'ecit.
1154 2543 1156 2545 Ι

631 2662 647 2692 ι
685 2638 819 2698 Cum
849 2658 1023 2701 autem
1055 2651 1195 2704 baud
1227 2655 1293 2706 ita
1319 2657 1523 2723 pridem
1553 2659 1812 2726 Bulgaria:
1835 2663 1964 2717 lines
1986 2666 2110 2717 atti-

558 2733 779 2799 gissem,
805 2762 812 2768 ο
838 2738 1086 2806 intraque
1144 2758 1259 2806 eos,
1324 2747 1470 2799 nullo
1525 2751 1629 2800 alio
1670 2753 1877 2805 itineris
1914 2755 2110 2808 comite

557 2828 1021 2893 singularissimus
1080 2834 1178 2885 iter
1233 2837 1504 2899 haberem,
1561 2853 1721 2908 atque
1776 2845 1840 2896 ad
1874 2855 2106 2898 montem

558 2918 842 2983 quemdam
881 2921 1302 2988 cogitationibus
1341 2927 1607 2981 distentus
1644 2932 1912 2993 animum,
1980 2932 2102 3003 pro-

559 3010 677 3074 pius
706 3013 1053 3065 accessissem
1087 3031 1101 3065 :
1143 3015 1212 3067 ita
1237 3020 1487 3071 verosub
1513 3020 1680 3087 ipsam
1731 3024 1867 3077 hanc
1901 3027 2104 3094 horam,

559 3113 704 3150 eram
743 3115 927 3153 revera
984 3103 1222 3157 divinam
1285 3108 1692 3173 inspectionem,
1747 3124 1905 3182 atque
1969 3134 2105 3185 eam,

557 3205 678 3255 qua:
705 3191 837 3244 mihi
899 3199 1318 3260 supervenisset.
1376 3200 1772 3267 Calamitatem,
1829 3215 1973 3261 totus
2033 3211 2111 3260 la-

559 3283 759 3349 etymis
790 3282 1059 3350 perfusus.
1099 3304 1305 3340 mecum
1359 3294 1542 3343 animo
1588 3305 1840 3360 reputans
1875 3317 1886 3349 :
1926 3315 2108 3353 vocem

561 3375 846 3436 quamdam
902 3377 1131 3443 desuper
1158 3394 1186 3429 a
1226 3385 1425 3432 montis
1456 3386 1735 3438 cacumine
1785 3403 1866 3439 me
1912 3405 2110 3443 vocan-

560 3476 665 3514 tem
723 3466 921 3518 audivi.
960 3469 1126 3521 Porro
1164 3479 1303 3522 metu
1354 3476 1653 3538 perculsus,
1694 3493 1757 3530 eo
1795 3483 1938 3546 quod
1998 3481 2111 3534 sin-

561 3554 945 3620 gularissimns
1001 3573 1198 3621 essem,
1252 3576 1502 3630 aegreque
1553 3568 1848 3622 anhelitum
1903 3573 2110 3625 ducens

565 3657 626 3694 ac
657 3653 916 3706 tremens,
948 3647 1011 3698 ad
1047 3662 1168 3699 eum
1199 3649 1287 3714 qui
1322 3652 1547 3704 vocabat
1601 3652 1787 3706 faciem
1836 3660 2110 3724 converti;

563 3734 838 3802 agensque
865 3737 1073 3798 oculos,
1134 3753 1330 3791 novum
1359 3755 1521 3806 supra
1556 3754 1799 3796 naturam
1835 3758 2113 3814 spectacu-

564 3827 672 3877 lum
703 3831 943 3893 perspexi
982 3827 1308 3888 :'nimirum.
1346 3831 1590 3900 gigantea
1624 3846 1826 3889 Statura
1870 3839 2005 3891 albis
2032 3842 2114 3892 in-

563 3919 750 3969 dutum
783 3936 964 3971 senem
1004 3920 1195 3980 virum,
1245 3922 1401 3988 cujus
1438 3926 1755 3978 vestimenta
1789 3929 1916 3982 solis
1947 3929 2115 3982 instar

565 4010 908 4077 relulgerent.
968 4010 1016 4062 Is
1073 4026 1290 4064 manum
1339 4016 1682 4080 protendens,
1719 4019 1870 4087 jubet
1911 4021 2021 4071 cito
2050 4022 2113 4073 ad

567 4116 688 4153 eum
726 4102 1032 4153 ascendam.
1077 4104 1142 4154 At
1197 4119 1296 4170 ego
1334 4105 1560 4171 depulso
1605 4109 1782 4160 statim
1811 4110 2114 4165 timiditatis

571 4194 822 4256 pondere,
855 4193 1155 4259 gaudioqu
1199 4197 1542 4256 commixtus.
1573 4199 1636 4249 ad
1672 4214 1793 4250 eum
1850 4203 2112 4264 ascendo,

569 4285 953 4351 inventumque
995 4288 1265 4338 sedentem
1311 4287 1360 4337 in
1414 4297 1572 4346 terra,
1625 4306 1822 4354 pronus
1872 4293 2109 4344 adoravi.

2211 1849 2416 1900 ἐκεῖθεν
2448 1852 2540 1902 καὶ
2570 1853 2758 1915 ἐπιϐάς
2803 1871 2901 1921 μου
2928 1856 3004 1922 τῴ
3036 1855 3204 1924 ἵππῳ,
3234 1857 3396 1924 τάχος
3424 1858 3518 1926 τὴν
3547 1875 3775 1927 προκει-

2214 1940 2380 2009 μένην
2414 1943 2594 2010 τρίϐον
2627 1944 2853 2013 διήνυον.
3684 1944 3687 1946 ’

2286 2050 2302 2080 ι
2339 2032 2470 2083 Τότε
2497 2033 2550 2084 δὲ
2573 2036 2750 2103 ἐκείνη
2770 2035 3196 2106 θριαμϐευθῆναι
3215 2040 3340 2108 παρ’
3359 2040 3489 2108 ἐμοῦ
3507 2041 3565 2093 τὸ
3586 2041 3778 2110 δρᾶμα

2209 2120 2628 2181 ὑποτοπάσασα,
2657 2123 2978 2185 ὀπισθόπους
3029 2127 3163 2195 πρός
3202 2145 3268 2195 με
3317 2129 3586 2192 φωνοῦσα,
3645 2131 3779 2191 τοὺς

2212 2208 2425 2268 δούλους
2453 2210 2620 2275 αὐτῆς
2646 2210 3011 2274 ἐξαπέστειλε,
3038 2215 3528 2284 παρακαλεσαμένη
3554 2216 3778 2278 πάντως

2209 2289 2300 2348 τοῦ
2353 2298 2656 2350 θανατῶσαι
2713 2317 2801 2368 με.
2848 2301 2977 2362 Θεὸς
3011 2302 3066 2353 δὲ
3104 2304 3619 2373 φιλανθρωπευθεὶς,
3670 2308 3772 2375 τῆς

2211 2387 2534 2458 θνητοφόρου
2590 2389 2814 2451 τούτων,
2861 2391 2932 2452 ὼς
2965 2393 3057 2444 καὶ
3112 2392 3209 2460 τῆς
3253 2395 3466 2462 ἐκείνης
3502 2412 3566 2462 με
3596 2397 3774 2464 ψυχο-

2212 2477 2408 2546 φθὸρου
2437 2479 2638 2548 βλάϐης
2665 2480 2937 2549 ἀπήλλαξε
2972 2498 2986 2512 ·
3022 2483 3114 2534 καὶ
3148 2483 3214 2535 δι’
3255 2483 3420 2552 ἄλλης
3453 2486 3774 2554 παραδόξως

2209 2566 2572 2633 εὐθυπορῆσαι
2602 2569 2915 2634 πεποίηκεν.

2287 2674 2305 2704 ι
2345 2657 2432 2716 Ὠς
2460 2658 2514 2708 δὲ
2541 2657 2646 2708 τῶν
2669 2658 2767 2725 τῆς
2795 2657 3127 2729 Βουλγαρίας
3146 2661 3305 2729 ὁρίων
3322 2661 3382 2714 οὐ
3403 2663 3517 2731 μετ’
3546 2665 3605 2715 οῦ
3632 2662 3774 2718 πολὺ

2214 2745 2614 2812 καθαψάμενος,
2668 2747 2761 2797 καὶ
2805 2747 2948 2799 ἔνδον
2975 2748 3177 2800 τούτων
3212 2749 3364 2809 ἐκτὸς
3387 2748 3602 2801 οἱασοῦν
3639 2766 3775 2801 συν-

2212 2838 2356 2898 οδίας
2407 2838 2709 2904 μονώτατος
2751 2837 2967 2899 ὥδευον,
3005 2841 3088 2890 ἐπ’
3119 2840 3274 2908 ὅρους
3322 2839 3433 2910 [μέ]
3466 2858 3608 2902 τινος
3685 2843 3775 2894 ἑν-

2211 2928 2586 2995 ἀσχολουμένῳ
2601 2931 2715 2989 τοῖς
2732 2929 3005 2996 λογισμοῖς
3021 2929 3377 2997 πλησιάσαντι
3397 2929 3517 3000 [ιες.
3539 2931 3774 2999 ἐνασχο-

2211 3017 2462 3085 λούμενος
2498 3017 2821 3087 πλησιάσας]
2855 3034 2868 3048 ⁸
2929 3019 3015 3070 ναὶ
3075 3021 3182 3087 γὰρ
3220 3019 3281 3086 δὴ
3317 3021 3436 3071 κατ’
3475 3021 3645 3087 αὐτὴν
3673 3021 3774 3088 τὴν

2211 3108 2357 3176 ὥραν
2380 3110 2527 3177 ἥμην
2558 3109 2766 3177 ἀληθῶς
2793 3110 2820 3160 ὁ
2841 3109 3006 3171 τάλας
3033 3110 3130 3178 τὴν
3152 3108 3244 3160 τοῦ
3279 3109 3410 3161 Θεοῦ
3441 3111 3774 3178 ἐπισκοπὴν,

2213 3204 2305 3253 καὶ
2339 3203 2437 3270 τὴν
2469 3202 2800 3254 ἐπελθοῦσάν
2833 3220 2920 3271 μοι
2955 3203 3238 3271 συμφοράν
3292 3202 3773 3271 ἀναλογιζόμενος,

2213 3293 2327 3354 ὅλος
2369 3293 2768 3361 συγκεχυμένος
2799 3296 2908 3354 τοῖς
2937 3293 3196 3360 δάκρυσιν
3227 3307 3240 3320 ·
3272 3293 3514 3362 ᾐσθόμην
3555 3292 3774 3360 ἀθρόως

2215 3383 2396 3450 φωνῆς
2411 3400 2552 3443 τινος
2576 3383 2778 3434 ἀνωθεν
2803 3383 2908 3433 ἀπὸ
2931 3383 3026 3451 τῆς
3054 3384 3360 3452 ἀκρωρείας
3386 3383 3656 3451 καλούσης
3680 3400 3769 3451 με.

2181 3472 2362 3539 ,Φὸὀῳ
2393 3473 2449 3524 δέ
2499 3472 2749 3540 βληθεὶς,
2797 3472 2913 3524 ἐπεί
2966 3489 3071 3542 περ
3125 3473 3367 3541 ὑπῆρχον
3417 3472 3724 3541 μονώτατος
3754 3488 3769 3500 ·

2214 3563 2524 3632 ἀσθμαίνων
2559 3581 2617 3615 τε
2650 3564 3080 3636 καὶγύπότρομος
3110 3563 3244 3632 πρὸς
3280 3564 3368 3615 τὸν
3406 3563 3672 3614 καλοῦντα
3712 3563 3774 3614 τὸ

2216 3653 2502 3722 πρόσωπον
2551 3652 2990 3722 ἀνθυπέστρεφον
3021 3668 3033 3681 ·
3094 3653 3185 3704 καὶ
3241 3654 3603 3720 προσερείσας
3653 3655 3769 3714 τοῖς

2215 3744 2440 3812 ὄμμασι,
2476 3744 2626 3807 ξένον
2665 3744 2952 3796 κατενόουν
3006 3743 3144 3811 ὑπὲρ
3201 3744 3298 3810 τὴν
3345 3742 3503 3809 φύσιν
3537 3740 3677 3793 εἷναι
3713 3744 3772 3793 τὸ

2220 3836 2398 3902 θέαμα
2422 3853 2437 3865 ·
2497 3837 2663 3905 ἄνδρα
2710 3835 3038 3901 λευκοφόρον
3071 3837 3379 3899 γιγανταῖον
3427 3834 3524 3902 τὴν
3555 3832 3770 3900 ἡλικίαν

2217 3920 2305 3977 καὶ
2338 3926 2564 3994 γηραιόν
2585 3940 2598 3954 '
2631 3943 2691 3978 ου
2719 3925 2788 3976 τὰ
2819 3927 3006 3992 ἱμάτια
3055 3924 3375 3975 ἀπέστιλδον
3413 3923 3485 4003 ὡς
3514 3926 3541 3974 ὁ
3570 3924 3767 3991 ﬁlior-

2215 4018 2310 4082 τὴν
2340 4017 2496 4084 χεῖρά
2525 4033 2582 4066 τε
2614 4015 2978 4083 προτείνοντα,
3019 4015 3110 4067 καὶ
3138 4015 3225 4065 διὰ
3245 4015 3440 4082 τάχους
3493 4013 3566 4073 ὡς
3604 4013 3772 4063 αὺτδν

2215 4105 2453 4157 ἀνελθεῖν
2517 4105 3044 4174 παρακελευόμενον.
3091 4105 3229 4170 Ἐγὼ
3278 4104 3330 4154 δὲ
3364 4103 3632 4169 "ipsum"
3675 4103 3769 4169 τῆς

2215 4196 2412 4256 δειλίας
2430 4196 2488 4245 τὸ
2517 4195 2676 4263 ἄχθος
2706 4197 3157 4260 ἐπαπωσάμενος,
3181 4197 3352 4261 χαρᾶς
3381 4210 3437 4244 τε
3462 4192 3768 4261 σύμμικτος

2216 4289 2522 4358 γενόμενος,
2554 4286 2733 4353 ἄνειμι
2764 4301 2775 4312 ·
2808 4287 2900 4336 καὶ
2931 4285 3062 4351 πρὸς
3089 4285 3191 4351 γῆν
3218 4283 3391 4352 εὑρὼν
3418 4285 3766 4350 ἐφεζόμενον,

570 4375 703 4424 'l'um
756 4375 843 4426 ille
875 4377 1108 4442 gratiose
1164 4378 1512 4443 imprecatus,
1553 4380 1713 4443 jussit
1761 4392 1816 4431 ut
1868 4399 2108 4449 surgens,

2219 4375 2423 4444 πρηνὴς
2452 4374 2706 4441 γεγονὼς,
2735 4374 3259 4444 προσεκύνησαᾈὈς
3289 4373 3585 4441 χαριέντως
3609 4376 3771 4438 ἐπευ-

568 4477 750 4519 rectus
787 4467 852 4520 ab
870 4468 987 4533 ejus
1012 4469 1214 4521 dextris
1251 4477 1466 4520 starem.
1505 4469 1667 4523 Porro
1697 4473 1924 4524 habebat
1958 4464 2114 4541 pedes

568 4575 592 4609 s
619 4574 645 4610 c
685 4560 1085 4624 quodammodo
1119 4559 1168 4610 in
1207 4560 1322 4610 solo
1358 4561 1651 4628 explicatos
1690 4578 1701 4613 :
1746 4579 1904 4614 manu
1936 4575 2112 4616 autem

568 4662 813 4710 campum
852 4648 1016 4699 monti
1082 4649 1380 4714 subjectum
1418 4651 1629 4717 plenum
1683 4653 1996 4718 corporibus
2038 4654 2116 4703 vi-

567 4739 800 4791 dendum
843 4739 1099 4797 ostendit,
1128 4747 1435 4806 stantesque
1469 4741 1516 4790 in
1557 4754 1619 4792 co
1649 4744 1975 4792 exercituum
2008 4751 2118 4793 tur-

569 4846 682 4881 mas
717 4845 819 4882 una
845 4845 966 4881 cum
1018 4831 1333 4897 imperatore
1365 4847 1377 4882 :
1410 4845 1472 4882 ac
1516 4845 1639 4879 num
1674 4831 2115 4898 alienigenarum.

570 4931 861 4988 nostraque
910 4929 1080 4974 castra
1122 4923 1345 4973 seorsim
1379 4934 1780 4986 cngnoscerein,
1835 4933 2117 4989 perconta-

572 5015 748 5064 batur.

651 5214 668 5244 ι
698 5195 830 5248 Cum
868 5205 1038 5247 autem
1091 5176 1198 5245 here
1228 5207 1323 5260 ego
1362 5190 1531 5256 palam
1571 5191 1852 5245 conlessus
1909 5209 2081 5245 essem
2107 5236 2119 5258 ,

576 5291 728 5344 Vide.
761 5289 951 5354 inquit,
997 5287 1057 5335 ad
1098 5301 1196 5343 me,
1255 5284 1384 5334 nihil
1420 5295 1683 5337 metuens.
1735 5283 1902 5337 Porro
1941 5297 2118 5338 autem

575 5387 699 5433 dum
722 5381 812 5441 illi,
845 5381 905 5430 a.l
931 5376 1305 5428 vindicandam
1336 5374 1561 5442 quisque
1589 5392 1737 5428 suam
1758 5378 1946 5439 aciein,
1973 5393 2119 5429 arma

576 5472 848 5522 vibrantes
929 5466 1361 5524 instruerentnr,
1439 5464 1683 5516 dextrum
1763 5469 1846 5518 hic
1919 5469 2110 5533 pedum

578 5562 800 5614 alterum
851 5557 1068 5608 elevans
1103 5555 1322 5608 sinistro
1353 5557 1758 5624 superimponit.
1794 5556 1926 5608 Tum
1969 5557 2122 5609 video

580 5661 814 5702 nostram
849 5644 1012 5698 aciem
1063 5647 1227 5698 multa
1263 5645 1308 5698 vi
1362 5647 1788 5700 adversm-iurum
1833 5649 1999 5700 aciem
2044 5647 2121 5698 iu-

2218 4467 2466 4534 ξάμενος,
2492 4467 2776 4518 ἐκέλευσεν
2806 4466 3111 4518 ἀναστάντα
3166 4465 3354 4532 στῆναί
3385 4481 3451 4530 με
3495 4463 3626 4531 πρὸς
3660 4467 3770 4523 τοῖς

2215 4559 2401 4622 δεξιοῖς
2426 4558 2587 4608 αὑτοῦ
2620 4558 2855 4625 μέρεσιν.
2890 4552 3013 4623 Εἶχε
3043 4555 3097 4607 δὲ
3123 4557 3247 4616 τοὺς
3280 4555 3443 4615 πόδας
3475 4554 3617 4605 οῦτω
3651 4571 3768 4616 πως

2218 4649 2632 4716 ἐφηπλωμένους
2664 4648 2796 4717 πρὸς
2825 4647 3114 4713 τοῦδαφος·
3143 4648 3204 4713 τῇ
3245 4661 3302 4695 τε
3335 4644 3476 4712 χειρὶ
3528 4644 3588 4694 τὸ
3637 4644 3768 4694 ὑπο-

2221 4742 2368 4791 κάτω
2391 4757 2453 4806 με
2487 4737 2765 4806 τοῦὸρους
2797 4738 2975 4789 πεδίον
3007 4736 3207 4803 πλῆρες
3228 4738 3494 4802 σωμάτων
3529 4736 3772 4803 ὑπάρχον

2219 4817 2506 4898 καταθρεῖν
2536 4829 2865 4890 ὑπεδείκνυε,
2895 4829 2984 4878 καὶ
3012 4828 3107 4893 τὴν
3129 4829 3182 4877 ἐν
3203 4825 3350 4892 αὐτῷ
3379 4825 3486 4876 τῶν
3511 4842 3770 4893 στρατευ-

2223 4925 2404 4993 μάτων
2437 4922 2828 4988 καθεστηκυῖαν
2863 4919 3071 4988 πληθῦν
3102 4917 3198 4968 σὺν
3219 4918 3292 4984 τῷ
3332 4916 3559 4967 ἄνακτι·
3585 4917 3683 4976 τάς
3714 4932 3768 4967 τε

2218 5015 2322 5065 τῶν
2354 5012 2661 5078 ἀλλοφύλων
2686 5052 2698 5072 ,
2734 5010 2944 5070 καὶτὰς
2980 5009 3248 5077 ἡμετέρας
3284 5006 3630 5075 παρεμϐολὰς
3669 5007 3768 5077 ἰδίᾳ

2221 5103 2502 5171 γινώσκειν
2527 5118 2591 5167 με
2620 5101 2799 5168 ἤρετο.

2297 5213 2312 5242 ι
2362 5192 2523 5259 Ἐμοῦ
2550 5192 2605 5242 δέ
2633 5191 2802 5242 ταῦτα
2822 5188 3001 5250 σαφῶς
3028 5187 3580 5256 καθομολογήσαντοςσ
3607 5189 3766 5259 Ὅρα,

2224 5284 2353 5352 φησὶ
2412 5283 2543 5351 πρός
2574 5299 2658 5348 με,
2701 5280 2774 5347 μὴ
2812 5277 3198 5345 δεδιττόμενος.
3236 5278 3343 5328 Καὶ
3373 5278 3446 5337 ὡς
3472 5278 3605 5345 πρὸς
3629 5280 3768 5346 ἄμυ-

2196 5388 2314 5426 ’ναν
2341 5377 2530 5425 ἐκεῖνοι
2555 5373 2661 5444 Ιτῆς
2709 5369 2952 5437 ἀλλήλων
3001 5367 3178 5436 μάχης
3212 5369 3316 5428 τοῖς
3347 5367 3534 5428 ὅπλοις
3561 5366 3668 5438 [ἷσ.
3703 5368 3766 5420 τὰ

2221 5461 2379 5532 ὅπλα]
2411 5462 2782 5530 κραδαίνοντες
2813 5457 3247 5526 παρετάσσοντο,
3279 5456 3369 5508 τὸν
3399 5458 3571 5521 δεξιὸν
3617 5451 3769 5542 06:9;

2222 5556 2332 5606 τοῖν
2365 5554 2541 5605 ποδοῖν
2570 5553 2661 5603 τὸν
2683 5551 2868 5618 ἕτερον
2891 5547 3178 5615 κουφίσας,
3208 5549 3394 5600 ἐπάνω
3424 5549 3519 5599 τοῦ
3559 5548 3762 5617 ἄριστε.

2229 5643 2316 5696 οοῦ
2349 5642 2640 5712 ἐπιτίθησι.
2683 5642 2814 5692 Τότε
2866 5637 3054 5706 θεωρῶ
3111 5638 3208 5707 τὴν
3241 5639 3515 5707 ἡμετέραν
3558 5654 3768 5708 παρεμθ
