3926 6308
137 361 260 424 897

1267 351 1440 413 VITA
1482 350 1544 408 S.
1586 345 1887 422 NICOLM
1921 340 2263 404 STUDlTrE

3253 325 3358 387 8‘33

139 475 319 543 εολὴν
354 472 469 544 μετ’
525 470 703 540 ἰσχύος
735 468 930 532 πολλῆς
987 465 1119 534 πρὸς
1149 467 1244 534 τὴν
1296 464 1405 514 τῶν
1454 459 1708 513 ἐναντίων
1742 503 1749 520 Α

1853 456 2121 516 :ulentem,
2159 467 2387 520 cautique
2423 460 2587 502 totam
2643 451 3095 510 rct'rutuprutmu.
3127 439 3365 506 Cumque

139 564 556 631 ὲφαλλομένην,
601 561 690 612 καὶ
720 559 894 610 πᾶσαν
937 555 1102 623 αὐτὴν
1143 555 1551 606 διακόπτουσαν.
1592 548 1709 599 ’Καὶ

139 652 219 720 δὴ
255 652 485 722 φροῦδον
521 651 626 701 τῶν
659 646 877 700 Σκυθῶν
919 645 1397 713 διαφθειρομένων,
1445 641 1536 692 καὶ
1567 639 1712 691 νῶτα

147 741 469 807 μελλόντων
511 739 707 790 διδόναι
754 739 863 796 τοῖς
910 734 1086 786 αὐτῶν
1135 731 1240 802 [ἵσ.
1291 725 1507 798 αὐτοὺς]
1547 744 1712 780 κατα-

147 833 511 899 σφάττουσιν.
556 827 714 888 Αὖθις
758 820 907 885 οὗτος
949 824 1054 875 τῶν
1095 822 1265 874 ποδῶν
1312 820 1402 872 τὸν
1433 816 1716 886 ἀριστερὸν

148 921 450 987 κουφίοας,
482 920 663 970 ἐπάνω
703 915 793 966 τοῦ
814 913 986 979 δεξιοῦ
1034 912 1215 963 λοιπὸν
1251 908 1544 961 ἐπιτίθεται
1574 923 1588 935 ο
1625 907 1716 956 καὶ

150 1012 553 1075 ἐξαναστάντες
586 1008 732 1058 ἔνθεν
766 1008 811 1057 οξ
855 1004 1136 1074 βάρϐαροι,
1173 1000 1418 1060 ἐλεεινῶς
1450 1004 1556 1059 τοῖς
1587 1000 1719 1066 ἡμεο

150 1101 347 1167 τέροις
378 1098 652 1148 ἐπέκειντο
686 1093 1010 1152 κταίνοντες.
1054 1089 1190 1156 Ἐγὼ
1216 1089 1270 1140 δὲ
1297 1088 1482 1156 ὥσπερ
1502 1087 1720 1151 ἐξεστη-

155 1189 303 1249 κὼς,
356 1188 450 1238 καὶ
486 1184 685 1254 ἀχανὴς
720 1181 951 1250 γεγονὼς
983 1180 1060 1249 τῷ
1091 1178 1373 1247 παραδόξῳ
1399 1177 1568 1246 τούτῳ
1598 1174 1722 1226 θεά-

160 1295 327 1346 ματι,
365 1276 594 1343 ἱστάμην
622 1268 944 1325 ἀποσκοπῶν
974 1269 1040 1320 τά
1057 1267 1350 1336 τελούμενα
1381 1283 1395 1295 ⁶
1416 1266 1508 1319 καὶ
1536 1265 1721 1318 τούτου

161 1340 274 1435 im
302 1366 408 1417 τῶν
443 1340 611 1416 ποδῶν
637 1361 732 1430 τὴν
754 1358 1066 1425 ὑπαλλαγὴν
1096 1357 1188 1409 καὶ
1219 1356 1489 1418 ἐπίϐασιν,
1543 1340 1745 1406 κάκεί-’

160 1473 279 1508 των
309 1456 364 1506 δὲ
392 1455 478 1504 τὸν
510 1452 762 1520 ὀδυνηρὸν
787 1451 843 1499 ἐν
874 1447 1114 1516 μαχαίρᾳ
1136 1445 1457 1514 πικρότατον
1480 1445 1722 1497 θάνατον.

163 1544 285 1595 Καὶ
325 1543 467 1593 οὕτω
491 1542 651 1608 μέχρι
701 1538 906 1605 δυσμὰς
946 1536 1096 1604 ἡλίου
1146 1535 1367 1602 τοιούτῳ
1406 1533 1587 1601 τρόπῳ
1637 1534 1727 1585 καὶ

167 1634 438 1700 σχήματι,
470 1632 585 1682 κατ’
627 1630 793 1698 ἄμφω
826 1630 936 1678 τοῖν
968 1626 1148 1677 ποδοῖν
1179 1625 1275 1694 τὴν
1323 1626 1477 1693 νίκην
1517 1625 1729 1692 ἑκάστῳ

170 1724 340 1793 μέρει
389 1721 769 1791 βραϐεύοντος’
809 1718 881 1779 ὡς
917 1717 1230 1784 ἐφαρμόσας
1254 1713 1497 1778 τούτους,
1538 1714 1729 1778 ἐπίσης

166 1815 392 1866 κεῖσθαι
436 1813 510 1881 τῷ
549 1810 718 1878 λοιπῷ
767 1809 1136 1877 παρεσκεύασε
1174 1806 1400 1874 σώματι,
1433 1806 1529 1872 τῆς
1573 1803 1732 1872 ἀλλή-

165 1905 287 1956 λων
332 1905 507 1973 μάχης
530 1902 622 1953 καὶ
654 1895 798 1952 οὗτοι
824 1899 1181 1966 παυσάμενοι,
1210 1897 1300 1948 τὸν
1330 1895 1554 1964 φοϐερὸν
1581 1897 1733 1947 εκεῖ-

167 2011 269 2048 ιον
303 1995 548 2045 διέλυσαν
577 1992 831 2059 πόλεμον.

260 2103 278 2134 ι
322 2084 455 2135 Τότε
491 2083 780 2141 διαναστάς
825 2073 976 2140 οὗτος
1020 2077 1113 2130 καὶ
1185 2075 1472 2146 γενόμενος
1537 2074 1732 2143 ὄρθιος,

169 2176 350 2244 ἤρετο
386 2174 514 2242 πρός
548 2188 636 2240 με,
675 2169 782 2222 τῶν
810 2169 1173 2221 πεπτωκότων
1225 2168 1285 2219 τὸ
1315 2166 1516 2234 πλῆθος
1546 2169 1595 2218 εί
1647 2167 1729 2218 δυ-

171 2263 386 2331 ναίμην
411 2258 916 2328 ἀπαριθμήσασθαι,
966 2257 1057 2309 καὶ
1111 2258 1157 2307 εί
1211 2256 1362 2317 κενός
1421 2272 1521 2306 που
1576 2255 1736 2314 τόπος

178 2332 677 2418 ἐγκαταλέλειπται
708 2348 897 2415 νεκροῦ
929 2346 1185 2415 ὑπάρχων
1213 2346 1430 2414 ἄμοιρος
1469 2345 1736 2413 σώματος.

193 2443 258 2494 Ἐ
269 2441 372 2510 μοῦ
403 2440 458 2492 δὲ
489 2440 586 2505 τὴν
611 2439 904 2507 ἀδυναμίαν
935 2437 1321 2506 προτείνοντος,
1348 2438 1439 2486 καὶ
1455 2436 1612 2486 τόπον
1635 2433 1739 2485 οὐδ’

177 2533 326 2593 ὅλως
359 2547 425 2599 με
475 2529 710 2598 καθορᾷν
761 2510 944 2594 σαφῶς
989 2525 1470 2594 διομολογήσαντος
1496 2564 1510 2588 ,
1552 2523 1743 2593 μικρὸν

180 2621 322 2673 δέτι
379 2618 576 2693 πεδίον,
626 2617 747 2668 ὅσον
805 2617 1019 2667 εἰκάσαι
1072 2614 1226 2666 τοῦτο
1255 2615 1437 2681 κοίτην
1468 2612 1602 2680 βοὸς.
1639 2612 1744 2663 τῶν

183 2709 548 2776 ἐσφαγμένων
604 2710 768 2774 μέσον
821 2704 1170 2765 ὑπονοοῦντος
1200 2740 1213 2766 ,
1261 2702 1354 2762 καὶ
1400 2702 1532 2769 πρὸς
1588 2699 1746 2751 αὐτὸν

182 2796 772 2857 δακτυλοδεικτοῦντος,
796 2795 953 2855 αὐτὸς
979 2792 1307 2862 ἀπεκρίνατο
1331 2805 1344 2821 ο
1380 2791 1541 2858 Ὁρᾷς
1574 2790 1744 2850 τοῦτο,

188 2888 353 2956 φησὶ,
376 2880 434 2937 τό
461 2883 698 2951 πραεθὲν
727 2881 919 2949 θνητοῦ
951 2882 1192 2948 ὑπάρχον
1215 2881 1437 2947 ἄμοιρον
1463 2878 1706 2944 σώματος
1732 2891 1745 2939 ;

190 2979 311 3042 σὺν,
337 2977 427 3028 καὶ
460 2977 559 3028 οὐκ
587 2975 746 3030 ἄλλον
794 2961 1144 3040 καθέστηκεν.
1209 2969 1295 3023 Ἐν
1334 2967 1478 3034 αὐτῷ
1515 2969 1620 3035 γάρ
1657 2969 1750 3018 σὺν

187 3073 306 3132 τοῖς
330 3069 533 3130 λοιποῖς
557 3065 904 3136 τεθνήξεσθαι
938 3064 1181 3133 ἔμελλες,
1219 3062 1381 3131 βορὰν
1402 3063 1512 3124 τοῖς
1548 3060 1753 3129 ὀρνέοις

1817 546 2027 614 Srythte
2083 543 2292 610 penitus
2345 538 2647 599 interirent,
2706 543 2996 598 essentque
3052 526 3365 580 necantibus

1818 636 2022 690 versnri
2057 647 2200 700 terga
2238 650 2250 685 :
2282 647 2345 684 en
2381 644 2572 682 rursus
2613 627 2699 679 ille
2727 626 2910 692 pedem
2945 621 3224 674 sinistrum
3257 616 3367 668 ele-

1818 741 1987 786 vans,
2045 738 2205 790 supra
2272 723 2516 774 dextrum
2578 717 2834 781 deinceps
2886 712 3069 779 ponit;
3149 718 3370 772 tumque

1818 824 2174 883 exsurgentes
2225 810 2460 873 barbari,
2515 805 2895 861 miserabiliter
2921 812 3133 854 nostros
3168 798 3372 849 inuerti-

1821 907 2009 961 ciendo
2036 905 2314 974 urgebant.
2353 903 2459 969 Ego
2499 911 2675 951 autem
2716 913 2854 949 novo
2886 898 2988 946 hoc
3029 906 3092 943 ac
3141 887 3372 942 mirabili

1823 997 2128 1066 spectaculo
2161 995 2305 1046 Vt‘llll
2349 989 2683 1058 stupefactus
2718 1002 2779 1040 ac
2830 985 3109 1041 attnuitus,
3165 979 3372 1032 stabam

1824 1081 2274 1154 aspectans'qua:
2322 1082 2698 1150 gerebantur:
2735 1077 3022 1144 nimirum,
3069 1081 3179 1122 tum
3229 1068 3373 1118 illam

1825 1179 1988 1247 hujus
2044 1163 2522 1230 commutationem
2591 1169 2806 1238 pedum,
2865 1167 3236 1236 alternamquc
3293 1161 3376 1224 vi:

1829 1271 2007 1324 eissim
2043 1266 2507 1334 inequitationem,
2543 1272 2654 1314 tum
2698 1258 2946 1311 acerbam
3001 1267 3063 1305 ac
3101 1245 3378 1302 διπηινίεεί-

1831 1373 1971 1411 mam
2023 1357 2237 1408 illorum
2277 1355 2512 1406 caadentc
2548 1350 2723 1420 gladio
2774 1361 2980 1399 necem.
3019 1341 3264 1407 Cumque
3303 1337 3382 1388 sic

1831 1450 1893 1501 ad
1929 1463 2097 1514 usque
2131 1446 2263 1500 solis
2298 1458 2548 1498 occasum
2575 1435 3143 1507 hujusmodieorporis
3175 1429 3380 1490 habitu,

1833 1541 2131 1606 pedumque
2179 1535 2605 1590 commulationc
2665 1530 2855 1596 cuique
2905 1524 3042 1594 parti
3099 1521 3381 1572 victorian“:

1832 1629 2180 1691 sanciret;ut
2223 1641 2317 1703 eos
2367 1633 2577 1689 aptans,
2633 1619 2851 1689 perinde
2902 1625 3062 1682 atque
3119 1610 3383 1676 reliquum

1835 1733 2029 1782 corpus
2064 1713 2253 1784 :equali
2301 1713 2408 1769 situ
2455 1709 2798 1777 composuit,
2842 1706 2877 1758 ii
2932 1715 3145 1772 quoque
3198 1707 3388 1765 pugnae

1766 1823 1803 1874 Β
1836 1818 2034 1861 mutua:
2088 1807 2246 1858 ﬁnem
2301 1804 2670 1871 imponentes,
2727 1794 2966 1851 terribile
3009 1789 3139 1844 illud
3187 1785 3386 1840 bellum

1834 1900 2216 1954 dissolverant.

1910 2099 1928 2130 ι
1966 2077 2116 2131 Tunc
2137 2077 2222 2130 ille
2257 2091 2502 2144 surgens,
2536 2082 2792 2138 stansque
2828 2077 3004 2122 rectus
3036 2078 3098 2117 ex
3148 2075 3232 2136 me
3256 2073 3396 2127 quac-

1836 2171 2004 2244 rebat,
2043 2185 2168 2221 num
2201 2182 2385 2221 eorum
2439 2166 2529 2234 qui
2579 2162 2905 2216 cecidissent
2937 2168 3199 2212 summam
3257 2151 3396 2204 inire

1838 2275 2051 2329 possem
2074 2301 2088 2325 ,
2118 2275 2178 2313 ac
2208 2274 2335 2311 num
2366 2258 2519 2310 locus
2547 2255 2742 2322 aliquis
2767 2251 2984 2304 relictus
3005 2255 3144 2299 esset
3166 2256 3394 2303 vacuus,

1839 2351 2040 2404 mortui
2069 2350 2314 2417 corporis
2344 2359 2534 2416 expers
2568 2339 2877 2406 exsistens?
2905 2337 2986 2390 Me
3013 2343 3190 2390 autem
3222 2333 3397 2398 impo-

1844 2442 2060 2494 tentiam
2087 2439 2468 2509 praetendente,
2517 2450 2578 2489 ac
2614 2435 2786 2503 palam
2822 2429 3128 2488 confitente,
3183 2422 3390 2475 nullum

1849 2547 1933 2584 me
1970 2530 2233 2598 ejusmodi
2267 2530 2439 2582 locum
2471 2525 2806 2594 conspicere,
2871 2529 3060 2589 putare
3088 2525 3267 2568 tamen
3299 2509 3399 2563 soli

1845 2619 1968 2684 quid
2013 2621 2267 2688 exiguum
2328 2627 2565 2679 exstare,
2602 2622 2863 2682 quantum
2896 2616 3070 2662 strato
3103 2604 3254 2658 bovis
3287 2613 3400 2654 cor-

1846 2710 1955 2777 puri
1993 2709 2122 2761 satis
2149 2705 2820 2773 videaturyjugulatorum
2855 2698 3119 2758 medium,
3165 2695 3400 2746 intento-

1849 2808 1954 2864 que
1986 2796 2037 2848 in
2072 2795 2201 2848 illud
2236 2794 2404 2861 digito
2432 2833 2445 2856 ,
2501 2797 2868 2850 monstrante,
2931 2781 3212 2853 respondit
3268 2779 3355 2830 ille
3386 2793 3398 2828 :

1849 2885 2009 2938 Vides
2065 2884 2471 2953 spatiumﬁllud
2515 2897 2711 2950 expers
2767 2877 3010 2946 corporis
3049 2873 3244 2926 mortui
3278 2869 3405 2922 reli-

1851 2977 2035 3032 ctum?
2087 2985 2235 3028 tuum
2314 2975 2534 3039 utique,
2596 2971 2903 3037 nulliusque
2967 2974 3225 3034 praetcrea
3285 2959 3404 3011 fuit.

1853 3067 2057 3146 Quippe
2088 3065 2139 3117 in
2173 3064 2262 3115 illo
2303 3063 2598 3115 moriturus
2622 3075 2744 3112 cum
2795 3058 2916 3110 aliis
2945 3070 3088 3118 eras,
3133 3052 3184 3103 in
3221 3061 3404 3102 eseam

195 3159 652 3227 παραδιδόμενος’
679 3156 793 3209 ἀλλ’
818 3156 1003 3224 ἐπειδή
1031 3171 1122 3206 σου
1154 3154 1212 3204 τὸ
1241 3153 1397 3220 σῶμα
1428 3150 1749 3217 διεφύλαξας

1854 3155 2141 3210 tradendus
2175 3154 2293 3206 coeli
2343 3152 2673 3205 volucribus.
2705 3148 2838 3214 Quia
2874 3157 3052 3199 tamen
3087 3154 3234 3194 tuum
3287 3153 3407 3192 cor-

194 3249 454 3318 ἄφθορον,
477 3250 577 3326 ’καὶ
608 3246 768 3299 πάθει
813 3232 1068 3314 αἰσχύνης
1098 3245 1196 3313 τὴν
1243 3241 1420 3311 ψυχὴν
1475 3241 1571 3292 οὑκ
1627 3239 1752 3308 ὲμό⁴

195 3340 365 3401 λυνας
393 3357 407 3370 ο
438 3339 531 3391 τοῦ
573 3338 728 3406 χάριν
748 3339 846 3404 τῆς
876 3335 1112 3403 φοϐερᾶς
1154 3335 1246 3385 καὶ⁵
1268 3329 1564 3401 φρικώδους
1585 3331 1751 3395 ἀνάγ-

197 3446 304 3498 κης
335 3429 472 3498 μετὰ
505 3426 701 3480 καὶτοῦ
733 3426 926 3495 πικροῦ
958 3442 1016 3477 σε
1051 3425 1277 3477 θανάτου
1305 3426 1332 3474 ὀ
1366 3422 1494 3484 Θεὸς
1525 3421 1779 3490 ἡλευθέε

200 3537 366 3591 ρωσε.
403 3520 510 3573 Καὶ
555 3520 726 3571 ταῦτα
757 3517 912 3580 λέξας
935 3556 949 3577 ,
982 3516 1193 3586 ἀφανὴς
1243 3517 1307 3567 ἐκ
1327 3513 1430 3565 τῶν
1459 3514 1607 3582 ὲμῶν
1637 3512 1756 3578 ὲγέ-

199 3627 324 3664 νετο
346 3610 659 3679 ὀφθαλμῶν.
1379 3619 1381 3621 ί

280 3718 300 3751 ι
339 3699 470 3751 Τότε
513 3700 648 3768 μετά
672 3689 869 3766 φρίκης
915 3694 1114 3764 πολλῆς
1158 3693 1267 3762 ἑγὼ
1307 3695 1400 3746 καὶ
1454 3691 1760 3751 ἐκστάσεως

204 3793 500 3851 ὐποκλίνας
525 3788 886 3858 τὴνκεφαλὴν
935 3787 1011 3856 τῷ
1041 3785 1188 3854 φόϐῳ
1238 3785 1622 3852 κλονούμενος,
1670 3781 1762 3832 καὶ

206 3882 592 3951 προσκυνήσας
640 3877 707 3929 τὸ
737 3876 887 3943 ἅγιον
935 3875 1145 3941 ἔδαφος,
1203 3877 1258 3926 ὲν
1309 3866 1458 3939 ᾧπερ
1505 3871 1554 3921 oi.
1608 3868 1761 3928 πόδες

203 3971 400 4024 τούτου
427 3965 790 4039 προσήγγιζον
814 3980 828 3994 '
861 3963 954 4016 τοῦ
989 3965 1144 4032 ὅρους
1173 3961 1410 4030 ἀπάρας,
1434 3960 1524 4011 καὶ
1547 3955 1612 4008 δι’
1640 3953 1765 4022 ὅλης

204 4063 309 4129 τῆς
339 4059 654 4126 νυκτδςτὴν
709 4057 928 4124 πορείαν
966 4053 1098 4129 πρδς
1134 4051 1376 4108 τούπίσω
1432 4047 1762 4114 ποιούμενος,

209 4125 282 4203 διζ
311 4149 505 4214 ὀλίγων
556 4125 778 4217 ἡμερῶν
831 4147 898 4196 τά
927 4125 1156 4196 ἐνταῦθα
1197 4137 1489 4193 κατέλαϐον
1507 4177 1522 4202 ,
1547 4134 1663 4204 θεῷ
1692 4133 1768 4202 τῷ

211 4243 480 4295 σεσωκότι
507 4240 592 4291 διὰ
643 4237 794 4290 τοῦδε
824 4234 918 4288 τοῦ
953 4237 1248 4303 σχήματος,
1283 4232 1330 4282 εἰ
1361 4229 1454 4282 καὶ
1502 4226 1715 4292 ἀνάξιος
1743 4223 1770 4275 ὁ

209 4331 466 4393 ταπεινὸς
490 4370 505 4395 ,
533 4326 1190 4407 δουλεῦσαιῒπροθέμενος.

296 4441 316 4473 ι
359 4423 467 4476 Καὶ
498 4421 561 4473 σὺ
589 4415 703 4481 οὖν,
728 4403 915 4493 τέκνον
948 4406 1585 4483 Κυπριανὶ,πειρασμῶν
1614 4407 1770 4473 ὲπερ-

1854 3254 1954 3310 pus
1987 3237 2215 3292 servasti
2248 3236 2640 3302 incorruptum,
2679 3247 2773 3285 nec
2811 3229 2962 3296 turpi
3005 3225 3254 3295 passione
3291 3220 3408 3273 ani-

1856 3344 1998 3380 mmn
2035 3325 2273 3394 polluisti
2304 3361 2320 3386 ,
2376 3321 2576 3375 idcirco
2606 3314 2657 3373 te
2692 3320 2831 3373 Deus
2862 3334 2888 3370 a
2927 3315 3150 3370 terribili
3186 3314 3409 3365 horren-

1863 3421 2038 3486 daque
2075 3416 2392 3470 neceSsitate
2441 3428 2502 3466 ac
2552 3427 2734 3465 amara
2791 3418 2984 3470 morte,
3015 3397 3304 3460 clementer
3345 3403 3407 3454 li-

1859 3509 2089 3563 beravit.
2124 3506 2192 3559 Iis
2217 3519 2342 3558 vero
2359 3503 2539 3567 dictis,
2560 3502 2626 3554 ab
2655 3499 2830 3554 oculis
2872 3499 3005 3551 meis
3035 3495 3274 3550 evanuit.

1930 3697 1953 3736 ξ
1984 3686 2116 3738 Tum
2156 3698 2276 3753 ego,
2314 3681 2538 3735 horrore
2569 3679 2736 3732 multo
2775 3693 2836 3732 ac
2887 3687 3108 3748 stupore
3139 3656 3414 3743 paululum

1861 3777 2128 3830 inclinans
2160 3782 2338 3839 caput,
2393 3779 2532 3824 metu
2585 3772 2835 3837 agitatus,
2888 3767 3230 3834 adoransque
3287 3779 3416 3817 san-

1861 3878 2005 3921 ctum
2037 3867 2233 3926 solum,
2281 3865 2332 3915 in
2367 3877 2475 3937 quo
2507 3862 2668 3928 pedes
2701 3861 3152 3929 ejusstetissent,
3190 3861 3416 3908 ιιι-εορηο

1861 3950 1992 4003 deus
2015 3963 2045 4000 e
2073 3956 2271 4007 monte,
2305 3956 2582 4010 totamque
2630 3952 2839 3995 noctem
2887 3942 2988 3995 iter
3023 3946 3167 3994 I’etro
3195 3938 3416 3998 faciens,

1864 4039 2052 4108 paucis
2083 4038 2190 4091 huc
2229 4037 2419 4090 diebus
2450 4035 2664 4099 adveni,
2700 4035 2883 4086 animo
2938 4034 3288 4084 constitutum
3323 4031 3420 4081 hn-

1867 4133 2117 4191 bens,ut
2175 4127 2393 4179 humilis
2439 4127 2594 4192 ipse,
2651 4136 2965 4190 quanquam
2994 4122 3260 4189 indignus,
3313 4117 3423 4170 Deo

1857 4220 1955 4288 'qui
1989 4221 2194 4271 salvum
2227 4218 2512 4279 ell'ccissct,
2565 4216 2730 4268 hocce
2764 4214 2943 4267 habitu
2986 4221 3235 4280 suscepto
3257 4251 3272 4276 ,
3306 4226 3422 4265 ser-

1869 4311 2058 4365 vircm.

1947 4416 1965 4448 ι
2005 4397 2084 4450 Tu
2114 4409 2244 4464 ergo
2271 4407 2508 4464 quoque,
2543 4392 2939 4462 ﬁli-Cypriane,
2978 4407 3098 4445 cum
3134 4388 3226 4444 tibi
3253 4400 3428 4443 tenta-

214 4469 465 4595 χομένων
493 4469 703 4577 σοι,
728 4469 1090 4576 σκυθρώπαζέ
1113 4520 1126 4535 °
1152 4469 1265 4555 ἀλλ’
1296 4469 1550 4570 ἀνδρείως
1575 4469 1748 4565 ἔγκαρ

1882 4489 2056 4542 tiones
2115 4485 2545 4554 snpervenerint,
2604 4483 2710 4535 noli
2745 4483 3002 4536 tristari:
3049 4483 3176 4550 quin
3248 4482 3428 4548 potius

1887 4594 1892 4595 ,
1917 4579 1927 4589 ο
1967 4577 2106 4595 ξιξ.-⁴
2141 4577 2407 4595 --,μιῑ..-..-
2465 4588 2523 4595 ,Α
2547 4573 2805 4595 --.ειη-ἠδ
2837 4572 3031 4595 ι.........ι
3066 4585 3277 4595 ...μη-Α...-
3316 4585 3396 4595 αι’-ιι

216 4585 421 4675 τερῶν,
460 4601 551 4650 καὶ
578 4598 638 4648 τὺ
671 4595 768 4664 τῆς
798 4593 1147 4664 σωφροσύνης
1179 4591 1264 4642 ἀεὶ
1295 4589 1456 4640 καλὸν
1485 4585 1774 4656 μνηστευό-

224 4706 408 4761 μενος,
434 4689 570 4751 ἓξεις
607 4687 695 4738 τὸν
727 4685 858 4738 Θεὸν
892 4684 1197 4752 σύμμαχον,
1228 4680 1284 4741 ὃς
1313 4679 1371 4729 οὐ
1405 4675 1618 4744 παρορᾷ
1649 4675 1774 4733 τοὺς

1834 4606 1836 4608 τ
1879 4577 2108 4630 viriliter
2136 4577 2429 4637 sustinens,
2464 4588 2525 4626 ac
2544 4573 2808 4625 castitatis
2836 4572 3032 4643 bonum
3065 4585 3277 4637 semper
3314 4585 3429 4620 am-

1873 4667 2024 4721 biens
2049 4677 2412 4734 appetensque
2436 4703 2451 4727 ,
2487 4661 2652 4714 Deum
2702 4662 2999 4728 adjutOrem
3037 4660 3319 4712 habiturus
3345 4675 3428 4720 es,

221 4749 307 4840 εἰς
354 4749 513 4831 αότδν
561 4775 890 4839 ἐλπίζοντας.
929 4749 974 4825 ι-
1002 4749 1178 4841 Ἥμᾶς
1223 4771 1277 4822 δὲ
1324 4767 1526 4830 λοιπὸν,
1580 4766 1628 4816 εἰ
1684 4776 1749 4814 κα

1874 4762 1964 4828 qui
1998 4774 2103 4811 non
2137 4755 2364 4824 despicit
2393 4764 2675 4821 sperantes
2708 4751 2760 4803 in
2816 4752 3015 4819 ipsum.
3053 4768 3070 4800 ι
3106 4749 3215 4802 Nos
3247 4764 3426 4802 autem

224 4868 777 4939 παρικϐατικώτερόν
832 4881 986 4928 πως,
1026 4861 1297 4930 ὠφέλιμον
1343 4855 1507 4909 οὖσαν
1550 4856 1647 4922 τὴν
1697 4853 1774 4904 διε

226 4963 460 5030 ήγησιν,
494 4953 594 5011 ὦδε
628 4960 956 5026 περάναντες
983 4994 998 5020 ,
1036 4953 1169 5021 πρὸς
1214 4951 1340 5011 τοὺς
1372 4947 1582 5007 κοινοὺς
1621 4943 1779 5012 ἡμῶν

228 5052 477 5122 Πατέρας
508 5050 598 5103 τὸν
621 5050 860 5118 κάλαμον
883 5047 1188 5116 τρέπωμεν.

305 5143 409 5194 Τοῦ
443 5143 549 5210 γάρ
575 5141 841 5209 Καίσαρος
872 5137 1107 5212 Μιχαὴλ,
1141 5136 1214 5196 ὡς
1245 5135 1302 5184 ὲν
1329 5134 1435 5188 τοῖς
1458 5129 1702 5189 ἀνώπιν,
1735 5128 1781 5176 εί
1832 5168 1838 5182 ,

232 5234 328 5288 καὶ
376 5234 567 5302 μικρὸν
600 5229 976 5294 ὑπεξελθόντες
1034 5228 1368 5296 είρήκαμεν,
1418 5220 1490 5289 μὴ
1529 5217 1782 5286 ἑλομένου

237 5311 524 5394 σύμμαχον
550 5322 689 5390 ἔχειν
723 5321 782 5372 τὸ
804 5321 998 5388 κράτος
1029 5317 1125 5384 τῆς
1169 5314 1399 5370 πίστεως
1431 5326 1442 5338 ·
1476 5307 1700 5359 τοῦνεκα
1730 5305 1786 5355 δὲ

235 5415 302 5469 δι’
333 5397 615 5484 ἀγροικίαν
644 5412 846 5479 πολλὴν
871 5411 1123 5476 ὼσάνπερ
1154 5405 1391 5474 βούλοιτο
1438 5402 1661 5460 ἕκαστος
1697 5397 1785 5447 δο-

244 5505 425 5573 ξάζειν
456 5503 802 5564 θεσπίσαντος
836 5498 949 5572 (25)
978 5515 990 5529 ’
1025 5497 1098 5566 μὴ
1146 5494 1343 5557 ἐξεῖναι
1386 5491 1440 5541 δὲ
1485 5490 1617 5548 ὅλως
1663 5487 1788 5545 τοὺς

1878 4851 1964 4903 hic
1989 4849 2240 4916 deinceps
2275 4847 2638 4898 narrationem
2657 4841 2946 4907 ejnsnto:!i.
2968 4841 3067 4893 etsi
3094 4840 3431 4908 dign-ssioi-e

1878 4941 2160 5001 fusiorem,
2181 4937 2363 4988 utilem
2388 4942 2566 4984 tamen
2591 4934 2858 4993 llnicntes,
2874 4932 3136 4984 calamum
3158 4941 3434 4981 vertamus

1885 5031 1950 5085 ad
1975 5026 2339 5083 communium
2378 5025 2596 5078 Patrum
2642 5034 2947 5076 nostrorum
2988 5021 3288 5074 historiam.

1955 5119 2087 5172 Cum
2126 5119 2308 5184 itaque
2353 5116 2535 5167 (ἐπείη
2562 5113 2807 5175 Michael,
2856 5115 2928 5164 uti
2972 5113 3082 5181 jam
3141 5126 3302 5176 supra
3351 5110 3430 5159 di-

1885 5222 2027 5266 ctum
2056 5219 2158 5272 est,
2197 5220 2501 5276 quanquam
2532 5205 2788 5257 nonnihil
2821 5219 2852 5256 a
2901 5203 3176 5271 proposito
3209 5203 3434 5276 diverti-

1888 5317 2030 5364 mus,
2067 5300 2185 5352 ﬁdei
2219 5298 2384 5351 robur
2415 5295 2469 5348 in
2505 5295 2767 5347 auxilium
2801 5295 3000 5347 habere
3031 5272 3341 5357 I'espuisset,
3374 5304 3437 5340 ac

1891 5402 2172 5463 propterea
2195 5405 2288 5459 per
2315 5400 2582 5441 summam
2617 5388 2847 5456 agrestis
2870 5383 3035 5438 animi
3065 5379 3439 5442 stoliditatem,

1892 5487 2160 5551 quemque
2198 5495 2295 5549 pro
2319 5479 2470 5532 libito
2497 5492 2597 5532 suo
2643 5479 2841 5532 sentire
2869 5475 3133 5531 sanxisset
3167 5487 3181 5524 :
3215 5472 3442 5523 omnino

1383 5577 1628 5632 FRANC.
1663 5571 2049 5630 COMBEFISII
2074 5570 2299 5625 ΝΟΤᾹΞ.
3021 5641 3026 5645 1

312 5685 426 5759 (25)
489 5685 746 5738 Videntur
802 5683 1020 5739 Michael
1086 5680 1270 5735 mitius
1327 5674 1455 5743 quid
1512 5673 1726 5737 dicere;
1762 5663 2014 5725 nimirum
2063 5667 2369 5737 prohibitus
2417 5674 2626 5720 tantum
2676 5678 2860 5721 sacras
2899 5657 3164 5728 imagines
3202 5657 3254 5711 in
3305 5655 3440 5710 urbe
