3926 6308
124 390 241 453 901

1261 398 1433 456 VITA
1475 398 1533 457 S.
1570 396 1873 459 NICOLAI
1909 399 2270 461 STUDIT/E.

3245 410 3352 470 903

126 505 268 556 κατ’
307 501 502 572 ἐκείνῳ
528 502 602 571 τῷ
627 503 796 573 καιρῷ
827 504 917 556 δύο
941 505 1227 576 φωστῆρας
1273 507 1347 569 ὡς
1386 509 1532 578 ἡμᾶς
1566 509 1693 561 ἀνα-

1803 511 1937 564 siam
1988 527 2133 566 sana:
2180 511 2441 566 doctrina!
2479 512 3164 584 fulgoribus,illustrantia,
3215 537 3352 590 quos

123 594 450 657 στείλαντας,
482 595 571 646 καὶ
600 593 696 662 τὴν
720 595 810 647 τοῦ
835 595 1065 663 Χριστοῦ
1102 597 1420 668 Ἐκκλησίαν
1443 603 1560 661 ταῖς
1595 599 1701 650 τῶν

127 685 435 750 δογμάτων
477 686 655 736 ἀκτῖσι
712 686 1292 756 καταπυρσεύσαντας,
1345 691 1476 748 tab.”
1520 691 1703 757 θεοφὸ·

135 790 274 840 ρους
311 774 560 843 Πατίρας
595 775 713 826 καθ’
747 777 889 844 ἡμᾶς
941 780 1388 847 χρηματίζοντας,
1433 780 1702 849 Θεόδωρόν

129 854 198 918 ’τέ
237 883 386 936 φημι
431 869 520 919 καὶ
550 869 821 940 Θεοφάνην
858 870 980 931 τοὺς
1011 871 1369 937 αὑταδέλφους
1399 871 1504 940 eiu
1523 873 1698 938 φύσιν,

130 934 395 1028 εἴπερ
427 960 518 1012 καὶ
541 959 636 1025 τὴν
662 934 840 1010 πίστιν
861 959 1179 1028 ὁμαίμονας,
1220 934 1397 1013 ούτοσὶ
1420 934 1583 1025 ouo-Ec
1607 934 1698 1033 {52;

132 1067 261 1116 γοις
296 1051 430 1102 Θεὸν
484 1051 656 1116 φιλεῖν
709 1050 1136 1119 ἐξαρνοὺμενος,
1197 1055 1291 1106 καὶ
1358 1055 1700 1123 παρωνύμως

130 1141 407 1210 Θεόφιλος
455 1143 984 1211 προσαγορευόμενος
1008 1181 1022 1205 ,
1058 1143 1143 1194 διὰ
1183 1143 1240 1195 τὸ
1274 1147 1594 1214 προσκυνεῖν
1644 1145 1700 1196 ὲν

130 1231 325 1281 εἰκόσι
370 1230 623 1300 Χριστὸν,
669 1232 758 1282 καὶ
783 1234 968 1282 τοῦτον
1009 1231 1366 1295 σεσάζεσθαι,
1427 1234 1700 1302 κρατήσας

132 1319 375 1382 αὐτοὺς,
441 1320 576 1389 μετὰ
632 1319 832 1382 πολλὰς
874 1321 971 1382 τὰς
1011 1319 1305 1389 βασάνους,
1353 1321 1554 1374 τούτων
1604 1323 1701 1384 τὰς

131 1409 300 1476 ὄψεις
326 1409 600 1482 δυσσεϐῶς
635 1409 943 1478 ἐνεκόλαψε,
969 1410 1063 1462 καὶ
1095 1411 1240 1473 ξένον
1267 1409 1341 1480 τῷ
1365 1411 1551 1481 κόσμῳ
1587 1429 1699 1464 κοι-

134 1500 233 1550 νὸν
261 1499 569 1568 ἀνθρώποις
593 1500 937 1567 προὺτέθεικε
963 1500 1204 1568 θέατρον.

213 1591 358 1642 Τότε
401 1591 463 1660 δὴ
493 1593 583 1643 καὶ
615 1591 703 1643 τὸν
749 1591 1012 1660 ἡμέτερον
1037 1592 1251 1661 Πατέρα
1281 1579 1542 1644 Νικδλαον
1566 1631 1581 1655 ,
1615 1591 1702 1643 διὰ

131 1680 243 1750 τὴν
281 1681 681 1751 ἐπικρατοῦσαν
713 1683 1067 1750 σκοτόμαιναν
1095 1683 1194 1750 τῆς
1224 1683 1514 1751 αἱρέσεως,
1537 1682 1702 1734 τόπον

132 1774 204 1824 ἐκ
243 1773 412 1824 τόπου
463 1774 934 1842 κατατρυχόμενον
959 1811 973 1836 ,
1011 1775 1148 1843 γυνή
1182 1791 1265 1835 τις
1303 1774 1527 1844 εὑσεσὴς
1571 1792 1700 1827 κατα

131 1859 455 1929 αθρήσασα,
486 1862 575 1913 καὶ
610 1861 682 1922 ὡς
709 1861 839 1928 άλλη
876 1862 1210 1930 Σουναμίτης
1245 1862 1386 1915 κατὰ
1415 1863 1696 1931 τὸνμέγαν

149 1950 468 2002 Ἐλισσαῖον
505 1949 874 2019 ξεναγωγῆσαι
900 1950 1082 2004 τοῦτον
1106 1951 1395 2020 θελήσασα,
1422 1953 1482 2022 ού
1511 1956 1696 2024 τιόρρω

130 2040 240 2091 τοῦ
270 2040 462 2102 ἄστεος
487 2040 618 2109 πρὸς
651 2041 718 2092 τὰ
749 2040 982 2110 Θρακῷα
1011 2042 1150 2110 μέρη
1189 2043 1389 2111 ἥσυχον
1424 2042 1561 2095 πάνυ
1606 2060 1697 2095 κε-

131 2131 394 2199 κτημένη
431 2131 748 2198 προάστειον
774 2168 789 2192 ,
823 2132 1084 2199 προσάγει
1132 2129 1289 2182 τοῦτο
1331 2130 1424 2183 τοῦ
1466 2130 1695 2200 Χριστοῦ

127 2220 222 2288 τῷ
249 2222 556 2288 θεράποντι,
590 2239 652 2289 cpe
665 2221 924 2290 ρωνύμως
946 2223 1378 2292 ἐφαρμοσαμένη
1419 2225 1482 2291 τῇ
1512 2224 1695 2291 κλήσει

129 2310 223 2381 τῷ
255 2311 540 2380 πράγματι
577 2310 683 2382 [Ῑσ.
713 2313 771 2364 τὸ
809 2312 1080 2383 πρᾶγμα].
1135 2313 1226 2365 καὶ
1277 2313 1475 2382 μεστὴν
1519 2314 1698 2375 ἐλέους

131 2400 318 2470 αὐτῷ,
341 2401 510 2470 δῶρον
535 2402 607 2464 ὡς
643 2405 804 2470 μέγα,
846 2405 942 2472 τὴν
964 2404 1214 2472 εἰρήνην,
1267 2402 1452 2473 ὥσπερ
1494 2403 1556 2472 δὴ
1605 2405 1698 2458 καὶ

130 2494 374 2562 Εἰρήνη,
413 2495 550 2562 μετά
587 2497 680 2546 καὶ
719 2493 810 2545 τοῦ
845 2495 1122 2563 κτήματος
1172 2495 1554 2564 ἑμπαράξασα.
1589 2496 1717 2548 Κάο.

131 2587 296 2636 κεῖσε
319 2583 495 2635 τοίνυν
528 2583 782 2652 διέτριϐε,
814 2585 907 2643 τάς
943 2585 1050 2636 τῶν
1084 2586 1372 2653 αἱρετικῶν
1405 2586 1569 2648 λαϐάς
1595 2587 1696 2652 ὕφ-

129 2671 444 2738 ορεῦμενος.
476 2667 586 2724 Εἶθ’
613 2673 833 2742 ὕστερον
867 2672 1015 2724 τοῦτο
1040 2676 1103 2743 τῇ
1137 2673 1328 2725 ἑαυτοῦ
1363 2677 1496 2742 μονῇ
1532 2691 1696 2742 προσ-

131 2760 414 2828 εκύρωσε,
442 2764 540 2828 τὴν
591 2762 902 2831 ἐπωνυμίαν
933 2762 1093 2830 φέρον
1119 2763 1215 2831 τῆς
1241 2764 1445 2832 Φίρμου
1473 2765 1693 2826 πόλεως.

214 2849 477 2916 Θεοφίλου
529 2850 583 2902 δὲ
647 2849 1082 2918 τελευτήσαντος,
1149 2853 1241 2902 καὶ
1289 2852 1556 2920 δυστυχῶς
1621 2851 1696 2921 τῷ

131 2940 338 3010 τύμϐῳ
359 2941 643 3022 καταξίαν,
668 2941 740 3004 ὡς
759 2938 931 3011 οἶμαι,
957 2947 1398 3012 συμπεριγραφέν
1423 2943 1585 3011 αὐτῷ,
1608 2945 1697 2995 καὶ

130 3032 203 3083 τά
241 3032 337 3099 τῆς
365 3032 644 3101 αἱρέσεως,
681 3033 773 3083 καὶ
818 3033 1091 3102 Θεοδώρας
1116 3034 1207 3102 τῆς
1255 3034 1417 3087 αὑτοῦ
1459 3035 1696 3104 φιλοχρί-

136 3139 275 3174 στου
314 3123 566 3174 συνεύνου
598 3126 692 3176 σὺν
731 3122 805 3192 τῷ
860 3124 958 3194 υἰῴ
1009 3125 1225 3192 Μιχαὴλ
1270 3125 1459 3193 κομιδῇ
1491 3125 1594 3194 νέῳ
1630 3126 1695 3176 τὰ

129 3214 251 3264 τῶν
277 3212 559 3280 Ῥωμαίων
571 3200 941 3284 κατασχούσης
959 3215 1222 3284 βασίλεια,
1241 3216 1332 3268 καὶ
1361 3216 1558 3268 Ἰαννοῦ
1583 3215 1690 3286 (27)

132 3303 235 3356 τοῦ
251 3303 547 3362 δυσσεϐοῦς
568 3343 582 3367 ,
608 3304 888 3374 προοίμιον
913 3305 1010 3373 τῆς
1043 3306 1259 3357 αίωνίου
1290 3306 1442 3374 δίκης
1473 3307 1568 3375 τὴν
1609 3309 1694 3357 ἐν·

134 3392 318 3444 ταῦθα
357 3391 460 3443 τῶν
510 3391 667 3444 θείων
711 3395 1138 3462 κληρωσαμένου
1191 3397 1543 3456 ἀπόπτωσιν,
1603 3397 1693 3447 καὶ

133 3479 406 3532 Μεθοδίου
439 3479 531 3531 τοῦ
581 3480 810 3547 μεγάλου
857 3482 952 3548 τῆς
1000 3482 1402 3549 ἀρχιερωσύνης
1454 3483 1694 3549 ἀμπεχο-

139 3570 309 3640 μένου
333 3573 462 3633 τοὺς
488 3571 697 3633 οἴακας,
721 3554 986 3642 συνδρομῇ
1015 3571 1120 3623 τῶν
1147 3572 1415 3640 θεοςόρων
1440 3573 1692 3644 [Ιατέρων

134 3662 370 3727 γέγονεν
400 3663 432 3729 ἡ
464 3661 558 3729 τῆς
608 3661 912 3728 ὀρθοδοξίας
941 3664 1262 3730 πανήγυρις,
1294 3660 1503 3730 αἰθρίας
1525 3677 1691 3713 κατα-

134 3751 412 3818 λαϐούσης
436 3751 535 3818 ἤδη
577 3751 642 3803 τά
685 3753 916 3821 πέρατα,
953 3753 1046 3803 καὶ
1097 3752 1337 3818 ἀστέρων
1376 3751 1548 3819 δίκην,
1586 3752 1691 3803 τῶν

136 3835 379 3908 Χριστοῦ
409 3841 770 3910 ὸμολογητῶν,
803 3841 944 3893 ἅπαν
971 3842 1026 3892 τὸ
1051 3842 1148 3910 τῆς
1177 3841 1494 3910 Ἐκκλησίας
1529 3859 1690 3894 κατα-

136 3931 508 3999 κοσμούντων.
1099 3988 1102 3991 .

211 4022 347 4074 Τότε
364 4023 425 4090 δὴ
449 4021 540 4073 καὶ
561 4023 586 4074 6
607 4021 781 4082 κοινὸς
806 4021 956 4091 ἡμῶν
990 4022 1172 4092 Πατὴρ
1203 4021 1294 4075 καὶ
1333 4021 1424 4075 τοῦ
1457 4023 1689 4090 Χριστοῦ

137 4120 396 4189 θεράπων
446 4119 806 4188 Ναυκράτιος,
837 4118 932 4186 τῆς
984 4117 1195 4186 ἐξορίας
1268 4119 1502 4186 ἀπάρας,
1559 4137 1688 4170 κατ-

141 4210 303 4263 έλαϐε
355 4211 411 4262 τὸ
469 4210 773 4272 Βυζάντιον,
818 4209 911 4261 καὶ
957 4205 1090 4277 πρὸς
1134 4210 1229 4275 τῆς
1277 4207 1540 4277 βασιλίδος
1571 4209 1690 4262 κατ’

138 4302 300 4366 ἀξίαν
318 4300 422 4351 τῶν
444 4297 635 4364 ἄθλων,
668 4300 759 4350 καὶ
790 4299 879 4350 ὑπ’
904 4297 1067 4349 αὐτοῦ
1093 4298 1185 4349 τοῦ
1210 4299 1529 4369 ἀρχιερέως,
1555 4299 1688 4366 μετὰ

143 4392 346 4459 πολλῆς
366 4392 458 4459 τῆς
487 4391 650 4471 τιμῆς
696 4389 992 4458 είσδεχθεὶς
1026 4392 1054 4441 6
1090 4390 1354 4458 ἀοίδιμος,
1395 4392 1684 4461 παρακλήο

1807 599 1973 652 nostri
2005 615 2033 653 a
2070 599 2178 654 Deo
2226 600 2432 654 amatos
2479 615 2541 654 ac
2581 603 2808 656 .divinos
2860 601 3046 658 Patres
3096 608 3349 668 vocitant.

1803 688 2162 753 Theodorum,
2193 691 2437 758 inquam,
2465 706 2526 744 ac
2554 689 2935 760 Theophanem
2967 735 2978 750 .
3015 706 3203 749 natura
3239 696 3348 750 fra-

1802 785 1928 841 tres,
1965 776 2229 846 siquidem
2256 779 2414 831 etiam
2457 778 2559 832 (ide
2597 782 2836 848 germani
2875 794 3048 843 etaut.
3077 784 3164 837 ille
3185 786 3349 839 Deum

1801 879 1983 918 amare
2011 866 2260 933 operibus
2297 882 2527 934 negans,
2563 885 2872 938 quanquam
2907 873 3044 924 nttda
3078 873 3204 927 hinc
3257 876 3351 928 de;

1803 955 2171 1008 nominatione
2213 954 2540 1025 Theophilus
2570 959 2977 1027 appellabatur;
3022 964 3162 1031 quod
3194 964 3349 1019 Chri-

1802 1053 1941 1098 stum
1975 1046 2028 1098 in
2051 1047 2375 1114 imaginibus
2402 1048 2660 1114 colerent,
2685 1065 2918 1120 cumque
2944 1066 3347 1121 venerarentur,

1803 1145 2011 1199 tenens,
2045 1145 2167 1204 post
2213 1136 2381 1190 multa
2417 1145 2706 1202 tormenta,
2732 1155 2917 1194 eorum
2951 1142 3113 1212 impie
3144 1145 3348 1199 inscul-

1802 1241 1930 1295 pens
1976 1224 2189 1289 faciem,
2238 1242 2436 1282 n0vum
2465 1228 2810 1297 insolensque
2839 1245 3121 1287 commune
3170 1234 3354 1289 homi-

1799 1313 1960 1366 nibus
2006 1315 2368 1379 spectaculum
2430 1313 2686 1370 traduxit.

1867 1580 2019 1635 Tunc
2053 1597 2268 1650 quoque
2301 1599 2420 1638 cum
2464 1585 2842 1658 pia-quadam
2892 1590 3085 1644 mulier
3134 1591 3348 1647 Patrem

1799 1679 2043 1726 nostrum
2077 1672 2356 1726 Nicolaum
2383 1715 2397 1739 ,
2449 1685 2667 1744 propter
2696 1678 3026 1733 obtinentem
3061 1682 3347 1736 obscuram

1801 1776 1978 1830 pravae
2004 1762 2222 1817 haeresis
2249 1774 2484 1827 noctem,
2516 1769 2706 1821 crebra
2764 1769 3003 1824 locorum
3054 1774 3348 1828 mutatione

1798 1852 1936 1907 male
1955 1854 2113 1915 atteri
2147 1854 2370 1919 videret,
2405 1856 2674 1926 velletque
2705 1868 2958 1928 tanquam
3005 1862 3111 1916 alia
3164 1863 3344 1919 Suna-

1796 1943 1944 1998 mitis
1979 1945 2030 1997 in
2063 1945 2242 2012 magni
2269 1944 2446 2000 Elisaei
2504 1947 2749 2014 modum,
2794 1951 3031 2019 hespitio
3080 1953 3344 2020 recipere,

1796 2035 1935 2089 baud
1963 2037 2151 2105 procul
2187 2037 2252 2090 ab
2298 2039 2470 2101 urbe,
2511 2040 2575 2093 ad
2608 2040 2852 2096 Thracia:
2895 2052 3109 2112 partes,
3151 2045 3349 2099 subur-

1795 2126 1942 2179 bium
1977 2127 2136 2195 plane
2165 2142 2194 2180 a
2228 2129 2403 2182 turbis
2433 2140 2701 2183 semotum
2747 2131 2974 2198 habens,
3017 2133 3144 2188 illud
3195 2135 3352 2190 oﬂ‘ert

1793 2214 1993 2271 Christi
2032 2216 2256 2281 famulo,
2283 2234 2394 2272 rem
2432 2221 2530 2274 rite
2558 2235 2652 2286 pro
2679 2223 2911 2276 nominis
2941 2225 3148 2279 ratione
3170 2227 3351 2295 appel-

1793 2305 1978 2360 lationi
2029 2308 2459 2370 accommodans,
2484 2311 2701 2378 plenum
2751 2312 3118 2367 misericordia
3148 2331 3350 2370 munus

1794 2412 1958 2464 quam
1996 2413 2272 2467 magnum,
2306 2414 2490 2468 pacem
2524 2400 2804 2465 nimirum,
2840 2404 2914 2456 uti
2938 2419 2967 2456 a
3019 2420 3149 2474 pace
3197 2408 3350 2462 lrene

1795 2487 1958 2551 dicta,
1991 2503 2096 2541 una
2135 2503 2258 2542 cum
2307 2491 2652 2558 possessione
2687 2493 2954 2560 praebens.
3019 2495 3132 2548 Illic
3171 2497 3351 2565 itaque

1794 2577 2107 2633 demoratus
2145 2587 2245 2641 est,
2291 2580 2664 2634 haereticorum
2700 2582 2927 2637 insidias
2950 2583 3164 2638 timens.
3204 2587 3354 2640 Post-

1796 2669 2016 2728 modum
2061 2685 2186 2724 vero
2223 2685 2323 2724 suo
2369 2672 2499 2724 illud
2566 2675 2898 2726 monasterio
2928 2674 3137 2728 firmata
3181 2678 3350 2731 dona-

1796 2760 1944 2813 tione
1986 2760 2219 2827 adjecit,
2267 2759 2615 2830 Phirmipolis
2675 2764 3082 2831 appellationem
3125 2767 3345 2821 habens.

1867 2847 1967 2902 Ubi
1996 2865 2159 2918 porro
2186 2849 2516 2918 Theophilus
2549 2852 2661 2920 jam
2677 2853 2816 2905 diem
2853 2854 3096 2919 obiisset,
3137 2870 3351 2924 unoque

1796 2941 1991 2995 misere
2023 2942 2262 3005 tumulo,
2301 2942 2520 2997 ita-rosis
2551 2945 2749 3011 pariter
2808 2946 3019 3008 merito,
3049 2946 3189 3012 quod
3235 2949 3352 2999 exi-

1797 3031 1975 3093 stium,
2005 3032 2413 3099 circumscripta
2439 3041 2602 3096 esset,
2649 3047 2711 3085 ac
2749 3032 2948 3086 Christi
2994 3048 3184 3089 amans
3215 3050 3351 3088 uxor

1797 3121 1913 3187 ejus
1946 3118 2230 3174 Theodora
2265 3135 2385 3173 cum
2421 3121 2531 3173 tilio
2555 3122 2811 3176 Michaele
2838 3124 3128 3178 admodum
3150 3126 3349 3193 juvene
3403 3194 3405 3196 η

1804 3213 2028 3264 Romani
2103 3211 2313 3280 imperii
2375 3227 2554 3265 arcem
2626 3214 2994 3282 suscepisset;
3043 3216 3350 3288 impiusque

1797 3300 2022 3366 Jannes,
2052 3316 2150 3355 ceu
2181 3303 2436 3370 prwludio
2468 3306 2698 3370 quodam
2724 3314 2936 3358 aeterna:
2983 3307 3229 3371 ultionis,
3265 3309 3352 3362 hic

1798 3408 2011 3462 quoque
2041 3394 2435 3446 abdicationem
2466 3408 2495 3444 a
2519 3394 2722 3447 divinis
2757 3398 2979 3452 sortitus
3004 3412 3148 3452 esset
3176 3417 3191 3465 ;
3232 3416 3350 3454 ma-

1799 3500 2044 3554 gnusque
2075 3484 2378 3538 Methodius
2408 3484 2660 3538 Ecclesia:
2693 3487 3056 3554 gubernacula
3110 3473 3346 3558 pontifex

1798 3577 2085 3630 obtineret.
2116 3591 2144 3628 a
2179 3575 2286 3628 Deo
2324 3575 2516 3629 adlatis
2546 3575 2792 3629 Patribus
2821 3578 2873 3630 in
2909 3595 3072 3632 unum
3104 3582 3348 3636 coeunti-

1798 3663 1939 3726 bus,
1993 3663 2203 3715 initium
2252 3662 2439 3715 habuit
2488 3663 2822 3715 orthodoxiae
2871 3664 3186 3728 celebritas,
3221 3681 3350 3719 cum

1797 3753 1942 3806 orbis
1966 3753 2074 3821 jam
2119 3754 2252 3807 lines
2301 3755 2565 3807 serenitas
2602 3754 2848 3818 haberet,
2881 3754 3190 3823 Christique
3219 3772 3350 3809 con-

1799 3843 2031 3897 fessores
2064 3843 2206 3895 velut
2245 3843 2412 3896 stella:
2469 3845 2713 3911 quaedam
2752 3845 3060 3898 universum
3097 3844 3372 3917 Ecclesiae-

1796 3933 2188 3985 ﬁrmamentum
2221 3932 2482 3984 illustrius
2510 3941 2784 3985 ornarent.

1865 4023 2011 4076 Tunc
2064 4025 2218 4091 plane
2268 4024 2429 4075 etiam
2467 4024 2770 4077 communis
2817 4023 2978 4078 Pater
3037 4032 3223 4079 noster
3278 4038 3342 4076 ac

1795 4113 1993 4168 Christi
2031 4112 2263 4166 famulus
2299 4113 2621 4167 Naucratius
2649 4113 2716 4167 ab
2749 4114 2912 4167 exilio
2942 4115 3174 4177 rediens.
3199 4116 3346 4169 venit

1797 4202 2131 4271 Byzantium,
2158 4217 2362 4270 proque
2396 4201 2753 4254 certaminum
2784 4204 2997 4267 merito,
3027 4206 3194 4256 multo
3217 4219 3340 4257 cum

1796 4294 2001 4347 honore
2063 4294 2130 4345 ab
2191 4292 2528 4359 imperatrice
2571 4294 2793 4362 ipsoque
2859 4295 3163 4362 patriarcha
3217 4308 3342 4347 sus-

1795 4397 1984 4456 ceptus
2018 4387 2099 4439 vir
2151 4387 2403 4456 inclytus,
2436 4399 2623 4438 eorum
2658 4398 2868 4456 rogatu,
2906 4401 3076 4439 sacra:
3115 4386 3340 4439 fratrum

144 4491 229 4535 σει
266 4482 484 4544 τούτων,
508 4483 606 4551 τῆς
647 4483 765 4534 κατ’
825 4483 982 4532 αὐτὸν
1030 4482 1180 4551 ἱερᾶς
1215 4481 1566 4550 ἀδελφότητος
1612 4483 1688 4542 είς

1801 4477 2095 4533 sodalitatis
2123 4477 2174 4528 in
2217 4492 2384 4529 unum
2418 4485 2545 4530 tunc
2598 4487 2954 4546 congregatae,
2980 4478 3030 4530 in
3065 4477 3341 4530 venerabi-

141 4572 311 4624 ταύτὸ
345 4569 694 4638 συνελθούσης
723 4572 842 4622 τότε
863 4572 920 4622 ἐν
943 4574 1009 4640 τῇ
1039 4571 1373 4640 εὑαγεστάτῃ
1400 4572 1506 4623 τῶν
1535 4572 1694 4624 Στου-

142 4661 260 4714 δίου
317 4660 594 4729 μονῇ,τὴν
657 4660 829 4730 ἀρχὴν
881 4660 1354 4729 προσλαμῶάνεται
1388 4677 1400 4689 ·

1790 4569 2001 4623 llssimo
2031 4568 2207 4621 Stndii
2260 4569 2607 4628 monasterio,
2642 4568 3013 4637 praefecturam
3048 4569 3286 4635 suscepit
3321 4586 3333 4621 :

1435 4661 1608 4730 ἥνπερ
1666 4662 1692 4711 6
1789 4677 1949 4729 quam
2006 4662 2219 4730 quidem
2278 4675 2507 4730 magnus
2561 4657 2877 4711 Theodorus
2943 4660 3123 4713 multis
3171 4673 3337 4728 nuper

146 4753 319 4820 μέγας
349 4751 636 4818 Θεόδωρος,
669 4750 849 4812 πόνοις
892 4751 1105 4811 πολλοῖς
1167 4751 1353 4819 πρώην
1415 4751 1690 4820 ἐκθρέψας

1811 4751 2064 4804 aborihus
2098 4750 2377 4803 enutriens
2425 4751 2826 4818 adaugensque,
2861 4749 2924 4802 ad
2976 4752 3336 4807 millenat-ium

143 4844 433 4911 ἐπλήθυνε,
464 4843 553 4893 καὶ
579 4843 666 4893 τὸν
689 4841 952 4910 χιλιοστὸν
975 4843 1206 4910 ἀριθμὸν
1234 4843 1552 4910 ἐξισωθῆναι
1591 4861 1681 4908 μι-

143 4934 278 5003 κροῦ
303 4934 410 4984 δεῖν
437 4934 533 5001 τὴν
564 4931 772 5000 πληθὺν
800 4932 1185 4986 κατεσκεύασε.
1220 4934 1327 4985 Καὶ
1356 4929 1422 5002 ἦν
1448 4932 1607 4993 αὖθις·
1628 4931 1688 4983 τὸ

141 5025 238 5078 τοῦ
290 5023 522 5093 Χριστοῦ
567 5024 811 5092 ποίμνιον
851 5022 1118 5086 νεοθαλὲς,
1141 5016 1334 5092 ὥσπερ
1375 5041 1458 5086 τις
1506 5025 1687 5094 παρά-

1792 4843 1900 4896 l'ere
1955 4856 2239 4893 numerum
2277 4850 2614 4909 provexerat.
2672 4841 2905 4907 Eratque
2953 4857 3146 4896 rursus
3202 4858 3342 4897 navo

1791 4935 2000 5001 vigore
2039 4942 2280 5000 vegetum
2352 4931 2552 4985 Christi
2626 4932 2754 4985 illttd
2812 4933 2981 4992 ovile,
3029 4935 3172 4989 velut
3226 4937 3343 4988 cui-

1793 5026 1913 5077 dam
1974 5024 2220 5092 paradiso
2274 5024 2471 5086 simile,
2507 5024 2702 5077 multas
2752 5023 3010 5078 virtutum
3067 5041 3234 5089 rosas,
3277 5041 3341 5079 ac

1378 5165 1621 5218 masc.
1650 5163 2029 5236 consensu
2065 5162 2294 5221 NOTAE.

148 5315 242 5364 rit.
287 5309 528 5377 Fuerunt
551 5323 679 5376 ergo
714 5307 880 5377 sancti
908 5305 1112 5375 Grapti,
1147 5321 1206 5359 ac.
1233 5309 1414 5377 vultus
1448 5306 1699 5375 insculpti

147 5375 525 5443 confessor-es,
590 5375 694 5431 non
759 5376 1039 5438 Moabitae,
1082 5378 1188 5447 _s_ed
1247 5375 1692 5447 Ilierosolymiue,

151 5454 510 5515 undecunque
561 5450 775 5500 tandem
839 5461 1024 5500 eorum
1082 5444 1695 5517 Hierosolymis'genus

149 5531 325 5574 satum
359 5527 523 5570 esset.
1631 5523 1633 5526 ’

220 5588 330 5655 (27)
370 5587 473 5638 Alii
513 5585 773 5638 Joannem
837 5584 1100 5638 scribunt.
1151 5582 1350 5655 Possit
1385 5594 1572 5639 auctor
1623 5589 1691 5640 ita

147 5651 340 5710 nomen
400 5657 733 5714 immutasse,
786 5655 1052 5706 allusione
1101 5651 1166 5703 ad
1223 5653 1482 5705 celebrem
1544 5657 1690 5709 illum

144 5741 358 5795 magum
397 5724 722 5786 Pharaonis,
748 5739 903 5789 quem
936 5722 1132 5776 l‘auiu-s
1169 5720 1332 5791 Moysi
1359 5728 1690 5779 contrarium

1808 5318 2194 5361 commemorat
2225 5305 2266 5359 ll
2302 5305 2537 5359 Timoth.
2570 5322 2649 5364 ιιι.
2712 5307 2865 5372 cujus
2901 5307 2984 5360 hic
3033 5305 3334 5373 pseudopaa

1798 5378 2050 5437 triarcha,
2093 5393 2279 5445 magus
2312 5379 2424 5444 ipse
2458 5392 2520 5428 ae
2570 5376 2901 5429 facinorosus
2939 5377 3116 5435 homo,
3160 5375 3278 5426 stud
3306 5390 3334 5425 τι

1795 5456 2116 5498 sectaretur.
2155 5447 2208 5498 In
2247 5447 2397 5498 illum
2447 5446 2595 5511 plura
2630 5460 2817 5498 anetor
2852 5447 3082 5496 historim
3115 5447 3329 5494 institu-

1794 5516 1956 5567 tionis
1987 5515 2090 5567 diei
2125 5514 2243 5567 festi
2279 5514 2624 5568 Ortltodoxize
2668 5513 2941 5565 Dotninica
2979 5528 3148 5575 prima
3182 5511 3326 5578 Jeju-

1793 5586 2026 5646 niorum,
2047 5599 2205 5651 quem
2228 5585 2439 5636 damus.
2454 5581 2528 5636 De
2550 5585 2666 5652 ejus
2689 5583 3017 5635 abdicatione
3037 5588 3088 5632 et
3107 5580 3333 5652 suffecto

1792 5652 1850 5704 S.
1904 5652 2192 5772 Μὲἳέηῆο,
2265 5652 2458 5706 Baron.
2515 5668 2579 5706 ex
2632 5652 2951 5718 Theophane
3019 5651 3332 5720 presbytero

1792 5739 1914 5772 ann.
2060 5759 2074 5772 .

1792 5739 1914 5775 ann.
1952 5722 2074 5775 842.
2143 5723 2145 5726 ⁴
