3926 6308
122 296 250 361 905

1266 294 1436 354 Vl'l‘A
1479 293 1538 354 S.
1583 291 1887 353 NICOLAI
1921 293 2290 355 ὃτυΒΙΤίΈ.

3275 298 3383 361 906

114 412 234 481 τῆς
268 411 497 467 οἱασοῦν
526 409 881 478 λιπαινούσης
930 407 1133 477 τροφῆς
1185 407 1243 461 ὲν
1297 408 1581 478 πλησμονῇ
1615 424 1706 477 γα-

1821 408 2014 477 panis.
2072 418 2166 463 aut
2208 409 2353 474 vini,
2413 419 2505 466 aut
2544 412 2793 482 cujusvis
2845 413 3071 468 alterius
3131 411 3238 467 cibi
3289 413 3382 483 qui

116 508 303 577 στρδς
339 508 664 579 γεγένημαι.

207 693 424 747 Τοῦτον
478 695 602 766 Heg.
644 691 846 764 τούτῳ]
876 692 1056 747 τοίνυν
1082 694 1219 769 πρὸς
1274 694 1368 748 τοῦ
1410 696 1712 768 ἀρχιερέως

119 785 473 854 καταλείψας
504 786 564 836 τὸ
603 784 875 854 ποίμνιον,
917 786 946 838 6
977 787 1235 850 πανόσιος
1268 789 1429 851 αὐτὸς
1459 789 1709 853 ἐξελθὼν,

121 877 187 928 ὲν
221 876 307 948 τῷ
339 878 706 947 προρῤηθὲντι
736 878 1067 949 καταγωγίῳ
1097 880 1195 947 τῆς
1238 881 1446 950 Φίρμου
1501 882 1710 945 πόλεως

116 966 453 1030 ἐκαθέζετο.
488 967 685 1020 ’Ἢδετο
706 967 814 1036 γὰρ
844 968 921 1037 τῷ
946 970 1119 1038 τόπῳ,
1162 971 1253 1021 τὸν
1275 972 1477 1040 τρόπον
1512 973 1712 1043 μᾶλλον

121 1058 195 1109 δι’
261 1056 436 1130 οὗπερ
488 1062 515 1112 6
564 1060 729 1123 τόπος
773 1065 1067 1130 κατασχεῖν
1115 1063 1489 1132 ἐπειγόμενος.
1556 1065 1711 1118 Ἀλλὰ

118 1149 229 1203 τοῦ
266 1152 517 1220 ἀοιδξμου
566 1152 873 1221 Σωφρονίου
904 1153 1084 1217 καλῶς
1113 1154 1214 1222 τὴν
1248 1154 1413 1224 μονὴν
1462 1156 1551 1208 ἐπὶ
1590 1148 1714 1210 τέσ-

122 1255 320 1310 σαρας
360 1243 587 1312 χρόνους
630 1243 991 1314 αὐξήσαντος,
1028 1246 1123 1298 καὶ
1183 1245 1353 1315 γέρας
1412 1247 1511 1315 τῆς
1560 1250 1716 1318 ἀγχι-

120 1334 286 1396 νοίας
308 1335 405 1403 τὴν
432 1336 795 1406 ἀγαθοεργίαν
848 1336 1416 1407 καταπλουτήσαντος,
1446 1340 1538 1391 καὶ
1558 1341 1714 1413 τρίτῃ

120 1427 226 1478 τοῦ
276 1427 589 1497 Νοεμϐρίου
622 1429 760 1499 πρὸς
804 1430 1009 1500 Κύριον
1048 1428 1489 1500 ἐκδημήσαντος,
1522 1432 1572 1484 oi
1605 1432 1713 1485 τῶν

124 1519 391 1588 μοναχῶν
429 1520 795 1591 φιλοπάτορες
832 1522 1019 1593 ούκέτι
1048 1522 1262 1590 στέγειν
1294 1524 1582 1591 δυνάμενοι
1614 1525 1713 1594 τὴν

120 1608 226 1661 τοῦ
254 1611 406 1662 ὁσίου
429 1610 723 1675 διάζευξιν.
748 1612 883 1683 πρὸς
910 1611 971 1665 τὸ
992 1614 1189 1666 οίκεῖον
1204 1612 1465 1686 αὐτῷ’τῆς
1486 1616 1715 1686 ἡσυχίας

124 1700 454 1773 ἀπάραντες
486 1702 830 1772 ἐνδιαίτημα,
872 1705 963 1757 ἐπὶ
985 1704 1080 1775 τὴν
1102 1705 1273 1758 πειθὼ
1290 1706 1388 1775 τῆς
1429 1707 1604 1777 ἀρχῆς
1639 1709 1715 1772 ὡς

124 1788 457 1854 φιλότεκνον
513 1791 610 1843 καὶ¹
667 1790 826 1853 αὖθις
886 1790 1074 1845 τοῦτον
1117 1792 1465 1859 ἑλκύσαντες,
1523 1796 1581 1847 ἐν
1636 1794 1714 1865 τῷ

128 1878 491 1948 μοναστηρίῳ
550 1882 875 1951 εἰσήνεγκαν
898 1898 914 1913 '
947 1884 1041 1935 καὶ
1086 1878 1153 1954 ἦν
1204 1884 1233 1935 6
1262 1884 1450 1954 Πατὴρ
1476 1887 1589 1948 τοῖς
1626 1886 1716 1938 τέο

125 1982 285 2029 κνοις
310 1970 433 2021 καθ’
482 1972 721 2042 ἑκάστην
760 1972 1277 2043 ἐπευφραινόμενος.

198 2060 509 2129 Τοιγαροῦν
568 2064 666 2133 τῆς
714 2064 1049 2133 φερωνύμως
1116 2062 1188 2127 ὡς
1250 2065 1423 2135 δῶρον
1483 2069 1549 2136 τῇ
1617 2066 1713 2119 τοῦ

128 2151 379 2219 Χριστοῦ
412 2151 707 2224 Ἐκκλησία
734 2156 1190 2226 παρασχεθείσης,
1222 2158 1319 2226 τῆς
1340 2155 1710 2228 φιλοχρίστου,

128 2228 304 2309 φημὶξ
335 2246 426 2295 καὶ
449 2244 816 2308 πανευσεδοῦς
867 2246 1135 2315 βασιελίδος
1156 2289 1171 2312 ,
1206 2249 1310 2300 ὑπὸ
1360 2246 1576 2317 Μιχαὴλ
1622 2246 1715 2300 τοῦ

132 2334 342 2402 ἑαυτῆς
363 2334 480 2386 υίοῦ
512 2336 612 2406 ἤδη
644 2336 829 2390 λοιπὸν
855 2337 925 2391 τὰ
955 2340 1052 2407 τῆς
1091 2339 1413 2411 νηπιότητος
1439 2340 1713 2393 ὲπαποθει

132 2410 305 2491 μένου
326 2425 688 2495 ψελλίσματα,
718 2428 826 2480 τῶν
859 2430 1177 2499 ἀνακτόρων
1222 2431 1433 2483 ἐκεῖθεν
1486 2448 1709 2483 κατενε-

132 2516 387 2586 χθείσης,
422 2518 577 2588 κακῷ
623 2518 914 2590 ωμόούλῳ
957 2521 1158 2592 δηλαδὴ
1193 2522 1373 2593 Βάρδᾳ.
1404 2524 1481 2593 τῷ
1513 2525 1712 2593 ἑαυτῆς

132 2611 357 2681 ἅδε).φῴ
387 2613 415 2664 6
466 2613 583 2677 νέος
631 2614 768 2678 ἄναξ
806 2616 1172 2685 χρησάμενος,
1230 2620 1323 2670 καί
1366 2619 1490 2669 xcv?
1545 2618 1712 2686 ἄμφω

133 2700 251 2752 τῶν
273 2699 368 2752 δύο
388 2741 402 2764 ,
423 2699 521 2771 τὴν
551 2702 983 2772 αὑτοκρατορίαν
1002 2706 1029 2756 ό
1045 2705 1250 2773 ἕτερος,
1343 2704 1397 2757 δὲ
1444 2704 1541 2775 τὴν
1577 2708 1711 2759 Kai-

131 2794 307 2863 σαρος
336 2792 501 2863 τιμὴν
528 2794 666 2865 πρὸς
699 2796 926 2856 ἑαυτοὺς
952 2797 1354 2865 ἀμφεπὸμενοι,
1381 2798 1443 2850 ού
1481 2801 1704 2868 μικρὸν,

130 2884 220 2945 ὡς
238 2885 342 2937 οὐκ
364 2884 553 2954 ᾤοντο,
583 2886 683 2957 τὴν
714 2885 833 2939 κατ’
854 2886 1099 2957 ἀλλήλων
1121 2888 1230 2939 τῶν
1265 2888 1500 2956 γνωμῶν
1528 2888 1708 2940 ἐντεῦ-

133 2974 230 3027 θεν
270 2974 351 3045 τῷ
385 2976 611 3046 ὑπηκόῳ
652 2976 916 3046 σύγχυσιν
942 2979 1377 3048 κατειργάσαντο
1407 2995 1419 3008 °
1453 2980 1579 3043 τοὺς
1608 2981 1703 3035 τοῦ

133 3066 270 3119 Θεοῦ
300 3067 499 3137 νόμους
533 3068 619 3136 ἐφ’
647 3070 873 3135 ἑαυτοὺς
902 3069 1351 3138 καθυϐρίσαντες.

1819 502 2158 572 impinguare
2186 501 2375 571 possit.
2394 518 2510 557 eam
2536 508 2892 587 quantitatem
2917 505 3239 579 sumpsisse,
3266 520 3387 575 quas

1817 594 1991 663 ventri
2021 592 2292 663 explendo
2324 596 2491 650 eSSet.

1888 681 2029 747 Huic
2070 698 2200 753 ergo
2235 685 2288 737 in
2336 688 2620 754 prtesentia
2669 689 2946 760 pontiﬁcis
2976 689 3166 744 relicto
3204 704 3385 761 grege,

1816 776 2005 830 exiens
2035 777 2117 830 vir
2144 779 2547 839 sanctissimus,
2582 781 2633 833 in
2668 783 2895 851 prrefato
2935 784 3139 839 resedit
3169 781 3387 837 Firmo-

1816 867 1957 937 polis
1988 866 2250 938 hospitio.
2277 868 2488 940 Quippe
2520 871 2621 925 luci
2656 888 2778 927 eum
2816 873 3105 928 delectatio
3139 874 3378 947 tenebat,

1816 973 1939 1011 cum
1965 960 2075 1025 ille,
2108 962 2286 1017 mores
2320 963 2504 1032 potius
2528 980 2760 1032 quorum
2792 981 2956 1020 causa
3001 966 3157 1022 locus
3204 967 3387 1021 studio

1813 1058 1980 1111 esset,
2012 1050 2238 1119 adipisci
2286 1052 2658 1107 contenderet.
2696 1054 2962 1108 Caeterum
3017 1056 3105 1110 ubi
3156 1055 3389 1126 inclytus

1819 1137 2163 1207 Sophronius
2193 1140 2354 1195 annis
2403 1153 2643 1211 quatuor
2677 1144 2935 1210 prwclare
2994 1130 3385 1201 monasterium

1802 1230 2083 1298 auxisset,
2109 1247 2172 1286 ac
2214 1233 2450 1287 solertia:
2499 1235 2803 1302 prtBtItittlIt,
2842 1236 3107 1290 bonorum
3162 1238 3387 1307 (φοι-μηδι

1816 1320 2031 1377 divitias
2079 1336 2407 1378 consecutus
2468 1336 2612 1383 esset
2648 1367 2662 1390 ,
2715 1310 2913 1397 dieque
2963 1314 3121 1383 tertia
3183 1320 3389 1383 mensis

1816 1408 2138 1468 Novembris
2180 1415 2245 1468 ad
2277 1416 2563 1470 Dominum
2603 1418 2913 1488 migrasset,
2938 1418 3116 1474 Patris
3144 1430 3391 1473 amantes

1820 1503 2094 1567 monachi,
2147 1522 2270 1560 cum
2328 1509 2468 1560 ultra
2518 1506 2701 1563 Sancti
2759 1511 3063 1565 absentiam
3106 1511 3251 1571 ferre
3282 1526 3388 1565 non

1819 1605 2062 1663 possent,
2098 1599 2376 1667 prOpritttn
2412 1601 2532 1667 ejus
2556 1602 2756 1671 quietis
2784 1603 3086 1673 hospitium
3120 1611 3387 1673 petentes,

1817 1701 2055 1755 eumque
2090 1704 2276 1744 rursus
2315 1701 2568 1761 tanquam
2603 1695 2837 1748 filiorum
2870 1684 3147 1750 amantem
3175 1695 3241 1749 ad
3276 1710 3390 1749 sns-

1746 1762 1785 1815 B
1816 1780 2121 1845 cipiendam
2154 1782 2534 1850 praefecturam
2568 1796 2846 1855 cogentes.
2876 1786 2944 1842 ad
2968 1788 3383 1857 monasterium

1817 1872 2126 1929 duxerunt:
2164 1875 2321 1945 isque
2371 1878 2587 1933 interim
2655 1888 2878 1949 paterna
2929 1879 3126 1950 pietate
3161 1882 3212 1935 in
3260 1880 3388 1937 filiis
3436 1882 3477 1935 ,“

1818 1966 2064 2034 quotidie
2086 1965 2395 2023 laatabatur.

1887 2054 2025 2109 Cum
2053 2057 2233 2127 itaque
2255 2052 2407 2127 juxta
2439 2059 2676 2115 nominis
2724 2062 2996 2117 rationem
3028 2061 3233 2117 Christi
3268 2081 3389 2117 mu-

1818 2163 1923 2203 nus
1976 2149 2108 2203 illud
2169 2148 2428 2206 Ecclesia:
2468 2167 2829 2217 concessum,
2878 2153 3100 2219 Christi,
3137 2155 3385 2224 inquam,

1817 2253 2029 2301 amans,
2049 2255 2112 2294 ae
2127 2242 2543 2310 religiosissima
2560 2234 2871 2311 impcratrix
2896 2285 2909 2307 ,
2932 2256 2959 2297 a
2978 2242 3237 2299 Michaeio
3256 2245 3387 2311 lilio,

1820 2329 1910 2383 tibi
1940 2330 2051 2399 jam
2098 2331 2188 2385 ille
2228 2332 2472 2406 infantia:
2496 2333 2793 2387 balbutiem
2824 2334 3132 2402 abjecisset.
3166 2336 3232 2388 ab
3260 2338 3385 2390 aula

1816 2421 2024 2490 dejecta
2074 2434 2248 2491 esset;
2282 2440 2403 2478 cum
2448 2424 2708 2478 nimirum
2741 2442 2914 2480 novus
2948 2428 3241 2496 imperator
3270 2445 3387 2482 Ina-

1815 2512 1924 2566 lum
1967 2515 2339 2571 consiliarium
2385 2517 2613 2571 Bardam
2674 2517 2977 2572 Theudor-aa
3019 2519 3241 2573 fratrem
3284 2522 3387 2575 sibi

1814 2605 2170 2672 adhibuisset,
2229 2608 2500 2676 amboqne
2554 2610 2625 2663 ita
2690 2612 3036 2678 retnp.'inter
3091 2628 3152 2667 se
3207 2617 3387 2683 partiti

1811 2704 2015 2760 essent,
2052 2697 2264 2749 utaltcr
2297 2698 2611 2764 imperium,
2647 2699 2789 2751 alter
2818 2700 3050 2753 (La-saris
3079 2700 3181 2753 sibi
3217 2702 3389 2755 bono-

1808 2804 1927 2840 .rem
1957 2787 2301 2854 vendicarct;
2332 2802 2440 2841 non
2468 2790 2720 2858 exiguam
2756 2789 2884 2843 imle
2916 2790 3167 2859 subjecto
3189 2794 3387 2861 populo

1812 2880 2150 2933 voluntatum
2194 2881 2246 2934 in
2282 2882 2516 2935 invicem
2565 2880 2971 2946 Confusionem,
3000 2899 3108 2951 qua
3151 2900 3259 2937 non
3294 2900 3386 2953 pti-

1812 2975 1997 3027 tabant
2025 2960 2281 3039 ratione,
2315 2976 2391 3027 in'
2410 2990 2468 3029 se
2500 2974 2601 3044 ipsi
2648 2976 2861 3029 divinas
2893 2974 3043 3045 leges
3082 2977 3374 3043 violantes,

1812 3064 2077 3118 fecerunt.

219 3161 280 3212 ὐ
310 3122 411 3251 μέν
435 3122 544 3231 γαρ
574 3122 718 3230 αίρει
751 3122 867 3230 τήν.
896 3152 1067 3232 ὀφρῦν
1086 3122 1250 3213 ⁸κατὰ
1278 3124 1376 3230 τῆς
1409 3122 1610 3232 μητρόξ
1636 3177 1649 3190 ·
1680 3164 1706 3215 6

1884 3155 1975 3209 Ille
2028 3157 2296 3224 siquidem
2341 3156 2692 3226 supercilium
2723 3158 2861 3212 tollit
2892 3158 2945 3210 in
2987 3166 3251 3225 matrem,
3295 3160 3385 3214 hic

135 3250 213 3316 δὲ,
246 3250 384 3322 προς
419 3251 612 3323 τούτῳ,
646 3252 740 3303 καὶ
784 3251 864 3313 είς
913 3251 1083 3320 αὐτὴν
1115 3251 1213 3320 τὴν
1257 3250 1418 3317 φύσιν
1461 3251 1705 3320 ἐξήμαρ-

132 3359 249 3406 τεν,
286 3342 427 3413 ὑπὲρ
450 3342 547 3412 τὴν
584 3341 748 3410 φύσιν
775 3340 874 3411 τὴν
931 3341 1133 3409 πρᾶξιν
1171 3340 1458 3410 σχεδιάσας
1487 3340 1584 3409 τῆς
1610 3340 1710 3409 φύ-

138 3450 297 3497 σεως.
325 3435 469 3505 Ὅρα
499 3435 605 3504 γὰρ
636 3434 697 3487 τδ
716 3434 993 3503 ἐσόμενον.
1025 3435 1180 3487 Κατὰ
1205 3434 1313 3501 γὰρ
1339 3432 1438 3500 τῆς
1466 3431 1558 3485 τοῦ
1591 3432 1708 3485 υίοῦ

139 3526 328 3595 κοίτης
365 3528 393 3577 6
443 3527 659 3595 Καῖσαρ
712 3525 923 3594 Βάρδας
962 3524 1296 3593 παρανόμως
1352 3524 1638 3593 ὲπιμανεὶς
1682 3528 1709 3578 6

135 3616 671 3685 ταλαίπωρος,ξένος
702 3617 956 3679 σύνευνος
987 3616 1124 3685 πρὸς
1154 3619 1217 3685 τῇ
1246 3617 1349 3686 ibi;
1376 3615 1583 3687 νύμφῃ,
1612 3618 1703 3669 καὶ

136 3708 449 3778 ὲτερόμοιον
492 3706 684 3775 ζεῦγος
734 3707 848 3777 (‘28)
906 3706 1295 3776 ἐκσακχευθεὶς
1346 3708 1698 3776 ἑγνωρίζετο.

219 3801 278 3853 ⁸0
337 3798 431 3854 οὖν
471 3801 565 3853 τοῦ
615 3801 751 3853 Θεοῦ
795 3800 1106 3871 ἀρχιερεὺς,
1163 3800 1254 3852 καὶ
1295 3798 1388 3852 τοῦ
1444 3800 1703 3869 Θεοφὸρου

136 3893 444 3961 ὲπὼνυμος,
474 3892 546 3955 ὡς
574 3886 686 3945 οἷόν
722 3909 780 3944 τε
818 3882 967 3944 τουτὶ
997 3892 1057 3944 τὸ
1086 3892 1270 3960 δρᾶμα
1306 3889 1705 3960 διορθώσασθαι

138 3983 611 4054 προμηθούμενος,
643 3982 706 4037 οὖ
725 3983 1093 4053 διελίμπανεν,
1134 3982 1321 4054 ὥσπερ
1350 3976 1415 4051 Eii
1450 3982 1543 4034 τοῦ
1568 3982 1705 4053 Θεοῦ

141 4076 324 4144 νόμος,
352 4074 861 4147 ὑπο[μι]μνὴσκων,
894 4074 1230 4147 παρακαλῶν
1255 4116 1268 4137 ,
1299 4073 1564 4127 νουθετῶν
1597 4091 1610 4104 ·
1647 4075 1707 4125 ἐκ

138 4167 342 4219 τούτων
403 4166 640 4230 ἐλπίζων
688 4168 787 4235 τὴν
840 4167 1082 4236 ἐκκοπὴν
1124 4166 1216 4219 τοῦ
1249 4166 1453 4235 μύσους
1488 4160 1706 4229 πάντως

138 4240 488 4329 ᾖενήσεσθαι.
521 4260 659 4313 Ἀλλ’
681 4261 708 4312 ό
732 4260 828 4328 τῆς
853 4262 1167 4329 παρανόμου
1197 4258 1395 4328 μίξεως
1434 4258 1575 4326 ἔρως
1605 4258 1705 4310 ούκ

139 4354 219 4404 εία
278 4351 373 4403 τὸν
418 4351 647 4403 ἐλεεινὸν
701 4351 972 4421 ἀνανῆψαι
1025 4351 1084 4403 τὸ
1143 4349 1379 4403 σύνολον.
1418 4349 1563 4419 Πλὴν
1628 4348 1705 4411 ὡς

1816 3254 2072 3312 praeterea
2098 3248 2151 3300 in
2176 3249 2346 3316 ipsam
2376 3263 2591 3316 quoque
2618 3257 2867 3301 naturam
2886 3250 3151 3317 peccavit,
3176 3259 3382 3303 natura:

1814 3337 2086 3391 actionem
2140 3349 2342 3393 temere
2396 3328 2668 3407 usurpans
2706 3349 2899 3394 contra
2937 3328 3207 3395 naturain.
3247 3341 3382 3400 Vide

1786 3428 1955 3497 _enim
2008 3430 2136 3499 quid
2187 3440 2488 3500 gereretur.
2525 3429 2816 3493 Nimirum,
2847 3432 3174 3487 miserabilis
3202 3433 3381 3489 Caesar

1814 3520 2042 3587 Bardas,
2075 3524 2337 3578 adversus
2386 3525 2479 3577 lilii
2534 3525 2749 3579 thorum
2807 3512 3038 3579 sceleste
3078 3527 3379 3592 insaniens,

1814 3629 1988 3667 novus
2022 3617 2216 3680 conjux
2250 3632 2373 3670 cum
2408 3606 2627 3687 propria
2666 3619 3211 3689 sponsa,jugumque
3242 3624 3381 3676 alte-

1816 3706 1929 3769 rius
1962 3707 2158 3761 similis
2187 3724 2248 3761 ac
2282 3708 2375 3761 filii
2410 3712 2734 3778 perturbans
2760 3713 3107 3765 noscebatur.

1881 3797 1973 3850 Dei
2020 3812 2149 3867 ergo
2197 3799 2458 3866 pontifex,
2515 3810 2679 3869 atque
2750 3802 3070 3861 a‘Deifero.
3159 3820 3375 3871 magno,

1810 3889 2053 3958 inquam,
2083 3889 2311 3958 lgnatio,
2339 3905 2533 3944 nomen
2566 3892 2768 3945 habens
2813 3892 2864 3945 id
2918 3892 3179 3947 facinoris
3213 3909 3377 3963 quam

1812 3979 1924 4033 fieri
1958 3993 2160 4050 posset,
2181 3982 2457 4051 corrigere
2487 3982 2733 4049 studens,
2767 3993 3048 4048 constans,
3082 4002 3147 4038 ex
3177 3986 3376 4041 divitia:

1812 4073 1944 4141 legis
1976 4074 2289 4142 praescripto
2317 4074 2518 4143 jugitcr
2535 4073 2878 4138 admonebat,
2914 4075 3257 4141 obsecrabat,
3297 4078 3379 4130 in—

1809 4167 2148 4234 crepaliat“,
2171 4182 2397 4234 sperans
2424 4167 2535 4219 fore
2563 4176 2618 4219 ut
2642 4183 2701 4220 ea
2730 4168 2938 4221 ratione
2959 4169 3377 4224 sci-lusomnino

1810 4256 2243 4309 exscinderetur.
2315 4256 2467 4309 llaud
2516 4258 2660 4309 enim
2732 4273 2861 4310 vero
2922 4258 3121 4325 iniqua:
3173 4260 3380 4327 Copula:

1811 4362 1967 4419 amor
1990 4347 2288 4415 quidquam
2337 4348 2590 4399 miserum
2634 4350 2699 4399 ad
2754 4348 2962 4416 frugem
2987 4349 3262 4401 meliorem
3295 4366 3379 4401 re-

138 4439 238 4493 εἷδε
288 4445 637 4510 ἐκκεκυφότα
692 4445 803 4514 (‘29)
867 4443 957 4496 τὸν
984 4442 1187 4506 ἄθλιον,
1219 4443 1313 4495 καὶ
1366 4438 1552 4492 δοῦλον
1604 4441 1699 4507 τῆς

1815 4437 1922 4491 dite
1950 4436 2180 4491 sinebat.
2212 4436 2607 4491 (Ia-terumubi
2632 4453 2786 4491 sacer
2823 4440 3063 4507 pontifex
3096 4441 3371 4494 hominem

204 4600 247 4630 ²⁶
276 4600 316 4652 ll
345 4598 482 4652 Tim.
528 4615 600 4659 tv,
631 4598 683 4651 ‘2.

1302 4716 1544 4770 FRANC.
1571 4714 1957 4770 COMBEFISII
1988 4713 2216 4769 NOTAE.

206 4834 461 4927 (28)“):
504 4857 698 4917 rarior,
729 4854 821 4908 sed
851 4870 956 4923 qua
992 4854 1351 4927 maximarﬁlii
1387 4832 1457 4906 ad
1484 4864 1690 4922 patri-nt

141 4925 483 4983 itcCessittitlo
514 4929 651 4981 bene
682 4927 1039 4991 exprimatur,
1083 4926 1173 4993 qui
1208 4926 1279 4977 sit
1304 4925 1441 4976 alter
1470 4940 1694 4992 prorsus

139 4998 351 5057 similis,
378 5013 440 5049 ac
466 4998 613 5050 velut
648 4997 783 5050 alter
809 4996 941 5063 ipse,
978 5010 1139 5061 quant
1186 4995 1531 5046 incestuosus
1567 4994 1695 5045 Bar-

140 5070 232 5123 das
256 5068 715 5120 necessitudinem
753 5066 989 5133 pessimo
1016 5066 1263 5133 exemplo
1293 5064 1518 5129 violatis.
1547 5063 1698 5130 justo

142 5141 245 5192 zelo
266 5138 337 5189 ab
364 5136 571 5203 lgnatio
594 5146 875 5201 correptus
897 5148 1002 5196 est,
1030 5150 1091 5187 ac
1116 5136 1333 5187 tandem
1362 5134 1697 5203 proscriptus

141 5227 165 5259 a
198 5201 435 5261 fidelium
469 5216 636 5268 creto,
703 5214 891 5273 negata
929 5205 1141 5273 publice
1178 5206 1397 5270 publico
1431 5201 1700 5267 t-eCCattiti

141 5288 285 5332 sacra
341 5276 696 5336 eucharistia,
740 5291 1054 5342 quanquam
1116 5276 1283 5327 sciret
1335 5276 1415 5325 vir
1450 5283 1699 5331 sanctus,

146 5358 342 5416 quanta
380 5347 504 5416 inde
534 5346 763 5397 creanda
795 5346 869 5396 illi
919 5348 1092 5397 forent
1123 5346 1285 5397 tnala.
1322 5343 1449 5416 Erat
1492 5344 1700 5410 utique,

142 5414 223 5483 qui
250 5432 359 5471 non
385 5415 620 5467 animam
642 5429 818 5469 suam.
842 5430 896 5466 se
920 5416 1293 5483 pretiosiorem
1325 5414 1525 5465 faceret
1550 5429 1563 5473 ;
1606 5428 1705 5465 nec

144 5488 271 5542 forte
309 5502 527 5548 eorum,
579 5486 670 5549 qui
718 5484 864 5550 ptavi
933 5487 1117 5551 aliqtto
1186 5494 1366 5541 metu,
1423 5483 1697 5547 publicum

146 5568 479 5621 peccator-cm
504 5555 712 5622 publice
731 5560 997 5619 petentem
1024 5553 1379 5606 sacramentis
1400 5552 1696 5619 impertire,

148 5628 275 5680 haud
312 5627 568 5679 iiIiCilUlll
600 5622 811 5676 seclusi)
847 5624 1107 5676 seandalo
1134 5624 1485 5675 arbitrantur.

210 5697 317 5766 p529)
380 5695 455 5747 Ita
510 5682 788 5762 Aristoph.
840 5695 891 5744 in
942 5691 1136 5761 Vespis,
1172 5694 1320 5746 κάτω
1366 5693 1610 5754 κύπτειν,
1646 5692 1699 5744 in

375 5788 650 5848 ΡΑΤιιυι..
688 5790 797 5847 Gn.
832 5790 953 5851 CV.

1798 4852 2099 4924 pertinacia
2141 4853 2365 4906 notavit.
2406 4850 2567 4924 Forte
2607 4854 2733 4919 quia
2764 4867 2935 4906 senes
2968 4860 3081 4907 toto
3109 4846 3220 4922 jam
3255 4870 3377 4911 cor-

1805 4922 1934 4991 pore
1966 4924 2195 4985 incurvi,
2234 4938 2314 4993 eo
2342 4922 2553 4976 St)l.t':llll.
2602 4937 2724 4993 esse
2770 4924 2949 4990 genio,
3016 4934 3076 4976 ut
3115 4926 3376 4993 propositi

1803 4995 2110 5046 tenaciores
2141 4996 2268 5045 sint.
2304 4991 2577 5045 lllnstrant
2611 4992 2713 5062 ista
2751 5008 2814 5044 ea
2846 5009 2966 5059 qme
3018 4991 3243 5062 scripsit
3290 4996 3381 5048 Ni-

1802 5074 1951 5115 cetas
1984 5065 2035 5115 in
2074 5062 2190 5114 Vita
2235 5063 2445 5129 Ignotii,
2486 5063 2560 5113 uti
2618 5070 2672 5113 et
2706 5061 2805 5115 ista
2847 5064 2951 5115 illis
3006 5061 3373 5117 illustrantur.

1804 5134 2047 5185 Annotat
2075 5134 2163 5185 ille
2201 5134 2365 5194 diem,
2401 5147 2508 5199 qtto
2537 5131 2738 5184 Bardas
2778 5148 2897 5184 eam
2932 5133 2998 5185 ab
3045 5133 3253 5200 lgnatio
3292 5150 3375 5185 re-

1807 5205 2015 5269 pulsam
2043 5218 2238 5270 passus
2278 5214 2380 5265 (κει,
2450 5215 2641 5268 nempe
2693 5201 3117 5269 Epiphaniurunt
3149 5240 3160 5260 ,
3214 5201 3371 5266 cujus

1807 5272 2191 5339 antiquissima
2233 5272 2419 5337 religio
2458 5279 2561 5329 est,
2596 5281 2650 5320 Ill
2699 5274 2782 5322 vix
2821 5272 3166 5323 Christianus
3199 5270 3366 5322 habe-

1808 5351 1982 5401 retur,
2019 5342 2108 5405 qui
2154 5342 2325 5394 sacris
2356 5341 2791 5392 Christianorum
2838 5345 2940 5393 sub
2985 5343 3047 5392 iis
3090 5339 3369 5392 sniemniis

1811 5426 1916 5462 non
1968 5412 2301 5465 interesset:
2356 5410 2440 5461 cui
2472 5410 2543 5461 rei
2578 5422 2902 5475 argumento
2949 5420 3030 5463 est
3058 5449 3071 5471 ,
3115 5411 3259 5473 quod
3316 5410 3369 5461 in

1814 5479 2057 5543 Valente,
2103 5483 2263 5549 inque
2307 5480 2520 5549 Juiiano
2555 5482 2816 5547 Augusto,
2868 5482 3037 5531 altero
3068 5478 3368 5549 erbafetlf,

1808 5551 1979 5602 altero
2018 5552 2069 5603 in
2103 5546 2311 5613 Galliis,
2348 5546 2787 5616 ‘EpipltattiOI'tItIt
2844 5566 2998 5601 SM‘I'U
3048 5548 3135 5600 die
3186 5560 3364 5602 aetum

1808 5628 1911 5671 est.
1949 5620 2103 5685 Quod
2126 5623 2196 5674 ita
2230 5621 2286 5672 S.
2321 5620 2557 5687 lgnatius
2585 5617 2803 5689 Martyr,
2843 5636 2901 5671 ac
2929 5620 3117 5671 tertius
3152 5634 3178 5669 a
3207 5616 3367 5672 Petro

1808 5692 2183 5747 Antiocbcnus
2235 5690 2543 5759 cpiscopus,
2582 5690 2699 5741 act-.3
2730 5688 2951 5759 ἐξοχὴν,
2992 5703 3055 5741 ae
3108 5688 3363 5756 peculiari

2957 5781 3037 5841 29
