3926 6308
28 54 129 179 ..ἲ

77 451 195 515 913

1222 455 1396 515 VITA
1436 456 1492 515 S.
1534 455 1836 518 NICOLAI
1875 455 2239 524 STUDlT/E.

3204 452 3306 515 9H

75 563 320 629 δέσμιος
344 563 494 617 ἔνθεν
516 564 628 618 dub
656 563 748 620 τοῦ
804 563 1076 635 Καίσαρος
1127 565 1262 634 πρὸς
1321 567 1418 636 τὴν
1468 567 1659 621 ἑαυτοῦ

1782 569 1931 638 psius
1952 568 2226 622 reducitur
2258 566 2660 629 monasterium,
2682 564 3012 634 praebitoque
3035 561 3189 616 Sabm
3206 572 3318 615 tra-

85 652 272 721 μονὴν
300 655 648 721 ἐπανάγεται,
678 655 767 707 καὶ
805 653 883 723 τῷ
911 655 1268 726 προῤῥηθέντι
1290 656 1436 725 Σάὁᾳ
1482 674 1660 726 παρα-

77 745 275 806 δοθεὶς
303 786 320 809 ,
387 747 713 816 ἐμφρούριος
770 747 1254 800 ἐναποκαθίσταται
1293 748 1384 799 ἐπὶ
1445 749 1536 801 δύο
1567 751 1657 817 ἔτη

78 832 460 900 ἁπρονόητος,
496 837 552 885 ἐν
574 835 798 904 τηρήσει
818 835 980 904 πολλῇ
999 837 1500 904 διαφυλαττόμενος.
1523 840 1660 891 Ἀλλ’

81 922 293 991 ἐπειδὴ
339 929 396 977 at
423 924 539 977 τῶν
564 925 921 992 ἁμαρτωλῶν
945 928 1070 996 ὁδοὶ
1099 928 1416 992 σκοτειναὶ,
1444 930 1537 982 καὶ
1554 932 1664 984 οὐκ

81 1011 454 1091 οἶδασιξπῶς
480 1017 969 1081 προσκόπτουσιν
995 1035 1011 1050 ο
1046 1018 1128 1070 ίνα
1153 1021 1272 1071 κατ’
1331 1019 1495 1088 ἄμφω
1553 1024 1665 1074 τοῖν

80 1102 242 1154 δυοῖν
284 1105 585 1173 Καισάροιν
641 1107 743 1160 ὑπὸ
774 1107 866 1160 τοῦ
906 1108 1050 1161 ὁσίου
1104 1110 1468 1180 προφητευθὲν
1515 1112 1666 1175 τέλος

81 1195 606 1264 προκαταλάϐηται,
635 1199 725 1251 ἐπὶ
746 1201 966 1269 Κρήτην
991 1202 1017 1252 6
1056 1199 1188 1266 ἄναξ
1233 1203 1445 1274 Μιχαὴλ
1473 1205 1566 1258 σὶν
1589 1205 1664 1275 τῷ

84 1285 346 1356 Καίσαρι
387 1290 528 1341 κατὰ
581 1289 670 1343 τοῦ
716 1291 939 1360 Ἰσμαὴλ
971 1293 1419 1361 ἐκστρατεύουσιν
1441 1312 1453 1326 ·
1486 1283 1664 1348 ἐκεῖσέ

80 1393 145 1429 τε
169 1380 326 1431 κατὰ
352 1380 449 1448 τὴν
477 1380 593 1431 ὁδὸν
624 1382 978 1451 ἐπιμανέντες
1007 1382 1252 1453 ἀλλήλοις
1285 1385 1384 1454 (55
1404 1385 1444 1455 ),
1469 1388 1496 1438 6
1524 1389 1662 1440 Καῖ-

87 1483 200 1534 σαρ
261 1468 668 1533 ἐπιδουλευθεὶς
717 1471 965 1535 ἐλεεινῶς
1005 1476 1060 1525 ἐν
1115 1476 1357 1547 μαχαίρᾳ
1410 1477 1665 1546 διαμεριέ

87 1560 248 1621 σθεὶς
281 1563 742 1628 κατασφάττεται.
881 1565 936 1616 δὲ
986 1565 1346 1635 ὑποστρέψας.
1406 1571 1465 1620 οὐ
1528 1568 1666 1635 μετὰ

87 1649 232 1702 πολὺ
273 1653 366 1702 καὶ
385 1652 542 1714 αὐτὸς
563 1652 757 1722 ἐπίσης
779 1654 970 1724 ἐκείνῳ
1000 1655 1096 1725 τῆς
1125 1657 1290 1725 ὀργῆς
1314 1657 1372 1710 τὸ
1410 1659 1665 1728 ποτήριον

88 1741 361 1796 πέπωκεν
381 1783 396 1806 ,
429 1744 488 1797 ἐν
506 1747 600 1798 καὶ
628 1744 686 1797 τδ
716 1746 846 1798 αὐτὸ
868 1747 1018 1810 τέλος
1041 1746 1179 1799 κατὰ
1207 1748 1305 1816 τὴν
1331 1745 1423 1800 τοῦ
1455 1748 1666 1802 δικαίου

89 1835 368 1904 πρότασιν
397 1836 782 1906 ἐφευράμενος.

1765 659 1931 722 ditus,
1946 658 1996 710 in
2012 673 2226 711 carcere
2239 657 2302 709 ad
2323 657 2616 721 biennium,
2637 657 2868 708 maximo
2883 652 3316 720 corporis‘negle-

1764 759 1875 812 ctu,
1909 749 2259 817 diligentique
2292 747 2576 799 admodum
2603 748 2868 808 custo-lia,
2917 756 3148 798 trnctur.
3177 742 3316 807 Quia

1766 840 2116 894 nihilominus
2132 839 2560 906 peccatorumvim
2581 838 2855 889 tettebt'osn'
2879 845 3021 898 sunt,
3040 852 3128 887 nec
3148 837 3317 888 sciunt

1763 931 2018 1002 quomodo
2048 931 2314 998 offendunt
2347 930 2412 960 ’³⁸
2437 947 2450 991 ;
2474 944 2578 996 quo
2615 929 2732 981 linis
2755 944 2782 980 a
2837 927 3036 980 Sancto
3095 926 3146 978 in
3181 926 3319 978 duos

1762 1024 2000 1079 Czcsares
2019 1021 2543 1091 praznuntiatustunc
2561 1020 2692 1086 prim
2703 1036 2787 1070 um
2802 1016 3320 1085 occuparet,junctis

1763 1115 2244 1183 copiisimperator
2271 1110 2495 1163 Michael
2515 1124 2576 1162 ac
2597 1107 2791 1169 Cmsar,
2814 1110 2864 1160 in
2894 1108 3105 1162 Cretam
3133 1106 3321 1160 adver-

1765 1223 1858 1260 sus
1889 1205 2166 1260 lsmaelem
2203 1202 2498 1257 exercitum
2527 1199 2792 1253 educunt:
2839 1207 3062 1265 tumque
3119 1198 3171 1248 in
3236 1197 3318 1248 via

1767 1309 1953 1351 mutuo
1978 1298 2030 1349 in
2057 1311 2114 1350 se
2146 1294 2326 1348 furore
2343 1291 2626 1347 concitatis
2647 1329 2659 1352 ,
2690 1289 2869 1342 Caesar
2891 1287 3101 1340 insidiis
3121 1287 3322 1355 appeti-

1767 1397 1874 1450 tus,
1897 1387 2092 1442 misere
2121 1386 2297 1455 gladio
2325 1381 2907 1450 dissectusjugulatur.
2942 1377 3209 1429 Reversus
3230 1391 3324 1428 au-

1768 1487 1870 1532 tem
1905 1478 2014 1543 ille,
2063 1477 2210 1531 brevi
2241 1486 2295 1530 et
2329 1477 2441 1543 ipse
2498 1473 2718 1542 perinde
2761 1471 2983 1524 calicem
3032 1466 3122 1519 ira'
3170 1465 3322 1524 bibit,

1768 1587 1933 1624 unum
1967 1570 2341 1638 eumdemque,
2362 1568 2512 1634 juxta
2538 1566 2680 1635 quod
2705 1564 2782 1617 vir
2805 1561 2985 1631 justus
3002 1557 3320 1629 pronuntia-

1770 1672 1871 1728 rat,
1905 1663 2185 1718 inveniens
2225 1661 2402 1714 linem.

165 1926 286 1978 Καὶ
318 1911 516 1989 εύθέὼς
547 1928 805 1995 ὁΚαῖσαρ
845 1927 1115 1990 Βισίλειος
1148 1927 1213 1982 τὰ
1237 1928 1344 1980 τῶν
1381 1927 1667 1997 Ῥωμαίων

1841 1934 1960 1990 Mox
1994 1914 2124 1988 vero.
2146 1934 2374 1988 Basilius
2394 1932 2572 1986 Caesar
2598 1931 2828 1986 Romani
2867 1928 3077 1998 imperii
3110 1939 3325 1997 sceptra

94 2018 360 2086 σκῆπτρα
393 2018 856 2088 μεταχειρίζεταιο
883 2019 938 2082 ὃς
973 2019 1121 2090 ἱερὰν
1153 2019 1402 2087 γενέσθαι
1455 2019 1670 2073 σύνοδον

93 2110 676 2180 παρακελευσάμενος,
716 2110 854 2180 μετὰ
893 2111 952 2164 τὸ
993 2111 1286 2166 ἀποδοῦναι
1339 2113 1431 2164 τὸν
1471 2114 1670 2165 οἰκεῖον

96 2200 200 2269 τῆς
269 2201 679 2270 ἀρχιερωσύνης
711 2201 896 2271 θρόνον
953 2202 1041 2254 τὸν
1103 2203 1359 2273 θεοφόρον
1413 2205 1671 2272 Ἰγνάτιον

95 2289 214 2360 [)p.
246 2290 328 2358 τῷ
364 2291 606 2361 θεοφόρῳ
657 2292 951 2363 Ἰγνατίῳ],
993 2295 1328 2363 ἐπιζητήσας
1354 2294 1445 2346 τὸν
1495 2295 1670 2348 κοινὸν

96 2381 261 2451 ἡμῶν
282 2383 517 2454 Πατέρα,
541 2384 633 2436 καὶ
646 2382 744 2452 τῆς
765 2385 1088 2454 Ἐκκλησίας
1108 2386 1368 2456 φωστῆρα
1385 2386 1667 2451 Νικόλαον,

98 2476 400 2542 κατασχεῖν
455 2475 754 2542 παρεκάλει
810 2474 906 2527 καὶ
945 2476 1107 2528 αὐτὸν
1151 2477 1212 2528 τὸ
1258 2478 1455 2530 οἰκεῖον
1503 2478 1668 2532 αὑτοῦ

102 2565 470 2633 μοναστήριον
496 2580 510 2593 ·
537 2566 989 2633 συμπρεσϐευτὴν
1049 2568 1108 2619 ἐν
1158 2567 1331 2638 τούτῳ
1417 2568 1550 2639 πρὸς
1573 2570 1670 2637 τὴν

101 2657 457 2725 παράκλησιν
510 2656 604 2710 καὶ
627 2655 716 2709 τὸν
744 2657 1003 2727 ἀρχιερέα
1053 2659 1465 2728 ἐπιφερόμενος.
1531 2659 1587 2712 Ὀ
1614 2660 1670 2712 δὲ

99 2747 378 2798 ἀπωθεῖτο
397 2747 496 2818 τὴν
527 2747 779 2820 τοιαύτην
818 2748 1126 2817 ἐγχείρησιν
1159 2746 1278 2818 Heg.
1310 2748 1668 2820 ἐγχείρισιν],

103 2838 203 2904 τήν
228 2853 288 2888 τε
312 2836 406 2889 τοῦ
446 2813 631 2907 ἧήρως
657 2813 984 2908 αδύναμίαν,
1010 2813 1102 2891 διαὶ
1129 2813 1247 2909 τξνιν⁷
1269 2813 1479 2891 ἐκ
1541 2813 1674 2907 προ-
1709 2871 1713 2876 ι

103 2928 472 2996 ηγησαμέπιων
522 2928 581 2980 ἐν
658 2929 806 2996 αὐτῷ
863 2929 1667 2999 συντριϐὴνπροδαλλὸμενος.

108 3018 314 3086 Ἔχεις
340 3035 432 3085 με,
477 3021 663 3088 φησὶν,
703 3015 1048 3083 ὦβασιλεῦ,
1080 3021 1201 3074 σὺν
1228 3021 1431 3087 πολλῇ
1452 3026 1669 3088 ,προθυ-

100 3108 229 3175 pla,
265 3109 342 3174 ὠς
372 3107 449 3161 ἂν
466 3110 755 3173 κελεύοις,
796 3111 946 3163 κατὰ
991 3110 1187 3164 πάντα
1232 3111 1312 3172 τῷ
1342 3111 1431 3176 σῷ
1459 3114 1674 3178 ὑπηρε-

106 3199 329 3254 τοῦντα
355 3202 831 3269 θωιῇματιοάλλὰ
861 3204 957 3256 καὶ
981 3204 1094 3271 τὴν
1123 3206 1468 3273 παρῤησίαν
1490 3222 1553 3257 τε
1575 3206 1669 3258 καὶ

107 3291 464 3359 ἀποστολὴν
482 3291 794 3347 ἀκώλυτον
819 3291 970 3347 εἶναι
991 3296 1468 3362 παρακελεύομαι
1492 3312 1504 3323 ·
1524 3295 1674 3363 μέγα

107 3379 318 3446 κέρδος
349 3381 701 3450 ἡγούμενος,
759 3384 825 3436 τὸ
877 3385 996 3438 ὑπὸ
1041 3385 1154 3453 τῆς
1192 3385 1314 3453 σῆς
1356 3387 1672 3453 ὁσιότητος

107 3469 536 3537 δηλοποεῒσθαί
557 3491 620 3528 τε
646 3476 740 3529 καὶ
771 3476 1256 3537 ἐπισκέπτεσθαι.
1297 3478 1386 3530 Ἐν
1415 3478 1620 3539 τούτοις
1648 3481 1675 3530 6

108 3562 240 3630 ἅναξ
271 3565 798 3638 φιλοφρονησάμενος
825 3567 914 3620 τὸν
936 3571 1224 3639 μακάριον,
1249 3569 1341 3622 καὶ
1355 3570 1544 3632 πείσας
1577 3571 1674 3637 τὴν

114 3657 244 3709 ιδίαν
268 3657 833 3726 ἁρχὴνάναδέξασθαι,
899 3662 995 3711 σὺν
1051 3660 1286 3732 θυμηδίᾳ
1334 3661 1501 3731 πολλῇ
1562 3661 1668 3713 τῶν

1772 2023 2101 2080 moderanda
2137 2024 2393 2092 suscipit;
2420 2023 2724 2091 jubensque
2747 2035 2956 2076 sacram
3005 2020 3119 2074 fieri
3166 2035 3330 2089 syno-

1771 2117 1923 2183 dum,
1956 2125 2077 2184 post
2130 2115 2394 2170 redditam
2441 2114 2647 2182 lgnatio
2704 2112 3066 2181 pontiﬁcalem
3122 2112 3330 2174 sedem,

1771 2222 2018 2275 quaerens
2045 2221 2388 2260 communem
2419 2213 2666 2259 nostrum
2715 2204 2927 2258 Patrem
2965 2218 3029 2256 ac
3081 2201 3336 2256 Ecclesiae

1772 2301 1952 2354 lumen
1987 2287 2289 2360 Nicolaum,
2323 2297 2667 2358 obsecrabat,
2700 2304 2759 2349 ut
2783 2305 2836 2348 ct
2858 2296 2970 2362 ipse
3016 2291 3332 2347 monasterii

1772 2392 1855 2446 sui
1879 2407 2065 2447 curam
2095 2392 2377 2459 reciperet,
2402 2405 2506 2442 una
2531 2403 2714 2443 secum
2740 2386 3137 2442 obsecrationis
3163 2385 3335 2438 inter-
3366 2372 3376 2381 ”

1770 2498 2040 2538 cessarem
2067 2484 2375 2552 episcopum
2409 2481 2690 2536 adhibens.
2725 2481 2793 2532 At
2826 2479 2937 2540 ille,
2966 2476 3322 2532 commissum

1771 2589 1801 2626 a
1837 2588 1895 2627 se
1926 2568 2123 2626 munus
2158 2571 2428 2640 rejicieps,
2452 2587 2574 2624 ctnu
2610 2569 2814 2623 affecta:
2840 2567 3133 2621 senectutis
3161 2566 3332 2634 impov

1771 2661 1993 2714 tentiam
2028 2659 2374 2721 causabatur,
2403 2667 2515 2712 tum
2549 2658 2617 2710 ab
2649 2657 2734 2720 iis,
2761 2656 2853 2725 qui
2889 2656 2998 2709 illic
3054 2655 3338 2724 prml'ectu—

1773 2765 1887 2804 ram
1921 2748 2238 2816 gessissent,
2262 2747 2568 2802 exantlatos
2588 2745 2799 2800 labores
2843 2755 3010 2814 atque
3031 2744 3335 2797 molestias.

1779 2839 1974 2905 Habes,
2007 2840 2205 2908 inquit,
2257 2839 2567 2905 imperator,
2604 2836 2894 2889 ad'omnia
2951 2853 3068 2906 qua:
3117 2836 3342 2904 jusseris

1775 2931 1941 2986 multa
1968 2933 2245 2984 alacritate
2265 2940 2374 2984 tua:
2400 2932 2639 2983 devotum
2685 2931 2940 2983 voluntati
2966 2944 2984 2980 :
3027 2945 3199 2982 verum
3241 2947 3272 2981 α
3297 2939 3345 2983 te

1775 3038 1934 3075 unum
1992 3023 2086 3075 hoc
2143 3037 2289 3088 rogo,
2352 3003 2544 3074 ut‘vne
2597 3021 2893 3072 libertatem
2946 3034 3007 3071 ac
3076 3017 3344 3071 dimissio-

1774 3130 1890 3168 nem
1913 3131 2078 3167 meam
2112 3115 2396 3182 impedias;
2427 3115 2510 3167 cui
2537 3113 2713 3180 magni
2749 3112 2885 3164 lucri
2914 3110 3214 3178 compendio
3249 3127 3342 3163 nc-

1775 3209 1940 3272 cedat,
1960 3218 2014 3261 ut
2047 3225 2077 3260 α
2102 3217 2193 3259 ιιια
2223 3209 2500 3261 sanctitate
2529 3206 2832 3271 manifester
2851 3221 2912 3257 ac
2939 3215 3202 3273 protegat.
3239 3201 3344 3257 De-

1780 3313 1923 3350 mum
1957 3299 2250 3361 imperator
2272 3297 2530 3350 benevole
2558 3297 2732 3350 virum
2768 3281 2983 3349 beatum
3039 3295 3345 3362 excipiens,

1779 3405 1842 3443 ac
1879 3389 2208 3458 persuadens
2237 3389 2477 3456 pristinae
2506 3387 2840 3456 praefecturae
2887 3403 3088 3441 munus
3147 3385 3342 3439 ctiam-

1781 3495 1908 3532 num
1940 3479 2110 3543 obire,
2147 3479 2311 3532 multa
2336 3478 2500 3531 animi
2529 3479 2810 3546 voluptate
2832 3479 2898 3530 ab
2922 3478 3047 3531 aula
3080 3473 3288 3530 remisit
3317 3492 3332 3528 :

1780 3585 2091 3640 quanquam
2117 3571 2276 3624 ctiam
2324 3571 2388 3622 a:l
2419 3585 2478 3624 se
2525 3571 2772 3625 crebrius
2833 3570 3167 3633 accersebat,
3225 3566 3346 3637 ejus

1780 3659 2051 3730 impendio
2083 3660 2426 3727 simplicitate
2451 3660 2697 3715 alfectus.

113 3747 392 3816 βασιλείων
431 3749 830 3815 ἐξαπέστειλεν,
855 3753 902 3804 εί
935 3753 1027 3804 καὶ
1057 3752 1287 3822 μάλιστα
1320 3751 1652 3823 συχνοτέρως
1690 3752 1824 3821 πρὸς
1887 3751 2074 3804 ἐαυτὸν
2139 3750 2538 3820 μετεστέλλετο,
2579 3752 2839 3821 ἡδόμενος
2869 3751 3031 3804 αὐτοῦ
3064 3755 3129 3822 τῇ
3177 3751 3342 3804 ἀπλά-

111 3860 247 3913 τητι.

188 3936 330 3990 Ἀλλ’
351 3935 578 3996 ἐνταῦθα
613 3935 819 3990 δίκαιον
867 3937 1053 4008 ᾠήθην
1101 3938 1189 3992 διὰ
1231 3939 1496 4009 βραχέων,
1561 3941 1672 3999 τοῖς

114 4029 289 4093 πόνοις
316 4029 506 4083 τούτου
534 4029 632 4101 τὴν
658 4031 990 4101 ἐπικαρπίαν
1014 4034 1360 4102 προσενεῖραι
1381 4031 1459 4102 τῷ
1479 4031 1669 4100 διηγήυ

116 4136 260 4189 ματι,
321 4122 415 4174 καὶ
459 4122 628 4192 μικρά
678 4140 798 4174 τινα
862 4123 970 4174 τῶν
997 4123 1160 4175 αὑτοῦ
1192 4121 1487 4192 θαυμάτων
1539 4123 1672 4176 ὐπο-

119 4211 311 4280 μνῆσαι
340 4214 448 4274 τοῖς
480 4212 908 4282 ἐντυγχάνουσι·
961 4214 1038 4276 ὡς
1071 4214 1137 4267 ἂν
1196 4215 1379 4283 ἄρτιον
1435 4214 1522 4282 εἴη
1572 4214 1673 4283 τῆς

117 4299 440 4371 ὑςοηγήσεως
476 4303 537 4356 τὸ
572 4302 869 4372 ὠψέλιμον.
917 4303 978 4355 Εἰ
1025 4303 1134 4374 γὰρ
1156 4305 1249 4357 καὶ
1278 4305 1494 4372 σημεῖα
1547 4304 1673 4371 τοῖς

117 4397 407 4462 ἀπίστοις,
439 4396 513 4458 ὡς
543 4396 881 4476 γέγραπται·
911 4395 1026 4448 ἀλλ’
1047 4392 1138 4449 οὖν
1158 4398 1236 4460 είς
1270 4396 1493 4464 μείζονα
1517 4396 1672 4482 δόξαν

1848 3935 1948 3990 llic
1977 3935 2252 3989 enimvero
2284 3949 2461 4002 operae
2495 3933 2724 4003 pretium
2761 3935 2912 3999 duxi,
2941 3934 3081 3988 beati
3118 3935 3220 3988 viri
3268 3935 3348 3990 la-

1777 4028 2000 4082 boribus
2056 4027 2221 4081 etiatn
2253 4035 2650 4095 consequentes
2697 4026 2906 4080 fructus
2964 4026 3112 4080 breti
3157 4041 3345 4081 narra-

1773 4120 1917 4174 tioue
1946 4121 2288 4181 subnectere,
2320 4134 2383 4172 ac
2413 4133 2584 4187 pauca
2617 4118 2866 4186 qumdatu
2899 4118 3019 4187 ejus
3079 4120 3342 4174 miracula

1773 4210 2090 4265 Lectoribus
2121 4210 2419 4273 insinuare,
2450 4224 2558 4278 quo
2581 4207 2827 4262 absoluta
2852 4207 3119 4263 consistat
3148 4224 3341 4262 narra-

1780 4300 1942 4354 tionis
1972 4301 2192 4354 utilitas.
2229 4299 2549 4368 Quanquam
2581 4299 2724 4367 enim
2751 4299 2902 4369 signa
2929 4299 3244 4367 inﬁdelibus
3272 4300 3342 4362 ",

1775 4392 1930 4460 juxta
1969 4391 2114 4460 quod
2146 4389 2427 4459 Scriptura
2455 4389 2616 4442 habet
2651 4407 2664 4440 :
2703 4387 2967 4442 Dominus
3023 4396 3226 4450 tamen,
3278 4391 3347 4445 ad

117 4486 219 4538 τῶν
255 4486 423 4540 αὑτοῦ
450 4487 794 4558 θεραπόντων
821 4486 849 4537 6
883 4486 1106 4557 Κύριος,
1138 4487 1196 4538 ἐν
1222 4488 1330 4549 τοῖς
1361 4489 1570 4549 πιστοῖς
1601 4481 1670 4538 τὰ

1781 4484 2039 4552 majorem
2076 4482 2401 4536 famulorum
2423 4496 2646 4534 suorum
2674 4481 2924 4548 gloriam,
2951 4495 3141 4535 eorum
3183 4482 3350 4546 dona,

119 4576 245 4646 πρὸς
273 4579 593 4649 εὐεργεσίαν
619 4579 718 4647 τῆς
757 4579 970 4647 φύσεως
1001 4578 1242 4646 διανέμει
1290 4579 1493 4631 τούτων
1514 4579 1673 4648 χαρε-

120 4679 314 4732 σματω
355 4667 548 4720 οὐκοῦν
601 4666 1093 4737 μετἰεὑφροσύνης
1130 4667 1196 4720 τὰ
1245 4666 1337 4719 τοῦ
1362 4665 1673 4735 Πνεύματος

123 4754 416 4824 ἐξείπωμεν
449 4756 717 4826 θαύματα,

184 4848 412 4902 Εὐδοκία
438 4849 546 4919 γὰρ
583 4851 614 4920 η
646 4849 738 4902 τοῦ
774 4851 1118 4919 φιλοχρίστου
1176 4852 1425 4920 μέδοντος
1481 4850 1671 4903 σύνευ-

126 4954 225 5002 νος,
253 4941 390 4992 κατ’
415 4941 583 5006 αὐτὰς
634 4941 733 5004 τὰς
789 4943 1001 5013 ἡμέρας
1043 4943 1204 4995 πάθει
1238 4943 1403 5013 ,δεινῷ
1447 4943 1676 5013 περιπέ-

127 5045 292 5082 πτωκε
316 5043 334 5062 ⁶
367 5033 458 5085 καὶ
492 5033 592 5102 τῆς
637 5034 700 5086 ἐκ
754 5033 858 5086 τῶν
900 5034 1097 5104 ἰατρῶν
1135 5033 1404 5105 ἑπομένης
1429 5035 1678 5106 βοηθείας

128 5119 522 5191 ἐστέρητο,ἐπε1
544 5127 636 5179 καὶ
648 5125 715 5178 τὰ
737 5125 828 5178 τοῦ
848 5126 1049 5187 πάθους
1066 5124 1198 5193 πρὸς
1220 5125 1445 5178 θάνατον
1464 5127 1676 5181 ἕδλεπε.

130 5208 224 5262 Τοῦ
252 5211 310 5264 δὲ
340 5213 600 5280 βασιλέως
632 5214 988 5284 ἀθυμοῦντος,
1015 5215 1106 5266 καὶ
1128 5215 1254 5284 περὶ
1278 5215 1466 5268 τούτου
1488 5216 1677 5281 δεινῶς

131 5305 488 5374 ποτνιωμένου
550 5308 644 5361 καὶ
684 5309 984 5373 στένοντος,
1019 5309 1251 5362 ὀπτασία
1285 5326 1364 5371 τις
1387 5325 1676 5379 παρεμπε-

89 5473 92 5477 ·
194 5455 254 5486 ³³⁵
286 5456 558 5520 Prov.'tv,
592 5458 676 5512 l9.
755 5459 801 5490 "'
838 5459 1005 5515 lCur.
1042 5479 1151 5526 xw,
1183 5460 1270 5513 22.

1781 4575 1978 4644 quibus
2001 4584 2191 4628 natura
2230 4573 2493 4626 beneﬁcio
2525 4572 2848 4636 aﬂicitur,iu
2885 4572 3135 4626 fidelibus
3159 4574 3348 4627 distri-

1783 4668 1919 4722 buit.
1954 4666 2086 4721 Laeti
2116 4681 2247 4734 ergo
2293 4665 2476 4718 divina
2535 4664 2774 4732 Spiritus
2846 4664 3111 4719 miracula
3167 4666 3335 4721 edica-

1784 4776 1927 4814 lllllS.
3008 4807 3011 4812 λ

1854 4853 2059 4921 Quippe
2074 4851 2310 4905 Eudocia
2331 4851 2532 4905 Christi
2557 4853 2786 4904 amantis
2820 4851 3162 4919 imperatoris
3189 4866 3345 4928 uxor.

1785 4961 1877 5014 per
1898 4945 1996 4998 hos
2017 4944 2131 4997 dies
2152 4946 2200 4996 in
2228 4946 2473 4998 morbum
2490 4958 2705 5011 gravem
2727 4943 2932 5006 incidit,
2951 4942 3174 5012 jamque
3192 4941 3343 4997 omni

1787 5037 2114 5090 medicorum
2157 5037 2380 5101 auxilio,
2433 5036 2622 5089 morbo
2661 5035 2712 5086 iu
2747 5045 2976 5088 mortem
3029 5037 3346 5096 inclinante,

1783 5125 2037 5179 destituta
2071 5119 2205 5178 erat.
2237 5125 2372 5179 Cum
2397 5134 2574 5178 autem
2603 5124 2894 5192 imperator
2916 5140 2977 5179 ca
3006 5141 3062 5178 re
3093 5133 3341 5180 mmstus.

1783 5217 1896 5272 dire
1922 5217 2299 5286 quiritaretur,
2328 5232 2392 5271 ac
2427 5216 2612 5270 animo
2650 5216 3073 5280 angustiaretur.
3095 5213 3340 5267 incidens

1789 5309 2004 5362 interim
2066 5309 2207 5363 visio
2257 5309 2376 5362 laeto
2435 5308 2618 5361 animo
2671 5307 2868 5362 cil‘ecit.
2928 5306 3153 5360 Putabat
3199 5305 3343 5357 enim

1215 5569 1456 5629 FRANC.
1486 5567 1869 5628 COMBEFISII
1902 5570 2136 5627 ΝΟΤᾸΞ.

204 5707 310 5778 (⁸55)
341 5705 863 5778 VidendusN‘celas
895 5708 947 5761 in
986 5708 1102 5762 Vita
1137 5707 1349 5778 lgnatii,
1381 5707 1469 5760 tibi
1512 5709 1680 5775 pluri-

151 5777 237 5831 bus
265 5779 496 5846 explicat
525 5777 642 5847 qui
695 5777 791 5832 ista
827 5778 1137 5838 habuerint,
1170 5777 1253 5831 3ac
1295 5794 1400 5846 qua
1443 5779 1676 5847 primum

152 5849 439 5914 occasione,
483 5846 775 5906 ulciscente
802 5850 1054 5913 Numine,
1085 5849 1214 5904 rixa:
1241 5849 1341 5902 illa:
1363 5846 1674 5906 ποιςιιιάοηι

1788 5710 2076 5792 utriusque
2113 5711 2341 5767 Caesaris
2387 5726 2535 5768 mors
2603 5710 2951 5792 contigerint,
3003 5709 3345 5780 Basiliusque

1787 5791 1906 5852 pius
1943 5791 2195 5851 princeps
2225 5797 2445 5853 regnum
2480 5791 2848 5852 capesstvcrtt.
