3926 6308
103 445 214 507 917

1247 440 1419 501 VITA
1459 439 1518 499 S.
1561 436 1865 498 NICOLAI
1909 432 2280 497 STUDIT/E.

3239 429 3345 493 9l8

106 554 207 603 xx‘:
236 550 578 614 διαδιὼσεως
605 549 789 620 ’ἄμφω
809 549 883 602 τὼ
910 547 1119 622 συμϐίω
1150 548 1458 618 ἐστέρηντο.
1488 545 1678 613 Θέλγει

1794 543 1886 597 vita
1918 541 2191 613 carebant.
2226 539 2390 594 Plane
2426 538 2569 592 cnim
2623 537 2879 604 mulcent,
2939 552 3057 605 qum
3115 539 3352 591 maxime

108 643 224 709 γάρ
247 641 424 703 ὅντως
451 643 522 695 τά
551 641 882 708 τῶνινηπίων
920 641 1280 709 ψελλισματα,
1312 641 1375 692 ὲκ
1402 640 1501 708 τῆς
1529 639 1679 708 ἀτέχ-

106 749 202 782 νου
263 731 519 803 γλώσσης
581 731 812 801 μάλιστα
880 732 1194 800 προϊέμενα.
1263 731 1372 783 Καὶ
1433 729 1498 799 δὴ
1564 729 1682 799 βου-

105 819 209 889 λὴν
288 822 461 894 καλὴν
528 821 952 891 βουλευσάμενος
1006 821 1100 872 σὺν
1121 823 1186 889 τῇ
1217 819 1450 888 γαμετῇ,
1483 817 1560 888 τῷ
1589 835 1677 885 με·

107 913 269 982 γάλῳ
313 913 488 984 τούτῳ
536 913 780 981 φωστῆρι
825 909 1216 973 καταλαϐόντες
1259 909 1684 978 προσπίπτουσι,

108 1006 204 1054 καὶ
231 1002 342 1073 τὴν
376 1004 470 1072 τῆς
489 1002 771 1064 ἁπαιδείας
789 1001 979 1071 ὀδύνην
1017 1002 1152 1071 μετά
1181 999 1385 1053 πολλῶν
1435 998 1685 1070 δακρύων

107 1093 501 1164 διαγορεύουσι
528 1111 541 1124 ·
578 1100 667 1148 καὶ
692 1093 878 1162 ῶσπερ
908 1091 1080 1164 θυρεῷ
1127 1110 1228 1146 τινι
1276 1093 1499 1154 ἑαυτοὺς
1551 1093 1685 1161 πρὸς

109 1185 213 1254 τὴν
266 1187 579 1254 ἀπρόοπτον
636 1185 728 1237 τοῦ
788 1184 1020 1238 Θανάτου
1055 1183 1163 1237 τῶν
1212 1182 1463 1256 ἐμϐρύων
1515 1183 1686 1252 φοράν

112 1275 674 1342 κατασφα).ιζόμενοι,
697 1274 854 1326 αὐτὸν
883 1273 974 1326 τὺν
1007 1272 1178 1342 μέγαν
1216 1273 1310 1343 τὴν
1334 1273 1396 1324 ἐκ
1429 1273 1524 1341 τῆς
1555 1273 1685 1325 ἀνα-

110 1365 434 1434 γεννήσεως
457 1365 548 1418 τοῦ
592 1365 734 1418 θείου
785 1364 1156 1434 βαπτίσματος
1185 1362 1523 1432 παρεκάλουν
1560 1366 1688 1418 ἀνα-

112 1453 282 1524 δοχὴν
308 1455 516 1520 τούτοις
573 1454 936 1526 δωρήσασθαι.
989 1455 1045 1509 ’0
1098 1455 1153 1508 δὲ
1194 1455 1329 1524 πρὸς
1374 1455 1531 1508 τοῦτο
1590 1454 1688 1525 μὲν

1785 631 2026 694 infantes
2044 630 2162 684 rudi
2181 628 2765 698 linguabalhutimcuta
2791 627 3164 698 pronuntiant.
3202 627 3350 681 Bono

1786 722 2242 796 itaqttecousilio,
2276 738 2381 777 una
2407 738 2530 777 cum
2555 723 2804 793 conjuge,
2837 738 3090 792 magnum
3138 722 3240 774 hoc
3275 722 3356 774 Iu-

1787 832 1909 871 men
1937 813 2220 881 adeuntes,
2239 815 2367 886 ejus
2394 828 2454 869 se
2485 813 2753 882 obiiciunt
2778 812 3030 882 pedibus,
3058 813 3355 880 multisque

1790 908 2062 978 lacrymis,
2091 899 2396 975 eiponunt,
2424 922 2586 978 quem
2615 921 2679 960 ex
2711 906 2946 960 orbitate
2982 907 3149 974 prolis
3200 906 3356 959 dolo-

1789 1016 1902 1054 rem
1933 998 2309 1067 persentirent.
2365 1001 2446 1052 Ac
2510 1012 2658 1060 vero,
2689 1013 2786 1050 ceu
2846 999 3082 1066 quodam
3140 997 3354 1066 clypeo,

1790 1088 2075 1144 adversum
2114 1088 2459 1158 improvisum
2501 1087 2645 1142 illam
2683 1089 2873 1143 mortis
2919 1087 3183 1141 infantum
3240 1087 3357 1139 vio-

1790 1182 2007 1236 lentiam
2076 1196 2196 1236 sese
2249 1185 2593 1242 munientes.
2665 1181 2808 1235 hunc
2861 1181 3037 1250 ipsum
3101 1195 3360 1248 magnum

1789 1272 1989 1333 virum,
2019 1278 2076 1326 ut
2102 1272 2435 1340 susceptoris
2467 1287 2496 1326 a
2527 1273 2698 1326 divini
2739 1273 3081 1342 baptismatis
3133 1287 3360 1341 regene-

1789 1363 1997 1416 ratione
2050 1377 2247 1416 munus
2282 1363 2431 1416 obire
2463 1363 2797 1434 dignaretur,
2865 1363 3176 1416 obsecrant.
3209 1361 3362 1416 [laud

1794 1463 1970 1508 tamen
1995 1439 2096 1508 ille
2130 1453 2418 1524 postulatis
2476 1455 2720 1508 'aunuit:
2782 1464 2947 1525 caput
3003 1453 3359 1508 nihilominus

112 1546 214 1597 οὐκ
242 1546 538 1599 ἐπένευσει
582 1547 678 1616 τὴν
705 1549 878 1617 κάραν
923 1546 982 1600 δὲ
1015 1545 1202 1599 τούτου
1230 1546 1484 1616 βρέφους,
1520 1540 1689 1615 οὗπερ
1731 1609 1735 1614 η

112 1633 440 1704 ἐκέκτηντο,
465 1638 529 1705 τῇ
555 1634 683 1706 λαιᾷ
704 1638 845 1706 χειρὶ
876 1634 1278 1704 καθαψάμενος,
1295 1635 1394 1706 τήν
1415 1653 1472 1690 τε
1500 1637 1690 1704 ἑτέραν

112 1723 440 1790 ἀπεωρίσας
465 1727 593 1789 ἀνω,
621 1727 713 1779 καὶ
745 1725 942 1787 ἱκανῶς
968 1726 1420 1795 προσευξάμενος,
1451 1721 1698 1788 "AttusF

113 1815 312 1885 φησὶν,
339 1815 570 1887 οἱκαδε·
591 1817 730 1870 τάδε
753 1817 859 1886 γὰρ
874 1816 1033 1886 λέγει
1053 1816 1120 1868 τὸ
1144 1816 1383 1886 Πνεῦμα
1406 1815 1472 1869 τὸ
1497 1817 1688 1894 ἅγιον,

1794 1826 1876 1889 ret
1891 1817 2067 1887 puella
2095 1833 2114 1871 :
2142 1821 2340 1889 quippe
2380 1818 2575 1872 {ettiina
2604 1828 2720 1871 crat
2745 1835 2758 1870 :
2788 1820 3066 1887 vestrisque
3100 1816 3202 1886 ipsi
3233 1833 3360 1869 ocu-

115 1904 204 1956 ὄτι
234 1905 504 1970 Ζήσεται
531 1906 928 1976 τόθυτάτριον
958 1906 1111 1984 (θῆλυ
1141 1906 1252 1985 γάρ
1278 1906 1516 1977 ἐπείπερ
1546 1904 1690 1973 ἐτύγ-

1800 1907 1864 1961 lis
1893 1901 2032 1985 ﬁlios
2057 1909 2288 1984 filiorum
2310 1909 2422 1977 ejus
2442 1910 2604 1962 visuri
2633 1911 2794 1974 estis;
2845 1910 3021 1978 sicque
3052 1926 3136 1963 vos
3201 1910 3360 1962 etiam

115 1998 296 2066 χινε),
331 1997 431 2049 καὶ
461 1997 582 2064 τοῖς
616 1999 940 2068 ὀφθαλμοῖς
967 1982 1128 2066 ὑμῶν
1157 1978 1328 2063 υἱοὺς
1353 1997 1470 2051 τῶν
1496 1995 1685 2064 αὐτῆς

1794 1997 1856 2049 ab
1885 1978 2128 2064 ίιιιηιακέσ
2150 2015 2265 2052 cum
2293 2000 2480 2052 latitia
2509 2001 2823 2068 migrabitis.
2861 1998 3031 2054 Porro
3069 1999 3156 2053 hic
3219 2015 3359 2069 quo-

115 2085 268 2139 υἱῶν
317 2087 735 2156 καταθρήσετε,
794 2087 890 2141 καί
914 2089 1064 2141 οὕτω
1116 2073 1682 2161 μετ,’τ’ἑὺίό,ρδσύνης

1794 2083 1897 2156 que
1926 2102 2364 2146 rerum-eventus
2395 2089 2572 2146 Patris
2604 2106 2885 2146 sermones
2903 2101 3230 2146 consecutus
3254 2100 3357 2156 est,

119 2175 218 2228 καί
253 2178 425 2246 ὑμεῖς
450 2176 568 2230 τῶν
604 2177 848 2232 ἐνθένδε
887 2172 1685 2257 Δ,ιιιςτειιιαστεύονητις.,Ἰὼ-τηκοο

1794 2178 1995 2247 liliique
2026 2181 2260 2237 orbitate
2292 2185 2596 2238 multorum
2634 2182 2873 2239 ﬁliorum
2909 2195 3159 2254 parentes
3191 2185 3359 2240 exsti.

118 2265 304 2319 λούθει
335 2268 393 2321 δὲ
410 2271 500 2322 καὶ
522 2261 621 2321 ὧδε
644 2271 754 2330 τοῖς
775 2267 866 2320 τοῦ
885 2254 1100 2344 Πατρός
1147 2266 1322 2333 λόγοις
1347 2264 1455 2318 τῶν
1493 2254 1671 2334 πρᾶγ·

1794 2277 1990 2335 terunt,
2014 2270 2104 2338 qui
2140 2271 2262 2326 illiis
2290 2272 2406 2326 orbi
2428 2282 2604 2327 erant.

125 2365 316 2430 μάτων
341 2366 374 2431 ἡ
396 2362 748 2426 ἔκϐασις,καὶ
774 2360 1096 2424 πολύπαιδες
1114 2363 1179 2430 τῇ
1201 2360 1425 2430 ἀτεκνίᾳ
1449 2359 1539 2438 τοῦ
1563 2359 1752 2438 παιδὸς
1779 2363 1828 2415 oi
1854 2362 2082 2428 ἄπαιδες
2108 2366 2495 2435 ἐχρημάτιζον.

195 2455 314 2508 Καὶ
341 2453 394 2505 τί
425 2453 491 2506 ἂν
527 2454 740 2522 λέγοιμι
774 2451 840 2505 τά
872 2451 1242 2515 καθέκαστονς
1282 2437 1559 2502 Δέδεικται
1587 2437 1676 2518 δή-

1858 2451 1998 2518 Quid
2041 2469 2167 2509 vero
2206 2455 2416 2525 singula
2461 2457 2812 2527 prosequar?
2869 2457 3011 2514 Sane
3070 2459 3357 2527 probatum

124 2561 232 2598 που
265 2543 344 2614 τῷ
377 2542 694 2612 προφητικῷ
731 2539 1160 2612 χαρακτῆρι[ῑσ.
1182 2540 1305 2593 add.
1327 2537 1546 2610 ἀμαῙτῇ
1582 2538 1686 2590 τῶν

1794 2542 1890 2598 fuit
1947 2531 2203 2614 magnum
2248 2547 2398 2602 hunc
2451 2550 2623 2601 virum
2682 2550 3000 2619 prophetico
3073 2550 3354 2606 schemate

128 2633 425 2702 θαυμάτων
449 2632 676 2701 διόπτρᾳ.
739 2631 1070 2700 πανταχόθεν
1119 2627 1210 2681 τὸν
1251 2625 1420 2696 μέγαν
1465 2642 1690 2678 κατακο-

1794 2633 2173 2693 miraculorum
2218 2635 2428 2704 dioptra
2464 2638 2691 2691 omnino
2725 2647 2979 2692 ornatum
3012 2653 3151 2703 esse,
3181 2655 3357 2710 quan-

131 2723 468 2793 σμούμενον,
493 2723 541 2774 εί
574 2721 669 2775 καὶ
697 2722 790 2775 τοῦ
823 2722 1012 2792 χρόνου
1046 2721 1122 2790 τῷ
1156 2720 1318 2790 μήκει
1347 2720 1414 2774 τὰ
1461 2718 1686 2770 πλεῖστα

1794 2737 1946 2790 quam
1971 2723 2130 2793 longo
2184 2727 2442 2794 temporis
2497 2727 2649 2793 lapsu
2686 2727 2942 2798 pleraque
2972 2729 3184 2783 illorum
3213 2731 3351 2786 obli-

130 2811 342 2864 τούτων
369 2813 396 2864 ό
421 2813 518 2882 τῆς
545 2812 715 2880 λήθης
740 2810 896 2881 βυθὸς
929 2810 1127 2880 ὲθησαύ
1139 2826 1305 2880 ρισεν.
1377 2808 1513 2862 Ἀλλ’
1571 2809 1690 2860 ἐπεὶ

1794 2811 1958 2866 rionis
1975 2813 2296 2881 profundum
2323 2815 2622 2870 absorbuit.
2643 2815 2780 2881 Quia
2827 2818 3106 2870 enimvero
3127 2819 3357 2873 obscure

133 2903 199 2956 δι’
229 2903 513 2966 ἀσθενείας
552 2905 579 2956 ὁ
612 2902 768 2969 λόγος
796 2901 1051 2970 ἀμυδρῶς
1103 2918 1218 2962 πως
1241 2900 1338 2960 τὰς
1369 2897 1533 2951 αὑτοῦ
1568 2900 1690 2966 ἀρι-

1796 2904 2194 2971 quodammodo
2229 2920 2338 2973 pra:
2361 2921 2458 2960 sua
2493 2905 2861 2960 imbecillitate
2889 2905 3133 2961 instituta
3159 2908 3353 2972 oratio,

137 2993 322 3055 στείας
353 2993 758 3060 ὑπεσημάνατο,
788 2992 920 3060 φέρε
945 2990 1172 3044 καθόσον
1207 2983 1317 3043 οἷόν
1346 3005 1423 3052 τε,
1455 2991 1564 3050 τοῖς
1587 3003 1690 3040 πα-

1798 2992 1915 3060 ejus
1968 3009 2054 3048 res
2094 2995 2346 3062 prazclare
2385 3005 2562 3063 gestas
2593 2996 2897 3066 designavit
2927 3015 2941 3052 :
2974 3013 3069 3067 age
3093 2999 3227 3066 jam,
3269 3015 3354 3056 res

134 3083 309 3147 λαιοῐς
336 3083 406 3135 τά
445 3083 653 3135 ἐκείνου
698 3081 1053 3149 συνάψαντες,
1082 3080 1376 3132 κάντεῦθεν
1407 3079 1497 3130 τὸν
1528 3078 1690 3147 ἄνδρα

1797 3081 1912 3151 ejus
1955 3083 2300 3152 antiquorum
2364 3085 2527 3138 rebus
2581 3085 2748 3154 gemis
2803 3085 3169 3153 conferentes,
3227 3089 3356 3144 hinc

138 3172 518 3242 γνωρίσωμεν.
577 3171 649 3223 Οὐ
684 3171 793 3239 γὰρ
852 3171 1052 3238 μερικά
1108 3168 1199 3221 τοῦ
1260 3168 1575 3237 Πνεύματος
1625 3167 1690 3220 τὰ

1795 3186 2022 3238 ῳιοιιιιεΔ
2061 3172 2398 3226 declaremus
2449 3173 2547 3225 viri
2603 3174 2988 3241 praestantiam.
3053 3175 3165 3230 Nec
3209 3177 3354 3230 enim

1797 3261 2029 3330 Spiritus
2079 3263 2221 3316 dona
2274 3263 2618 3332 particularia
2673 3273 2823 3327 sunt,
2860 3265 3100 3335 locisque
3122 3281 3185 3320 ac
3233 3284 3356 3337 per-

1793 3351 1940 3405 sonis
2001 3350 2233 3415 addicta,
2282 3352 2495 3407 tametsi
2546 3367 2734 3405 eorum
2768 3354 2948 3408 virtus
2999 3365 3083 3408 est
3118 3355 3351 3411 diversa.

1795 3439 2110 3510 Soliquippe
2126 3456 2242 3506 nos,
2261 3455 2381 3510 quas
2403 3441 2676 3495 individua
2698 3450 2850 3509 sunt,
2869 3443 2922 3496 in
2946 3451 3096 3512 parte
3113 3447 3354 3512 particu-

1779 3530 1942 3586 latim
1973 3531 2023 3584 in
2054 3531 2282 3605 invicem
2314 3531 2577 3600 partimur
2603 3546 2667 3584 ac
2685 3530 3003 3596 dividimus,
3025 3547 3132 3602 qua
3162 3548 3354 3605 sumus

1796 3623 1847 3676 in
1885 3623 2117 3692 aliquos,
2159 3604 2496 3678 affectionem
2530 3624 2840 3692 prodentes.
2897 3623 2990 3680 Sic
3015 3635 3194 3681 autem
3225 3604 3356 3682 con-

1797 3713 2117 3770 sideremus.
3372 3773 3374 3776 ,

1865 3802 2078 3857 Miraris
2115 3803 2296 3858 Abelis
2329 3817 2423 3858 cor
2473 3812 2707 3865 rectum.
2751 3819 3002 3875 novaque
3062 3821 3348 3863 munerum

1792 1544 2013 1599 infantis
2041 1545 2348 1614 superstitis
2384 1560 2545 1598 inanu
2567 1545 2786 1599 sinistra
2815 1560 3024 1610 tenens,
3053 1546 3361 1600 dexteram-

1791 1649 1894 1702 que
1917 1634 2148 1703 desuper
2178 1636 2420 1698 elevans,
2445 1650 2508 1689 ac
2532 1636 2746 1688 abunde
2781 1648 3036 1705 precatus
3071 1654 3082 1689 :
3109 1635 3358 1698 Domum,

1793 1726 1987 1794 inquit.
2010 1726 2195 1780 abito:
2243 1728 2354 1780 lucc
2385 1728 2524 1781 enim
2556 1726 2684 1780 dicit
2718 1725 2951 1794 Spiritus
2970 1737 3182 1779 sanctus
3215 1742 3232 1779 :
3261 1724 3357 1778 Vi-

139 3261 490 3331 χαρίσματα,
543 3261 592 3313 εί
659 3263 752 3313 καὶ
777 3260 1031 3328 διάφορος
1075 3261 1114 3330 ¹ἡ
1168 3259 1370 3311 τούτων
1424 3259 1690 3326 ἐνέργεια.

137 3352 306 3428 Μόνοι
334 3354 442 3420 γὰρ
503 3352 581 3413 είς
615 3350 877 3419 ἀλλήλους
901 3348 1320 3418 διαμερίζομεν,
1353 3348 1414 3399 τὸ
1447 3363 1694 3416 προσπα-

139 3443 226 3504 θὲς
259 3443 419 3512 ἡμεῖς
445 3441 656 3511 ἑκάστῳ
692 3442 760 3494 τά
790 3439 970 3510 ἀμερῆ
1005 3441 1064 3490 ὲν
1124 3439 1276 3508 μέρει
1307 3439 1547 3508 μερικῶς
1577 3453 1695 3490 συν-

137 3533 392 3596 ιπῶντες
420 3533 518 3604 τῆς
541 3532 794 3603 σχέσεως.
816 3531 1023 3584 Οὑτωσὶ
1052 3531 1109 3584 δὲ
1132 3531 1513 3602 σκοπὴσωμεν.

208 3803 518 3874 Θαυμάζεις
563 3802 739 3855 ’Δσελν
766 3801 862 3873 τὴν
895 3801 990 3870 τῆς
1043 3800 1268 3871 καρδίας
1293 3801 1562 3870 εὐθύτητα
1600 3804 1692 3854 καὶ

140 3896 206 3947 τά
232 3894 491 3965 ἀρτιγενῆ
520 3891 628 3944 τῶν
664 3891 848 3962 δώρων
873 3891 1210 3961 πρωτότοκα,
1243 3890 1364 3942 ἐπεὶ
1423 3892 1516 3943 καὶ
1556 3892 1690 3959 πρὸς

138 3985 270 4038 Θεοῦ
293 3985 384 4038 τὸν
409 3983 624 4036 ἔπαινον
663 3983 992 4049 ἀπειλήφασι
1017 3997 1030 4012 ο
1058 3981 1155 4050 τὴν
1179 3997 1233 4032 τε
1266 3979 1356 4034 τοῦ
1395 3979 1557 4043 Ἐνὼς
1605 3981 1691 4032 ὲλ-

140 4077 286 4138 πίδα,
319 4076 413 4128 καὶ
428 4073 594 4142 Ἑνὼχ
610 4074 706 4144 τὴν
739 4071 1052 4142 μετάθεσιν·
1087 4071 1454 4140 θαύμασον,εἰ
1487 4071 1688 4140 βούλει,

1796 4075 1956 4144 hujus
1974 4089 2210 4144 quoque,
2226 4074 2270 4129 si
2290 4076 2458 4135 lubet.
2479 4074 2678 4129 mirare
2696 4078 2763 4129 ab
2778 4075 2998 4130 infantia
3025 4077 3138 4146 ipsa
3155 4093 3347 4132 novam

142 4166 234 4233 τὴν
265 4164 327 4228 ἐξ
361 4164 527 4232 αὐτῆς
564 4164 884 4231 νηπιότητος
943 4161 1038 4214 καὶ
1074 4161 1261 4213 τούτου
1297 4162 1396 4230 τὴν
1434 4163 1690 4231 ἀρτιγενῆ

1795 4180 1989 4218 sensus
2019 4164 2184 4218 animi
2211 4166 2262 4217 in
2291 4163 2456 4218 Deum
2486 4165 2932 4230 demutationem,
2965 4166 3351 4236 universasque

127 4254 246 4305 ’τῶν
271 4253 480 4324 φρενῶν
507 4257 637 4321 πρὸς
668 4254 725 4305 τὺ
753 4253 905 4303 Θεῐον
961 4251 1268 4305 ἀλλοίωσιν’
1305 4253 1403 4322 τήν
1431 4269 1492 4304 τε
1543 4270 1690 4320 γενι-

1797 4263 2012 4308 aetatum
2036 4255 2304 4324 primitias
2326 4273 2339 4320 ;
2361 4254 2920 4324 rationalis,inquam.
2945 4256 3132 4311 hostize
3158 4273 3223 4312 ex
3237 4259 3349 4328 spi-

143 4343 238 4414 κὴν
267 4343 376 4396 τῶν
413 4343 633 4414 ἡλικιῶν
672 4343 940 4413 ἀπαρχὴν,
968 4341 1064 4410 τῆς
1094 4341 1337 4410 λογικῆς,
1379 4343 1519 4412 φημὶ
1542 4383 1556 4408 ,
1589 4343 1682 4395 θυ-

1794 4343 1893 4398 ι·ἰιυ
1910 4345 2538 4414 contrito,pretiosiorem
2555 4361 2835 4399 munerum
2851 4346 3196 4412 oblationem,
3208 4364 3350 4416 quaa~

145 4435 262 4494 σίας
332 4435 397 4490 ὲκ
462 4432 764 4500 πνεύματος
829 4432 1308 4501 συντετριμμένου,
1361 4433 1689 4512 τιμιωτέραν

1794 4450 1894 4503 que
1919 4435 2040 4488 inde
2057 4449 2197 4502 spes.
2225 4449 2288 4488 ac
2313 4436 2508 4488 mentis
2536 4435 2871 4502 quotidiana.
2898 4435 2964 4488 ad
2987 4451 3047 4488 ea
3078 4451 3196 4504 quae
3225 4451 3349 4490 scn-

146 4526 248 4576 τῶν
280 4523 468 4595 δώρων
494 4523 764 4587 ἀνάθεσιν,
795 4525 886 4574 καὶ
925 4523 1022 4591 τὴν
1062 4522 1310 4575 ἐντεῦθεν
1358 4523 1566 4589 ἐλπίδα,
1599 4526 1690 4576 καὶ

1794 4538 1910 4576 sum
1941 4533 2288 4589 exsuperant,
2317 4524 2598 4576 translatio
2631 4523 2834 4578 accedit
2863 4541 2875 4576 :
2904 4533 3109 4591 quanto
3132 4525 3257 4589 illic,
3282 4541 3348 4579 ex

143 4616 237 4686 τὴν
274 4614 370 4667 τοῦ
417 4611 556 4676 νοὸς
585 4615 718 4683 πρὸς
760 4614 826 4665 τά
867 4614 1004 4682 ὑπὲρ
1051 4612 1300 4682 αἴσθησιν
1349 4613 1690 4682 καθεκάστην

1794 4611 2161 4665 circumstanti
2180 4621 2507 4680 externaque
2531 4612 2856 4673 substantia,
2912 4612 3036 4665 huic
3061 4621 3259 4674 autem,
3281 4628 3343 4666 ex

146 4706 496 4776 ὲγγινομένην
536 4705 853 4773 μετάθεσιν·
888 4705 1010 4756 ὅσον
1043 4704 1158 4756 ἐκεῖ
1184 4706 1302 4774 μὲν,
1336 4706 1400 4756 ὲκ
1430 4705 1536 4758 τῶν
1565 4708 1690 4776 περὶ

1795 4703 2041 4772 ipsismet
2088 4701 2328 4771 propriis
2358 4701 2561 4754 oblatio
2593 4711 3020 4756 consummatur.
3047 4701 3138 4755 Sin
3169 4712 3344 4756 autem

1794 4000 1942 4051 spem
1955 3999 2169 4052 quoque
2185 3983 2346 4048 Enos,
2369 3999 2431 4037 ac
2444 3983 2650 4037 Enocbi
2670 3985 3116 4041 translationem:
3163 4003 3346 4042 verum

147 4794 357 4854 αὐτῶν,
388 4795 451 4844 ὲκ
478 4793 583 4845 τῶν
632 4792 748 4845 κατ’
779 4792 936 4844 αὑτὸν
965 4792 1020 4844 δὲ
1050 4792 1221 4861 τούτῳ
1252 4793 1348 4861 τῆς
1376 4795 1689 4862 προσφορᾶς

146 4885 178 4951 ἡ
226 4882 522 4943 τελείωσις.
561 4882 620 4934 Ei
669 4880 848 4950 δὲτὴν
884 4874 972 4932 τοῦ
1016 4882 1436 4951 πρωτοπάτορος
1463 4883 1519 4934 ὲν
1547 4883 1690 4951 χειρὶ

1792 4793 2102 4862 protoplasti
2147 4793 2201 4846 in
2248 4807 2408 4845 manu
2438 4790 2530 4845 Dei
2592 4790 2965 4845 formationem
2990 4830 3004 4854 ,
3034 4806 3347 4860 moramque

1790 4890 1843 4942 in
1894 4884 2164 4952 paradiso,
2198 4899 2260 4937 ac
2298 4883 2471 4951 primo
2531 4881 2694 4936 la'tam
2741 4882 2932 4951 legem,
2979 4881 3121 4934 Patri
3160 4891 3344 4934 nostro

146 4974 274 5026 Θεοῦ
312 4975 604 5043 γενομένην
648 4972 958 5036 διάπλασιν,
992 4972 1086 5024 καὶ
1119 4971 1217 5041 τὴν
1267 4975 1324 5024 ἐν
1377 4974 1688 5044 παραδείσῳ

1794 4988 1854 5026 ex
1892 4973 2117 5026 adverso
2170 4971 2526 5040 produxeris;
2560 4972 2756 5041 majus,
2788 4973 3158 5041 quamminus
3185 4985 3344 5023 enco—

147 5063 442 5133 διατριϐὴν,
477 5064 568 5115 καὶ
590 5061 685 5132 τὴν
706 5063 928 5130 πρώτην
957 5061 1273 5130 νομοθεσίαν
1306 5062 1689 5129 ἀντεπεξάγοις

1794 5062 1960 5113 mium
1994 5061 2210 5113 virtutis
2256 5058 2571 5125 inveneris;
2607 5060 2868 5128 integram
2921 5059 3043 5112 inde
3108 5055 3344 5109 mandati

149 5153 219 5220 τῷ
247 5154 498 5223 ἡμετέρῳ
528 5152 719 5223 Πατρὶ,
766 5139 1031 5219 μεῖζον,’ἢ
1058 5150 1274 5202 ἔλαττον
1303 5152 1553 5220 εὑρήσεις
1581 5151 1688 5218 τῆς

1796 5150 2197 5218 ahrogationem
2233 5163 2537 5209 assumens,
2571 5148 2910 5215 paradisique
2965 5149 3054 5197 vix
3089 5159 3190 5195 non
3219 5150 3355 5192 cunr

151 5245 426 5314 ἀρετῆςτὸ
458 5244 762 5313 ἐγκώμιον,
833 5243 927 5311 τὴν
979 5243 1078 5309 τῆς
1132 5243 1347 5310 ἐντολῆς
1406 5243 1690 5309 ὑφαίρεσιν

1794 5240 2281 5308 justisaccepturus
2301 5234 2625 5304 voluptatem
2649 5253 2660 5288 :
2682 5235 2970 5302 siquidem,
2992 5233 3140 5297 juxta
3164 5229 3340 5293 magni

151 5335 329 5402 ἄρτιον
365 5334 608 5387 ἐντεῦθεν
653 5333 1226 5404 προσλαμϐανόμενος,
1256 5333 1353 5401 τήν
1398 5349 1455 5383 τε
1481 5334 1537 5385 ὲν
1582 5349 1690 5385 πα-

1794 5332 1942 5386 Pauli
1975 5332 2317 5392 sententiam,
2379 5327 2712 5410 impossibile
2749 5334 2830 5380 est
2860 5333 3180 5391 quemquam
3210 5330 3339 5370 con-

157 5425 379 5493 ραδείσῳ
407 5425 517 5492 (56)
545 5425 754 5492 τρυφὴν
782 5425 904 5474 ὅσον
932 5421 1082 5474 οῦπω
1120 5422 1255 5490 μετά
1293 5421 1511 5472 δικαίων
1559 5423 1690 5474 ἁπο-

1794 5423 2053 5477 summari
2083 5422 2149 5473 ".

151 5516 440 5587 ληψόμενος
464 5532 478 5549 ο
511 5517 631 5568 ἐπεὶ
663 5517 733 5587 μὴ
761 5511 871 5569 οἷόν
895 5516 954 5568 τέ
985 5532 1104 5568 τινα
1131 5513 1473 5579 τελειωθῆναι
1500 5515 1657 5578 κατὰ,
1695 5516 1784 5568 τὸν
1816 5517 1985 5584 μέγαν
2033 5514 2370 5567 Ἃπόστολον.

215 5631 256 5662 ⁸⁸
287 5630 448 5686 Hebr.
489 5647 547 5695 ιι,
579 5630 664 5683 40.
1279 5697 1506 5751 FRANC
1559 5698 1690 5753 COM

1794 5697 1940 5752 FlSll
1978 5696 2206 5752 NOTAE.

220 5792 327 5864 (36)
354 5792 681 5862 Quanquam
733 5793 942 5849 videtur
987 5801 1174 5850 auctor
1234 5793 1518 5849 obscurius
1572 5795 1738 5863 loqui,
1775 5794 1904 5851 satis
1957 5802 2134 5847 tamen
2179 5791 2380 5846 indicat
2441 5799 2697 5845 errorem,
2755 5773 3032 5841 utriusque
3088 5769 3341 5825 Ecclus-ist

1794 3895 2082 3964 primitiva,
2116 3895 2334 3963 quando
2365 3897 2526 3953 etiam
2558 3909 2587 3948 a
2617 3893 2725 3948 Deo
2753 3897 2966 3951 laudem
2991 3908 3305 3952 meruerunt
3332 3917 3347 3953 :
3454 3961 3458 3965 _
