3926 6308
490 434 594 504 ca“!
1505 443 1563 502 s.
1604 442 1985 503 JOSEPIIUS
2023 439 2667 498 HYMNOGRM‘HUS.
3052 416 3058 422 ’
3585 435 3711 498 928

495 548 640 602 haud
672 553 945 616 pateretur
978 565 990 600 :
1026 546 1151 600 hinc
1171 545 1449 600 discedere
1474 557 1693 601 coactus
1717 548 1779 599 ad
1813 546 2158 614 gravissimas
2185 560 2270 598 res
2288 545 2750 611 Constantinopoli
2782 543 3208 612 pertractandas,
3243 543 3478 598 eatnobii
3512 546 3714 598 mode-

491 644 720 687 ra‘torem
755 634 910 687 enixe
940 634 1165 701 rogavit,
1198 642 1254 686 ut
1281 631 1574 700 Josephum
1627 633 1834 685 itineris
1877 632 2079 685 socium
2124 632 2456 700 adjnngerct,
2490 640 2542 683 et
2566 631 2776 683 tandem
2833 631 3083 684 obtinuit.

560 738 1083 806 Constantinopolim
1110 739 1367 805 app-ilsus
1403 735 1693 804 Josephns,
1729 736 2048 804 Gregorium
2080 737 2341 789 continuo
2385 735 2621 799 intuens,
2674 748 2888 786 omnem
2928 735 3048 788 vita:
3071 749 3183 787 suze
3238 734 3508 786 rationem
3552 734 3606 785 in
3645 749 3713 783 se

494 827 724 879 ﬁdeliter
759 825 1056 880 transferre
1087 826 1333 887 curabat,
1399 841 1460 878 ac
1494 827 1654 878 vitam
1685 825 1861 891 potius
1893 825 2194 891 angelicam
2230 839 2389 891 quam
2448 824 2741 875 humanam
2790 821 3128 874 traducebat.
3174 821 3310 876 Cum
3359 830 3540 873 autem
3588 819 3714 872 Leo

494 916 622 979 (non
671 913 959 976 Isauricus,
993 922 1049 965 ttt
1079 913 1239 965 habet
1296 912 1411 966 Vita
1449 913 1504 965 S.
1535 911 1748 979 Josepbi
1805 911 1944 976 apud
1990 908 2272 963 Octavium
2309 913 2626 973 Cat-tanum,
2658 921 2790 962 tom.
2848 907 2889 961 ll
2949 907 3195 960 Sanctor;
3230 909 3454 962 Siculor.
3488 923 3540 976 p.
3603 906 3713 965 46,

490 1003 580 1054 Sed
613 1005 899 1064 Armentis,
936 1012 990 1054 ιιι
1017 1003 1168 1069 juxta
1211 1003 1467 1068 temporis
1513 1006 1743 1068 cpochas
1785 1009 1924 1051 recte
1975 1000 2259 1050 advertunt
2301 989 2627 1050 Godelridus
2661 995 3033 1050 llenschenius
3086 1003 3140 1046 et
3196 995 3374 1048 Daniel
3422 988 3716 1061 Papebro-

489 1089 644 1140 chius
678 1090 728 1141 in
768 1092 908 1142 Actis
949 1088 1047 1142 SS.
1083 1091 1116 1142 5
1179 1091 1403 1157 Aprilis.
1437 1091 1488 1140 in
1523 1098 1812 1142 comment.
1848 1085 2044 1153 pnevio
2075 1085 2138 1136 ad
2172 1083 2342 1136 Vitam
2387 1081 2687 1149 SJosepbi,
2718 1081 2744 1151 §
2777 1082 2880 1148 l,p.
2904 1081 3110 1140 266,'et
3135 1081 3186 1131 in
3221 1092 3465 1134 annotat.
3499 1079 3707 1148 p.273)

489 1171 917 1227 immanissimus
942 1175 1572 1242 Constantinopolitanus
1605 1173 1917 1240 imperator,
1951 1186 2147 1225 vesana
2182 1170 2328 1222 rabie
2358 1171 2408 1220 in
2435 1187 2615 1221 sacras
2648 1169 2908 1236 imagines
2950 1183 3247 1235 earumque
3291 1169 3530 1221 cultores
3591 1181 3712 1219 5:2-

489 1257 644 1325 viret,
679 1258 734 1312 S.
765 1258 1076 1327 Gregorius.
1117 1261 1454 1326 imperatoris
1511 1259 1675 1310 furori
1712 1274 1768 1310 se
1790 1273 2087 1326 opponens,
2138 1257 2348 1324 publice
2404 1255 2725 1307 catholicam
2757 1255 2910 1307 ﬁdem
2945 1255 3300 1323 propugnavit
3327 1270 3346 1307 :
3384 1254 3509 1306 hinc
3543 1267 3710 1304 non-

491 1345 620 1396 nulli
675 1345 770 1398 viri
810 1348 1045 1414 religiosi
1077 1349 1140 1399 ad
1169 1348 1505 1415 Gregorium,
1556 1357 1809 1412 tanquam
1869 1347 1932 1398 ad
1972 1347 2089 1397 ﬁdei
2137 1345 2388 1407 athletam
2425 1344 2816 1412 confugientes,
2878 1345 3074 1409 szepius
3128 1343 3456 1405 institerunt,
3490 1353 3546 1394 ut
3583 1340 3714 1393 Ro-

489 1434 629 1480 mam
675 1432 736 1482 ad
776 1447 1044 1484 summum
1075 1431 1382 1484 Pontilicem
1414 1431 1467 1481 S.
1500 1430 1793 1499 Josephum
1827 1433 2088 1491 mitteret,
2117 1433 2200 1483 cui
2237 1431 2486 1484 Ecclesiae
2530 1431 2866 1484 calamitates
2890 1447 2949 1484 ac
2982 1431 3215 1484 lideliutn
3247 1430 3478 1498 pericula
3518 1442 3714 1496 expc-

489 1525 658 1577 neret,
693 1517 922 1586 ideoque
950 1530 1127 1571 noster
1159 1517 1420 1585 JOScphus
1453 1516 1697 1584 Gregorii
1735 1518 1887 1584 jussu
1933 1519 2157 1572 Romam
2193 1521 2513 1573 velilieavit:
2550 1529 2605 1571 at
2653 1520 2707 1570 in
2757 1519 2947 1572 itinere
2977 1537 3003 1570 a
3037 1520 3222 1587 piratis
3260 1535 3564 1588 aggressus,
3601 1534 3710 1570 Ca-

485 1602 666 1670 ptivns
695 1604 745 1655 in
768 1606 981 1658 Cretam
1016 1606 1243 1658 insulam
1272 1606 1534 1660 adductus
1570 1614 1669 1667 est,
1709 1606 1792 1656 ubi
1830 1607 1878 1657 in
1917 1606 2125 1657 vincula
2178 1606 2472 1674 c0njectus,
2501 1607 2734 1658 obscuro
2763 1607 2963 1660 carceri
3015 1609 3369 1674 mancipatur.
3409 1607 3510 1660 Sed
3543 1607 3717 1658 inter

486 1701 706 1743 catenas
742 1692 995 1759 gestiens,
1027 1693 1291 1744 sociorum
1323 1692 1610 1757 languores
1645 1679 1846 1744 méllita
1879 1693 2207 1760 el0quentize
2234 1693 2280 1744 vi
2313 1693 2638 1750 emolliebat,
2667 1708 2726 1744 ac
2752 1694 2801 1743 in
2827 1692 2946 1744 ﬁdei
2977 1694 3275 1747 constantia
3307 1694 3711 1747 conﬁrmabat.

486 1774 808 1843 Episcopum
841 1776 1006 1828 animi
1037 1778 1342 1829 inﬁrmitate
1371 1776 1729 1838 laborantem,
1766 1779 1854 1845 qui
1884 1788 1940 1830 ιιι
1967 1793 2068 1829 sea
2111 1779 2386 1833 laboribus
2432 1781 2666 1849 eriperet
2715 1783 2778 1832 ad
2807 1781 3103 1849 imaginum
3161 1789 3524 1848 contemptum
3573 1771 3713 1846 jam

486 1863 875 1928 propendebat,
906 1863 977 1915 ita
1015 1863 1302 1927 roboravit,
1339 1873 1396 1914 ut
1473 1879 1571 1931 pro
1601 1863 1800 1917 Christi
1835 1864 1937 1917 ﬁde
1985 1879 2048 1917 ac
2082 1866 2376 1935 imaginum
2426 1869 2572 1922 cultu
2604 1869 2916 1936 sanguinem
2944 1867 3270 1936 profundere
3289 1877 3530 1935 paratum
3568 1868 3718 1918 red-

483 1948 696 2000 diderit.
732 1949 1049 2003 Innumeros
1077 1966 1106 2003 e
1139 1951 1332 2002 diaboli
1370 1950 1576 2017 laqueis
1605 1952 1782 2015 solvit,
1823 1968 1883 2004 ac
1908 1952 1958 2003 in
1997 1951 2094 2005 ﬁde
2126 1952 2443 2008 ﬁuctuantes
2477 1955 2726 2016 ﬁrmavit,
2761 1969 2992 2022 quorum
3039 1955 3280 2007 nonnulli
3307 1955 3536 2023 martyrii
3561 1954 3712 2021 pal-

485 2049 623 2084 mam
663 2035 894 2087 assecuti
928 2045 1074 2088 sunt.
1104 2037 1234 2088 Dum
1267 2045 1442 2088 autem
1478 2038 1547 2088 ita
1577 2036 1849 2090 fructuose
1881 2037 2062 2100 vitam,
2095 2041 2192 2092 etsi
2221 2042 2429 2093 catenis
2465 2042 2691 2100 vinctus.
2723 2041 3056 2102 traducebat,
3081 2041 3132 2092 in
3164 2039 3387 2094 natalitii
3420 2040 3710 2092 Dominici

487 2129 664 2179 nocte,
690 2120 1061 2186 spiritualibus
1086 2122 1310 2175 canticis
1351 2123 1606 2189 producta
1638 2123 1889 2190 usquead
1911 2125 2030 2191 galli
2065 2138 2306 2188 cantum,
2343 2129 2401 2180 ι).
2430 2127 2680 2181 Nicolaus
2716 2127 2977 2195 Myrensis
2997 2141 3115 2181 sese
3160 2127 3499 2195 spectabilem
3525 2126 3707 2188 fecit,

483 2219 546 2256 ac
574 2202 807 2272 Joscplio
844 2207 1128 2268 nuntiavit,
1159 2209 1573 2260 iconomachum
1603 2209 1980 2276 imperatorem
2017 2213 2128 2278 jam
2163 2213 2511 2277 defunctum;
2543 2230 2600 2266 se
2647 2224 2825 2266 autem
2885 2212 3416 2281 Constantinopolim
3464 2211 3706 2280 regredi

483 2304 621 2357 Opus
651 2307 788 2355 esse,
825 2295 1106 2348 utcmlesﬁ
1133 2296 1397 2362 sapientia
1431 2295 1633 2348 Christi
1662 2297 1842 2351 ﬁdeles
1877 2298 2223 2352 conﬁrmaret
2258 2301 2416 2353 :inde
2447 2301 2609 2353 libelli
2662 2301 2848 2352 folium
2892 2300 2946 2351 in
2979 2314 3042 2354 os
3065 2301 3182 2367 ejus
3205 2299 3447 2357 immisit.
3479 2299 3528 2350 in
3566 2313 3711 2366 quo

484 2375 597 2430 haec
628 2378 939 2445 legebantur
967 2384 1159 2436 verba:
1198 2383 1497 2445 «,Accelera
1531 2394 1782 2451 tanquam
1842 2386 2170 2448 misericors,
2224 2397 2277 2441 ct
2314 2387 2502 2441 festina
2532 2398 2782 2455 tanquam
2815 2386 3096 2439 miserator
3125 2387 3175 2437 in
3213 2386 3532 2453 adjutorium
3593 2400 3710 2436 no-

482 2474 676 2525 slt‘mn,
715 2478 863 2532 potes
897 2469 1040 2521 enim
1071 2470 1231 2521 sivis.
1263 2488 1281 2519 ο
1321 2468 1443 2522 Hatc
1477 2487 1597 2522 cum
1633 2470 1951 2525 suavissime
2003 2472 2362 2534 decantasset.
2392 2490 2449 2527 se
2499 2475 2700 2527 catlesti
2750 2473 3030 2526 dulcedine
3065 2469 3341 2540 perfusum
3383 2471 3570 2533 sensit,
3637 2486 3712 2522 ac

480 2553 830 2618 Compedibus
857 2556 1116 2615 solutum,
1149 2565 1200 2608 et
1237 2572 1329 2624 per
1367 2573 1542 2611 aerem
1581 2565 1812 2626 raptum;
1874 2561 2053 2612 statim
2087 2578 2115 2613 a
2153 2562 2210 2612 D.
2253 2559 2471 2613 Nicolao
2509 2560 3032 2627 Constantinopolim
3071 2558 3360 2611 translatus
3390 2567 3489 2610 est.
3530 2557 3700 2609 Cum

479 2635 550 2688 ibi
576 2636 888 2707 Gregorium
914 2641 1020 2708 jam
1045 2641 1355 2695 defunctum
1389 2645 1741 2712 deplorasset,
1777 2650 1827 2698 in
1858 2648 2142 2719 ecclesiam
2169 2648 2225 2700 S.
2269 2647 2490 2699 Joannis
2523 2646 2890 2716 Cluysostomi
2943 2645 3186 2706 secessit,
3242 2645 3329 2698 ubi
3361 2644 3594 2712 populos
3623 2644 3702 2696 ad

476 2723 757 2798 ecclesiam
793 2728 1123 2792 conﬂuentes
1144 2731 1345 2784 cmicin
1382 2733 1643 2798 sapientia
1710 2733 1961 2798 erudivit,
1986 2744 2037 2787 et
2061 2739 2126 2789 ad
2164 2737 2406 2789 omnium
2459 2735 2802 2787 commodum
2854 2734 3162 2786 cmnobium
3209 2732 3491 2794 exstruxit,
3523 2728 3700 2798 quod

480 2813 660 2864 statim
704 2828 1026 2898 numerosus
1060 2817 1430 2886 religiosorum
1486 2832 1659 2874 costus
1713 2823 1964 2889 explevit.
2023 2825 2250 2889 Accepta
2298 2834 2471 2874 autem
2517 2837 2579 2873 ex
2632 2822 2774 2872 dono
2806 2819 2861 2872 S.
2909 2819 3281 2871 Bartholomaai
3323 2819 3562 2886 reliquia,
3624 2819 3702 2871 ad

481 2897 600 2960 ejus
633 2901 836 2952 cultum
865 2905 1149 2955 ecclesiam
1178 2906 1450 2969 excitavit,
1487 2907 1670 2974 ibique
1696 2909 1898 2974 plut-ies
1923 2909 1982 2961 S.
2013 2909 2291 2976 apostolus
2335 2907 2678 2974 spectabilem
2705 2905 2938 2972 Josepbo
2981 2904 3270 2956 dormienti
3303 2920 3358 2957 se
3407 2906 3698 2970 exhibuit,

482 2983 639 3051 eique
669 2987 845 3039 abdita
875 2990 1130 3042 nonnulla
1167 2993 1438 3058 mysteria,
1472 3008 1532 3045 ac.
1581 2993 1891 3047 diﬁieillima
1925 3010 2204 3048 sacrarum
2256 2994 2551 3063 litterarum
2582 2993 2695 3045 loca
2721 2992 3048 3060 explanavit;
3079 2991 3387 3044 ccelestibtts
3419 2991 3700 3047 benedic~

485 3070 723 3124 tionibus
753 3081 804 3125 et
836 3074 1255 3129 chariSanatihus
1298 3080 1612 3141 cumulavit,
1668 3090 1724 3131 ut
1768 3089 2033 3133 terrarum
2097 3081 2278 3132 orbem
2325 3081 2634 3131 cantionum
2690 3079 2954 3131 suavitate
2991 3077 3342 3137 demulceret,
3377 3075 3693 3146 Joseplutm

485 3170 713 3222 superna
752 3159 1123 3214 benedictione
1151 3164 1346 3229 bt-avit,
1379 3175 1431 3217 et
1459 3167 1510 3217 in
1559 3167 1674 3233 ejus
1719 3167 1954 3234 linguam
1978 3181 2222 3233 supernae
2265 3165 2539 3231 sapientiae
2575 3164 2759 3216 latices
2807 3163 3026 3232 largiter
3062 3161 3258 3214 inﬁuit.
3294 3161 3366 3214 Ex
3391 3171 3516 3216 tunc
3541 3178 3697 3216 car-

486 3241 628 3293 mina
660 3245 845 3310 panxit
873 3246 1141 3300 uberrime
1168 3263 1232 3300 eo
1263 3263 1474 3302 nectare
1506 3250 1722 3312 referta,
1754 3251 2139 3320 leporibusque
2188 3253 2534 3312 concinnata,
2561 3259 2620 3303 ut
2678 3251 2982 3302 auditorum
3030 3263 3094 3302 ac
3146 3249 3431 3316 legentium
3464 3251 3704 3306 animos

481 3329 612 3378 ntira
651 3331 932 3384 dulcedine
962 3335 1303 3413 perfundant.
1334 3345 1385 3388 ct
1419 3351 1760 3405 quocumque
1797 3340 1959 3391 velint
1995 3337 2262 3413 facillime.
2284 3337 2498 3389 ﬁeclant
2532 3356 2545 3390 :
2583 3337 2715 3389 adeo
2751 3346 2808 3388 ut
2841 3351 2905 3388 ex
2949 3335 3137 3387 iisdem
3162 3334 3520 3387 caalicolarum
3545 3351 3700 3389 ean-

478 3423 654 3466 torum
695 3417 858 3470 melos
898 3412 1110 3472 effluere
1143 3419 1209 3472 ad
1241 3423 1542 3474 animarum
1579 3425 1826 3477 solatium
1862 3434 2033 3492 putet.
2065 3425 2199 3478 llinc
2227 3412 2414 3475 merito
2465 3425 2584 3488 ejus
2608 3422 2793 3491 hymni
2820 3422 2887 3474 ab
2921 3421 3156 3474 Ecclesia
3188 3420 3370 3475 Graeca
3400 3422 3450 3474 in
3499 3424 3700 3490 sacris

482 3500 676 3553 divina:
714 3504 1028 3570 psalmodiae
1060 3505 1191 3559 locis
1235 3509 1500 3572 translati,
1532 3511 1596 3560 ad
1645 3511 1887 3563 cmlitum
1925 3510 2134 3563 laudem
2188 3511 2562 3562 decantantur.
2603 3509 2792 3562 Multos
2829 3508 2880 3560 in
2914 3507 3160 3560 haeresim
3190 3508 3364 3576 lapsos
3394 3509 3457 3562 ad
3486 3509 3698 3563 catho—

478 3584 634 3638 licam
669 3586 826 3640 ﬁdem
864 3591 1154 3651 revocavit,
1190 3592 1493 3661 multosque
1524 3610 1550 3645 a
1577 3595 1754 3647 szcculi
1813 3595 2076 3648 illecebris
2101 3605 2333 3661 ereptos.
2369 3597 2681 3648 monasticae
2709 3595 2828 3645 vitae
2861 3592 3088 3645 addixit.

553 3696 622 3747 At
663 3696 790 3750 dum
833 3698 884 3750 in
915 3698 998 3752 his
1046 3700 1266 3754 sedulus
1314 3701 1619 3764 insndabat,
1666 3703 1848 3773 inclyti
1900 3705 1996 3757 viri
2026 3704 2232 3758 labores
2287 3702 2591 3757 exturbavit
2652 3701 2980 3772 Theophilus
3016 3711 3305 3771 imperator
3332 3695 3360 3774 ’(
3383 3719 3484 3756 non
3536 3705 3705 3760 Con-

479 3785 755 3838 stantinus
781 3785 1180 3857 Copronymus,
1211 3799 1268 3841 ut
1290 3803 1354 3841 ex
1379 3790 1537 3842 citata
1569 3791 1888 3844 Henschcnii
1913 3802 1963 3844 et
1993 3791 2344 3860 Papebrochii
2395 3791 2750 3860 correctione)
2786 3792 2877 3860 qui
2907 3799 2960 3844 et
2990 3792 3103 3860 ipse
3158 3792 3326 3845 sacris
3359 3793 3707 3860 imaginibus

478 3867 747 3934 infensus,
775 3870 1072 3941 Josephum
1103 3875 1410 3943 evangelica
1445 3877 1690 3930 libertate
1731 3879 2167 3943 concionantem,
2209 3879 2259 3930 in
2317 3879 2565 3931 exsilium
2621 3877 2786 3946 ejieit,
2837 3879 2889 3930 in
2941 3893 3046 3945 quo
3100 3876 3221 3930 forti
3275 3879 3455 3931 animo
3503 3881 3701 3935 exsilii

470 3971 740 4012 xrumnas
779 3975 1064 4027 perpessus
1086 3972 1185 4027 est,
1219 3964 1518 4030 usquedum
1540 3956 1580 4016 ‘a
1621 3963 1875 4018 Michaele
1901 3965 2231 4033 imperatore
2254 3963 2778 4032 ConstantinOpolim
2800 3974 3100 4018 revocatur.
3122 3963 3250 4018 lmle
3269 3966 3465 4032 spretis
3501 3967 3699 4033 digni-

475 4045 671 4099 tatibus
701 4047 838 4100 ultro
861 4048 961 4102 sibi
991 4049 1207 4111 oblatis,
1243 4051 1621 4103 ecclesiastica:
1646 4051 1993 4118 supellectilis
2023 4054 2320 4107 custodiam
2362 4055 2588 4120 accepit.
2626 4062 2683 4105 ut
2709 4052 2915 4122 Ignatio
2971 4051 3304 4106 Patriarcha
3342 4053 3708 4122 obtempera-

474 4142 555 4184 ret
587 4150 599 4183 :
633 4133 719 4186 hic
751 4135 894 4187 enim
926 4133 1146 4203 Josepbi
1175 4137 1584 4189 sanctimoniam
1616 4136 2022 4207 doctrinamque
2053 4142 2412 4211 perpendens,
2443 4144 2492 4194 in
2526 4142 2916 4212 pertractandis
2948 4141 3200 4196 Ecclesiae
3241 4145 3469 4211 negotiis
3502 4146 3692 4212 ipsum

446 4219 723 4274 adhibere
779 4222 1047 4289 cupiebat,
1099 4225 1240 4290 quod
1294 4239 1356 4275 ex
1385 4224 1581 4277 collato
1626 4240 1845 4278 munere
1895 4227 2127 4282 obtinuit
2167 4249 2178 4281 :
2214 4230 2438 4296 ideoque
2472 4230 2522 4281 in
2567 4230 2728 4282 rebus
2773 4228 3104 4282 difficillimis
3160 4230 3356 4298 saepius
3382 4229 3692 4299 Josepbum

466 4306 801 4367 consulebat,
825 4317 876 4362 et
900 4308 967 4361 ab
993 4309 1111 4377 ejus
1149 4324 1242 4363 ore
1297 4309 1527 4363 dulciter
1571 4311 1850 4378 pendebat.
1900 4312 2326 4381 Acceptissimus
2347 4317 2507 4369 etiam
2540 4315 2730 4368 Photio
2756 4316 3059 4370 successori
3099 4315 3217 4379 fuit,
3255 4318 3342 4384 qui
3381 4316 3690 4384 Josephum

463 4407 524 4444 ea
557 4395 980 4463 prosequebatur
1008 4398 1383 4457 aestimatione,
1423 4407 1478 4446 ut
1506 4398 1682 4464 ipsum
1712 4400 2006 4467 appellaret
2044 4400 2256 4456 Patrem
2311 4403 2549 4467 Patrum,
2578 4415 2628 4456 et
2663 4405 2934 4457 hominem
2971 4403 3060 4456 Dei
3088 4422 3100 4457 :
3136 4415 3389 4473 tanquam
3423 4405 3687 4473 angelum

469 4481 846 4541 venerabatur,
880 4482 963 4533 cui
986 4491 1046 4534 et
1072 4482 1322 4535 Ecclesia)
1347 4485 1556 4551 negotia
1589 4484 1968 4550 demandabat,
2005 4504 2303 4558 omnesque
2353 4489 2607 4543 Ecclesia:
2647 4490 2906 4558 primates
2942 4490 3277 4553 hortabatur,
3311 4498 3370 4544 ut
3420 4493 3687 4545 eumdem

464 4564 631 4618 veluti
671 4567 1071 4618 sanctissimum
1103 4566 1312 4619 Patrem
1365 4570 1678 4632 recolerent,
1702 4582 1749 4625 et
1780 4573 1876 4639 ipsi
1929 4577 2122 4628 mentis
2166 4591 2358 4628 arcana
2415 4578 2756 4646 delegerent;
2793 4577 2935 4644 quod
2962 4577 3215 4630 libentius
3245 4578 3635 4646 perpetrabant
3666 4597 3683 4630 :

467 4653 775 4720 prophetica
811 4654 951 4705 enim
975 4654 1092 4705 luce
1126 4653 1398 4719 perfusum
1436 4659 1636 4718 experti
1691 4671 1837 4723 sunt,
1871 4676 1980 4728 quo
2020 4662 2264 4714 cordium
2317 4663 2608 4730 penetralia
2659 4663 2884 4716 rintabat
2913 4680 2925 4715 :
2957 4661 3225 4731 Josephus
3259 4674 3436 4716 autem
3479 4678 3688 4719 omnes

463 4742 527 4794 a.l
567 4751 767 4792 rectam
809 4738 1018 4792 Domini
1049 4739 1186 4792 viam
1212 4741 1484 4809 dirigebat.
1519 4742 1757 4798 Tandem
1791 4748 2027 4814 undique
2056 4750 2439 4803 celeberrimus
2481 4751 2790 4813 virtutibus,
2813 4765 2888 4810 ac
2919 4750 3277 4802 sanctimonia
3312 4751 3682 4813 clarissimus,

465 4829 532 4880 ab
560 4828 749 4896 angelo
781 4828 1142 4882 connnonilus
1164 4836 1263 4891 est,
1293 4830 1393 4881 sibi
1436 4830 1634 4883 inStare
1667 4835 1852 4883 mortis
1879 4834 2018 4886 dietn
2059 4855 2072 4899 ;
2108 4837 2336 4907 ideoque
2372 4839 2619 4891 onmibus
2643 4837 2856 4906 rejectis
2885 4838 3051 4901 curis,
3085 4837 3148 4890 ad
3169 4838 3340 4903 ipsam
3374 4836 3688 4891 ferventius

464 4930 522 4967 se
554 4909 779 4982 paravit,
805 4928 865 4966 ac
897 4913 1109 4966 tandem
1148 4916 1210 4967 ad
1241 4917 1434 4968 cadum
1466 4919 1714 4980 evolavit,
1746 4919 1795 4968 in
1830 4937 1935 4987 quo
1969 4924 2014 4974 D.

2138 4938 2193 4975 ra
2229 4925 2541 4993 ctelitesque
2582 4940 2792 4991 omnes,
2821 4940 3051 4993 quorum
3119 4925 3292 4992 elogia
3343 4923 3686 4977 decantave-

462 5013 564 5064 rat,
597 5019 808 5056 summo
840 5005 1042 5057 honore
1071 5020 1348 5072 excepere,
1391 5007 1423 5057 5
1453 5006 1650 5072 Aprilis
1681 5022 1822 5058 anno
1851 5009 1970 5062 885.

535 5111 588 5162 Si
623 5112 774 5180 plura
814 5113 944 5164 tanti
968 5114 1067 5166 viri
1107 5116 1280 5182 cupis,
1310 5115 1532 5167 consule
1557 5115 1674 5180 ejus
1712 5116 1885 5171 Vitam
1920 5136 1947 5173 a
1982 5120 2186 5175 Joanne
2224 5121 2456 5174 Diacono
2480 5122 2756 5191 scriptam,
2784 5121 2922 5189 apud
2949 5119 3228 5174 Octavium
3257 5117 3581 5180 Caetanum,
3617 5137 3675 5174 in

468 5198 607 5251 Vitis
636 5198 736 5251 SS.
773 5199 1075 5255 Siculorum
1102 5242 1114 5263 ,
1183 5212 1314 5255 tom.
1363 5203 1416 5262 ll,
1448 5202 1592 5266 p.45,
1625 5203 1692 5256 ab
1721 5221 1785 5256 eo
1814 5208 2039 5273 primum
2071 5210 2170 5262 sub
2196 5209 2448 5273 anonymi
2469 5209 2749 5276 scriptoris
2771 5209 2987 5260 nomine
3008 5207 3225 5268 editam,
3253 5220 3317 5258 ex
3343 5221 3444 5259 ms.
3477 5206 3687 5261 codice

463 5286 649 5338 Grmco
677 5291 980 5342 monasterii
1006 5290 1062 5341 S.
1101 5290 1396 5341 Salvatoris
1428 5288 1704 5355 Messana},
1731 5294 1797 5345 ab
1826 5296 2125 5361 Augustino
2176 5296 2375 5347 Florito
2397 5312 2508 5348 sor.
2540 5298 2658 5361 jcsu
2709 5278 2994 5348 Latinitate
3032 5293 3318 5353 donatam;
3349 5294 3539 5347 exinde
3573 5295 3685 5348 sub

461 5369 684 5426 Joannis
719 5374 934 5429 Diaconi
971 5378 1188 5428 nomine
1215 5378 1455 5429 eamdem
1500 5380 1549 5428 in
1587 5378 1756 5431 lucem
1791 5384 2018 5438 emisere
2062 5385 2428 5439 llenschenius
2461 5395 2512 5438 et
2543 5384 2963 5452 Papebrochius,
3001 5382 3052 5433 in
3083 5382 3230 5434 Artis
3255 5379 3353 5433 SS.
3381 5381 3413 5435 5
3443 5383 3681 5450 Aprilis,

464 5476 496 5528 Ρ
545 5461 669 5523 2G9;
698 5463 713 5530 (
750 5463 979 5516 ltictiam
1013 5461 1188 5516 Vitam
1226 5481 1270 5514 s.
1297 5462 1511 5532 .loscplti
1543 5481 1605 5518 ex
1648 5466 1963 5536 Synaxariis
1994 5489 2120 5527 mss.
2154 5472 2369 5524 edidere
2406 5488 2456 5540 p.
2488 5471 2636 5539 266;)
2665 5471 2908 5524 eamdem
2937 5471 3097 5522 etiam
3123 5483 3184 5520 ex
3224 5469 3548 5536 perantiquo
3581 5485 3684 5522 co-

462 5551 577 5602 dice
597 5551 936 5604 Bibliotbcce
973 5550 1238 5604 Vaticanm
1273 5554 1322 5603 in
1358 5551 1604 5607 Latinum
1635 5557 1948 5610 translatam
1983 5576 2008 5611 a
2039 5560 2310 5611 Ludovico
2337 5558 2629 5611 Marraccio
2657 5573 2687 5609 e
2714 5559 3125 5625 congregatione
3150 5557 3343 5610 Cleric.
3373 5556 3544 5626 regul.
3570 5555 3685 5610 Ma-

464 5639 560 5689 tris
593 5636 702 5696 Dci,
733 5639 895 5687 edidit
930 5638 1246 5706 Hippolytus
1281 5637 1602 5695 Man-accitis
1640 5642 1823 5709 frater,
1860 5646 2096 5709 ejusdem
2127 5647 2576 5716 Congregationis
2611 5646 2866 5699 sacerdos
2900 5645 2950 5698 in
2989 5645 3207 5698 Mariali
3238 5645 3410 5712 ipsius
3433 5642 3492 5696 S.
3519 5643 3685 5696 Josi'-

461 5726 571 5789 phi,
603 5724 692 5786 qui
725 5732 776 5773 et
803 5738 861 5772 ea
899 5740 1016 5788 qua:
1048 5726 1099 5777 in
1136 5725 1442 5778 ercorum
1486 5729 1699 5782 Menzcis
1739 5749 1800 5783 ac
1852 5733 2162 5802 MenoIOgiis
2193 5735 2257 5786 dc
2286 5732 2520 5802 Joscpho
2573 5734 2856 5795 habentur,
2899 5733 3186 5786 lectoribus
3214 5731 3477 5784 exhibuit.
3511 5730 3586 5782 De
3609 5744 3684 5782 eo

458 5811 620 5863 ctiam
655 5808 922 5876 Josephus
959 5809 1295 5878 Pcrdicarus,
1323 5816 1373 5867 in
1419 5815 1563 5870 Vitis.
1594 5817 1693 5873 SS.
1727 5819 2008 5874 δέσμιοι-κη

2145 5821 2277 5884 282;
2302 5820 2654 5876 llicronvtnus
2673 5818 2906 5889 Bascapc
2923 5818 3254 5886 Epltcmerid.
3274 5819 3422 5873 Sacr.
3457 5818 3490 5871 5
3510 5816 3681 5884 Apri-
