3926 6308
204 175 313 242 929
1635 170 1968 231 ΝΟΤΙΤΙΑ.
2152 208 2165 224 .
3291 179 3296 186 ·
3314 169 3422 234 9ἳο

205 295 279 348 lis
304 309 336 346 a
369 305 489 362 pag.
512 292 601 360 3i;
631 291 820 346 Simon
853 287 1314 359 Wnngnercckius
1349 288 1401 341 in
1455 285 1855 356 Prolegomcnis
1882 285 1946 337 ad
1993 283 2242 338 Pietatem
2280 283 2575 338 Matianum
2619 286 2939 348 (iraa-orum,
2967 301 3018 338 n.
3045 284 3134 347 22;
3166 286 3255 351 qui
3280 285 3422 339 duo.

205 378 498 447 distinguit
540 377 804 448 Josepbos
832 363 1288 449 bytnnographos.
1329 390 1561 444 quorum
1588 388 1749 432 unus,
1789 370 1850 424 S.
1885 370 2151 424 Theodori
2188 371 2415 424 Studita:
2451 371 2634 433 frater,
2663 370 3418 442 cpiscopusTltcssaltttticrtl-

206 465 310 528 sis,
337 469 474 520 alter
503 475 684 519 noster
715 467 931 519 Siculus
961 481 975 529 ;
1011 473 1061 528 ct
1089 465 1213 516 huic
1249 455 1596 516 ascribcndos
1624 469 1774 528 putat
1793 474 2030 530 canones
2060 460 2149 527 qui
2181 459 2230 510 in
2265 460 2574 512 Crtecorum
2603 459 2816 515 Menaeis
2838 463 3038 514 nudum
3072 458 3293 527 Joscphi
3323 474 3419 512 no-

208 567 336 606 men
369 554 693 623 praeferunt;
723 555 952 627 ejusque
971 553 1249 606 sententia:
1281 551 1557 604 adlimrent
1588 546 1958 600 llenschenius
1981 554 2034 596 et
2059 545 2480 612 [’apebrot-hins.
2513 546 2566 597 in
2612 562 2810 600 comm.
2869 548 3066 615 praevio
3097 550 3184 600 ad
3237 544 3415 600 Vitam

211 639 242 711 ξ
271 641 328 702 '2.
375 647 429 696 n.
454 642 518 694 10
539 651 592 695 et
619 642 704 695 11.
741 638 870 694 Vide
907 640 1066 693 etiam
1096 638 1357 692 Jacobum
1379 631 1551 689 ‘Goar
1583 636 1632 686 in
1665 633 1946 688 Glossario
1963 631 2035 684 ad
2097 629 2303 685 Rituale
2347 629 2673 693 Crwcorum,
2729 633 3076 685 Marraccium
3112 633 3334 686 citatum
3364 634 3417 686 in

212 732 474 786 Biblioth.
515 732 784 792 Mariana,
821 740 958 798 part.
992 731 1026 782 Ι.
1060 747 1112 801 p.
1142 728 1276 790 822,
1317 726 1576 780 Joannem
1615 723 1810 778 Nadasi
1845 723 1896 774 in
1919 724 2066 776 Anno
2103 722 2576 790 rtelcsti‘liaprilis;
2618 722 2844 775 Leonem
2867 722 3119 776 Allatium
3165 723 3236 777 De
3269 725 3418 778 libris

204 808 579 873 ecclesiasticis
609 818 908 871 Graecorum
935 819 1060 872 diss.
1095 819 1178 881 1.;
1210 815 1555 870 Franciscum
1588 823 1857 866 rarreram
1888 811 1940 863 iu
1988 806 2180 862 Pantlt.
2212 808 2390 862 Siculo
2424 825 2474 877 p.
2508 809 2619 870 75.,
2643 807 2918 861 Bocchum
2940 809 3149 862 Pirrum
3185 811 3237 862 in
3259 813 3414 878 notit.

208 906 419 960 Eccles,
452 904 822 973 syracusamu,
856 919 906 973 p.
944 904 1066 968 139;
1100 902 1362 955 Tiomam
1385 898 1438 953 St
1453 902 1645 953 rotittm
1676 900 1727 951 in
1757 899 2120 955 Controversia
2150 897 2389 967 Concept.
2435 909 2572 967 part.
2604 916 2640 960 t.
2671 899 2764 973 lib.
2789 899 2848 963 ll,
2873 914 2993 973 cap.
3027 898 3110 962 19,
3143 915 3195 966 p.
3229 900 3348 960 162).
3366 908 3421 954 et

207 1006 334 1060 cap.
371 991 458 1044 ΞΟ.
491 970 543 1058 p.
578 992 698 1054 165;
763 970 1070 1045 Michaelcm
1116 987 1376 1056 Altgrltllll
1419 986 1836 1041 Mancharusum
1877 990 1930 1041 in
1979 987 2302 1041 Kalendario
2350 986 2707 1056 Syracusano;
2757 970 3054 1041 Caetanum
3109 988 3332 1041 citatum
3365 989 3419 1043 in

207 1078 425 1146 lsagog.
455 1077 523 1129 ad
547 1079 669 1132 hist.
699 1077 865 1133 Sicul.
905 1093 954 1132 c.
982 1077 1070 1143 36,
1105 1093 1157 1129 ιι.
1181 1075 1271 1140 24,
1299 1074 1388 1142 25,
1414 1075 1678 1143 aliusque.

282 1143 512 1232 Scripsit
537 1161 809 1231 Jnsrphus
843 1181 858 1218 :
1585 1177 1588 1180 ’
1637 1203 1646 1210 .
1783 1143 1792 1165 ί

290 1248 526 1318 Hymnus
558 1253 877 1312 innumeros,
908 1265 972 1304 ex
995 1249 1194 1317 quibus
1216 1246 1612 1317 Hymnographi
1640 1262 1833 1302 nomen
1849 1247 2072 1316 accepit.
2095 1247 2154 1301 In
2171 1247 2556 1302 ecclesiasticis
2581 1246 2891 1300 Cnet-orum
2911 1247 3063 1301 libris
3080 1245 3253 1302 σεεν
3272 1251 3424 1319 hym—

210 1347 322 1389 nos
348 1334 368 1398 (
395 1351 534 1405 quos
559 1338 721 1391 etiam
756 1352 995 1392 canones
1018 1338 1234 1401 vocant)
1269 1351 1364 1404 per
1396 1335 1509 1388 dies
1536 1334 1850 1402 dispositos,
1870 1348 1931 1385 ac
1952 1333 2054 1400 ’per
2080 1333 2205 1386 anni
2252 1334 2514 1387 ambitum
2545 1333 2614 1385 ab
2641 1335 2881 1388 Ecclesia
2913 1333 3100 1388 Graeca
3147 1333 3425 1388 decantari

208 1421 410 1476 solitos
435 1422 697 1478 contineri
719 1409 944 1478 teStatur
965 1420 1233 1492 Caetanus
1259 1419 1362 1476 cit.
1381 1420 1436 1474 in
1463 1421 1701 1476 animad.
1733 1419 1886 1475 Tom.
1908 1419 1948 1474 ει
1971 1418 2070 1473 SS.
2096 1417 2323 1474 Siculor.
2353 1436 2404 1490 p.
2436 1421 2591 1485 18,11.
2618 1421 2707 1486 20,
2730 1430 2784 1474 et
2815 1419 3138 1476 Perdicarus
3174 1422 3281 1476 loc.
3323 1423 3424 1476 cit.
3459 1493 3463 1496 .

212 1521 275 1577 p.
304 1505 432 1568 291,
445 1523 674 1577 nempe:
772 1575 776 1579 _

287 1593 529 1650 Canones
585 1591 680 1648 ﬁt:
699 1593 770 1648 VI
798 1594 851 1648 in
887 1592 1235 1647 Paracletico.
1261 1589 1420 1646 Liber
1451 1602 1534 1646 est
1560 1591 1890 1658 Cra-corum,
1919 1590 2009 1660 qui
2041 1590 2279 1660 quotidie
2312 1591 2524 1659 aliquod
2561 1593 2888 1649 recitandum
2925 1593 2976 1648 in
3012 1596 3179 1649 choro
3206 1594 3427 1649 exliibct

211 1681 287 1734 ad
319 1681 552 1736 aliorum
584 1682 842 1747 librorum
873 1679 1251 1745 differentiam,
1271 1679 1468 1748 quibus
1504 1681 1720 1736 statutis
1749 1678 2079 1750 temporibus
2125 1686 2372 1740 utuntur,
2405 1693 2468 1731 ex
2506 1677 2686 1734 Leone
2711 1681 2906 1734 Allatio
2937 1681 3008 1734 De
3030 1681 3177 1735 libris
3218 1678 3426 1736 erco-

211 1781 364 1832 rum,
403 1762 618 1823 dissert.
651 1769 703 1832 1,
733 1785 786 1838 p.
816 1769 903 1824 68.
2450 1760 2460 1768 ’
3025 1801 3027 1803 ί

294 1853 544 1908 Canones'
575 1854 786 1910 XXXV
816 1858 869 1912 in
899 1857 1137 1926 Triotlio.
1166 1858 1324 1914 Liber
1351 1857 1440 1911 hic
1471 1854 1744 1910 recitanda
1777 1852 1831 1908 in
1865 1853 2033 1908 choro
2067 1867 2096 1906 a
2136 1851 2542 1921 Septuagesima
2574 1867 2746 1921 usque
2785 1852 2849 1908 ad
2887 1853 3180 1909 Sabhatum
3208 1855 3429 1924 Maioris

213 1939 589 1996 “ebdomada:
649 1944 1052 2014 complectitur,
1079 1963 1143 2000 ex
1181 1945 1379 2000 Allatio
1407 1944 1503 2000 cit.
1532 1942 1752 1997 dissert.
1778 1944 1832 2007 1,
1883 1956 1938 2011 p.
1975 1939 2081 2005 69;
2113 1947 2167 1994 et
2217 1937 2550 1994 Marraccius
2579 1941 2630 1993 in
2671 1939 2879 1995 Mariali
2921 1940 3138 1996 XXXVI
3173 1957 3202 1997 a
3245 1958 3299 2013 p.
3332 1944 3427 1999 501

215 2027 291 2082 ad
332 2027 456 2092 3‘22,
487 2042 552 2083 ex
588 2029 776 2084 eodem
813 2032 948 2087 libro
970 2033 1208 2087 exhibet.
1690 2080 1695 2086 .

295 2114 534 2168 Conone:
578 2113 616 2168 V
645 2119 696 2170 in
728 2117 1152 2176 Pentecostarin.
1190 2118 1347 2173 Liber
1388 2127 1471 2172 est
1494 2115 1806 2172 Graecorum
1833 2112 1926 2183 qui
1959 2112 2238 2168 recitanda
2263 2112 2318 2166 in
2357 2111 2527 2166 choro
2564 2111 2834 2168 aPaseha
2881 2127 3051 2182 usque
3087 2115 3154 2168 ad
3183 2123 3429 2182 octavam

214 2199 574 2259 Pentecostes
608 2205 870 2271 continet,
901 2222 964 2262 ex
1002 2207 1202 2261 Allatio
1228 2207 1319 2262 cit.
1352 2223 1402 2275 p.
1435 2204 1501 2256 ’Π
1533 2213 1588 2257 et
1613 2203 1703 2257 78'.
1793 2239 1796 2242 η
2276 2214 2280 2218 ’
2611 2246 2614 2247 ν

297 2293 558 2348 Cononem
587 2293 616 2347 Ι
651 2297 702 2348 in
733 2295 1038 2365 Horologio,
1073 2296 1215 2366 quod
1242 2312 1380 2350 mem
1401 2303 1482 2360 est
1511 2309 1574 2348 ac
1617 2291 1807 2346 Latine
1855 2286 2134 2354 diurnum,
2208 2306 2272 2345 ex
2307 2290 2496 2345 eodem
2529 2289 2723 2344 Allatio
2751 2290 2840 2344 cit.

297 2371 534 2434 Conone:
574 2381 706 2436 CLA
731 2382 864 2437 γιιι
910 2384 961 2436 in
1005 2383 1240 2438 Menais.
1271 2382 1498 2436 Codices
1524 2389 1650 2434 sunt
1674 2379 1981 2438 duodecim.
2004 2377 2158 2447 juxta
2187 2379 2469 2433 duodecim
2494 2380 2618 2432 anni
2641 2393 2851 2433 menses
2873 2377 3131 2442 distincti,
3163 2378 3214 2432 in
3233 2379 3431 2449 quibus

216 2466 472 2534 quotidie
501 2468 838 2523 decantanda
866 2471 1013 2523 horis
1035 2469 1315 2524 canonicis
1341 2467 1406 2520 ad
1455 2465 1569 2529 Dei,
1603 2465 1846 2534 Deipara:
1876 2479 1939 2519 ac
1972 2476 2281 2520 sanctorum
2326 2466 2537 2519 laudem
2588 2467 2957 2529 continentur,
2997 2483 3059 2520 ex
3113 2467 3309 2522 Allatio
3332 2470 3428 2521 cit.

219 2565 258 2619 p
316 2551 404 2604 78.
432 2551 535 2606 Sed
570 2554 709 2606 haud
735 2557 1252 2623 prmterniittendum
1286 2561 1416 2622 puto
1434 2567 1496 2605 ex
1519 2551 1706 2605 eodem
1733 2566 1784 2619 p.
1815 2551 1904 2614 8i,
1941 2550 1998 2603 S.
2029 2549 2248 2621 Joseplii
2285 2551 2533 2621 hymnos.
2562 2553 2814 2606 omnibus
2836 2553 3064 2606 aliorum
3091 2552 3428 2620 Graacorum,

217 2638 320 2706 qui
365 2639 419 2692 in
450 2636 581 2708 ipsis
616 2638 833 2696 Mena-is
858 2643 1286 2710 c0mperiuntur,
1314 2638 1738 2709 anteponendos.
1771 2636 1882 2690 lmo
1911 2638 2029 2704 ejus
2058 2635 2192 2690 Vita:
2219 2638 2518 2705 scriptores
2553 2639 2794 2700 tradunt,
2828 2647 3011 2706 poetas
3030 2641 3432 2708 scriptoresque

220 2738 419 2778 omnes
449 2735 567 2793 post
589 2727 765 2795 ipsum
797 2729 1068 2793 ﬂorentes,
1093 2743 1213 2796 quae
1262 2725 1560 2780 venustatis
1582 2733 1636 2778 et
1660 2723 2040 2778 concinnitatis
2073 2723 2292 2787 habent,
2319 2723 2498 2777 omnia
2529 2739 2594 2776 ex
2634 2723 2851 2791 .losephi
2902 2726 3135 2794 hymnis,
3173 2736 3430 2802 tanquam

220 2824 292 2862 ex
327 2811 532 2864 caelesti
561 2813 862 2866 aurifodina
901 2814 1126 2870 eruisse.
1173 2812 1243 2866 Ex
1274 2813 1354 2867 his
1383 2812 1634 2865 omnibus
1664 2809 1836 2871 libris.
1875 2810 2100 2877 aliisque
2133 2825 2265 2864 is.
2281 2809 2558 2865 codicibus
2586 2811 2971 2863 celeberrimus
2998 2811 3096 2872 vir,
3119 2812 3435 2881 etiDeipara:

221 2896 407 2950 cultor
423 2898 654 2968 inclytus
671 2898 990 2966 Hippolytus
1016 2899 1311 2952 Marracius
1355 2896 1614 2950 Lucensis
1632 2889 1858 2964 hymnos
1874 2890 2082 2964 collegit
2106 2911 2294 2969 omnes
2317 2896 2554 2961 Graecos,
2577 2913 2713 2966 quos
2749 2896 2806 2951 S.
2832 2897 3098 2968 losephus
3115 2900 3164 2952 in
3190 2898 3433 2969 Deiparre

221 2983 444 3037 laudem
466 2964 678 3048 cecinit.
699 2964 755 3040 ei
773 2964 1059 3039 Latinitate
1071 2987 1304 3038 donatos
1322 2982 1428 3038 fere
1455 2997 1641 3037 omnes
1663 2999 1691 3035 a
1710 2982 1980 3037 Ludovico
2006 2964 2295 3035 Marrarcio
2308 2983 2426 3049 ejus
2445 2964 2627 3046 fratre,
2646 2984 2829 3045 edidit,
2852 2964 3097 3050 notisque
3144 2964 3350 3039 illustra
3392 2988 3432 3039 it

221 3069 332 3122 hoc
368 3073 611 3138 apposito
654 3064 807 3125 titulo
841 3089 855 3124 :
888 3071 949 3126 S.
975 3069 1188 3138 Iosephi
1215 3071 1611 3139 hymnographi,
1663 3065 1849 3130 Siculi,
1895 3067 2250 3137 Syracusani,
2280 3068 2492 3123 Ordinis
2528 3069 2588 3121 D.
2643 3069 2834 3122 Basilii
2872 3073 3132 3133 monachi,
3176 3071 3428 3139 Hariale,

217 3172 326 3225 quo
357 3157 586 3224 ejusdem
615 3157 675 3212 S.
697 3159 906 3226 Joseplii
938 3159 998 3210 de
1043 3159 1420 3226 augustissima
1449 3155 1562 3208 (teli
1587 3164 1834 3224 ternaque
1860 3153 2052 3222 Regina
2081 3154 2304 3222 Deipara
2327 3156 2519 3222 virgine
2553 3154 2747 3218 Maria,
2772 3171 2926 3222 Opera
2945 3158 3120 3209 omnia
3147 3174 3261 3226 qut:
3286 3175 3427 3226 repeq

221 3244 322 3294 tiri
355 3254 655 3310 potuerunt,
684 3261 748 3299 ea:
766 3243 962 3298 Cranii:
988 3259 1111 3296 mss.
1143 3241 1408 3295 codicibus
1457 3241 1674 3294 collecta
1702 3279 1718 3304 ,
1760 3240 1943 3294 Latine
1974 3239 2200 3304 reddita,
2249 3242 2482 3309 uotisque
2535 3241 2825 3305 illustrata,
2877 3259 3012 3294 nunc
3060 3247 3226 3308 primo
3259 3247 3431 3313 publi-

219 3343 434 3391 mntur.
458 3332 633 3384 studio
664 3349 726 3384 ac
754 3333 932 3384 labore
961 3331 1026 3384 P.
1061 3330 1336 3398 Hippolyti
1373 3327 1684 3399 Ma'rraccii,
1715 3326 1986 3389 Lucensis,
2025 3342 2051 3379 e
2093 3328 2490 3396 congregatione
2507 3329 2630 3378 cler.
2674 3328 2839 3395 regul.
2885 3327 3072 3380 Matris
3101 3329 3212 3395 Dei,
3233 3330 3430 3396 Romw,

221 3418 366 3487 typis
393 3415 593 3486 Ignatii
615 3419 678 3471 de
700 3417 940 3483 Lazaris,
975 3417 1130 3479 1661,
1167 3419 1224 3470 in
1260 3418 1313 3470 8.
1341 3415 1502 3468 Addit
1539 3428 1592 3467 et
1624 3415 1739 3482 ipse
1765 3412 2122 3478 Mari-accitis,
2160 3415 2210 3466 in
2242 3415 2388 3468 notis
2418 3415 2862 3484 p.425,.hymnos
2897 3419 3097 3471 multos
3130 3421 3350 3486 reperiri
3379 3422 3430 3472 in

221 3513 362 3557 mss.
396 3505 677 3559 codicibus
705 3490 1041 3558 bibliothecae
1089 3503 1421 3566 Barberinm,
1451 3502 1542 3570 qui
1575 3503 1626 3553 in
1655 3500 1815 3555 editis
1845 3501 2157 3554 Graacorum
2195 3500 2410 3556 Menaeis
2441 3503 2862 3568 desiderantur;
2903 3516 2952 3556 et
2992 3521 3113 3573 pag.
3147 3505 3435 3562 488M494

220 3591 324 3654 ait,
357 3591 498 3660 quod
530 3592 581 3643 in
613 3583 964 3657 Triodioms.
994 3589 1182 3644 (ἒν-ειερο
1198 3589 1436 3658 ejusdem
1461 3587 1706 3660 biblioth.
1744 3603 1796 3639 n.
1830 3587 1951 3647 118,
1983 3588 2162 3657 hymni
2185 3597 2399 3640 exstant
2439 3589 2700 3654 t10nnnlli,
2736 3590 2826 3656 qui
2854 3596 2906 3642 in
2927 3590 3189 3658 impresso
3213 3594 3434 3647 Tiiodio

219 3691 336 3730 non
363 3678 726 3746 reperiuntur.
757 3679 912 3746 Apud
949 3677 1229 3747 Octavium
1266 3675 1564 3729 Caetanum
1593 3675 1642 3728 in
1686 3672 1815 3728 Vitis
1842 3672 1950 3728 SS.
1985 3674 2445 3760 Siculorunydnaac
2473 3675 2526 3728 in
2550 3675 2802 3729 Latinum
2839 3692 2991 3731 versa
3020 3679 3090 3732 ab
3128 3679 3435 3749 Augusuno

216 3762 430 3818 Florito
461 3780 575 3820 soc.
592 3765 719 3820 Jesu
746 3767 1032 3828 habentur,
1055 3781 1245 3834 nempe
1269 3783 1282 3818 :

289 3851 547 3921 Antiquae
572 3852 702 3907 odcs
727 3851 1081 3921 fragmentum
1114 3853 1165 3905 in
1202 3854 1258 3907 S.
1287 3853 1616 3908 Marcianum
1652 3854 1962 3923 episcopum
1997 3851 2581 3922 Syracusanum.Tom.
2617 3855 2668 3920 1,
2697 3870 2747 3924 p.
2781 3857 2833 3909 7.

291 3938 350 3991 In
377 3939 435 3992 ὃ.
466 3943 773 4008 pontiﬁcem
802 3940 1146 3994 Pancratium
1173 3943 1426 4011 hymnus.
1455 3942 1527 3996 ib.
1560 3958 1611 4011 p.
1650 3941 1733 3994 15.

292 4026 351 4080 In
385 4026 442 4080 S.
470 4025 726 4080 Niconem
757 4038 1040 4097 martyrem
1077 4030 1328 4099 hymnus,
1355 4029 1484 4083 ibid.
1516 4045 1567 4099 p.
1605 4028 1675 4083 45
1703 4066 1718 4084 .

290 4109 350 4166 "In
384 4114 441 4166 S.
473 4113 721 4182 Eupliuin
754 4115 1007 4184 hymnus,
1050 4115 1178 4168 ibid.
1217 4106 1282 4182 ρ.
1311 4116 1431 4168 ili).

291 4199 536 4270 llymnus
569 4202 918 4256 secundusin
941 4202 996 4256 S.
1039 4202 1309 4270 Euplinm,
1339 4201 1668 4269 ibid.p.il2.

293 4287 544 4357 Hymnus
585 4290 637 4341 in
675 4287 732 4341 S.
767 4287 1050 4342 Fantinnm
1090 4305 1152 4341 ex
1183 4305 1284 4342 ms.
1316 4288 1500 4342 Graeco
1540 4290 1723 4341 codice
1770 4288 2079 4341 monasterii
2113 4287 2168 4344 S.
2202 4289 2432 4360 Philippi
2464 4288 2779 4360 Fragalatis,
2808 4291 2934 4346 ibid.
2967 4293 3148 4362 p.ltil.

295 4375 351 4428 In
385 4375 442 4428 S.
471 4375 785 4444 Gregorium
810 4377 1217 4443 Agrigentinum
1250 4375 1558 4445 episcopum
1596 4378 1843 4445 hymnus.
1882 4374 2013 4428 Ibid.
2056 4392 2106 4444 p.
2140 4376 2262 4430 218.

287 4463 348 4517 In
382 4461 441 4516 S.
479 4462 714 4516 Leonem
755 4466 1060 4533 episcopum
1097 4464 1477 4527 Catanensem,
1509 4464 1740 4533 hymnus
1772 4463 1968 4526 tom.l!,
2023 4479 2073 4531 p.
2099 4463 2188 4518 ‘26.

292 4553 534 4621 Denique
554 4555 691 4619 apud
710 4552 1056 4606 Laurentium
1076 4552 1292 4606 Surium
1322 4555 1374 4606 in
1399 4553 1532 4606 Vitis
1549 4553 1647 4607 SS.
1673 4552 1742 4606 24
1767 4552 1989 4621 Augusti
2016 4568 2066 4619 p.
2089 4553 2286 4622 9.54,}et
2309 4553 2582 4624 Aloysium
2611 4553 2962 4622 Lipomanum
2987 4555 3038 4608 in
3068 4555 3199 4610 Vitis
3231 4555 3325 4611 SS.
3357 4559 3429 4613 25

215 4641 452 4710 Augusti
493 4655 545 4710 p.
583 4639 704 4702 891,
740 4656 800 4692 ex
846 4639 1065 4692 Simone
1094 4640 1453 4712 Metaphraste
1484 4651 1658 4700 exstat
1685 4656 1861 4693 sermo
1884 4641 2170 4708 inscriptus
2203 4659 2216 4695 :
2265 4641 2477 4710 Joseplti
2524 4642 2735 4693 Immitis
2766 4651 2814 4694 et
2857 4643 3056 4694 minimi
3105 4641 3340 4695 laudatio
3373 4645 3428 4698 in

213 4738 466 4781 sanctum
505 4728 800 4790 apostolum
833 4727 1297 4780 Bari/tolatita'um.
1323 4726 1474 4780 Hunc
1500 4730 1665 4782 nostri
1699 4727 1918 4796 Josephi
1948 4727 2112 4780 fetum
2145 4738 2336 4796 putant
2373 4729 2628 4782 Octavius
2659 4727 2932 4781 Caetanus
2975 4728 3026 4779 in
3061 4730 3333 4783 animadv.
3360 4733 3425 4784 ad
3473 4779 3476 4783 .

219 4825 352 4868 tom.
383 4817 424 4868 Ι.
475 4813 574 4868 SS.
607 4814 771 4869 Sicut.
803 4831 856 4884 p.
892 4815 1011 4872 134,
1041 4831 1094 4868 ιι.
1121 4815 1183 4878 6;
1215 4814 1335 4866 etin
1361 4816 1628 4867 animadv.
1664 4817 1728 4867 ad
1762 4823 1894 4868 tom.
1916 4814 1979 4873 ll.
2017 4812 2457 4882 D.i8;JOSt’plttlS
2489 4813 2802 4867 Perdit-erus
2826 4814 2877 4866 in
2911 4813 3042 4866 Vitis
3067 4814 3162 4869 SS.
3198 4815 3426 4868 Siculor.

219 4915 273 4970 p.
304 4898 450 4961 29‘;
487 4900 858 4955 Henschenius
891 4910 942 4953 et
969 4899 1367 4968 Papehrochius
1425 4901 1476 4952 in
1509 4910 1750 4954 annotat.
1779 4901 1846 4953 ad
1878 4900 1982 4952 Vit.
2013 4899 2048 4952 S
2090 4897 2310 4967 .Iosephi
2348 4917 2397 4968 p.
2423 4901 2545 4952 274.
2587 4899 2646 4952 lli
2676 4914 2801 4952 vero
2830 4900 2881 4952 in
2904 4916 3102 4953 conum
3120 4913 3193 4954 nt.
3227 4905 3428 4970 prawio

215 4987 284 5041 tul
312 4988 559 5041 eamdem
593 4987 788 5047 Vitam.
813 4987 912 5059 §2,
945 5003 1002 5041 η.
1040 4989 1125 5048 11,
1151 5002 1213 5039 ex
1243 4987 1438 5039 Allatio
1459 4988 1511 5039 in
1532 4988 1833 5042 dissert.de
1859 4987 2192 5041 GramJibris
2219 5003 2268 5055 p.
2306 4989 2390 5051 it,
2422 4986 2634 5054 Josephi
2663 4989 2832 5041 nostri
2858 4999 3066 5058 putant.

284 5075 539 5130 Canones
564 5075 629 5130 de
654 5075 710 5130 S.
737 5073 981 5140 Nicolao,
1009 5085 1289 5130 servantur
1318 5074 1500 5130 Graece
1525 5090 1657 5130 mss.
1711 5077 1894 5128 Itonia:
1960 5077 2013 5128 in
2070 5074 2724 5128 bibliothecaBarberina.
