3926 6308
143 243 257 308 9ῗ3
562 250 570 260 ⁸
768 195 771 197 -
1608 290 1610 292 τ
1672 251 1708 313 ν

1811 250 1871 311 Α.
2221 263 2224 268 -
2540 240 2543 242 ’
2812 198 2814 202 τ
3266 252 3372 318 934

142 357 608 428 πολιτευσάμενος
629 360 976 416 ἀνεπαύσατο
998 362 1054 414 ἐν
1078 363 1267 436 Κυρίῳ
1296 380 1311 398 ο
1343 362 1708 440 λέγεταιγὰρ,

1812 365 1969 423 datas
1998 364 2372 435 pronuntiare,
2398 373 2451 420 et
2483 366 2718 436 prabcre
2744 364 3169 436 postulantibus.
3197 367 3381 440 Itaque

142 450 232 502 ὅτι
292 450 326 520 ἡ
364 451 495 519 ἁγία
549 452 712 505 αὐτοῦ
761 451 951 522 ψυχὴ,⁶
1001 454 1364 527 ὀψικευομένη
1395 458 1544 528 παρὰ
1601 458 1708 512 τῶν

145 539 324 607 ἁγίων
353 543 644 613 μαρτύρων
673 543 769 596 καὶ
809 543 1075 612 ἀγγέλων,
1127 548 1354 618 ἀνῆλθεν
1388 551 1449 619 ὲν,
1483 551 1596 612 τοῖς
1619 551 1709 601 οὐ-
1751 573 1753 575 ί

146 636 358 702 ρανοῐς.
392 636 705 702 Ἀνθρωπος
726 652 830 701 τις,
863 635 1002 706 ἔχων
1032 639 1216 692 δοῦλον
1240 642 1530 711 χρήσιμον,
1559 643 1709 695 ἐπεί-

147 740 256 792 περ
281 725 310 776 6
332 724 512 786 δοῦλος
536 726 758 792 ἔφυγεν,
788 726 1034 780 ἀπελθὼν
1057 731 1084 782 ὁ
1112 730 1296 798 κύριος
1330 730 1494 782 αὐτοῦ
1519 734 1596 793 εἰς
1619 734 1708 784 τὸν

147 813 343 880 Ἀγιον
381 815 652 882 Θεόδωρον
694 814 788 867 τὸν
822 817 1162 888 Φανερωτὴν,
1199 821 1500 889 παρεκάλει
1539 824 1704 878 αὐτὸν

143 905 461 974 φανερῶσαι
496 907 584 958 τὸν
620 907 804 960 δοῦλον
837 911 1003 962 αὑτοῦ
1027 927 1044 943 ο
1077 912 1410 980 προσμείνας
1431 913 1486 966 δὲ
1511 915 1709 980 ἱκανῶς

143 997 245 1058 καὶ
281 996 444 1065 μηδὲν
477 995 681 1065 μαθὼν,
723 998 1035 1052 ὲόουλεύετο
1067 1002 1442 1071 ἀναχωρῆσαι.
1471 1005 1706 1074 Ὄρθρου

141 1088 205 1139 δὲ
251 1088 424 1149 ὄντος,
474 1091 566 1141 καὶ
599 1089 755 1158 λόγου
787 1090 1140 1161 ψυχωφελοῦς
1177 1096 1705 1164 ἀναγινωσκομένου,

147 1178 692 1247 μικρδνάφύπνωσε,
751 1185 844 1234 καὶ
895 1184 1141 1257 ὥραμτὸν
1201 1185 1449 1257 μάρτυρα
1482 1186 1707 1254 λέγοντα

144 1269 298 1338 αὐτῷ
322 1286 337 1300 ·
365 1269 481 1322 Ἵνα
528 1272 580 1324 τί
618 1275 912 1344 περίλυπος
945 1253 1038 1338 ei];
1098 1274 1202 1326 Τοῦ
1250 1253 1474 1345 arcturo?)
1515 1253 1707 1347 Ἰωσὴφ

145 1361 503 1432 κοιμηθέντος
536 1363 705 1434 ταύτῃ
736 1369 801 1436 τῇ
837 1368 1012 1430 νυκτὶ,
1065 1366 1322 1438 ὀψικεύθη
1354 1370 1386 1439 ἠ
1416 1369 1561 1439 ψυχὴ
1603 1371 1707 1423 αὺ-

141 1451 238 1504 τοῦ
293 1455 441 1525 παρὰ
479 1456 691 1509 πάντων
749 1446 925 1527 ἡμῶν,
966 1457 1060 1521 οὓς
1108 1462 1326 1512 κανιῧσιν
1381 1461 1473 1513 καὶ
1519 1460 1706 1530 ὕμνοις

143 1542 406 1613 ἐτίμησεν
429 1546 522 1597 καὶ
551 1547 874 1621 ὲσυνοψισθη
913 1550 989 1611 εἰς
1021 1549 1153 1602 Θεόν
1182 1565 1198 1582 ο
1229 1552 1321 1604 καὶ
1350 1551 1444 1604 νῦν
1471 1553 1705 1621 πάρειμι

141 1633 282 1704 πρὸς
317 1634 397 1687 σέ.
428 1635 532 1689 Τοῦ
556 1620 742 1689 lett-toﬁ
771 1638 954 1691 τοίνυν
987 1637 1258 1707 δηλώσει·
1298 1641 1533 1694 Ἀπελϐε
1565 1620 1707 1696 καὲὰ

140 1724 294 1776 τόνδε
321 1725 410 1776 τὸν
436 1726 619 1788 τόπον,
652 1726 888 1798 τοῠνομα
919 1729 1258 1800 προσειπὼν,
1296 1732 1386 1785 καὶ
1428 1733 1704 1803 εὑρήσεις,

139 1813 204 1866 ὃν
238 1814 509 1885 ιπιζητεϊς
535 1816 750 1888 οἰκέτην
783 1835 896 1872 σου.

212 1907 271 1961 2.
317 1927 334 1958 ι
369 1907 426 1961 S.
453 1907 514 1961 P.
547 1906 614 1964 N.
644 1907 844 1978 .loseph
905 1910 1357 1982 Hymnographus
1388 1928 1450 1968 ex
1496 1912 1710 1970 Siculo-

143 2014 271 2052 rum
296 2000 570 2068 provincia
601 2009 740 2074 erat,
768 2005 1088 2068 parentibus
1122 2005 1341 2059 Plutiuo
1374 2016 1538 2075 alque
1563 2007 1710 2077 Aga-

147 2091 242 2145 tha
278 2110 292 2146 :
327 2092 380 2144 in
413 2092 833 2162 depopulatione
863 2103 1041 2148 autem
1085 2110 1198 2150 suae
1228 2098 1416 2166 patriae
1446 2113 1565 2152 cum
1595 2115 1712 2152 ma-

146 2191 230 2236 tre
265 2182 630 2253 fratribusque
675 2195 948 2252 servatus,
982 2189 1032 2240 in
1084 2188 1518 2257 Peloponnesum
1550 2191 1719 2257 abiit,

146 2273 382 2344 indeque
412 2292 471 2330 se
525 2278 799 2331 transtulit
843 2276 1318 2347 Thessalonicam;
1353 2291 1406 2337 et
1434 2284 1707 2338 decimum

145 2352 398 2437 quintum
422 2384 585 2437 agens
614 2369 788 2423 aetatis
819 2384 1049 2436 annum,
1084 2379 1339 2425 attonsus
1379 2380 1460 2427 est
1488 2373 1539 2426 in
1591 2389 1709 2427 mo-

147 2461 392 2515 nasterio
420 2451 694 2531 quodam:
755 2462 846 2515 ubi
909 2470 1072 2517 lotam
1109 2477 1319 2517 sacram
1370 2462 1706 2535 Scripturam

149 2559 306 2603 tanto
335 2564 456 2604 cum
489 2549 730 2619 profectu
763 2551 1024 2614 decurrit,
1059 2560 1117 2605 ut
1142 2543 1423 2622 presbyter
1451 2559 1710 2613 meruerit

147 2639 416 2703 ordinari,
446 2650 645 2695 etcum
675 2640 983 2710 Decapolita
1019 2640 1280 2712 Gregorio
1321 2644 1709 2699 Censtautino-

141 2729 324 2798 ,polim
351 2731 585 2785 transiit.
614 2731 908 2800 Postquam
932 2744 1112 2786 autem
1136 2734 1237 2787 sub
1267 2734 1450 2789 Leone
1473 2739 1711 2792 Armeno

148 2821 335 2874 denuo
363 2823 680 2876 resuscitata
716 2821 1196 2878 leonomachorum
1232 2826 1454 2881 haeresis
1487 2827 1711 2882 extulis-

150 2922 236 2967 set
262 2920 442 2980 caput,
496 2913 766 2982 deprecati
821 2923 946 2968 sunt
979 2928 1224 2970 sanctum
1264 2917 1583 2986 Gregorium
1619 2935 1710 2972 or-

150 3005 398 3066 thodoxi.
426 3015 486 3059 ut
520 3005 744 3058 Romam
767 3008 1082 3061 destinaret
1107 3007 1423 3077 Josephum.
1459 2992 1704 3065 ﬁdelibus
1731 3045 1775 3103 ο

148 3095 226 3149 ibi
259 3093 576 3164 degentibus
600 3097 992 3161 nuntiaturum,
1019 3099 1147 3166 quid
1201 3098 1506 3153 accidisset.
1543 3097 1704 3151 Navi-

148 3186 299 3256 gavit
328 3187 490 3256 igitur
519 3202 621 3251 eo;
655 3187 746 3240 sed
791 3202 818 3239 a
867 3188 1223 3242 barbarorum
1264 3190 1491 3256 navigiis
1537 3190 1706 3242 inter-

147 3286 360 3346 ceptus,
393 3276 660 3330 abductus
684 3278 736 3329 in
774 3277 990 3331 Cretam
1025 3278 1274 3346 captivus
1313 3287 1418 3332 est.
1453 3277 1567 3332 Una
1608 3295 1705 3331 utt-

149 3376 261 3420 tem
319 3367 559 3420 noctium
628 3375 815 3420 astans
888 3369 1060 3420 eidem
1134 3369 1398 3436 quidam,
1473 3369 1706 3436 speciem

151 3458 512 3528 pontificalem
550 3457 880 3526 pra'lerens:
919 3458 993 3512 Ex
1040 3442 1209 3528 Myra,
1242 3460 1437 3527 inquit,
1471 3459 1578 3514 huc
1610 3460 1707 3511 ad-

146 3548 303 3608 veni;
343 3556 396 3600 et
429 3548 624 3614 librum
662 3562 906 3611 sumens,
939 3547 1105 3616 jussit
1147 3564 1270 3602 eum
1304 3549 1569 3617 accipere.
1601 3549 1707 3601 Ac-

147 3638 538 3707 cepitJoseph,
566 3639 798 3707 legitque
845 3640 956 3694 haec
986 3641 1148 3693 verba
1183 3640 1498 3703 :Aecelera,
1545 3639 1706 3693 mise-

146 3728 344 3790 ricors,
364 3733 418 3780 et
443 3727 659 3791 festina,
679 3728 982 3793 miserator,
1005 3729 1055 3781 in
1074 3729 1401 3796 adjutorium
1423 3737 1666 3782 nostrum
1689 3745 1703 3781 :

144 3827 304 3888 potes
334 3818 498 3879 enim,
547 3819 591 3872 si
621 3819 721 3873 vis.
773 3819 925 3883 Quod
956 3828 1136 3874 autem
1197 3832 1326 3874 tttnc
1374 3821 1703 3883 decantavit,

144 3924 315 3976 opere
372 3910 490 3978 ipso
514 3911 838 3979 completum
867 3910 1292 3982 vidit;,quando
1339 3911 1640 3980 Thenphilo
1678 3929 1707 3967 e

145 3999 289 4052 vivis
317 3997 552 4060 sublato,
583 4008 768 4052 sancta
803 3997 1042 4053 Ecclesia
1084 4017 1364 4055 sacrarum
1407 4003 1703 4070 imaginum

142 4088 352 4156 ret-cpit
373 4097 644 4142 ornatum.
676 4087 896 4144 Interim
917 4091 1129 4146 divinus
1155 4091 1354 4160 Joseph
1380 4093 1640 4146 liberatus
1677 4109 1706 4146 e

141 4193 386 4242 carcere,
413 4179 933 4246 Constantinopolim
960 4181 1140 4236 salvus
1167 4182 1458 4250 perductus
1497 4193 1599 4236 est.

213 4270 271 4324 5.
308 4288 326 4320 α
365 4269 664 4340 lnvenerat,
705 4285 826 4323 cum
853 4272 1028 4325 adhuc
1053 4281 1194 4326 esset
1221 4274 1273 4326 in
1307 4274 1504 4337 ﬁnibus
1529 4273 1703 4330 Thes-

1809 451 2102 519 Ecclesinm
2153 457 2460 514 universam
2502 459 2618 514 suis
2656 457 2948 513 illustravit
2980 458 3228 528 hymnis,
3264 477 3378 514 cm-

1809 551 1998 620 pitque
2036 550 2278 604 omnium
2331 564 2426 603 ore
2477 550 2780 615 celebrari,
2830 558 2884 604 et
2932 550 3144 604 cunctis
3191 550 3379 607 haberi

1809 643 2078 708 amabilis,
2113 656 2219 695 non
2252 651 2459 695 tantum
2488 642 2687 707 idiotis,
2720 643 2814 698 sed
2843 643 3008 698 etiam
3043 643 3411 719 principibus.

1809 744 1863 787 et
1898 732 2321 801 imperatoribus
2355 731 2506 801 ipsis.

1883 824 1936 877 4.
1982 841 2000 874 ι
2037 822 2262 877 Multum
2312 838 2528 892 quoque
2562 822 2880 877 orthodoxae
2919 823 3039 878 ﬁdei
3081 839 3246 881 causa
3285 826 3381 879 de-

1809 921 2047 975 certans,
2085 914 2138 966 in
2168 912 2500 968 Chersonem
2534 922 2617 968 est
2655 913 2925 982 relegatus
2970 916 3040 969 ab
3079 915 3244 986 impio
3274 918 3378 968 Ar-

1803 1021 1990 1069 meno,
2034 1019 2099 1060 eo
2139 1019 2298 1074 quem
2351 1004 2580 1059 Bardam
2635 1006 2901 1060 vocabant
2947 1008 3376 1072 condemnante,

1809 1097 1951 1166 quod
1983 1097 2134 1150 illum
2169 1111 2430 1164 generose
2461 1096 2846 1162 redarguisset.
2879 1095 3008 1151 Post
3038 1100 3194 1166 cujus
3229 1113 3379 1152 mor-

1809 1197 1926 1265 tem.
1943 1202 1974 1242 e
1996 1189 2274 1242 Chersone
2308 1187 2567 1242 liberatus
2590 1198 2674 1241 est
2694 1188 2762 1241 ab
2787 1190 3000 1258 egregia
3033 1189 3120 1243 illa
3147 1190 3383 1259 impera-

1810 1279 1946 1354 trice
2003 1278 2322 1344 Theodore,
2375 1294 2496 1348 qua:
2546 1279 2920 1334 orthodoxiam
2967 1280 3289 1346 celebravit;
3330 1291 3385 1334 et

1809 1386 2090 1425 sacrorum
2122 1383 2374 1426 vasorum
2418 1360 2627 1441 Magnae
2651 1369 2745 1425 Dei
2776 1371 3018 1426 ecclesiae
3081 1379 3266 1427 custos
3303 1369 3386 1425 ef-

1811 1460 1986 1515 fectus
2013 1469 2116 1523 est,
2140 1460 2324 1514 divino
2352 1459 2561 1529 lgnatio
2591 1461 2773 1514 sedem
2801 1459 3218 1528 patriarchalem
3243 1460 3387 1537 ob'ti-

1810 1557 1992 1604 neute.
2039 1548 2167 1604 Post
2196 1549 2357 1617 hujus
2404 1564 2565 1617 porro
2609 1564 2674 1603 ex
2728 1550 2830 1602 hac
2873 1549 2983 1602 vita
3029 1549 3332 1617 discessum
3363 1571 3380 1598 ο

1812 1641 2004 1694 Photio
2035 1654 2251 1708 quoque
2283 1627 2580 1709 (hicenim
2612 1650 2732 1708 post
2775 1641 3040 1709 lgnatium
3073 1639 3385 1710 patriarcha

1807 1740 1892 1787 est
1929 1732 2279 1798 declaratus)
2316 1729 2369 1782 in
2423 1731 2706 1783 amoribus
2756 1729 2857 1783 fuit
2905 1730 3393 1800 aestimationeque‘

1811 1823 2066 1875 maxima.
2095 1818 2234 1873 Inter
2259 1819 2373 1872 haec
2392 1818 2614 1887 longum
2637 1819 2757 1872 vita:
2779 1819 3011 1888 spatium
3039 1817 3384 1871 laudabiliter

1813 1911 2066 1981 implens,
2098 1916 2393 1977 sancteque
2441 1915 2495 1960 et
2533 1894 2846 1960 innocenter
2896 1919 2994 1959 suo
3037 1912 3288 1959 versatus
3324 1903 3378 1955 in

1812 2015 2057 2063 munere,
2076 1998 2401 2055 obdormivit
2429 1998 2479 2051 in
2506 1995 2754 2052 Domino.
2781 1995 2981 2050 Dicitur
3004 2003 3208 2060 autem,
3234 1994 3380 2063 quod

1809 2102 1996 2148 sancta
2030 2091 2174 2145 illius
2208 2088 2413 2150 anima.
2448 2082 2842 2144 deducentibus
2880 2086 3085 2140 sanctis
3119 2085 3378 2155 martyri-

1811 2187 1914 2240 bus
1945 2183 2280 2254 angelisque,
2312 2188 2496 2234 evecta
2530 2181 2583 2234 in
2614 2179 2811 2234 coelum
2848 2177 2939 2233 sit.
2975 2177 3186 2231 Etenim
3223 2177 3385 2229 homo

1808 2277 2067 2349 quidam,
2108 2290 2324 2328 servum
2367 2273 2551 2326 utilem
2596 2271 2829 2333 habens,
2866 2285 2990 2323 cum
3037 2267 3126 2322 hic
3165 2282 3222 2321 se
3261 2265 3384 2337 fuga
3435 2311 3438 2321 .

1809 2366 2178 2438 proripuisset,
2200 2365 2333 2418 abiit
2353 2361 2418 2415 ad
2443 2371 2690 2416 sanctum
2721 2356 3383 2420 Theodorum,Pbanero-

1809 2470 1913 2514 tem
1944 2447 2106 2525 vulgo
2129 2463 2526 2522 nuncupatum,
2557 2459 2847 2521 rogaturus
2874 2461 2930 2501 ut
2953 2463 3112 2502 suum
3141 2447 3243 2501 sibi
3267 2461 3383 2502 scr-

1808 2565 1930 2605 vum
1982 2535 2266 2602 revelaret.
2317 2544 2522 2599 Exacto
2565 2551 2746 2597 autem
2795 2532 2992 2595 ibidem
3034 2539 3212 2608 spatio
3260 2553 3369 2591 non

1809 2642 2022 2697 modico
2048 2639 2326 2708 temporis,
2364 2652 2484 2691 cum
2532 2636 2666 2690 nihil
2698 2635 2978 2689 didicisset
3017 2634 3097 2694 de,
3129 2630 3378 2702 fugitivo.

1810 2726 2062 2781 recedere
2098 2725 2299 2784 Voluit;
2340 2724 2798 2791 recessissetque,
2839 2722 2947 2775 nisi
2979 2729 3101 2774 orto
3138 2718 3251 2790 jam
3295 2718 3384 2773 die

1810 2819 2060 2873 detentus
2095 2815 2366 2884 spirituali
2400 2814 2491 2881 qui
2523 2814 2683 2867 [iebat
2716 2828 2987 2876 sermone,
3018 2811 3384 2866 obdormisset

1813 2911 2094 2975 tantisper.
2125 2912 2454 2975 Atque-ecce
2482 2913 2770 2975 martyrem
2805 2905 2979 2963 videt,
3002 2913 3058 2957 et
3080 2903 3196 2957 ha-e
3227 2902 3292 2956 ad
3325 2917 3384 2956 se

1808 3000 2073 3053 dicentem
2102 2999 2254 3079 audi}
2287 3016 2299 3050 :
2335 2995 2535 3065 thuid
2566 3005 2794 3050 moestus
2825 2995 2923 3049 es?
2947 2996 3113 3048 Poeta
3146 2992 3384 3064 Josepho

1810 3091 1911 3144 hac
1948 3101 2106 3143 nocte
2135 3089 2423 3148 moriente,
2473 3088 2655 3140 anima
2689 3089 2806 3153 ejus
2835 3086 2902 3139 ab
2931 3081 3182 3140 omn’ibus
3221 3086 3381 3140 nobis

1806 3196 1943 3250 quos
1972 3179 2086 3233 suis
2117 3177 2411 3231 cauonibus
2445 3178 2769 3246 hymnisque
2803 3177 3111 3238 honoravit,
3147 3177 3377 3230 deductu
3456 3170 3459 3171 ν

1807 3279 1892 3324 est
1917 3269 2125 3322 et'ante
2157 3265 2250 3321 Dei
2283 3276 2634 3334 conspectum
2667 3268 2983 3321 constituta.
3012 3260 3170 3322 Nunc
3195 3277 3374 3322 autem

1808 3368 2002 3429 praesto
2026 3373 2170 3417 sum.
2205 3363 2527 3410 ostensurus
2556 3358 2831 3423 deinceps,
2859 3356 3003 3423 quod
3033 3359 3202 3410 voles.
3233 3355 3377 3411 Vade

1807 3450 1873 3503 ad
1908 3451 2084 3502 locum
2116 3448 2264 3500 illum
2310 3448 2397 3515 (et
2422 3446 2598 3499 locum
2627 3444 2979 3514 nominavit),
3015 3444 3087 3499 ibi
3116 3443 3375 3499 famulum

1807 3549 1981 3601 ltlltm,
2012 3554 2170 3608 quem
2202 3537 2456 3604 requiris,
2491 3535 2755 3590 invenies.
2794 3552 2814 3585 ι

1876 3625 1928 3682 5.
1972 3629 2244 3681 Hactenus
2281 3626 2651 3695 Synax’arium
2677 3624 3010 3692 praedictum,
3040 3634 3184 3679 recte
3205 3635 3258 3680 et
3288 3642 3378 3680 or-

1806 3720 1932 3774 dine
1956 3718 2161 3777 omnia,
2186 3716 2284 3770 nisi
2316 3715 2459 3784 quod
2487 3715 2550 3768 ad
2575 3725 2822 3767 auctores
2845 3715 3028 3768 indicti
3062 3715 3115 3767 in
3134 3715 3372 3770 Cherso-

1809 3829 1926 3868 nem
1954 3812 2127 3866 exsilii
2157 3811 2407 3880 pertinet,
2439 3809 2680 3876 adeoque
2725 3816 2779 3862 et
2807 3807 2981 3876 ipsius
3015 3806 3194 3862 exsilii
3227 3816 3367 3861 tem-

1808 3921 1927 3974 pus,
1964 3903 2173 3958 Etenim
2205 3900 2456 3970 quamvis
2498 3899 2602 3952 Leo
2631 3901 2919 3963 Armentis,
2953 3914 3066 3952 sua:
3099 3894 3366 3952 adversus

1807 3998 2098 4051 monachos
2132 3993 2464 4048 orthodoxos
2498 3991 2718 4046 saavitiaa
2748 3980 3056 4044 ministrum
3081 3990 3367 4064 facemque.

1807 4090 2060 4142 habuisse
2094 4087 2300 4153 legatur
2322 4082 2550 4136 Bardam
2583 4081 2894 4149 quemdam,
2925 4079 3137 4134 atlinem
3170 4095 3366 4145 suum;

1808 4180 1894 4232 hic
1928 4154 2104 4230 tamen
2137 4173 2335 4226 nullam
2372 4172 2546 4240 potuit
2578 4184 2784 4238 partem
2839 4169 2942 4223 sibi
2973 4169 3274 4223 vindicasse
3309 4170 3362 4223 in

1807 4267 2054 4321 vex‘undo
2083 4264 2315 4332 Jos'epho
2357 4279 2369 4314 :
2407 4277 2529 4315 etnn
2570 4261 2614 4313 is
2652 4260 2754 4314 sub
2783 4258 2958 4327 ipsum
2990 4260 3204 4313 initium
3235 4275 3359 4329 per-

142 4361 436 4419 satonicae,
476 4361 644 4413 sancti
695 4361 922 4429 apostoli
973 4361 1346 4416 Bartholomaai
1397 4364 1704 4433 reliquiam.
1743 4365 1782 4418 [ἱ
1813 4358 2123 4421 secutionis,
2159 4370 2301 4408 anno
2337 4353 2372 4406 2
2413 4351 2628 4416 Leonis,
2665 4353 2964 4417 suscitata,
3015 4349 3242 4404 Romam
3289 4350 3369 4404 lc-

143 4451 301 4505 Hanc
340 4449 501 4518 igitur
533 4450 804 4518 accipiens
825 4490 839 4515 ,
872 4451 971 4505 sub
1001 4452 1144 4505 illius
1180 4453 1395 4515 nomine
1427 4453 1712 4507 aediﬁcavit

143 4542 442 4605 sacellum;
472 4542 741 4609 coepitque
759 4543 926 4595 multa
951 4558 1072 4596 cum
1102 4544 1468 4599 sollicitudine
1496 4561 1710 4600 versare

142 4633 350 4694 animo,
395 4631 668 4697 quomodo
713 4631 1054 4687 festivitatem
1109 4636 1228 4701 ejus
1275 4638 1444 4691 sacris
1477 4637 1707 4692 canticis

145 4722 540 4790 componendis
579 4732 830 4788 ornaret;
867 4739 988 4777 cum
1027 4726 1280 4796 lacrymis
1309 4740 1466 4797 atque
1501 4729 1709 4797 singul-

143 4813 294 4866 tibus
327 4813 655 4880 supplicans,
686 4822 745 4865 ut
778 4813 936 4882 hujus
971 4816 1222 4870 desiderii
1255 4819 1337 4872 sui
1369 4835 1594 4886 compos
1626 4821 1707 4875 ef-

143 4902 234 4957 ﬁci
272 4913 581 4956 mereretur.
633 4904 697 4956 Et
743 4920 870 4957 vero
909 4921 1128 4974 compos
1171 4909 1288 4977 ejus
1328 4909 1553 4964 eﬂ‘eetus
1601 4921 1703 4965 est.

143 4991 323 5045 Noctu
351 4993 703 5058 enimyirum
733 4997 1015 5062 quemdam
1052 5000 1400 5075 reverendam
1429 5003 1708 5072 conspica-

142 5092 235 5136 tus
271 5091 352 5135 est
390 5082 455 5134 ad
496 5083 637 5136 latus
683 5085 955 5151 epistolae,
1005 5087 1096 5154 qui
1146 5090 1426 5143 videbatur
1476 5107 1624 5146 sacra
1676 5108 1706 5148 e

144 5189 334 5226 mensa
363 5173 706 5243 Evangelium
737 5177 945 5243 tollere,
981 5179 1263 5248 ipsumque
1284 5181 1501 5250 Joscphi
1537 5186 1705 5252 impo-

146 5286 286 5324 nens
327 5273 565 5337 pectori,
601 5287 699 5325 sua
729 5287 850 5325 eum
899 5274 1267 5329 benedictione
1315 5278 1595 5345 impertiri.
1631 5281 1703 5333 Ex

146 5373 280 5413 tunc
309 5372 487 5415 autem
518 5363 741 5430 gratiam
769 5366 1269 5431 componendorum
1303 5368 1623 5435 hymnorum
1652 5379 1705 5423 et

147 5451 457 5505 faettltatem
486 5455 670 5506 habuit
694 5463 798 5505 tam
835 5456 1158 5522 expeditam,
1189 5468 1242 5509 ut
1272 5458 1488 5524 quidam
1518 5461 1702 5512 existi-

149 5551 379 5605 marent,
437 5558 560 5595 eum
625 5544 882 5597 melmlias
943 5562 1125 5600 sacras
1180 5564 1284 5598 non
1336 5549 1577 5614 proferre
1638 5567 1699 5604 ex

147 5631 349 5702 seipso,
388 5633 482 5685 sed
517 5632 730 5687 aliunde
755 5642 1000 5701 acceptus
1034 5645 1085 5686 et
1128 5639 1396 5687 memoria:
1422 5650 1698 5689 emunien-

1814 4463 1967 4520 gatus
2012 4451 2101 4510 sit,
2134 4456 2186 4500 et
2220 4459 2393 4512 usque
2419 4443 2485 4497 ad
2538 4457 2738 4496 annum
2769 4440 2880 4496 820
2908 4441 3166 4495 manserit
3195 4442 3372 4511 capti-

1815 4552 1911 4589 \US
1941 4534 1994 4589 in
2026 4534 2204 4586 Creta.
2238 4529 2569 4598 Theophilus
2600 4531 2787 4599 igitur,
2818 4529 3017 4598 impius
3060 4529 3261 4598 passim
3297 4531 3370 4582 ab

1811 4625 2120 4682 auctoribus
2139 4624 2335 4684 dictus,
2363 4621 2433 4675 ob
2472 4620 2905 4674 iconoinacliiatn
2962 4620 3367 4683 resuscitatam,

1811 4718 1974 4772 scribi
2026 4716 2111 4769 hic
2158 4726 2209 4767 et
2259 4712 2479 4782 intelligi
2535 4712 2755 4775 debuit;
2828 4709 2928 4763 sub
2977 4724 3086 4777 quo
3139 4709 3366 4770 Bardas.

1812 4807 1869 4863 S.
1923 4807 2219 4860 Thcodorae
2259 4805 2516 4873 Augustae
2544 4802 2729 4863 t‘rater,
2784 4799 2864 4853 vir
2916 4801 3157 4855 incestus
3202 4811 3368 4878 atque

1811 4901 2070 4966 nefarius,
2119 4899 2260 4968 apud
2322 4891 2628 4958 sororium,
2696 4894 2979 4948 monachis
3045 4896 3365 4949 orthodoxis

1811 4990 2261 5051 infensissimum,
2297 4988 2452 5042 facile
2482 4986 2655 5056 potuit
2700 4986 2951 5039 effectum
2999 4985 3150 5050 dare,
3189 4996 3246 5039 ut
3274 4985 3364 5038 Jo.

1807 5070 2057 5154 srplium,
2087 5083 2216 5135 vitia
2248 5096 2344 5133 sua
2369 5080 2730 5146 increpantem
2763 5077 3005 5138 liberius,
3037 5078 3239 5128 videret
3275 5091 3362 5149 re-

1807 5180 2061 5248 legatum.
2111 5176 2181 5228 Itu
2215 5183 2357 5226 certe
2398 5171 2607 5223 censuit
2638 5169 2682 5222 is
2713 5169 2836 5238 quis
2875 5173 3101 5222 alterum
3158 5184 3186 5219 e
3226 5183 3356 5219 mss.

1808 5266 2120 5338 Synuxariis
2142 5259 2618 5331 Cryptaa-Ferrata:
2678 5261 3000 5330 (:nmpilavit-
3038 5267 3243 5316 auctor,
3307 5269 3359 5310 et

1808 5359 2132 5413 conveniunt
2160 5355 2358 5421 optimc
2391 5350 2522 5404 Viue
2557 5353 2710 5414 Acta,
2753 5349 2996 5420 quamvis
3025 5347 3170 5398 nulla
3217 5344 3354 5397 facta

1806 5450 1991 5502 Bai-due
2024 5445 2293 5499 mentione
2325 5450 2488 5494 totam
2523 5443 2733 5511 culpam
2766 5444 2816 5494 in
2844 5459 2860 5489 ι
2893 5437 3183 5506 pessimum
3214 5436 3355 5487 illius

1808 5541 2062 5607 temporis
2090 5538 2492 5602 imperatorem,
2535 5553 2550 5585 ι
2588 5534 2793 5589 scilicet
2829 5526 3184 5594 Theophilum
3215 5540 3349 5577 con-

1806 5632 1999 5687 let-mut.
2026 5629 2083 5682 lu
2113 5627 2258 5680 dicto
2305 5639 2432 5677 vero
2471 5626 2767 5700 Synuxario
2800 5623 2875 5673 sic
2918 5617 3110 5686 legitur
3159 5632 3173 5669 :
3220 5633 3238 5667 ‹
3267 5612 3356 5668 Ir.-

3875 5851 3891 5946 ii

3875 5951 3891 6028 2i

3873 6043 3891 6095 ,ζ
