3926 6308
507 225 616 288 ΜΞ»

1640 221 1703 282 S.
1742 219 2053 283 JOSEPHI
2089 218 2651 280 HYMNOGRAPHI

3675 212 3805 281 9‘36

507 335 618 391 vidi
653 330 832 389 autem
862 329 1079 401 quidam
1112 345 1236 385 cum
1271 343 1392 383 eum
1427 329 1745 384 calumniati
1779 338 1960 383 essent
2011 327 2078 380 de
2110 330 2148 382 Α
2179 337 2232 381 et
2258 331 2400 396 apud
2435 326 2712 382 Bocchum
2743 327 3008 398 Pyrrhum
3047 329 3099 382 in
3139 327 3332 381 notitia
3365 326 3639 384 Ecclesia
3682 331 3804 398 Sy-

508 429 595 490 iis,
629 442 748 494 quae
769 424 1032 478 adversus
1070 421 1298 473 Bard-am
1331 421 1600 475 Caesarem
1652 422 1797 476 dicta
1837 419 2070 481 fuerant,

509 519 562 572 in
601 516 933 570 Chersonem
982 511 1310 580 relegarunt,
1345 513 1486 564 unde
1518 521 1640 580 post
1676 510 1897 578 aliquod
1940 517 2077 561 tem-

510 621 611 676 pus
633 601 1150 668 Constantinopolim
1201 615 1504 668 regressus.
1557 614 1840 654 Sacrorum
1874 595 2078 664 Magnae

522 698 613 749 Dei
664 695 910 748 ecclesia:
958 705 1211 744 vasorum
1271 701 1457 745 custos
1499 691 1674 746 factus
1734 699 1833 752 est,
1872 686 2077 756 lgnatio

507 784 837 857 patriarcha.
876 802 893 834 ι

576 878 627 930 6.
660 875 924 930 Graviore
987 875 1218 928 aliorum
1275 873 1697 945 Synaxariorum
1763 881 1939 926 errata
1989 871 2077 925 hic

507 983 613 1021 non
652 967 991 1034 attingimus,
1039 976 1246 1018 tantum
1304 966 1539 1019 dicimus
1571 964 1622 1017 in
1678 977 1863 1017 eorum
1931 962 2078 1016 nullo

506 1061 680 1112 notari
710 1073 906 1111 nomen
943 1057 1140 1110 Leonis
1176 1057 1421 1122 lsaurici,
1449 1056 1594 1125 quod
1621 1056 1671 1108 in
1703 1055 1852 1109 Actis
1895 1069 2073 1124 reper-

506 1157 619 1200 tum
676 1149 747 1201 ita
788 1153 946 1202 torsit
993 1148 1277 1201 Octavium
1345 1147 1659 1214 Cajctanunt
1711 1156 1978 1207 nostrum,
2023 1145 2074 1198 in

505 1241 622 1292 suis
655 1240 722 1291 ad
760 1254 821 1292 ea
843 1239 1318 1300 annotationibus,
1379 1247 1432 1288 nt
1484 1251 1608 1288 cum
1650 1235 1852 1287 videret
1881 1249 2075 1288 conse-

507 1344 684 1397 quens
742 1345 886 1394 esse,
949 1330 1093 1397 quod
1141 1329 1298 1382 annis
1336 1339 1390 1380 ut
1448 1329 1733 1380 minimum
1783 1328 1884 1380 170
1910 1327 2078 1381 vixis-

504 1431 590 1472 set
612 1418 906 1487 Josephns,
945 1422 1175 1488 ingenue
1206 1418 1382 1471 fassus
1414 1419 1503 1483 sit,
1542 1435 1558 1468 ι
1589 1427 1696 1470 tam
1724 1418 2076 1488 longinquam

501 1519 740 1574 aetatem,
781 1509 922 1562 inter
963 1517 1038 1563 tot
1065 1524 1246 1562 rerum
1281 1508 1550 1571 turbines,
1582 1517 1768 1576 totque
1806 1512 2080 1562 aarumnas'

503 1608 557 1653 et
587 1599 1006 1652 exercitationes
1036 1599 1287 1652 ascetica:
1326 1597 1468 1663 \‘ila’,
1504 1600 1780 1668 negotium
1839 1599 1941 1652 sibi
1992 1598 2076 1651 fa-

2182 435 2460 474 racusatta}
2501 425 2786 489 impressa.
2825 422 2925 487 Qui
2955 424 3091 475 idem
3125 422 3366 492 Pyrrhus
3410 423 3643 476 interim
3682 439 3788 476 as-

2180 511 2312 562 serit
2343 521 2396 562 ct
2428 509 2687 562 Basiliani
2719 511 2929 565 ordinis
2971 512 3296 565 monachum
3342 522 3398 564 et
3453 511 3798 583 Syracusa-

2181 616 2309 672 num
2349 600 2517 653 fuisse
2547 596 2882 668 10sephum;
2934 601 3076 655 istud
3118 617 3180 655 ex
3225 595 3343 665 sua,
3373 604 3476 656 hoc
3506 618 3574 656 ex
3607 604 3796 672 (ζηρ-

2182 689 2290 743 tani
2329 688 2636 757 conjectura
2663 706 2956 758 persuasus
3008 706 3022 744 :
3068 694 3323 761 additque
3367 693 3516 746 illius
3551 694 3784 747 festum

2185 779 2472 850 Syracusis
2530 781 2794 848 celebrari
2846 782 2878 834 5
2925 783 3146 851 Aprilis,
3217 787 3404 854 utique
3458 797 3790 855 pestquaut

2180 873 2476 940 Cajetanus
2528 873 2728 941 incepit
2781 884 3016 927 sanctos
3070 875 3289 931 Siculos
3337 894 3402 930 ex
3437 878 3795 932 Graecorum

2180 963 2396 1018 Μειιωιε
2441 965 2784 1034 conquirere,
2834 975 2886 1018 et
2934 966 3048 1019 suis
3101 968 3365 1025 insulanis
3406 972 3789 1024 venerattdvs

2183 1077 2483 1134 proponere
2515 1078 2527 1114 :
2559 1075 2734 1130 neque
2773 1059 2917 1113 enim
2952 1059 3329 1113 existimamus
3382 1062 3595 1114 cultum
3631 1075 3785 1114 eum

2182 1155 2469 1226 Syracusis
2501 1169 2620 1208 esse
2644 1152 2949 1218 antiquum,
3001 1163 3096 1202 aut
3131 1151 3182 1203 in
3217 1152 3325 1204 ulla
3378 1153 3669 1221 majorum
3707 1155 3786 1205 de

2178 1246 2414 1316 Josepho
2448 1245 2742 1298 traditione
2774 1244 3080 1296 fundatum.

2249 1403 2276 1474 §
2306 1402 2368 1456 ll.
2415 1400 2546 1454 Vita:
2575 1402 2876 1467 scriptores.
2929 1400 3164 1480 Cimones
3207 1401 3516 1468 compositi,
3549 1413 3792 1477 tempus

2861 1483 3066 1524 νηοί-ηδ.

2248 1607 2302 1663 8.
2329 1608 2481 1674 Quod
2503 1606 2531 1678 §
2556 1605 2821 1676 superiori
2854 1605 3090 1660 diximus
3117 1606 3182 1660 de
3214 1607 3408 1673 Barda,
3439 1617 3494 1662 et
3517 1610 3793 1663 circum-

501 1705 643 1744 cere.
691 1708 711 1741 ι
743 1688 934 1744 Omnia
984 1691 1361 1754 nihilominus,
1395 1706 1516 1760 quae
1569 1693 1827 1760 deinceps
1864 1691 1916 1744 in
1953 1689 2073 1743 Vita
2105 1682 2150 1739 Β
2179 1703 2393 1757 stantia;
2449 1700 2694 1768 quadam
2750 1699 2910 1762 alia},
2962 1698 3016 1750 in
3074 1695 3388 1767 Synaxariis
3439 1701 3791 1769 expressius

501 1783 781 1845 dicuntur,
817 1784 886 1836 ita
919 1783 1164 1851 digessit,
1202 1792 1259 1836 ut
1303 1799 1322 1834 ι
1383 1783 1705 1852 pessimum,
1772 1801 1790 1833 ι
1851 1782 1918 1835 de
1965 1797 2073 1851 quo

501 1889 685 1941 supra,
722 1875 1128 1942 imperatorem,
1163 1875 1266 1929 sub
1313 1891 1422 1944 quo
1468 1877 1520 1929 in
1571 1876 1820 1929 exsiliunt
1870 1874 2072 1941 ejectus

498 1976 583 2019 est
612 1965 836 2035 Joseph,
863 1966 1005 2020 haud
1032 1967 1196 2020 dubie
1226 1977 1372 2020 notet
1405 1967 1572 2021 fuisse
1603 1986 1618 2018 ι
1656 1967 2069 2020 Constantinum

500 2059 926 2127 Coprouymnm,
987 2058 1183 2113 Leonis
1242 2058 1467 2124 Isaurici
1511 2059 1705 2123 filium,
1752 2069 1804 2112 et
1860 2058 2071 2127 imperii

500 2149 726 2218 perinde
760 2162 919 2219 atque
944 2152 1233 2220 impietatis
1271 2168 1684 2217 successorem;
1725 2173 1742 2204 ι
1771 2164 1826 2207 et
1854 2153 2071 2206 «ortho-

498 2241 671 2296 doxos
707 2242 1084 2310 imperatores,
1123 2262 1142 2294 ι
1180 2245 1281 2297 sub
1330 2245 1529 2312 quibus
1571 2254 1654 2297 est
1686 2246 2072 2297 Constantino-

496 2333 663 2402 polim
692 2344 999 2397 revocatus,
1027 2335 1444 2389 Constantinum
1477 2345 1530 2389 et
1560 2336 1766 2389 lrenem
1805 2336 2069 2402 interpre-

497 2431 657 2476 tetur.
689 2421 860 2489 thue
888 2424 1002 2478 haec
1032 2426 1321 2478 concordet
1345 2441 1466 2478 cum
1513 2423 1729 2480 Menzeis
1771 2413 2071 2480 occasiond

495 2514 685 2567 Barda-
710 2515 945 2583 ejectum
974 2515 1321 2581 dicentibus;
1358 2517 1632 2570 concludit
1662 2537 1679 2567 ι
1721 2533 1938 2580 rursus,
1965 2518 2068 2572 sub

496 2604 756 2659 Michaele
779 2605 944 2661 Balbo
969 2603 1181 2676 pulsum
1214 2607 1534 2678 lesephum,
1559 2618 1721 2677 atque
1748 2625 1777 2663 a
1810 2609 1865 2662 S.
1891 2609 2067 2663 Theo-

497 2698 631 2750 «lora
698 2682 1009 2751 restitutum
1039 2699 1226 2754 videri.
1270 2718 1286 2748 ι
1337 2700 1554 2752 Dubitat
1581 2700 1745 2752 etiam
1789 2718 1807 2750 ι
1856 2716 1922 2752 an
1961 2700 2068 2753 Leo

498 2786 787 2850 Lauricus,
829 2805 988 2858 quem
1021 2806 1110 2843 xrv
1145 2791 1260 2844 Kal.
1301 2789 1426 2843 Julii
1464 2801 1742 2844 mortuum
1779 2792 2068 2861 Theopha-

497 2894 592 2932 nes
625 2880 837 2942 scribit,
898 2881 1079 2949 potius
1124 2881 1386 2936 dicendus
1425 2883 1497 2936 sit
1544 2883 1597 2936 in
1650 2881 1921 2936 Natalitiis
1954 2880 2063 2934 Do-

494 2969 627 3022 mini
661 2971 884 3031 obiisse.
915 2987 982 3024 an
1025 2987 1151 3026 vero
1187 2984 1309 3041 post
1363 2988 1579 3027 menses
1616 2988 1707 3027 sex
1740 2981 1794 3025 et
1841 2971 2061 3025 totidem
2090 3007 2135 3069 Ο

493 3060 609 3112 dics
644 3060 710 3113 de
745 3061 864 3128 ejus
901 3071 1077 3116 morte
1117 3061 1281 3116 fuerit
1329 3074 1519 3118 sancto
1564 3061 1800 3132 Josepho
1847 3063 2063 3117 nuntia-

494 3160 627 3203 tum.
660 3168 677 3199 ι
715 3151 846 3214 Qua:
889 3152 1068 3205 omnia
1120 3152 1276 3207 facile
1318 3156 1586 3222 potuisset
1621 3154 1960 3220 discernere,
2016 3154 2062 3208 si

487 3255 553 3291 ex
595 3241 828 3294 indicato
852 3243 1044 3296 mortis
1072 3243 1177 3307 die,
1205 3246 1456 3300 scivissct
1476 3247 2060 3309 Leonem-Armeniam,

493 3330 734 3384 Isaurico
783 3339 935 3384 tanto
995 3335 1375 3400 posteriorem,
1433 3337 1768 3404 intelligere;
1809 3333 1867 3389 et
1907 3336 2059 3396 illud.

492 3424 549 3471 ὲν
577 3421 672 3489 τῆς
740 3423 1033 3492 Ὶσαυρίας,
1092 3424 1354 3478 insertum
1384 3427 1554 3489 Actis,
1597 3437 1908 3496 suspectum
1962 3429 2059 3480 ha-

493 3516 640 3578 bere,
676 3524 896 3582 propter
927 3517 1157 3569 aliorum
1193 3518 1437 3571 omnium
1473 3519 1751 3573 silentium
1795 3529 1848 3573 et
1895 3535 2059 3573 enor-

495 3620 632 3655 mem
674 3604 987 3657 distantiam
1020 3609 1298 3676 temporis.

566 3694 615 3746 7.
649 3693 821 3747 Simili
851 3697 1055 3750 ratione
1104 3712 1210 3752 non
1261 3698 1548 3754 difficulter
1601 3702 1871 3770 potuisset
1918 3703 2055 3757 idem

489 3783 782 3852 Cajetanus
813 3788 992 3840 videre
1039 3788 1182 3843 illius
1221 3792 1550 3858 conjectum
1597 3794 1913 3856 vanitatem,
1951 3811 2056 3862 qua

490 3873 788 3944 Syracusas
830 3879 998 3942 fuisse
1029 3878 1250 3947 Josephi
1283 3883 1512 3950 patriam
1535 3892 1818 3952 propterea
1842 3900 2056 3939 asseve-

495 3957 651 4027 ravit,
682 3967 807 4033 quia
839 3968 889 4020 iu
925 3968 1073 4023 Actis
1092 3969 1518 4041 diciturJoscphi
1545 3975 1739 4042 patria,
1773 3975 2060 4042 gloriosior

490 4057 696 4109 reddita
719 4074 745 4108 a
781 4058 926 4111 Bea:i
957 4061 1268 4127 parentibus
1295 4072 1399 4116 tam
1425 4062 1565 4117 felici
1595 4066 1855 4133 germine,
1893 4083 2055 4136 quam

486 4159 516 4196 a
557 4146 835 4214 Dionysio,
875 4166 891 4196 ι
951 4148 1042 4216 qui
1082 4150 1210 4202 olim
1240 4151 1290 4203 in
1352 4166 1414 4204 ea
1468 4155 1702 4208 summis
1752 4155 1802 4207 iu
1846 4155 2056 4211 deliciis

492 4239 752 4305 regnavit.
796 4257 812 4288 ι
851 4238 978 4292 Esto
1005 4242 1146 4294 enim
1190 4242 1334 4310 quod
1385 4245 1586 4312 regiam
1629 4244 1915 4313 Syracusis
1961 4249 2057 4299 ha-

491 4329 669 4380 buerit
705 4330 1010 4399 Dionysius,
1045 4334 1140 4386 toti
1178 4343 1356 4386 tamen
1392 4335 1722 4402 imperitavit
1769 4339 1958 4391 insulae
1989 4339 2065 4392 de;
2089 4345 2132 4400 D

487 4436 619 4486 qua,
659 4435 762 4471 non
802 4422 866 4472 de
894 4424 1150 4488 peculiari
1180 4425 1360 4492 aliqua
1407 4426 1524 4492 ejus
1576 4429 1709 4480 urbe
1756 4429 2054 4496 loquuntur

488 4511 644 4561 Acta.
679 4509 790 4562 Non
827 4523 1008 4579 potest
1044 4529 1174 4567 sane
1232 4517 1536 4569 vcrosimile
1586 4519 1750 4570 videri
1804 4521 1859 4572 iu
1904 4529 2053 4573 tanto

490 4601 878 4653 historicorum
912 4603 1152 4654 omnium
1189 4604 1429 4670 silentio,
1465 4605 1607 4670 quod
1641 4607 1793 4658 lrene
1825 4618 1876 4658 et
1908 4609 2051 4662 Cou—

489 4687 730 4740 stantino
772 4690 1147 4756 regnantibus,
1205 4694 1359 4759 potiti
1414 4694 1524 4742 sint
1582 4694 1768 4759 pirata:
1816 4696 2052 4760 barbari,

487 4796 550 4832 ea
580 4789 897 4848 tempestate
947 4797 1052 4834 non
1114 4785 1403 4835 admodum
1458 4783 1636 4848 validi,
1685 4789 2050 4843 munitissima

418 4933 428 4940 ο
490 4873 622 4926 urbe
683 4891 692 4923 :
740 4891 898 4942 quam
956 4876 1141 4941 iidem,
1182 4876 1380 4929 Sicilia:
1438 4879 1658 4948 reliquae
1712 4881 2050 4935 dominatum

490 4965 664 5031 adepti
690 4966 787 5018 sub
822 4966 1077 5021 Michaele
1115 4968 1297 5029 Balbo,
1340 4986 1443 5020 non
1486 4981 1795 5037 potuerunt,
1840 4975 1912 5025 uti
1957 4989 2052 5026 nec

487 5052 929 5121 Tauromenium,
995 5075 1087 5127 per
1157 5074 1328 5113 annos
1381 5061 1449 5114 55
1507 5064 1588 5115 sui
1638 5065 1778 5131 juris
1838 5063 2046 5132 facere;

492 5162 662 5213 usque
687 5150 810 5201 dum
873 5153 1077 5204 \eniret
1131 5165 1305 5204 annus
1366 5153 1487 5216 878,
1556 5156 1776 5222 quando
1838 5157 1922 5210 die
1982 5159 2041 5211 9.!

492 5237 633 5300 Maii,
670 5239 888 5292 victoria
926 5241 1058 5307 ipsis
1087 5242 1149 5293 de
1185 5245 1364 5295 eadem
1393 5247 1610 5313 obtigit,
1642 5257 1692 5297 et
1749 5248 1912 5302 totius
1961 5250 2044 5302 in-

489 5325 623 5378 snite
649 5329 1048 5391 p0ssessionem
1082 5331 1443 5393 conﬁrmavit,
1476 5346 1670 5398 magna
1699 5348 1820 5386 cum
1861 5335 2043 5391 Eccle-

493 5418 586 5468 si:e
626 5416 986 5470 alll'ctissima:
1010 5419 1310 5476 calamitate
1345 5444 1356 5476 :
1387 5438 1548 5489 quant
1588 5423 1849 5480 describit
1877 5429 1920 5482 is
1955 5431 2044 5497 qui

493 5505 737 5558 interfuit
764 5507 1098 5561 Theodosius
1128 5527 1449 5572 monachus,
1491 5515 1540 5566 in
1561 5516 1790 5583 cpistola
1826 5521 1887 5571 ad
1915 5520 2047 5575 Leo-

493 5610 619 5649 nem
649 5594 1107 5665 archidiaconmn,
1140 5618 1202 5652 es
1242 5617 1343 5654 ms.
1385 5601 1571 5659 Graeco
1598 5605 1788 5664 Latine
1837 5613 2045 5668 reddita

2175 1808 2335 1862 quam
2369 1792 2423 1845 in
2461 1790 2577 1844 Vita
2609 1800 2804 1844 notatae
2834 1791 2914 1858 (ut
2945 1791 3086 1858 quod
3117 1790 3328 1843 decimo
3357 1790 3549 1859 quinto
3578 1793 3793 1844 aetatis

2175 1898 2316 1937 anno
2339 1892 2586 1936 attonsus
2609 1884 2660 1934 in
2679 1882 3005 1934 monachum
3028 1890 3250 1934 sanctus
3272 1878 3468 1950 Joseph
3492 1881 3588 1947 sit,
3616 1883 3788 1948 quod

2175 1976 2360 2030 invasa
2410 1990 2438 2027 a
2485 1972 2770 2027 Saracenis
2806 1973 2980 2041 patria
3014 1988 3136 2026 cum
3179 1982 3349 2026 matre
3392 1989 3454 2027 ac
3490 1973 3790 2028 fratribus

2173 2075 2458 2131 servatus,
2501 2067 2646 2135 quod
2678 2075 3152 2133 exteruporaneam
3187 2081 3321 2133 pene
3361 2066 3621 2119 habuerit
3675 2081 3785 2118 ca-

2174 2172 2379 2210 nonum
2418 2157 2820 2210 condcudorum
2864 2155 3216 2217 facultatem,
3246 2156 3388 2225 quod
3419 2157 3570 2211 locus
3611 2171 3785 2210 exsr-

2174 2247 2230 2299 lii
2259 2248 2537 2300 Chersoua
2573 2245 2754 2310 fuerit,
2782 2247 2925 2313 quod
2957 2256 3084 2299 ante
3122 2247 3374 2299 exsilium
3413 2247 3612 2315 injecta
3654 2251 3789 2300 sint

2171 2350 2362 2392 sancto
2400 2339 2614 2393 vincula
2657 2347 2708 2391 et
2744 2337 3000 2420 verbera,
3047 2339 3190 2407 quod
3225 2338 3454 2406 denique
3495 2339 3785 2407 gloriose

2172 2430 2315 2484 illius
2343 2430 2396 2483 iu
2422 2431 2618 2484 ctelum
2654 2428 2995 2497 deductionis
3029 2429 3187 2493 visio,
3213 2431 3498 2484 occasione
3528 2430 3780 2499 fugitivi

2172 2523 2421 2590 requisiti
2458 2521 2509 2574 iu
2541 2522 2739 2588 templo
2774 2521 2948 2574 sancti
2987 2519 3259 2578 Theoderi
3299 2519 3624 2576 Phauerottc
3668 2538 3776 2575 seu

2173 2614 2619 2677 Manifestatoris,
2655 2613 2913 2681 obtigerit
2944 2613 3113 2680 probo
3141 2611 3216 2664 illi
3252 2611 3387 2675 viro,
3413 2613 3499 2680 qui
3525 2611 3670 2680 ejus
3700 2615 3772 2663 ad

2173 2708 2311 2760 alios
2345 2705 2539 2759 meruit
2571 2704 2723 2758 testis
2758 2702 3067 2770 exsistere),
3106 2700 3207 2763 hae,
3233 2702 3468 2769 inquam,
3497 2702 3776 2755 circum-

2171 2797 2421 2862 stantiae,
2457 2797 2509 2849 in
2551 2795 2936 2864 prolixioribus
2963 2792 3112 2846 Actis
3147 2793 3444 2860 pt'aateritat,
3472 2792 3774 2846 credibile

2173 2887 2330 2940 nobis
2363 2886 2602 2948 faciunt,
2641 2885 2770 2937 Vitai
2797 2885 3067 2950 epitomen
3100 2883 3116 2951 (
3142 2898 3306 2950 quam
3337 2898 3492 2950 supra
3516 2898 3580 2936 ex
3617 2883 3738 2936 Cla

2173 2986 2498 3030 romontano
2549 2975 2832 3033 dedimus,
2869 2989 3140 3042 quamque
3178 2973 3284 3026 alia
3325 2991 3456 3028 mss.
3487 2975 3607 3028 fere
3673 2993 3774 3030 se-

2171 3069 2456 3134 quuntur)
2485 3065 2655 3132 ipsam
2685 3079 2828 3126 esse,
2859 3077 3045 3131 quam,
3085 3079 3112 3114 a
3148 3063 3414 3131 discipulo
3440 3065 3618 3116 sancti
3654 3062 3772 3116 Jo-

2168 3159 2320 3227 sephi
2374 3156 2704 3224 Theophane
2751 3157 3048 3222 scriptam.
3097 3153 3335 3208 Joannes
3386 3155 3586 3220 Magnae
3654 3155 3770 3209 Dei

2169 3248 2417 3302 ecclesia:
2454 3248 2719 3300 diaconus
2744 3256 2796 3299 et
2818 3257 3025 3309 orator,
3055 3261 3161 3312 prae
3183 3246 3355 3298 oculis
3380 3245 3579 3307 habuit,
3630 3246 3770 3313 ple-

2167 3340 2292 3394 nius
2325 3340 2680 3406 oruatiusque
2708 3339 3108 3405 exponendam,
3138 3336 3336 3390 additis
3363 3351 3480 3405 quae
3515 3335 3758 3390 (inside.

2168 3432 2429 3483 rabantur
2473 3429 2680 3482 multis.
2718 3428 2867 3481 llanc
2898 3429 2980 3482 sic
3027 3440 3240 3480 auctam
3273 3440 3639 3493 ornatamque
3685 3444 3764 3481 ex

2164 3531 2334 3590 parte,
2360 3538 2419 3574 ex
2452 3529 2604 3589 parte
2631 3535 2779 3584 vero,
2812 3520 3176 3589 pradictarmu
3197 3519 3764 3572 circumstantiarutu

2165 3614 2411 3668 minutiis
2442 3611 2845 3681 praetermissis,
2881 3611 3208 3678 descriptam
3241 3610 3482 3674 liberius,
3515 3613 3767 3679 accepi-

2165 3719 2285 3757 mus
2312 3719 2374 3756 ex
2407 3704 2594 3757 codice
2641 3701 2828 3755 Graeco
2855 3699 3198 3754 Bibliotheca:
3226 3699 3506 3761 Vaticanae,
3541 3711 3766 3753 aucto-

2163 3795 2237 3848 ris
2263 3808 2460 3847 nomen
2480 3793 2889 3861 qualediximus
2915 3791 3234 3860 praeferente
3257 3810 3269 3844 :
3295 3791 3766 3860 contulimusque

2161 3901 2283 3939 cum
2322 3886 2589 3956 ergrapho
2624 3884 2848 3937 alterius
2881 3884 3108 3948 codicis,
3147 3899 3176 3936 a
3212 3883 3427 3937 Dauiele
3460 3894 3761 3938 monacho

2161 3989 2213 4031 et
2244 3979 2472 4032 sacrista
2505 3978 2555 4029 iu
2583 3980 2914 4031 monasterio
2939 3978 3112 4031 sancti
3147 3977 3438 4030 Salvatoris
3465 3976 3761 4032 Messana:

2159 4069 2366 4136 absque
2405 4067 2647 4121 auctoris
2697 4067 2918 4120 nomine
2962 4066 3253 4135 descripti,
3302 4081 3366 4120 cx
3411 4066 3590 4134 pluteo
3646 4066 3754 4130 20,

2159 4172 2310 4209 num.
2339 4157 2426 4210 52.

2231 4248 2282 4301 9.
2322 4246 2393 4302 Ea
2443 4249 2716 4317 priurum,
2763 4245 2951 4301 Latine
2993 4247 3203 4301 reddita
3246 4262 3275 4300 a
3325 4246 3383 4299 P.
3422 4248 3756 4316 Augustino

2163 4338 2366 4394 Florilo
2399 4340 2674 4393 societatis
2708 4348 2929 4403 nostra,
2961 4340 3157 4407 prodiit
3179 4340 3313 4392 inter
3337 4337 3483 4392 Vitas
3505 4351 3753 4392 sanctu-

2167 4447 2284 4484 rum
2346 4431 2651 4484 Siculorum
2713 4447 2802 4482 an.
2854 4429 2986 4482 1657
3014 4448 3027 4496 ;
3057 4430 3214 4482 aliam
3255 4430 3447 4484 deinde
3482 4431 3750 4498 ersdeiu

2165 4521 2298 4574 Vita:
2322 4523 2622 4574 versionem
2655 4521 2938 4573 adornavit
2965 4521 3264 4574 Ludusicus
3291 4520 3588 4575 Maraceius
3624 4522 3754 4576 Lu-

2164 4616 2363 4677 censis,
2394 4629 2422 4667 e
2452 4614 2876 4681 Congregalioue
2902 4614 3230 4667 Clericorum
3266 4606 3448 4667 Matris
3475 4614 3585 4672 Dei.
3619 4631 3747 4670 una

2161 4721 2284 4758 cum
2338 4704 2650 4760 Canonibus
2693 4706 2744 4758 in
2795 4707 2977 4758 omnia
3031 4705 3204 4759 Beata?
3254 4704 3489 4773 Virginis
3545 4706 3747 4762 Mariae

2163 4796 2318 4861 festa,
2366 4805 2419 4849 et
2467 4795 2774 4850 Theotocris
2821 4813 2914 4865 per
2963 4813 3152 4850 omnes
3199 4795 3505 4849 Gra-cormn
3553 4799 3744 4852 cccle-

2162 4887 2411 4939 siaslicos
2452 4886 2619 4938 libros
2673 4888 2909 4955 sparsis,
2946 4897 2999 4938 et
3035 4887 3205 4939 sancti
3249 4884 3469 4953 Josephi
3524 4903 3736 4943 nonieu

2163 4986 2218 5029 ut
2247 4977 2488 5029 auctoris
2518 4976 3031 5044 praescl'erentibus;
3070 4991 3188 5041 qua:
3223 4977 3401 5027 omnia
3445 4984 3739 5040 praenomi-

2161 5066 2269 5116 nati
2316 5064 2571 5138 Ludovici
2605 5064 2991 5128 conjunctiOne
3026 5063 3302 5129 sanguinis
3345 5073 3398 5116 et
3444 5068 3732 5134 religionis

2158 5156 2494 5222 professione
2529 5155 2712 5218 frater,
2754 5153 3074 5223 Hippolytus
3107 5154 3416 5219 Minucius,
3446 5171 3732 5211 commen-

2160 5249 2312 5300 tariis
2339 5247 2567 5298 crmlitis
2599 5245 2906 5307 illustravit,
2938 5259 3137 5297 vocans
3173 5246 3258 5298 illa
3291 5245 3521 5300 Mariule
3552 5253 3734 5306 sancti

2155 5339 2369 5403 Josep/u’
2420 5337 2848 5405 llymnograplii,
2900 5347 2950 5388 et
3007 5338 3297 5405 publicavit
3347 5338 3533 5393 notua:
3583 5358 3734 5393 anno

2159 5431 2315 5482 ωσι.
2370 5427 2517 5482 llauc
2568 5432 2909 5494 versionem,
2961 5429 3130 5483 Gratci
3193 5440 3482 5485 contextus
3546 5436 3733 5486 verbis

2159 5520 2397 5588 pressius
2427 5521 2799 5586 itihaircntem,
2841 5524 3248 5589 praetuleramus
3281 5533 3390 5575 tum
3423 5525 3596 5590 priori
3628 5526 3734 5591 illi,

2157 5622 2268 5666 tum
2313 5610 2463 5663 alteri
2503 5626 2531 5665 a
2569 5611 2800 5680 quodam
2841 5612 3001 5682 hujus
3037 5621 3219 5667 nostro
3261 5615 3556 5682 provincia:
3588 5615 3739 5682 ρω-
