3926 6308
169 211 277 274 937

1693 200 1886 260 VITA.

3276 188 3380 252 938

167 321 351 376 ellene
383 320 688 373 elafzoratze.
723 314 826 368 Sed
860 320 1109 380 excerpta
1151 326 1231 376 ex
1264 308 1510 363 Maraccii
1553 308 1732 362 libello
1762 315 1806 368 Λ
1834 307 1978 361 cium
2012 303 2228 360 faciant.
2279 302 2474 357 Praeter
2529 303 2625 356 hos
2674 303 2810 356 duos
2843 314 2950 355 non
2998 299 3208 355 videtur
3241 300 3378 352 alius

167 410 330 476 folia,
369 410 626 478 preloque
669 406 735 460 ad
765 414 1005 460 nostrum
1039 417 1241 456 morem
1272 410 1479 469 parata,
1507 398 1723 454 excide-

167 511 299 554 runt
332 501 488 554 nobis
518 494 898 552 Amstelodami
925 535 939 560 ,
972 494 1189 563 quando
1213 499 1340 561 post
1370 489 1574 543 tristem
1604 488 1725 542 Bla—

165 590 349 643 vianae.
397 588 763 659 typographize
811 588 1002 639 casum‘
1053 583 1440 650 colligebamus
1487 579 1725 633 sarcinas

167 680 542 747 Antwerpiam
596 675 964 730 revehendas:
997 688 1169 741 neque
1188 673 1319 740 jam,
1349 685 1469 723 cum
1493 670 1723 737 primum

163 770 419 824 delectus
440 767 904 830 animadvertitur,
930 763 1228 833 promptius
1243 771 1325 816 est
1343 761 1543 830 aliquid
1566 776 1723 827 quam

164 874 241 914 ex
291 857 515 913 Octavio
572 855 830 926 Cajetano
875 857 1113 924 recipere
1153 854 1337 907 Floriti
1385 854 1722 912 versionem,

162 966 407 1020 eamque
428 950 492 1003 ad
527 954 833 1004 contextum
860 945 1102 1000 Graecum
1124 944 1299 998 denuo
1320 956 1724 1011 recognoscere,

165 1041 400 1096 mutatis
437 1041 561 1095 hinc
591 1037 714 1092 inde
745 1036 990 1106 pauculis
1021 1035 1111 1089 ubi
1142 1034 1192 1088 id
1220 1033 1433 1102 exigere
1464 1046 1549 1087 res
1577 1032 1728 1084 vide-

162 1129 344 1185 bitur.

245 1219 334 1273 l0.
393 1217 581 1271 Simon
614 1212 1073 1283 Wangnereckius
1127 1220 1327 1274 noster,
1368 1211 1421 1262 in
1472 1208 1722 1277 Prolego-

165 1311 352 1366 monis
385 1310 448 1364 ad
488 1308 780 1362 Marianam
827 1306 1133 1360 Graecorum
1183 1289 1455 1372 pietatem,
1487 1317 1550 1355 ex
1591 1302 1727 1353 duo—

165 1403 354 1457 decim
381 1401 539 1455 tomis
566 1400 885 1453 Mensorum
924 1405 976 1450 et
1021 1403 1222 1464 septem
1266 1394 1488 1462 reliquis
1530 1391 1727 1446 Graecae

167 1491 423 1546 Ecclesia
452 1489 811 1544 Voluminibus
834 1499 1162 1555 excerptam,
1200 1501 1255 1537 ιι.
1287 1484 1378 1544 22,
1411 1483 1477 1537 de
1509 1483 1726 1537 duobus

166 1584 381 1638 sanctis
423 1580 691 1650 Josepltis,
722 1589 945 1646 utroque
971 1577 1377 1647 hymnographo
1406 1584 1459 1628 et
1508 1572 1722 1628 c0nfes-

163 1688 301 1728 sore
367 1671 819 1740 apudVGratcos.
859 1669 968 1735 agit
1019 1669 1044 1721 ε’
1085 1681 1314 1736 quorum
1361 1667 1496 1718 alter
1563 1663 1726 1718 fuerit

167 1764 233 1817 S.
251 1763 523 1820 Theodori
561 1762 783 1816 Studitae
805 1760 968 1812 frater
998 1768 1160 1827 atque
1185 1757 1466 1827 episcopus
1489 1753 1725 1809 Thessa-

168 1852 490 1915 lonicensis,
527 1851 589 1904 14
616 1848 739 1902 Julii
771 1848 1110 1910 recolendus,
1141 1856 1195 1901 et
1241 1845 1487 1899 habuerit
1514 1846 1564 1897 in
1597 1859 1726 1898 ean-

167 1943 301 1997 ticis
326 1940 440 1996 suis
461 1939 753 2009 pangendis
772 1939 873 1991 hoc
902 1936 1152 1998 notabile,
1184 1935 1326 2004 quod
1345 1950 1538 1988 nomen
1566 1949 1723 1989 suum

165 2047 323 2102 sape
366 2031 630 2086 omissuro
682 2030 734 2082 in
773 2028 950 2092 titulo,
991 2041 1083 2096 per
1132 2026 1558 2081 Acrostiehidem
1612 2025 1726 2078 sive

165 2122 380 2192 primas
432 2121 774 2189 stropharum
823 2107 1046 2183 litteras,
1084 2116 1226 2170 circa
1283 2116 1519 2168 ultimam
1569 2114 1724 2168 odam

169 2212 264 2267 sui
302 2212 477 2268 ultimi
503 2211 753 2275 canonis,
785 2224 995 2277 semper
1018 2206 1426 2261 accuratissime
1459 2205 1723 2275 signarit:

167 2281 494 2358 alternannis
522 2301 662 2353 forte
696 2299 1047 2368 quadraginta
1076 2297 1280 2364 junior,
1313 2297 1398 2350 hic
1426 2305 1606 2348 noster
1636 2297 1725 2357 sit,

168 2395 263 2449 cui
298 2393 684 2448 adscribendos
714 2399 861 2460 putat
923 2404 1016 2443 eos
1063 2403 1331 2451 canones,
1368 2401 1486 2455 quae
1525 2386 1725 2440 nudum

167 2484 394 2554 Josepbi
423 2499 618 2538 nomen
654 2483 956 2552 appositum
994 2479 1210 2546 habent.
1240 2478 1375 2543 Quia
1406 2491 1527 2531 vero
1565 2477 1725 2530 etiam

168 2591 413 2631 canones
461 2574 622 2643 hujus
675 2571 1011 2643 posterioris,
1046 2570 1112 2624 de
1158 2585 1266 2639 quo
1313 2583 1457 2622 nunc
1493 2568 1726 2636 agimus,

145 2664 418 2734 ,Jusephi,
443 2664 553 2717 fere
595 2660 940 2718 acrostichidi
972 2659 1131 2713 alicui
1165 2658 1440 2726 illigantur
1466 2695 1480 2720 ,
1538 2655 1723 2710 existi-

171 2764 291 2809 mat
341 2758 648 2823 pracitatus
687 2749 1165 2820 Wangnereckins,
1225 2751 1290 2802 ad
1336 2750 1484 2817 ipsos
1536 2756 1724 2816 utpote

170 2847 458 2914 operosius
487 2843 835 2911 compositos,
858 2841 1068 2904 extendi
1096 2840 1289 2895 debere
1310 2839 1724 2907 extemporalem

176 2938 326 2987 illam
354 2934 589 2988 dictandi
629 2931 959 2991 facilitatem,
992 2944 1153 2998 quam
1202 2943 1364 2996 supra
1391 2942 1454 2981 ex
1511 2927 1726 2982 Menwis

175 3025 451 3078 laudatam
475 3022 729 3076 vidimus.
768 3003 880 3073 Cur
930 3029 1038 3073 tam
1088 3032 1376 3086 operosum
1425 3017 1529 3070 hoc
1557 3019 1644 3082 sit,
1674 3028 1731 3070 ut

174 3119 248 3170 ab
274 3115 566 3183 exercitato
613 3111 918 3182 nequiverit
973 3124 1038 3163 ex
1084 3118 1322 3178 tempore
1369 3108 1528 3162 ﬁeri?
1575 3106 1734 3161 Certe

177 3208 312 3261 nulii
350 3207 556 3272 poetico
583 3215 754 3259 metro
817 3204 1065 3257 astrivtos
1124 3199 1432 3255 Graecorum
1475 3215 1731 3261 canones,

178 3298 424 3367 potuisse
471 3312 576 3350 non
612 3309 804 3365 magna
861 3292 1204 3347 contentione
1227 3290 1394 3344 animi
1438 3290 1504 3344 ad
1556 3299 1734 3344 certas

178 3390 414 3450 litteras,
436 3385 489 3438 in
534 3385 790 3453 cujusque
811 3382 1031 3450 strophe
1065 3380 1331 3449 principio
1362 3378 1734 3442 inveniendas,

175 3477 409 3545 astringi
472 3474 540 3528 ab
584 3489 668 3537 eo,
698 3471 785 3526 cui
836 3471 1062 3524 liberum
1096 3478 1239 3523 esset
1273 3468 1522 3536 strephas
1549 3467 1735 3536 singu-

179 3571 285 3629 las,
320 3565 466 3619 nullo
492 3565 633 3617 inter
654 3577 713 3618 se
758 3561 945 3615 ordine
988 3574 1279 3623 connexas,
1335 3573 1364 3611 a
1414 3571 1735 3627 quacunque

179 3657 373 3710 liberet
419 3670 545 3711 voce
605 3655 804 3718 ordiri,
859 3652 958 3722 ipsi
1011 3651 1300 3705 didit-imus
1371 3650 1732 3718 experiendo;

178 3747 402 3816 quando
422 3737 608 3800 talium
633 3758 902 3800 canonum
925 3741 1135 3810 aliquos
1162 3739 1351 3794 Latine
1372 3738 1730 3802 reddidimus,

178 3836 370 3890 eadem
423 3833 845 3890 acrostichidum
896 3832 1010 3900 lege
1063 3839 1296 3895 servata,
1332 3828 1492 3897 idque
1531 3827 1583 3881 in
1618 3842 1736 3881 ver-

181 3927 356 3988 sione,
376 3926 440 3980 ad
457 3925 764 3980 Graacorunt
781 3923 1062 3976 verborum
1078 3934 1293 3975 sensum
1307 3919 1734 3988 exprimendum,

181 4015 442 4083 obligata.
472 4013 553 4067 An
582 4020 761 4088 autem
786 4025 975 4065 omnes
1020 4009 1096 4063 illi
1131 4022 1365 4062 canones
1385 4047 1402 4074 ,
1450 4021 1584 4077 quas
1622 4005 1736 4060 Ma-

184 4107 308 4160 riali
339 4120 438 4159 suo
483 4103 780 4159 Haraccius
831 4101 1080 4163 inseruit,
1139 4113 1385 4169 quosque
1435 4113 1597 4167 supra
1627 4108 1738 4154 tre-

185 4207 375 4251 centos
407 4195 632 4249 inveniri
665 4194 718 4247 in
751 4192 1036 4247 ritualibus
1063 4190 1374 4244 Graecorum
1407 4189 1560 4243 libris
1584 4204 1734 4243 asse-

184 4288 256 4339 rit
284 4285 594 4353 Cajetanus,
632 4282 791 4351 hujus
820 4281 992 4336 ultimi
1031 4279 1253 4348 Josephi
1279 4279 1390 4334 sint
1413 4320 1429 4345 ,
1465 4295 1532 4333 an
1560 4278 1726 4348 aliqui
1767 4269 1808 4323 θ

185 4372 415 4440 relinqui
442 4371 606 4441 priori
641 4371 892 4432 debeant,
927 4385 1029 4422 non
1076 4376 1233 4422 vacat
1285 4383 1379 4422 nec
1410 4383 1587 4438 operae
1611 4385 1734 4439 pre-

186 4464 324 4516 tium
354 4471 432 4514 est
468 4461 755 4515 sollicitius
777 4461 1111 4515 examinare.

259 4553 348 4604 ll.
393 4549 574 4604 Placet
612 4551 828 4603 interim
880 4538 1169 4603 discrimen
1229 4564 1258 4602 a
1309 4546 1737 4617 Wangnereckio

188 4659 351 4714 supra
404 4646 677 4697 nominato
737 4644 1072 4712 designatum
1099 4683 1114 4707 ,
1156 4651 1213 4696 ut
1249 4644 1454 4698 scilicet
1503 4660 1737 4700 canones

189 4737 285 4800 illi,
319 4737 410 4804 qui
459 4736 661 4789 nudum
701 4733 917 4806 Josep'lti
969 4749 1161 4787 nomen
1205 4734 1493 4802 przeferunt
1536 4737 1737 4803 absque

188 4828 296 4879 alio
320 4826 495 4888 titulo,
532 4824 750 4894 Josephi
800 4825 959 4892 hujus
988 4825 1156 4877 nostri
1190 4824 1332 4876 sint:
1368 4840 1525 4893 quem
1579 4825 1737 4877 etiam

190 4917 490 4984 intelligere
515 4915 724 4969 videtur
753 4913 858 4968 Leo
884 4914 1109 4967 Allatius
1129 4914 1183 4966 in
1213 4929 1308 4966 sua
1338 4915 1401 4966 de
1432 4913 1738 4967 Grzeeorutn

189 5007 342 5060 libris
390 5007 784 5068 dissertatione,
843 5004 1061 5073 quando
1113 5003 1406 5072 Josephum
1477 5004 1738 5057 Melodum

191 5099 457 5152 nominat.
489 5097 754 5165 Episcopo
809 5095 1279 5150 Thessalonicensi
1331 5097 1582 5164 imputari
1617 5114 1739 5166 pos-

190 5196 318 5242 sunt
349 5188 438 5242 alii
487 5189 576 5256 qui
635 5187 890 5243 dicuntur
919 5185 1012 5240 τοῦ
1047 5186 1214 5256 κυροῦ
1261 5187 1486 5255 Ἰωσὴφ,
1537 5189 1739 5242 domini

191 5275 408 5347 Iosephi
437 5295 452 5331 :
488 5279 602 5332 haec
627 5278 771 5332 enim
806 5277 1026 5330 honoris
1061 5276 1350 5345 appellatio
1378 5278 1601 5332 denotat
1622 5295 1744 5349 gra-

193 5367 316 5423 dum
348 5369 582 5437 aliquem
617 5368 1055 5423 eminentiorem.
1109 5367 1366 5422 Fatemur
1420 5380 1598 5426 tamen
1632 5387 1740 5425 non

192 5458 262 5512 ita
318 5463 526 5513 firmam
578 5475 696 5513 eam
750 5455 1118 5529 conjecturam
1177 5459 1366 5524 videri,
1427 5461 1555 5529 quin
1591 5465 1740 5517 varia

200 5553 403 5620 possint
436 5560 624 5608 contra
657 5567 774 5606 eam
825 5552 1043 5622 Opponi,
1088 5568 1206 5621 qum
1241 5552 1552 5623 ambiguum
1592 5554 1740 5625 judi-

548 5644 788 5704 ΡΑτιιοι.
839 5646 951 5706 Gn.
1000 5644 1118 5705 CV.

1828 395 2019 450 tertius
2053 393 2319 462 Josephus
2361 392 2550 458 fuisse,
2596 392 2687 463 qui
2742 390 2795 446 iit
2835 391 2993 444 titulo
3027 406 3129 445 ms.
3168 389 3377 460 Typici,

1828 483 2011 538 Romae
2044 484 2095 536 in
2124 484 2448 538 Bibliotheca
2473 483 2764 537 Barberina
2783 482 3042 537 asservati
3065 489 3119 537 et
3151 498 3179 535 a
3205 482 3383 536 Leone

1826 573 2045 638 Allntio,
2093 588 2212 642 pag.
2249 588 2286 625 ιι
2322 571 2720 626 dissertationis
2769 573 3086 639 praecitata',
3151 570 3380 635 laudati,

1830 661 2154 726 nominetur,
2192 677 2315 716 cum
2369 661 2587 725 dicitur,
2632 658 2893 730 Typicum
2943 660 3071 714 illud
3105 661 3383 715 continere

1833 770 1850 800 ι
1888 752 2303 807 ecclesiasticam
2339 752 2780 806 constitutionem
2833 754 3076 805 omnium
3119 750 3381 806 festorum

1828 842 1992 895 totius
2019 843 2168 904 anni,
2202 841 2501 897 secundum
2551 842 2895 895 traditionem
2931 853 3242 896 sanctorum
3280 841 3382 896 Pa-

1827 942 1991 995 trum,
2028 932 2271 988 videlicet
2315 932 2372 987 S.
2411 932 2588 998 Sabze,
2623 944 2676 989 et
2729 935 2978 997 Studitaa.
3041 944 3095 988 et
3151 935 3384 989 maxime

1827 1022 2010 1077 Sancti
2026 1021 2257 1089 Montis;
2325 1039 2534 1078 necnon
2572 1034 2778 1092 partem
2811 1024 3119 1079 traditionis
3159 1026 3388 1080 sanctis-

1825 1112 1949 1166 simi
2031 1113 2208 1168 Patris
2271 1114 2436 1168 nostri
2499 1112 2747 1183 Jusephi,
2797 1115 3133 1183 possessoris
3193 1117 3374 1170 sancti

1825 1204 2137 1257 monasterii
2168 1205 2312 1270 quod
2356 1203 2470 1257 Divi
2521 1203 2729 1258 Nicolai
2781 1204 2887 1258 τῶν
2939 1205 3215 1260 κασούλων
3246 1206 3383 1262 dici-

1827 1303 1933 1347 tur.
1977 1311 1995 1343 ι
2030 1291 2240 1346 Etenim
2291 1295 2336 1348 si
2383 1293 2581 1364 Joseph
2638 1296 2728 1348 ille
2787 1296 3064 1364 proprium
3111 1296 3385 1350 ordinavit

1825 1383 2060 1436 nliieium
2092 1385 2420 1439 monasterio
2458 1401 2595 1450 suo,
2637 1385 2794 1454 cujus
2845 1394 3107 1453 patronus
3155 1396 3272 1441 erat
3320 1385 3385 1439 Ι).

1824 1472 2076 1530 Nicolaus
2101 1517 2116 1541 ,
2151 1477 2273 1545 quis
2315 1477 2680 1532 Paracleticon
2730 1451 3042 1533 dracoorum
3091 1479 3274 1548 legens
3308 1479 3384 1548 (in

1826 1581 1935 1635 quo
1969 1567 2300 1620 ordinarium
2335 1570 2499 1624 totius
2549 1571 2899 1626 hebdomadas
2950 1569 3183 1626 oliiciutn
3212 1570 3386 1625 octies

1827 1656 2120 1709 secundum
2149 1666 2268 1710 octo
2300 1667 2457 1714 tonos
2489 1662 2754 1714 variatum
2775 1663 3102 1730 continetur)
3131 1663 3184 1718 in
3211 1678 3384 1735 eoque

1827 1747 2121 1801 observans
2151 1749 2445 1802 secundum
2478 1748 2623 1803 feria:
2653 1751 2685 1803 5
2722 1767 2984 1807 canonem
3017 1755 3162 1822 (nam
3195 1757 3384 1829 singu-

1829 1837 1892 1888 lis
1920 1839 2068 1892 feriis
2101 1839 2209 1892 duo
2239 1849 2366 1893 sunt
2414 1854 2673 1919 canones,
2723 1853 2776 1898 et
2804 1843 2936 1898 feria
2988 1845 3020 1898 5
3077 1848 3285 1915 primus
3319 1850 3386 1903 de

1827 1929 2083 1995 apostolis
2101 1927 2202 1998 est)
2225 1943 2345 1982 cum
2376 1929 2710 1985 cathismatis
2734 1942 2892 2002 atque
2921 1935 3173 2003 tropariis
3191 1936 3380 1991 eodem

1827 2016 2192 2083 speetantibus
2207 2032 2324 2070 esse
2354 2017 2419 2071 de
2447 2016 2504 2071 S.
2535 2016 2756 2075 Nicolao
2789 2023 2968 2091 :quis,
2995 2022 3239 2091 inquam,
3274 2027 3385 2080 ha:c

1829 2105 2008 2173 legens
2041 2114 2095 2159 et
2124 2107 2436 2169 observans,
2465 2124 2570 2161 non
2601 2109 2869 2178 judicabit
2895 2110 3188 2181 Josephunt
3218 2116 3379 2169 istunt

1825 2195 1932 2246 τῶν
1962 2195 2236 2248 κασούλων
2267 2211 2389 2252 esse
2420 2209 2694 2254 auctorem
2725 2201 2938 2255 illorum
2969 2215 3091 2258 octo
3111 2207 3174 2259 de
3205 2205 3241 2260 S
3288 2204 3373 2260 Ni-

1784 2281 1797 2290 ”
1827 2285 1981 2339 colao
2001 2299 2266 2340 canonum
2291 2286 2313 2340 ?
2338 2289 2502 2357 Atqui
2531 2290 2689 2342 etiam
2714 2291 2906 2344 horum
2935 2308 3203 2362 canonum
3231 2313 3387 2352 acro-

1829 2375 2086 2458 stichides
2137 2376 2485 2446 subjunctum
2547 2380 2744 2435 habent
2786 2385 2980 2436 nomen
3049 2386 3242 2456 Ἰωσὴφ
3285 2389 3388 2443 hoc

1829 2464 1987 2520 modo
2011 2461 2214 2536 εἮχος
2239 2465 2306 2520 α’.
2335 2467 2447 2531 Σοὶ,
2489 2469 2739 2536 Νικόλαε,
2778 2473 2995 2541 πρῶτον
3021 2475 3256 2545 εἰσφέρω
3287 2479 3385 2547 μέ-

1827 2556 1935 2620 λος.
1979 2557 2194 2627 Ἰωσήφ.
2248 2559 2312 2612 Et
2351 2560 2607 2615 similiter
2648 2563 2700 2615 in
2729 2562 2876 2626 aliis,
2936 2576 3292 2636 praeterquam
3330 2572 3384 2624 in

1829 2650 2127 2705 eanonibus
2159 2649 2270 2705 toni
2299 2650 2525 2705 secundi
2566 2659 2621 2707 et
2655 2655 2858 2719 octavi,
2889 2655 2981 2723 qui
3031 2657 3386 2714 nihilominus

1827 2741 2065 2808 ejusdem
2099 2743 2336 2796 auctoris
2383 2742 2668 2798 manifeste
2696 2752 2843 2798 sunt.
2893 2744 3047 2802 Hunc
3089 2749 3250 2816 igitur
3277 2765 3385 2804 non

1827 2846 1947 2885 esse
1974 2847 2003 2885 a
2027 2842 2211 2887 nostro
2236 2831 2472 2902 Josepho
2501 2834 2968 2904 distinguendum,
2997 2849 3107 2892 tum
3137 2841 3226 2894 illa
3263 2843 3386 2910 styli

1758 2949 1800 3004 ο
1832 2921 2129 2976 similitudo
2177 2923 2406 2977 suadere
2445 2924 2663 2991 poterit,
2713 2935 2826 2979 tum
2872 2929 3016 2994 quod
3069 2939 3319 2984 nostrum
3355 2948 3385 2985 a

1832 3010 2411 3081 Cretensicaptivitate
2442 3011 2737 3067 liberatum
2763 3015 2821 3068 D.
2861 3016 3068 3070 Nicolai
3099 3020 3383 3084 miraculo,

1831 3108 2102 3177 possimus
2140 3106 2428 3176 prudenter
2461 3107 2693 3175 opinari,
2725 3107 2774 3160 ei
2820 3107 2962 3175 quod
3001 3106 3388 3163 Constantino-

1833 3201 1937 3268 poli
2014 3199 2185 3252 erexit
2252 3198 2582 3253 munaSterio
2629 3198 3013 3265 patrocinium
3087 3201 3389 3268 praetulisse

1834 3289 1891 3344 S.
1927 3289 2157 3351 Nicolai,
2204 3288 2257 3341 in
2296 3289 2511 3341 deserto
2567 3275 2660 3341 illo
2709 3289 2848 3353 loco,
2895 3288 2961 3342 ad
3009 3305 3188 3355 quem,
3246 3291 3388 3347 haud

1832 3381 2021 3454 procul
2052 3379 2290 3450 positum
2338 3393 2368 3432 a
2401 3379 2603 3448 templo
2633 3378 2693 3432 D.
2726 3378 2952 3432 Joannis
2991 3378 3385 3450 Chrysostomi,

1839 3493 1857 3526 ι
1894 3473 2075 3528 sedem
2110 3479 2164 3526 et
2201 3484 2451 3524 curarum
2479 3471 2718 3524 scbolam
2759 3488 2811 3524 ιι.
2839 3472 2931 3535 24,
2970 3471 3168 3526 dicitur
3209 3482 3390 3529 trans-

1835 3566 2043 3630 tulisse,
2094 3564 2334 3633 inibique
2378 3562 2770 3632 discipulorum
2820 3564 3161 3620 distribuisse
3205 3568 3392 3621 multi—

1839 3656 2080 3712 tudinem
2110 3671 2124 3709 :
2159 3673 2177 3704 ι
2216 3655 2268 3708 in
2308 3653 2514 3710 casulis
2549 3654 2732 3708 forsan
2767 3659 3223 3726 extemporaneis,
3248 3659 3392 3715 unde

1835 3749 2039 3819 dictum
2096 3748 2170 3801 sit
2227 3746 2614 3801 monasterium
2678 3745 2740 3800 ι).
2789 3745 3000 3802 Nicolat’
3053 3749 3389 3816 Casulamm,

1838 3837 2125 3902 vocabulo,
2160 3846 2220 3889 ut
2248 3835 2354 3889 alia
2388 3836 2554 3889 multa
2582 3834 3211 3905 Constantinopolitana,
3258 3839 3391 3893 Ῥω-

1841 3928 2026 3999 μαῖκῷ
2056 3944 2069 3957 ’
2110 3927 2362 3997 quamvis
2393 3934 2448 3980 et
2487 3926 2802 3980 monasterii
2837 3941 2866 3980 a
2910 3927 2971 3982 D.
3002 3927 3221 3984 Nieolao
3262 3929 3390 3985 dicti

1838 4033 2108 4088 nusquam
2167 4017 2301 4072 Acta
2361 4014 2733 4081 meminerint,
2781 4026 2835 4070 et
2888 4016 3155 4086 adjectum
3204 4031 3388 4088 postea

1837 4110 2132 4163 oratorium
2159 4107 2216 4161 S.
2250 4106 2476 4160 Andreae
2517 4108 2763 4174 apostolo
2811 4111 3203 4177 nuncupaverit
3265 4127 3392 4165 san-

1840 4210 1982 4266 ctus,
2008 4209 2225 4269 pr0pter
2255 4198 2510 4266 reliquias
2534 4197 2653 4268 ejus
2695 4199 2818 4254 istic
2846 4199 3163 4266 collocatas,
3210 4203 3288 4257 ttti
3319 4204 3394 4258 di-

1837 4294 1976 4346 citur
2003 4307 2149 4344 nunt.
2185 4290 2272 4344 25.

1915 4381 2002 4434 12.
2037 4380 2156 4446 Quo
2179 4395 2322 4434 anno
2345 4381 2666 4436 Christianae
2694 4395 2814 4434 sane
2833 4391 2885 4435 et
2911 4381 3085 4438 aetatis
3117 4399 3228 4438 suae
3259 4400 3395 4438 mor-

1844 4483 1972 4527 tuus
2006 4472 2204 4536 sitbie,
2240 4472 2307 4526 de
2340 4487 2450 4541 quo
2507 4471 2739 4541 agimus,
2783 4471 3075 4542 Josephus,
3125 4491 3391 4543 nusquam

1839 4562 2146 4630 exprimunt
2172 4561 2306 4616 Acta
2340 4580 2354 4618 :
2390 4569 2595 4615 tantum
2622 4577 2675 4615 n.
2708 4562 2772 4614 57
2800 4563 3073 4631 inquiunt,
3110 4565 3202 4619 diu
3236 4567 3386 4618 illum

1842 4655 1895 4708 in
1929 4655 2036 4708 vita
2095 4655 2394 4718 duravisse,
2436 4662 2490 4708 et
2528 4662 2745 4722 propter
2776 4669 2963 4722 graves
3001 4657 3051 4707 in
3077 4671 3137 4708 ea
3185 4656 3395 4711 labores

1841 4747 2151 4799 diuturnum
2206 4745 2423 4799 censeri
2459 4744 2657 4798 debere
2692 4745 3020 4799 sustinuisse
3054 4749 3388 4817 martyrium.

1840 4835 1997 4888 Num.
2039 4845 2217 4888 autem
2247 4836 2316 4889 54
2336 4835 2601 4897 dixerant,
2655 4835 2799 4902 quod
2843 4833 3132 4889 Dominit-ze
3175 4837 3391 4891 Passio-

1846 4927 1929 4979 nis
1953 4941 2145 4995 magna
2177 4940 2240 4978 ac
2272 4924 2562 4979 venerabili
2594 4923 2891 4978 Parasceve
2932 4924 3184 4989 instante,
3234 4928 3397 4979 tlisci~

1843 5016 2025 5083 pulum
2059 5029 2251 5077 suum,
2299 5024 2351 5068 et
2399 5014 2640 5075 ecclesiae
2689 5016 3066 5083 possessiones
3119 5016 3169 5068 in
3215 5017 3394 5071 libel'o

1842 5105 2141 5174 descriptas
2194 5104 2449 5158 obtulerit
2509 5113 2562 5158 et
2616 5104 3010 5158 commendarit
3063 5104 3252 5157 Photio
3303 5122 3396 5171 pa-

1844 5194 2111 5258 triarchae,
2163 5195 2296 5248 nihil
2349 5193 2575 5247 ulterius
2608 5195 2917 5262 exprimens
2947 5214 2959 5249 :
2987 5210 3090 5261 quo
3128 5194 3267 5246 facto
3296 5195 3396 5245 im-

1804 5306 1812 5313 ε
1844 5285 2132 5339 minentem
2156 5286 2258 5339 sibi
2282 5285 2483 5338 exitum
2513 5287 2870 5356 przesignasse
2893 5287 3247 5341 declaravcrit
3268 5300 3390 5338 mox

1845 5375 2308 5429 vehementissima
2366 5375 2555 5442 febris,
2609 5393 2728 5447 quae
2769 5379 2940 5447 eidem
2971 5377 3153 5430 fecerit
3180 5377 3392 5430 vivendi

1840 5467 2024 5531 finem,
2056 5475 2108 5520 et
2139 5465 2419 5535 (quantum
2447 5483 2509 5523 ex
2543 5479 2803 5524 contextu
2840 5450 3016 5537 colligi
3049 5467 3226 5535 datur)
3256 5483 3391 5534 pau-

1844 5571 2025 5614 corum
2067 5557 2289 5612 omnino
2325 5559 2531 5614 dierum
2582 5560 2758 5617 fuerit.
2793 5562 2931 5614 Hinc
2960 5573 3118 5626 porro
3153 5560 3390 5614 animum

2965 5651 3042 5713 30
