3926 6308
652 311 755 371 93‘.)

1775 307 1834 366 S.
1877 306 2189 365 JOSEPIII
2224 306 2780 366 IIYMNOGRAPHI
3780 315 3860 372 9&5

648 432 853 478 circum
892 431 1111 489 agentes
1135 435 1228 489 per
1271 429 1395 472 Octo
1428 421 1547 471 illos
1587 434 1781 482 annos,
1835 435 1973 488 quos
2004 422 2208 488 lgnatio
2240 431 2279 482 Α
2313 422 2515 490 expulit
2540 438 2569 474 e
2601 422 2795 490 patria,
2837 436 2942 473 non
3003 421 3187 489 paucis
3231 421 3388 477 annis
3428 421 3672 490 priorem
3719 423 3858 476 fuisse

651 525 865 568 martuo
897 512 1120 564 Photins
1159 511 1209 561 in
1245 508 1608 575 patriarchatu
1665 506 1870 574 habuit,
1915 520 2205 578 antequam

650 619 791 655 anno
822 602 924 656 888
971 601 1228 668 dignitate
1280 600 1366 653 illa
1408 602 1746 667 privaretur;
1779 610 1830 654 ct
1881 618 2082 654 annum
2123 618 2208 654 re-

647 692 943 758 quirentes,
1002 690 1090 755 qui
1130 686 1467 740 Parasceven
1528 687 1798 749 habuerit,
1857 704 2032 758 neque
2086 702 2208 758 post

649 783 864 836 tertium
889 782 1029 833 diem
1061 779 1278 848 Aprilis,
1301 795 1406 847 quo
1435 791 1704 832 mortuum
1734 781 2003 835 credimus
2034 779 2090 835 S.
2119 781 2209 834 Jo-

650 875 908 942 sepbum;
972 886 1143 937 neque
1189 872 1392 924 Iamdiu
1457 881 1603 932 ante,
1641 882 1698 924 nt
1747 872 1888 925 inter
1952 871 2122 939 ipsam
2156 881 2210 926 et

579 969 586 979 '
647 969 785 1019 diem
827 965 1015 1017 mortis
1046 964 1306 1030 longioris
1339 965 1601 1032 temporis
1637 967 1800 1018 statui
1834 963 2055 1028 debeat;
2087 964 2208 1016 nul-

646 1059 730 1110 lus
770 1057 1012 1110 occurrit
1082 1056 1441 1122 opportunior
1492 1070 1689 1120 anuus,
1745 1070 1907 1123 quam
1949 1055 2072 1118 885,
2115 1055 2206 1121 qui

645 1150 981 1205 Parasceven
1011 1149 1080 1203 29
1122 1147 1296 1202 Martii
1347 1149 1554 1210 habuit,
1600 1160 1648 1201 et
1687 1159 1877 1216 quarta
1935 1150 2067 1204 feria
2105 1148 2206 1202 Pa-

646 1242 844 1298 schalis
864 1241 1209 1296 hebdomada:
1231 1241 1370 1293 diem
1389 1242 1422 1294 5
1442 1243 1660 1309 Aprilis.
1685 1238 1840 1302 Nam,
1863 1239 1907 1295 si
1939 1255 2082 1294 anno
2102 1241 2207 1296 880

645 1341 893 1405 mortuus
932 1339 1076 1385 esset
1133 1330 1424 1400 Josephus,
1478 1339 1722 1383 mortuus
1768 1341 1913 1384 esset
1941 1331 2057 1399 ipso
2106 1331 2195 1384 die

643 1422 902 1484 Pasclne;
939 1421 1095 1475 talem
1147 1431 1325 1474 autem
1381 1433 1596 1489 tamque
1646 1421 1936 1474 notabilem
1970 1421 2207 1476 festivis-

643 1516 796 1566 simze
851 1513 954 1566 diei
1013 1509 1514 1574 circumstantiam,
1558 1527 1922 1581 nequaquam,
1981 1514 2025 1567 si
2077 1525 2199 1567 vera

643 1605 853 1665 fuisset,
889 1605 1163 1658 omisisset
1193 1605 1497 1672 exprimere
1530 1612 1718 1658 auctor
1751 1602 1905 1657 Vitae.
2205 1597 2208 1600 ’

710 1688 793 1746 l3.
832 1692 967 1746 Hinc
999 1708 1158 1761 porro
1195 1694 1260 1745 de
1314 1700 1470 1745 :ctate
1504 1693 1806 1756 coniectare
1839 1691 2035 1761 possis,
2070 1707 2194 1746 eum

637 1789 726 1855 qui
760 1786 939 1839 Leone
971 1785 1209 1838 Armeno
1241 1786 1669 1852 persecutionem
1701 1784 2010 1853 incipiente,
2042 1784 2091 1837 id
2118 1792 2204 1839 est

638 1892 781 1929 anno
805 1890 925 1930 atrae
955 1876 1191 1944 vulgaris
1225 1877 1325 1929 8H
1350 1875 1766 1944 janrprcsbyter
1797 1875 2061 1939 initiatus,
2091 1872 2198 1928 Ro-

637 1981 808 2022 manae
841 1968 1092 2036 legationi
1121 1967 1466 2036 indicabatur
1499 1966 1746 2031 idoneus,
1776 1976 1934 2034 atque
1972 1966 2106 2020 adeo
2143 1975 2200 2020 ut

638 2056 919 2108 minimum
945 2055 1267 2108 tricenarius
1299 2063 1432 2115 erat,
1466 2054 1604 2107 haud
1637 2054 1862 2105 multum
1897 2052 2134 2108 abfuisse
2165 2069 2197 2108 α

634 2145 964 2210 centenario,
995 2145 1211 2215 quando
1233 2161 1259 2197 a
1283 2145 1491 2198 mortali
1517 2145 1615 2196 hac
1637 2144 1742 2196 vita
1773 2141 1838 2196 ad
1865 2143 2197 2200 immortales

640 2235 879 2304 Superos
935 2235 1167 2288 transiit.
1230 2233 1426 2286 Eadem
1483 2234 1692 2286 ratione
1752 2234 1977 2305 intelligi
2035 2234 2194 2290 datur

641 2326 783 2378 illam
823 2322 1180 2379 Barbarorum
1240 2324 1602 2378 incursionem
1667 2320 1718 2377 in
1779 2323 2038 2390 Siciliam,
2072 2340 2192 2395 quae

635 2414 926 2484 Josephum
964 2429 1086 2470 cum
1111 2426 1279 2470 matre
1306 2415 1668 2484 fratribusque
1691 2416 1741 2470 iu
1760 2413 2187 2485 Peloponnesum

2312 511 2704 565 luClttnSO~i||0
2745 520 3003 578 tempore,
3076 525 3184 579 quo
3236 521 3354 578 post
3408 509 3610 562 Leonis
3659 511 3855 563 Armeni

2310 602 2528 666 caedem,
2568 621 2584 652 ι
2619 600 2874 656 Michaele
2902 601 3161 655 adversus
3198 602 3453 655 rebellem
3485 599 3754 655 Thomam
3787 620 3852 655 os-

2311 702 2523 761 cupato,
2574 702 2626 745 et
2655 708 2868 745 omnem
2927 693 3084 747 aliam
3133 709 3318 747 curam
3353 695 3485 746 huic
3534 695 3698 747 unice
3731 707 3853 762 post-

2313 781 2767 847 ponente,-Creta,
2795 782 2976 836 Sicilia
3005 792 3058 835 et
3083 782 3269 835 insula:
3291 781 3556 851 Cyclades
3577 798 3609 835 a
3635 782 3852 835 Romam

2312 871 2536 940 imperio
2568 873 2809 926 rescissae
2834 881 2958 925 sunt
2985 913 2998 938 ,
3038 891 3056 922 ι
3086 883 3142 926 ut
3169 873 3354 936 scribit
3384 872 3495 926 Leo
3545 872 3852 926 Gramineu-

2311 978 2431 1016 cus.
2463 962 2662 1030 Nempe
2693 963 2911 1017 Barbari
2946 965 3042 1029 illi,
3091 964 3352 1033 piraticis
3380 965 3713 1017 excursibus
3745 979 3852 1032 pn-

2311 1054 2407 1106 das
2439 1063 2562 1107 ante
2586 1054 2637 1107 id
2669 1065 2879 1124 tempus
2908 1055 3143 1108 contenti
3179 1070 3357 1124 agere,
3402 1065 3535 1109 tunc
3583 1057 3748 1108 etiam
3778 1061 3848 1107 tir—

2311 1158 2426 1196 mas
2458 1159 2598 1196 novo
2627 1143 2924 1197 dominatui
2956 1143 3106 1199 sedes
3137 1145 3190 1197 in
3241 1145 3431 1198 iisdem
3461 1144 3664 1198 insulis
3692 1147 3850 1210 acqui-

2311 1234 2471 1288 siere.
2517 1233 2668 1299 Quod
2733 1243 2908 1288 autem
2948 1234 3246 1289 Barbaricas.
3278 1236 3437 1289 etiam
3487 1250 3654 1288 naves
3707 1235 3848 1288 fuisse

2309 1328 2583 1385 dicantur,
2621 1341 2736 1391 qua:
2766 1325 2881 1380 vela
2911 1326 3135 1379 Romam
3172 1325 3416 1381 facientis
3445 1341 3670 1379 cursum
3700 1326 3847 1378 inter-

2308 1419 2485 1474 cidere
2532 1427 2585 1471 et
2612 1418 2880 1486 captivum
2909 1418 2960 1471 in
2996 1417 3212 1472 Cretam
3263 1431 3492 1473 avexere
3521 1416 3805 1486 Joaepbum
3833 1438 3842 1471 :

2308 1509 2358 1563 id
2411 1511 2480 1562 ita
2521 1510 2816 1577 act-ipimus
2869 1517 2928 1562 ut
2965 1525 3085 1563 cam
3123 1509 3356 1563 insulam
3415 1521 3526 1562 non
3563 1509 3677 1577 jam
3739 1523 3844 1562 tunc

2307 1598 2576 1654 tenuerint
2623 1597 2865 1664 Barbari,
2906 1601 2995 1654 sed
3031 1608 3087 1653 ut
3136 1615 3167 1653 a
3201 1599 3401 1654 Leonis
3433 1599 3657 1653 Armeni
3710 1601 3842 1653 mint-

2305 1691 2431 1745 stris
2454 1692 2703 1744 conducti
2737 1691 2800 1744 ad
2834 1690 3011 1745 scelus
3042 1691 3245 1759 piratae,
3283 1678 3548 1760 profugos
3589 1690 3837 1744 Constan-

2306 1782 2531 1851 tinopoli
2579 1795 2854 1835 sacrarum
2911 1781 3148 1836 cultores
3211 1781 3508 1849 imaginum
3553 1782 3838 1834 curaverint

2310 1877 2581 1928 retrahere
2609 1875 2660 1927 in
2701 1889 2890 1927 manus
2946 1864 3460 1939 Iconomachorum';
3495 1872 3838 1942 etlosepbum

2307 1965 2624 2018 nominatim
2656 1965 2984 2018 intenderim
3012 1966 3486 2034 comprehendere,
3555 1980 3715 2033 quem
3749 1964 3835 2016 lio.

2307 2067 2446 2106 mam
2483 2052 2715 2121 legatum
2756 2054 3032 2121 navigare,
3093 2070 3199 2106 non
3235 2054 3411 2122 potuit
3451 2035 3690 2106 omnino
3719 2053 3834 2106 clam

2303 2129 2486 2197 haberi
2517 2161 2531 2197 :
2557 2156 2624 2198 ex
2657 2143 2807 2197 Actis
2837 2145 2980 2198 enim
3017 2144 3301 2200 manifeste
3333 2155 3574 2210 constat,
3617 2137 3723 2198 non
3752 2144 3831 2198 81-

2301 2247 2549 2298 racenos,
2589 2232 2683 2290 sed
2711 2231 3098 2290 lconomachos
3114 2235 3300 2299 fuisse,
3330 2236 3381 2289 in
3409 2249 3643 2305 quorum
3675 2245 3831 2289 culto-

2299 2327 2385 2382 dia
2402 2326 2648 2382 detentus
2671 2322 2760 2382 ille
2784 2327 2923 2397 apud
2962 2326 3177 2382 Cretam
3227 2337 3310 2382 est
3366 2336 3479 2382 toto
3529 2326 3639 2383 fere
3666 2338 3830 2382 sexen-

2297 2431 2408 2473 ΙΙΙΟ.
2695 2437 2698 2439 ‘

1314 2631 1320 2638 ,
1893 2629 1916 2649 ,,
2391 2629 2401 2634 η
2467 2628 2528 2650 .,
2620 2627 2749 2652 Im“
2835 2629 2866 2652 ,Ι
3035 2629 3041 2652 ι
3769 2630 3774 2653 Ι

1818 2915 1831 2919 _
1898 2785 2577 2922 ΙΩΑΝΝΟΥ
2662 2864 2665 2868 ι

1132 2993 1478 3050 ΔΙΛΚΟΝΟΥ
1520 2995 1652 3049 ΤΗΣ
1690 2998 1825 3051 ΤΟΥ
1861 2997 2040 3052 ΘΕΟΥ
2077 2998 2405 3055 ΜΕΓΑΛΗΣ
2444 2982 2840 3055 ΕΚΚΑΗΣΙΑΣ
2879 2999 2996 3055 ΚΑΙ
3036 2997 3348 3058 ΡΗΤΟΡΟΣ

2093 3149 2330 3208 ξλοΓοΣ

702 3309 870 3426 ΕΙΣ
914 3334 1164 3427 ’ΤΟΝ
1245 3335 1501 3424 BION
1576 3337 1800 3425 ΤΟΥ
1873 3333 2016 3424 EN
2090 3336 2191 3425 Al

2298 3341 2452 3426 ΜΣ
2527 3337 2955 3428 ΠΑΤΡΟΣ
3029 3316 3352 3432 ΗΜΩΝ
3427 3338 3751 3432 mmo

1901 3517 2035 3576 ’τοι⁴
2076 3504 2565 3579 rMNorPAipor.
2602 3521 2605 3530 ‘
2654 3527 2668 3538 ί

1934 3849 2527 3994 JOANNIS

1291 4052 1594 4136 mch
1638 4069 1768 4136 nm
1815 4055 2212 4136 semustas
2254 4065 2582 4137 sucos!
2625 4069 2728 4176 Er
2773 4065 3172 4136 ORATOR-IS

2124 4228 2336 4283 SERHO
2371 4252 2378 4256 ·

868 4419 991 4504 1N
1085 4415 1467 4505 VITAM’
1530 4417 1651 4542 s._
1703 4417 1804 4501 Ρ.
1887 4364 2003 4502 N,
2081 4409 2574 4506 JOSEPHI
2659 4409 3578 4549 HYMNOGRAPHI.

1112 4606 1202 4669 (Ex
1231 4619 1319 4654 ms.
1349 4607 1517 4656 codice
1544 4603 1771 4654 biblioth.
1795 4599 2178 4665 Vatlc.,'collato
2203 4617 2312 4654 eum
2348 4617 2437 4653 ms.
2466 4603 2631 4653 Siculo
2654 4603 2938 4653 monasteril
2963 4604 3014 4652 S.
3043 4603 3345 4667 Salvatoris.)
3426 4662 3428 4664 _

1664 4749 1933 4810 Interprete
1961 4745 2198 4797 Ludovico
2240 4746 2532 4807 Marruccio,
2558 4747 2774 4798 Lucani.

693 5045 740 5098 l.
763 5041 952 5097 Omnis
968 5045 1178 5113 quidem
1218 5045 1454 5097 virorum
1484 5045 1682 5095 virtute
1702 5043 2042 5111 praeditorum
2069 5047 2172 5100 vita

2337 5055 2418 5121 μ’.
2455 5050 2560 5104 Καὶ
2591 5049 2734 5111 ἄπας
2757 5049 2853 5118 μὲν
2887 5046 2999 5118 βίος
3031 5048 3141 5102 τῶν
3182 5049 3468 5118 ἐναρέτων,
3498 5050 3590 5122 τὴν
3616 5049 3786 5121 ἐρῶσαν

618 5135 855 5187 animum
888 5135 1098 5187 virtutis
1122 5147 1391 5187 amantem
1453 5135 1516 5185 ad
1559 5132 1908 5186 imitationem
1953 5135 2162 5201 invitat,

615 5227 978 5280 i-thonestatis
1012 5227 1241 5279 amicum
1293 5226 1356 5277 ad
1392 5239 1506 5276 eam
1537 5236 1631 5291 pro
1674 5225 1877 5282 viribus
1907 5226 2165 5282 aemulan-

606 5319 734 5371 dam
756 5319 1028 5385 compellit
1058 5339 1067 5370 :
1187 5331 1311 5370 vero
1343 5315 1501 5366 etiam
1527 5327 1703 5368 sermo
1733 5316 1894 5368 vitam
1918 5328 2160 5380 exornet,

614 5422 664 5463 et
704 5412 1144 5478 praeticumeum
1193 5407 1525 5478 speculatlvo
1572 5406 1978 5478 lnielliglbiliter
2031 5424 2162 5465 con-

616 5503 812 5564 veniat,
841 5501 1184 5568 perfectionis
1215 5501 1514 5554 studiosum
1554 5507 1646 5569 per
1687 5502 1796 5556 haec
1824 5501 1933 5556 duo
1964 5483 2177 5570 excitat,

612 5591 677 5642 ad
736 5589 1037 5641 sedulitatis
1089 5585 1554 5657 expressionem}
1621 5605 1929 5658 quanquam
1992 5592 2153 5646 etiam

611 5678 718 5730 vita
748 5678 861 5730 sola
899 5675 993 5741 illi,
1024 5678 1111 5744 qui
1143 5677 1310 5731 currit
1350 5679 1414 5732 ad
1462 5682 1685 5749 scopum
1727 5693 1970 5759 super-me
2004 5696 2157 5739 voca-

2274 5142 2449 5208 ψυχὴν
2484 5141 2678 5210 ἀρετῆς
2715 5139 2845 5209 πρὸς
2872 5139 3100 5209 μίμησιν
3129 5136 3458 5206 ἐκκαλεῖται,
3494 5143 3606 5195 -καὶ
3631 5139 3786 5212 ζηλοῦν

2274 5230 2568 5296 ἀναγκάζει
2601 5228 2736 5282 κατὰ
2755 5227 2981 5295 δύναμιν
3006 5229 3092 5281 τὸν
3124 5230 3433 5297 φιλόκαλον·
3465 5233 3514 5284 ει
3537 5232 3590 5286 δὲ
3616 5230 3699 5284 καὶ
3723 5229 3785 5280 λάε

2274 5335 2364 5385 70;
2390 5319 2479 5369 τὸν
2517 5319 2626 5386 βίον
2661 5317 2910 5370 καλλύνει
2932 5358 2945 5382 ,
2971 5319 3064 5370 καὶ
3088 5318 3147 5370 τὸ
3177 5319 3480 5387 πρακτικὸν
3518 5320 3592 5389 τῷ
3619 5319 3785 5384 θεωρη·

2272 5410 2406 5478 τικῷ
2435 5409 2632 5480 νοερῶς
2661 5406 3006 5474 συνδυάζεται
3025 5411 3115 5463 τὸν
3131 5410 3453 5480 ὀρεγόμενον
3474 5410 3781 5478 τελειότηωῆ

2273 5501 2339 5553 δι’
2363 5501 2643 5573 ἀμφότερα
2668 5501 2839 5555 ταῦτα
2858 5502 3138 5573 διέρεθβξει
3158 5499 3291 5574 πρὸς
3314 5504 3408 5574 τὴν
3429 5504 3528 5572 τῆς
3548 5502 3782 5573 ἀκριϐείας

2265 5591 2589 5648 ὲκτύπωσιν.
2623 5595 2815 5646 Καίτοι
2847 5593 3028 5660 γε-καὶ
3063 5593 3175 5663 βίος
3209 5594 3366 5663 μόνος
3387 5595 3549 5664 ἀρκεῖ
3574 5593 3645 5664 τῷ
3674 5591 3780 5645 κατὰ

2267 5684 2463 5751 σκοπρν
2496 5687 2607 5754 Αεῆς
2657 5676 2766 5741 ἄνὼ
2814 5684 3051 5757 κλήσεως
3100 5686 3374 5755 τρέχοντι,
3412 5685 3509 5756 τὴν
3548 5682 3780 5751 βασιλείαν
