3926 6308
27 466 152 528 941

1573 447 1767 505 νΙΤΑ.

3156 439 3258 501 942

27 580 164 632 τῶν
190 575 440 647 οὐρανῶν
491 570 813 642 προξενῆσαι
869 567 960 621 καὶ
988 566 1080 636 τὴν
1110 565 1175 617 δι’
1212 562 1398 624 αίῶνος
1439 577 1610 630 μακα-

1742 557 1900 617 ionis,
1944 556 2160 610 caeleste
2203 569 2427 624 regnum
2478 566 2639 622 atque
2698 565 2948 608 mternam
2989 555 3245 612 beatitudi

33 669 306 738 ριότητα.
340 666 413 718 Οὐ
451 665 554 732 μὴν
580 661 713 715 ἀλλὰ
738 661 828 712 καὶ
862 657 1014 723 λόγος
1039 655 1116 725 τῷ
1146 654 1244 724 βίῳ
1276 650 1612 720 συνημμένος

32 756 422 826 κατάλληλος,
454 752 623 806 Λυδία
651 751 792 810 λίθος
827 750 1014 815 ὁρᾶται
1050 746 1116 797 τὰ
1156 743 1262 795 τῶν
1311 742 1482 795 ἄλλων
1511 738 1614 807 ἢθη

37 847 372 917 βασανίζων
399 843 598 904 καλῶς,
628 839 716 892 καὶ
736 838 821 889 διὰ
841 837 936 904 τῆς
961 835 1174 902 χάριτος
1201 832 1288 883 τὸν
1311 828 1456 896 αὐτῷ
1483 830 1618 896 μετᾶ

33 937 272 1007 τρόπου
321 933 710 1002 κοσμούμενον,
745 927 922 979 κοινὸν
972 923 1242 992 προτιθεὶς
1289 925 1398 976 τοῖς
1440 920 1616 988 βουλο-

42 1028 252 1096 μινοις
288 1025 606 1094 ἀρχέτυπον.
630 1019 877 1073 Τοιοῦτον
907 1011 1022 1068 οῖδα
1047 1015 1139 1068 καὶ
1180 1012 1398 1080 Ἰωσὴφ,
1428 1009 1518 1062 τὸν
1562 1009 1620 1059 ὲν

41 1118 250 1178 πόνοις
288 1116 386 1179 μὲν
413 1111 806 1180 γενναιότατον,
829 1109 888 1160 ὲν
905 1104 950 1158 δ’
975 1105 1193 1174 ἀρεταῖς
1222 1099 1617 1172 ἀπαράμιλλον,

40 1206 133 1274 τῷ
165 1205 230 1257 δὲ
266 1203 503 1272 περιόντι
541 1201 630 1253 τοῦ
658 1199 814 1266 λόγου
837 1197 952 1259 ,τοῖς
982 1192 1239 1248 ἀνέκαθεν
1270 1191 1463 1258 ἁγίοις,
1481 1189 1619 1242 κατὰ

39 1294 156 1360 τὴν
187 1289 484 1360 δεδομένην
521 1287 671 1356 παρὰ,
696 1284 787 1338 τοῦ
817 1281 1129 1352 Πνεύματος
1162 1279 1386 1348 δύναμιν
1407 1319 1424 1342 ,
1493 1277 1619 1346 μελ-

44 1380 304 1451 ῳδικοὺς
333 1378 696 1448 ὑμνητηρίους
724 1372 1202 1444 ἑμπαρενείροντα.

132 1635 208 1704 β’.
241 1634 442 1688 Τοῦτον
481 1631 590 1686 ἔδει
619 1618 691 1700 μὴ
729 1629 1104 1700 παραδραμεῖν
1145 1626 1236 1678 τὸν
1264 1625 1498 1694 ἐραστὴν
1530 1624 1621 1680 τοῦ

49 1725 230 1792 λόγου
257 1761 273 1786 ,
325 1722 417 1777 καὶ
455 1721 516 1774 τὸ
561 1718 744 1787 περιὸν
792 1715 891 1786 τῆς
937 1715 1134 1785 ἀρετῆς
1179 1712 1622 1797 όυσωπούμενον,

51 1815 178 1868 ἀλλ’
215 1813 247 1866 ό
299 1814 497 1876 ἐκεῖνος
543 1812 598 1861 ὲν
630 1808 811 1870 ἄλλοις·
841 1805 1048 1870 πολλοῖς
1092 1804 1434 1867 ὲκτετέλεκε,
1471 1802 1626 1856 τοῦτο

1719 661 1837 702 nem
1877 646 2204 700 suliicienter
2229 646 2481 713 acquirit.
2519 644 2892 698 Verumtamen
2927 662 3107 700 sermo
3132 664 3268 718 quo-

1719 751 1823 805 que
1842 743 2029 789 mutuo
2057 751 2193 788 nexu
2226 738 2347 788 vitae
2381 737 2723 802 conjunctns,
2757 735 2924 805 Lydia
2959 739 3122 804 lapidi
3150 756 3269 808 per-

1720 829 1912 881 similis
1940 836 2022 880 est
2059 845 2070 878 :
2109 843 2230 878 nam
2270 827 2496 878 aliorum
2529 827 2814 894 qualitates
2858 829 3056 893 optime
3089 808 3272 896 probat

1721 933 1782 970 ac
1829 932 2024 979 mores,
2057 925 2110 968 et
2167 925 2445 982 propterea
2503 916 2686 982 gratiae
2750 916 2914 977 illius,
2975 926 3094 984 quae
3150 935 3269 972 cum

1720 1018 1861 1061 certa
1891 1007 2103 1059 ratione
2145 1007 2196 1057 in
2233 1018 2299 1058 eo
2331 1004 2556 1072 rel'ulgct
2581 1045 2595 1068 ,
2651 1007 2996 1074 archetypum
3034 1023 3272 1064 commu-

1722 1113 1841 1152 ucm
1870 1098 2175 1151 volentibus
2201 1097 2466 1165 proponit.
2497 1094 2680 1151 Talem
2735 1097 2943 1150 allirmo
2985 1097 3154 1152 fuisse
3185 1099 3273 1152 ιο.

1723 1190 1970 1257 sephum,
2003 1188 2055 1240 in
2090 1187 2365 1240 laboribus
2391 1187 2886 1255 generosissimum,
2918 1187 2969 1238 in
2992 1188 3277 1242 virtutibus

1723 1276 2159 1344 insuperabih-m,
2215 1275 2302 1341 qui
2359 1274 2707 1327 suavissimas
2737 1275 3043 1335 cautiones,
3087 1291 3266 1329 secun-

1721 1367 1846 1418 dum
1889 1367 2196 1419 facultatem
2235 1366 2336 1418 sibi
2394 1380 2422 1417 a
2463 1365 2665 1433 Spiritu
2708 1375 2895 1420 sancto
2928 1368 3201 1433 tributam,
3227 1369 3278 1421 in

1723 1456 1983 1507 honorem
2036 1454 2450 1521 prmcedentium
2512 1463 2822 1508 sanctorum
2884 1471 2950 1509 ex
3013 1461 3280 1514 sermonis

1723 1544 1876 1611 copia
1908 1555 1960 1596 et
1990 1545 2231 1597 ubertate
2260 1545 2582 1611 composuit.

1791 1635 1842 1688 2.
1905 1630 2058 1686 Hunc
2119 1633 2338 1686 minime
2394 1634 2612 1687 decebat
2684 1637 2958 1704 praeterire
3013 1638 3282 1694 sermonis

1726 1735 2045 1787 amatorem,
2075 1724 2287 1778 etiamsi
2337 1725 2602 1793 quiSpiam
2654 1727 2721 1779 ob
2750 1727 2966 1787 virtutis
3004 1727 3282 1782 abundan-

1730 1819 1855 1868 tiam
1890 1815 2153 1868 confusus
2195 1816 2423 1868 haereret
2463 1832 2477 1868 :
2531 1815 2624 1868 sed
2675 1817 2814 1884 quod
2866 1818 2954 1870 ille
2997 1819 3052 1870 in
3099 1817 3283 1874 multis

53 1907 293 1967 πάντως
317 1901 498 1955 λαϐεῖν
531 1899 680 1968 παρὰ
704 1897 800 1965 τῆς
824 1895 978 1968 ἡμῶν
1005 1880 1402 1961 ταπεινότήτος,
1435 1893 1496 1949 Et
1521 1893 1628 1961 γὰρ

1739 1907 1848 1960 aliis
1903 1905 2031 1960 fecit
2065 1947 2080 1970 ,
2122 1907 2224 1959 hoc
2277 1905 2499 1958 omnino
2557 1907 2910 1960 conveniebat
2949 1899 3196 1962 eumdem
3252 1923 3284 1962 a

52 1998 159 2049 καὶ
195 1996 298 2062 οὐχ
344 1993 538 2062 ὡραῖος
586 1988 769 2058 ὕμνος,
802 1985 1070 2066 καταιτδν
1113 1983 1519 2052 ’Υμνογρὰφον,
1566 1984 1625 2036 ιν

59 2088 311 2156 στόματι
324 2082 430 2158 εςυῦ
459 2077 781 2150 ἀμαρτωλοῦ
803 2119 817 2140 ,
840 2075 987 2144 ,πλὴν
1019 2074 1130 2128 ἀλλ’
1169 2076 1202 2148 ἠ
1230 2072 1505 2144 προθυμία
1534 2074 1626 2126 καὶ

53 2179 120 2230 τδ
153 2171 285 2240 ζέον
315 2174 410 2243 τῆς
444 2171 734 2228 διαθέσεως
765 2167 906 2232 ἕλξει
937 2165 1026 2217 τὸν
1056 2165 1463 2233 εὐφημούμενον
1492 2165 1626 2234 πρὸς

59 2270 124 2324 τό
146 2267 223 2322 τὰ
256 2266 376 2319 λιτὰ
410 2263 574 2318 ταῦτα
603 2264 696 2314 aiat
727 2257 954 2328 πενιχρὰ
976 2255 1370 2327 παραδέξασθαι
1393 2269 1407 2282 °
1436 2255 1494 2306 οὐ
1521 2255 1628 2323 γὰρ

57 2356 125 2408 τό
167 2351 290 2408 ἴσον
332 2351 675 2421 ἁντιζητὴσει
721 2349 871 2416 παρὰ
906 2346 1002 2417 τῆς
1055 2344 1210 2413 ἡμῶν
1249 2342 1623 2412 οὐθενότητος·

63 2439 149 2507 οἷς
185 2444 300 2515 γὰρ
328 2442 468 2495 κατὰ
496 2441 592 2509 τὴν
621 2438 907 2506 ἀναλογίαν
943 2438 990 2491 οἱ
1023 2434 1127 2504 βίοι
1175 2434 1314 2486 κατὰ
1345 2433 1630 2504 διάμετρον

63 2533 452 2604 ἀφεστήκασι,
478 2529 683 2591 τούτοις
709 2528 982 2596 ἀναλόγως
1008 2527 1099 2579 καί
1135 2527 1162 2577 ό
1193 2525 1346 2591 λόγος
1376 2526 1631 2593 ἀπόσχοι-

68 2624 304 2700 νίζεται.
339 2621 567 2693 Δαλήσω
593 2619 724 2687 γοῦν
753 2619 900 2688 παρὰ
927 2617 1084 2690 μέλος
1118 2616 1193 2686 τῷ
1221 2616 1288 2669 τὰ
1315 2615 1424 2679 τῶν
1459 2616 1632 2668 ἄλλων

70 2713 334 2784 ὲμμελῶς
364 2711 744 2782 μελῳδήσαντι·
780 2711 807 2762 ὁ
841 2708 896 2761 δὲ
925 2710 1023 2778 τὴν
1052 2709 1169 2775 ῖσην
1191 2707 1347 2776 χάριν
1376 2707 1526 2768 εἰδὼς
1559 2706 1634 2774 μὴ

73 2799 360 2872 παροῦσαν
389 2798 464 2867 τῷ
496 2798 783 2865 γράψαντι,
829 2796 1040 2864 γυμνὴν
1078 2797 1172 2864 τὴν
1205 2795 1509 2863 προθυμίαν
1537 2794 1633 2862 τῆς

72 2890 299 2961 χάριτος
371 2887 718 2951 ἀποδέξεται·
766 2884 886 2938 ἐπεὶ
930 2883 1060 2952 μηδὲ
1117 2883 1193 2952 τῷ
1223 2882 1316 2934 τοῦ
1350 2883 1634 2951 προσώπου

75 2981 273 3040 καλλος
301 2979 494 3046 κομιδῇ
515 2976 621 3031 ἀπὸ
644 2976 739 3047 τῆς
761 2975 971 3043 φύσεως
995 2973 1167 3045 ἔχοντι
1198 2974 1635 3043 περισπούδαστα

76 3069 144 3121 τὰ
194 3067 389 3133 ἔξωθεν
438 3051 832 3133 ἔπιτρίμματα.
887 3060 1202 3119 Τοὺναντίον
1257 3062 1352 3130 μὲν
1405 3060 1496 3113 οὖν
1543 3063 1636 3117 καὶ

78 3159 431 3227 καταχραίνοι
464 3154 523 3206 τὸ
565 3153 943 3223 ὼραιὸμορφον
989 3153 1016 3206 ὁ
1058 3149 1488 3220 περιστιμμίζων
1526 3153 1635 3213 τοῖς

80 3245 351 3316 χρώμασι-

1732 2002 1916 2047 nostra
1951 1994 2253 2047 humilitate
2286 1996 2543 2061 recipere.
2579 1992 2726 2048 Licet
2752 1997 2892 2047 enim
2921 1995 3072 2063 juxta
3121 1995 3285 2065 Hym-

1727 2087 1983 2156 nographi
2017 2086 2244 2149 dietum,
2269 2101 2370 2139 non
2399 2086 2468 2139 sit
2522 2088 2762 2154 speciosa
2799 2088 2916 2142 laus
2955 2090 3007 2141 in
3042 2103 3137 2141 ore
3158 2103 3284 2158 pec-

1727 2174 1946 2238 catoris,
2001 2182 2236 2228 attamen
2271 2183 2551 2242 promptus
2601 2175 2884 2244 alacerque
2936 2177 3180 2242 animus,
3233 2185 3288 2234 et

1729 2263 1941 2319 fervens
1984 2265 2212 2319 aﬂ‘ectus
2247 2265 2443 2318 allieiet
2482 2280 2603 2317 eum
2630 2304 2644 2328 ,
2705 2267 2794 2334 qui
2847 2266 3095 2321 laudibus
3148 2267 3288 2322 cele-

1729 2354 1912 2407 bratur
1942 2358 2005 2408 ad
2046 2357 2157 2409 Inrc
2188 2367 2372 2410 nostra
2418 2356 2607 2424 exigua
2639 2357 2869 2425 villaque
2918 2359 3283 2428 suscipienda.

1731 2445 1846 2504 Non
1873 2447 2016 2499 enim
2041 2447 2185 2512 paria
2206 2449 2383 2516 exiget
2410 2463 2440 2500 a
2469 2457 2648 2501 nostra
2675 2447 3038 2504 imbecillitate
3060 2453 3283 2515 ;etenim

1730 2537 1916 2590 eadem
1942 2538 2288 2606 preportione
2320 2540 2474 2591 debet
2521 2531 2747 2606 Singulis
2796 2555 2974 2595 sermo
3011 2542 3173 2595 dividi
3225 2558 3287 2597 ac

1731 2625 2006 2690 distribui,
2039 2642 2142 2695 qua
2173 2643 2358 2680 eorum
2387 2629 2488 2680 vita
2531 2645 2624 2695 per
2646 2631 2968 2683 diametrum
2998 2631 3177 2685 differt
3224 2648 3288 2685 ac

1733 2727 2038 2784 separatur.
2098 2716 2308 2785 Loquar
2366 2717 2526 2784 igitur
2575 2719 2899 2774 inconcinne
2938 2720 3005 2774 de
3059 2736 3146 2785 eo,
3197 2722 3289 2790 qui

1733 2807 1960 2859 aliorum
2010 2806 2146 2860 facta
2192 2807 2516 2861 suavissimo
2551 2821 2722 2860 metro
2754 2811 3075 2877 composuit.
3118 2810 3289 2865 Porro

1734 2897 1821 2950 ille
1875 2897 2014 2951 idem
2043 2937 2057 2960 ,
2106 2900 2195 2966 qui
2229 2902 2378 2952 novit
2437 2913 2542 2951 non
2593 2899 2850 2968 aequalem
2887 2901 3115 2969 gratiam
3154 2903 3288 2956 mihi

1738 2985 1997 3039 scribenti
2033 2987 2218 3040 adesse
2245 2995 2406 3055 atque
2436 2987 2538 3054 ipsi
2577 2989 2783 3051 aderat,
2851 2990 3049 3042 nudam
3109 2992 3290 3059 gratia:

1736 3073 2213 3140 promptitudinem
2249 3084 2414 3143 atque
2447 3077 2679 3129 alacrem
2709 3077 2957 3130 allectum
2990 3081 3245 3149 suscipiet
3274 3098 3289 3136 :

1739 3163 2176 3231 quandoquidem
2204 3179 2378 3233 neque
2407 3166 2515 3228 ille,
2553 3168 2646 3234 qui
2679 3182 2707 3218 a
2738 3177 2927 3220 natura
2961 3172 3141 3223 vultus
3174 3172 3290 3238 pul-

1731 3250 2094 3308 chritudinem
2130 3253 2370 3321 possidet
2394 3255 2801 3318 eximiam,non
2855 3257 2906 3310 in
2966 3261 3290 3315 extrinsecis

81 3340 460 3412 expplimenlis
507 3345 669 3404 atque
745 3335 1130 3394 attrit-amentis
1207 3332 1416 3398 laborat
1471 3352 1486 3392 :
1531 3338 1623 3405 qui

1739 3358 1793 3396 ro
1853 3346 2104 3419 opposito
2140 3347 2302 3401 modo
2343 3336 2414 3402 se'
2440 3348 2617 3411 habet,
2679 3348 2864 3402 formae
2896 3349 3143 3405 decorem
3194 3369 3290 3424 ap-

84 3438 281 3504 pingit,
326 3443 378 3487 et
421 3431 926 3501 circumpositorum
981 3429 1224 3484 colorum
1279 3426 1423 3484 fucat
1470 3437 1821 3492 ornamemis,

154 3521 226 3589 γ’.
257 3522 514 3589 Θεοφάνει
543 3521 640 3595 μὲν
667 3517 758 3575 οὖν
781 3536 886 3573 τινι
905 3559 920 3587 ,
953 3518 1044 3572 τοῦ
1073 3521 1217 3590 ἱεροῦ
1251 3521 1641 3593 πρεσϐυτερίου

87 3612 369 3682 ὴξιωμένῳ
399 3613 492 3668 καὶ
519 3611 596 3684 τῷ
623 3611 906 3679 καταλόγῳ
938 3610 1296 3684 ἠριθμημένῳ
1318 3613 1442 3669 ,τῶν
1478 3632 1641 3684 μονα-

87 3706 216 3772 χῶν,
249 3706 275 3758 ὀ
306 3703 417 3775 βίος
459 3703 609 3758 τοῦδε
644 3701 736 3755 τοῦ
775 3704 1042 3777 μακαρίου
1079 3706 1375 3771 πεπόνηται
1398 3722 1412 3735 ·
1444 3707 1503 3758 οὐ
1535 3707 1638 3778 μὴν

92 3795 222 3850 ἀλλὰ
258 3793 602 3862 παρέδραμεν
639 3791 827 3846 τοῦτον
860 3793 1028 3846 πολλὰ
1050 3832 1064 3856 ,
1097 3794 1178 3846 ὅτι
1223 3795 1362 3850 κατὰ
1407 3795 1640 3862 σπουδὴν

91 3884 277 3952 ἐκείνῳ
318 3882 730 3956 συνίεριυφάνθη
777 3882 836 3934 τὸ
887 3883 1133 3952 πόνημαο
1185 3885 1372 3955 ἀμέλει
1423 3887 1516 3938 καὶ
1559 3879 1638 3948 οἷς

96 3974 289 4037 ἐκεῖνος
312 3975 404 4028 τοῦ
449 3974 690 4044 μάκαρος
737 3972 890 4027 τοῦδε
923 3973 1012 4028 τὸν
1043 3972 1154 4042 βίον
1191 3975 1513 4044 ἐσμίκρυνεν
1536 4015 1549 4039 ,
1583 3979 1639 4026 ὲν

97 4067 295 4125 τούτοις
326 4065 470 4136 ἡμᾶς
506 4064 596 4116 ἐπὶ
621 4065 680 4117 τὸ
711 4062 867 4133 εὖρος
894 4059 1320 4132 τῆςδιηγήσεως
1353 4066 1639 4134 προεδίὸα-

102 4169 201 4205 σεν.
243 4153 398 4206 Ἀλλὰ
430 4153 510 4213 τίς
540 4153 744 4218 γένοιτο
765 4151 841 4223 τῷ
868 4151 968 4221 βίῳ
995 4150 1146 4206 τοῦδε
1169 4151 1458 4221 ἀξιόχρεως
1485 4154 1642 4205 ἐπαι-

101 4260 213 4306 νος;
243 4243 368 4296 ποία
401 4242 454 4298 δὲ
479 4241 701 4311 εγλῶσσα
737 4240 807 4293 τὰ
838 4240 1026 4293 τούτου
1071 4241 1352 4310 δυνήσεται
1379 4242 1640 4311 διηγήσαρ

103 4333 214 4389 σθαι
263 4326 693 4404 κατορθώματας
736 4330 882 4384 Ἔδει
932 4332 1058 4400 γὰρ,
1109 4331 1216 4386 εδει
1258 4332 1356 4393 τὰς
1398 4331 1644 4398 γλώσσας

102 4424 215 4493 ἄρτι
241 4427 492 4494 παρεῖναι
517 4423 622 4475 τῶν
649 4424 778 4491 παρ’
813 4421 976 4475 αὐτοῦ
1009 4422 1172 4487 ἀξίως
1205 4421 1642 4498 ἐξυμνουμένων,

1817 3532 1872 3586 5.
1906 3530 2074 3588 Porro
2101 3533 2241 3586 beati
2291 3531 2450 3600 hujus
2483 3534 2642 3587 vitam
2689 3533 3042 3603 TheOphanes
3072 3539 3288 3606 quidam

1744 3635 1896 3675 Sacra
1954 3621 2274 3690 presbyterii
2329 3621 2590 3689 dignitate
2628 3621 2938 3688 insignitus,
2994 3633 3045 3675 et
3105 3639 3293 3677 mona-

1742 3711 1969 3764 chorum
1997 3711 2241 3781 catalogo
2271 3713 2564 3780 ascriptus,
2601 3712 2897 3766 elaboravit
2934 3730 2947 3766 :
3002 3715 3167 3768 multa
3209 3724 3288 3769 tav

1744 3815 1864 3853 men
1909 3801 1996 3855 hic
2027 3815 2216 3856 auctor
2245 3803 2619 3871 praetermisit,
2654 3817 2778 3869 nam
2809 3801 3123 3856 festinanter
3156 3820 3290 3873 opus

1742 3893 1989 3947 confecit.
2024 3892 2127 3947 Sed
2154 3894 2204 3945 in
2232 3894 2298 3946 iis
2324 3895 2375 3945 in
2408 3893 2604 3961 quibus
2636 3893 2733 3945 iste
2765 3893 2904 3945 beati
2935 3893 3094 3961 hujus
3126 3895 3283 3948 vitam

1743 3985 2030 4046 imminuit,
2070 4001 2167 4038 nos
2220 3983 2286 4036 ad
2339 3983 2670 4036 narrationis
2706 3983 3112 4051 amplitudinem
3158 4001 3285 4054 pro-

1743 4076 1908 4126 vexit.
1946 4073 2143 4127 Verum
2178 4091 2297 4142 qua:
2341 4075 2552 4126 tandem
2591 4076 2718 4126 satis
2747 4075 2905 4142 digna
2951 4076 3070 4128 laus
3129 4076 3288 4145 hujus

1744 4164 1847 4216 vita
1876 4165 2174 4232 reperiatur
2205 4165 2228 4215 ?
2253 4162 2319 4215 Et
2343 4179 2461 4231 qua:
2481 4163 2658 4230 lingua
2695 4163 2951 4238 praeclara
2976 4164 3117 4217 illius
3145 4173 3288 4232 gesta

1748 4268 2029 4307 recensere
2052 4253 2264 4306 valeat?
2291 4253 2580 4319 Oportebat
2598 4266 2747 4316 sane,
2772 4254 3050 4319 oportebat
3078 4253 3286 4306 illorum

1747 4359 1890 4397 nunc
1945 4345 2154 4412 linguas
2193 4345 2400 4405 adesse,
2436 4344 2532 4411 qui
2568 4346 2633 4396 ab
2667 4344 2852 4395 eodem
2898 4358 2995 4411 pro
3034 4344 3290 4412 dignitate

1750 4435 1949 4487 laudati
1989 4443 2133 4499 sunt,
2165 4444 2216 4486 et
2243 4434 2438 4488 abillis
2493 4434 2577 4486 isti
2626 4433 2851 4502 gratiam
2886 4448 2978 4501 per
3015 4448 3290 4488 sermones

104 4521 188 4569 καὶ
217 4520 362 4588 παρὰ
394 4515 595 4572 τούτων
635 4514 807 4582 τούτῳ
837 4510 1278 4584 ἀποπληροῦσθαι
1307 4513 1403 4579 τὴν
1429 4512 1517 4568 διὰ
1549 4511 1635 4566 λό-

1749 4522 1981 4586 repeudi.
2023 4521 2135 4575 Non
2161 4532 2336 4574 tamen
2365 4537 2482 4586 nos,
2516 4521 2700 4590 quales
2731 4536 2937 4586 sumus,
2969 4522 3287 4585 tacebimus,

105 4623 204 4671 γων
245 4607 525 4678 ἀντίχσριν
548 4621 562 4636 ο
592 4604 651 4659 οὐ
697 4603 803 4678 μὴν
841 4603 954 4655 ἀλλ’
984 4602 1102 4654 οὐδὲ
1121 4604 1299 4672 ἡμεῖς,
1329 4600 1640 4670 ὡς’ἔχομεν,

108 4699 461 4767 σιωπήσομεν,
500 4695 565 4746 τὰ
588 4694 793 4746 ἐκείνου
823 4691 1248 4761 ἐκδιηγούμενοι.
1440 4688 1446 4695 ’

168 4788 223 4840 δ’.
249 4763 446 4855 Πατρὶς
477 4783 763 4852 τοιγαροῦν
786 4783 863 4853 τῷ
888 4782 1104 4852 μεγάλῳ
1133 4783 1164 4852 ἡ
1188 4783 1244 4859 ὲν
1274 4782 1454 4850 νήσοις
1475 4780 1531 4835 τὸ
1557 4778 1643 4831 εὖ·
1727 4763 1730 4766 λ

109 4877 280 4946 {mpm
304 4879 540 4946 φέρουσα
562 4915 576 4939 ,
607 4877 638 4946 ὴ
664 4873 964 4942 περιφανὴς
985 4872 1231 4936 Σικελία,
1255 4871 1394 4940 φημὶ
1417 4909 1432 4935 ,
1458 4870 1522 4942 ἢν
1547 4871 1643 4937 οὐχ

112 4968 234 5019 οὕτω
280 4965 559 5036 περίὸοξον
594 4963 897 5036 Διονύσιος,
951 4964 979 5013 ό
1021 4963 1079 5015 ὲν
1113 4963 1247 5033 αὐτῇ
1296 4977 1423 5012 ποτε
1475 4960 1645 5029 ἄρξας

114 5059 274 5129 ἁϐρῶς
302 5055 703 5124 ἀπειργάσατο,
733 5054 806 5116 ὡς
831 5054 880 5107 oi
908 5052 1000 5106 τοῦ
1040 5051 1272 5124 μεγάλου
1306 5053 1642 5123 γεννήτορες,

116 5151 165 5198 τ),
207 5152 341 5219 μέγα
383 5151 448 5217 τῇ
497 5145 712 5216 πατρίδι
749 5143 1102 5214 χαρισάμενοι
1133 5141 1329 5210 ὄνομα,
1365 5142 1451 5193 διὰ
1491 5142 1643 5194 τοῦδε

116 5242 193 5292 τοῦ
245 5240 513 5311 μακαρίου
561 5237 958 5306 βλαστήματος.
998 5234 1231 5302 Πατέρες
1276 5232 1332 5285 δὲ
1378 5233 1576 5301 Ἀγάθη
1612 5234 1645 5300 ἠ

122 5309 462 5401 περιώνυμος,
503 5331 596 5384 καὶ
621 5329 905 5387 Πλουτῖνος
927 5329 955 5381 ὁ
986 5327 1324 5397 περιὸόητος.
1361 5325 1524 5393 ἄμφω
1550 5325 1645 5396 μὲν

66 5407 203 5490 ξ.τῆς
245 5423 439 5490 ἀρετῆς
492 5420 762 5490 ζηλωταὶ,
812 5420 905 5472 καὶ
953 5418 1060 5470 τῶν
1123 5418 1279 5471 θείων
1335 5417 1646 5484 θελημάτων

68 5487 86 5580 ε’
124 5487 479 5580 ἐκπληρωταὶ,
517 5487 602 5561 διὰ
643 5509 699 5560 δὲ
741 5509 838 5578 τῆς
883 5508 1106 5578 ἀρίστης
1164 5507 1346 5568 ὠδῖνος
1399 5508 1458 5557 τὸ
1508 5507 1648 5575 μέγα

89 5623 92 5626 ·
125 5599 508 5670 κληρωσάμενοι
530 5598 717 5664 ὅνομα·
739 5598 844 5649 ἔδει
868 5598 975 5666 γὰρ
1001 5598 1164 5665 εὐχῆς
1186 5595 1340 5666 ἔργον
1366 5591 1497 5646 εἶναι
1532 5595 1647 5647 τόδε

127 5689 173 5738 τὸ
195 5693 323 5759 μέγα
351 5688 622 5762 [χάριτος]
647 5689 740 5741 καὶ
761 5690 954 5757 ἀρετῆς
984 5676 1296 5757 ἀπδκύημα·
1336 5689 1392 5738 Ὀ
1426 5688 1522 5754 μὲν
1544 5690 1648 5757 γὰρ

89 5787 94 5848 ξ
132 5779 342 5834 ἐπλούτει
373 5783 556 5834 πίστιν
590 5780 686 5848 τὴν
718 5782 795 5843 εἰς
823 5779 970 5832 Θεόν·
1009 5781 1042 5846 ἡ
1077 5779 1131 5831 δὲ
1163 5782 1270 5842 τοῖς
1303 5777 1518 5846 ἀγαθοῖς
1553 5778 1646 5830 τοῦ

70 5626 95 5883 γ

1749 4615 1894 4668 illius
1925 4629 2009 4667 res
2039 4621 2216 4682 gestas
2245 4621 2591 4682 exponentes.

1815 4788 1868 4841 4.
1899 4787 2021 4840 Fuit
2052 4789 2212 4856 igitur
2244 4788 2404 4855 hujus
2443 4787 2620 4855 magni
2651 4788 2819 4854 patria
2850 4787 2959 4852 illa,
2991 4802 3110 4856 quae
3154 4789 3292 4842 inter

1748 4879 1954 4934 insulas
1987 4878 2260 4932 felicitatis
2285 4879 2514 4946 palmam
2563 4877 2745 4942 refert,
2783 4879 3170 4945 illustrissima,
3213 4883 3292 4934 in-

1747 4986 1931 5039 quam,
1965 4971 2170 5034 Sicilia,
2203 4985 2362 5039 quam
2416 4985 2523 5022 non
2545 4970 2615 5021 ita
2654 4970 2969 5038 Dionysius,
2999 4973 3090 5038 qui
3144 4971 3194 5024 in
3231 4987 3288 5024 ea

1747 5064 1874 5116 olim
1907 5063 2134 5115 summis
2167 5063 2218 5114 in
2245 5061 2454 5115 deliciis
2481 5061 2742 5128 regnavit,
2793 5060 3078 5129 gloriosam
3118 5061 3292 5113 reddi-

1748 5155 1860 5215 dit,
1891 5161 1951 5205 ut
1979 5153 2159 5222 magni
2201 5151 2362 5220 hujus
2397 5152 2664 5220 genitores
2691 5190 2704 5213 ,
2747 5152 2838 5218 qui
2880 5152 3287 5204 celeberrimum

1751 5238 1938 5307 patria:
1977 5251 2169 5290 nomen
2201 5252 2293 5305 per
2324 5244 2429 5289 tam
2453 5238 2667 5289 beatum
2693 5253 2906 5306 germen
2936 5239 3284 5304 acquisiverc.

1751 5330 1899 5383 Illius
1928 5340 2100 5382 mater
2125 5328 2330 5395 Agatha
2354 5315 2573 5393 nobilis,
2601 5340 2749 5397 pater
2781 5345 2904 5382 vero
2933 5331 3175 5383 Plutinns
3206 5345 3290 5382 cc-

1753 5421 1917 5474 lebris
1937 5419 2333 5488 appellabatur:
2387 5419 2546 5472 ambo
2599 5435 2726 5472 sane
2779 5421 2989 5472 virtutis
3038 5419 3150 5469 zelo
3203 5434 3292 5468 ar-

1750 5511 1958 5574 dentes,
2006 5509 2305 5577 divinaeque
2348 5510 2641 5564 voluntatis
2675 5511 2998 5579 complendze
3044 5508 3289 5559 studiosi.

1750 5602 1850 5667 Per
1885 5601 2141 5668 Optimam
2166 5615 2290 5652 vero
2308 5601 2512 5668 prolem
2558 5617 2806 5669 magnum
2842 5613 3028 5651 nmnen
3067 5597 3289 5649 Incredi-

1754 5703 1950 5745 tavere.
1970 5692 2261 5760 Oportebat
2290 5697 2468 5746 autem
2497 5707 2710 5760 precum
2737 5708 2867 5758 opus
2893 5704 3011 5740 esse
3035 5705 3286 5757 magnum

1753 5783 1896 5835 hunc
1931 5781 2144 5835 virtutis
2179 5780 2368 5836 letum.
2419 5779 2575 5834 Pater
2607 5783 2746 5835 enim
2799 5778 2915 5834 ﬁde.
2953 5792 3073 5836 quae
3106 5786 3189 5832 est
3237 5777 3289 5829 in
