3926 6308
654 318 762 380 943

1775 304 1835 363 s.
1877 299 2193 363 JOSEPIII
2238 272 2787 359 nYMNoGnAPui

3775 290 3891 354 944

656 428 842 487 Deum,
872 423 1020 476 dives
1052 426 1188 481 erat,
1214 424 1391 470 mater
1423 427 1551 467 vero
1584 412 1702 466 vitm
1734 411 1893 479 hujus
1913 410 2070 463 bonis
2086 422 2218 476 gau-

2333 404 2438 469 Βίου
2468 402 2677 472 χαίρειν
2705 398 2933 454 εἰποῦσα
2966 400 3112 471 μόνῳ
3145 404 3398 473 προσεῖχε
3432 400 3574 470 Θεῷ,
3601 402 3895 471 σωφρόνως

655 515 782 569 dere
821 523 1100 570 recusans,
1130 507 1229 561 soli
1257 504 1366 558 Deo
1398 502 1713 558 intendebat
1755 501 2028 561 animum,
2076 512 2212 565 prae-

654 607 824 662 sentis
857 604 975 655 vita:
1004 614 1151 653 mare
1187 596 1481 667 prudenter
1501 602 1553 647 et
1573 593 1911 647 continenter
1942 599 2215 659 pertrans-

654 699 789 759 iens,
858 695 926 746 ita
985 700 1042 744 ut
1093 689 1252 743 ambo
1301 688 1454 755 juxta
1495 685 1656 737 vitem
1718 683 1861 735 illam
1916 679 2215 733 Psalmistae

652 785 936 845 ﬂorerent,
985 788 1038 832 et
1089 775 1318 831 maturis
1369 773 1588 827 virtutis
1643 769 1911 825 fructibus
1952 768 2216 837 plurimos

652 875 718 930 ad
748 874 831 929 sui
874 869 1231 925 imitationem
1266 866 1660 936 pertraherent.
1684 862 1799 915 Non
1834 862 1974 915 enim
2005 860 2218 930 (quem-

662 965 953 1021 admodum
1000 960 1176 1013 facere
1227 965 1627 1012 consueverunt
1656 955 1729 1007 illi
1764 954 1855 1022 qui
1908 952 2108 1005 mundo
2138 950 2218 1002 vi-

652 1064 884 1114 vunt.et
926 1051 1075 1105 carni
1116 1049 1473 1102 inservientcs
1531 1044 1807 1100 communi
1860 1050 2065 1094 natura:
2114 1038 2214 1107 legi

652 1141 1048 1213 obsequuntur)
1092 1140 1154 1191 ad
1186 1138 1490 1205 voluptates
1505 1135 1883 1203 respiciebant,
1907 1141 1961 1185 et
1993 1131 2216 1185 delicias

654 1236 1019 1292 sectabantur,
1051 1231 1142 1285 sed
1176 1230 1306 1283 solis
1334 1226 1710 1280 tantummodo
1763 1223 2087 1277 necessariis
2133 1237 2221 1275 re-

653 1328 754 1382 bus
774 1325 1032 1388 c0ntenti,
1057 1332 1219 1389 atque
1250 1320 1376 1381 illis,
1411 1319 1529 1372 sine
1555 1316 1754 1385 quibus
1783 1314 2099 1367 humilitatis
2118 1328 2218 1365 no-

652 1429 781 1473 strae
810 1430 1008 1483 corpus
1039 1413 1344 1467 consistere
1397 1408 1607 1477 nequit,
1663 1404 1933 1475 superﬂua
1968 1404 2217 1457 manibus

654 1523 949 1582 pauperum
993 1503 1437 1573 dilargiebantur,
1497 1514 1563 1552 ne
1612 1495 1748 1550 forte
1779 1493 2066 1565 superﬂuis
2115 1493 2217 1563 ipsi

652 1604 721 1656 ad
753 1601 1082 1667 voluptatem
1111 1609 1173 1646 ac
1188 1590 1413 1645 delicias
1442 1596 1675 1648 utentes,
1710 1600 1739 1638 a
1779 1585 1869 1638 Itei
1921 1582 2215 1653 participa-

654 1689 801 1744 tione
829 1685 1244 1741 excluderentur
1271 1718 1286 1743 ,
1320 1681 1411 1746 qui
1449 1686 1507 1729 ut
1541 1674 1759 1729 eosdem
1814 1687 1912 1742 pro
1955 1673 2219 1727 eharitate

2322 495 2415 546 καὶ
2450 493 2732 562 ἐγκρατῶς
2775 492 2869 545 τοῦ
2913 493 3027 562 βίου
3068 495 3291 563 περῶσα
3324 495 3423 566 τὴν
3460 494 3737 547 θάλασσαν
3760 535 3773 553 ,
3814 494 3895 550 ὡς

2325 584 2535 637 θάλλειν
2556 585 2650 636 καὶ
2677 585 2841 653 ἄμφω
2879 584 3020 636 κατά
3052 585 3150 654 τὴν
3184 585 3464 655 ψαλμικὴν
3498 584 3762 653 ἄμπελον,
3792 590 3895 633 καὶ

2321 673 2399 744 τῷ
2425 674 2670 743 πεπείρῳ
2694 672 2791 741 τῆς
2815 672 3012 742 ἀρετῆς
3034 674 3259 738 πολλοὺς
3288 673 3613 742 ἐφέλκεσθαι
3643 672 3770 741 πρὸς
3791 676 3893 740 τὴν

2325 767 2573 835 μίμησιν.
2605 765 2677 817 Οὐ
2717 767 2824 835 γὰρ
2858 764 2934 828 ὡς
2972 765 3160 836 κόσμῳ
3192 766 3414 830 ζῶντες,
3447 765 3543 817 καὶ
3575 768 3741 834 σαρκὶ
3768 765 3895 815 δουο

2322 855 2586 919 λεύοντες,
2616 855 2708 907 καὶ
2735 854 2812 921 τῷ
2838 854 3005 930 κοινῷ
3032 856 3128 925 τῆς
3164 856 3378 923 φύσεως
3407 856 3558 924 νόμῳ
3593 854 3895 922 ὑπηρετοιὶ⁴

2324 963 2471 1015 μενοι
2503 946 2637 1015 πρὸς
2671 948 2859 1016 ἡδονὰς
2884 947 3090 1016 ἑώρων,
3114 949 3206 999 καὶ
3234 947 3293 999 τδ
3321 946 3601 1017 τρυφηλὺν
3636 947 3895 999 κατε-δίεν

2321 1054 2416 1089 κον
2439 1054 2453 1067 ·
2484 1038 2621 1091 ά).λά
2663 1041 2775 1100 τοῖς
2808 1039 3126 1106 ἀναγκαίοις
3172 1040 3353 1109 μόνοις
3381 1038 3722 1109 ἀρκούμενοι
3742 1080 3754 1099 ,
3798 1042 3899 1089 καὶ

2320 1128 2463 1190 ὅσοις
2488 1128 2548 1181 τὸ
2572 1130 2730 1198 σῶμα
2753 1128 3067 1184 συνίσταται
3083 1132 3177 1197 τῆς
3201 1130 3357 1200 ἡμῶν
3395 1128 3804 1198 ταπεινότητος,
3833 1146 3899 1177 τι

2322 1218 2551 1288 περιττά
2606 1221 2851 1289 πενήτων
2902 1218 3089 1289 χερσὶν
3142 1218 3481 1290 ἐχαρίζοντο’
3528 1223 3621 1271 ἵνα
3668 1218 3743 1287 μὴ
3784 1222 3897 1277 τνιέ

2323 1311 2598 1377 περιττοῖς
2630 1308 2782 1361 αὐτοὶ
2816 1309 3151 1379 ήδυνόμενοι,
3182 1312 3280 1361 οὐκ
3309 1309 3483 1379 ἔχοιεν
3517 1308 3773 1362 κοινωνὸν
3808 1312 3897 1359 τίλε

2320 1400 2489 1451 Θεόν·
2526 1400 2583 1462 ὃς
2629 1401 2824 1464 αὐτοὺς
2868 1400 2966 1471 τῆς
3004 1401 3137 1471 πρὸς
3178 1401 3341 1453 αὑτὸν
3395 1402 3622 1471 ἀγάπης
3662 1402 3755 1453 καὶ
3802 1401 3897 1451 tsi

2320 1489 2531 1554 ζέοντος
2551 1492 2911 1561 ἀμειϐόμενος
2934 1492 3156 1563 ἔρωτος,
3174 1494 3263 1545 τὸν
3288 1491 3499 1545 κλεινὸν
3532 1491 3758 1562 Ἰωσὴφ,
3780 1493 3901 1545 ἀντὶ

2320 1583 2502 1650 πάσης
2536 1581 2702 1652 ἄλλης
2742 1582 3000 1652 ἀμοιϐῆς,
3035 1581 3344 1653 ἐχαρίσατο·
3396 1581 3597 1653 Ἰωσὴφ
3629 1583 3689 1635 δν
3727 1585 3774 1634 oi
3812 1600 3899 1634 τε·

2321 1672 2527 1737 κόντες,
2564 1674 2659 1726 καὶ⁸
2688 1673 2857 1726 ταῦτα
2903 1672 3018 1744 βίου
3066 1673 3286 1745 τοιαύτῃ
3316 1674 3617 1743 ὡραιότητι
3649 1672 3899 1742 λαμπρυ-

654 1783 897 1850 ipsorum
937 1776 992 1828 in
1043 1788 1139 1835 se,
1183 1767 1762 1836 ferventique-amore
1819 1770 2212 1824 remuneraret,

2333 1761 2532 1832 νόμενοι
2558 1803 2573 1828 ,
2632 1764 2774 1833 μέγα
2802 1782 2856 1817 τι
2898 1764 3193 1835 κατορθοῦν
3222 1764 3566 1832 ἐλογίζοντο,
3620 1764 3673 1818 ει
3722 1764 3899 1821 ποθεὶς

656 1873 920 1927 illustrem
953 1862 1253 1933 Josephum
1296 1874 1394 1930 pro
1431 1857 1623 1928 quavis
1678 1856 1782 1910 alia
1824 1852 2073 1909 mercede
2113 1851 2219 1907 illis

2323 1852 2720 1923 ἀπομιμεῖσθαι
2748 1854 3090 1924 δυνήσονται.

654 1961 878 2017 donavit
928 1978 940 2015 :
974 1956 1139 2026 cujus
1186 1954 1458 2023 genitores
1500 1948 1817 2019 hujusmodi
1857 1948 1980 2002 vitae
2030 1946 2226 2001 decore
2262 1944 2612 2016 refulgentes,
2652 1961 2907 2017 magnum
2985 1946 3187 2016 aliquid
3244 1945 3456 2002 efﬁcere
3492 1946 3899 2018 cOgitabant,si

654 2069 766 2125 quo
792 2051 956 2111 modo
979 2049 1179 2104 imitari
1201 2044 1526 2116 potuissent.

733 2149 786 2202 5.
822 2146 935 2199 Non
966 2144 1109 2198 enim
1132 2140 1282 2210 juxta
1317 2152 1605 2207 puerormn
1639 2149 1843 2190 morem
1873 2132 2080 2203 primos
2111 2130 2221 2186 cri-

659 2253 753 2292 nes
781 2236 1017 2291 molliter
1033 2245 1095 2287 ac
1111 2230 1353 2300 speciose
1378 2226 1573 2289 alebat,
1602 2240 1798 2295 neque,
1822 2233 1877 2277 ut
1906 2223 2219 2276 adolescen-

658 2328 760 2383 tuli
791 2327 968 2382 facere
992 2334 1347 2387 consuevere,
1378 2320 1445 2373 ad
1478 2333 1641 2387 parva
1690 2317 1802 2369 haec
1835 2323 1889 2367 et
1936 2315 2079 2366 ﬂuxa
2137 2312 2220 2365 in-

662 2420 913 2475 tendebat
964 2417 1227 2476 animum,
1264 2410 1357 2466 sed
1384 2409 1633 2480 quamvis
1659 2408 1835 2462 adhuc
1887 2420 2018 2473 puer
2054 2414 2219 2467 esset,

662 2508 953 2581 quamdam
996 2515 1175 2559 tamen
1209 2500 1525 2570 gravitatem
1561 2497 2057 2562 maturitatemque
2108 2506 2223 2562 prae

663 2616 723 2655 se
756 2598 984 2659 ferebat,
1006 2608 1168 2665 quam
1200 2594 1253 2647 in
1282 2589 1467 2661 pueris
1489 2600 1828 2657 nequaquam
1864 2585 2104 2639 solemus
2142 2596 2226 2636 re-

666 2701 1015 2761 cognoscere,
1078 2685 1278 2753 lingua,
1320 2680 1503 2736 nescio
1542 2678 1669 2747 quid
1695 2679 1869 2756 breve
1912 2684 2073 2743 atque
2126 2687 2226 2725 an-

667 2789 882 2852 gustum
914 2776 1349 2836 subbalbutiens,
1389 2771 1570 2826 divina
1603 2768 1818 2837 eloquia
1846 2765 1928 2820 vel
1960 2763 2224 2827 discebat,

666 2874 747 2928 vel
778 2870 1020 2925 docebat.
1052 2867 1189 2932 Quia
1242 2878 1370 2919 vero
1420 2861 1561 2931 apud
1598 2874 1794 2930 pueros
1851 2871 2011 2912 senex
2050 2864 2229 2908 mente

656 2973 719 3020 et
742 2962 947 3034 judicio
976 2954 1417 3026 incomparabilis
1458 2950 1875 3013 inscribebatur,
1909 2962 1976 3003 ex
2028 2945 2128 3000 hoc
2169 2944 2231 2997 il.

2397 2127 2460 2183 ε’.
2491 2129 2564 2182 Οὐ
2598 2130 2707 2199 γὰρ
2731 2129 2871 2184 κατά
2903 2130 3097 2193 παῖδας
3128 2129 3273 2201 αὑτῷ
3306 2132 3374 2183 τά
3403 2130 3504 2199 τῆς
3538 2128 3766 2200 πρώτης
3789 2145 3897 2197 τρι⁴

2328 2220 2419 2292 χὸς
2447 2220 2571 2273 οὕτε
2607 2221 2713 2291 μὴν
2752 2220 2891 2273 κατά
2926 2222 3189 2292 μείρακας
3226 2222 3359 2292 πρὸς
3399 2222 3467 2274 τά
3504 2222 3684 2291 μικρά
3733 2221 3895 2273 ταῦτα

2328 2311 2422 2364 καὶ
2457 2311 2647 2382 ῥέοντα
2685 2312 2719 2382 ἡ
2755 2313 2935 2382 ῥοπή·
2969 2310 3084 2363 ἀλλ’
3112 2308 3180 2383 ἦν
3213 2311 3441 2381 ἐκείνῳ,
3489 2310 3649 2363 παιδὶ
3686 2308 3782 2379 μὲν
3827 2311 3897 2358 ἔτι

2326 2399 2640 2472 ὑπάρχοντι,
2674 2402 2870 2471 σεμνόν
2892 2420 2943 2454 τι
2969 2402 3064 2455 καὶ
3090 2402 3149 2455 οὐ
3172 2403 3312 2456 κατὰ
3340 2401 3558 2455 παιδίον
3583 2400 3647 2453 τὸ
3676 2401 3891 2467 κίνημα·

2328 2493 2545 2559 γλῶσσα
2579 2494 2634 2546 δὲ
2654 2535 2669 2559 ,
2698 2493 2871 2563 βραχύ
2895 2510 2946 2546 τι
2978 2494 3406 2563 ὑποψελλίζουσα
3426 2534 3442 2561 ,
3479 2494 3549 2547 τὰ
3593 2492 3740 2545 κατά
3773 2492 3895 2543 Θεὶιυ

2329 2583 2634 2637 ὲδιδάσκετο
2661 2583 2834 2651 λόγια.
2883 2585 3034 2637 Ἐπεὶ
3064 2586 3134 2650 ,δὲ
3174 2586 3263 2639 καὶ
3296 2586 3376 2648 εἰς
3434 2584 3715 2655 μείρακας
3743 2586 3772 2637 6
3807 2601 3921 2653 τη-“

2330 2673 2480 2743 ραιὸς
2503 2673 2592 2725 τὸν
2630 2673 2752 2726 νοῦν
2772 2717 2785 2739 ,
2818 2676 2907 2728 καὶ
2939 2676 3037 2745 τὴν
3074 2678 3329 2745 φρόνησιν
3353 2675 3744 2747 ἀπαράμιλλος
3765 2715 3780 2743 ,
3812 2677 3891 2727 ἒν-

2329 2762 2629 2832 εγράφετο,
2662 2764 2851 2816 τούτου
2895 2764 2954 2816 τὸ
3001 2764 3215 2835 σῶφρον
3251 2764 3637 2819 ὐπεδεικνύετο
3661 2806 3677 2829 ,
3709 2766 3807 2815 καὶ

2329 2852 2569 2922 ἀνδρεῖον
2596 2851 2657 2904 τὸ
2703 2853 2839 2923 πρὸς
2874 2853 2942 2905 τά
2976 2855 3122 2923 πάθη
3152 2853 3421 2924 διέλαμπε
3449 2893 3463 2915 ,
3509 2852 3608 2905 καὶ
3639 2856 3672 2922 ή
3707 2852 3899 2919 γνῶσις

2333 2943 2586 3012 καθαρῶς
2615 2946 2726 3006 τοῖς
2757 2944 3034 3013 ὁμιλοῦσιν
3070 2947 3481 3017 ἀνεγνωρίζετο.
3530 2946 3618 2998 Τὰ
3668 2946 3781 3015 γὰρ
3826 2948 3901 3010 ἑγ-

666 3033 775 3109 lius
798 3050 1083 3123 prudentia
1113 3047 1271 3101 tacite
1296 3042 1705 3099 ostendebatur.
1734 3039 1963 3093 Animus
1987 3036 2105 3105 ejus
2139 3033 2216 3087 vi-

2333 3034 2519 3087 κύκλια
2545 3034 2741 3104 μετιὼν
2771 3038 2799 3088 ὁ
2822 3036 3143 3105 θαυμάσιος,
3174 3036 3386 3104 φύσεως
3405 3038 3595 3109 χάριτι
3624 3038 3724 3091 καὶ
3742 3055 3897 3089 σπου·

670 3146 789 3203 rilis
816 3144 873 3197 in
905 3140 1252 3195 aﬂectionum
1288 3134 1512 3204 imperio
1528 3130 1792 3193 elucebat,
1821 3126 2055 3197 cognitio
2079 3139 2225 3189 vero,

668 3249 733 3289 ac
760 3231 981 3289 scientia
1010 3229 1078 3283 ab
1105 3228 1193 3291 iis,
1213 3226 1304 3295 qui
1339 3238 1461 3279 cum
1487 3237 1551 3276 eo
1574 3218 1915 3273 familiariter
1938 3216 2228 3270 versaban-

674 3336 783 3388 tur,
803 3323 947 3378 clare
975 3316 1422 3389 cognoscebatur.
1448 3312 1581 3367 Cum
1609 3312 1751 3365 enim
1779 3308 2109 3380 provinciam
2132 3304 2229 3358 ali-

672 3429 832 3485 quam
848 3415 927 3465 vir
945 3412 1031 3464 hic
1047 3406 1380 3463 admirabilis
1392 3404 1795 3475 aggrederetur,
1816 3408 2025 3452 natura:
2058 3394 2228 3466 gratia

672 3520 736 3559 ac
753 3500 1057 3557 sedulitatis
1069 3497 1339 3566 studiique
1360 3494 1658 3548 intentione
1675 3491 1957 3544 universos
1975 3497 2231 3555 superare

637 3587 641 3591 ’
672 3594 1016 3654 cernebatur,
1046 3588 1195 3652 ulna,
1230 3587 1377 3656 juxta
1411 3584 1778 3654 proverbium,
1807 3580 1975 3649 regia,
1994 3588 2048 3632 et
2078 3576 2231 3631 valde

675 3693 840 3741 recte.
872 3681 986 3735 Non
1016 3680 1159 3734 enim
1192 3679 1247 3732 in
1270 3676 1383 3732 sola
1410 3689 1720 3730 sermonum
1745 3673 1898 3742 copia
1932 3686 1995 3726 ac
2016 3667 2231 3724 dicendi

674 3769 930 3825 facultate
960 3765 1291 3836 proﬁciebat,
1325 3764 1418 3817 sed
1455 3772 1581 3817 ante
1620 3764 1780 3816 verba
1810 3762 1993 3830 plures
2019 3758 2233 3813 virtutis

677 3858 888 3925 species
928 3854 1149 3909 sedulus
1174 3851 1613 3922 praeferebatgex
1660 3863 1764 3918 quo
1794 3849 1861 3901 ad
1924 3850 2095 3916 ipsam
2151 3846 2233 3897 di-

664 3947 835 4002 .cendi
886 3945 1095 4013 copiam
1138 3942 1346 3997 felicior
1401 3942 1473 3995 illi
1528 3942 1615 3993 via
1653 3939 2021 4007 aperiebatur.
2076 3935 2234 3991 Solus

680 4039 821 4092 enim
861 4038 1035 4104 panis,
1083 4034 1361 4087 occidente
1407 4032 1542 4091 sole,
1573 4026 1857 4084 universas
1914 4028 1989 4101 illi
2035 4041 2237 4081 mensa

682 4124 903 4179 delicias
935 4123 1234 4191 supplebat,
1292 4135 1430 4189 aqua
1489 4132 1618 4171 vero
1674 4125 1878 4171 tantum
1933 4116 1999 4169 ad
2052 4124 2232 4185 potum

686 4216 956 4277 utebatur,
1012 4222 1291 4283 propterea
1348 4219 1401 4263 et
1454 4206 1665 4263 dicendi
1722 4207 1975 4261 facundia
2033 4206 2237 4261 ditatus

656 4312 787 4359 est.
820 4305 1012 4359 Anima
1067 4303 1209 4356 cnim
1265 4299 1549 4354 scribendo
1582 4307 1635 4352 et
1673 4297 1878 4351 orando
1925 4310 2118 4350 vacare
2145 4311 2234 4350 as-

2330 3125 2425 3193 δῆς
2462 3125 2770 3194 εὑτονότητι
2819 3126 3028 3191 πάντας
3089 3128 3273 3197 epam
3321 3129 3486 3181 νικῶν
3527 3130 3731 3199 πήχει,
3776 3132 3901 3180 κατὰ

2328 3215 2425 3285 τὴν
2452 3216 2770 3286 παροιμίαν,
2798 3216 3089 3289 βασιλικῷ’
3126 3219 3219 3272 καὶ
3248 3218 3394 3288 μάλα
3426 3218 3681 3282 εἰκότως·
3712 3219 3778 3270 οὐ
3808 3220 3899 3285 γὰρ

2330 3307 2505 3373 λόγων
2546 3307 2778 3359 ἐποιεῖτο
2830 3308 2999 3377 μόνην
3032 3308 3310 3375 ἐπίδοσιν,
3361 3310 3499 3362 ἀλλά
3555 3309 3670 3378 πρὸ
3710 3309 3901 3360 τούτων

2330 3394 2530 3465 ἀρετῆς
2572 3394 2890 3463 ἐπεμελεῖτο
2934 3396 3274 3461 πολυειδοῦς,
3308 3396 3365 3463 ἐξ
3392 3393 3459 3467 ἦς
3508 3396 3669 3466 αὐτῷ
3708 3397 3804 3449 καὶ
3839 3400 3893 3446 τὰ

2333 3485 2469 3555 πρὸς
2499 3484 2590 3536 τὸν
2611 3483 2768 3553 λόγον
2793 3484 2999 3551 ἐγίνετο
3025 3484 3203 3539 εὔοδα.
3242 3486 3299 3539 Ὀ
3333 3485 3440 3554 γὰρ
3468 3485 3643 3556 ἄρτος
3673 3487 3899 3554 ἑσπέραν

2330 3576 2523 3643 ἐκείνῳ
2556 3576 2712 3645 μόνος
2740 3577 2980 3647 ἐπλήρου
3008 3577 3106 3647 τὴν
3144 3577 3530 3647 ὲπιτραπέζιον
3559 3577 3790 3647 ἡδονὴν,
3823 3584 3897 3629 aut

2331 3665 2392 3718 τὸ
2448 3666 2591 3736 ὕδωρ
2623 3668 2721 3738 τὴν
2752 3668 2941 3736 πόσιν,
2992 3668 3073 3721 διὸ
3112 3667 3208 3721 καὶ
3250 3669 3319 3722 τὰ
3358 3669 3489 3737 περὶ
3534 3671 3672 3732 τοὺς
3729 3669 3898 3735 λόγους

2334 3755 2654 3826 ἐπλούτησε
2681 3758 2826 3829 ψυχὴ
2852 3759 2961 3829 γὰρ
2990 3759 3263 3813 ἐθισθεῖσα
3288 3758 3465 3827 λόγοις
3496 3760 3796 3829 σχολάζειν
3823 3762 3896 3813 καὶ

2334 3850 2686 3915 προσευχαῖς,
2710 3846 2785 3909 ὡς
2823 3846 2891 3900 ἂν
2915 3848 2971 3900 ὲν
3003 3849 3203 3918 ἀμφοῖν
3229 3849 3288 3901 τό
3304 3866 3361 3901 τε
3386 3847 3572 3919 νοερὸν
3602 3849 3889 3918 διαλάμπει

2335 3938 2429 3989 καὶ
2455 3938 2516 3989 τὸ
2547 3938 2794 4005 ἐφόλκιον
2819 3938 2970 3991 τοῦδε
2995 3938 3089 3992 τοῦ
3122 3940 3371 4008 σώματος
3395 3940 3897 4011 καταδεσμούμεντμ

2336 4027 2429 4079 καὶ
2458 4027 2756 4097 τηκόμενον
2779 4070 2792 4092 ,
2821 4030 2921 4082 οὐκ
2957 4029 3196 4099 εὐχερῶς
3239 4029 3350 4100 ἔχοι
3376 4029 3438 4083 τὸ
3475 4030 3616 4100 πρὸς
3662 4031 3733 4083 τά
3774 4031 3895 4093 mihi

2336 4116 2629 4179 εὐόλισθον,
2651 4117 2744 4184 ὅλη
2772 4118 2828 4170 δὲ
2860 4119 3081 4189 φέρεται
3116 4120 3250 4188 πρὸς
3270 4119 3424 4183 Θεὸν,
3459 4119 3558 4173 καὶ
3589 4119 3680 4189 τῷ
3709 4120 3897 4172 ἐκεί-ω

2338 4207 2650 4277 κιρνωμένη
2685 4208 2846 4278 ἔρωτι
2884 4209 3031 4280 θείῳ,
3069 4209 3240 4280 ξυρόν.
3268 4210 3436 4277 ἐστιν,
3461 4211 3542 4273 είς
3591 4210 3780 4283 ἀκοὴν
3811 4210 3895 4261 τῶν

2342 4296 2677 4366 μαθημάτων
2708 4299 3034 4369 ἀντεχομένη
3073 4298 3272 4360 καλῶς.

687 4407 864 4462 sueta,
892 4399 1026 4450 utin
1061 4405 1292 4463 utroque
1324 4408 1475 4447 mens
1494 4401 1555 4446 et
1586 4391 2242 4454 intellectusillustratur,
2292 4399 2345 4445 et
2403 4393 2708 4460 corpusculi
2760 4393 2921 4463 hujus
2969 4394 3180 4449 sarcina
3250 4394 3465 4463 alligata
3516 4402 3569 4447 et
3613 4404 3895 4448 macerata.

692 4505 798 4543 non
834 4487 1042 4541 facilem
1066 4487 1226 4539 habet
1257 4485 1321 4539 ad
1346 4500 1539 4554 pravas
1556 4483 1868 4539 affectiones
1899 4483 2244 4553 prolapsum:
2290 4492 2401 4538 tota
2454 4482 2628 4537 fertur
2663 4473 2721 4540 in
2753 4484 2943 4550 Deum,
2968 4485 3263 4555 divinoquc
3307 4486 3485 4542 i-llinss
3511 4491 3699 4541 amori
3738 4484 3897 4541 immi-

692 4594 796 4644 sta,
824 4590 984 4648 atque
1026 4580 1197 4633 eidem
1231 4579 1549 4648 perpulchre
1586 4579 1874 4642 inhaerens,
1898 4579 1963 4631 ad
1988 4578 2349 4634 humanarum
2382 4580 2791 4649 disciplinarum
2826 4581 3068 4636 auditum
3101 4581 3250 4635 arida
3278 4565 3478 4636 evadii.

756 4673 809 4726 6.
839 4672 1088 4724 Attamen
1118 4672 1309 4723 horum
1337 4670 1498 4725 etiam
1529 4669 1777 4739 peritiam
1821 4684 2113 4739 generosus
2160 4670 2227 4722 bit

2423 4668 2494 4734 ς’.
2533 4671 2670 4723 Ἀλλ’
2692 4668 2802 4739 εἶχε
2826 4672 2923 4739 μὲν
2952 4670 3092 4724 οὕτω
3117 4672 3369 4737 γνώσεως
3388 4674 3417 4725 ὁ
3437 4674 3721 4739 γενναῖος
3755 4680 3899 4745 εἴχετο

695 4768 776 4820 vir
807 4765 1059 4826 habebat,
1091 4763 1183 4815 sed
1207 4762 1258 4814 in
1284 4761 1369 4814 illa
1401 4762 1646 4823 scientia,
1678 4775 1799 4827 quae
1833 4759 1933 4813 fert
1954 4758 2018 4811 ad
2053 4758 2239 4823 Deum,

696 4855 1043 4924 niagisquam
1073 4854 1123 4906 in
1160 4853 1391 4906 humana
1412 4850 1749 4920 philosophia
1775 4849 2016 4917 profecit.
2047 4848 2239 4904 Verum

696 4964 802 5001 non
827 4946 1116 4999 diuturnus
1152 4942 1252 4996 fliit
1274 4944 1347 4997 illi
1377 4942 1494 4995 sine
1527 4939 1855 4994 offendiculo
1884 4941 2005 4994 vita:
2026 4955 2243 5004 cursus,

695 5036 1135 5108 quandoquidem
1188 5034 1400 5102 magnis
1438 5030 1725 5084 animabus
1774 5046 1802 5084 a
1854 5031 2025 5100 prima
2073 5032 2245 5085 aetatis

695 5130 835 5184 linea
862 5126 1099 5181 difficilia
1124 5125 1367 5193 quaedam
1395 5138 1457 5174 ac
1480 5136 1667 5190 aspera
1704 5121 2078 5176 innascuntur.
2111 5122 2243 5176 Nam

694 5220 981 5273 multitudo
1010 5216 1265 5285 permista
1299 5213 1651 5267 barbarorum
1689 5211 1833 5265 illius
1859 5213 2084 5281 patriam
2123 5228 2241 5265 cum

694 5312 1019 5370 obsedisset,
1078 5320 1306 5374 eamque
1354 5304 1454 5357 sibi
1492 5303 1833 5372 subjecisset,
1886 5305 2029 5372 quod
2076 5304 2244 5357 cladis

696 5418 863 5471 genus
896 5398 1259 5467 praetermisit,
1290 5404 1379 5447 aut
1408 5408 1567 5462 quam
1609 5395 1876 5447 malorum
1906 5394 2133 5448 Iliadem
2190 5395 2241 5446 in

696 5507 811 5544 eam
841 5503 946 5542 non
986 5486 1184 5538 edidit?
1217 5485 1317 5537 Alii
1347 5483 1492 5537 ferro
1515 5483 1709 5536 sublati
1740 5494 1865 5537 sunt
1901 5501 1915 5537 :
1947 5484 2035 5536 alii
2082 5485 2244 5537 misc-

699 5579 939 5632 rabiliter
1003 5575 1317 5628 facultatum
1366 5573 1633 5641 jacturam
1672 5574 2050 5628 sustinuerunt
2084 5589 2245 5627 :non-

688 5668 827 5724 nulli
860 5667 1051 5736 captivi
1084 5666 1207 5721 facti
1253 5674 1399 5730 sunt,
1431 5674 1587 5734 atque
1620 5666 1672 5719 in
1714 5674 1965 5721 externas
1988 5664 2242 5734 regiones

2349 4761 2407 4814 δὲ
2440 4760 2600 4813 πλέον
2641 4762 2739 4830 τῆς
2770 4761 3038 4831 φερούσης
3081 4763 3213 4832 πρὸς
3254 4762 3345 4815 τὸν
3386 4761 3540 4826 Θεὸν,
3566 4763 3635 4814 οὐ
3674 4760 3794 4833 μὴν
3832 4770 3897 4817 άν-

2350 4851 2686 4922 επηρέαστος
2724 4851 2871 4919 αὐτῷ
2901 4850 2994 4903 καὶ
3022 4854 3049 4903 ὁ
3085 4850 3194 4919 βίος
3226 4851 3386 4921 μέχρι
3414 4850 3611 4904 πολλοῦ
3632 4891 3648 4915 ,
3677 4854 3809 4905 ἐπεὶ
3834 4854 3898 4904 καὶ

2346 4945 2465 5004 ταῖς
2516 4941 2778 5011 μεγάλαις
2820 4941 3017 5010 ψυχαῖς
3058 4941 3165 4994 ἀπὸ
3213 4942 3437 5013 πρώτης
3477 4944 3767 5011 γραμμῆς
3812 4948 3895 4995 tr..-

2348 5033 2540 5100 φύεταί
2594 5050 2710 5094 πως
2766 5031 2834 5084 τὰ
2898 5032 3215 5102 σκυθρωπά.
3293 5032 3509 5101 Ἀμέλει
3559 5036 3665 5085 καὶ
3726 5034 3897 5102 πλῆθος

2351 5122 2589 5191 μιγάδων
2622 5121 2909 5191 βαρϐάρων
2942 5122 3039 5191 τὴν
3069 5122 3301 5193 πατρίδα
3336 5121 3811 5193 περικυιλῶσαν,
3834 5126 3896 5172 κεί

2346 5215 2516 5283 αὐτὴν
2544 5214 2632 5281 ὑφ’
2663 5214 2888 5277 ἑαυτοὺς
2912 5215 3287 5285 ποιησάμενοι,
3319 5215 3371 5267 τί
3394 5214 3505 5267 τῶν
3521 5215 3727 5268 δεινῶν
3752 5219 3811 5269 ὲν
3836 5216 3897 5267 οι-

2345 5308 2409 5375 τῇ
2443 5306 2540 5357 οὐκ
2567 5304 2921 5373 εἰργάσαντος
2951 5306 3109 5358 ποίαν
3133 5305 3190 5359 δὲ
3222 5304 3419 5360 Ἰλιάδα
3450 5306 3770 5375 συμφορῶν
3794 5308 3897 5359 tibi

2347 5398 2479 5465 αὐτῇ
2529 5397 2657 5466 παρ’
2724 5396 2901 5449 αὐτῶν
2956 5397 3057 5449 οὐκ
3109 5397 3464 5466 ἀπέκρυψανς
3529 5396 3594 5449 Ol
3659 5398 3775 5466 μὲν
3825 5396 3895 5461 γάρ

2347 5486 2541 5555 ἠδηδδν
2570 5486 2883 5556 ἀνῃροῦντο,
2910 5490 2959 5539 oi
2985 5486 3042 5539 δὲ
3064 5485 3260 5549 ἀθλίως
3296 5488 3404 5539 τῶν
3434 5486 3678 5555 καιρίων
3730 5489 3895 5553 Eis-£9:-

2346 5592 2432 5628 νον
2460 5576 2712 5645 στέρησιν
2732 5617 2745 5641 ,
2782 5578 2831 5629 οί
2861 5576 2927 5628 δὲν
2958 5575 3368 5629 κατεδουλοῦντο
3397 5579 3495 5627 καὶ
3522 5578 3603 5637 είς
3642 5576 3893 5644 ἀλλοτρίας

2346 5662 2619 5732 ἐφέροντο,
2645 5666 2693 5718 oi
2723 5664 2801 5729 δὲ,
2832 5666 2973 5727 ὅσοις
3000 5666 3104 5734 ἄρα
3145 5666 3526 5735 φιλάνθρωπον
3560 5664 3894 5739 tau-€614!“
