3926 6308
0 280 150 347 M5
1574 296 1771 358 V-ITA.
2318 296 2329 301 ’
2963 362 2966 365 .
3160 305 3270 371 946

0 394 199 458 θεὸς,
228 391 331 463 τὴν
357 392 726 485 ένεγκαμένην
746 395 1120 485 ἀπολιπόντες,
1142 401 1286 470 φυγῇ
1313 399 1412 470 τὴν
1435 416 1612 472 σωτη-

1719 401 1934 459 abducti
1969 404 2436 471 :nonnulli-vero,
2464 422 2602 478 quos
2638 408 2797 465 oculo
2823 412 2996 482 magis
3037 412 3272 485 benigno

0 485 165 537 >ἰειν
194 483 734 555 ιπραγματεύσαντο·
764 488 821 540 ὲν
847 484 927 549 οἷς
951 483 1089 558 ἦσαν
1113 490 1201 542 καὶ
1231 492 1280 541 οι
1308 490 1400 543 τοῦ
1434 509 1604 561 μακαο

1719 507 1776 546 ac
1812 492 2044 563 propitio
2089 494 2328 565 respexit
2358 510 2370 522 ‘
2398 494 2560 561 Deus,
2605 499 2780 567 patria
2810 499 3074 557 derelicta
3096 544 3113 569 ,
3146 483 3271 574 fuga

0 574 161 626 που
192 574 389 628 τούτου
412 577 754 647 γεννήτορες,
782 577 833 631 οἶ
867 578 957 631 τὸν
988 576 1149 633 παῖδα
1180 580 1605 651 παραλαϐόντες,

1719 583 1815 639 sibi
1847 585 2073 639 salutem
2103 598 2503 654 comparavere.
2531 587 2672 643 lnter
2696 605 2836 659 quos
2859 590 3077 648 fuerunt
3107 595 3270 649 etiam

0 666 177 732 ’πρὸς
204 665 305 735 τήν
330 664 431 719 τοῦ
458 666 695 729 Πέλοπος
723 667 1120 739 έτρεχον,ξένοι
1156 670 1435 742 πατρίδος,
1465 672 1606 739 ξένοι

1719 673 1853 728 beati
1885 673 2045 743 hujus
2074 684 2348 743 parentes,
2369 677 2459 743 qui
2485 678 2672 731 eodem
2718 694 2885 748 puero
2916 683 3093 736 adhuc
3119 698 3275 739 acce-
3312 663 3315 667 ’
3346 728 3353 735 .

0 756 346 827 (ρημάτων
366 799 383 822 ,
417 758 511 810 καὶ
561 758 853 828 ἑταιρείας,
878 758 971 812 καὶ
1020 760 1359 827 συγγενείας.
1384 760 1459 816 Ού
1502 763 1606 831 μήν

1719 772 1818 833 pte,
1854 765 1908 818 in
1925 763 2356 835 Peloponnesum
2380 768 2628 822 celeriter
2658 770 2883 837 profecti
2913 780 3275 835 sunt,‘extor¢

0 840 196 909 ὦτος
227 849 257 900 ό
280 846 455 915 μέγας
486 846 624 917 μετά
644 846 849 901 τούτων
881 847 977 917 τὴν
996 848 1396 918 Πελοπόννησον
1424 850 1609 921 ἔστερ-

1719 870 1817 917 res,
1836 855 1956 909 sine
1980 856 2463 924 pecnuiis,’amicis
2486 858 2741 915 omnibus
2776 863 3128 932 cognatisque
3159 865 3274 933 pri-

0 938 156 1005 ξεν,
192 939 306 993 οὐδ’
338 939 529 1007 ήγάπα
547 979 561 1003 ,
591 937 747 1008 ξένης
783 939 1036 1010 πατρίδος
1064 941 1381 1011 γενόμενος,
1410 941 1485 1012 μὴ
1508 942 1607 1011 τὴν

1719 945 1836 1003 rati.
1886 944 2005 1000 Non
2049 956 2227 1000 tamen
2279 959 2507 1018 magnus
2550 948 2841 1005 hicnoster
2873 968 2979 1007 una
3021 968 3142 1008 cum
3167 953 3274 1008 illis

0 1026 152 1079 ινω
185 1028 343 1081 πόλιν
386 1027 617 1098 ζητῆσαι
655 1028 743 1081 διὰ
769 1028 866 1098 τῆς
914 1029 1151 1099 ἀληθοῦς
1192 1029 1485 1094 ξενιτείας,
1514 1030 1607 1083 καὶ

1719 1035 2063 1105 Peloponnesi
2094 1051 2278 1092 amore
2299 1044 2461 1107 atque
2495 1037 2697 1093 affectu
2732 1049 2925 1109 captus
2967 1052 3072 1107 est,
3128 1058 3277 1111 pere-

0 1118 120 1171 τὸν
159 1120 295 1172 θεὸν
331 1120 510 1189 εὑρεῖν
546 1118 755 1188 statim;
782 1120 1172 1190 ἀκριϐεστέρας
1212 1121 1482 1185 πολιτείας
1510 1121 1606 1175 καὶ

1719 1127 1893 1196 ςτίιιιιε
1918 1128 2177 1196 a-patria,
2236 1129 2309 1183 ita
2336 1139 2394 1183 ut
2425 1144 2521 1199 per
2545 1145 2730 1185 veram
2782 1134 3299 1202 peregrinationem

0 1208 448 1269 καταστάσεως.
474 1208 564 1261 Διό
589 1210 681 1261 καὶ
713 1208 802 1261 τὸν
834 1208 1011 1262 ίουλον
1038 1212 1204 1279 μήπω
1228 1211 1413 1281 φέρων
1447 1211 1605 1280 χλοά·

1719 1234 1995 1288 supernam
2016 1219 2290 1274 civitatem
2320 1234 2429 1273 non
2465 1221 2790 1290 requireret,
2815 1232 2868 1276 et
2916 1239 3011 1293 per
3063 1224 3273 1279 studio-

0 1296 227 1360 ζοντα,
262 1298 589 1367 ἀποστέργει
626 1298 723 1368 τήν
770 1298 1029 1365 Πέλοπος,
1076 1301 1166 1353 καὶ
1202 1301 1335 1370 πρὸς
1363 1300 1461 1372 τὴν
1503 1302 1604 1355 πά-

1719 1308 1974 1363 sissimam
2003 1309 2347 1377 politianrac
2377 1318 2548 1365 status
2602 1313 3052 1381 tranquillintem
3097 1314 3265 1369 Deum

0 1404 131 1455 σης
185 1388 525 1453 Μακεδονίας
579 1389 980 1461 ὑπερκειμένην
1019 1391 1172 1445 πόλιν
1201 1392 1421 1463 ἀπαίρει
1468 1392 1603 1444 Θεσ-

1719 1412 1812 1451 non
1842 1398 2133 1452 inveniret.
2170 1398 2453 1467 Propterea
2487 1410 2778 1470 antequam
2807 1404 2976 1472 prima
3010 1404 3271 1474 lanugine

0 1478 366 1547 σαλονίκην·
433 1479 518 1533 ἵνα
578 1479 653 1548 μὴ
721 1483 787 1550 τῇ
860 1482 1038 1550 σχέσει
1098 1482 1205 1533 τῶν
1268 1482 1603 1552 γεννητόρων

1723 1489 1848 1544 llius
1876 1490 2058 1543 vultus
2078 1501 2349 1556 vernaret,
2372 1489 2587 1561 Pelopis
2618 1502 2837 1560 terram,
2859 1496 3005 1549 velut
3027 1512 3272 1561 exesam,

0 1568 409 1637 δεσμούμενος
430 1610 443 1630 ,
475 1568 575 1622 οὐκ
606 1567 718 1639 ῐχοι
748 1569 1029 1633 εὐπετῶς,
1064 1571 1153 1625 διὰ
1187 1572 1281 1640 τῆς
1311 1571 1603 1636 παντελοῦς

1719 1579 2100 1647 lerelinquens,
2150 1580 2618 1647 Thessalonicam,
2650 1584 2838 1639 urbem
2885 1587 3051 1639 totius
3095 1585 3275 1641 Mace-

0 1659 391 1729 ἐγκρατείας,
444 1660 582 1731 πρὸς
632 1661 726 1715 τὸν
780 1661 957 1733 ἀληθῆ
1003 1663 1238 1736 ἐραστήν
1295 1664 1601 1717 ἀναπετάν-

1719 1666 1874 1721 Ioniae
1893 1668 2213 1737 principem,
2238 1668 2617 1737 proficiscitur,
2643 1686 2710 1724 ne
2743 1671 3046 1741 genitorum
3075 1670 3273 1725 aﬂectu

0 1748 254 1811 νυσθαι,
274 1751 367 1803 καὶ
393 1749 498 1821 ὅλῳ
523 1751 783 1821 φέρεσθαι
802 1753 879 1823 τῷ
906 1754 1111 1825 πτερῷ.
1136 1755 1246 1807 Καὶ
1270 1755 1352 1808 ὃτι
1372 1754 1608 1817 τοιοῦτος

1719 1756 1987 1826 illigatus.
2038 1773 2144 1810 non
2191 1767 2375 1827 posset
2421 1758 2677 1814 facillime
2732 1774 2826 1829 per
2884 1762 3272 1814 continentiam

0 1836 85 1908 ἦν
114 1838 210 1910 τῷ
234 1841 467 1912 γενναίῳ
492 1842 716 1905 σκοπός,
743 1842 836 1895 καὶ
868 1844 1003 1913 πρὸς
1028 1845 1185 1898 τοῦτο
1219 1846 1377 1915 μόνον
1403 1844 1547 1916 έώρα
1573 1847 1606 1916 ή

1719 1845 2004 1917 perfectam
2033 1846 2100 1899 ad
2136 1863 2321 1900 verum
2358 1857 2653 1903 amatorem
2682 1849 2920 1915 tendere,
2952 1858 3113 1917 atque
3143 1849 3277 1902 lihe»

0 1931 407 2004 ἀναχώρησις,
439 1932 703 2004 ιδήλωσεν
730 1933 762 2002 ή
793 1933 889 1987 τοῦ
911 1934 1235 2005 πράγματος
1259 1924 1519 1999 ἔκϐασις,

1719 1938 1789 1991 ris
1831 1937 2033 1991 amoris
2076 1938 2161 1990 sui
2196 1939 2298 1992 alis
2333 1937 2553 1992 deferri.
2586 1939 2741 2004 Quod
2782 1954 2910 1993 vero
2955 1939 3075 1994 talis
3114 1937 3286 1993 fuerit-

1 2028 293 2097 generosi
326 2028 483 2098 hujus
516 2043 746 2100 scopus,
781 2038 835 2085 et
876 2029 944 2084 ad
982 2029 1083 2085 hoc
1121 2031 1299 2087 solum
1358 2029 1654 2101 respexerit
1691 2030 1841 2086 illius
1865 2045 1895 2086 a
1950 2030 2320 2100 Peloponneso
2390 2046 2658 2111 recessus,
2710 2032 2786 2088 rei
2841 2032 3011 2103 ipsius
3051 2041 3284 2087 eventus-

2 2125 467 2181 demonstravit.
768 2118 769 2121 “
2424 2111 2432 2119 ’

91 2217 174 2281 ξ’.
208 2216 364 2286 ’Δμα
389 2234 447 2270 τε
480 2218 587 2287 γὰρ
612 2216 709 2288 τήν
732 2217 1129 2290 Θεσσαλονίκην
1171 2220 1431 2275 κατέλαϐε
1458 2260 1472 2284 ,
1517 2224 1611 2277 καὶ

6 2309 247 2372 εὐθέως
273 2307 540 2361 έπέδωκεν
566 2308 757 2361 ἑαυτὸν
784 2310 939 2380 ἀνδρί
968 2327 1074 2364 τινι
1104 2311 1215 2365 τῶν
1241 2313 1377 2381 άγαν
1410 2316 1609 2385 ἐγκρα-

1719 2314 1847 2370 didit
1878 2316 2115 2384 seipsum
2146 2331 2290 2370 cura
2335 2323 2390 2370 et
2415 2315 2774 2369 moderationi
2813 2314 3092 2381 cujusdam
3147 2312 3270 2374 viri,

8 2399 141 2451 τῶν
172 2400 268 2452 καὶ
290 2398 468 2464 ὁσίων,
488 2398 545 2462 δς
571 2398 658 2451 διά
672 2399 732 2451 τὸ
748 2402 845 2469 τῆς
870 2403 1069 2472 ἀρετῆς
1093 2404 1300 2472 περιὸν,
1326 2404 1425 2475 τὴν
1444 2422 1605 2475 φρον-

1719 2408 1805 2476 ιιυί
1820 2407 2215 2463 abstinentiaet
2229 2408 2433 2478 pietate
2444 2416 2561 2462 erat
2581 2406 2837 2468 eximius,
2861 2415 2913 2459 et
2938 2413 3157 2473 propter
3174 2404 3277 2457 vir-

10 2490 156 2543 τίδα
190 2489 303 2542 τῶν
334 2489 610 2558 ἀδελφῶν,
648 2490 698 2543 οἳ
736 2494 878 2545 κατά
913 2493 974 2546 τὸ
1010 2494 1153 2564 ἱερὸν
1197 2500 1608 2569 φροντιστήριον

1719 2496 1847 2550 tutis
1893 2496 2293 2559 excellentiam,
2334 2511 2443 2549 non
2484 2494 2763 2558 affectans,
2787 2494 2881 2549 sed
2924 2493 3274 2563 spiritualiter

12 2580 125 2634 τοῦ
166 2581 403 2651 μεγάλου
423 2581 556 2635 Θεοῦ
586 2584 679 2636 καὶ
705 2584 952 2655 Σωτῆρος
985 2587 1261 2655 ήσκοῦντο,
1292 2590 1354 2643 οὐ
1386 2590 1600 2655 διώξας,

1719 2596 1957 2651 coaetus,
1984 2596 2300 2657 susceperat
2344 2602 2531 2642 curam
2564 2586 2814 2652 fratrum,
2864 2586 2954 2656 qui
2975 2585 3270 2640 secundum

15 2672 177 2726 ἀλλὰ
208 2675 591 2742 πνευματικῶς
623 2674 872 2744 διωχθεὶς
892 2718 907 2741 ,
944 2678 1228 2749 ἀνεδέξατο
1252 2697 1266 2710 ·
1310 2681 1403 2735 τοῦ
1434 2684 1603 2737 Aaro—

1719 2692 1927 2733 sacrum
1958 2678 2138 2747 magni
2167 2677 2257 2732 Dei
2277 2693 2341 2733 ac
2364 2677 2659 2732 Salvatoris
2679 2676 3048 2747 magisterium
3098 2691 3162 2730 ac
3190 2675 3272 2729 di-

22 2782 141 2833 μου
182 2762 298 2825 νῦν,
333 2765 395 2817 ὲκ
418 2763 513 2817 τοῦ
554 2767 919 2837 γεγενημένου
960 2767 1269 2837 θαύματος,
1298 2771 1359 2824 τὸ
1387 2790 1603 2843 φροντι-

1719 2766 1996 2836 sciplinam
2019 2767 2429 2823 exercebantur.
2452 2767 2604 2823 Nunc
2616 2767 2820 2829 schola,
2841 2781 2935 2822 seu
2955 2765 3269 2835 prmfectura

24 2856 270 2924 στήριον
312 2854 658 2924 ὀνομάζεται.
689 2858 798 2911 Καὶ
831 2859 888 2910 ὲν
915 2858 1086 2929 τούτῳ
1111 2862 1138 2912 ὁ
1167 2860 1336 2929 μέγας
1363 2856 1513 2925 οὗτος
1542 2864 1610 2917 τὰ

1719 2855 1949 2921 Latomi,
1972 2871 2038 2911 ex
2065 2857 2379 2912 admirando
2399 2858 2659 2927 quodam,
2694 2856 2796 2925 qu‘r
2813 2856 3015 2919 evenit,
3045 2871 3269 2911 succes-

18 2946 144 2998 τῶν
184 2946 434 3015 μοναχῶν
467 2947 620 3011 ἐνδὺς
658 2934 807 3002 dicat
839 2950 947 3003 ἀπὸ
989 2950 1211 3021 πρώτης
1252 2952 1435 3023 τριχὸς
1466 2952 1611 3009 ἀπαν

1720 2944 1981 3008 su,locus
2006 2945 2096 3000 ille
2127 2946 2441 3015 appellatur.
2464 2944 2576 3000 Hoc
2605 2946 2657 2999 in
2693 2946 3020 3000 monasterio
3044 2959 3270 3013 magnus

27 3036 310 3106 σαρκικδν
364 3037 770 3107 ἀποδυσάμενος
826 3039 1070 3110 θέλημα,
1132 3041 1291 3095 ποίαν
1347 3044 1444 3113 μὲν
1505 3044 1612 3097 τῶν

1721 3036 1809 3089 hic
1840 3036 1925 3089 vir
1945 3036 2193 3090 monachi
2218 3035 2457 3091 habitum
2486 3045 2902 3103 assumens,eta
2928 3038 3100 3106 prima
3120 3051 3272 3090 coma

25 3126 259 3196 ἀρετῶν
302 3127 364 3179 οῦ
420 3127 777 3197 κατώρθωσε;
833 3131 985 3183 ποῖον
1036 3130 1093 3183 δὲ
1146 3127 1284 3195 εῐδος
1326 3133 1609 3203 ἀσκήσεως

1719 3126 1799 3197 (ιιι
1824 3126 2287 3196 aiunt)universas
2308 3127 2489 3182 carnis
2514 3141 2721 3182 exuens
2750 3127 3053 3181 voluntates
3072 3126 3148 3191 ,in
3167 3142 3272 3195 qua

30 3215 492 3285 ὑπερϐαλλόντως
514 3216 613 3269 οὐκ
632 3216 1003 3288 ὲξησκήσατος
1036 3219 1111 3282 ὡς
1145 3212 1283 3272 εἶναι
1317 3223 1427 3283 τοῖς
1447 3220 1612 3290 ὁρῶσι

1719 3219 1912 3272 virtute
1938 3232 2255 3287 progressus
2275 3233 2379 3272 non
2408 3217 2532 3273 fecit
2550 3218 2572 3271 ?
2592 3225 2646 3272 et
2667 3219 2719 3271 in
2742 3234 2847 3286 qua
2875 3231 3125 3272 asceseos
3145 3232 3269 3286 spe-

29 3306 403 3377 παράδειγμα
430 3347 444 3370 ,
470 3306 566 3359 καὶ
594 3307 701 3368 τοῖς
726 3307 921 3377 ζηλοῦν
961 3307 1301 3378 βουλομένοις
1331 3310 1612 3378 ἀκριϐείας

1719 3306 1797 3361 cie
1826 3322 1945 3362 sese
1965 3307 2266 3363 eminenter
2284 3322 2392 3362 non
2410 3308 2649 3363 exercuit
2668 3310 2690 3361 ?
2714 3308 2897 3377 Itaque
2915 3317 3032 3362 erat
3055 3307 3270 3361 intuen-

1785 2223 1839 2278 7.
1861 2222 2053 2279 Statim
2073 2223 2218 2279 enim
2248 2234 2409 2294 atque
2422 2222 2863 2279 Thessalonicam
2882 2222 3274 2292 pervenit,tra-

34 3396 231 3466 πάσης
280 3396 604 3466 ἀρχέτυπον.
662 3397 902 3467 Νηστεία
961 3398 1068 3468 γὰρ
1126 3397 1393 3468 ἐπενοήθη
1442 3398 1612 3469 τούτῳ

34 3488 235 3556 καινὴ,
268 3486 353 3541 ἵνα
374 3490 467 3541 καὶ
492 3488 584 3540 τὸν
611 3487 808 3557 δεσμὸν
834 3488 1064 3559 κατέχῃ,
1091 3488 1184 3541 καὶ
1207 3488 1526 3559 διαλανθάνῃ
1553 3490 1614 3542 τὸ

45 3574 493 3645 σπουδαζόμενον
518 3591 533 3606 ο
551 3564 851 3646 ,ἀγρυπνία
876 3576 1073 3647 μικροῦ
1100 3576 1207 3629 δεῖν
1237 3578 1330 3629 καὶ
1352 3578 1614 3630 ἀπιστου-

41 3667 190 3735 μένη
213 3668 325 3729 τοῖς
356 3666 725 3736 λογιζομένοις
762 3667 858 3735 τῆς
911 3666 1110 3736 σαρκὸς
1135 3667 1235 3735 τήν
1260 3668 1567 3737 χαυνότητα
1594 3682 1609 3699 ο

42 3756 303 3825 γλώσσης
333 3756 658 3825 κατάσχεσις
680 3755 779 3808 οὐκ
800 3757 878 3817 είς
900 3756 959 3807 τδ
988 3754 1112 3827 [μὴ]
1141 3756 1614 3826 πολυπραγμονεῖν

42 3845 111 3897 τὰ
144 3844 405 3913 ἀλλότρια
451 3845 628 3916 (τοῦτο
661 3846 769 3915 γάρ
794 3846 942 3916 αύτῷ
974 3847 1082 3899 ἀπὸ
1132 3848 1322 3910 παιδὸς
1378 3848 1613 3918 μεμελέ-

45 3938 228 4007 τητο),
262 3937 376 3989 ἀλλ’
401 3936 539 3990 ὥστε
576 3938 649 4008 μὴ
681 3937 1037 4003 ἐξακούεσθαι
1058 3936 1158 4003 τήν
1186 3938 1368 4008 φωνὴν
1391 3942 1503 4001 τοίς
1535 3939 1611 4010 μὴ

48 4027 296 4097 ἀκριϐῶς
338 4028 472 4099 πρὸς
526 4020 731 4083 ἐκεῖνον
792 4027 1167 4098 προσέχουσιν,
1214 4029 1243 4081 δ
1301 4029 1614 4098 φιλοσοφίας

47 4119 200 4169 ἐστὶν
251 4118 415 4187 ἀρχὴ,
452 4116 647 4187 μᾶλλον
685 4117 740 4169 δὲ
780 4117 1098 4186 φιλοσοφίας
1144 4116 1204 4169 τὸ
1243 4118 1610 4172 τελειότατον·

48 4210 95 4259 εί
141 4209 255 4276 γὰρ
302 4209 476 4278 ἀρχὴν
522 4210 733 4276 σοφίας
780 4207 941 4276 φόϐον
991 4207 1130 4259 Θεοῦ
1188 4208 1609 4279 μεμαθήκαμεν,

47 4298 183 4351 Θεοῦ
215 4298 272 4352 δὲ
295 4299 456 4367 φόϐος
484 4299 709 4351 ἐντολῶν
729 4299 991 4367 ἐπάγεται
1020 4298 1318 4369 πλήρωσιν,
1345 4301 1608 4372 κρατίστη

1716 3396 1860 3450 tibus
1887 3397 2215 3465 exemplum,
2248 3407 2302 3451 et
2327 3398 2689 3451 aemulationis
2710 3397 2967 3451 studiosis
3010 3396 3273 3450 universa:

1715 3486 2019 3541 sedulitatis
2042 3487 2387 3558 arclietypus.
2416 3485 2687 3558 Jejunium
2710 3487 2852 3541 enim
2872 3498 3077 3541 novum
3111 3495 3274 3554 atque

1716 3573 1995 3629 insolitum
2022 3576 2362 3646 excogitavit,
2397 3577 2469 3630 ita
2502 3586 2561 3630 ut
2604 3587 2658 3629 et
2697 3576 2972 3630 vinculum
2995 3576 3271 3639 retineret,

1716 3672 1769 3719 et
1796 3666 2032 3721 studium
2057 3665 2199 3722 illius
2219 3668 2493 3736 singulare
2544 3676 2768 3722 caeteros
2793 3667 3018 3721 lateret.
3066 3664 3273 3736 Vigiliaz

1717 3755 1829 3809 fere
1868 3766 2024 3811 erant
2051 3756 2431 3813 incredilibiles
2460 3758 2928 3813 considerantibus
2955 3758 3137 3813 carnis
3168 3758 3270 3810 im-

1716 3846 2079 3903 becillitatem.
2107 3848 2363 3919 Linguam
2389 3849 2700 3913 cohibebat,
2729 3864 2796 3905 ne
2825 3850 2999 3905 aliena
3022 3840 3161 3903 facta
3179 3866 3274 3904 cu-

1715 3939 1915 3994 riosius
1942 3940 2303 4009 investigaret.
2336 3938 2391 3992 In
2415 3940 2517 3994 hoc
2545 3939 2689 3994 enim
2714 3954 2742 3992 a
2768 3945 2936 4009 puero
2964 3954 3149 3993 curam
3180 3954 3273 4008 po-

1716 4045 1920 4095 suerat,
1957 4047 2055 4085 nec
2080 4046 2181 4085 vox
2217 4031 2336 4100 ejus
2358 4030 2601 4085 exaudiri
2627 4037 2834 4098 poterat
2862 4029 2964 4083 nisi
2991 4030 3059 4083 ab
3090 4030 3154 4083 iis
3178 4029 3271 4097 qui

1715 4127 1918 4174 attente
1946 4133 2131 4173 aurem
2170 4118 2408 4187 loquenti
2437 4116 2791 4183 arrexissent,
2819 4118 2872 4171 id
2903 4121 3049 4186 quod
3094 4118 3269 4187 philo-

1718 4208 1920 4276 sophia
1953 4217 2033 4261 est
2064 4208 2299 4271 initium,
2327 4208 2434 4261 imo
2499 4222 2713 4263 summa
2767 4206 3120 4276 philosophia:
3142 4223 3268 4276 per-

1716 4298 1899 4353 fectio.
1936 4298 1993 4353 Si
2021 4298 2162 4353 enim
2194 4298 2406 4353 initium
2456 4298 2999 4368 sapientiaetimorem
3036 4298 3126 4352 Dei
3153 4315 3277 4351 esse

49 4389 103 4441 δὲ
134 4389 248 4442 τῶν
280 4388 510 4441 ἐντολῶν
542 4390 603 4441 τὸ
656 4389 865 4443 τιθέναι
915 4388 1082 4459 θύραν
1115 4388 1191 4457 τῷ
1232 4389 1482 4457 στόματι,
1525 4390 1610 4441 ἵνα

1719 4388 2032 4454 didicimus;
2062 4388 2155 4442 Dei
2185 4398 2363 4443 autem
2409 4389 2590 4451 timor,
2620 4397 2679 4442 ut
2724 4387 2967 4456 ejusdem
3016 4386 3275 4439 mandata

54 4480 193 4546 μήτε
216 4478 343 4540 νοῦς
384 4479 590 4547 ἀλόγως
642 4479 1003 4548 ρεμϐάζηται,
1040 4479 1175 4548 μήτε
1214 4478 1368 4546 λόγος
1412 4479 1611 4549 θυραυ-

53 4570 223 4636 λήσας
277 4568 477 4632 ἔξωθεν
512 4569 721 4638 ἀπηχὲς
769 4572 848 4633 είς
895 4568 1218 4637 πολυλογίαν
1276 4571 1613 4641 μετακινήσῃ

52 4661 149 4726 τῆς
180 4659 412 4728 ήσυχίας
461 4659 552 4712 τὸν
602 4658 860 4729 ἐραστὴν,
893 4659 1113 4729 εῦδηλον
1164 4656 1294 4727 ἀρα,
1331 4657 1473 4711 κατὰ
1520 4660 1613 4712 τὸν

57 4748 194 4801 θεῖον
226 4749 410 4815 Δαϐὶδ,
464 4749 537 4813 ὡς
591 4752 624 4819 ή
676 4749 887 4820 φυλακὴ
923 4749 1030 4802 τῶν
1053 4749 1187 4802 ὁδῶν
1223 4747 1315 4801 τοῦ
1348 4748 1481 4802 Θεοῦ
1535 4749 1614 4820 τῷ

57 4838 422 4907 ἀναμαρτήτῳ
452 4837 548 4907 τῆς
575 4837 819 4908 γλώττης
851 4836 1229 4892 κατευοδοῦταί
1259 4856 1317 4891 τε
1352 4839 1445 4892 καὶ
1478 4838 1615 4892 πλα-

60 4928 309 4982 τύνεταιο
358 4930 423 4998 ἢν
452 4929 802 4999 κατορθώσας
846 4931 873 4982 ὁ
931 4931 1123 4998 μέγας,
1151 4930 1250 4993 τάς
1291 4930 1456 4995 ἀλλας
1501 4927 1613 5001 εἷχε

63 5018 163 5068 τῶν
185 5018 399 5089 ἀρετῶν
422 5020 765 5088 έφεπομένας
794 5018 962 5088 αὐτῷ.
981 5019 1053 5071 Τὸ
1081 5018 1136 5072 δὲ
1163 5020 1292 5090 περὶ
1319 5022 1416 5091 τήν
1440 5039 1615 5091 στρω-

68 5106 200 5175 μνήν
252 5106 595 5176 ἠμελημένον
617 5109 809 5179 κομιδῇ
838 5108 930 5161 καὶ
958 5108 1121 5174 λιτὸν,
1148 5110 1231 5173 τίς
1266 5110 1438 5173 οὕτως
1470 5112 1615 5164 ἐστὶν

68 5197 239 5267 ἀφυής
302 5199 428 5268 περὶ
458 5199 525 5250 τὰ
560 5198 721 5262 καλά,
749 5200 807 5262 ὃς
837 5200 911 5269 μὴ
945 5199 1259 5269 τεθαύμακέ
1294 5219 1352 5253 τε
1407 5203 1501 5253 καὶ
1529 5204 1615 5269 ἐξ·

68 5288 298 5359 επλάγη,
329 5288 422 5341 καὶ
454 5290 515 5342 τὸ
546 5291 677 5360 πρὸς
716 5291 907 5353 πόνους
932 5291 1198 5363 ἀήττητον
1248 5291 1612 5361 ὲμεγάλυνεν;

74 5376 301 5446 Ἐδαφος
327 5372 393 5448 ἦν
422 5378 612 5447 ἐκείνῳ
648 5379 800 5448 ψιλὸν
827 5381 860 5449 ή
902 5384 1180 5451 στρωμνὴ,
1214 5380 1272 5433 ὲν
1294 5372 1338 5445 ᾧ
1359 5380 1420 5431 τὸ
1455 5381 1615 5433 ἀσθε-

70 5466 148 5528 νὲς
169 5470 271 5539 τῆς
296 5468 510 5536 φύσεως
561 5470 891 5541 διηλέγχετο,
948 5473 1041 5524 καὶ
1086 5472 1228 5533 λίθος
1262 5471 1322 5523 τὸ
1370 5470 1612 5525 ποθεινὸν

75 5559 501 5627 προσκεφάλαιον
527 5574 543 5592 ⁸
616 5560 777 5628 ὕμνος
814 5565 842 5614 ό
896 5563 1072 5632 πάντη
1124 5561 1480 5633 βραχύτατος,
1524 5564 1613 5617 καὶ

78 5648 204 5703 me
223 5649 326 5707 τὴν
359 5650 649 5714 ἀναλογίαν
676 5652 771 5718 τῆς
820 5653 1041 5723 ἐδωδῆς,
1077 5656 1133 5707 ὲν
1159 5649 1201 5723 ᾧ
1233 5654 1489 5716 πολλάκις
1524 5655 1617 5709 καὶ

1715 4478 2061 4549 impleantur,
2100 4480 2244 4543 facit,
2274 4494 2435 4549 porro
2486 4479 2863 4533 mandatorum
2895 4478 3270 4547 praestantissi-

1716 4583 1863 4621 mum
1896 4565 2005 4630 est,
2030 4583 2231 4637 ponere
2259 4570 2338 4621 ori
2369 4568 2612 4637 januam,
2646 4576 2705 4621 ut
2751 4582 2922 4635 neque
2952 4582 3104 4620 mens
3132 4566 3269 4619 irra-

1716 4658 2045 4713 tionabiliter
2064 4668 2337 4727 evagetur,
2372 4673 2546 4727 neque
2590 4659 2729 4712 ratio
2782 4657 2870 4710 cui
2908 4658 3105 4710 domus
3130 4657 3269 4710 inte-

1717 4746 1876 4801 rioris
1890 4747 2133 4801 custodia
2175 4747 2536 4810 incumbebat,
2562 4747 2749 4799 eadem
2768 4746 2973 4810 relicta,
2998 4747 3051 4811 in
3079 4747 3266 4800 multi-

1716 4837 1956 4907 loquium
1989 4838 2192 4894 absone
2219 4848 2559 4893 commoveat
2582 4837 2787 4892 silentii
2814 4846 2868 4891 et
2891 4838 3087 4906 quietis
3112 4855 3267 4891 ama-

1716 4939 1887 4983 torem
1915 4968 1933 4993 ,
1979 4929 2482 4985 manifestissimum
2512 4928 2795 4995 est,juxta
2841 4929 3009 4982 divini
3052 4931 3275 4984 Davidis

1714 5018 1955 5084 effatum,
1993 5018 2293 5073 custodiam
2326 5018 2702 5071 mandatorum
2754 5016 2864 5081 Dei,
2919 5019 2989 5083 ei,
3036 5020 3127 5086 qui
3160 5037 3264 5071 ltnlt

1718 5119 1902 5179 peccat
1935 5110 2130 5179 linguae
2157 5109 2334 5180 lapsu,
2370 5124 2630 5179 prospero
2661 5110 2914 5179 facilique
2953 5125 3111 5163 cursu
3144 5126 3267 5160 sura

1717 5200 1928 5265 cedere,
1960 5210 2121 5268 atque
2153 5200 2204 5253 in
2256 5201 2661 5269 amplitudinem
2710 5200 3029 5255 commutari
3057 5218 3069 5251 :
3101 5214 3263 5265 quam

1717 5292 1930 5360 quidem
1962 5291 2262 5345 custodiam
2309 5307 2536 5361 magnus
2590 5292 2673 5346 hic
2716 5292 2901 5345 sedulo
2949 5292 3264 5345 observans.

1718 5384 1943 5436 aliarum
1986 5383 2553 5453 virtutumsequelam
2618 5383 2773 5436 facile
2824 5381 3071 5436 obtinuit.
3115 5380 3269 5443 Quod

1718 5489 1844 5529 vere
1875 5474 2067 5528 attinet
2103 5474 2174 5527 ad
2197 5474 2401 5539 lectuli,
2433 5474 2486 5527 in
2525 5490 2635 5544 quo
2664 5474 2895 5543 iacebat,
2946 5472 3264 5539 neglectum,

1720 5578 2078 5633 magnamque
2111 5564 2388 5628 vilitatem,
2412 5566 2535 5634 quis
2559 5576 2673 5619 erat
2699 5567 2769 5619 ita
2799 5566 2863 5618 ad
2895 5577 2977 5615 res
3012 5562 3266 5613 honestas

1721 5654 2084 5726 dispiciendas
2107 5655 2341 5726 ineptus,
2372 5666 2427 5712 ut
2459 5671 2563 5712 non
2589 5659 2638 5711 in
2659 5654 3065 5713 admirationem
3086 5662 3266 5711 stnpuv
