3926 6308
45 408 133 469 949
1555 403 1596 461 ν

1711 419 1747 463 i.
2679 411 2685 418 '
3128 403 3258 464 '850

39 513 178 565 τοῦτο
209 513 276 564 τὰ
326 510 614 579 περιπέξια
671 509 845 561 πάντα
894 507 1117 577 θέμενος
1163 508 1236 571 ὡς
1289 508 1460 574 οὐδὲν,
1492 509 1582 562 τὸν

1711 511 1924 566 tutulum
1961 511 2310 570 insecabilem
2387 520 2550 580 atque
2585 510 2992 578 inseparabilem
3048 519 3255 566 motum

44 605 354 674 μονότροπον
384 603 495 671 βίον
527 601 611 653 ἐπ’
646 600 903 671 ἀλλοτρίᾳ
932 599 1280 668 προκέκρικε.

1711 601 1956 655 miretur.
1989 599 2156 652 Porro
2177 598 2548 654 Abrahamum
2581 606 2818 656 sectatus
2848 607 2930 652 est
2959 599 3011 652 in
3043 601 3254 669 paterni

41 697 126 750 soli
151 694 594 755 commutatiOue,
621 690 1084 761 etpromptissima
1107 706 1231 760 erga
1256 690 1530 746 Christum
1551 691 1877 752 obcdientia,
1915 704 2019 743 non
2049 688 2264 758 quidem
2294 687 2776 768 ebealda-orum
2810 691 3028 760 regione
3080 691 3258 746 disce-

41 787 177 849 dens,
213 796 265 841 et
297 787 348 840 in
395 785 733 839 Palaestinam
771 782 1134 852 proficiscens,
1185 783 1384 836 ibidem
1431 798 1581 837 suam
1622 784 1802 837 sedem
1829 781 2226 845 collocaturus;
2255 783 2347 836 sed
2413 780 2666 837 allectum
2696 796 2821 849 erga
2890 779 3141 850 parentes
3175 782 3260 835 di-

39 884 147 933 vino
200 879 370 932 amori
434 876 860 944 posthabendum
905 875 1240 940 existimans,
1276 882 1329 930 et
1375 881 1656 944 propterea
1697 883 1953 942 tanquam
2014 873 2243 926 nihilum
2288 873 2540 927 universa
2595 875 2712 927 hmc
2768 873 3020 928 inferiora
3092 883 3252 942 atque

39 969 249 1023 humilia
286 969 510 1025 ducens.
546 966 839 1034 simplicem
893 965 1102 1019 vivendi
1162 965 1262 1018 sibi
1315 965 1417 1033 ipsi
1458 965 1721 1018 rationem
1747 965 1936 1019 alienis
1966 964 2112 1022 ruris
2143 962 2481 1031 negotiisque
2513 963 2829 1032 praeposuit.

101 1064 185 1110 ια’.
227 1057 335 1110 Καὶ
365 1056 418 1107 τε
468 1055 548 1107 δεῖ
575 1055 699 1115 τοὺς
757 1054 1092 1108 καθέκαστον
1151 1054 1442 1118 ἐξετάζειν,
1491 1056 1586 1106 καὶ

43 1146 409 1217 παραϐάλλειν·
436 1145 642 1206 τούτοις
678 1143 858 1209 αὐτὸν,
893 1144 1032 1196 κατὰ
1051 1143 1142 1196 τδν
1186 1144 1586 1215 μυστικώτερον

39 1239 181 1302 λόγον
231 1237 332 1305 τῆς
382 1234 748 1303 ἁνυψὼσεως;
792 1233 956 1287 Οὐδέν
1012 1235 1160 1287 ἐστιν
1203 1237 1588 1305 ἐπαινούμενον

39 1332 91 1397 τῇ
129 1329 316 1396 Γραφῇ
347 1326 374 1377 ὃ
413 1325 488 1395 μὴ
537 1323 718 1393 τούτῳ
752 1323 1098 1394 κατωρθοῦτο
1122 1341 1137 1356 ·
1172 1325 1343 1386 οὐδεὶς
1385 1326 1441 1378 ἐν
1486 1342 1588 1378 πα-

40 1420 205 1480 λαιαῖς
234 1416 495 1487 ἱστορίαις
526 1414 880 1484 ὑμνούμενος,
899 1414 956 1467 ὃν
974 1416 1073 1467 οὐκ
1094 1416 1299 1478 ἐκεῖνος
1325 1416 1585 1485 ἐζήλωσε.

41 1513 136 1562 Καὶ
169 1509 258 1561 ἴνα
293 1507 498 1560 συνέλω
533 1506 594 1558 τὸ
646 1507 774 1568 πᾶν,
826 1504 1052 1575 σύρῤοιά
1091 1522 1172 1567 τις
1214 1501 1279 1574 ἦν
1329 1503 1532 1575 ἀρετῶν
1562 1505 1591 1556 ὁ

41 1600 239 1652 ἐκείνου
278 1597 411 1666 βίος,
441 1596 534 1648 καὶ
578 1595 638 1648 οὐ
671 1595 905 1665 μιμητὸν
952 1595 1085 1666 πρὸς
1118 1596 1404 1664 ἀκρίϐειαν
1456 1596 1591 1647 ἀπο-

40 1669 266 1758 τᾶπωμα
311 1690 418 1750 τοῖς
483 1684 823 1754 βουλομένοις
858 1684 960 1737 κᾶν
1014 1683 1169 1752 ὀλίγα
1219 1683 1326 1735 τῶν
1383 1684 1592 1735 ἐκείνου

41 1777 489 1846 ἀπομιμήσασθαι
514 1792 528 1806 ο
569 1774 689 1827 ὅθεν
722 1774 812 1826 καὶ
845 1774 921 1843 τῷ
951 1773 1252 1843 προεστῶτι
1297 1774 1396 1840 τῆς
1429 1774 1598 1842 μονῆς

1764 1055 1849 1109 Η.
1882 1053 1986 1108 Sed
2016 1054 2144 1124 quid
2176 1069 2313 1123 opus
2372 1062 2453 1109 est
2500 1054 2754 1123 singulos"
2799 1067 3146 1116 enumerare,
3207 1065 3260 1109 et

1694 1146 1921 1216 mystico
1962 1160 2266 1214 arcanaque
2287 1145 2782 1214 orationis'generc
2837 1146 3093 1201 eumdem
3133 1145 3257 1200 eﬂ‘e-

1693 1237 1861 1291 rcndo
1898 1236 2004 1291 illis
2034 1237 2387 1305 comparare?
2415 1235 2560 1292 Nihil
2601 1238 2852 1306 estquod
2889 1237 2941 1289 in
2972 1238 3138 1292 sacris
3170 1254 3260 1291 vo-

1694 1325 1990 1380 luminibus
2049 1325 2207 1383 laude
2236 1325 2459 1396 dignum
2499 1325 2818 1399 praedicetur
2845 1326 2992 1393 quod
3046 1326 3113 1378 ab
3159 1327 3262 1378 hoc
3319 1366 3335 1372 _

1691 1412 1940 1466 ellectum
1976 1414 2040 1466 ad
2070 1415 2330 1468 amussim
2372 1429 2479 1467 non
2512 1415 2599 1474 sit.
2629 1414 2798 1474 Nemo
2832 1415 2884 1469 in
2913 1416 3152 1484 antiquis
3183 1418 3264 1472 hi-

1698 1505 1881 1560 storiis
1913 1505 2234 1572 celebratur,
2280 1521 2443 1575 quem
2476 1507 2561 1563 hic
2586 1509 2872 1565 mmulatus
2921 1525 3027 1564 non
3072 1509 3258 1564 fuerit.

1699 1595 1784 1656 Et,
1824 1605 1881 1650 ut
1915 1597 2096 1656 omnia
2125 1597 2289 1655 verbo
2343 1599 2692 1666 complectar,
2747 1601 2999 1655 cumulus
3043 1601 3263 1668 quidam

1699 1697 1752 1740 et
1780 1687 2058 1756 congeries
2089 1685 2358 1747 virtutum‘
2394 1696 2509 1744 erat
2533 1688 2690 1759 istius
2723 1688 2849 1754 vita,
2871 1699 2926 1743 et
2966 1700 3262 1758 quantum-

1705 1781 1784 1831 vis
1817 1778 2012 1851 aliquis
2033 1779 2220 1834 sedulo
2237 1788 2544 1842 conaretur,
2564 1779 2645 1832 vel
2680 1779 2900 1833 minime
2930 1780 3098 1848 ipsius
3125 1782 3265 1838 facta

39 1872 128 1938 τῆς
161 1868 366 1936 πολλῆς
421 1865 840 1934 σκληραγωγίας
886 1865 1185 1933 ὲπετιμᾶτο
1211 1904 1224 1927 ,
1267 1865 1596 1918 παθοκτόνον

1711 1881 1750 1924 at
1782 1872 2027 1937 virtutes,
2047 1880 2299 1938 tanquam
2323 1881 2526 1944 typum,
2553 1871 3093 1940 propositasimitari,
3115 1874 3262 1928 nullo

40 1962 240 2026 λέγοντι
287 1958 384 2026 τὴν
437 1955 706 2025 νηστείαν,
755 1955 813 2006 οὺ
869 1956 1309 2024 σωματοκτόνον,
1359 1955 1443 2007 διὰ
1483 1955 1582 2026 τὴν

40 2055 132 2116 τῆς
172 2049 395 2117 φύσεως
425 2045 749 2112 οἰκειότητα.
794 2044 1008 2113 Ἀμέλει
1047 2046 1139 2105 καὶ
1187 2045 1364 2097 πάντα
1401 2045 1600 2116 τρόπον

41 2143 284 2194 ὑπείκειν
330 2136 684 2207 μεμαθηκὼς,
743 2136 836 2189 καὶ
886 2135 1024 2188 κατᾶ
1078 2135 1239 2206 μηδὲν
1301 2136 1600 2204 ἀντιλέγειν

41 2237 143 2293 τοῖς
176 2230 340 2284 αὐτὸν
376 2228 656 2296 ὲνάγουσιν
686 2228 763 2289 εἰς
794 2227 1117 2278 ταπείνωσιν
1142 2266 1156 2288 ,
1206 2225 1266 2279 τὸ
1304 2244 1602 2302 προστετα-

43 2324 238 2391 γμένον
292 2321 487 2385 ἐποίει,
542 2319 637 2380 καὶ
684 2319 792 2370 τῶν
846 2318 1258 2387 προσκειμένων
1306 2313 1600 2389 ἒφῆπτετο,

44 2418 214 2470 πάντα
260 2418 341 2478 εις
374 2417 526 2482 δόξαν
553 2413 684 2468 Θεοῦ
709 2415 802 2466 καὶ
821 2414 1266 2483 συλλογιζόμενος
1300 2415 1390 2467 καὶ
1413 2415 1599 2473 ποιῶν.

51 2511 113 2558 Ὀ
143 2509 238 2560 καὶ
274 2508 434 2570 αὐτὸς
483 2508 511 2558 ὁ
539 2505 813 2577 προεστὼς
845 2505 1096 2571 ἐγνωκὼς
1121 2546 1136 2569 ,
1176 2504 1269 2557 καὶ
1303 2504 1480 2574 πάσης
1512 2506 1605 2558 ἀν-

48 2598 324 2668 θρωπίνης
354 2598 560 2660 ἑννοίας
609 2600 718 2651 ἄνω
765 2596 854 2647 τὸν
919 2595 1091 2668 μέγαν
1125 2593 1460 2656 καταλαϐὼν,
1505 2598 1604 2648 ἐπ-

48 2690 214 2742 έτεινε
260 2689 460 2759 μᾶλλον
514 2689 647 2758 πρὸς
700 2687 797 2763 τὴν
827 2685 998 2760 ὁρμὴν
1046 2683 1137 2741 τοῦ
1184 2685 1351 2739 καλοῦ
1395 2685 1485 2737 καὶ
1509 2689 1606 2758 τῆς

49 2779 340 2847 καλλίστης
365 2777 624 2848 ὀρέξεωςο
675 2777 751 2838 ὡς
801 2775 892 2828 καί
923 2792 1051 2828 ποτε
1108 2776 1465 2847 συνηγμένοις
1497 2778 1607 2836 τοῖς

46 2871 290 2936 ἀδελφοῖς
341 2871 398 2921 ὲν
429 2868 634 2937 ταυτῷ,
687 2867 874 2918 τούτου
909 2866 972 2934 δὴ
1023 2867 1182 2934 μόνου
1220 2865 1312 2919 τοῦ
1373 2865 1606 2935 μεγάλου

47 2960 298 3021 ἀπόντος,
331 2958 786 3029 προφητικώτατα
816 2955 1066 3022 ἐξειπεῖν,
1097 2956 1171 3024 ὼς
1200 2975 1216 3006 ι
1243 2951 1408 3019 Οῦτος
1436 2957 1462 3007 ὁ
1489 2955 1607 3025 μεί-

52 3049 169 3117 ραξ,
217 3047 454 3117 Χριστοῦ
482 3045 573 3100 τοῦ
609 3045 859 3114 ἀληθινοῦ
909 3044 1042 3096 Θεοῦ
1077 3046 1224 3098 ἐστιν
1263 3045 1468 3115 ἀληθὴς
1503 3062 1609 3114 μα-

50 3137 241 3205 θητὴς,
276 3138 373 3188 καὶ
415 3136 521 3187 τῶν
551 3134 714 3188 αὑτοῦ
743 3133 1058 3205 θελημάτων
1103 3134 1482 3205 ὲκπληρωτὴς,
1513 3133 1606 3186 καὶ

1701 1973 1878 2015 tamen
1921 1972 2078 2031 pacto
2102 1963 2148 2015 id
2201 1962 2417 2030 assequi
2440 1972 2669 2032 poterat.
2705 1962 3091 2029 Quamobrem,
3120 1975 3172 2019 et
3195 1966 3267 2018 ob

1703 2052 1957 2111 eximiam
2019 2053 2139 2109 vita:
2187 2052 2535 2121 asperitatem
2590 2067 2619 2108 a
2673 2055 2992 2111 monasterii
3041 2054 3295 2123 praeside
3370 2045 3385 2055 ’

1701 2141 1971 2209 quondam
2010 2142 2332 2218 redargutus
2366 2151 2468 2204 est,
2494 2142 2586 2211 qui
2615 2141 3131 2211 dicebat,jejunium
3163 2144 3258 2196 de-

1702 2233 1832 2286 bere
1868 2247 1984 2290 esse
2019 2231 2420 2291 interfectorem
2461 2233 2800 2301 passionum,
2853 2248 2956 2288 non
2998 2227 3263 2302 corporis,

1707 2332 1922 2396 propter
1979 2333 2186 2385 naturae
2232 2324 2676 2394 coniunctionem
2727 2328 2890 2392 atque
2932 2325 3264 2379 afﬁnitatem.

1705 2413 2003 2482 Postremo,
2039 2429 2159 2468 cum
2191 2414 2241 2472 in
2272 2414 2527 2467 omnibus
2545 2429 2760 2482 semper
2787 2412 2974 2470 cedere
2993 2413 3269 2471 didicisset

1706 2516 1868 2574 atque
1903 2506 2046 2561 nulla
2095 2521 2315 2573 prorsus
2366 2505 2422 2563 in
2462 2520 2520 2558 re
2571 2505 2690 2558 aliis
2746 2505 3136 2567 contradicere,
3175 2507 3267 2573 qui

1705 2597 1780 2658 illi
1808 2597 2124 2651 humilitatis
2145 2596 2486 2652 occasionem
2514 2594 2894 2663 praebuissent,
2928 2610 3267 2664 quaecunque

1706 2685 1965 2751 imperata
2022 2683 2274 2746 fuissent,
2339 2681 2528 2736 sedulo
2585 2682 3002 2750 exsequebatur,
3045 2692 3098 2736 et
3147 2698 3267 2750 quae

1706 2774 2165 2843 proponebantur,
2207 2773 2546 2841 capessebat,
2605 2773 2866 2829 omniaad
2897 2773 2989 2827 Dei
3041 2774 3265 2842 gloriam

1708 2873 1758 2920 et
1788 2861 1989 2916 faciens
2019 2871 2070 2914 et
2104 2862 2369 2929 cogitans.
2445 2860 2600 2924 Quod
2657 2876 2781 2914 cum
2821 2861 2906 2914 ille
2953 2862 3116 2925 idem,
3174 2859 3265 2928 qui

1710 2954 1920 3007 caeteris
1947 2961 2192 3019 praeerat,
2216 2950 2546 3018 agnovisset,
2576 2959 2629 3006 et
2650 2966 2901 3019 magnum
2927 2951 3067 3004 hunc
3093 2951 3265 3006 virum

1710 3041 2162 3093 nihilhumanum
2194 3047 2285 3092 aut
2319 3047 2592 3100 terrenum
2639 3048 2814 3098 mente
2857 3039 3060 3107 agitare
3113 3055 3266 3096 com-

1711 3131 1960 3199 perisset,
1992 3129 2270 3182 intentiori
2306 3130 2486 3186 studio
2521 3129 2589 3186 ad
2627 3129 2842 3186 virtutis
2898 3130 3264 3193 honestatem,

48 3192 276 3296 ἐνιαῦτιῖ)
307 3225 598 3294 καταμένει
637 3192 1064 3290 Πεδεῦμαηᾶγιον,
1099 3223 1126 3278 ὃ
1160 3192 1498 3294 καὶιλαλήσει
1521 3223 1603 3276 διὰ

1712 3192 1872 3289 atque
1902 3222 1967 3273 ad
1997 3219 2202 3289 optima
2232 3233 2458 3289 quaeque
2486 3219 2781 3288 expetenda
2807 3222 3050 3273 animum
3074 3192 3267 3275 δύνει-ὲ

48 3319 134 3369 τοῦ
189 3320 460 3385 στόματος
511 3317 896 3387 μελῳδήματα,
935 3316 1113 3370 πάντα
1151 3317 1511 3386 περιηχοῦντα
1541 3317 1606 3368 τὰ

52 3408 286 3478 πέρατα.
329 3425 349 3459 ι

1716 3312 1797 3364 tit.
1832 3311 2018 3378 Itaque
2048 3309 2134 3363 die
2164 3309 2420 3378 quadam,
2462 3308 2721 3365 fratribus
2753 3310 2806 3364 in
2829 3325 2998 3364 unum
3025 3324 3261 3378 congreo

1713 3405 1869 3473 gatis,
1891 3418 2000 3462 uno
2028 3413 2236 3458 tantum
2261 3417 2460 3471 magno
2478 3411 2665 3459 nostro
2695 3404 2915 3465 absente
2941 3403 3118 3457 futura
3142 3417 3267 3469 pro-

47 3501 265 3568 phetico
295 3499 485 3569 spiritu
558 3500 858 3557 vaticinans
911 3499 1032 3555 ait:
1075 3519 1094 3552 ι
1152 3498 1476 3558 Adolescens
1530 3499 1635 3554 iste
1708 3511 1869 3550 verus
1902 3504 1985 3552 est
2042 3495 2248 3551 Christi
2297 3495 2410 3551 veri
2459 3491 2552 3548 Dei
2605 3493 2927 3562 discipulus.
2974 3503 3031 3548 et
3077 3495 3271 3548 divina:

47 3596 220 3661 ipsius
255 3594 546 3649 voluntatis
567 3593 885 3662 completor,
919 3601 971 3646 et
998 3593 1050 3646 in
1087 3607 1151 3649 eo
1189 3592 1387 3647 residet
1408 3591 1643 3663 Spiritus
1671 3600 1914 3652 sanctus,
1951 3574 2044 3658 qui
2086 3602 2179 3657 per
2213 3602 2274 3641 os
2345 3587 2488 3642 illius
2516 3586 2872 3646 suavissimas
2936 3587 3165 3657 hymnos
3199 3586 3272 3644 lo-

46 3696 265 3753 quetur,
299 3684 390 3753 qui
425 3698 520 3752 per
551 3683 833 3737 universos
868 3683 1018 3738 orbis
1047 3692 1202 3741 terrm
1233 3684 1366 3738 lines
1396 3683 1782 3745 resonabunt.)

116 3775 206 3847 ιβ’.
254 3775 396 3829 Ἀλλ’
423 3774 566 3827 οὕτω
596 3777 696 3844 μὲν
721 3770 814 3828 οὗν
836 3770 981 3844 εἶχεν
1011 3777 1214 3838 ἐκεῖνος
1240 3778 1268 3832 ὁ
1289 3775 1427 3838 θεῖος
1443 3776 1608 3850 ἀνὴρ,

47 3870 140 3922 καὶ
161 3865 311 3919 οὕτω
353 3865 448 3935 μία
479 3881 562 3927 τις
594 3864 888 3933 σύγκρασις
943 3862 1010 3936 ἦν
1058 3865 1284 3938 ᾁρετῶν,
1322 3865 1380 3931 ἐξ
1413 3862 1487 3921 ὧν
1518 3869 1611 3918 καὶ

49 3956 262 4025 βιὸλίον
292 3956 354 4008 τὸ
381 3956 565 4025 νοερὸν
583 3958 680 4024 τῆς
709 3955 887 4025 ψυχῆς
910 3956 1302 4028 ἀπειργάσατο,
1324 3960 1462 4011 ,κατὰ
1485 3958 1611 4018 τοὺς

1779 3774 1865 3830 12.
1902 3775 1975 3828 Ita
2005 3772 2217 3842 quidem
2247 3785 2368 3831 sese
2417 3769 2650 3828 habebat
2667 3767 2883 3826 divinus
2920 3769 3011 3824 hic
3041 3769 3145 3834 uir,
3181 3780 3267 3825 at-

1708 3881 1812 3937 que
1841 3865 1913 3919 ita
1938 3879 2040 3921 una
2069 3862 2312 3933 quasdam
2339 3870 2457 3916 erat
2487 3860 2632 3914 illius
2656 3859 2917 3915 virtutum
2953 3869 3268 3931 contempe-

1709 3956 1847 4009 ratio
1870 3963 1926 4010 et
1953 3952 2284 4021 eonjunctio,
2337 3967 2401 4006 ex
2434 3951 2632 4019 quibus
2666 3951 2829 4004 veluti
2852 3953 3138 4020 quemdam
3160 3954 3270 4022 δρία

48 4049 274 4112 εὐφυεῖς
295 4045 404 4097 τῶν
436 4045 620 4114 κηρῶν
649 4043 793 4098 ἅπαν
821 4041 960 4108 εἶδος
999 4045 1338 4115 μαθημάτων
1367 4047 1603 4113 ἀποματ-

1711 4045 1956 4100 ritualem
1993 4045 2190 4099 librum
2221 4041 2541 4110 composuit,
2587 4043 2740 4110 juxta
2778 4057 2928 4110 apes,
2965 4059 3084 4112 quae
3113 4059 3268 4098 ceras

48 4135 301 4201 τὸμενος.
335 4133 496 4202 Ψυχὴ
522 4134 627 4204 γὰρ
676 4135 739 4185 ὲκ
766 4132 998 4203 “πρώτης
1044 4135 1140 4206 τῆς
1181 4135 1355 4204 ἀρχῆς
1404 4135 1610 4192 ἐνοικον

48 4227 258 4296 σχοῦσα
294 4226 450 4287 Θεὸν,
478 4224 545 4280 τὰ
566 4223 773 4275 ἐκείνου
799 4225 894 4276 καὶ
915 4225 1114 4295 μελετᾷ
1135 4225 1226 4277 καὶ
1257 4225 1605 4293 φαντάζεται,

43 4315 216 4386 ἀπρὶξ
248 4311 672 4380 ἐναδολεσχοῦσα
707 4314 818 4373 τοῖς
854 4313 1019 4365 αὐτοῦ
1055 4312 1448 4382 δικαιώμασιν·
1485 4315 1609 4369 ἐπεὶ

46 4407 136 4457 καὶ
167 4404 352 4463 ἄλλως
404 4402 464 4453 τὸ
505 4401 884 4470 φρούριον-τῆς
921 4401 1116 4472 ψυχῆς,
1168 4403 1481 4473 ἐγκρατείᾳ,
1516 4403 1609 4458 καὶ

1713 4136 2042 4190 industriose
2089 4134 2377 4196 fabricant,
2428 4148 2587 4188 omne
2633 4134 3040 4203 disciplinarum
3098 4151 3269 4206 genus

1713 4225 2047 4295 congerenda
2113 4232 2274 4290 atque
2318 4223 2689 4291 exprimendo.
2767 4225 2956 4278 Anima
3011 4227 3153 4280 enim
3203 4229 3271 4280 ab

1714 4317 1842 4384 ipsis
1871 4314 2110 4368 exordiis
2129 4313 2298 4368 Deum
2327 4313 2655 4382 inquilinum
2689 4315 2914 4379 habens,
2945 4331 3030 4369 res
3063 4316 3274 4371 divinas

1713 4405 1930 4460 assidua
1961 4404 2308 4459 meditatione
2337 4409 2391 4457 et
2418 4403 2747 4472 cogitatione
2778 4405 3038 4470 revolvit,
3074 4405 3272 4458 tenaci-

45 4495 299 4562 νηστείᾳ,
346 4492 441 4543 καὶ
489 4490 767 4565 ἀγρυπνία
804 4492 1075 4560 ὀχυρωθὲν
1115 4493 1391 4560 ἀσφαλῶς,
1428 4493 1603 4545 ἀνεπί-

1721 4500 1802 4545 ter
1854 4501 2034 4545 mente
2067 4491 2341 4544 inhaerens
2379 4491 2527 4546 illius
2561 4491 3057 4559 justiﬁca-tionibus,
3096 4508 3270 4561 quan-

44 4584 210 4636 δαῖον
238 4581 588 4634 παντάπασιν
611 4575 677 4649 ἦν
695 4583 804 4643 τοῖς
826 4579 1021 4648 ἔξωθεν
1052 4582 1407 4651 ρεμϐασμοῖς.
1428 4584 1609 4653 Ταύτῃ

43 4691 121 4724 τοι
160 4664 264 4723 καὶ
311 4669 493 4738 θαῦμα
540 4665 608 4738 ἦν
653 4669 847 4739 Ἰωσὴφ
895 4673 1008 4732 τοῖς
1041 4671 1248 4741 ιὸρῶσιν
1279 4673 1474 4730 αὐτόν’
1519 4677 1612 4728 καὶ

44 4766 150 4815 πᾶν
187 4763 293 4829 μιν
338 4761 461 4812 ἄλλο
488 4761 676 4829 ἡμέλει
715 4778 768 4812 τι
812 4762 1153 4834 παράδειγμα
1176 4780 1188 4791 ·
1235 4763 1374 4832 πρὸς,
1400 4764 1525 4817 ἄλλο
1556 4764 1611 4816 δέ

42 4870 93 4904 τι
121 4851 288 4903 οὐδὲν
322 4849 630 4903 ἀπέϐλεπεν
667 4848 1031 4917 ἀποτύπωμα,
1061 4851 1176 4903 ἀλλ’
1217 4851 1250 4920 ἢ
1282 4848 1416 4920 πρὸς
1449 4851 1612 4920 μόνον

45 4942 134 4994 τὸν
182 4940 394 5008 Ἰωσήφ
417 4955 429 4968 ·
469 4935 622 5002 οὗτος
653 4939 757 5010 γὰρ
793 4941 886 4992 καὶ
914 4939 1208 5010 ὁρώμενος,
1239 4943 1406 5008 εἰκὼν
1436 4942 1612 5005 ὼρᾶτο

44 5032 144 5099 τῆς
195 5031 428 5099 ἀρετῆς,
464 5030 555 5080 καὶ
605 5030 780 5080 λαλῶν
827 5030 1160 5098 γλυκυτέραν
1215 5032 1430 5100 μέλιτος
1461 5034 1611 5101 fugiet

48 5120 260 5186 φωνὴν,
293 5119 398 5169 κὰν
430 5119 548 5179 ταῖς
580 5117 742 5170 αὑτοῦ
791 5119 1170 5187 παραινέσεσιν
1218 5120 1361 5174 ἅπαν
1408 5120 1612 5188 βιϐλίον

47 5210 324 5278 ἠμέλητο.
371 5206 524 5258 Ἐπεὶ
575 5208 626 5259 τί
658 5207 732 5276 μὴ
762 5209 886 5276 παρ’
916 5209 1105 5276 ὲκεξνῳ
1133 5210 1262 5277 ἡδὺς
1302 5210 1361 5260 El
1395 5212 1612 5276 σαφηνί-

47 5301 159 5361 ζειν
194 5299 313 5350 ἔδει
356 5298 515 5366 βάθος
561 5297 812 5366 Γραφῶν,
864 5297 939 5366 τῷ
973 5299 1085 5366 ήδεῖ
1107 5299 1200 5356 τοῦ
1261 5300 1465 5368 ῥυθμοῦ
1516 5303 1613 5364 τὰς

47 5388 443 5459 μυθευομένας
471 5389 730 5456 Σειρῆνας
756 5374 1102 5456 ἀπέκρυπτεν
1128 5406 1140 5419 ·
1169 5390 1233 5442 ἂν
1263 5392 1449 5458 ἠθικὸν
1481 5410 1612 5458 προ-

48 5483 220 5534 ἔτεινε
245 5480 429 5547 λόγον,
458 5480 572 5548 ἅμα
604 5480 679 5549 τῷ
707 5482 848 5550 λόγῳ
873 5481 964 5532 καὶ
985 5482 1042 5534 τὸ
1069 5477 1234 5544 πάθ’ος
1260 5485 1600 5537 κατέστελλε.

49 5573 298 5641 Χάριτες
346 5567 485 5640 ἦσαν
514 5571 588 5639 τῷ
624 5573 826 5622 ἐκείνου
885 5572 1292 5642 ὑποκαθήμεναι
1347 5575 1572 5643 στόματι
1597 5593 1608 5606 ·

52 5660 296 5727 ἔστησαν
353 5657 587 5728 πρώτως
621 5659 675 5708 αἱ
731 5660 923 5728 κρῆναι
962 5661 1176 5728 ῥέουσαι
1213 5664 1447 5732 νάματα,
1481 5666 1511 5734 ἢ
1559 5669 1614 5717 τὸ

51 5750 274 5802 εκείνου
309 5749 483 5816 στόμα
517 5746 800 5814 πελαγίζον
823 5750 888 5802 τὰ
920 5751 1176 5819 δόγματα.

1713 4577 2020 4646 doquidem,
2054 4579 2183 4633 alias
2218 4579 2416 4635 anima:
2452 4579 2760 4648 prmeidium
2806 4581 3158 4647 continentia,
3186 4583 3270 4647 je-

1707 4667 1861 4738 junio
1895 4670 2194 4738 vigiliisque
2230 4672 2497 4724 munitum
2530 4685 2592 4722 ac
2620 4671 3266 4741 tirnnatum,.impervium

1715 4758 2071 4826 undeqnaque
2089 4766 2224 4822 erat,
2242 4767 2293 4812 et
2319 4760 2676 4815 exterioribus
2696 4760 3099 4827 evagationibus
3118 4778 3270 4830 pror-

1714 4861 1808 4900 sus
1835 4847 2188 4913 inaccessum.
2217 4849 2400 4917 Itaque
2428 4859 2481 4902 et
2516 4850 2834 4903 miraculan
2869 4851 3268 4921 eratJosephns

1715 4951 1835 4990 sese
1859 4937 2212 4998 intuentibus,
2245 4947 2297 4993 et
2319 4953 2478 4992 omne
2513 4939 2659 4994 aliud
2697 4941 3000 5008 exemplum
3031 4946 3266 5012 neglige-

1715 5027 1892 5091 batur,
1912 5044 2085 5097 neque
2101 5038 2216 5084 erat
2236 5030 2328 5098 qui
2356 5030 2420 5098 ad
2451 5030 2615 5083 ullum
2645 5031 3007 5100 alium,quem
3032 5034 3271 5086 imitare.

1718 5127 1822 5182 tur,
1843 5119 2025 5173 oculos
2041 5128 2400 5181 converteret.
2413 5130 2768 5187 praeterquam
2788 5122 2851 5174 ad
2873 5139 3034 5175 unum
3048 5121 3267 5189 Jnseph.

1715 5213 1850 5264 Cum
1875 5211 2018 5262 enim
2051 5211 2136 5263 ille
2166 5221 2496 5275 cerneretur,
2521 5213 2683 5266 simul
2737 5213 2899 5268 etiam
2939 5214 3152 5266 virtutis
3191 5215 3265 5264 si-

1718 5304 2016 5355 mulacrum
2065 5301 2408 5366 cernebatur,
2470 5310 2522 5355 et
2553 5302 2680 5363 dum
2745 5304 3075 5370 loqueretur,
3113 5304 3267 5355 melle

1717 5393 2019 5446 suaviorem
2046 5406 2226 5446 vocem
2246 5393 2537 5456 emittebat,
2570 5403 2620 5447 et
2642 5410 2748 5462 pra:
2772 5395 2914 5447 illius
2937 5393 3266 5446 adhortatio-

1718 5484 1895 5546 nibus,
1957 5482 2132 5550 quivis
2179 5482 2316 5535 alius
2358 5482 2491 5536 liber
2548 5485 2697 5550 parvi
2747 5484 3058 5537 ducebatur.
3128 5481 3263 5535 Nam

1717 5575 1842 5643 quid
1875 5589 1978 5627 non
2000 5574 2050 5626 in
2076 5573 2165 5626 illo
2187 5573 2342 5625 dulce
2367 5583 2481 5626 erat
2513 5589 2575 5628 ac
2595 5578 2782 5629 suave?
2802 5574 3086 5627 Sacrarum
3122 5571 3265 5626 Scri-

1718 5676 1992 5734 pturarum
2030 5662 2346 5731 profundant
2383 5664 2765 5718 obscuritatem
2817 5662 3089 5716 declarare
3131 5676 3265 5729 opus

1718 5755 1856 5811 erat?
1885 5755 2135 5823 llltythmi
2163 5755 2424 5809 suavitate
2454 5753 2815 5810 fabulosarum
2851 5753 3100 5806 Sirenum
3136 5768 3263 5808 can-
