3926 6308
583 355 680 421 951

1695 361 1755 422 S.
1771 368 1774 370 ⁷
1790 361 2101 423 JOSEPHI
2139 361 2696 424 HYMNOGRAPHI

3702 363 3812 428 952

583 482 696 527 tum
725 471 795 527 ita
819 473 1206 542 superabat,ut
1234 473 1395 527 etiam
1420 475 1736 530 occultaret.
1778 474 2030 532 Moralem
2075 492 2376 534 sermonem
2409 480 2462 533 in
2525 478 2757 533 medium
2807 478 3144 547 proferebat?
3189 479 3366 543 Animi
3437 473 3678 536 allectus
3754 499 3815 536 ac

585 576 766 625 motus
801 569 1041 624 oratione
1062 568 1436 637 componebat.
1468 568 1664 624 Gratiae
1709 569 1848 640 ipsae
1884 571 1935 625 in
1978 571 2122 627 illius
2159 587 2250 627 ore
2274 574 2596 636 insidebant,
2612 583 2665 627 et
2686 573 2832 642 prius
2871 570 3100 627 fontium
3124 573 3528 628 decurrentium
3598 575 3811 630 ﬂuenta

585 661 861 715 stetissent
882 660 1122 722 immota,
1141 675 1302 728 quam
1330 675 1391 712 ex
1411 660 1556 714 illius
1577 675 1669 713 ore
1702 675 1852 714 sacra
1879 662 2127 730 dogmata
2166 662 2429 732 proﬂuere
2453 673 2612 734 atque
2647 667 2901 718 emanare
2920 672 3247 718 cessassent.

659 754 744 806 13.
781 751 916 806 Cum
951 753 1070 807 talis
1105 761 1245 806 esset
1272 751 1491 821 Joseph,
1553 752 1823 821 tantisque
1873 754 2130 808 virtutum
2161 760 2208 814 Α

589 858 652 897 ac
678 842 974 896 caelestium
998 841 1258 896 donorum
1291 840 1704 896 eharismatibus
1726 840 2017 910 eﬂ‘ulgeret,
2051 858 2138 896 sa.

590 933 812 989 cerdotii
841 933 1065 1001 gradum
1090 931 1241 986 avide
1265 946 1369 985 non
1392 932 1631 999 appetiit,
1665 927 1995 998 aut'invasit,
2013 948 2139 986 san—

591 1023 660 1075 cti
709 1021 942 1089 Spiritus
971 1021 1344 1088 dignissimum
1371 1021 1570 1074 donum
1603 1035 1706 1072 non
1743 1020 2030 1086 all‘eetavit,
2076 1037 2138 1076 ae

592 1115 945 1182 prepinquam
991 1111 1098 1166 Deo
1127 1113 1435 1180 dignitatem
1472 1112 1697 1179 tempori
1730 1127 1833 1165 non
1861 1124 1942 1166 est
1965 1111 2136 1166 suffu-

596 1215 784 1270 ratus;
816 1205 944 1270 quin
979 1204 1154 1272 potius
1185 1219 1212 1256 a
1269 1202 1527 1275 dignitate
1567 1202 1677 1271 ipsa
1738 1202 2029 1271 requisitus
2079 1219 2141 1257 ac

594 1303 812 1348 coactus
840 1303 939 1359 est,
971 1291 1232 1348 universis
1265 1291 1520 1345 fratribus
1555 1291 1904 1346 reluctantem
1933 1293 2131 1346 adhor-

595 1386 856 1452 tantibus,
895 1393 949 1438 et
979 1391 1255 1453 praterea,
1284 1391 1342 1436 ut
1404 1380 1637 1451 episcOpi
1697 1381 1847 1434 urbis
1891 1381 2140 1450 precibus

595 1478 1003 1545 obsequeretur,
1035 1473 1313 1543 presbyter
1335 1472 1609 1526 ordinatus
1638 1480 1741 1526 est.
1771 1469 1926 1525 Tunc
1960 1481 2138 1525 autem

595 1565 778 1619 videre
802 1572 917 1618 erat
955 1563 1171 1618 virtutis
1199 1561 1453 1629 speciem,
1482 1575 1602 1630 quae
1624 1561 1946 1617 intensionis
1969 1563 2140 1631 majo-

597 1654 674 1708 ris
705 1667 1038 1722 nequaquam
1071 1666 1236 1720 capax
1265 1659 1400 1714 erat,
1441 1665 1601 1719 quam
1651 1649 1848 1720 Josepb
1887 1649 2138 1719 praefere-

596 1743 706 1802 bat,
746 1742 1100 1810 undequaque
1130 1740 1542 1809 amplissimam.
1578 1739 1754 1808 Ipsum
1800 1755 1928 1793 vero
1954 1741 2141 1801 conni-

598 1841 796 1886 tentem
839 1840 891 1884 et
926 1832 1361 1892 contendentem,
1401 1837 1586 1898 utpote
1639 1829 2138 1898 generosissimum,

599 1931 655 1974 ut
675 1935 982 1990 quanquam
1015 1919 1225 1973 mortali
1255 1933 1415 1972 carne
1441 1918 1620 1972 adhuc
1671 1917 1916 1984 indutus,
1950 1919 2002 1972 in
2030 1933 2141 1974 cm-

597 2012 713 2066 lrsti
732 2023 906 2065 tamen
921 2011 1089 2064 choro
1112 2009 1450 2063 iubabitaret.
1469 2006 1697 2075 Etenim,
1720 2016 1769 2063 et
1789 2007 2039 2078 laerymae
2059 2009 2141 2078 ip-

2305 753 2390 822 ιγ’.
2428 755 2676 818 Τοιοῦτος
2713 755 2789 808 ὢν
2823 756 2917 807 καὶ
2977 755 3246 817 τοσούτοις
3299 755 3812 823 καταλαμπόμενος

2241 845 2584 915 χαρίσμασιν,
2616 845 2716 899 οὐκ
2745 845 2984 915 ἐπιπηδᾷ
3010 843 3088 913 τῷ
3125 843 3316 913 βαθμῷ
3345 846 3447 914 τῆς
3469 847 3807 916 ἱερωσύνης,

2238 935 2298 987 οὐ
2354 935 2674 1002 μεταδιώκει
2714 936 2814 1005 τὴν
2843 934 2999 1000 ἀξίαν
3032 933 3123 987 τοῦ
3158 934 3491 1003 Πνεύματος,
3521 936 3628 1003 οὐχ
3663 935 3806 986 ὐπο-

2240 1021 2455 1076 κλέπτει
2501 1024 2578 1094 τῷ
2628 1025 2803 1094 χρόνῳ
2850 1026 2948 1091 τὴν
3000 1025 3116 1093 Θεῷ
3163 1025 3608 1096 πλησιάζουσαν·
3665 1025 3806 1078 ἀλλά

2239 1105 2488 1167 διώκεταλι
2541 1115 2638 1181 μὲν
2668 1116 2770 1168 ὑπὸ
2801 1115 2892 1168 τοῦ
2929 1115 3139 1185 βαθμοῦ
3195 1115 3284 1187 βίᾳ
3332 1117 3427 1169 καὶ
3474 1117 3656 1180 ἄκων,
3710 1117 3805 1168 καῖ

2246 1202 2347 1255 ὑπὸ
2378 1205 2556 1272 πάσης
2603 1204 2972 1275 παρακληθεὶς
3011 1205 3369 1277 ἀδελφότητος
3394 1249 3409 1272 ,
3455 1207 3536 1259 ἔτι
3586 1205 3651 1258 δὲ
3707 1207 3803 1274 τὴν

2240 1292 2420 1360 δέησιν
2471 1294 2908 1364 προσηκάμενος,
2936 1295 3005 1365 ἦν
3060 1298 3089 1348 6
3135 1295 3235 1365 τῆς
3288 1297 3494 1360 πόλεως
3547 1298 3802 1349 ἐποιεῖτο

2243 1381 2557 1446 ἐπίσκοπος,
2593 1386 2973 1453 χειροτονεῖται
3007 1385 3391 1456 πρεσϐύτερος.
3423 1386 3535 1440 Καὶ
3563 1382 3642 1455 ἦν
3675 1384 3801 1438 ιδεῖν

2240 1469 2358 1522 τότε
2387 1468 2448 1522 τὸ
2481 1468 2556 1539 μὴ
2585 1469 2965 1540 ἐπιδεχόμενον
2993 1472 3241 1526 ἐπίτασιν
3273 1469 3410 1535 εἶδος
3439 1466 3798 1543 τῆς-ἀρετῆς.

2239 1560 2363 1612 ὅσον
2396 1560 2630 1628 ἐπήγετο
2671 1561 2700 1614 6
2744 1560 2959 1630 Ἰωσὴφ,
3003 1560 3369 1630 ἐκτεινόμενόν
3411 1578 3472 1614 τε
3545 1556 3647 1614 καὶ
3700 1562 3800 1629 ἐφ-

2240 1649 2410 1701 αττλοὺ
2417 1665 2595 1717 μενον,
2628 1650 2720 1704 καὶ
2736 1650 3066 1718 φιλονεικοῦν
3085 1650 3222 1721 μετά
3243 1651 3443 1722 σαρκὸς
3462 1649 3540 1720 τῷ
3554 1650 3801 1720 οὐρανίῳ

2240 1739 2385 1809 χορῷ
2441 1740 2829 1810 ἐγκατοικῆσαι
2879 1739 2970 1795 τὸν
3040 1741 3438 1808 γενναιότατον.
3495 1740 3636 1794 Τότε
3692 1741 3803 1808 γὰρ

2239 1828 2471 1900 δάκρυον
2516 1814 2688 1882 ἀὑτοῦ
2720 1828 3022 1900 ἀειρῤύτως
3075 1830 3215 1899 ῥέον,
3266 1830 3362 1893 τὰς
3414 1829 3643 1899 ἀμάρας
3675 1831 3802 1898 ..ἐμι-

2244 1921 2393 1985 μεῖτο
2429 1917 2538 1987 τῶν
2591 1918 2851 1986 ποταμῶν
2871 1933 2884 1949 ·
2947 1918 3066 1971 τότε
3123 1918 3249 1986 γόνυ
3289 1917 3574 1988 παννύχιος
3595 1959 3614 1983 ,
3653 1917 3732 1980 ὡς
3775 1920 3802 1971 6

2242 2005 2398 2074 λόγος
2431 2006 2640 2076 φθάσας
2691 2006 2974 2077 ἐδήλωσεν,
3026 2007 3452 2077 ἐπικλινόμενον,
3511 2009 3595 2070 εις
3652 2007 3799 2060 λίθου

598 2102 712 2155 sius
743 2100 1108 2154 indeﬂcieuter
1123 2098 1399 2153 ellluentes
1443 2098 1720 2152 ﬂuminum
1742 2101 2001 2155 decursus
2022 2099 2144 2154 imi-

2246 2071 2405 2161 φύσιν
2441 2071 2904 2164 μεταπεποίηται·
2954 2071 3046 2146 καὶ
3099 2093 3161 2146 τὸ
3206 2071 3424 2162 στέρνον
3477 2094 3671 2146 πυκνά
3726 2092 3802 2162 τῷ

599 2191 879 2256 tabantur;
913 2198 966 2243 et
990 2203 1162 2257 genua
1195 2189 1310 2255 ejus
1331 2201 1425 2256 per
1461 2195 1632 2241 totum
1680 2188 1854 2242 noctis
1904 2202 2141 2254 cursum,

599 2278 1054 2348 quemadmodum
1080 2293 1242 2345 supra
1270 2277 1467 2330 dictum
1489 2287 1592 2340 est,
1616 2277 1890 2342 inclinata,
1929 2279 1982 2331 in
2006 2279 2142 2348 lapi-

599 2370 682 2423 dis
715 2378 961 2423 naturam
986 2377 1312 2423 commutata
1344 2378 1516 2432 erant,
1546 2375 1598 2422 et
1622 2359 1810 2437 pectus
1841 2369 1989 2424 illius
2007 2353 2141 2423 ὀνε-

598 2460 697 2514 bro
728 2460 921 2530 lapidis
954 2461 1061 2514 ictu
1116 2474 1430 2528 percussum
1473 2458 1801 2513 obcalluerat
1843 2475 1992 2524 sane,
2044 2459 2137 2515 sed

599 2557 776 2603 tamen
809 2550 1070 2604 musculis
1092 2549 1237 2603 circa
1267 2549 1539 2602 thoracem
1603 2549 1746 2604 laesis
1782 2564 1888 2603 non
1941 2557 2148 2618 poterat

600 2655 703 2693 vox
735 2640 900 2694 libera
931 2649 982 2693 et
1001 2639 1172 2693 soluta
1208 2638 1440 2707 prodire.
1466 2639 1536 2692 lta
1566 2653 1788 2708 magnus
1817 2640 1903 2694 hic
1931 2654 2049 2694 sese
2080 2639 2145 2693 ad

599 2730 849 2783 virtutem
873 2729 1174 2783 amabiliter
1213 2729 1462 2793 habebat,
1489 2739 1703 2797 tamque
1739 2729 1936 2781 nullam
1969 2729 2147 2782 carnis

601 2834 713 2872 suae
739 2832 920 2870 curam
961 2832 1198 2886 unquam
1238 2816 1444 2876 habuit,
1480 2825 1535 2869 ut
1567 2818 1787 2870 omnino
1820 2816 1888 2870 ab
1940 2816 2028 2869 illa
2057 2830 2146 2871 so-

2246 2182 2377 2253 λιθῳ
2408 2183 2755 2253 κρουόμενον,
2782 2183 3079 2237 τετύλωται
3102 2184 3171 2238 τὰ
3196 2183 3332 2238 ἄλλα
3351 2200 3364 2214 ·
3395 2184 3488 2238 καὶ
3512 2185 3802 2253 συγκακῶ·

2249 2287 2348 2326 σαν
2371 2272 2465 2325 καὶ
2494 2273 2620 2335 τοὺς
2649 2272 2778 2342 περὶ
2808 2273 2901 2326 τὸν
2951 2272 3170 2343 θώρακα
3219 2272 3380 2342 μῦας,
3423 2273 3522 2325 οὐκ
3566 2273 3662 2326 εἴα
3706 2273 3802 2342 τὴν

2245 2363 2428 2432 φωνὴν
2449 2361 2825 2416 ἀποτελεῖσθαι
2851 2362 3029 2432 ἀπαρε
3039 2362 3324 2432 μπόδιστον
3344 2379 3357 2391 ·
3386 2361 3559 2424 οὕτως
3573 2365 3605 2415 6
3624 2363 3798 2431 μέγας

2247 2449 2390 2526 εἶχεν
2419 2456 2694 2527 ἐρασμίως
2727 2456 2862 2526 πρὸς
2890 2456 3108 2525 ἀρετὴν,
3137 2457 3386 2512 τοσοῦτον
3401 2457 3502 2509 οὐκ
3531 2456 3799 2525 ἐμέλησεν

2248 2546 2399 2616 αὐτῷ
2432 2563 2561 2600 ποτε
2593 2547 2688 2616 τῆς
2725 2546 2947 2616 σαρκὸς,
2976 2547 3057 2600 ὅτι
3087 2545 3430 2601 παντάπασιν
3452 2545 3637 2608 αὐτοῖς
3665 2546 3799 2597 ἀπο-

2247 2637 2465 2689 λέλυτοο
2495 2636 2589 2689 καὶ
2620 2636 2739 2699 ὅλος
2761 2631 2828 2706 ἦν
2855 2635 2992 2705 πρὸς
3013 2634 3146 2689 Θεδν
3178 2636 3418 2706 ἀφορῶν,
3438 2635 3505 2687 δι’
3527 2635 3587 2686 ὃν
3617 2633 3800 2686 ἐπόθει

2246 2726 2472 2794 λυθῆναι
2496 2725 2592 2795 μέν
2617 2725 2708 2778 τοῦ
2732 2725 2954 2794 δεσμοῦ,
2985 2725 3126 2778 κατά
3169 2725 3395 2789 Παῦλον,
3433 2723 3796 2777 συνάπτεσθαι

2248 2819 2305 2871 δέ
2336 2818 2412 2886 τῷ
2443 2817 2702 2888 ἐρωμένῳ
2731 2818 2825 2870 καὶ
2856 2819 3081 2888 ἐραστῇ.

603 2910 746 2963 Intus
808 2923 869 2961 ac
895 2908 1030 2962 liber
1078 2907 1370 2960 videretur.
1402 2904 1570 2960 Totus
1627 2915 1741 2959 erat
1779 2906 1975 2960 mentis
2029 2906 2145 2960 acie
2179 2905 2316 2962 ﬁxus
2342 2907 2394 2960 in
2419 2906 2606 2971 Deum,
2663 2914 2878 2977 propter
2905 2921 3085 2977 quem,
3125 2921 3232 2962 una
3258 2920 3381 2961 cum
3405 2904 3597 2972 Paulo,
3623 2921 3654 2960 a
3675 2921 3795 2962 cor-

601 2999 747 3069 poris
777 2997 990 3051 vinculo
1019 2995 1239 3051 dissolvi
1269 2996 1537 3065 cupiebat,
1564 3006 1760 3049 etcum
1802 2996 1996 3050 dilecto
2025 3004 2184 3066 atque
2216 3006 2394 3051 amato
2427 3007 2527 3051 suo
2555 2997 2818 3066 copulari.

674 3090 756 3141 14.
781 3087 1141 3153 Quamobrem
1171 3101 1291 3139 eum
1322 3088 1457 3140 Deus
1479 3087 1623 3140 illum
1650 3088 1806 3141 etiam
1834 3087 1989 3140 bouis
2011 3102 2145 3155 prae-

603 3177 846 3231 sentibus
876 3189 1219 3230 remunerare
1243 3175 1400 3228 vellet
1429 3176 1446 3244 (
1480 3187 1561 3229 est
1581 3185 1759 3230 autem
1791 3176 2011 3239 bonum,
2035 3177 2144 3229 imo

605 3266 864 3318 bonorum
911 3265 1150 3318 omnium
1191 3265 1474 3333 optimtun,
1532 3265 1757 3318 similem
1815 3266 2045 3333 aliquem
2089 3266 2139 3318 in

2325 3087 2404 3142 ιδ’.
2438 3086 2602 3140 Ὀθεν
2640 3087 2733 3139 καὶ
2763 3085 2895 3138 Θεοῦ
2925 3085 3111 3139 τοῦτον
3148 3085 3512 3156 ἀμειϐομένου
3553 3084 3647 3138 καὶ
3686 3086 3795 3147 τοῖς

2248 3175 2479 3228 ἐνταῦθα
2508 3177 2690 3238 καλοῖς
2728 3175 2910 3242 (καλὸν
2950 3175 3005 3228 δέ
3033 3175 3140 3244 άρα
3168 3175 3261 3228 καὶ
3299 3174 3478 3228 καλῶν
3513 3175 3795 3228 κάλλιπον

2247 3263 2306 3314 τὸ
2334 3263 2612 3332 εὑρίσκειν
2632 3263 2722 3315 τὸν
2746 3262 3095 3332 ἀρεταίνοντα
3111 3265 3312 3332 ὅμοιον,
3336 3265 3430 3328 καὶ
3449 3265 3516 3332 τῇ
3541 3263 3792 3331 προθέσει

603 3352 816 3404 virtutis
853 3350 1024 3403 stadio
1049 3359 1351 3404 currentem
1388 3351 1641 3418 reperire,
1660 3359 1712 3404 et
1746 3351 2017 3419 proposito
2040 3351 2140 3406 sibi

2251 3352 2787 3416 συνεπαυξάνειντδν
2815 3353 3009 3422 δρόμον
3031 3354 3129 3422 τῆς
3158 3354 3401 3421 ἀρετῆς),
3440 3353 3699 3421 ἐπιδημεῖ
3723 3355 3786 3422 τῇ

605 3443 745 3495 illius
764 3442 1006 3512 exemplo
1022 3442 1261 3510 ejusdem
1283 3444 1496 3498 virtutis
1519 3457 1736 3498 cursum
1767 3445 2003 3515 augere),
2030 3459 2144 3513 per-

2250 3442 2679 3495 Θεσσαλονικέων
2707 3442 2868 3514 [οὕτω
2922 3441 3075 3506 δόξαν
3098 3442 3263 3513 αὐτῷ,
3295 3444 3322 3496 6
3352 3441 3516 3504 πολὺς
3545 3443 3636 3495 τὸν
3655 3442 3784 3512 βίον,

604 3532 749 3587 venit
792 3533 843 3586 in
867 3534 1049 3587 urbem
1075 3532 1656 3598 Thessalonicensium,
1681 3534 1752 3587 ita
1787 3536 1893 3587 Deo
1923 3534 2148 3600 volente,

605 3629 760 3674 mtate
786 3629 1090 3688 provectus,
1127 3629 1178 3675 et
1203 3621 1479 3675 miraculis
1526 3622 1929 3684 celeberrimus,
1981 3621 2149 3676 Deca-

607 3708 892 3774 politarum
925 3708 1110 3770 decus,
1140 3717 1196 3762 et
1221 3717 1280 3762 ut
1306 3710 1490 3763 verius
1520 3709 1720 3774 dicam,
1770 3712 2012 3765 omnium
2066 3711 2146 3766 ci-

610 3795 835 3848 vitatum
894 3803 1265 3848 ornamentum
1319 3795 1533 3850 divinus
1579 3795 1888 3865 Gregorius,
1936 3798 2028 3866 qui
2059 3797 2167 3852 ubi'

609 3882 988 3936 monasterium
1031 3881 1160 3935 illud
1205 3883 1423 3950 appulit,
1480 3883 1533 3936 in
1566 3898 1671 3952 quo
1725 3899 2015 3952 generosus
2063 3885 2150 3938 hic

609 3972 872 4040 agonista,
907 3986 1132 4039 magnus
1162 3971 1377 4039 inquam
1409 3970 1624 4038 Joseph,
1655 3973 1911 4038 adversus
1969 3975 2149 4028 hostes

609 4061 908 4117 invisibiles
936 4062 1313 4116 strenuissime
1333 4061 1688 4129 depugnabat,
1719 4063 1900 4116 videns
1930 4063 2148 4116 stabiles

607 4159 664 4207 et
684 4158 986 4212 constantes
1019 4149 1159 4203 illius
1182 4163 1379 4212 mores,
1419 4149 1712 4216 animaeque
1739 4151 1855 4216 ejus
1910 4151 2145 4204 habitum

608 4253 922 4308 agnoscens,
945 4253 1008 4291 ex
1041 4238 1208 4305 gratia
1234 4237 1323 4289 illa
1355 4237 1531 4290 divina
1560 4252 1622 4290 ac
1648 4237 2005 4305 plenitudine.
2029 4252 2146 4306 quae

609 4328 665 4381 in
693 4327 931 4396 ejusdem
967 4327 1102 4380 facie
1143 4326 1435 4395 refulgebat
1493 4327 1636 4393 (cito
1662 4328 1825 4388 enim,
1878 4343 1942 4381 ac
1995 4328 2149 4383 facile

609 4426 914 4470 sanctorum
948 4417 1138 4470 auimae
1164 4431 1372 4476 eorum,
1399 4416 1608 4483 quosin
1664 4417 1876 4472 virtutis
1930 4419 2146 4471 aemula-

609 4506 759 4559 tione
791 4505 994 4559 similes
1020 4505 1234 4570 habent,
1264 4506 1477 4560 habitus
1504 4517 1825 4574 agnoscunt,
1872 4523 1935 4562 ac
1985 4510 2143 4562 veluti

610 4596 975 4663 venerantur)
1006 4609 1126 4649 cum
1178 4595 1268 4648 illo
1309 4595 1724 4649 familiaritatem
1775 4599 2058 4663 contraxit,
2094 4609 2146 4652 et

2251 3532 2345 3585 καὶ
2369 3534 2480 3595 τοῖς
2511 3532 2750 3603 θαύμασι
2777 3533 3120 3602 περιϐόητος,
3151 3533 3210 3584 τὸ
3233 3531 3612 3585 Δεκαπολιτῶν
3639 3548 3787 3600 περι-

2248 3620 2483 3690 λάλημα,
2506 3621 2701 3690 μᾶλλον
2719 3620 2774 3674 δὲ
2788 3621 2976 3673 πασῶν
2997 3621 3104 3672 τῶν
3123 3621 3328 3673 πόλεων
3344 3617 3785 3688 ἐγκαλλώπισμα.

2247 3713 2424 3776 ὁθεῖος
2451 3712 2744 3783 Γρηγόριος
2764 3729 2778 3742 ο
2809 3713 2866 3774 ὃς
2897 3713 3013 3765 ἐπεὶ
3047 3713 3314 3784 παρέϐαλε
3347 3715 3412 3781 τῇ
3444 3710 3604 3781 μονῇ]
3631 3751 3646 3773 ,
3680 3706 3783 3780 ἑνῇ

2251 3800 2300 3872 [6
2325 3804 2570 3870 γενναῖος
2587 3801 2911 3872 ἀγωνιστὴς]
2943 3801 3006 3854 τὰ
3035 3802 3171 3854 κατὰ
3192 3802 3298 3852 τῶν
3321 3801 3568 3869 ἀοράτων
3585 3799 3784 3868 ἐχθρῶν

2248 3892 2488 3946 ἐπετέλει
2530 3892 3006 3961 ἀνδραγαθήματα,
3053 3891 3081 3942 ὁ
3118 3891 3306 3958 μέγας,
3362 3889 3537 3958 φημὶ.
3574 3889 3779 3957 Ἰωσὴφο

2252 3978 2535 4053 immeo;
2566 3981 2814 4052 βεϐηκὸς,
2836 3984 2936 4039 ,καὶ
2956 3982 3129 4051 ψυχῆς
3154 3979 3406 4044 ἐπιγνοὺς
3439 3978 3776 4044 κατάστημα,

2248 4074 2312 4126 ἐκ
2341 4075 2439 4142 τῆς
2487 4072 2905 4142 ἐπιφαινομένης
2945 4073 3022 4142 τῷ
3067 4070 3338 4142 προσώπῳ
3374 4069 3597 4138 χάριτος
3642 4068 3780 4129 θείας

2248 4164 2342 4216 καὶ
2379 4163 2710 4233 ὡραιότητος
2749 4163 2979 4232 (ταχεῖαι
3008 4163 3114 4232 γάρ
3160 4163 3216 4213 αι
3255 4161 3424 4230 ψυχαὶ
3468 4159 3578 4212 τῶν
3621 4159 3776 4225 ἁγίων

2248 4252 2381 4320 πρὸς
2413 4251 2474 4304 τὸ
2507 4252 2747 4322 θηρᾶσαι
2775 4253 2841 4305 τὰ
2861 4252 2967 4303 τῶν
2999 4251 3277 4321 ὁμοζήλων
3303 4251 3484 4311 αὐτοῖς
3518 4249 3776 4316 καταστή-

2251 4341 2434 4409 ματα),
2457 4340 2748 4394 οἰκειοῦται
2777 4340 2950 4413 τούτῳ
2973 4343 3064 4392 καὶ
3099 4339 3422 4394 συνάπτεται
3463 4335 3776 4404 σωματικῶς

2247 4430 2359 4498 ἅμα
2383 4430 2475 4482 καὶ
2496 4429 2716 4498 νοερῶς,
2749 4429 2842 4482 καὶ
2865 4430 2965 4481 οὐκ
2995 4427 3167 4480 ἐθέλει
3195 4427 3382 4480 τούτου
3412 4421 3770 4494 χωρίζεσθαι·

2247 4519 2402 4588 φύσει
2426 4520 2532 4588 γὰρ
2554 4517 2840 4572 οἰκειοῦται
2869 4518 2942 4586 τῷ
2967 4519 3132 4587 ὁμοίῳ
3149 4518 3206 4570 τὸ
3227 4517 3429 4584 ὅμοιον.
3476 4513 3611 4565 Ἀλλ’
3644 4512 3768 4564 ἐκά-

2245 4608 2323 4659 λει
2354 4608 2414 4659 τὸ
2442 4609 2688 4676 πρᾶγμα,
2724 4607 2817 4660 καὶ
2858 4606 3076 4675 ἔμελλεν
3104 4607 3132 4657 6
3173 4603 3311 4665 θεῖος
3363 4602 3656 4671 Γρηγόριος
3681 4599 3770 4668 τὴν

609 4698 836 4753 corpore
857 4684 1015 4737 simul
1049 4697 1110 4738 ac
1141 4692 1314 4737 mente
1352 4685 1673 4753 conjunctus
1700 4694 1801 4748 est,
1835 4703 1930 4740 nec
1960 4687 2026 4740 ab
2082 4703 2144 4741 eo

2246 4695 2670 4747 Θεσσαλονικέων
2686 4693 3020 4746 καταλιπεῖν·
3044 4691 3362 4744 ἀνεϐάλλετο
3385 4690 3441 4741 δὲ
3456 4690 3545 4740 τὸν
3561 4688 3767 4756 δρόμον,

612 4773 846 4842 separari
880 4774 1117 4837 volebat;
1154 4789 1272 4842 quae
1299 4775 1439 4828 enim
1475 4786 1662 4827 natura
1693 4775 1886 4828 similia
1917 4789 2039 4829 sunt
2065 4776 2144 4829 fa-

611 4865 809 4918 cillime
874 4864 1211 4927 copulantur.
1266 4863 1367 4916 Sed
1420 4863 1735 4930 Gregorium
1783 4865 1988 4931 negotia
2040 4867 2144 4918 alio

611 4954 925 5012 evocabant.
950 4963 1000 5006 et
1021 4953 1451 5009 Thessalonicam
1479 4955 1778 5020 relinquere
1815 4956 2099 5022 cogebatur
2128 4977 2140 5010 :

614 5045 714 5096 iter
730 5051 903 5096 tamen
941 5042 1213 5099 differebat
1241 5058 1422 5095 amore
1466 5056 1588 5108 erga
1617 5041 1850 5093 divinum
1922 5043 2141 5112 Juseph,

614 5142 671 5185 ut
708 5131 780 5185 ita
802 5132 1000 5193 dicam,
1035 5132 1320 5199 impeditus
1336 5147 1400 5184 ac
1416 5136 1674 5182 retentus.
1719 5129 2000 5197 Propterea
2019 5148 2140 5185 cum

612 5221 666 5273 in
697 5220 903 5274 urbium
931 5222 1163 5288 reginam
1195 5221 1343 5272 vellet
1367 5217 1648 5290 proﬁcisci,
1674 5234 1768 5271 nec
1795 5219 1929 5271 ferre
1947 5227 2142 5287 posset,

613 5309 693 5363 vel
727 5310 791 5362 ad
821 5311 1072 5378 exiguum
1107 5319 1312 5374 tempus
1342 5323 1368 5358 a
1396 5321 1494 5359 suo
1533 5307 1583 5358 in
1621 5308 1811 5361 virtute
1836 5311 2032 5363 aemulo
2060 5326 2143 5363 se-

608 5401 816 5465 parari,
857 5397 1092 5466 peri-exit
1116 5393 1178 5448 ad
1202 5395 1514 5448 monaSterii
1542 5398 1842 5460 president,
1863 5400 2140 5452 etomuem

615 5490 778 5540 movit
802 5489 1051 5553 lapidein,
1083 5486 1380 5540 innumeris
1400 5485 1648 5551 precibus
1673 5480 1950 5547 adhibitis,
1975 5495 2028 5540 ut
2051 5488 2140 5541 Jo-

2247 4787 2310 4853 τῇ
2343 4785 2475 4852 πρὸς
2500 4783 2587 4834 τὸν
2611 4783 2748 4835 θεῖον
2779 4782 2970 4849 Ἰωσὴφ
3014 4779 3467 4847 ἀνακοπτόμενος,
3497 4778 3570 4838 ὡς
3596 4777 3658 4828 ἄν
3692 4794 3768 4836 τις

2248 4873 2407 4932 είποι,
2450 4875 2668 4940 στοργῇ.
2716 4870 2805 4922 Διὸ
2831 4871 2919 4924 διά
2955 4887 3105 4932 τινας
3153 4869 3396 4935 ἀνάγκας
3445 4865 3766 4934 ἐπιδημῆσαι

2248 4963 2413 5016 θέλων
2438 4965 2568 5032 πρὸς
2604 4963 2700 5032 τὴν
2732 4963 2968 5030 μεγάλην
2996 4961 3101 5012 τῶν
3146 4960 3370 5020 πόλεων,
3405 4958 3466 5010 οὐ
3507 4956 3685 5023 φέρων
3725 4957 3766 5008 δ’

2247 5051 2352 5104 οὐδ’
2381 5050 2621 5116 ἑπολίγον
2643 5051 2738 5117 τὴν
2763 5049 2854 5101 τοῦ
2880 5048 3139 5118 ὁμοζήλω
3161 5046 3445 5114 διακοπὴν,
3467 5044 3766 5113 προσελθὼν

2247 5139 2322 5208 τῷ
2349 5139 2642 5207 προεστῶτι
2663 5141 2756 5207 τῆς
2790 5137 2974 5206 μονῆς,
3004 5137 3098 5189 καὶ⁵
3125 5136 3299 5188 πάντα
3328 5133 3505 5187 κάλων
3529 5133 3764 5198 κινήσας,

2247 5229 2434 5295 λόγους
2488 5246 2546 5279 τε
2593 5229 2818 5296 μυρίους
2887 5226 3322 5297 παρακλητικοὺς
3395 5222 3763 5289 ποιησάμενος.

2243 5316 2501 5383 λαμϐάνει
2534 5317 2622 5368 τὸν
2685 5315 2876 5384 Ἰωσὴφ
2907 5315 3276 5380 συναπόδημον
3300 5329 3312 5339 ·
3367 5309 3535 5378 ἔμαθε
3579 5308 3683 5376 γάρ
3723 5303 3761 5374 ᾧ

2241 5405 2374 5464 τέως
2409 5405 2649 5457 ὑπείκειν
2676 5405 2751 5473 τῷ
2778 5403 3073 5474 Γρηγορίῳ,
3103 5403 3193 5455 διά
3215 5402 3274 5454 τδ
3315 5398 3646 5468 ὑπερϐάλλον
3677 5400 3764 5462 τῆς

2242 5493 2457 5559 ἀρετῆς.
2509 5497 2512 5500 ’

614 5580 745 5643 scph
787 5577 988 5631 Socium
1021 5571 1226 5627 itineris
1248 5574 1329 5628 sui
1370 5576 1551 5638 Posset
1594 5569 1854 5635 oblinere.
1897 5577 2214 5644 laudemque
2265 5581 2513 5637 obtinuit.
2585 5583 2702 5636 Jam
2764 5587 2906 5637 enim
2965 5583 3219 5637 didicerat
3267 5581 3528 5652 Gregorio
3587 5577 3762 5634 cedere

614 5672 771 5740 atque
797 5666 1020 5736 ορδεηυί
1042 5668 1258 5734 propter
1287 5667 1496 5722 Virtutis
1522 5665 1887 5722 eminentiam.
