3926 6308
140 279 309 345 953
1717 277 1749 339 ν

1850 279 1909 335 Α.
2149 276 2152 277 ⁷
3276 277 3379 345 954

251 394 356 444 ιε’.
391 388 498 443 Kal
522 388 587 460 δὴ
609 391 674 461 τῇ
709 387 935 461 βασιλίδι
962 388 1360 461 παραϐαλόντες
1381 378 1489 443 τῶν
1518 387 1743 451 πόλεων,

1919 384 2000 440 l5.
2038 384 2173 440 Cum
2207 385 2369 456 igitur
2412 386 2927 457 Constantinopolim
2978 388 3379 459 pervenissent,

144 475 239 527 ιν
292 479 380 550 τῷ
408 481 518 534 τῶν
553 482 875 536 καλλινίκων
904 482 1197 551 μαρτύρων
1226 481 1450 550 Σεργίου
1492 479 1587 532 καὶ
1610 478 1749 531 Βάκ-

1856 476 1910 531 in
1946 476 2141 545 templo
2183 476 2686 545 gloriosissimorutn
2738 489 3033 549 martyrum
3096 479 3266 548 Sergii
3328 490 3383 534 et

149 573 296 633 χον
330 571 445 640 ναῷ
470 572 569 639 τὴν
599 573 886 641 παροικίαν
916 573 1049 642 πρὸς
1074 571 1245 643 βραχὺ
1280 571 1626 640 ἐποιήσαντο.
1649 569 1749 622 Kal

1859 566 2051 621 Bacchi
2130 566 2277 620 brevi
2330 569 2586 637 temporis
2625 569 2797 636 spatio
2858 584 3061 623 moram
3121 569 3381 635 fecerunt,

148 644 254 719 ἦν
333 654 604 731 ίδεῖν,τὸν
652 658 792 728 ἱερὸν
858 659 1053 727 Ἰωσὴφ
1124 658 1198 722 ὡς
1227 660 1349 728 ἄρτι
1399 657 1497 727 τῆς
1558 658 1749 727 ἀρετῆς

1854 655 1931 709 lbi
1959 669 2087 709 vero
2117 655 2297 710 videre
2322 665 2437 710 erat
2466 672 2678 711 sacrum
2704 656 2925 727 Joseph,
2986 668 3235 729 tanquam
3283 673 3385 714 no-

154 742 505 812 ἠργμένον,
536 749 712 801 πᾶσαν
768 749 864 817 μὲν
911 749 1155 819 ὑπακοὴν
1201 749 1467 820 τηροῦντα
1500 748 1577 815 τῷ
1613 749 1650 800 Γ
1657 764 1749 817 ρη-

1853 745 2036 798 vitium
2071 760 2134 799 ac
2190 745 2400 799 virtutis
2428 746 2674 809 tironem,
2715 746 2966 801 omnibus
3016 746 3070 801 in
3110 749 3269 801 rebus
3293 763 3386 801 ex-

110 822 114 847 i
155 838 399 907 γορίῳ,
432 842 537 893 πᾶν
558 840 612 894 δὲ
643 838 779 904 εἶδος
802 844 897 913 τῆς
924 844 1206 913 ἀσκήσεως
1243 842 1300 908 ἐξ
1326 841 1575 913 ὑπαρχῆς
1618 857 1749 910 μετ-

1853 847 2024 890 actam
2046 834 2300 905 Gregorio
2315 836 2671 890 obedientiam
2704 845 2974 904 prarstare,
2991 846 3150 907 atque
3168 851 3381 891 omnem

162 926 524 998 ερκόμενον.
559 929 625 981 ’Δ
653 931 751 1001 μὲν
780 933 887 1002 γὰρ
915 931 1285 1000 κατωρθὼκει,
1310 930 1384 995 ὡς
1404 931 1558 986 ,οὐδὲν
1584 929 1749 997 ιλογί-

1851 924 2113 995 religiosae
2141 926 2542 980 exercitationis
2571 928 2800 995 speciem
2837 943 2867 980 a
2923 928 3191 996 principio
3231 941 3387 995 repe-

1853 1024 1991 1080 tere;
2022 1030 2139 1084 qua:
2160 1015 2303 1069 enim
2342 1024 2495 1069 antea
2527 1026 2672 1070 recte
2701 1028 2959 1085 gesserat,
3016 1028 3270 1085 tanquam
3304 1016 3387 1069 ni-

1854 1104 1928 1158 hil
1972 1114 2247 1174 reputans,
2298 1104 2364 1158 ad
2398 1105 2650 1159 ulteriora
2682 1120 2800 1159 sese
2846 1105 3183 1167 extendebat,
3213 1113 3266 1173 et
3299 1119 3386 1167 ea,

1853 1209 1972 1263 quze
1993 1188 2138 1264 prius
2161 1195 2415 1262 praeclare
2435 1204 2636 1265 egerat,
2658 1196 2817 1249 simul
2832 1195 3272 1258 conﬂrmabat,et
3296 1211 3389 1263 per

1850 1284 2239 1339 exaetissimam
2258 1285 2725 1351 conformationem
2744 1285 2807 1338 ad
2828 1284 2975 1338 illum
2994 1284 3082 1355 (ad
3106 1299 3385 1352 magnum,

1852 1373 2095 1443 inquam,
2138 1372 2500 1445 Gregorium)
2534 1374 2771 1427 lienestaa
2789 1373 3207 1436 exercitationis,
3270 1384 3390 1426 tan-

1850 1478 2009 1532 quam
2035 1473 2273 1517 recenter
2300 1470 2583 1531 susceptae,
2625 1462 2910 1516 insatiabili
2941 1460 3081 1516 fame
3104 1462 3376 1517 cruciatus

164 1012 356 1079 ζετο,
380 1018 512 1087 πρὸς
538 1019 594 1072 δὲ
638 1020 706 1073 τὰ
751 1020 1055 1090 ἔμπροσθεν
1105 1020 1461 1086 έπεκτείνετο,
1512 1021 1605 1073 καὶ
1638 1019 1754 1089 ἅμα

163 1100 538 1159 ιπιϐεϐαιῶν
568 1109 658 1161 καὶ
680 1108 749 1162 τὰ
785 1109 1016 1179 πρώτως
1069 1109 1481 1180 κατορθωθέντα
1520 1112 1586 1180 τῇ
1620 1110 1754 1178 πρὸς

169 1193 420 1247 ἐκεῖνον
460 1198 824 1271 ἀκριϐεστάτη
860 1198 1249 1269 διαμορφὼσει,
1284 1198 1375 1252 τὸν
1410 1199 1581 1270 μέγαν
1614 1199 1754 1266 λέγω

172 1279 533 1353 Γρηγόριον.
560 1286 635 1350 ὡς
663 1285 785 1357 ἄρτι
812 1289 910 1356 τῆς
934 1287 1104 1366 καλῆς
1127 1286 1436 1357 ἁκορέστως
1471 1286 1752 1353 ἀσκήσεως

174 1368 613 1440 ἀπαρχόμενος,
643 1372 834 1443 νεαλὴς
864 1371 1058 1442 ἐχώρει
1080 1372 1211 1443 πρὸς
1239 1372 1365 1434 τοὺς
1399 1370 1635 1437 ἀγῶνας,
1659 1371 1752 1423 καὶ

174 1455 304 1509 τὸν
336 1459 443 1511 τῶν
470 1462 767 1530 ἀσωμάτων
790 1463 1120 1532 ἀπεμιμεῖτο
1147 1460 1258 1531 βίον
1286 1462 1343 1514 ὲν
1364 1460 1595 1530 σώματι,
1634 1458 1754 1530 χαι·

184 1562 332 1615 ρειν
354 1549 450 1618 μὲν
478 1552 640 1604 πᾶσιν
671 1549 839 1604 εἰπὼν
869 1551 1164 1622 αίσθητοῖς,
1196 1548 1273 1621 τῷ
1294 1549 1510 1620 ἀοράτῳ
1531 1548 1585 1601 δὲ
1621 1547 1753 1602 κάλ-

179 1633 296 1688 λιι
326 1638 723 1707 ινηδυνόμενος.
756 1642 864 1694 Kal
891 1640 1084 1711 ὄροφον
1113 1640 1212 1711 μὲν
1250 1637 1361 1710 εἶχε
1386 1639 1475 1692 τὸν
1504 1637 1750 1710 οὐρανὸν,

1850 1552 1916 1606 ab
1929 1552 2533 1627 _exordioineipiebat,et
2557 1568 2729 1606 novus
2751 1561 2909 1622 atque
2925 1553 3125 1623 integer
3150 1554 3299 1607 miles
3324 1554 3391 1605 ad

1851 1642 2137 1695 certamina
2154 1642 2466 1711 procedens,
2482 1643 2917 1711 incorporearum
2937 1642 3097 1696 vitam
3118 1642 3295 1696 adhuc
3336 1642 3390 1695 in

182 1722 339 1776 ἀντὶ
398 1725 455 1778 δὲ
493 1728 670 1798 πάσης
713 1729 965 1794 γλυκείας
1021 1729 1304 1801 στρωμνῆς
1362 1727 1422 1781 τδ
1464 1726 1749 1797 σύντροφον

1854 1745 2080 1799 corpore
2113 1732 2318 1799 positus
2347 1731 2671 1785 imitabatur.
2707 1731 2969 1785 Omnibus
3012 1730 3225 1801 quidem
3265 1732 3390 1785 sen-

185 1810 411 1883 ὲκείνῳ
445 1816 539 1883 καὶ
567 1817 718 1885 φίλον
762 1819 973 1887 ιδαφος,
1014 1818 1067 1871 εῐ
1095 1836 1224 1872 ποτε
1271 1815 1377 1887 ἄρα
1407 1816 1752 1872 διαναπαύειν

184 1898 407 1970 ἔμελλε
425 1903 485 1956 τὸ
515 1906 808 1976 συνεργοῦν
840 1908 1030 1977 ἐκείνῳ
1060 1907 1193 1977 πρὸς
1213 1908 1444 1978 ἀρετήν’
1486 1906 1625 1960 οὕτω
1645 1906 1752 1976 γὰρ

185 1984 362 2055 ιώρα
403 1989 609 2058 διάγειν
647 1992 739 2045 καὶ
786 1993 878 2046 τδν
917 1993 1057 2046 θεῖον
1077 1994 1394 2065 Γρηγόριον,
1429 1994 1521 2046 καὶ
1545 1993 1752 2047 κάτοπ-

187 2091 345 2145 τρον
372 2073 481 2149 εῐχε
514 2080 604 2132 τὸν
636 2081 841 2134 ἐκείνου
872 2081 984 2151 βίον
1006 2099 1022 2114 ο
1049 2082 1141 2136 καὶ
1165 2082 1299 2152 πρὸς
1329 2082 1535 2136 ἐκεῖνον
1561 2081 1753 2134 ἑαυτὸν

189 2165 553 2306 ῗτῗυθύνων,
608 2172 950 2242 καθεκάστην
1000 2172 1293 2236 ἀναϐάσεις
1339 2173 1397 2226 έν
1440 2174 1507 2242 τῇ
1558 2172 1753 2242 καρδίᾳ

229 2271 268 2306 τ
294 2255 437 2306 Octo.

229 2255 437 2312 τίθετο.

1857 1818 2102 1874 sibilibus
2146 1820 2377 1888 gaudere
2433 1821 2734 1884 recusabat,
2788 1822 2903 1875 sola
2954 1836 3080 1875 vero
3135 1819 3392 1876 invisibili

1852 1908 2245 1978 pulchritudine
2274 1908 2655 1963 delectabatur.
2695 1907 2757 1962 Et
2783 1916 2978 1963 tectum
3010 1907 3223 1977 quidem
3243 1908 3390 1962 illius

1850 2006 1966 2050 erat
2002 1996 2218 2060 coelum,
2249 2011 2343 2065 pro
2392 1998 2639 2050 universa
2698 2010 2825 2050 vero
2877 1995 3057 2049 lectuli
3105 1994 3392 2049 dulcedine

1852 2088 2219 2140 eonnutritum
2244 2086 2344 2141 sibi
2367 2103 2430 2141 ac
2455 2087 2709 2141 dilertum
2733 2085 3095 2155 pavimentum
3142 2085 3390 2148 habebat,

1852 2174 1897 2229 si
1935 2176 2146 2244 quando
2178 2179 2549 2246 cooperarium
2597 2178 2717 2246 ejus
2740 2177 2805 2229 ad
2858 2176 3135 2237 virtutem,
3195 2190 3392 2243 corpus

1854 2265 2074 2331 scilicet,
2093 2268 2429 2335 requiescere
2446 2276 2678 2338 Optaret.
2721 2267 2795 2320 Ita
2816 2268 2957 2321 enim
2976 2265 3134 2319 etiam
3152 2264 3389 2318 divinum

192 2347 529 2419 Gregorium
564 2354 724 2407 vitam
775 2368 932 2422 agere
999 2354 1232 2417 videbat,
1264 2365 1425 2425 atque
1445 2354 1590 2431 illius
1640 2352 1801 2407 vitam
1843 2362 2098 2427 tanquam
2155 2362 2429 2427 speculum
2487 2359 2557 2412 ob
2592 2357 2776 2411 oculos
2826 2356 3045 2418 habens,
3108 2355 3393 2425 eidemque

191 2441 449 2508 loipsum
492 2458 818 2512 componens
875 2455 928 2501 et
972 2445 1342 2513 conformans,
1386 2461 1480 2515 per
1530 2444 1771 2511 singulas
1808 2445 1921 2503 dies
1959 2451 2301 2505 ascensiones
2328 2452 2380 2503 in
2408 2448 2567 2505 corde
2590 2464 2688 2503 suo
2715 2447 3051 2517 disponebat.

284 2538 383 2597 ις’.
417 2535 492 2588 οο
545 2536 677 2590 πολὺ
706 2536 766 2589 τὸ
802 2537 858 2590 ἐν
916 2537 1085 2607 μέσῳ,
1134 2538 1225 2591 καὶ
1254 2534 1362 2607 (οἷα
1384 2538 1453 2591 τὰ
1489 2537 1584 2595 τοῦ
1616 2535 1751 2588 Θεοῦ

196 2620 508 2693 κρίμαται)
526 2625 672 2678 Λέων
696 2627 724 2678 ό
754 2625 1040 2697 θηριώδης,
1068 2630 1096 2681 ὁ
1118 2629 1181 2681 ἐκ
1204 2629 1302 2697 τῆς
1334 2626 1599 2696 Ἰσαυρίας
1623 2626 1750 2697 [imo

209 2712 559 2786 ’Δρμενίας],
590 2717 684 2785 τῆς
730 2717 999 2787 βασιλείας
1040 2717 1147 2771 τῶν
1185 2719 1471 2788 σκήπτρων
1503 2716 1751 2771 ἐπιλαϐό-

212 2819 408 2871 μενος,
438 2806 581 2874 κυκᾷ
599 2805 696 2873 μὲν
715 2805 841 2875 ὅλην
863 2806 959 2875 τὴν
996 2806 1340 2875 Ἐκκλησίαν,
1360 2806 1451 2857 καὶ
1473 2807 1592 2867 ταῖς
1614 2821 1748 2856 παν-

199 2891 395 2958 αγίαις
435 2893 604 2945 εἰκόσι
654 2893 819 2948 πάλαι
860 2894 1297 2964 προσωχθηκὼς,
1352 2893 1581 2963 πόλεμον
1628 2893 1745 2945 κατ’

199 2980 390 3033 αὐτῶν
419 2980 527 3034 τῶν
562 2980 777 3035 πώποτε
817 2986 1192 3054 γεγενημένων
1232 2985 1449 3053 ἐκίνησε
1489 2983 1580 3035 τὸν
1629 2999 1753 3050 σφο-

199 3067 467 3138 δρότατον
493 3084 509 3100 ⁸
559 3070 625 3123 τὰ
650 3070 707 3124 δὲ
736 3073 843 3125 τῶν
866 3073 1214 3144 φιλοχρίστων
1248 3074 1431 3143 στίφη,
1471 3074 1543 3143 μὴ
1572 3090 1755 3126 πεπει-

210 3160 394 3227 σμένα
423 3160 499 3229 τῷ
526 3161 729 3215 ἐκείνου
760 3161 1042 3232 θελήματι,
1062 3163 1214 3226 ἄλλος
1244 3162 1752 3232 ἀλλαχόθιδιεσκορ-

205 3248 454 3309 πίζοντο.
481 3249 570 3300 Διὺ
596 3251 687 3301 καὶ
717 3252 762 3302 οί
788 3251 885 3316 μὲν
915 3254 1003 3304 τὸν
1029 3253 1297 3326 Βόσπορον
1322 3252 1748 3321 κατελάμϐανον,

203 3337 262 3388 ol
292 3336 349 3390 se
372 3338 531 3401 εὐθὺς
550 3338 648 3407 τῆς
668 3341 909 3401 Σικελίας
930 3333 1217 3407 ἀπέπλεον,
1240 3342 1384 3396 ἄλλοι
1406 3342 1569 3405 δὲτὰς
1590 3359 1751 3411 κορυ-

206 3427 318 3496 φὰς
338 3428 447 3480 τῶν
467 3430 633 3499 ὀρέων
682 3431 1209 3500 καταλαμϐάνοντες,
1228 3432 1319 3484 τοῦ
1354 3431 1524 3485 δεινοῦ
1568 3431 1748 3502 μονιοῦ

206 3519 311 3581 τὰς
346 3517 566 3582 συὼδεις
594 3522 769 3590 ὁρμὰς
810 3520 1219 3593 ἀπεδίδρασκον.
1266 3522 1403 3573 Ἀλλ’
1433 3523 1530 3591 οὐχ
1574 3523 1602 3574 ὁ
1631 3538 1751 3589 γεν-

209 3609 360 3671 ναῖος
378 3609 695 3680 ἀγωνιστὴς,
723 3610 814 3662 καὶ
842 3610 950 3662 τῶν
992 3609 1152 3679 ίερῶν
1174 3610 1556 3680 μορερωμάτων
1583 3626 1749 3681 προσ-

210 3699 447 3767 κυνητὴς
476 3698 648 3763 οὕτως
671 3699 840 3753 ἐποίει
864 3699 1184 3771 Γρηγόριος·
1217 3700 1350 3753 ἀλλὰ
1379 3700 1469 3752 τὸν
1499 3700 1639 3753 θεῖον
1662 3704 1750 3753 ὲν-

206 3787 494 3859 δεδυμένος
543 3790 638 3859 τῆς
684 3790 916 3853 πίστεως
960 3790 1203 3860 Θώρακα,
1252 3790 1599 3859 περιέρχεται
1651 3790 1750 3859 μὲν

208 3879 546 3947 πανταχόθεν
570 3880 667 3949 τῆς
703 3880 926 3946 πόλεως,
957 3881 1246 3952 κηρύσσων
1290 3882 1348 3933 ὲν
1372 3882 1613 3947 ἀγυιαῖς,
1654 3880 1750 3934 καλ⁸

206 3966 475 4021 διδάσκων
500 3970 556 4020 έν
587 3972 896 4035 στενωποῖς,
936 3971 1029 4023 καὶ
1052 3970 1358 4041 παρρησίαν
1378 3971 1435 4022 ἐν
1470 3972 1591 4032 ταῖς
1618 3970 1750 4024 πλαρ

201 4057 383 4120 τείαις
424 4043 876 4130 ῖπιδεικνύμενος,
913 4060 987 4130 μὴ
1023 4059 1099 4130 τῷ
1133 4060 1418 4130 λαοπλάνῳ
1470 4060 1747 4114 πείθεσθαι

208 4146 439 4223 βασιλεῖ,
470 4150 601 4225 μηδὲ
624 4153 732 4212 τοῖς
764 4152 970 4204 ἐκείνου
1011 4152 1290 4220 ληρήμασι
1324 4141 1420 4221 τὴν
1452 4152 1620 4223 ἀκοὴν
1659 4153 1745 4204 έν-

1926 2540 2012 2597 16.
2043 2540 2194 2596 Haud
2222 2541 2442 2595 multum
2475 2556 2601 2594 vero
2627 2538 2887 2609 temporis
2913 2535 3234 2597 intercessit,
3266 2550 3387 2589 cum

1856 2632 1910 2701 (ο
1938 2633 2116 2701 qualia
2150 2630 2245 2686 Dei
2284 2630 2550 2701 judicia!)
2602 2629 2710 2684 Leo
2756 2629 2843 2683 ille
2871 2625 3293 2681 immanissimus
3325 2640 3391 2678 ex

1851 2722 2101 2776 Armenia
2130 2722 2147 2791 (
2176 2723 2199 2775 l
2226 2722 2243 2790 )
2274 2736 2545 2791 egressus,
2573 2730 2731 2789 atque
2765 2717 2973 2787 imperii
3004 2724 3211 2783 sceptra
3250 2715 3394 2767 inva-

1850 2811 1982 2865 dens
2012 2849 2028 2874 ,
2074 2814 2376 2867 universam
2430 2810 2721 2865 Eeclesiam
2798 2809 2957 2877 coepit
2997 2806 3289 2875 exagitare,
3339 2813 3393 2859 et

1853 2902 2208 2957 sanctissimis
2263 2902 2621 2971 imaginibus,
2682 2900 2877 2968 quibus
2946 2898 3077 2951 olim
3152 2895 3392 2949 infensus

1854 2988 2047 3054 fuerat,
2081 2992 2256 3044 dirum
2289 2997 2450 3057 atque
2519 2988 2910 3067 atrocissimum
2942 2985 3137 3039 bellum
3174 2983 3388 3037 inferre.

1851 3079 2049 3133 Christi
2082 3089 2258 3133 autem
2291 3080 2586 3134 amantium
2622 3079 2816 3133 civium
2845 3076 3079 3137 ordines,
3129 3074 3273 3128 illius
3296 3089 3395 3127 vo-

1853 3170 2038 3224 luntati
2071 3186 2254 3239 parere
2281 3180 2611 3231 recusantes,
2664 3185 2756 3237 per
2794 3168 2974 3221 varias
3007 3164 3389 3239 regionesgalii

1851 3261 1954 3314 alio
1974 3261 2256 3330 fugientes,
2288 3262 2514 3328 dispersi
2553 3270 2699 3314 sunt.
2727 3260 2827 3311 Alii
2858 3257 3071 3327 quidem
3107 3256 3159 3308 in
3197 3254 3392 3323 Bospo-

1851 3365 1968 3404 rum
1992 3349 2361 3419 profugerunt,
2384 3349 2468 3401 alii
2497 3363 2621 3401 vero
2648 3356 2787 3399 recta
2806 3346 2857 3399 in
2892 3345 3129 3398 Siciliam
3158 3341 3233 3412 (2
3257 3345 3274 3411 )
3294 3357 3391 3394 na-

1850 3441 2160 3509 vigaverunt
2191 3455 2205 3490 :
2236 3438 2320 3490 alii
2352 3438 2564 3490 demum
2588 3435 2938 3505 adgnontium
2963 3432 3242 3486 cacumina
3272 3445 3391 3484 sese

1850 3536 2181 3598 receperunt,
2203 3527 2559 3595 utsingnlaris
2582 3526 2677 3578 feri
2701 3525 2841 3578 illius
2863 3521 3240 3576 immanissimi
3268 3535 3392 3588 por-

1850 3620 2001 3674 cinos
2035 3618 2297 3687 appetitus
2326 3619 2631 3670 evaderent.
2664 3615 2729 3667 At
2786 3628 2893 3667 n'on
2926 3612 2996 3665 ita
3028 3626 3083 3666 se
3112 3610 3276 3680 gessit
3310 3624 3394 3678 ge-

1852 3722 2083 3763 nerosus
2118 3708 2377 3776 agonista,
2408 3714 2460 3759 et
2483 3720 2756 3759 sacrarum
2810 3702 3100 3771 imaginum
3140 3700 3393 3753 adorator

1850 3798 2159 3867 Gregorius,
2181 3796 2272 3850 sed
2303 3794 2672 3850 divinumﬁdei
2704 3794 2974 3846 thoracem
3004 3792 3250 3852 induens,
3276 3789 3385 3841 cir-

1849 3888 2029 3943 cuibat
2060 3901 2457 3954 quaquaversus
2482 3885 2775 3947 civitatem,
2806 3882 3104 3955 prmdieans
3146 3880 3198 3932 in
3232 3878 3387 3938 vicis,

1848 3975 2044 4029 docens
2080 3976 2133 4028 in
2161 3973 2473 4043 angiportis,
2503 3981 2554 4025 et
2583 3972 2635 4024 in
2674 3970 2857 4038 plateis
2901 3969 3196 4022 libertatem
3255 3965 3392 4018 fidu-

1848 4066 2093 4133 ciamque
2123 4065 2430 4134 praeferens,
2470 4078 2537 4116 ne
2566 4062 2783 4124 minima
2819 4060 3030 4129 quidem
3063 4048 3205 4111 in‘re
3236 4056 3393 4109 sedu-

1851 4157 1984 4211 ctori
2014 4155 2180 4224 plebis
2203 4156 2311 4223 regi
2331 4154 2727 4221 obtemperans,
2764 4160 2855 4204 aut
2873 4150 3012 4202 illius
3037 4147 3193 4217 nugis
3211 4162 3271 4199 ac
3296 4146 3390 4198 de-

206 4236 410 4289 διδόναι
439 4238 539 4290 κᾶν
560 4239 695 4309 πρὸς
725 4240 935 4309 μικρόν.
969 4241 1077 4292 Καὶ
1101 4235 1237 4309 ἦσαν
1267 4241 1313 4292 οί
1352 4239 1560 4292 ἐκείνου
1596 4239 1745 4307 λόγοι

1850 4247 2141 4301 liramentis
2169 4246 2406 4314 praebens
2428 4243 2685 4296 auditum.
2707 4240 2866 4293 Erant
2888 4247 3063 4291 autem
3097 4236 3238 4290 illius
3262 4234 3392 4287 allo-

206 4331 346 4399 πρὸς
372 4331 468 4392 τὰς
498 4331 604 4384 τῶν
629 4332 862 4384 εὐσεϐῶν
906 4333 1130 4401 καρδίας
1178 4332 1521 4396 ένστάζοντες
1558 4332 1743 4399 δρόσος

1841 4338 2081 4392 cutiones
2121 4336 2173 4389 in
2210 4335 2370 4389 corda
2405 4333 2614 4402 piorum
2648 4331 2932 4403 stillantes,
2956 4342 3045 4383 ros
3066 4325 3388 4386 matutinus,

205 4416 405 4487 ἑωθινὴ
440 4420 527 4472 καὶ
560 4420 694 4489 ἴαμα
718 4421 1077 4490 πνευματικὸν
1118 4422 1213 4474 καὶ
1249 4422 1512 4491 σωτήριον
1537 4437 1551 4452 ’
1584 4416 1626 4488 ᾧ
1652 4422 1745 4474 καὶ

1850 4440 1903 4479 ac
1934 4424 2371 4477 medicamentum
2396 4419 2673 4489 spirituale
2726 4432 2789 4470 ac
2812 4414 3166 4470 salutiferum.
3222 4410 3389 4481 Igitur

203 4508 268 4560 τὸ
298 4508 497 4577 πλῆθος
524 4511 630 4563 τῶν
652 4511 708 4564 ὲν
738 4514 801 4580 τῇ
834 4512 1043 4580 μεγάλῃ
1079 4511 1187 4563 τῶν
1235 4511 1439 4564 πόλεων
1487 4511 1740 4581 ἀσκητῶν

1850 4508 2124 4562 multitudo
2151 4516 2471 4569 ascetarum,
2503 4506 2591 4571 qui
2640 4502 3237 4572 Constantinapolitana
3262 4500 3390 4553 urbe

206 4596 569 4661 συνελθόντες,
602 4599 740 4652 κατὰ
765 4600 957 4652 ταυτὸν
982 4600 1317 4669 προσάγουσι
1350 4597 1532 4669 κοινὴν
1562 4599 1744 4669 ἱκετη-

207 4685 335 4753 ρίαν
356 4686 429 4754 τῷ
452 4688 751 4759 Γρηγορίῳ,
779 4689 869 4742 τὸν
898 4692 1136 4758 γενναῖον
1165 4691 1222 4742 ὲν
1252 4690 1450 4756 λόγοις,
1494 4692 1585 4742 καὶ
1615 4708 1744 4742 στα-

205 4775 376 4843 θηρδν
422 4776 478 4828 ὲν
534 4777 735 4841 πόνοις,
802 4778 936 4859 πρὸς
970 4780 1068 4849 τὴν
1111 4779 1482 4847 πρεσϐυτέραν
1526 4779 1744 4849 Ῥώμην

204 4864 613 4929 ἑξαποστεῖλαι,
672 4868 1095 4938 διασημανοῦντα
1140 4868 1215 4937 τῷ
1266 4869 1569 4938 πὰπᾳ1”καὶ
1623 4871 1735 4931 τοῖς
1780 4919 1783 4921 .

203 4953 385 5003 ἐκεῖσε
418 4956 484 5007 τὰ
535 4953 629 5007 νῦν
676 4955 963 5025 συνέχοντα
994 4957 1091 5026 τὴν
1139 4957 1288 5009 πόλιν
1331 4957 1497 5023 δεινὰ,
1535 4957 1620 5010 ἵνα
1653 4973 1736 5019 τις

281 5146 354 5215 (t)
389 5146 485 5218 llic
516 5148 583 5203 ab
614 5147 800 5218 audaci
838 5164 1001 5218 manu
1047 5150 1305 5218 scriptum
1335 5160 1466 5214 erat,
1510 5150 1613 5203 ἀπὸ
1643 5151 1741 5217 τῆς

213 5215 487 5288 ξΙσαυρίας
512 5255 526 5279 ,
562 5233 683 5288 cum
714 5216 823 5271 Leo
844 5217 1109 5288 Armenus
1146 5215 1290 5272 esset-
1344 5215 1738 5288 intelligendus.

207 5284 286 5337 De
309 5286 690 5355 prrsecutionis
714 5294 892 5355 autem
914 5287 990 5355 ab
1006 5300 1069 5339 eo
1088 5302 1179 5355 an.
1203 5289 1304 5341 4M
1331 5284 1541 5341 moveri
1555 5296 1745 5355 coepta:

206 5353 520 5422 acerbitate,
571 5353 693 5422 vide
734 5353 874 5422 iActa
933 5353 1028 5407 SS.
1084 5354 1426 5422 'l‘heOphanis
1479 5366 1532 5409 et
1584 5353 1741 5409 Nice-

208 5420 387 5541 rhori.
437 5421 677 5499 19⁸8113
730 5421 931 5500 Martiis
962 5420 1340 5501 .Menologium
1398 5425 1575 5479 Basilii
1613 5426 1740 5503 imp.

225 5504 323 5540 nec
368 5504 551 5541 outttta
579 5489 644 5541 ad
695 5489 975 5541 Theonhtlt
1020 5500 1255 5541 temnura
1307 5493 1465 5541 refert
1502 5513 1513 5541 ε
1570 5508 1740 5541 minus

225 5506 241 5539 l

248 5491 551 5610 anisomttia
579 5489 644 5543 ad
695 5489 975 5561 Theophili
1020 5489 1255 5561 tempora
1306 5493 1465 5546 refert
1502 5513 1513 5547 :
1570 5489 1743 5547 minus

248 5571 295 5610 cc
355 5592 370 5607 .

208 5571 370 5610 τυςω.

1844 4600 2212 4661 morabantur,
2272 4596 2519 4649 convenit
2595 4594 2646 4645 in
2704 4601 2965 4653 unum,et
3043 4605 3385 4643 communem

1851 4688 2285 4757 supplicationem
2355 4686 2545 4739 detulit
2629 4683 2902 4747 Gregorio,
2967 4687 3210 4734 statuens
3264 4694 3385 4730 eum

1852 4778 2059 4831 mittere
2109 4776 2339 4842 legatum
2372 4773 2579 4841 (utpote
2606 4770 2870 4826 efﬁcacem
2925 4770 2978 4821 in
3020 4768 3379 4829 sermonibus.

1848 4876 1901 4920 et
1923 4873 2255 4919 constantem
2293 4864 2344 4916 in
2381 4862 2653 4917 laboribus
2683 4860 2701 4928 )
2735 4859 2958 4913 Romam
3007 4868 3260 4921 veterem,
3324 4866 3381 4908 ut

1847 4957 2172 5025 significaret
2204 4953 2400 5023 νίψω(
2438 4954 2470 5006 5
2502 4952 2519 5011 )
2576 4950 2805 5020 aliisque
2863 4948 3120 5002 Romanis
3145 4962 3206 5001 ea
3240 4947 3376 4998 mala

1916 5149 1991 5217 (Ξ)
2024 5148 2309 5215 Cajetanus
2340 5149 2443 5202 huc
2470 5149 2650 5207 trahit.
2690 5147 2829 5215 quod
2863 5146 3177 5217 Gregorium
3218 5143 3380 5196 Deca-

1850 5219 2065 5287 politam
2112 5217 2309 5269 Menzea
2350 5218 2553 5287 dicant,
2590 5220 2888 5287 Syracusas
2914 5216 3141 5287 venisse
3200 5230 3211 5263 :
3272 5228 3373 5263 non

1852 5285 2012 5347 recte,
2042 5287 2163 5352 quia
2200 5294 2339 5352 patet
2360 5286 2459 5338 hoc
2484 5286 2554 5339 ibi
2585 5285 2782 5338 factum
2823 5285 2922 5337 dici
2977 5292 3257 5352 antequam
3286 5296 3371 5332 ac-

1847 5350 2546 5417 cederetThessalonicam,
2575 5356 2813 5421 adeoque
2838 5362 2956 5421 ante
2984 5350 3370 5421 persecutionis

1847 5421 2241 5540 tetnp‘us..Qui;l
2270 5423 2409 5489 quod
2444 5423 2528 5476 hic
2560 5418 2809 5491 expresse
2854 5420 3055 5472 dicatur
3085 5418 3370 5483 Gregorius

1847 5507 1949 5540 non
2008 5505 2211 5540 IIUISSC.

1847 5507 1949 5544 non
1986 5505 2211 5557 tugtssez

1911 5559 1986 5624 (ὅ)
2021 5553 2156 5613 Idem
2177 5568 2389 5626 propter
2405 5576 2635 5615 errorem
2661 5562 2722 5615 de
2744 5558 2913 5611 Leone
2937 5553 3188 5618 Isaurico,
3212 5567 3367 5621 quem
