3926 6308
425 352 529 415 955

1519 351 1578 409 S.
1618 348 1924 409 JOSEPHI
1965 351 2515 413 UYMNOGRAPIII
2537 406 2554 424 κ

3508 353 3610 413 956

422 476 543 529 quae
597 456 1236 524 Constantinopolitanam
1289 455 1559 509 civitatem
1642 455 2004 522 aﬂiigebanth

2112 459 2351 526 ιτικουρία
2386 459 2606 528 γένηται
2657 461 2719 528 τῇ
2753 457 2844 510 τοῦ
2904 456 3034 510 Θεοῦ
3077 457 3389 527 Ἐκκλησία.
3455 459 3616 528 Ὁρᾷς

426 566 534 618 quo
557 547 768 614 aliquod
793 549 1045 599 auxilium
1073 546 1321 599 Beclesim
1362 545 1450 599 Dci
1477 545 1770 598 aﬂ'erretur.
1806 543 1965 598 Vides

422 641 588 698 enim.
621 639 855 702 aiebam,
883 654 912 690 ο
940 639 1116 701 Pater,
1143 637 1413 705 quomodo
1440 651 1525 689 res
1547 645 1742 688 nestra:
1771 635 1822 686 in
1850 634 1966 686 Ilia-

422 731 540 784 dem
575 729 831 781 malorum
865 730 973 780 sint
1005 735 1361 789 commutatae,
1397 737 1448 779 et
1481 740 1728 793 magnum
1751 723 1946 777 Christi

423 819 561 873 ovile
590 819 933 885 periclitetur,
960 832 1022 869 eo
1044 816 1184 885 quod
1212 831 1314 869 non
1343 816 1408 870 sit
1435 815 1524 884 qui
1545 813 1960 868 defendatillud.

499 909 582 961 l7.
613 907 859 959 Admittit
908 905 1309 958 advocationem
1369 919 1594 972 magnus
1654 902 1965 970 Gregorius,

423 1009 479 1053 et
507 1001 676 1069 magis
708 1013 920 1067 rogans,
955 1013 1114 1067 quam
1155 977 1712 1072 rogatusfsermonem
1738 996 1969 1048 breviter

427 1090 672 1150 abso!vit,
709 1089 1050 1156 divinumque
1078 1076 1362 1155 Josephum
1382 1101 1658 1140 accersens
1694 1103 1706 1138 :
1736 1104 1754 1136 ι
1791 1085 1967 1150 Nunc,

429 1179 621 1248 inquit,
640 1194 669 1229 o
688 1178 778 1238 liii,
803 1191 1006 1247 tempus
1024 1187 1102 1232 est
1121 1177 1434 1232 ostendendi
1449 1177 1804 1246 eloquentiam
1828 1185 1970 1230 tuam

431 1269 742 1336 plurimam,
774 1276 826 1320 et
860 1267 1238 1335 comprobandi
1297 1266 1623 1320 incrementa
1665 1267 1864 1319 amoris
1896 1265 1970 1317 tui

431 1359 484 1410 in
515 1357 678 1409 Deum
727 1373 820 1424 pro
859 1357 1084 1410 viribus.
1127 1375 1143 1406 ι
1179 1356 1290 1419 Ille,
1322 1355 1412 1422 qui
1447 1371 1658 1424 semper
1696 1356 1972 1424 subjectus

431 1463 553 1501 esse
574 1448 869 1511 didicisset,
889 1457 1044 1514 caput
1062 1445 1332 1499 humiliter
1354 1447 1595 1511 inclinat,
1621 1455 1674 1499 et
1693 1461 1760 1498 ne
1791 1461 1969 1499 rerum

432 1536 644 1604 quidem
710 1537 1131 1608 necessariarum
1179 1537 1457 1590 minimum
1508 1537 1634 1606 quid
1687 1538 1972 1604 accipiens,

435 1627 607 1677 navim
635 1625 968 1685 ceusceudit,
989 1634 1039 1677 et
1077 1622 1299 1676 Romam
1335 1641 1524 1680 versus
1551 1627 1663 1678 vela
1701 1625 1842 1678 facit.
1871 1625 1975 1678 Sed

437 1716 571 1768 forte
602 1729 706 1766 non
738 1722 850 1766 erat
873 1715 986 1767 haec
1016 1713 1105 1766 Dei
1142 1716 1410 1776 voluntas,
1443 1717 1534 1783 qui
1587 1729 1725 1784 saepe
1759 1730 1850 1782 per
1889 1730 1974 1771 res

2073 549 2198 616 γὰρ,
2244 548 2444 616 ἔλεγον,
2499 542 2541 600 ὧ
2599 550 2793 618 Πάτερ,
2852 549 2926 610 ὡς
2993 550 3145 611 Ίλιὰς
3171 551 3284 602 ἐστι
3335 550 3517 602 κακῶν
3561 552 3616 603 τὰ

2073 639 2328 708 ἡμέτερα,
2363 639 2453 691 καὶ
2488 639 2777 692 κινδυνεύει
2809 639 2866 691 τὸ
2891 640 3031 706 μέγα
3079 641 3323 709 ποίμνιον
3353 641 3447 694 τοῦ
3481 643 3614 710 λρι-

2077 728 2220 794 στοῦ,
2258 730 2344 781 διὰ
2372 730 2428 782 τὸ
2460 730 2532 802 μὴ
2557 725 2692 784 εἶναι
2716 730 2803 782 τὸν
2833 729 3209 800 ἐκδικήσαντα.

2147 905 2228 967 ιζ’.
2261 905 2478 973 Δέχεται
2522 905 2617 976 τὴν
2647 905 2986 974 παράκλησιν
3018 908 3044 956 ὁ
3101 908 3275 974 μέγας
3321 908 3614 978 Γρηγόριος

2075 995 2164 1047 καὶ
2196 993 2269 1056 ὡς
2302 995 2498 1062 μᾶλλον
2528 996 2772 1064 αἰτήσας,
2796 995 2892 1047 οῦκ
2922 997 3184 1064 αίτηθεὶς,
3213 999 3500 1066 ἀπαρτίζει
3525 1001 3609 1051 τὸν

2075 1085 2227 1152 λόγον
2251 1089 2386 1153 ταχύ
2411 1100 2423 1114 ·
2454 1085 2546 1136 καὶ
2575 1083 2663 1136 τὸν
2687 1084 2824 1138 θεῖον
2857 1086 3362 1155 μετακαλεσάμενος
3403 1089 3616 1155 Ἰωσὴφ,

2076 1175 2208 1239 Νῦν,
2231 1171 2370 1238 εἷπε,
2398 1175 2603 1237 τέκνον,
2640 1175 2826 1244 καιρὸς
2853 1175 2944 1228 τοῦ
2981 1193 3037 1229 τε
3066 1176 3221 1247 λόγου
3256 1177 3315 1228 τὸ
3340 1178 3473 1229 πολὺ
3503 1181 3616 1229 ἐπι·

2077 1265 2366 1328 δείξασθαι,
2403 1267 2495 1318 καὶ
2533 1266 2621 1317 τὸν
2651 1264 2786 1335 πρὸς
2819 1266 2948 1318 Θεὸν
2985 1265 3159 1334 ἔρωτα
3193 1267 3619 1320 πολυπλασιάσαι
3642 1313 3655 1320 -

2078 1355 2152 1416 ὡς
2185 1355 2419 1423 ἐφικτόν.
2465 1355 2520 1411 Ὀ
2555 1355 2612 1411 δὲ
2647 1355 2832 1423 μαθὼν
2863 1353 2952 1408 ἀεῖ
2998 1355 3416 1420 ὑποτάσσεσθαι,
3455 1357 3618 1409 κλίνει

2082 1445 2175 1514 μὲν
2206 1446 2385 1513 ἡρέμα
2416 1445 2512 1512 τὴν
2547 1445 2806 1515 κεφαλὴν,
2857 1447 2952 1498 καὶ
2992 1446 3124 1514 μηδέ
3165 1446 3274 1498 τῶν
3311 1447 3620 1512 ἀναγκαίων

2082 1534 2243 1602 μηδέν
2269 1553 2317 1590 τι
2349 1533 2696 1603 παραλαϐὼν,
2727 1533 2851 1602 νηός
2883 1551 2939 1586 τε
2962 1535 3213 1590 ἐπέϐαινε
3242 1537 3334 1588 καὶ
3369 1536 3505 1604 πρὸς
3529 1539 3627 1606 τὴν

2092 1611 2312 1693 Ῥώμην
2336 1625 2620 1681 ἀπέπλεεν.
2664 1626 2775 1677 Ούκ
2805 1621 2872 1694 ἦν
2907 1626 2962 1680 δὲ
3011 1627 3120 1695 ἄρα
3173 1628 3264 1680 καὶ
3290 1627 3407 1697 Θεῷ
3438 1628 3624 1696 βουλη-

2082 1716 2188 1779 τὸν,
2246 1715 2321 1786 τῷ
2359 1715 2446 1768 διὰ
2491 1717 2597 1768 τῶν
2661 1715 2917 1772 ἐναντίων
2963 1716 3218 1780 πολλάκις
3266 1717 3632 1785 οἰκονομοῦντι

435 1807 688 1859 adversas
718 1786 1034 1857 admiranda
1062 1805 1316 1873 disponit.
1345 1807 1480 1869 Quid
1519 1822 1645 1873 ergo
1678 1807 1891 1867 accidit.
1926 1817 1977 1860 et

2112 1804 2376 1873 :zpiﬁois.
2431 1806 2494 1860 Τί
2528 1801 2619 1857 οῦν
2670 1805 2897 1873 γίνεται,
2948 1807 3039 1859 καὶ
3087 1807 3138 1859 τί
3168 1807 3440 1872 trahebat;
3495 1808 3638 1876 Νῆις

438 1897 565 1964 quid
593 1896 786 1948 factum
809 1905 888 1948 est
913 1896 932 1946 ?
963 1893 1258 1948 Barbaricas
1282 1897 1524 1950 triremes
1553 1897 1844 1963 piratarum
1897 1913 1986 1953 su-

439 1984 808 2053 pervenientes
840 1985 1018 2036 omnia
1051 1985 1259 2052 navigia
1315 1986 1648 2048 invaserunt,
1704 1994 1864 2054 atque
1915 1986 1981 2039 ad

440 2089 560 2129 sese
590 2083 924 2127 altraxerunt
953 2073 1078 2125 illud
1107 2075 1267 2126 etiam
1305 2075 1356 2126 in
1406 2091 1511 2142 qtto
1542 2091 1769 2143 magnus
1792 2074 1988 2142 Joseph

450 2163 747 2217 ferebatur.
799 2163 1097 2216 Addueitur
1147 2164 1328 2231 itaque
1381 2164 1702 2232 captivusin
1750 2165 1986 2228 Cretam,

444 2273 552 2323 quo
596 2260 713 2309 cum
740 2257 1087 2323 pervenisset,
1122 2256 1171 2306 in
1207 2271 1474 2308 carcerem
1525 2256 1995 2325 conjectus,atque

445 2345 777 2414 gravissimis
835 2344 1041 2396 catenis
1091 2343 1337 2412 alligatus
1378 2351 1480 2397 est.
1531 2343 1760 2395 Tantum
1821 2351 1994 2398 autem

447 2435 673 2488 vinculis
691 2435 803 2488 suis
831 2434 1215 2487 exsultabatac
1245 2434 1522 2500 gestiebat,
1555 2443 1610 2486 ut
1631 2435 1840 2487 creteris
1863 2449 1997 2500 quo-

447 2539 552 2592 que
572 2524 797 2590 captivis
851 2522 1063 2579 afferret
1114 2521 1366 2575 solatium
1438 2521 1804 2574 dulcissimum
1861 2519 2001 2572 ferre

449 2613 590 2688 mala
622 2612 970 2675 incurrentia,
1005 2620 1056 2668 et
1083 2611 1358 2664 doloribus
1382 2610 1642 2663 aliiictari.

523 2704 607 2756 l8.
646 2703 827 2756 Dulcia
848 2703 1041 2773 quippe
1063 2710 1187 2755 sunt
1211 2700 1425 2756 vincula
1468 2716 1586 2768 qua:
1609 2708 1825 2767 prepter
1847 2695 2004 2750 Chri-

453 2801 594 2847 stum
625 2790 939 2851 tolerantur,
991 2789 1236 2860 quamvis
1267 2790 1332 2840 ad
1356 2796 1568 2856 tempus
1618 2785 1892 2842 tristitiam
1924 2781 2005 2835 af-

457 2882 632 2935 ferant
675 2896 735 2936 ac
773 2881 1116 2934 discrucient.
1154 2879 1366 2934 Gratias
1400 2879 1562 2947 igitur
1608 2891 1869 2945 agamus,
1902 2874 2008 2927 aie-

458 2973 570 3034 bat,
600 2973 775 3040 magni
796 2972 945 3025 Pauli
977 2971 1278 3040 exemplum
1309 2985 1418 3040 prae
1462 2968 1633 3021 oculis
1678 2964 1971 3020 habentes'
1992 3002 2005 3024 ,

458 3062 550 3130 qui
587 3071 836 3129 tanquam
866 3061 1150 3114 monilibus
1182 3058 1354 3112 ferrea
1389 3065 1578 3112 catena
1625 3056 1766 3108 circa
1817 3054 2008 3108 collum

2090 1897 2376 1949 ἐπιστᾶσαι
2404 1895 2734 1969 βαρϐαρικαὶ
2779 1896 2986 1969 ἀνδρῶν
3035 1889 3344 1967 πειρατῶν,
3402 1899 3537 1950 ἄλλα
3584 1889 3638 1949 τι

2093 1987 2245 2038 πλοῖα
2279 1986 2727 2049 συνεπισπώνται,
2768 1987 2860 2040 καὶ
2905 1987 2968 2056 δὴ
3002 1989 3240 2053 κάκεῖνο,
3272 1988 3299 2041 ὃ
3350 1989 3438 2041 τὸν
3467 1989 3641 2057 μέγαν

2095 2075 2284 2142 ἔφερεν
2321 2076 2537 2152 Ἰωσήφ.
2577 2077 2778 2142 Ἤγετο
2798 2075 2892 2128 οῦν
2912 2076 3249 2146 αἰχμάλωτος
3272 2079 3350 2140 είς
3369 2079 3465 2146 τὴν
3493 2079 3641 2146 Κρή-

2095 2181 2193 2232 την
2215 2181 2224 2192 ·
2250 2165 2376 2219 ἐνοα
2405 2167 2690 2234 γενόμενος
2719 2165 2996 2219 “ἐντίθεται
3027 2165 3127 2231 μὲν
3174 2168 3241 2234 τῇ
3284 2169 3478 2236 εἱρκτῇ
3516 2167 3644 2219 ἁλύ-

2100 2270 2213 2308 σεσι
2245 2253 2487 2323 βαρείαις
2519 2254 2900 2322 δεσμούμενοςο
2931 2255 3180 2307 τοσοῦτον
3210 2255 3263 2308 δὲ
3301 2259 3413 2317 τοῖς
3433 2257 3646 2324 δεσμοῖς

2101 2345 2438 2413 ἐνηγάλλετο,
2471 2347 2591 2398 ὅσον
2616 2346 2833 2407 καὶτοῖς
2865 2345 3042 2407 ἄλλοις
3067 2344 3366 2412 δεσμώταις
3411 2348 3649 2400 ἐποιεῖτο

2105 2435 2440 2503 παράκλησιν
2484 2436 2650 2504 ἡδέως
2687 2436 2871 2504 φέρειν
2899 2436 2967 2490 τὰ
3005 2436 3248 2499 ἐπιόντα,
3277 2437 3370 2490 καὶ
3399 2438 3473 2506 μὴ
3522 2438 3646 2489 δυσ-

2101 2524 2370 2598 χεραίνειν
2398 2527 2505 2586 τοῖς
2532 2524 2820 2590 ἀλγεινοῖς.

2179 2698 2266 2760 ιη’.
2308 2691 2464 2744 Ὶίδὲα
2492 2691 2598 2759 γάρ
2621 2694 2723 2744 εἰσι
2750 2690 2815 2746 τὰ
2853 2690 2940 2748 διὰ
2985 2692 3216 2760 Χριστὸν
3244 2690 3436 2760 δεσμὰ,
3482 2693 3574 2748 καὶ
3606 2695 3653 2744 εἰ

2110 2781 2245 2851 πρὸς
2275 2780 2459 2848 καιρὸν
2479 2781 2619 2848 ἀνιᾷ.
2648 2773 3192 2848 Εὐχαριστῶμενοῦν,
3217 2777 3395 2848 ἔλεγε,
3416 2777 3494 2846 τῷ
3515 2777 3654 2845 Θεῷ,

2111 2874 2198 2925 τὸν
2235 2871 2407 2940 μέγαν
2443 2869 2649 2921 Παῦλον
2689 2868 3033 2938 παράδειγμα
3075 2867 3308 2937 ἔχοντες,
3335 2868 3393 2930 ὃς
3435 2869 3530 2920 καὶ
3577 2868 3656 2928 ὡς

2113 2960 2391 3028 ὀρμίσκοις
2435 2959 2542 3018 τοῖς
2588 2956 2783 3018 κλοιοῖς
2840 2956 3124 3024 ώραῖζετο,
3179 2954 3272 3009 καὶ
3309 2955 3527 3024 ἔχαιρεν
3578 2956 3661 3008 ὅτι

2115 3047 2314 3118 ἠξιώθη
2369 3047 2506 3116 ὑπὲρ
2542 3045 2635 3097 τοῦ
2675 3045 2932 3114 ὀνόματος
2982 3043 3214 3113 Χριστοῦ
3261 3044 3618 3113 μαστιχθῆναι
3646 3059 3659 3071 ·

459 3150 671 3217 alligata
689 3148 1055 3209 decorabatur,
1071 3156 1122 3200 et
1138 3146 1401 3215 gaudebat
1415 3144 1557 3214 quod
1579 3159 1673 3212 pro
1691 3141 1893 3195 Christi
1925 3155 2004 3193 n0-

2119 3131 2255 3192 am
2283 3139 2374 3192 xui.
2401 3140 2428 3189 ό
2458 3137 2667 3189 Παύλου
2714 3136 2942 3205 Χριστὸς
2968 3135 3368 3205 λοιδορούμενος
3400 3137 3500 3188 οὐκ
3529 3136 3664 3188 ἀντφ

463 3236 604 3288 mine
621 3235 821 3304 ﬂagella
843 3235 948 3303 pati
968 3234 1273 3289 meruisset.
1293 3233 1433 3297 Quin
1462 3232 1621 3286 etiam
1640 3230 1886 3283 Christus
1908 3229 2019 3297 ipse

464 3324 612 3377 Pauli
632 3324 885 3377 Dominus
914 3339 1035 3377 cum
1060 3323 1485 3384 malediceretur,
1510 3336 1616 3375 non
1636 3319 2018 3382 maledicebat;

465 3429 586 3467 cum
620 3424 906 3480 pateretur,
934 3428 1039 3466 non
1080 3415 1508 3467 comminabatur
1540 3431 1551 3464 :
1596 3411 1900 3465 tradebatur
1923 3425 2020 3462 au-

469 3486 848 3568 temjudicauti
881 3502 1096 3569 injuste,
1120 3501 1570 3570 quemadmodum
1610 3501 1848 3568 loquitur
1869 3514 2023 3568 cory-

471 3595 616 3661 plizea
646 3594 1009 3661 apostolorum
1059 3593 1340 3646 summitas
1380 3606 1605 3659 magnus
1643 3591 1832 3643 Petrus
1854 3587 1896 3642 ⁸.
1921 3587 2022 3640 Sed

474 3685 724 3736 videntur
743 3683 1012 3752 aliquibus
1030 3697 1218 3750 aspera
1247 3697 1310 3736 ac
1332 3683 1604 3736 doloritica
1621 3721 1634 3745 ,
1660 3678 2028 3748 proptermul—

474 3786 583 3828 tam
619 3779 877 3828 sensuum
903 3772 1339 3836 imbecillitatem,
1359 3787 1441 3832 ea,
1470 3786 1588 3839 qua:
1607 3770 1924 3836 corporibus
1941 3757 2022 3819 iii-

480 3863 721 3915 fcruntur
750 3869 1036 3915 tormenta.
1064 3867 1130 3914 At
1150 3876 1256 3931 quo
1286 3873 1440 3930 pacto
1475 3859 1900 3928 aliterpossibile
1927 3859 2028 3914 erit

477 3953 889 4021 Christijugum
933 3952 1092 4015 ferre,
1144 3953 1248 4004 nisi
1296 3952 1416 4020 quis
1451 3950 1663 4003 incedat
1709 3964 1800 4017 per
1839 3963 2026 4002 omnes

482 4045 655 4094 aetatis
709 4041 906 4110 gradus
938 4041 1056 4094 sine
1106 4040 1338 4103 macula,
1383 4053 1571 4091 omnes
1609 4039 1766 4090 etiam
1808 4038 2029 4090 virtutes

486 4147 764 4195 exercens,
808 4148 942 4200 quas
995 4130 1235 4185 exercuit
1271 4131 1357 4181 ille
1389 4146 1482 4197 pro
1523 4129 1698 4191 nobis,
1735 4127 2027 4196 etquidem

486 4239 607 4275 cuni
634 4222 776 4274 Deus
802 4231 964 4286 esset,
994 4230 1046 4274 et
1071 4218 1329 4274 voluntati
1357 4220 1642 4286 potentiam
1692 4218 2028 4286 conjunctam

488 4323 539 4367 ct
565 4321 974 4368 concurrentem
1001 4313 1238 4373 haberet,
1270 4321 1553 4379 possetque
1586 4312 1739 4363 aliter
1767 4310 1919 4364 nobis
1945 4310 2030 4362 in-

489 4407 652 4472 gratis
693 4404 920 4456 salutem
952 4402 1170 4456 afferre?
1204 4401 1390 4455 Verum
1430 4403 1524 4463 illi,
1574 4404 1716 4470 quod
1749 4403 1800 4453 in
1833 4401 2028 4454 virtute

494 4493 826 4546 laboriosum
861 4501 960 4554 est,
986 4491 1326 4544 subscribens
1356 4493 1470 4559 (per
1500 4506 1658 4561 quam
1688 4492 1772 4556 iis,
1807 4491 1896 4557 qui
1927 4491 2032 4542 sal-

494 4596 702 4648 rantur,
746 4585 866 4637 εαξιὶ
930 4594 1095 4652 porta:
1138 4593 1288 4636 antea
1368 4584 1594 4637 occlusa:
1677 4581 2036 4650 aperiuntur)

497 4690 588 4742 per
619 4674 781 4725 vitam
818 4673 1089 4725 laboribus
1113 4674 1342 4739 plenam,
1371 4682 1620 4742 tanquam
1649 4673 1786 4725 Deus
1836 4687 1895 4723 ac
1928 4673 2030 4724 Do-

501 4765 680 4815 minus
706 4761 1198 4815 salutemomnibus
1221 4761 1625 4813 demonstravit.
1654 4760 1915 4810 Debemus
1943 4759 2035 4825 igi-

501 4864 588 4906 tur
620 4867 716 4919 pro
740 4851 917 4904 divina
939 4851 1164 4918 imagine
1182 4849 1403 4913 Christi,
1437 4851 1660 4918 ejusque
1685 4849 2035 4901 immaculata:

504 4959 564 4995 ac
597 4944 895 5010 purissima:
947 4941 1150 5004 Matris,
1180 4944 1413 5008 pericula
1449 4941 1648 5000 subire,
1686 4949 1742 4991 ut
1782 4939 2040 4992 adversus

505 5036 894 5087 moderatorem
928 5034 1106 5086 S:l'.(,‘ltii
1141 5034 1297 5100 hujus
1333 5048 1499 5099 usque
1525 5031 1587 5081 ad
1608 5033 1918 5096 sanguinem
1948 5031 2038 5081 de-

507 5133 796 5184 certantes,
831 5125 1050 5190 gratiam
1090 5124 1334 5177 invenire
1371 5107 1657 5188 possinufs,
1693 5122 2035 5186 quemadmo-

505 5213 630 5264 dum
656 5227 802 5267 sacra
834 5214 1123 5280 loquuntur
1147 5214 1385 5274 oracula,
1424 5212 1471 5261 in
1525 5209 1780 5261 auxilium
1841 5225 2036 5275 oppor-

507 5313 716 5358 tunum.
751 5303 842 5360 llis
883 5307 1109 5375 aliiSque
1155 5302 1455 5371 ltujusmodi
1487 5301 1668 5356 turritis
1695 5301 2036 5354 sermonibus

588 5450 606 5480 ³
641 5461 798 5514 iicbr.
830 5460 1009 5521 miG.
1078 5456 1133 5506 "l
1181 5456 1316 5508 Pctr.
1358 5471 1412 5514 il,
1454 5454 1534 5505 19.

522 5627 699 5664 cavere
751 5610 981 5661 Flor-itus
1037 5608 1325 5657 ttt‘stfii't‘i‘ul
1356 5644 1367 5662 ,
1397 5603 1706 5673 Gregorium
1741 5605 1808 5655 lli
1853 5606 1933 5655 hic
2007 5602 2247 5667 intelligit

522 5683 688 5736 eidem
720 5678 1030 5747 praesidebat
1061 5674 1114 5727 S.
1149 5675 1250 5728 Lco
1279 5675 1365 5726 ill.

2121 3219 2402 3299 ελοιδόρεί,
2459 3228 2551 3279 καὶ
2589 3227 2807 3296 πάσχων
2865 3227 2962 3279 οὐκ
2993 3226 3221 3294 ἠπείλει,
3275 3225 3560 3294 παρεδίδου
3609 3224 3668 3279 δὲ

2119 3323 2194 3388 τῷ
2225 3319 2458 3388 κρίνοντι
2491 3317 2727 3379 δικαίως,
2758 3316 2829 3378 ὡς
2864 3318 2895 3385 ὴ
2924 3316 3190 3386 κορυφαία
3223 3314 3327 3367 τῶν
3355 3315 3670 3369 ἀποστόλων

2119 3396 2355 3478 ἀκρότής
2382 3410 2409 3460 ό
2463 3407 2632 3476 μέγας
2657 3407 2858 3473 Πέτρος
2887 3404 3066 3473 φησίν.
3125 3403 3283 3456 Ἀλλὰ
3325 3404 3467 3457 δοκεῖ
3527 3421 3671 3456 τισιν

2121 3498 2360 3571 ἀλγεινὰ,
2386 3497 2473 3548 διὰ
2501 3497 2558 3548 τὸ
2583 3495 2712 3548 πολὺ
2740 3498 2836 3564 τῆς
2871 3494 3193 3564 αίσθήσεως,
3232 3490 3300 3547 ’.ὰ
3328 3495 3439 3554 τοῖς
3480 3492 3672 3561 σώμα-

2124 3608 2206 3643 σιν
2232 3588 2564 3656 ἐπιγόμενα.
2591 3586 2697 3637 Καὶ
2720 3585 2833 3646 πῶς
2865 3585 3037 3646 ἄλλως
3063 3583 3281 3637 δυνατὸν
3304 3583 3394 3637 τὸν
3433 3582 3672 3651 Χριστοῦ

2125 3677 2253 3748 ἆραι
2278 3676 2436 3744 ζυγὸν
2465 3718 2480 3740 ,
2513 3678 2560 3728 εἰ
2596 3679 2666 3745 μή
2697 3691 2778 3736 τις
2809 3673 3065 3726 διοδεύσει
3099 3673 3184 3725 διὰ
3214 3673 3399 3726 πασῶν
3419 3671 3530 3726 τῶν
3561 3670 3676 3742 ὴλιρ

2125 3769 2258 3823 κιών
2289 3769 2585 3838 ἀμέμπτως
2635 3764 2797 3820 αὑτοῦ
2849 3765 2942 3820 καὶ
2981 3763 3281 3833 δυνάμεων,
3317 3763 3490 3816 πάντα
3534 3760 3679 3827 γινό-

2126 3876 2285 3932 μενος
2315 3860 2412 3912 ὅσα
2442 3859 2638 3918 ἐκεῖνος
2670 3855 2807 3925 ὑπὲρ
2837 3855 3014 3924 ἡμῶν,
3058 3855 3152 3908 καὶ
3192 3853 3362 3907 ταῦτα
3407 3853 3538 3915 Θεὸς
3578 3847 3678 3913 ὧν,

2129 3951 2220 4002 καὶ
2247 3947 2538 4018 σύνδρομον
2572 3947 2710 4016 ἔχων
2753 3950 2815 4016 τῇ
2864 3945 3119 4015 βουλήσει
3147 3944 3242 4013 τὴν
3292 3943 3545 4012 δύναμιν,
3586 3942 3680 3994 καὶ

2128 4045 2414 4112 δυνάμενος
2441 4043 2612 4104 ἄλλως
2635 4042 2730 4110 τὴν
2754 4041 2908 4109 ἡμῶν
2938 4041 3044 4092 τῶν
3068 4037 3382 4108 ἀχαρίστων
3415 4053 3682 4104 πραγμα-

2094 4197 2098 4208 Ι
2128 4133 2413 4190 τεύσασοαι
2441 4132 2744 4201 σωτηρίως
2794 4131 2957 4184 Ἀλλὰ
2983 4129 3042 4181 τὸ
3067 4129 3318 4181 ἐπίπονον
3348 4127 3682 4194 ὑπογράφων

2130 4227 2227 4294 τῆς
2256 4225 2472 4293 ἀρετῆς,
2499 4223 2563 4275 δι’
2587 4217 2652 4292 ἧς
2676 4224 2784 4284 τοῖς
2839 4219 3161 4288 σωζομένοις
3189 4219 3244 4269 αί
3293 4215 3681 4283 ’κεκλασμέναι

2133 4315 2294 4365 πύλαι
2325 4313 2643 4378 ἀνοίγονται,
2695 4310 2761 4361 δι’
2794 4308 3050 4360 ἐπιπόνου
3099 4305 3236 4374 βίου,
3282 4303 3355 4365 ὡς
3394 4303 3527 4363 Θεὸς
3591 4298 3683 4354 καὶ

2135 4404 2423 4470 Δεσπότης,
2450 4401 2544 4470 τὴν
2579 4400 2847 4468 σωτηρίαν
2881 4399 3043 4449 πᾶσιν
3073 4389 3337 4455 ὑπέδειξε.
3364 4389 3554 4459 Χρεὼν
3582 4407 3686 4442 τοι·

2136 4491 2334 4561 γαροῦν
2361 4491 2495 4557 ὑπὲρ
2515 4489 2610 4556 τῆς
2643 4487 2958 4556 Θεανδρικῆς
2984 4483 3189 4544 εἰκόνος
3207 4480 3440 4551 Χριστοῦ
3466 4481 3564 4532 καὶ
3589 4482 3686 4548 τῆς

2137 4581 2296 4636 αὑτοῦ
2363 4580 2590 4648 ἀμώμου
2653 4579 2745 4629 καὶ
2801 4575 3176 4645 παναχράντου
3238 4568 3686 4642 προκινδυνεῦσαι

2137 4671 2374 4740 Μητρὸς,
2413 4671 2497 4720 ἴνα
2527 4668 2717 4737 μέχρις
2750 4667 2979 4735 αἵματος
3005 4666 3139 4734 πρὸς
3161 4663 3249 4714 τὸν
3271 4661 3684 4728 κοσμοκράτορα

2134 4757 2225 4807 τοῦ
2249 4756 2438 4815 αἰῶνος
2461 4754 2644 4805 τούτου
2669 4751 3195 4818 ἀντικαθιστάμενοι,
3229 4748 3382 4817 χάριν
3406 4745 3684 4812 ε’ύροιμεν,

2138 4847 2211 4909 ὡς
2239 4848 2304 4897 τὰ
2332 4846 2447 4914 ἱερά
2476 4861 2605 4912 φησι
2645 4845 2831 4909 Λόγια,
2858 4845 2936 4903 εἰς
2970 4843 3220 4908 εὔκαιρον
3248 4838 3514 4906 βοήθειαν.
3545 4831 3688 4885 Τού-

2137 4955 2246 4999 τοις
2271 4937 2362 4987 καὶ
2409 4934 2666 4993 τοιούτοις
2693 4931 2870 4993 ἄλλοις
2904 4930 3114 4999 μυρίοις
3167 4927 3364 4992 λογίοις
3393 4925 3514 4983 τοὺς
3547 4921 3688 4986 ὑπὲρ

2136 5026 2364 5096 Χριστοῦ
2383 5023 2859 5091 ἐγκεκλεισμένους
2885 5021 3175 5089 ὑπήλειφε,
3211 5015 3386 5075 διὀὒς
3419 5013 3557 5080 τάχα
3591 5009 3686 5060 καὶ

2138 5117 2268 5184 πρὸς
2300 5117 2457 5181 ἄλλην
2496 5104 2855 5178 στελλόμενος,
2887 5109 2981 5178 τὴν
3007 5109 3098 5159 ἐπὶ
3148 5107 3366 5176 Κρήτην
3404 5099 3536 5153 Θεοῦ
3592 5101 3686 5166 ἀρ-

2145 5210 2286 5279 ρήτῳ
2316 5209 2453 5273 λόγῳ
2485 5204 2795 5265 κατέλαϐεν,
2823 5203 2908 5253 ἵνα
2939 5201 3031 5252 καὶ
3061 5200 3217 5268 νῆσος
3246 5197 3392 5247 πᾶσα
3417 5194 3510 5245 καὶ
3537 5192 3691 5258 ἠπει-

2145 5317 2230 5367 ρος
2256 5297 2343 5348 τὸν
2374 5297 2483 5363 βίον
2515 5295 2664 5362 γνοίη
2697 5293 2784 5346 τοῦ
2836 5292 3100 5360 μάκαρος,
3133 5288 3225 5340 καὶ
3271 5284 3409 5356 μετᾶ
3444 5280 3538 5332 τοῦ
3575 5280 3691 5349 βίου

2291 5611 2410 5653 :ast
2473 5599 2642 5652 Leone
2695 5599 2926 5650 At‘meno
2974 5603 3317 5664 persequente
3375 5591 3688 5644 Ecclesium.

3794 62 3833 686 1

3851 1530 3853 1586 1

3851 1592 3855 1672 1

3855 1682 3857 1754 1

3857 1770 3859 1836 1

3859 1860 3861 1918 1

3861 1950 3863 1994 l
