3926 6308
381 238 492 315 95's
584 224 585 227 γ

1466 253 1524 311 s.
1566 249 1878 313 JOSEPHl
1921 226 2477 309 HYMNOGRAPHI

3496 242 3618 306 960

384 362 487 417 fuit
519 360 767 432 generosi
790 358 954 430 hujus
977 373 1072 430 per
1089 359 1402 415 Cretensem
1436 361 1707 430 regionem
1725 360 1941 414 discur-

2061 376 2149 428 μος
2169 374 2182 388 ⁸
2209 351 2449 411 τοιοῦτον
2468 357 2528 410 τὸ
2554 354 2890 427 καλλιέρημα
2915 355 2943 409 ὁ
2959 354 3301 426 αίχμάλωτος
3324 352 3404 423 τῷ
3431 350 3620 416 οὕτως

284 496 287 499 γ
387 469 502 510 sus.
528 451 846 521 Huiusmodi
874 452 1170 515 victimam,
1190 466 1311 506 cum
1331 450 1573 518 captivus
1591 451 1947 517 detineretur,

386 541 625 611 Deo,qui
656 542 728 594 ita
747 554 832 594 res
856 556 983 595 suas
1002 540 1345 609 diSpouebat,
1378 540 1751 604 consecravit,
1782 554 1845 593 ac
1871 538 1950 593 fe-

391 633 565 686 liciter
587 642 765 685 votum
795 648 952 685 suum
971 642 1256 686 assecutus
1280 640 1383 694 est,
1408 632 1759 699 animumque
1781 629 1950 683 hone-

386 724 540 777 stalis
580 724 812 777 amicum
849 723 1101 792 explevit.
1146 721 1279 776 Nam
1310 723 1432 777 licet
1466 732 1609 777 esset
1644 722 1695 775 in
1732 721 1946 785 exsilio,

390 823 549 883 atque
576 814 628 868 in
660 829 894 877 carcere,
930 813 1166 883 linguam
1198 821 1378 868 tamen
1402 813 1624 867 liberam
1656 812 1721 865 ad
1756 812 1952 881 praedi-

388 905 616 958 caudam
689 906 941 973 pietatem
972 922 973 925 η
1004 920 1066 958 ac
1088 904 1402 973 religionem
1470 918 1683 971 semper
1736 901 1945 956 habuit.

389 990 667 1046 Pressuris
687 992 1117 1060 angustiabatur,
1138 990 1313 1045 etDeo
1333 1000 1600 1062 martyres
1620 992 1952 1044 transmitte-

393 1080 484 1133 bat
511 1098 525 1133 :
567 1081 773 1136 catenis
799 1082 1148 1146 gravabatur,
1176 1090 1230 1136 et
1263 1081 1458 1136 multos
1491 1096 1522 1136 ει
1552 1080 1735 1137 sicarii
1757 1078 1948 1134 Tarta-

396 1170 468 1222 rei
500 1172 750 1225 manibus
774 1172 1051 1225 liberabat.

460 1260 555 1313 22.
591 1261 695 1313 Sed
725 1260 1030 1329 qualisnam
1084 1260 1247 1315 fuerit
1280 1263 1424 1316 illius
1444 1262 1509 1315 ad
1539 1261 1725 1315 urbem
1750 1258 1952 1331 regiam

396 1366 679 1418 regressus
708 1366 1066 1419 exponamus.
1090 1351 1206 1425 Nox
1235 1353 1321 1406 illa
1357 1362 1494 1416 erat,
1535 1353 1587 1405 iu
1619 1368 1725 1421 qua
1754 1351 1954 1421 Qhristi

395 1441 640 1495 Natalitia
683 1443 961 1496 consuevit
988 1442 1227 1497 Ecclesia
1283 1445 1575 1498 celebrare.
1620 1444 1946 1514 Josephau-

332 1538 335 1542 '
396 1543 499 1585 tem
526 1547 648 1584 cum
682 1532 844 1601 pedes
881 1535 1236 1602 compedibus
1294 1536 1719 1598 constrictos,et
1756 1535 1952 1588 collum

394 1623 602 1677 catenis
626 1633 905 1691 gravatum
933 1625 1176 1689 haberet,
1203 1635 1366 1679 totam
1391 1626 1534 1679 illam
1560 1637 1771 1680 noctem
1794 1625 1847 1679 iu
1866 1626 1951 1679 di-

2049 448 2419 519 οίκονομοῦντι
2448 448 2517 500 τά
2545 450 2666 501 κατ’
2696 447 2859 527 auch}
2886 446 3006 517 Θεῷ
3026 446 3352 515 ἀφιέρωσεν.
3393 444 3623 513 Ύιτέρ⁸

2053 530 2179 604 ευγε
2207 537 2305 608 τῆς
2350 534 2599 604 γνώμηςί
2635 535 2904 605 ὑπέρευγε
2933 535 3030 603 τῆς
3060 532 3355 600 φιλοκάλου
3392 531 3615 601 ψυχῆςι

2050 629 2132 682 ὅτι
2165 628 2259 681 καὶ
2306 629 2363 681 ὲν
2393 626 2659 697 ὑπερορίᾳ
2701 626 2794 679 καὶ¹
2843 627 2900 678 ὲν
2936 625 3147 694 φρουρᾷ
3190 622 3450 692 ἀσίγητον
3488 619 3620 691 εἶχε

2051 717 2149 788 τὴν
2181 717 2449 785 γλῶσσαν,
2482 716 2616 785 μετὰ
2643 715 2953 787 παρρησίας
2996 713 3475 785 άνακηρύττουσαν
3508 713 3623 781 τὴν

2053 808 2355 862 εὐσέϐειαν.
2410 808 2850 877 Ἐστενοχωρεττο
2898 806 3021 866 ταῖς
3066 803 3299 873 ouem,
3348 804 3444 854 καὶ
3486 801 3625 870 Θεῷ

2054 900 2368 970 προσήγαγε
2403 899 2680 968 μάρτυρας
2704 911 2718 925 ·
2758 895 3050 967 ἐϐαρύνετο
3078 897 3192 956 τοῖς
3227 894 3471 962 δεσμοῖς,
3507 890 3629 944 καὶ

2053 989 2279 1063 πολλοὺς
2303 989 2585 1058 ἑλυτροῦτο
2613 988 2720 1043 τῶν
2748 987 2841 1041 τοῦ
2868 985 3204 1057 παλαμναίου
3229 983 3453 1055 χειρῶνι

2130 1276 2233 1347 κβ’.
2264 1275 2405 1329 Ἀλλ’
2432 1275 2517 1328 οἷα
2536 1274 2629 1328 καὶ
2664 1276 2695 1344 ἡ
2729 1272 2893 1328 αὐτοῦ
2936 1274 3095 1327 πάλιν
3142 1272 3278 1343 πρὸς
3305 1272 3405 1343 τὴν
3448 1270 3617 1339 βασι-

2054 1369 2313 1423 λεύουσαν
2349 1366 2737 1432 ὲπανάζευξιςς
2787 1366 2848 1418 'H
2876 1366 2971 1431 νὺξ
3006 1363 3190 1433 παρῆν
3226 1365 3314 1417 ὅτε
3368 1364 3471 1431 τὴν
3500 1362 3631 1414 τῶν

2054 1460 2338 1529 γενεθλίων
2362 1459 2455 1512 τοῦ
2477 1457 2711 1527 Χριστοῦ
2740 1458 2950 1527 ἡμέραν
2974 1458 3006 1525 ἡ
3045 1454 3338 1523 Ἐκκλησία
3374 1453 3621 1506 εἰθισται

2054 1552 2222 1603 τελεῖν
2245 1566 2260 1580 ο
2290 1551 2319 1603 ὁ
2342 1549 2397 1602 δὲ
2447 1549 2538 1601 καὶ
2573 1548 2713 1617 ξύλῳ
2757 1547 2847 1599 τὸν
2871 1545 3005 1597 πόδα
3050 1543 3458 1612 ίκπιεζὸμενος,
3514 1542 3619 1594 καὶ

2054 1642 2164 1702 τοῖς
2192 1640 2388 1701 κλοιοῖς
2409 1638 2499 1691 τὸν
2524 1637 2791 1708 τράχηλον
2833 1634 3382 1703 κατακαμπτόμενος,
3407 1630 3622 1684 παννύ-

396 1712 537 1766 vinis
557 1713 811 1767 laudibus
842 1714 1199 1768 concineudis
1227 1715 1324 1776 illi,
1368 1716 1460 1783 qui
1493 1724 1709 1783 propter
1738 1732 1835 1770 nos
1882 1715 1953 1769 si-

2061 1747 2171 1799 χιον
2193 1729 2434 1782 ἐπετέλει
2460 1701 2871 1800 τὴν-ὑμνῳδίαν,
2906 1727 2997 1779 καὶ
3152 1701 3218 1777 διί
3275 1724 3420 1793 ἡμᾶς
3473 1720 3623 1790 ὑπὲρ

397 1803 541 1856 milis
584 1794 1107 1858 nobisiuell'abiliter
1145 1800 1322 1859 lactus
1340 1814 1444 1869 est,
1494 1805 1783 1874 transegit;
1829 1821 1957 1874 pro-

397 1893 552 1947 duxit
582 1903 761 1947 autem
793 1910 977 1950 sacros
1001 1896 1227 1965 hymnos
1252 1889 1426 1967 usque
1448 1896 1515 1951 ad
1546 1899 1672 1968 galli
1693 1907 1914 1953 cantum
1941 1916 1955 1965 ;

400 2000 525 2037 cum
557 1999 686 2039 ecce
713 1986 895 2041 subito
920 1987 1140 2056 quidam
1182 2003 1353 2045 cauus
1402 1989 1666 2055 crinibus,
1706 1992 1958 2045 sacerdo-

400 2075 493 2128 tali
525 2087 683 2130 veste.
724 2076 967 2143 indutus,
1019 2080 1246 2149 gratiam
1279 2080 1427 2134 vultu
1466 2082 1788 2135 emicantem
1849 2098 1961 2151 prae

405 2183 462 2221 se
494 2166 698 2234 ferens,
729 2170 800 2221 illi
835 2175 1103 2239 apparuit,
1136 2186 1370 2238 eumque
1395 2156 1465 2224 ita
1515 2172 1781 2227 allocutus
1833 2184 1915 2228 est
1945 2191 1959 2227 :

409 2275 429 2307 ι
458 2256 638 2322 Nuper
660 2273 725 2311 ex
757 2259 989 2329 Myrensi
1023 2249 1196 2330 Lyciae
1213 2261 1429 2316 civitate
1444 2262 1752 2327 discedens,
1812 2263 1878 2317 ad
1914 2272 1965 2318 te

405 2356 459 2401 et
487 2348 553 2400 ad
607 2358 749 2401 tuam
780 2350 1099 2403 cliaritatem
1141 2351 1367 2415 deveni;
1399 2351 1513 2416 Dei,
1557 2362 1775 2420 propter
1806 2368 1963 2427 quem

404 2438 619 2491 laboras
642 2454 703 2492 ac
730 2439 996 2507 decertas,
1016 2441 1356 2496 velocissima
1395 2450 1616 2511 urgente
1668 2443 1963 2498 celeritate.

2059 1820 2214 1889 λόγον
2243 1821 2527 1889 καθ’ήμᾶς
2555 1818 2775 1887 ὀφθέντι
2796 1815 3015 1887 Χριστῷ
3038 1814 3424 1885 -παρετείνετο,
3451 1813 3622 1882 μέχρι

2062 1913 2155 1965 καὶ
2184 1912 2553 1980 ἀλεκτρυόνων
2581 1909 2753 1981 ᾠδῶν.
2783 1909 2891 1962 Καὶ
2914 1908 2989 1979 δὴ·
3028 1905 3313 1975 ἐφίσταταί
3343 1923 3425 1967 τις
3466 1903 3621 1972 ὑπὲρ

2064 2002 2235 2074 [ὕπαρ
2256 2001 2301 2073 ?]
2329 1992 2520 2070 ἀθρόον
2542 2042 2558 2067 ,
2583 1998 2763 2061 πολιὸς
2792 1998 2889 2068 τὴν
2917 1997 3098 2067 τρίχα,
3132 1993 3467 2064 ἱεροπρεπὴς
3515 1991 3634 2061 τὴν

2063 2092 2285 2161 ἐσθῆτα,
2334 2089 2736 2159 ἀγλαῖξομένην
2764 2090 2840 2156 τῷ
2870 2087 3145 2159 προσώπῳ
3174 2086 3334 2156 χάριν
3358 2082 3627 2153 ἐπιφερόευ

2068 2199 2248 2253 μενος,
2280 2181 2522 2250 καὶπρὸς
2542 2180 2701 2233 αὑτὸν
2722 2179 2845 2247 ἀρτι
2877 2177 3071 2254 φησίν·
3101 2193 3121 2227 ι
3162 2176 3255 2226 Ἐκ
3284 2174 3489 2241 Μύρων
3518 2170 3627 2237 τῆς

2065 2272 2270 2334 Δυκίας
2290 2272 2526 2341 ἀπάρας,
2566 2270 2701 2340 πρὸς
2728 2269 2787 2321 σὲ
2812 2268 2904 2321 καλ⁵
2940 2268 3039 2338 τὴν
3077 2268 3175 2337 σὴν
3200 2266 3420 2335 ἀγάπην
3440 2264 3557 2333 ἀπή
3570 2281 3631 2315 δ-

2067 2374 2224 2425 τησα,
2246 2358 2379 2410 Θεοῦ
2406 2358 2472 2415 δι’
2503 2358 2560 2410 ὃν
2574 2357 2810 2419 ὲναθλεῖς
2827 2357 3049 2426 ἀπτέρῳ
3074 2355 3228 2425 τάχει
3245 2354 3345 2425 μὲν
3364 2352 3631 2408 κατεπεί-

2067 2464 2279 2516 γοντος’
2314 2448 2407 2501 καὶ⁵
2435 2448 2497 2517 δή
2526 2446 2697 2500 σοιτά
2726 2447 2945 2517 θυμήρη
2967 2446 3110 2514 λέγω
3157 2445 3513 2515 ἀγγελτήρια,
3546 2445 3631 2507 ὡς

405 2530 644 2598 Apporto
672 2542 848 2585 autem
875 2533 967 2586 tibi
993 2543 1142 2602 grata
1194 2550 1257 2587 ac
1302 2534 1491 2589 festiva
1556 2536 1790 2589 nuntia:
1857 2536 1953 2591 ille.

2068 2539 2096 2589 δ
2127 2539 2223 2607 μὲν
2252 2538 2349 2607 τὴν
2394 2538 2716 2606 Ἐκκλησίαν
2775 2536 2975 2602 κυκῶν,
3010 2538 3103 2589 καὶ
3146 2538 3631 2605 κατασπαράττειν

408 2621 501 2689 qui
537 2622 829 2675 Ecclesiaut
864 2623 955 2677 Dei
986 2626 1312 2692 exagitabat,
1368 2634 1422 2679 et
1446 2640 1573 2680 oves
1603 2625 1801 2681 Christi
1820 2628 1953 2680 dila-

2070 2627 2361 2697 ἐπιχειρῶν
2390 2627 2457 2680 τὰ
2485 2626 2732 2696 πρόϐατα
2757 2626 2850 2679 τοῦ
2886 2626 3145 2697 Χριστοῦ,
3168 2625 3501 2696 παρἀλυθεὶς
3523 2627 3631 2695 τῆς

404 2714 565 2767 ηηίιιιό
614 2714 1047 2786 aggrediebatur,
1109 2717 1336 2785 imperio
1394 2718 1658 2786 privatus,
1713 2727 1953 2787 tauquau‘

2072 2718 2264 2787 ἀρχῆς,
2322 2720 2431 2781 τοῖς
2478 2718 2685 2770 ἐκεῖθεν
2736 2717 3137 2787 δικαιωτηρίοις
3191 2716 3266 2779 ὡς
3304 2717 3498 2783 ἐναγὴς
3547 2720 3635 2780 είς

408 2804 756 2858 exsecrabilis
785 2820 848 2859 ac
875 2806 1243 2869 detestandus,
1294 2806 1487 2861 futuris
1508 2808 1728 2876 judiciis
1748 2810 1799 2861 iu
1828 2808 1953 2862 dieu

2075 2810 2283 2879 ἡμέραν
2318 2810 2737 2878 ἀποκαλύψεως,
2792 2808 2867 2871 ῶς
2908 2825 3041 2877 φησι
3077 2807 3306 2869 Παῦλος,
3357 2809 3633 2877 ἀποτετή-

411 2895 780 2958 revelatiouis,
808 2897 1264 2964 quemadmodum
1293 2900 1494 2953 Paulus
1542 2900 1779 2968 loquitur
1797 2902 1838 2963 ',
1885 2916 1953 2954 re-

2079 2919 2235 2972 ρηται
2258 2916 2271 2931 ο
2298 2903 2355 2953 σὲ
2383 2902 2439 2954 δὲ
2469 2902 2640 2970 χρεὼν
2666 2901 2763 2969 τὴν
2793 2900 3038 2969 βασιλίδα
3076 2900 3423 2961 καταλαϐεῖν,
3457 2901 3533 2962 ὠς
3565 2901 3640 2952 ἂν

413 2994 662 3039 servatus
692 2995 793 3041 est.
836 2984 909 3039 'l‘e
942 2998 1119 3041 autem
1148 3000 1360 3058 oportet
1389 2989 1439 3042 iu
1468 2989 1665 3058 regiam
1696 2989 1953 3043 eivitateu

2075 2991 2425 3062 ὲπιστηρίξῃς
2485 2991 2711 3077 πολλοὺς
2761 2994 2827 3061 τῇ
2876 2990 3133 3060 δεδομένῃ
3192 3008 3271 3043 σοι
3317 2988 3470 3059 παρὰ
3537 2990 3639 3042 τοῦ

414 3079 763 3142 conten-dere,
800 3080 1163 3133 utconlu-mes
1190 3080 1452 3147 plurimos
1476 3080 1645 3149 gratia
1670 3080 1765 3134 tibi
1794 3098 1820 3133 a
1845 3080 1953 3150 Spi-

2074 3080 2386 3150 Πνεύματος
2414 3072 2615 3150 χάριτι.
2655 3081 2809 3148 Πλὴν
2830 3079 2964 3132 ἀλλά
2993 3080 3171 3132 λαϐὼν
3231 3079 3329 3148 τὴν
3372 3078 3639 3146 κεφαλίδα

416 3170 522 3221 ritu
563 3179 750 3224 saneto
772 3184 1050 3223 concessa.
1085 3169 1187 3223 Sed
1214 3172 1364 3238 prius
1394 3171 1578 3240 accipe
1616 3171 1714 3226 hoc
1758 3174 1953 3240 capitu'

2073 3172 2293 3241 ταύτην,
2329 3171 2609 3237 κατάφαγε
2643 3170 2824 3241 (ἐῴκει
2854 3172 2960 3239 γὰρ
3007 3170 3407 3240 παρακατέχειν
3452 3173 3518 3239 τῇ
3543 3170 3635 3222 δε-

413 3256 547 3321 ιιιιιι,
579 3269 631 3313 et
658 3262 881 3315 comede
918 3261 1102 3315 illud.»
1134 3260 1430 3315 Videbatur
1450 3272 1631 3317 autem
1672 3264 1869 3318 habere
1920 3265 1953 3317 ii

2078 3264 2164 3335 ξιᾷ
2190 3264 2360 3334 βραχύ
2395 3282 2448 3317 τι
2483 3265 2663 3333 βίϐλου
2700 3262 3041 3333 ἀπότμημα).
3079 3282 3097 3314 ›
3150 3262 3207 3315 '0
3245 3262 3301 3315 δὲ
3348 3261 3635 3330 ἑνηδύνετο

417 3348 639 3403 dextera
665 3352 917 3420 exiguum
947 3352 1234 3419 quemdam
1269 3352 1531 3405 libellum.
1562 3351 1659 3407 Hic
1696 3368 1823 3407 vero
1839 3355 1953 3408 scri'

2083 3357 2180 3425 μὲν
2216 3360 2281 3427 τῇ
2318 3361 2523 3427 γραφῇ,
2554 3357 2666 3423 καὶ,
2696 3374 2714 3406 ι
2737 3357 2823 3418 Ὠς
2848 3355 2998 3429 ἡδέα,
3035 3354 3209 3421 ἔλεγε,
3244 3352 3321 3422 τῷ
3365 3354 3642 3422 νοουμένῳ

417 3449 587 3508 ριιιιτε
634 3443 849 3510 quidem
907 3443 1052 3498 illius
1108 3450 1393 3498 venustate
1453 3444 1863 3499 delecxabatur:
1912 3463 1953 3500 e:

2075 3446 2307 3515 λάρυγγι
2340 3449 2437 3515 τῆς
2483 3445 2661 3514 ψυχῆς
2682 3445 2748 3497 τὰ
2770 3443 3125 3513 γεγραμμένα
3153 3441 3334 3495 ταυτίί
3368 3460 3386 3492 ι
3424 3436 3552 3510 Εἶχε
3580 3440 3638 3491 δὲ

418 3548 566 3598 vero,
592 3550 711 3603 quae
741 3534 813 3588 ibi
847 3536 1045 3604 scripta
1063 3546 1239 3599 erant,
1274 3530 1517 3589 interiori
1543 3538 1737 3591 animze
1759 3544 1953 3606 guttun

2080 3538 2113 3607 ή
2136 3535 2320 3606 γραφὴ
2357 3536 2494 3588 κατὰ
2517 3534 2659 3600 λέξιν
2679 3533 2869 3597 οὕτως·
2906 3553 2925 3586 ι
2959 3534 3293 3603 Τάχυνονὼς
3318 3532 3639 3601 οἰκτίρμων,

419 3625 742 3677 suavissime
774 3625 1055 3678 recitabat.
1087 3625 1449 3678 Erautautem
1476 3626 1527 3679 in
1560 3627 1822 3680 eolibello
1844 3627 1952 3682 scri

2082 3628 2172 3679 καὶ
2204 3624 2435 3678 σπεῦσον
2462 3626 2535 3687 ὡς
2560 3624 2806 3693 ἐλεήμων
2836 3625 2915 3686 είς
2939 3624 3039 3692 τὴν
3071 3623 3320 3692 βοήθειαν
3352 3620 3528 3690 ἡμῶν,
3555 3619 3640 3672 ὅτι

422 3726 509 3781 pta
541 3716 652 3769 haec
678 3717 836 3769 verba
864 3734 876 3768 :
912 3735 929 3765 ι
965 3716 1223 3770 Accelera
1270 3725 1531 3782 tanquam
1570 3718 1901 3782 misericors,
1928 3734 1953 3770 e

2080 3717 2299 3769 δύνασαι
2327 3714 2667 3785 βουλόμενος.
2691 3734 2707 3765 ι
2732 3713 2839 3766 Καὶ
2864 3713 2940 3777 ὡς
2962 3712 3366 3782 ταῦτα,ψάλλειν
3386 3710 3639 3780 ἐμμελῶς

423 3803 614 3859 festina
644 3815 897 3874 tauquam
924 3807 1207 3860 miserator
1233 3807 1284 3860 in
1333 3807 1664 3875 adjutorium
1696 3818 1941 3860 nostrum

2082 3809 2221 3877 ἄγαν
2246 3808 2338 3860 καὶ
2366 3806 2602 3876 λιγυρῶς
2637 3805 2934 3875 ἐκελεύσθη
2964 3806 3113 3874 παρά
3143 3804 3236 3857 τοῦ
3268 3804 3410 3855 θείου
3448 3802 3638 3869 ἀνδρὸς

426 3906 574 3963 putes
599 3898 764 3959 enim,
790 3898 833 3951 si
864 3897 961 3950 vis.
1004 3916 1020 3948 ι
1054 3898 1119 3950 Ει
1143 3898 1231 3950 ubi
1265 3882 1452 3966 jussus
1483 3912 1512 3949 a
1538 3897 1721 3951 divino
1744 3898 1834 3952 illo
1868 3899 1953 3952 viri

2084 3901 2313 3963 ἐκείνου,
2351 3901 2449 3970 ὁρᾷ
2481 3899 2579 3967 μὲν
2608 3898 2795 3969 ἑαμτδν
2822 3898 2920 3965 τῆς
2954 3896 3253 3963 ποδοκάκης
3280 3892 3637 3955 ἀπολυθέντα,

423 3986 708 4041 cecinisset
737 3990 846 4041 haec
877 4004 1000 4041 cum
1030 4004 1243 4042 summa
1281 3987 1567 4042 dulcedine
1595 4004 1658 4042 ac
1697 3989 1953 4044 suavitate

2085 3995 2208 4054 τοὺς
2234 3994 2279 4045 δ’
2309 3994 2367 4045 ὲν
2421 3992 2497 4063 τῷ
2548 3993 2802 4062 τραχήλῳ
2835 3993 3046 4055 κλοιοὺς
3089 3992 3372 4060 κειμένους
3417 3992 3479 4041 ὲν
3533 3990 3642 4049 τοῖς

428 4080 641 4147 aspexit
700 4080 937 4147 scipsum
971 4096 999 4133 a
1055 4079 1406 4147 compedibus
1457 4079 1733 4133 solutum:
1765 4088 1952 4134 catena

2087 4085 2231 4136 ποσί·
2254 4086 2365 4147 καὶ,
2404 4103 2421 4134 ι
2450 4085 2793 4153 Παρομάρτει
2822 4101 2933 4153 μοι,
2967 4100 2986 4133 ι
3008 4083 3174 4150 ἡκουε
3197 4082 3324 4151 παρ’
3342 4078 3526 4133 αὐτοῦ·
3552 4079 3643 4131 καὶ

426 4185 576 4235 vero,
605 4171 801 4239 quibus
828 4171 1025 4223 collum
1054 4172 1329 4239 alligatum
1361 4180 1497 4235 erat,
1520 4180 1644 4225 ante
1670 4172 1830 4239 pedes
1862 4188 1953 4225 suo

2090 4173 2155 4241 (ὣ
2208 4172 2301 4225 τοῦ
2352 4173 2666 4242 θαύματοςῑ
2717 4173 2762 4226 ὢ
2806 4175 2903 4240 τῆς
2952 4174 3173 4242 ταχείας
3216 4170 3567 4241 ἐπικουρίαςὶ
3598 4168 3641 4222 ὣ

424 4261 686 4330 jacentes,
742 4272 793 4314 ct
831 4262 1035 4314 audivit
1086 4246 1237 4315 illum
1285 4261 1547 4315 dicentem
1596 4276 1659 4315 τι
1749 4263 1953 4329 Sequer

2090 4266 2195 4317 τῶν
2225 4264 2601 4334 ἀνεκλαλήτων
2648 4266 2741 4316 καὶ
2770 4264 3089 4334 παραδόξων
3118 4262 3419 4333 τεραστὶων
3455 4259 3640 4324 Θεοῦι)

432 4368 539 4407 me.
571 4370 588 4402 ι
612 4353 699 4412 Ει.
723 4370 755 4406 o
782 4354 1095 4406 miraculum
1123 4354 1134 4405 !
1162 4368 1194 4406 ο
1222 4355 1405 4407 auxilii
1438 4356 1798 4408 celeritatem!
1827 4371 1858 4407 ο
1890 4354 1953 4408 De

2089 4358 2328 4427 ἀοράτως
2364 4358 2539 4426 ὡρᾶτο
2597 4357 2688 4409 τὸν
2756 4356 2937 4424 ἀναφῆ
2978 4356 3277 4423 διατέμνων
3327 4353 3487 4423 ἀέρα,
3548 4352 3639 4403 καὶ

432 4444 671 4515 prodigia
699 4444 987 4498 inell‘abilia
1028 4457 1187 4515 atque
1218 4447 1560 4505 admiranda!
1591 4448 1882 4503 invisibilis
1910 4449 1953 4502 vi

2089 4448 2384 4517 ὑπηνέμιος
2420 4448 2605 4517 ὥσπερ
2654 4446 2787 4516 πρὸς
2825 4446 2922 4516 τὴν
2975 4446 3217 4515 μεγάλην
3272 4444 3381 4518 τῶν
3438 4442 3641 4495 πόλεων

432 4537 660 4590 debatur
708 4537 965 4591 intactum
1001 4554 1177 4593 aerem
1214 4539 1505 4602 dissecare,
1544 4549 1598 4593 et
1629 4541 1771 4594 celer
1811 4541 1949 4593 iusta

2090 4538 2361 4602 ἀπιεθτῶν.
2389 4536 2661 4599 Τοιούτοις
2700 4533 2807 4589 οἶδε
2858 4534 2986 4597 Θεὸς
3017 4537 3128 4596 τοῖς
3170 4524 3387 4603 πτεροῖς
3436 4529 3638 4594 δεξιοῦ-

434 4626 562 4681 Euri
598 4628 661 4681 ad
698 4629 937 4682 omnium
974 4631 1263 4683 ma’timam
1292 4630 1558 4685 civitatem
1605 4646 1825 4685 cursum
1859 4632 1953 4684 diri

2094 4631 2215 4683 σθαι
2244 4631 2368 4693 τοὺς
2410 4630 2507 4702 τὴν
2534 4629 2743 4683 ἑαυτῶν
2772 4627 2997 4697 καρδίαν
3018 4626 3153 4697 πρὸς
3175 4627 3380 4679 ἐκεῖνον
3409 4626 3644 4677 ἀναπτε-

438 4733 580 4787 gere.
610 4718 991 4788 llujuscemodi
1040 4722 1141 4775 alis
1174 4723 1317 4775 novit
1352 4721 1491 4777 Deus
1539 4722 1769 4775 feliciter
1822 4721 1991 4776 dedu-
2095 4721 2394 4793 ρώσαντας.

437 4824 579 4875 cere,
611 4810 703 4878 qui
734 4825 827 4864 cor
854 4826 1009 4864 suum
1032 4812 1096 4865 ad
1123 4812 1271 4864 illum
1304 4811 1507 4867 faciunt
1540 4811 1777 4863 evolare.

507 4901 598 4954 23.
632 4899 743 4954 Hoc
765 4916 895 4955 sane
926 4903 1241 4957 miraculum
1264 4905 1330 4957 ad
1362 4904 1523 4956 Deum
1552 4903 1766 4970 hymnis
1787 4903 1953 4956 collau

2164 4901 2268 4971 κγ’.
2320 4902 2475 4955 Ἀλλὰ
2507 4902 2615 4971 γὰρ
2644 4901 2702 4954 τὸ
2725 4901 2821 4969 μὲν
2854 4900 3035 4968 θαῦμα
3067 4898 3201 4969 πρὸς
3231 4896 3503 4965 ὑμνῳδίαν
3531 4898 3646 4949 ἐκί-

442 4991 678 5045 dandum
707 4990 905 5062 Joseph
934 4993 1213 5060 incitabat;
1253 4994 1382 5047 illud
1430 5006 1556 5045 vero
1606 4994 1747 5061 quod
1805 4995 1953 5047 deind

2096 5006 2173 5042 νει
2212 4991 2394 5042 τοῦτον
2419 4990 2571 5052 Θεοῦ,
2600 4990 2660 5041 τὺ
2691 4989 2746 5041 δὲ
2783 4988 2992 5058 συμϐὰν
3054 4989 3187 5057 πρὸς
3216 4987 3481 5055 ὀδυρμοὺς
3514 5003 3649 5055 παρ-

444 5083 661 5148 accidit,
715 5085 780 5138 ad
811 5087 1073 5156 lacrymas
1124 5096 1177 5141 et
1207 5086 1362 5139 ﬂetus
1428 5084 1697 5137 excitavit.
1744 5083 1953 5137 NOIIdUI

2097 5081 2227 5133 ῶθει
2260 5083 2352 5133 καὶ
2402 5082 2629 5159 δάκρυα.
2687 5079 2853 5133 Οὔπω
2886 5079 2993 5150 γὰρ
3045 5079 3177 5131 πᾶσι
3229 5079 3342 5138 τοῖς
3395 5074 3648 5128 ποθοῦσιν

446 5174 590 5228 enim
625 5176 693 5229 ab
713 5176 980 5242 omnibus,
1013 5178 1103 5246 qui
1128 5190 1251 5229 eum
1301 5172 1554 5226 amabant
1602 5187 1666 5227 ac
1723 5173 1953 5226 desidera

2098 5174 2296 5241 ὀφθεὶς,
2338 5173 2720 5241 ἀναμανθάνει,
2752 5172 2827 5234 ὡς
2848 5173 2875 5223 ὀ
2902 5171 3040 5233 θεῖος
3072 5169 3390 5239 Γρηγόριος,
3417 5167 3479 5219 τὸ
3527 5184 3643 5218 κοι-

448 5266 598 5333 bant,
631 5279 949 5338 conspectus
975 5270 1169 5330 fuerat,
1205 5252 1831 5339 cumvaudivit,diviuum
1867 5263 1953 5317 Grt

2101 5265 2187 5314 νὸν
2217 5261 2603 5331 παρηγόρημα,
2641 5261 2703 5312 τὸ
2748 5259 2855 5312 τῶν
2901 5256 3238 5327 Ἐκκλησιῶν
3271 5253 3524 5324 ἀληθινὸν
3550 5272 3647 5306 πε-

449 5361 678 5428 gorium,
726 5376 1070 5420 communem
1116 5360 1357 5413 omnium
1410 5358 1857 5418 consolationem.
1908 5372 1953 5425 ψ

2105 5352 2397 5421 ριλάλημα,
2458 5354 2516 5402 τὸ
2575 5351 2813 5420 ἔμψυχον
2871 5349 2981 5401 τῶν
3032 5346 3241 5415 ἀρετῶν
3285 5344 3647 5412 ἀποτύπωμα,

454 5468 700 5509 verarum
732 5454 1094 5510 Ecclesiarum
1110 5465 1203 5507 ore
1216 5451 1610 5519 celebrabatur,
1627 5461 1680 5508 et
1699 5452 1953 5506 auimatw

2108 5444 2313 5505 πολλοῖς
2344 5445 2604 5513 καμάτοις
2639 5440 3051 5511 κατακαμφθεὶς
3082 5438 3174 5492 καὶ
3211 5436 3407 5500 πόνοις·
3442 5436 3649 5508 ἀμυθή-

522 5634 542 5663 ⁸
560 5633 717 5686 Rern.
750 5649 814 5698 ιι,
836 5590 941 5683 25.
