3926 6308
323 253 429 317 961

1873 255 2040 314 ἨΤΑ
2053 302 2066 317 .

3450 271 3556 334 9ὑ9

320 393 443 440 τοις
481 373 831 436 κατατακεὶςμ,
869 372 1003 442 πρὸς
1036 371 1095 424 δν
1124 371 1309 424 ἐπόθει
1333 371 1466 424 Θεὸν
1496 371 1851 438 ὲπανέζευξεν

1996 375 2254 428 virtutum
2287 377 2563 447 exemplar
2609 391 2743 446 erat,
2769 381 2955 437 multis
2999 383 3273 440 laboribus
3324 389 3550 458 victum,

319 469 352 522 ὃ
388 469 481 521 καὶ
501 466 714 539 θρήνων
741 463 993 518 ὑπόθεσιν
1016 463 1399 535 ποιησάμενος,
1426 465 1793 534 ἀναλαμϐάνει
1826 465 1887 518 τὸ

258 597 269 604 -
320 560 526 628 σκῆνος
573 561 631 611 ἑν
684 559 806 619 ταῖς
843 559 1022 627 χερσὶ,
1062 558 1158 609 καὶ
1194 556 1268 618 ῶς
1308 556 1549 626 ἔμψυχον
1587 558 1688 627 ήδη
1720 559 1882 628 δρῶν,

316 652 580 715 catasta;
601 649 737 720 πρὸς
770 649 931 701 αὑτὸν
968 650 1200 701 ἐποιεῖτο
1229 648 1327 714 τὰς
1356 648 1747 719 παρακλήσεις,
1789 650 1885 701 θα-

325 739 533 802 λάσσας
559 736 805 808 δακρύων
835 736 892 801 ἐξ
921 736 1211 806 ὀφθαλμῶν
1246 736 1555 809 ἀπορρέων,
1588 739 1683 791 καὶ
1714 739 1882 801 πόδας

326 830 635 900 ὲπιϐρὲχων
658 829 781 890 τοὺς
797 827 1319 896 εὐαγγελισαμένους
1336 829 1554 898 εἰρήνην
1569 830 1659 881 καὶ
1679 829 1879 896 ἀγαθά,

328 920 454 994 μεθ’
478 916 551 974 ὧν
567 922 770 981 ἐκεῖνος
793 917 1034 986 ἐλήλυθε·
1061 934 1078 969 ι
1110 918 1232 981 Πῶς
1262 919 1515 987 ὑπομενῶ
1543 936 1655 980 σου,
1680 920 1877 987 Πάτερ,

323 1015 428 1082 τὴν
459 1012 711 1081 στέρησιν
737 1028 750 1073 ;
779 1012 894 1072 πῶς
922 1010 965 1062 δ’
993 1008 1125 1079 ἄτερ
1156 1008 1249 1061 σοῦ
1303 1010 1381 1079 τῷ
1429 1011 1687 1081 περιγείῳ
1718 1009 1881 1081 χώρῳ

325 1103 630 1173 παραμενῶ
652 1120 667 1168 ;
702 1103 796 1163 Τίς
821 1118 923 1171 μου
950 1101 1009 1153 τὸ
1042 1100 1352 1170 θλιϐόμενον
1378 1102 1472 1169 τῆς
1497 1101 1673 1170 ψυχῆς
1703 1102 1878 1169 λόγοις

326 1184 697 1263 παρακαλέσει
722 1192 822 1260 τῆς
859 1190 1254 1261 παρακλήσεως
1275 1208 1289 1257 ;
1314 1191 1417 1244 τίνι
1444 1192 1498 1243 δὲ
1526 1195 1616 1243 καὶ
1650 1191 1737 1244 τὸν
1764 1209 1874 1262 χει-

328 1284 481 1353 μῶνα
510 1284 615 1338 τῶν
640 1285 913 1353 λογισμῶν
939 1284 1295 1353 ἀναγνωρίσω
1327 1287 1487 1349 ποτέ;
1517 1286 1635 1338 τίνα
1661 1286 1877 1356 εὕροιμι

320 1368 411 1427 οἵα
437 1375 665 1442 Χριστὸν
693 1375 865 1448 ταύτῃ
884 1377 947 1444 τῇ
971 1376 1175 1445 χαλεπῇ
1208 1374 1445 1445 θαλάσσῃ
1465 1375 1542 1439 τὸ,
1570 1375 1873 1443 Φιμώθητι,

321 1466 673 1534 ἐπιλέγοντας
705 1467 821 1519 ’Ὶνα
847 1467 899 1518 τί
927 1466 1003 1535 μὴ
1029 1465 1243 1534 πρῶτον
1261 1455 1365 1534 ’ἐμὲ
1404 1464 1477 1534 τῷ
1510 1465 1587 1533 σῷ
1629 1465 1876 1536 Δεσπότῃ

322 1557 693 1626 προέπεμπες,
721 1557 784 1609 ἶν’
814 1552 976 1626 εἶχον,
1002 1557 1150 1626 παρά
1194 1558 1374 1627 χερσὶν
1421 1557 1711 1625 ἀποψύχων
1756 1558 1875 1619 ταῖς

324 1650 465 1713 σαῖς,
495 1648 601 1702 τῶν
622 1651 677 1701 ἐν
698 1649 819 1717 ἀέρι
842 1648 1138 1701 ὀδοστατῶν
1161 1651 1255 1700 καὶ
1281 1648 1532 1718 πονηρῶν
1565 1647 1872 1717 φορολόγων

1986 472 2039 516 et
2067 465 2323 519 a‘rutnnis
2358 466 2657 520 innumeris
2679 470 3006 533 confertum,
3036 474 3101 525 ad
3160 474 3346 541 Deum,
3390 493 3551 547 quem

1984 552 2345 619 desiderabat,
2380 557 2818 627 emigrasseH).
2851 559 2962 614 Hoc
3015 573 3271 631 tanquam
3328 568 3550 622 ﬂetuum

1985 658 2049 697 ac
2082 645 2442 716 lacrymarum
2472 649 2754 703 materiam
2818 653 3115 719 accipiens,
3174 672 3373 725 corpus
3410 660 3551 714 illius

1983 736 2235 790 manibus
2269 738 2697 803 amplexabatur,
2742 749 2795 794 et
2830 751 3085 811 tanquam
3141 747 3317 801 adhuc
3366 749 3548 803 vivum

1983 827 2269 895 aspiceret,
2303 829 2435 882 tales
2474 829 2537 881 ad
2564 844 2686 883 eum
2721 829 3079 887 allocutiones
3113 835 3422 907 tlirigebat(
3451 838 3542 892 llu-

1981 916 2127 970 mina
2145 910 2503 988 lacrymarum'
2525 933 2585 973 ex
2604 919 2777 973 oculis
2796 920 3149 990 profundcns,
3168 935 3219 978 et
3243 929 3402 995 pedes
3430 930 3550 986 illos

1979 1007 2234 1075 irrigans,
2266 1007 2358 1076 qui
2392 1009 2893 1078 evangelizaverant
2932 1028 3115 1080 paectn
3166 1031 3230 1069 ac
3264 1018 3402 1071 bona
3424 1034 3545 1073 cum

1979 1098 2178 1165 quibus
2223 1098 2309 1151 ille
2342 1081 2581 1167 venerat)
2615 1114 2627 1149 :
2667 1118 2685 1150 ι
2710 1098 2991 1165 Quomodo
3035 1104 3303 1158 sustinere
3337 1117 3545 1175 potero,

1978 1203 2011 1241 o
2033 1187 2209 1252 Pater,
2239 1188 2435 1253 aiebat,
2461 1189 2531 1242 ita
2559 1190 2675 1244 sine
2704 1201 2756 1245 te
2775 1192 2936 1245 orbus
2971 1208 3244 1249 remanere
3268 1197 3289 1247 ἲ
3320 1197 3437 1261 Quo
3451 1213 3547 1265 pa-

1976 1286 2063 1330 cto
2085 1278 2268 1345 procul
2304 1288 2406 1331 ate
2438 1279 2488 1331 in
2549 1279 2648 1333 hac
2692 1289 2901 1333 terrena
2939 1283 3159 1351 regione
3178 1287 3548 1351 permanebo?

1977 1366 2108 1430 Quis
2129 1367 2308 1421 cordis
2334 1370 2434 1422 mei
2462 1370 2744 1437 angustias
2772 1372 3115 1427 suavissimis
3134 1375 3388 1443 alloquiis
3407 1391 3543 1430 con-

1976 1458 2237 1512 solabitur
2268 1458 2419 1519 {Coi
2451 1467 2641 1527 potero
2675 1460 2965 1516 identidem
3027 1478 3300 1533 exponere
3327 1468 3539 1537 cogita-

1976 1549 2183 1602 tionum
2211 1562 2452 1601 mearum
2489 1547 2881 1618 tempestatem,
2912 1563 2967 1604 ut
3006 1554 3220 1608 scilicet
3258 1554 3538 1609 Christum

1975 1640 2265 1700 inveniam,
2297 1640 2388 1709 qui
2444 1641 2660 1693 turbido
2704 1642 2828 1695 huic
2886 1645 3130 1699 mortalis
3169 1645 3291 1699 vitae
3342 1644 3535 1715 pelago

320 1739 419 1803 τὰς
456 1739 799 1810 παλαμναίας
831 1742 1017 1809 χεῖρας
1060 1739 1471 1809 ἀποδιδράσκειν
1512 1739 1600 1791 διὰ
1628 1740 1727 1806 τῆς
1771 1739 1862 1807 σῆς

1973 1733 2349 1794 comminctur,
2376 1746 2439 1784 ac
2469 1732 2611 1785 dicat
2643 1749 2656 1784 :
2690 1731 3065 1800 Compescere,
3095 1751 3157 1788 ac
3184 1737 3408 1789 sedare?
3430 1738 3540 1790 Cur

322 1830 747 1901 παρακλήσεωςς
780 1830 923 1899 Πλὴν
945 1828 1129 1900 ἐπειδὴ
1162 1829 1523 1898 προέδραμες,
1554 1828 1598 1880 ὣ
1625 1832 1870 1897 γενναῖος

316 1919 417 1991 τὴν
449 1921 625 1991 ψυχὴν
647 1922 890 1992 καὶπρὸς
913 1921 1103 1983 πόνους
1124 1921 1422 1986 ἀνένδοτος,
1448 1920 1509 1973 τὸ
1530 1920 1752 1983 ἀσθενὲς
1771 1921 1869 1989 τῆς

317 2010 458 2080 ἐμῆς
494 2012 667 2082 ψυχῆς
690 2010 1053 2083 ἀναῤῥὼννυε,
1079 2012 1169 2065 καὶ
1197 2012 1290 2065 σοῦ
1335 2016 1455 2075 ταῖς
1485 2015 1715 2075 πυκναῖς
1746 2014 1870 2064 ὲπι-

318 2102 559 2165 στασίαις
589 2103 646 2154 ὲν
672 2103 823 2155 νυκτὶ
876 2102 973 2171 μὲν
1016 2104 1109 2171 καὶ
1165 2104 1223 2155 ἐν
1275 2102 1455 2174 ἡμέρᾳ
1487 2103 1622 2172 πρὸς
1660 2103 1728 2155 τὰ
1766 2104 1860 2155 τοῦ

314 2192 449 2245 Θεοῦ
488 2192 746 2246 διευθότει
770 2192 1050 2263 θελήματα
1072 2211 1085 2224 ·
1116 2188 1181 2247 ἵν’
1216 2192 1320 2245 ὑπὸ
1348 2193 1444 2263 τὴν
1480 2192 1687 2245 ἐκείνου
1712 2196 1869 2264 χεῖρα
1894 2194 1901 2200 ’

308 2281 413 2354 τὴν
443 2285 705 2354 κραταιάν
730 2283 1168 2353 ταπεινούμενος,
1201 2282 1288 2335 διὰ
1334 2285 1439 2335 τῶν
1475 2283 1581 2335 σῶν
1630 2300 1867 2353 προσευ-

310 2372 449 2442 χῶν,
481 2371 546 2436 ἃς
574 2374 792 2443 ἀμέσως
818 2372 992 2435 τελεῖς
1016 2375 1080 2441 τῇ
1114 2372 1361 2442 μακαρίᾳ
1386 2372 1571 2441 Τριάδι
1593 2372 1869 2440 καταλαμ-

310 2464 571 2534 πόμενος,
598 2462 848 2526 ἀϐλαϐῶς
863 2462 1175 2532 διαπεράσω
1198 2462 1289 2514 τοῦ
1316 2461 1431 2531 βίου
1458 2461 1553 2531 τὴν
1575 2462 1866 2527 θάλασσαν,

308 2554 410 2607 καὶ
441 2553 534 2606 σοῦ
559 2552 634 2623 τῷ
664 2553 841 2623 λιμένι
869 2552 1304 2623 προσορμισθεὶς,
1334 2552 1584 2621 βλέποιμι
1609 2569 1668 2605 σε
1692 2553 1868 2622 διηνε-

309 2643 423 2706 κῶς
448 2644 587 2699 κατά
616 2643 715 2714 τὴν
752 2644 1079 2713 άδιάτμητον
1107 2643 1318 2695 ἕνωσιν.
1351 2662 1370 2695 ι

1967 1839 2051 1877 me
2088 1826 2321 1890 priorem
2356 1824 2420 1876 ad
2471 1822 2756 1877 Dominum
2791 1836 2938 1897 tnutn
2990 1842 3095 1879 non
3125 1828 3453 1896 praemisisti,
3482 1837 3539 1881 ut

1965 1914 2174 1968 scilicet
2199 1928 2409 1981 possem
2449 1929 2543 1981 per
2596 1924 2712 1968 tuas
2765 1931 2958 1969 manus
3001 1919 3293 1986 respirare,
3324 1934 3386 1972 ac
3410 1935 3536 1972 me—

1966 2004 2146 2057 diante
2175 2004 2547 2059 consolatione
2571 2014 2660 2057 tua
2694 2008 3053 2073 pessimowui
3084 2024 3258 2063 aerea:
3291 2011 3534 2076 regionis

1966 2092 2403 2146 statinnariorum
2443 2100 2602 2161 atque
2634 2101 2946 2145 exactorum
2983 2098 3285 2147 daemonum
3326 2105 3535 2153 ,trucu-

1970 2184 2143 2237 lentas
2173 2197 2365 2235 manus
2390 2180 2619 2251 effugere
2639 2182 2662 2235 ?
2681 2180 3079 2247 Verumtamen,
3100 2185 3533 2253 quandoquidem

1972 2272 2626 2342 praecurristi,generosus
2655 2274 2859 2337 animo,
2885 2283 2936 2326 et
2990 2275 3045 2327 in
3078 2276 3350 2329 laboribus
3384 2277 3537 2329 inde-

1973 2362 2171 2427 fessus,
2202 2363 2396 2416 anima:
2430 2377 2561 2417 mea:
2599 2364 2961 2417 inﬁrmitatem
2999 2367 3314 2427 corrobora,
3339 2376 3391 2419 et
3428 2365 3534 2419 l‘rc—

1970 2454 2261 2523 quentibus
2291 2455 2868 2523 przesitliistuisnocte
2923 2473 2986 2511 ac
3019 2456 3106 2511 die
3136 2460 3200 2510 ad
3224 2457 3312 2511 Dei
3338 2458 3531 2511 volun-

1971 2550 2139 2596 tatem
2169 2542 2500 2595 ellicienilam
2557 2543 2906 2611 tlispone;ut
2961 2546 3065 2597 sub
3128 2546 3333 2613 potenti
3391 2546 3531 2599 illius

1970 2648 2133 2687 manu
2158 2633 2496 2697 humiliatus,
2522 2649 2614 2702 per
2633 2634 2765 2687 tales
2784 2649 2992 2703 preces,
3013 2650 3148 2703 quas
3169 2634 3285 2689 sine
3312 2635 3418 2688 ullo
3444 2637 3529 2689 in-

308 2732 573 2787 termedio
601 2731 925 2787 beatissima:
978 2730 1228 2785 Trinitati
1285 2729 1656 2785 lucidissimus
1718 2721 1975 2782 eﬂ‘undis,
2008 2722 2129 2775 sine
2194 2718 2492 2775 offensione
2554 2721 2871 2790 vitaahnjus
2938 2737 3086 2776 mare
3133 2735 3527 2800 pertranscam,

305 2824 447 2880 etad
476 2833 628 2879 tuum
681 2835 896 2895 portum
951 2825 1238 2895 appulsus,
1293 2840 1387 2893 per
1446 2820 1858 2890 inseparabilem
1900 2814 2159 2869 unionem
2196 2821 2245 2867 te
2279 2828 2491 2882 semper
2525 2813 2758 2867 intuear.
2797 2831 2815 2865 ι

378 2916 479 2973 κδ’.
527 2916 708 2981 Οὕτως
765 2919 931 2973 είπιῖιν
981 2918 1059 2989 τῷ
1094 2918 1244 2987 τόπῳ
1289 2910 1738 2989 προσκαρτερεῖν,
1800 2916 1855 2967 ἐν

2033 2907 2122 2961 24.
2155 2906 2249 2962 His
2280 2908 2463 2988 dictis,
2497 2908 2550 2960 in
2577 2909 2762 2961 eodem
2788 2908 2906 2962 loco
2934 2918 3248 2963 constanter
3279 2922 3525 2977 perseve-

301 3001 456 3077 ᾧπερ
482 3011 511 3062 ὁ
546 3009 685 3072 θεῖος
711 3009 1005 3080 Γρηγὸριος
1030 3009 1407 3078 ἐγκλειόμενος
1433 3009 1533 3077 τῆς
1572 3006 1859 3076 φιλοσόφου

1967 2996 2143 3061 rat-it,
2194 2998 2249 3051 in
2283 3012 2391 3066 quo
2431 2996 2647 3051 divinus
2677 2995 2970 3065 Gregorius
3008 2997 3249 3051 inclusus
3288 2998 3526 3065 philoso-

303 3064 643 3167 παλαίστρας
666 3064 1002 3169 ’ἀᾷτέὶχὲτοξ
1046 3064 1296 3169 ἑλόμενος
1338 3064 1639 3168 ἔχειν’-τῶν
1683 3064 1858 3148 πόνων

1967 3086 2125 3156 phica
2181 3064 2311 3139 sese
2348 3086 2399 3137 in
2437 3086 2681 3153 palaestra
2711 3064 3063 3150 exercuerat,
3107 3085 3375 3161 elegitque
3418 3087 3518 3140 sibi

304 3188 679 3259 συμμιριστὴν
718 3188 990 3260 Ἰωάννην,
1018 3188 1109 3241 τὸν
1150 3188 1244 3242 τοῦ
1279 3187 1514 3257 μεγάλου
1557 3185 1856 3256 Γρηγορίου

301 3280 566 3351 φοιτητὴν
618 3296 678 3332 τε
730 3280 823 3333 καὶ
874 3280 1138 3350 ζηλωτήν.
1199 3273 1268 3351 Ὦ
1326 3278 1636 3349 συμϐιώσας
1672 3277 1858 3346 χρόνον

306 3369 521 3440 συχνὸν,
550 3369 723 3423 ἐδόκει
754 3370 1042 3439 βλέπεσθαι
1068 3370 1385 3440 Γρηγόριος,
1416 3371 1508 3423 καὶ
1554 3369 1724 3431 διδοὺς
1764 3368 1857 3420 καὶ

280 3458 593 3533 νλαμϐάνων
650 3459 902 3529 ἀφορμάς
930 3459 1154 3530 ἀρετῶν.
1188 3459 1395 3523 Πολλὰς
1450 3459 1558 3528 γάρ
1599 3454 1713 3527 εἶχε
1760 3457 1855 3509 καὶ

315 3548 568 3617 Ἰωάννης
621 3548 1030 3617 ἐπικαθημένας
1067 3539 1134 3621 τῇ
1172 3549 1388 3621 γλώσσῃ
1445 3549 1545 3611 τὰς
1606 3548 1853 3619 χάριτας.

315 3637 467 3692 Ἐπεὶ
494 3638 548 3691 δὲ
572 3638 665 3691 καὶ
701 3632 875 3704 οὗτος,
901 3640 1126 3711 νηστείᾳ
1154 3640 1250 3693 καὶ
1289 3638 1567 3711 ἀγρυπνίᾳ
1616 3639 1853 3692 καταδα-

303 3730 483 3800 μάσας
507 3729 568 3783 τὸ
599 3730 693 3800 τῆς
721 3730 892 3801 ψυχῆς
922 3731 1331 3801 περικάλυμμα,
1360 3730 1496 3802 πρὸς
1520 3726 1653 3783 Θεὸν
1673 3729 1852 3800 ἐξεδή-

304 3834 494 3889 μησενο
530 3819 712 3881 όθεῖος
752 3819 945 3889 Ἰωσὴφ
975 3820 1066 3873 τὸν
1084 3820 1246 3873 τόπον
1284 3816 1616 3886 καταλιπὼν,
1648 3818 1725 3889 τῷ
1757 3817 1849 3870 τοῦ

304 3908 539 3978 μεγάλου
570 3907 662 3961 καὶ
693 3909 893 3978 χρυσοῦ
945 3908 1043 3979 τὴν
1073 3909 1341 3977 ,γλῶσσαν
1406 3909 1650 3962 Ἰωάννου
1699 3907 1850 3979 σηκῷ

297 3995 678 4065 ἀμφιλοχωρεῑ,
701 3996 776 4058 ὥς
808 4012 929 4048 τινα
971 3995 1239 4067 θησαυρὸν
1272 3996 1611 4065 ἑπαγόμενος
1641 3997 1846 4066 Γρηγο-

298 4086 416 4153 ρίσυ
440 4084 499 4136 τὺ
528 4083 816 4153 ἱερώτατον
841 4082 1091 4153 λείψανον
1122 4084 1219 4137 καὶ
1255 4084 1346 4137 τοῦ
1378 4083 1539 4136 αὑτοῦ
1582 4083 1844 4155 μαθητοῦ,

297 4171 505 4226 πολλῶν
534 4172 1059 4244 συνδεδραμηκότων
1087 4171 1228 4226 κατὰ
1285 4173 1500 4238 ταυτὸν,
1544 4172 1685 4226 ὥστε
1727 4190 1847 4225 ποι-

298 4261 585 4331 μαίνεσθαι
612 4246 1146 4331 καὶ-καθοδηγεῖσθαι
1180 4262 1441 4333 τεχνικῶς
1493 4262 1623 4333 παρ’
1654 4263 1841 4329 αὐτοῦ,

194 4396 198 4399 Α
294 4351 391 4405 καὶ
422 4351 661 4423 γλώττης
705 4343 934 4422 ,ἐκείνης
970 4353 1272 4422 ἀκροᾶσθαι
1316 4354 1413 4422 τῆς
1446 4354 1726 4424 μελιχρᾶς,
1769 4356 1843 4415 ὠς

292 4442 464 4495 ἐδίδου
486 4441 577 4494 τοῦ
607 4443 773 4495 τόπου
816 4441 878 4494 τὸ
912 4441 1230 4497 πάνσθενον.
1262 4443 1426 4495 Ὅθεν
1479 4443 1573 4496 καὶ⁸
1614 4436 1840 4513 πλησίον

287 4530 387 4585 τοῦ
441 4533 624 4597 τόπου,
664 4515 871 4603 ἐρήμου
929 4533 1049 4586 τότε
1093 4533 1271 4604 πάντη
1323 4533 1695 4603 τυγχάνοντος,
1751 4537 1842 4586 ὲν-

294 4621 533 4691 ιδρύεται
574 4622 983 4693 φροντιστήριον
1006 4636 1021 4652 ο
1048 4624 1107 4675 ἐν
1129 4618 1173 4691 ᾧ
1205 4624 1267 4676 τό
1298 4640 1358 4675 τε
1386 4624 1585 4691 πλῆθος
1616 4624 1847 4677 κατατέ-

289 4728 417 4781 μνει
438 4710 544 4763 τῶν
574 4710 851 4780 μαθητῶν,
878 4713 971 4765 καὶ
992 4712 1096 4783 πρὸ
1130 4713 1349 4767 πάντων
1380 4714 1453 4775 ῶς
1483 4729 1535 4764 τι
1565 4713 1844 4783 κειμήλιον

288 4799 488 4852 ἄσυλον
515 4799 577 4851 τὸ
602 4800 794 4869 σκῆνος
821 4800 914 4853 τοῦ
943 4801 1181 4871 μεγάλου
1212 4803 1307 4855 καὶ
1331 4801 1424 4855 τοῦ
1460 4803 1713 4872 φοιτητοῦ
1742 4821 1841 4855 κα-

283 4888 578 4942 τατίθεται.
638 4898 642 4902 ’

361 5143 456 5199 κε’.
488 5147 562 5200 Οὐ
595 5146 723 5217 μὴν,
751 5146 864 5200 ἀλλ’
910 5146 1095 5216 ἐπειδὴ
1146 5149 1309 5202 πάλαι
1339 5153 1448 5211 τοῖς
1487 5150 1835 5213 Θεσσαλικοῖς

1968 3177 2176 3229 socium
2232 3174 2474 3228 laborum
2515 3188 2739 3228 suorum
2785 3173 3044 3228 Joannem
3080 3176 3362 3244 quemdam
3386 3214 3401 3238 ,
3430 3177 3521 3245 qui

1967 3265 2146 3332 magni
2199 3262 2439 3331 Gregorii
2489 3262 2784 3330 discipulus
2834 3275 2950 3315 erat
2998 3272 3159 3333 atque
3203 3266 3519 3330 aemulator,

1964 3368 2087 3406 cum
2135 3368 2245 3422 quo
2296 3352 2468 3407 multo
2511 3360 2750 3421 tempore
2792 3353 2956 3406 vitam
3003 3354 3330 3420 traducens,
3369 3357 3520 3410 vide-

1962 3444 2119 3497 batur
2144 3444 2247 3498 sibi
2278 3442 2596 3512 Gregorium
2624 3443 2797 3510 ipsum
2827 3444 3027 3508 videre,
3059 3458 3121 3497 ac
3146 3444 3310 3497 multa
3349 3444 3514 3497 dabat

1958 3543 2013 3589 et
2074 3532 2371 3602 accipiebat
2412 3532 2669 3585 virtutum
2713 3532 2803 3585 (10(
2821 3542 3059 3587 utnenta.
3105 3533 3310 3587 Etenim
3351 3533 3517 3587 Joan-

1962 3638 2060 3677 nes
2091 3624 2252 3676 etiam
2289 3624 2552 3691 plurimas
2590 3622 2643 3674 in
2708 3622 2889 3691 lingua
2930 3624 3167 3677 Charites
3218 3626 3515 3679 residentes

1956 3713 2209 3769 habebat.
2258 3704 2553 3782 Postquam
2611 3722 2790 3766 autem
2840 3714 2942 3766 iste
2987 3714 3235 3767 similiter
3284 3714 3510 3783 jejuniis

1957 3804 2261 3873 vigiliisque
2314 3819 2541 3873 corpore
2589 3805 2827 3858 edomito
2873 3814 3037 3873 atque
3075 3817 3401 3875 consumpto
3443 3808 3511 3861 ad

1958 3892 2125 3947 Deum
2166 3893 2449 3961 emigravit
2492 3911 2506 3946 :
2559 3894 2773 3947 divinus
2813 3892 3193 3962 Joseph,‘loco
3236 3895 3329 3948 illo
3357 3897 3515 3950 dere-

1955 3986 2113 4049 licto,
2150 3985 2203 4038 in
2234 3984 2414 4054 magni
2441 3993 2604 4053 atque
2634 3998 2797 4038 aurea
2828 3984 3010 4054 lingua
3048 3986 3254 4054 praediti
3287 3986 3512 4043 Joannis

1954 4077 2154 4146 templo
2212 4077 2441 4131 libenter
2492 4077 2952 4142 eonversabatur,
2996 4078 3050 4131 in
3093 4092 3202 4146 quo
3252 4088 3507 4148 tanquam

1953 4168 2264 4219 thesaurum
2316 4166 2602 4235 quemdam
2648 4167 3049 4221 sacratissimas
3095 4167 3337 4237 Gregorii
3380 4171 3508 4224 reli-

1951 4256 2141 4325 quias,
2180 4256 2406 4325 ejusque
2447 4255 2696 4325 discipuli
2751 4256 3059 4310 collocavit.
3102 4258 3286 4313 Multis
3325 4270 3504 4313 autem

1952 4351 2017 4403 ad
2062 4365 2183 4403 eum
2225 4350 2674 4405 concurrentibus
2695 4391 2708 4413 ,
2759 4360 2816 4403 ut
2848 4352 2933 4404 ab
2958 4366 3023 4405 eo
3052 4363 3389 4421 regerentur,
3420 4370 3507 4409 so-

1947 4440 2173 4509 lertique
2200 4454 2331 4493 cura
2361 4440 2742 4509 dirigerentur,
2778 4451 2831 4495 et
2855 4441 3053 4508 lingua:
3088 4442 3232 4498 illius
3262 4446 3505 4499 mellitis-

1946 4530 2098 4585 simaa
2118 4546 2311 4583 arcana
2342 4531 2609 4595 audirent,
2639 4535 2887 4601 angustia
2918 4533 3017 4587 loci
3042 4548 3136 4588 eos
3158 4536 3502 4592 excludebat.

1948 4619 2101 4674 Unde
2130 4634 2253 4673 cum
2284 4620 2457 4674 locum
2491 4624 2846 4689 undequaqnc
2870 4621 3142 4676 desertum
3182 4638 3285 4675 non
3318 4626 3503 4692 procul

1944 4709 2068 4763 inde
2098 4709 2413 4773 invenisset,
2439 4709 2511 4763 ibi
2536 4712 2716 4764 sedem
2744 4726 2919 4775 suam,
2952 4727 3208 4766 curarunt
3237 4714 3499 4774 scholam,

1943 4796 2261 4859 collocavit,
2306 4797 2358 4850 in
2409 4814 2510 4867 qua
2547 4810 2599 4853 et
2651 4800 3045 4870 discipulorum
3094 4803 3495 4855 multitudinem

1944 4890 2255 4952 distribuit,
2315 4898 2367 4943 et
2421 4898 2545 4945 ante
2596 4893 2813 4955 omnia,
2874 4900 3129 4956 tanquam
3184 4890 3496 4946 inviolabile

1947 4977 2669 5045 quoddam'monimentum
2724 4979 2905 5047 magni
2960 4980 3205 5049 Gregorii
3266 4991 3320 5033 et
3378 4983 3506 5048 ejus

1942 5067 2185 5134 discipuli
2217 5083 2414 5137 corpus
2444 5070 2747 5123 collocavit.

2010 5156 2100 5209 25.
2155 5156 2421 5221 Quoniam
2470 5174 2598 5212 vero
2642 5160 2768 5213 olim
2836 5160 2887 5211 in
2933 5158 3257 5211 Thessalicis
3302 5159 3494 5213 liuibus

286 5236 636 5310 ἐνδιατρίϐων
664 5237 851 5305 ὁρίοις,
890 5239 1039 5308 παρά
1064 5256 1205 5302 τινος
1242 5240 1385 5291 θείου
1414 5242 1602 5313 ἀνδρὸς
1621 5245 1712 5294 καὶ
1734 5248 1833 5310 την

1967 5248 2104 5300 'itam
2148 5248 2438 5303 traducens
2469 5264 2497 5301 a
2555 5250 2671 5303 viro
2707 5252 2940 5320 quodam
2975 5249 3191 5307 divino,
3232 5256 3283 5299 et
3320 5247 3372 5299 in
3414 5250 3486 5299 di-

283 5326 487 5394 γνῶσιν
521 5328 583 5380 οὐ
611 5328 869 5398 μιμητοῦη
894 5327 955 5380 τὸ
986 5328 1125 5382 θεῖον
1146 5328 1237 5381 καὶ
1260 5330 1563 5399 γερώτατον
1583 5331 1832 5401 λείψανον

1974 5336 2060 5389 ina
2100 5338 2345 5403 scientia
2373 5340 2779 5410 incomparabili
2806 5382 2819 5405 ,
2853 5340 3061 5394 divinas
3092 5352 3156 5392 ac
3186 5336 3487 5406 sacratissi-

359 5522 708 5605 (ιλΕΙοεὶυηι
739 5526 790 5581 in
852 5526 1065 5585 Menaeis
1104 5528 1173 5583 20
1244 5526 1578 5594 Novembris,
1626 5530 1770 5586 brevi
1840 5531 2127 5587 admodum
2190 5546 2427 5605 tempore
2493 5537 2741 5594 reducem
2782 5534 3095 5604 Gregorium
3153 5534 3354 5589 vixisse
3399 5530 3483 5584 in-

284 5591 490 5646 sinuat.
