3926 6308
245 375 358 437 9C5

1790 386 1983 445 VlTA.

3366 400 3472 466 966

243 484 330 553 τῷ
355 484 471 553 ’ζδεῖ
518 485 614 553 τὴν
657 485 961 555 δυναμένην
1014 487 1307 556 συμϐαλεῖν
1336 492 1445 551 τοῖς
1494 491 1777 561 λεγομένω.

1912 498 2126 559 bantur,
2177 508 2410 552 utentem
2444 501 2711 568 potuisset
2756 505 3106 576 animumque
3160 511 3465 577 advertere,

240 574 505 630 διάνοιαν.
542 576 647 627 Καὶ
677 580 827 629 ποῖον
854 581 963 646 γὰρ
1005 577 1141 640 εἶδος
1182 578 1406 630 ἐκεῖθεν*
1429 579 1683 647 φθόγγων
1709 584 1809 634 οῦκ

240 667 557 719 ὲδιδάσκετο
593 669 901 737 μουσικῶν;
952 669 1135 738 ἣποία
1177 668 1335 739 χάρις
1375 672 1473 722 οὐκ
1528 672 1808 741 ἐπέλαμπε

236 760 359 819 τοῖς
386 758 841 829 ᾲτματιζομὲνοις
867 761 1010 830 αὐτῷ
1039 778 1052 825 ;
1097 761 1331 813 Ἐκεῖθεν
1363 760 1527 824 ὕπνος
1576 764 1671 815 καὶ
1698 766 1807 825 τοῖς

235 848 387 915 ἄγαν
425 850 688 920 ῥᾳθύμοις
731 851 1138 918 ἅπετινάσσετο,
1174 852 1461 904 σπεύδουσι
1505 853 1806 923 κηληθῆναι

234 938 343 1008 τὴν
364 940 531 1008 ἀκοὴν
560 941 696 1007 ὁμοῦ
728 942 821 995 καὶ
854 942 1091 995 διάνοιαν
1126 942 1203 1011 τῷ
1249 942 1454 1013 λιγυρῷ
1480 945 1807 1012 προσφωνήο

238 1044 398 1096 ματι.
433 1028 712 1081 Ἐντεῦθεν
735 1030 829 1083 καὶ
858 1032 969 1092 τοῖς
1004 1031 1137 1100 πρὸς
1163 1030 1363 1100 ἀρετὴν
1410 1032 1635 1093 ἑαυτοὺς
1684 1034 1805 1083 ἑπι-

233 1116 475 1169 τείνουσι
497 1118 592 1183 τῆς
620 1118 821 1189 ἀρετῆς
849 1121 881 1190 ἡ
908 1115 1018 1184 ἕξις
1045 1121 1456 1192 κατανενόηται,
1502 1120 1686 1174 Ταῦτα
1713 1121 1805 1174 καὶ

233 1207 291 1257 οι
320 1207 378 1259 ὲν
400 1205 595 1270 λύπαις
632 1207 1118 1278 ἀναλαμϐάνοντες,
1148 1210 1208 1262 τὸ
1234 1209 1475 1280 ἀθυμοῦν
1498 1212 1588 1263 καὶ
1616 1211 1803 1265 δακνό-

238 1314 407 1365 μενον
430 1298 527 1367 τῆς
566 1298 741 1368 ψυχῆς
791 1301 1171 1371 κατεκοίμιζον
1261 1301 1468 1365 τούτοις
1513 1302 1609 1355 καὶ
1644 1304 1693 1355 oi
1744 1304 1803 1354 ὲν

232 1390 475 1460 εὐθυμία
502 1376 653 1454 ὄντες
685 1395 820 1463 πρὸς
849 1394 1043 1463 ἡδονῆς
1074 1395 1196 1447 κατ’
1232 1394 1391 1449 ἄλλον
1439 1396 1637 1465 τρόπον
1672 1415 1801 1466 μετ-

236 1479 474 1533 ἐπιπτον
494 1482 724 1553 δάκρυα.
741 1483 806 1535 Oi
832 1484 1129 1555 γράφοντες
1152 1483 1228 1547 δὲ,
1256 1489 1367 1548 τοῖς
1396 1486 1569 1548 ἄλλοις
1595 1488 1803 1557 χαίρειν

232 1564 484 1634 είπόντες
516 1574 811 1643 πονήμασι,
864 1577 977 1638 τοῖς
1025 1575 1120 1627 τοῦ
1151 1575 1299 1627 θείου
1350 1576 1542 1643 Ἰωσὴφ
1567 1577 1700 1630 πολύ
1749 1594 1799 1630 τι

232 1661 426 1732 κέρδος
444 1662 869 1733 ὲμμελῳδήμασι
895 1665 1301 1736 συνηθροίκασι,
1346 1667 1545 1735 μᾶλλον
1571 1666 1629 1720 δὲ
1680 1682 1801 1734 συν-

231 1752 571 1821 αθροίζουσι.
616 1754 859 1807 Γλῶσσαι
884 1755 992 1825 γὰρ
1034 1758 1207 1809 πᾶσαι
1254 1756 1395 1809 κατὰ
1439 1756 1629 1825 φυλὰς,
1664 1757 1799 1827 πρὸς

1913 590 2052 642 mira
2082 590 2369 645 dulcedine
2411 593 2736 647 oblectabat.
2771 593 2984 651 Etenim
3026 600 3204 667 qualis
3234 606 3471 659 musico-

1912 698 2032 734 rum
2074 697 2332 736 sonorum
2376 686 2588 751 species
2638 685 2761 740 inde
2792 703 2909 741 non
2938 691 3357 748 addiscebatur?
3387 699 3468 751 vel

1909 771 2084 837 qualis
2112 771 2281 838 gratia
2322 771 2373 823 in
2409 772 2492 834 iis,
2519 787 2639 839 qua:
2673 773 2739 825 ab
2766 775 2952 829 eodem
2981 779 3330 845 canebantur,
3361 800 3467 837 non

1908 860 2193 913 elucebat?
2222 861 2350 914 inde
2382 862 2461 914 vel
2500 862 2865 928 ignavissimis
2898 880 2962 918 ac
3016 870 3261 923 socordia
3293 873 3466 937 plenis

1907 966 2135 1005 somnus
2165 951 2564 1019 excutiebatur,
2602 952 2988 1010 festinantibus
3022 958 3085 1010 ad
3116 959 3467 1018 oblectandas

1906 1055 2066 1095 aures
2112 1041 2278 1118 simul
2322 1050 2377 1096 et
2421 1020 2666 1103 aribuum
2713 1054 2874 1097 cantu
2926 1046 3071 1101 illius
3117 1051 3463 1105 suavissimo.

1905 1130 2033 1185 inde
2078 1144 2130 1186 ct
2164 1132 2291 1196 illis,
2325 1134 2415 1200 qui
2456 1134 2522 1187 ad
2554 1127 2808 1189 virtutem
2844 1138 3193 1193 vehementer
3219 1142 3463 1196 animum

1904 1224 2278 1285 intendebant,
2341 1225 2559 1279 virtutis
2622 1225 2794 1293 ipsius
2846 1228 3062 1283 habitus
3117 1242 3466 1297 comparatus

1905 1320 2006 1364 est.
2041 1310 2164 1364 iirec
2195 1312 2454 1365 memoria
2501 1322 2809 1382 repetentes
2840 1315 2939 1379 illi,
2984 1316 3074 1384 qui
3109 1330 3344 1373 mmrore
3371 1334 3469 1389 op-

1902 1401 2073 1469 pressi
2109 1410 2284 1464 erant,
2320 1402 2486 1455 animi
2518 1402 2865 1471 pusillitatem
2912 1421 2975 1460 ac
3023 1408 3327 1461 molestiam
3369 1409 3465 1464 de-

1902 1492 2194 1558 ponchant.
2252 1491 2349 1545 His
2397 1494 2558 1546 etiam
2631 1494 2708 1547 illi
2752 1496 2842 1563 qui
2898 1497 3223 1552 hilaritatem
3293 1500 3462 1553 animi

1900 1578 2340 1645 experiebantur,
2373 1581 2437 1634 ad
2471 1582 2763 1650 voluptatis
2781 1584 3079 1655 Jacrymas,
3116 1589 3209 1640 sed
3243 1588 3464 1642 diverso

1900 1668 2083 1731 modo,
2117 1670 2413 1745 transitum
2457 1662 2773 1729 faciebant:
2808 1673 3119 1744 Scriptores
3173 1686 3354 1730 autem
3405 1678 3460 1731 in

1901 1757 2026 1811 aliis
2064 1758 2327 1824 'operibus
2381 1764 2776 1829 componendis
2803 1764 2974 1819 laetari
3025 1778 3359 1833 recusantes,
3395 1782 3461 1821 ex

229 1843 331 1909 τὴν
369 1843 574 1897 ἑαυτῶν
606 1834 890 1898 διάλεκτον
927 1846 993 1899 τὰ
1043 1847 1389 1916 μελετήματα
1444 1848 1783 1919 βαλλόμεναι,

1899 1846 2067 1899 divini
2097 1846 2295 1916 Joseph
2330 1851 2560 1903 canticis
2607 1866 2669 1906 ac
2708 1854 2940 1908 modulis
2979 1832 3352 1925 collegerunt,
3377 1857 3460 1910 vel

226 1934 332 2003 τὴν
358 1934 528 1988 νύκτα
552 1938 729 1990 πᾶσαν
755 1938 1209 2006 καταφωτίζουσι,
1237 1946 1330 1994 καὶ
1359 1941 1418 1993 τὸ
1458 1941 1626 2011 αὐτῆς
1670 1956 1795 1993 σκο-

226 2026 407 2078 στεινὸν
432 2028 521 2080 καὶ
549 2028 682 2097 πρὸς
705 2027 871 2082 ὕπνον
903 2029 1188 2100 ἑλκόμενον
1226 2035 1295 2101 τῇ
1319 2034 1496 2101 πυκνῇ
1542 2047 1794 2102 φρυκτω-

231 2114 329 2185 ρία
373 2116 510 2186 πρὸς
544 2117 773 2186 ἡλιακὰς
839 2122 1175 2190 φωτοχυσίας
1221 2122 1665 2191 μεταϐιϐάζουσι,
1697 2122 1792 2174 καὶ

225 2206 444 2273 χαίρειν
474 2206 549 2275 τῷ
583 2206 737 2277 ὕπνῳ
761 2209 1010 2263 εἰποῦσαι
1040 2212 1147 2273 τοῖς
1172 2211 1413 2282 ᾅσμασιν
1433 2210 1784 2282 ὼραῖζονται.

1899 1935 2083 2003 potius
2124 1935 2390 2004 colligunt
2432 1937 2643 1991 lucrum
2696 1942 2965 2017 quoddam
3009 1945 3343 2012 perampium
3396 1959 3463 2000 ac

1899 2025 2103 2079 nobile.
2136 2025 2390 2080 Omnium
2417 2029 2561 2081 enim
2595 2029 2792 2099 linguae
2827 2032 2981 2101 juxta
3017 2035 3190 2089 tribus
3222 2051 3368 2097 suas,
3395 2051 3461 2089 ac

1897 2117 2258 2185 proprietates
2296 2117 2521 2185 loquela:
2556 2133 2689 2184 sure,
2717 2134 2809 2188 per
2843 2129 3008 2176 totam
3039 2134 3252 2177 noctem
3288 2124 3459 2179 sacris

1897 2208 2339 2261 meditationibus
2370 2217 2646 2271 vacantes,
2674 2210 2821 2265 illius
2856 2213 3108 2268 tenebras
3136 2229 3198 2268 ac
3226 2230 3451 2268 sunmu-

226 2302 477 2373 leutiam,
514 2298 783 2369 frequenti
815 2300 1079 2355 luminum
1130 2304 1451 2358 ascensione
1498 2304 1551 2355 in
1583 2302 1787 2358 soleres
1828 2302 2012 2355 radios
2043 2307 2404 2362 commutant,
2446 2310 2499 2354 et
2534 2301 2709 2355 somni
2756 2302 3043 2358 dulcedine
3118 2304 3221 2358 frui
3299 2321 3457 2391 recu-

224 2401 437 2455 santes,
465 2393 636 2446 sancti
668 2391 828 2461 hujus
853 2392 955 2446 viri
988 2392 1216 2449 canticis
1246 2393 1593 2448 decorentur.
1698 2442 1707 2450 .

299 2479 404 2541 κζ’.
431 2482 584 2533 Ἐστι
633 2497 719 2543 τις
754 2482 1014 2550 ἄτεγκτος
1065 2486 1160 2537 καὶ
1186 2485 1500 2555 ἀμείλικτος
1528 2486 1623 2539 καλ⁵
1651 2485 1786 2557 πρὸς

218 2570 476 2641 δακρύων
504 2573 763 2646 ὶπιῤῥοὰς
792 2576 1011 2643 ἀφυήςς
1041 2575 1123 2628 Τὰ
1155 2577 1233 2639 είς
1258 2576 1356 2646 τὴν
1382 2576 1659 2647 Παρθένον
1693 2579 1786 2631 καὶ

222 2662 455 2732 Μητέρα
474 2662 626 2733 θεοῦ,
673 2665 771 2736 τὴν
799 2666 936 2736 ὑπὲρ
962 2666 1118 2734 λόγον
1159 2668 1527 2721 συλλαϐοῦσαν
1560 2670 1650 2722 τὸν
1681 2669 1784 2722 Λό-

218 2769 344 2821 γον,
383 2755 579 2824 λιγυρὰ
619 2756 976 2826 μελῳδήματα
1006 2758 1193 2825 ἐπιὼν,
1228 2759 1497 2823 θαλάσσας
1534 2761 1784 2832 δακρύων

218 2841 352 2908 τοὺς
380 2845 684 2916 ὀφθαλμοὺς
705 2848 1032 2919 πληρωθεὶς,
1065 2851 1161 2905 καὶ
1197 2852 1296 2921 τὴν
1322 2853 1559 2906 διάνοιαν
1589 2868 1782 2910 συντα-

220 2935 366 2998 κεὶς,
396 2936 543 3006 ἀῢλῳ
571 2938 645 3006 νῷ
674 2941 1079 3010 κατατρυφήσει
1100 2941 1208 2994 τῶν
1228 2942 1428 3012 νοερῶν
1454 2944 1656 3012 ἰύγγων
1684 2946 1781 3014 τῆς

219 3026 595 3098 κιτανύξιως·
626 3030 795 3098 μυρία
828 3030 883 3081 δὲ
927 3030 1101 3083 ταῦτα
1133 3031 1307 3103 τούτῳ
1353 3034 1684 3088 συντέθειται
1721 3036 1780 3088 ἐν

1965 2480 2057 2533 27.
2089 2478 2181 2532 Est
2215 2478 2484 2546 quispiam
2518 2477 2725 2546 rigidus
2756 2492 2818 2531 ac
2850 2479 3041 2544 durus,
3077 2490 3238 2551 atque
3272 2485 3336 2537 ad
3371 2487 3455 2541 ia-

1894 2587 2111 2642 erymas
2135 2562 2489 2625 eﬂuudeudas
2516 2570 2769 2639 ineptus?
2796 2573 3161 2628 Suavissimas
3191 2580 3453 2636 melodias

1892 2661 1961 2714 ab
1986 2675 2051 2712 eo
2079 2661 2310 2728 scriptas
2338 2661 2387 2712 in
2416 2658 2691 2729 Virginem
2716 2676 2779 2713 ac
2804 2659 2895 2715 Dei
2927 2661 3148 2718 Matrem
3176 2666 3308 2736 (10),
3333 2686 3454 2739 qua:

1892 2749 2236 2804 ineil‘abiliter
2288 2748 2524 2803 Verbum
2575 2752 2844 2819 concepit,
2893 2754 3114 2809 assidue
3170 2757 3351 2827 legens
3388 2778 3452 2816 ac

1888 2841 2208 2903 deeantans,
2245 2840 2608 2909 iacrymarum
2642 2843 2813 2895 maria
2849 2843 3025 2911 plenis
3068 2846 3242 2902 oculis
3279 2851 3453 2906 effun-

1888 2929 1995 2993 det,
2022 2940 2074 2982 et
2099 2937 2280 2982 mente
2301 2930 2736 2998 colliquefactus,
2765 2932 3109 2988 immateriall
3136 2950 3298 2991 sensu
3331 2941 3449 3009 spi-

1886 3018 2175 3072 ritualibus
2220 3018 2656 3085 compunctionis
2717 3018 2927 3073 deliciis
2977 3021 3301 3089 perfruetur.
3354 3027 3446 3082 lia:

218 3115 502 3185 διαφόροις
556 3117 893 3186 ἐναλλαγαῖς,
935 3120 1028 3172 καὶ
1073 3121 1219 3190 ἢχων
1280 3125 1634 3192 κατατομαίς,
1686 3124 1776 3177 καὶ

1889 3119 2060 3163 autem
2102 3109 2350 3163 melodia:
2383 3118 2653 3164 sexcenta;
2695 3119 2845 3175 sunt,
2905 3127 3027 3180 qua:
3076 3113 3145 3168 ab
3173 3129 3239 3169 eo
3282 3118 3448 3173 rariis

222 3205 449 3274 ρυθμῶν
502 3208 758 3261 ποικίλων
791 3208 1075 3280 διαφοραῖς
1113 3213 1177 3264 τὸ
1220 3211 1321 3281 ἡδύ
1355 3228 1469 3275 πως
1496 3215 1782 3283 ἀρωματί-

219 3296 408 3375 ζονταἶ
438 3295 693 3351 Βούλιταί
718 3314 797 3361 τις
824 3288 1016 3369 μαθεῖν
1048 3300 1138 3354 τὸν
1177 3300 1291 3371 βίον
1320 3302 1415 3354 τοῦ
1460 3304 1597 3371 πρὸς
1641 3302 1780 3373 ὴμέ-

221 3405 325 3458 ραν
356 3390 666 3459 τιμωμένου
690 3390 843 3457 ἁγίου
868 3394 933 3462 τῇ
980 3392 1272 3461 Ἐκκλησία
1296 3392 1387 3445 τοῦ
1412 3393 1544 3446 Θεοῦ
1573 3410 1589 3461 ;
1630 3396 1781 3447 Μετ-

216 3479 466 3549 ερχέσθιν
532 3481 593 3533 τὸ
638 3478 938 3551 εὔρυθμον,
994 3483 1089 3536 καὶ
1139 3483 1225 3550 ἐφ’
1279 3484 1361 3535 ἑνὶ
1407 3484 1621 3551 ἑκάστῳ
1673 3485 1780 3537 τῶν

218 3571 519 3641 ᾀδομένων,
570 3572 981 3637 ἐπιγινωσκέτω
1024 3572 1125 3642 τὴν
1160 3572 1253 3624 τοῦ
1311 3572 1429 3641 βίου
1482 3574 1776 3643 διαγωγήν.

218 3660 334 3715 Καὶ
362 3662 469 3723 ταῖς
501 3660 601 3731 μὲν
627 3661 734 3716 τῶν
768 3662 936 3729 ἁγίων
964 3662 1057 3714 ὑπ’
1087 3663 1277 3728 ἐκείνῳ
1307 3663 1616 3733 τιμώμενος
1653 3666 1779 3717 ἁνα-

216 3753 493 3804 δείκνυται
514 3768 528 3784 ο
560 3751 723 3813 αὐτὸς
752 3752 805 3804 δὲ
843 3752 903 3804 ὲν
936 3754 1101 3827 πᾶσιν
1131 3755 1319 3821 ὁρᾶται
1353 3753 1689 3823 τιμώμενος,
1721 3757 1780 3807 ὲν

216 3840 395 3894 ἄλλων
426 3840 559 3910 βίοις
588 3840 748 3903 αὐτὸς
776 3840 1169 3911 ἑξυμνούμενος
1189 3879 1202 3905 ,
1235 3842 1321 3896 διὰ
1349 3830 1409 3895 τὸ
1437 3842 1651 3911 λιγυρὸν
1682 3844 1779 3897 καὶ

216 3929 489 3999 εὔρυθμον
512 3929 610 3997 τῆς
637 3928 907 3998 ἐμμελοῦς
941 3929 1307 3999 μελῳδήσεως.
1340 3930 1532 3995 ’Δλλος
1560 3930 1658 4000 μὲν
1686 3931 1777 3986 οὖν

218 4022 569 4091 μεγαλυνέτω
591 4021 682 4073 τὸν
708 4015 821 4089 βίον
841 4020 934 4073 τοῦ
963 4021 1255 4091 μακαρίου,
1281 4023 1310 4073 ό
1332 4021 1385 4074 δὲ
1410 4022 1505 4091 τῆς
1526 4018 1778 4089 γνώσεως

212 4114 278 4164 τὸ
295 4113 395 4162 ὑπε
405 4111 620 4181 ρφέρον,
640 4112 836 4169 πάντες
851 4109 908 4161 δὲ
925 4111 1099 4162 πάντα
1113 4109 1308 4180 ἐπίσης
1334 4109 1427 4162 καὶ
1454 4110 1541 4163 διὰ
1559 4110 1775 4165 πάντων

216 4201 668 4271 μεγαλυνέτωσαν
686 4200 779 4269 τὴν
810 4200 965 4270 χάριν
988 4200 1081 4254 τοῦ
1099 4200 1236 4254 Πνεύ
1244 4218 1431 4271 ματος,
1462 4204 1582 4274 ητις
1603 4205 1774 4277 τούτῳ

212 4289 387 4354 οὕτως
424 4276 731 4361 ἐκκέχυται,
763 4292 836 4355 ὡς
861 4294 942 4355 είς
964 4294 1143 4345 πᾶσαν
1166 4294 1263 4363 τὴν
1287 4286 1606 4366 οίκουμένην
1627 4276 1774 4365 ἐξελ-

214 4384 336 4438 θεῖν
352 4383 446 4437 τὸν
476 4383 930 4453 φθόγγονιαιποῦ,
959 4384 1054 4437 καὶ
1083 4385 1163 4447 είς
1188 4385 1258 4440 τὰ
1278 4387 1487 4457 πέρατα
1513 4390 1689 4443 πάντα
1704 4390 1774 4445 τὰ

210 4473 329 4527 τῶν
358 4450 775 4545 ’μελιρδηματων
820 4474 1149 4546 θεοκρότητα
1200 4450 1439 4553 ῥήματατ
1485 4479 1639 4549 Περι
1665 4474 1770 4551 γὰρ
1799 4450 1848 4511 D

202 4564 324 4617 τῶν
364 4564 536 4617 ἄλλων
574 4566 625 4618 τί
674 4559 905 4637 χρῆκαὶ
952 4564 1161 4632 λέγειν;
1201 4568 1429 4631 ὁπόσους
1465 4570 1672 4633 ἐκεῖνος
1700 4573 1765 4625 ἐκ

207 4656 309 4708 τοῦ
336 4654 496 4725 βυθοῦ
521 4656 617 4726 τῆς
654 4656 908 4718 ἀπιστίας
935 4655 1226 4719 ἐξείλκυσε,
1264 4659 1357 4711 καὶ
1385 4658 1518 4726 πρὸς
1545 4660 1643 4730 τὴν
1671 4660 1770 4730 τῆς

210 4745 377 4813 ἁγίας
408 4746 631 4815 Τριάδος
663 4745 861 4812 γνῶσιν
893 4745 1180 4815 ἑρύθμισε·
1210 4747 1406 4812 πόσους
1431 4750 1487 4801 δι
1518 4749 1769 4819 πέπεικε,

208 4836 423 4904 χαίρειν
452 4836 621 4886 είπσῖν
654 4834 729 4903 τῷ
764 4834 948 4904 κόσμῳ
974 4836 1065 4886 καὶ
1090 4838 1199 4897 τοῖς
1226 4837 1282 4887 ὲν
1314 4837 1503 4906 κόσμῳ
1521 4879 1535 4903 ,
1562 4840 1655 4893 καὶ
1680 4840 1769 4892 τὸν

212 4924 430 4995 μονήρη
460 4924 569 4992 βίον
610 4922 961 4977 ἀσπάσασθαι
982 4940 997 4955 ο
1032 4924 1203 4988 πόσας
1233 4926 1289 4979 δὲ
1328 4932 1589 4994 γυναῖκας
1634 4948 1772 5001 παρ-

206 5014 453 5067 θενεύειν
486 5014 719 5078 ἐδίδαξεν
740 5052 755 5078 ,
786 5013 850 5065 ἵν’
889 5014 1060 5084 ἔχοιεν
1088 5016 1183 5085 τὰς
1228 5016 1513 5087 λαμπάδας
1538 5020 1771 5073 ἀναπτο-

209 5104 386 5176 μὲνας
400 5106 682 5176 διηνεκῶς,
700 5106 793 5158 καὶ
817 5106 1117 5158 συνέλθοιεν
1140 5107 1217 5175 τῷ
1241 5112 1506 5179 μνηστῆρι
1532 5111 1770 5182 Χριστῷ,

205 5198 340 5268 ἄρτι
374 5197 615 5265 κραυγῆς
638 5195 964 5264 τελουμένης
985 5196 1042 5248 ἐν
1063 5194 1136 5265 τῷ
1160 5196 1306 5267 μέσῳ
1334 5198 1396 5267 δὴ
1424 5199 1521 5268 τῆς
1544 5200 1768 5265 war-reg;
1792 5188 1795 5189 ν

1882 3196 2395 3250 commutationibus
2412 3205 2464 3250 et
2490 3210 2747 3250 sonorum
2769 3199 3194 3264 concisionibus,
3233 3206 3366 3258 varii
3381 3221 3443 3259 s-

1882 3302 2009 3355 que.
2052 3286 2429 3355 rhythmorum
2465 3286 2787 3341 differentiis
2825 3290 3164 3356 compositae,
3197 3292 3442 3347 dulcedi-

1880 3390 2003 3431 nem
2025 3377 2422 3444 quodammudo
2444 3385 2608 3444 atque
2626 3377 2849 3430 odorem
2874 3380 3159 3435 suavitatis
3182 3386 3444 3436 aromati-

1881 3475 2025 3519 zant.
2048 3465 2320 3535 Estporro
2352 3467 2861 3536 aliq‘uis,quisancti
2882 3469 3052 3535 illius,
3079 3473 3172 3541 qui
3203 3477 3440 3529 currenti

1881 3557 1969 3610 die
1998 3557 2066 3610 ab
2088 3557 2329 3610 Ecclesia
2371 3556 2461 3609 Dei
2496 3556 2816 3619 honoratur,
2854 3559 3018 3613 vitam
3050 3562 3327 3617 addiscere
3346 3579 3441 3618 cu-

1879 3647 2027 3719 piat?
2051 3649 2311 3718 Capessat
2331 3663 2394 3702 ac
2426 3648 2565 3715 legat
2596 3648 2929 3718 lepidissima
2950 3651 3094 3707 illius
3121 3656 3355 3719 cantica,
3386 3665 3441 3708 et

1880 3740 1935 3793 in
1982 3754 2311 3809 unoquoque
2334 3754 2545 3803 eorum,
2584 3755 2701 3808 quat
2751 3751 3044 3806 canuntur,
3105 3746 3230 3797 vita:
3263 3748 3437 3801 sancti

1879 3832 2025 3886 illius
2043 3832 2310 3885 rationem
2327 3840 2701 3901 recognOscat.
2730 3831 2794 3885 Et
2818 3832 3057 3901 profecto
3085 3836 3439 3905 uniuscujus-

1877 3938 1985 3993 que
2010 3934 2345 3987 sanctorum,
2370 3922 2462 3992 qui
2486 3924 2557 3977 ab
2597 3938 2664 3977 eo
2702 3923 3019 3989 honoratur,
3043 3926 3147 3980 vita
3174 3926 3228 3979 in
3257 3927 3431 3982 lucem

1878 4014 2169 4085 profertur,
2189 4014 2467 4082 oculisque
2485 4013 2789 4082 subjicitur.
2811 4013 2931 4084 ipse
2949 4029 3076 4071 vero
3093 4015 3230 4070 inter
3245 4030 3436 4073 omnes

1878 4107 2178 4162 honeratus
2208 4112 2452 4175 apparet,
2485 4113 2648 4175 atque
2675 4106 2729 4159 in
2761 4104 2993 4161 aliorum
3024 4108 3134 4161 vita
3166 4106 3280 4177 ipse
3311 4109 3432 4163 lau-

1876 4199 2036 4252 datur
2086 4207 2309 4268 propter
2358 4198 2687 4252 suavitatem
2738 4206 2791 4252 et
2838 4197 3263 4252 concinnitatem
3315 4200 3435 4254 dul-

1876 4288 2109 4345 cissimae
2161 4288 2426 4343 melodiae.
2478 4288 2583 4342 Alii
2628 4288 2790 4357 igitur
2846 4287 3011 4355 hujus
3069 4288 3215 4342 beati
3268 4291 3432 4344 vitam

1876 4394 2009 4437 sane
2054 4380 2441 4450 magnificent':
2475 4379 2567 4433 alii
2596 4386 2776 4433 autem
2811 4378 3056 4434 scientiae
3100 4379 3248 4434 illius
3294 4380 3432 4435 emi-

1877 4472 2156 4537 nentiam;
2188 4484 2380 4525 omnes
2404 4484 2531 4524 vero
2563 4468 2745 4523 omnia
2774 4469 3056 4538 aequaliter
3085 4478 3138 4524 et
3178 4484 3272 4539 per
3304 4485 3424 4524 om-

1877 4562 1973 4615 nia
2010 4558 2354 4628 magniﬁcent
2403 4558 2640 4627 Spiritus
2681 4557 2933 4628 gratiam,
2985 4571 3108 4627 qua:
3137 4558 3214 4613 ita
3249 4558 3302 4611 in
3336 4560 3431 4613 illo

1876 4652 2043 4707 eﬂ'usa
2092 4662 2197 4714 est,
2255 4661 2314 4704 ut
2359 4650 2415 4704 in
2447 4663 2661 4704 omnem
2693 4658 2961 4703 terrarum
2994 4649 3181 4704 orbem
3233 4650 3430 4705 exierit

1874 4758 2047 4799 sonus
2110 4742 2252 4812 ejus,
2306 4749 2363 4796 et
2415 4740 2470 4793 in
2522 4740 2657 4795 ﬁnes
2705 4748 2863 4794 terrae
2920 4739 3207 4795 universos
3260 4742 3425 4795 verba

1876 4835 2045 4891 Deum
2075 4834 2380 4889 resonantia
2438 4830 2965 4921 melodiarum'ejus.
3000 4828 3077 4884 De
3112 4832 3232 4886 aliis
3262 4847 3426 4900 porro

1878 4927 2005 4997 quid
2040 4940 2175 4994 opus
2209 4933 2291 4979 est
2318 4932 2577 4993 praeterea
2605 4920 2812 4984 dicere,
2831 4931 2962 4989 quot
3005 4920 3095 4974 ille
3128 4936 3195 4974 ex
3238 4922 3425 4975 inlide-

1876 5019 2047 5073 litatis
2083 5017 2338 5072 barathro
2381 5015 2449 5069 ad
2491 5022 2691 5069 sanctae
2731 5011 3013 5066 Trinitatis
3059 5012 3420 5079 cognitionem

1876 5107 2151 5171 eduxerit;
2184 5113 2316 5175 quot
2338 5102 2671 5175 persuaserit
2694 5100 2878 5155 mundi
2912 5110 2967 5153 et
2998 5114 3185 5154 eorum
3216 5114 3337 5167 qua:
3361 5099 3415 5152 in

1879 5198 2083 5252 mundo
2115 5207 2242 5250 sunt
2283 5194 2478 5265 gaudia
2508 5204 2765 5261 respuere
2787 5227 2803 5254 ,
2838 5198 2895 5243 et
2924 5188 3221 5243 solitariam
3255 5188 3417 5239 vitam

209 5289 545 5359 amplexari;
579 5297 712 5357 quot
742 5286 971 5341 feminas
1009 5287 1369 5357 virginitatem
1445 5305 1661 5345 servare
1698 5291 1964 5355 docuerit,
1999 5298 2058 5343 ut
2118 5288 2379 5341 haberent
2444 5282 2662 5339 assidue
2728 5281 3004 5349 lampades
3034 5291 3289 5331 accensas
3318 5314 3330 5337 ,
3365 5283 3418 5330 et

207 5400 338 5441 cum
388 5392 587 5447 sponso
619 5377 837 5433 Christo
876 5379 1092 5446 nuptias
1140 5379 1361 5445 inirent,
1389 5381 1570 5435 statim
1606 5378 1771 5451 atque
1808 5382 2012 5438 clamor
2040 5379 2221 5436 media
2289 5386 2448 5432 nocte
2468 5374 2657 5432 ﬁeret?

280 5516 396 5585 (l0)
423 5516 690 5573 Plurimae
714 5530 808 5569 eas
831 5513 996 5569 fuisse
1017 5530 1122 5569 non
1144 5513 1452 5585 dubitamus
1481 5536 1492 5570 :
1516 5527 1567 5571 et
1593 5520 1773 5574 multa:

210 5582 441 5644 forsitan
480 5588 659 5639 adhuc
704 5586 867 5653 latent
902 5585 955 5637 in
987 5600 1117 5639 mss.
1152 5582 1347 5639 Siculis
1378 5587 1517 5653 apud
1551 5587 1772 5642 Basilia-

210 5673 336 5713 nos.
403 5655 720 5723 Hippolytus
756 5652 1077 5723 Maracciusg
1096 5669 1160 5707 ex
1203 5652 1510 5708 Graecorum
1558 5655 1772 5715 Menaeis

211 5742 408 5786 novem
432 5721 668 5793 integros
699 5737 933 5778 canones
954 5724 1024 5778 de
1053 5721 1278 5792 Deipara
1316 5725 1503 5787 edidit,
1528 5738 1577 5779 et
1604 5730 1769 5781 maxi-

1870 5536 2016 5574 mum
2052 5534 2334 5573 numerum
2381 5512 2795 5569 Theotociorum
2818 5549 2833 5573 ,
2866 5508 2915 5561 id
2944 5513 3023 5561 est
3064 5503 3407 5571 strepharum

1868 5594 1933 5643 de
1982 5588 2173 5652 Beata,
2207 5590 2257 5640 in
2290 5588 2406 5655 fme_
2430 5575 2703 5652 ‘cujusque
2742 5574 3263 5655 odaz'caneud'arum
3290 5608 3308 5637 ,
3344 5588 3408 5625 ex

1868 5642 2121 5713 omnibus
2151 5642 2293 5728 quos
2315 5672 2348 5709 a
2378 5642 2629 5728 Josepho:
2638 5647 2975 5728 compositos,
2990 5642 3212 5728 credidit
3244 5656 3408 5697 cano-

1870 5730 2047 5793 nibus,
2081 5711 2183 5797 per'
2202 5720 2365 5782 totius
2395 5711 2524 5777 anni
2548 5711 2777 5775 oliiciuni
2809 5711 3029 5783 sparsis.
