3926 6308
593 222 695 287 967

1667 212 1723 270 S.
1769 210 2077 271 JOSEPHI
2116 207 2661 269 HYMNOGRA-Plll

3684 204 3774 264 968

641 330 749 381 '28.
789 327 978 381 Verum
1011 340 1195 379 rursus
1222 321 1452 376 extorris
1483 331 1641 387 atque
1662 321 1813 372 exsul
1836 334 1955 371 esse
1978 334 2128 371 com-

2305 335 2373 382 κη
2395 356 2409 370 .
2436 316 2509 367 Oi)
2546 320 2651 382 μὴν
2684 313 2816 365 ἀλλά
2849 313 2939 364 καὶ
2962 312 3117 364 πάλιν
3144 312 3431 382 ὑπερόριος
3472 311 3700 377 γίνεται,
3724 315 3776 365 τὸ

594 420 833 488 pellitur;
878 418 1102 471 caudam
1162 430 1258 468 sna
1317 421 1689 467 commovente
1733 410 1931 463 Satana
1988 409 2136 461 frau—

592 512 831 568 dulento,
881 518 945 560 et
986 508 1279 575 pessimum
1339 504 1483 556 illius
1533 501 1790 568 temporis
1841 500 2130 568 imperato-

597 614 708 651 rem
748 598 857 668 (ll)
898 598 1181 649 ext-hante.
1219 594 1331 646 Non
1377 594 1519 645 enim
1550 600 1725 659 potest
1758 591 1804 643 is
1836 590 2132 657 quiescere,

593 689 679 754 qui
726 696 979 752 tanquam
1013 684 1246 737 triticum
1284 682 1399 750 pios
1432 682 1612 732 iideles
1649 678 1887 731 cribrare
1918 679 2135 746 expetit,

596 780 686 830 sed
716 780 924 830 animas
958 777 1022 828 ad
1067 791 1183 830 sese
1219 775 1480 843 proclives
1514 778 1728 840 penitus
1753 781 2056 826 commovet
2085 780 2140 824 et

593 868 847 932 exagitat.
892 864 1256 928 Quamobrem
1296 863 1489 913 iterum
1525 860 1718 914 bellum
1751 860 2008 912 adversus
2034 856 2137 910 Ec-

593 954 810 1005 clesiam
859 952 1244 1003 inconcuSsam
1296 949 1609 1013 suscitatur,
1641 956 1693 1001 et
1733 963 1899 1001 sacra:
1938 945 2137 1000 Christi

596 1049 1017 1106 sanctorumque
1068 1038 1209 1090 illius
1262 1037 1525 1102 imagines
1574 1036 1951 1106 exploduntur,
2005 1050 2140 1104 quas

596 1146 717 1181 eum
753 1130 1130 1196 magnanimus
1178 1137 1360 1179 noster
1395 1135 1504 1177 tota
1539 1125 1717 1191 lingua
1751 1124 2004 1193 populum
2044 1124 2142 1177 ho-

594 1233 789 1270 norare
831 1219 1048 1269 dooeret
1129 1226 1181 1269 et
1228 1214 1510 1267 catholicae
1551 1215 1972 1281 orthodoxazque
2021 1212 2141 1267 ﬁdei

594 1309 865 1377 dogmata,
904 1325 1007 1359 non
1046 1310 1095 1359 in
1130 1288 1359 1374 privato,
1391 1315 1484 1357 aut
1518 1306 1569 1357 in
1604 1306 1787 1366 domo,
1818 1306 1910 1357 sed
1947 1304 1999 1357 in
2030 1304 2141 1372 pla-

597 1398 698 1450 teis
748 1413 868 1449 cum
910 1398 1155 1449 libertate
1211 1396 1557 1463 praedicaret,
1617 1395 1934 1447 exturbatur
1982 1401 2143 1462 atque

598 1487 813 1553 eiicitur
844 1501 874 1538 e
909 1486 1129 1538 civitate
1173 1486 1225 1536 iit
1272 1484 1546 1547 exsilium,
1587 1484 1674 1535 ubi
1711 1484 1919 1551 magnis
1959 1483 2010 1534 itt
2043 1499 2140 1535 au-

2235 408 2448 476 οὑραῖον
2474 393 2877 473 περισείσαντος
2909 401 3003 454 τοῦ
3038 402 3440 471 πτερνοσκόπου
3469 402 3669 466 Σατὰν,
3696 405 3775 454 καί

2235 498 2324 549 τὸν
2364 495 2483 547 τότε
2521 495 2751 563 πονηρὸν
2796 494 3013 563 βασιλέα
3044 498 3375 567 κινήσαντος.
3420 495 3535 544 Οὐκ
3577 490 3645 562 ἦν
3686 493 3775 561 γὰρ

2237 588 2481 654 ἠρεμεῖν,
2512 586 2603 637 τὸν
2628 587 2702 647 ὼς
2743 589 2885 638 σῖτον
2916 588 3151 640 σινιάσαι
3184 583 3447 656 ζητοῦντα
3473 585 3598 646 τοὺς
3634 584 3776 635 εὐσε-

2237 675 2351 737 ϐεῖς
2374 715 2388 740 ,
2419 675 2551 727 ἀλλά
2578 676 2843 738 παντοίως
2875 679 3012 743 κινεῖ
3037 676 3135 739 τὰς
3173 677 3305 746 πρὸς
3329 676 3492 729 αὑτὸν
3522 675 3777 744 ῥεπούσας

2236 766 2427 836 ψυχάς.
2458 767 2619 820 Ὅθεν
2648 770 2741 821 καὶ
2767 769 2927 821 πάλιν
2957 768 3186 838 πόλεμος
3211 769 3349 821 κατὰ
3374 768 3472 837 τῆς
3503 766 3776 819 ἀτινάκτου

2239 857 2569 925 πανταχόθεν
2623 859 2944 927 Ἐκκλησίας
2980 858 3410 929 ἀναρριπίζεται,
3444 860 3537 909 καὶ
3576 857 3644 908 τά
3674 857 3778 925 ίερὰ

2242 948 2580 1017 μορφώματα
2632 948 2864 1017 Χριστοῦ
2916 949 3008 1002 καὶ
3061 950 3168 1001 τῶν
3211 949 3373 1002 αὐτοῦ
3412 947 3583 1016 ἁγίων
3631 948 3778 1001 πάλιν

2239 1037 2543 1100 διώκονται,
2571 1037 2606 1089 ἃ
2634 1037 2893 1107 τιμᾶσθαι
2922 1039 3016 1111 ὅλῃ
3049 1038 3264 1109 γλώσσῃ
3292 1038 3351 1091 τὸ
3383 1040 3584 1108 πλῆθος
3613 1038 3777 1089 ἀναδι-

2240 1128 2449 1182 δάσκων
2466 1129 2493 1179 ὁ
2519 1129 2912 1195 γενναιότατος,
2939 1132 3032 1182 καὶ
3055 1130 3442 1200 ἀνακηρύττων
3458 1130 3553 1197 τῆς
3579 1129 3779 1197 698050-

2242 1217 2355 1281 ξὶας
2387 1220 2452 1269 τὰ
2472 1218 2736 1288 δόγματα,
2761 1220 2858 1273 οὑκ
2884 1222 2939 1272 ὲν
2964 1221 3110 1291 οἰκίᾳ
3134 1220 3237 1272 οὐδ’
3262 1221 3353 1273 ἐπὶ
3372 1220 3623 1288 δώματος
3645 1262 3659 1281 ,
3682 1220 3781 1270 ἀλλ’

2242 1311 2305 1389 ὲν,
2337 1311 2615 1374 πλατείαις
2652 1312 2743 1363 καὶ
2775 1312 3054 1382 παρρησίᾳ
3076 1350 3091 1375 ,
3118 1310 3394 1376 ἐξωθεῖται
3434 1311 3533 1379 τῆς
3568 1308 3779 1370 πόλεως,

2240 1402 2334 1452 καὶ
2357 1395 2425 1468 ἦν
2457 1402 2515 1451 ὲν
2539 1401 2802 1471 ὑπερορίᾳ
2834 1399 3350 1469 στενοχωρούμενος,
3376 1398 3577 1467 μᾶλλον
3606 1397 3650 1448 δ’
3674 1400 3783 1448 ἑαυ-

2243 1494 2331 1545 τὸν
2358 1493 2813 1561 οίκειογνωμόνως
2844 1490 3206 1560 στενοχωρῶν.
3231 1490 3362 1543 Μετ’
3384 1490 3445 1541 οὑ
3473 1488 3606 1539 πολὺ
3629 1488 3683 1538 δὲ
3707 1488 3787 1555 λή-

596 1576 792 1645 gustiis
827 1577 1163 1637 versabatur,
1200 1574 1431 1641 majores
1466 1584 1641 1625 tamen
1678 1574 1953 1640 angustias
1985 1582 2143 1643 atque

2249 1583 2429 1645 ξαντος
2454 1581 2546 1649 τοῦ
2564 1580 2756 1646 κακοῦ,
2779 1581 2872 1634 καῖ⁵
2897 1581 2990 1634 τοῦ
3019 1580 3283 1650 χειμῶνος
3307 1578 3678 1648 λωφήσαντος,
3708 1578 3788 1630 καὶ

594 1644 909 1723 alniCtioncs
960 1670 1071 1737 ipse
1110 1668 1325 1736 proprio
1365 1683 1534 1720 sensu
1575 1676 1875 1734 Sponteque
1903 1666 2135 1719 subibat.

2249 1647 2543 1741 ὀρθοδόξοις
2587 1644 2845 1725 δοθέντων
2870 1671 2978 1725 τῶν
3006 1644 3297 1741 σκήπτρων
3339 1644 3649 1739 βασιλεῦσιν
3695 1670 3788 1721 ἀπὸ

594 1758 708 1811 Non
747 1759 913 1812 multo
952 1769 1129 1810 autem
1179 1766 1321 1824 post,
1354 1769 1599 1810 cessante
1634 1757 1797 1819 malo,
1843 1771 1906 1809 ac
1936 1766 2139 1825 tempe-

2249 1762 2406 1827 Θεοῦ,
2434 1761 2815 1829 μετακαλεῖται
2837 1759 2989 1824 αὖθις
3017 1761 3159 1815 κατὰ
3179 1760 3329 1813 Θεόνι
3368 1761 3426 1811 'U
3450 1760 3506 1811 δὲ
3528 1759 3590 1810 ού
3626 1760 3790 1809 πείθε-

595 1862 746 1919 State,
772 1851 1101 1915 quiescente,
1152 1847 1427 1900 eottcessis
1458 1862 1487 1899 a
1520 1846 1624 1899 Deo
1656 1847 1866 1913 imperii
1898 1846 2137 1901 fascibus

2249 1839 2353 1919 ταί,
2391 1857 2456 1924 τῇ
2482 1854 2747 1926 ὑπερορίᾳ
2788 1855 2863 1917 ὡς
2901 1853 3213 1923 παραδείσῳ
3241 1853 3327 1912 διὰ
3353 1852 3586 1920 Χριστὸν
3618 1851 3788 1919 ἡδυνό-

597 1938 1010 2006 imperatoribus
1062 1936 1377 1988 orttmdoxis
1423 1935 1555 2002 (l2).
1594 1937 1785 2004 iterum
1840 1936 2135 1989 accersitur
2245 1962 2425 2015 μενος,
2554 2006 2557 2010 ι

597 2028 893 2081 Secundum
962 2024 1273 2079 Deum.llle
1339 2038 1464 2077 vero
1526 2039 1631 2077 non
1699 2026 2120 2096 obtemperavit;
2179 2035 2376 2089 etenim
2434 2034 2488 2088 in
2543 2034 2733 2089 exsilio
2787 2033 3023 2104 paradisi
3082 2033 3419 2088 dulcedinem
3492 2033 3793 2101 degustahat

594 2128 811 2186 propter
831 2117 1126 2169 Christum.

660 2210 749 2259 29.
789 2205 891 2258 Sed
940 2208 1191 2273 quoniam
1245 2207 1296 2258 hi
1343 2207 1688 2260 vehementer
1737 2208 2035 2269 instabant.
2086 2225 2144 2265 ac

2326 2214 2425 2271 κθ’.
2460 2216 2604 2286 Πλὴν
2628 2216 2749 2268 ἐπεὶ
2786 2215 2982 2268 ἐκεῖνοι
3028 2213 3128 2283 μὲν
3152 2213 3431 2266 ἐπέκειντο
3457 2212 3789 2266 ἀντιΰολοῦν-

597 2298 765 2352 veluti
820 2297 1036 2349 admoto
1081 2302 1319 2349 exercitu
1369 2300 1650 2364 urgebant,
1699 2300 1785 2351 ille
1836 2314 1962 2353 vero
1994 2316 2144 2369 repu-

2249 2323 2338 2369 τες
2368 2308 2465 2377 τὴν
2496 2307 2801 2371 ἀνάζευξιν,
2832 2307 2860 2358 δ
2889 2306 2947 2358 δὲ
2979 2307 3300 2359 ἀντιτείνειν
3319 2306 3420 2359 οὐκ
3442 2301 3577 2374 εἶχε,
3625 2306 3711 2359 διὰ
3740 2307 3789 2357 τὸ

594 2404 758 2457 gnare
809 2401 915 2454 non
970 2388 1201 2450 valebat,
1250 2390 1544 2454 praesertim
1590 2390 1718 2456 quia
1756 2405 1951 2457 magno
2006 2391 2144 2444 cives

2250 2396 2343 2449 καὶ
2372 2396 2505 2466 πρὸς
2524 2398 2648 2457 τοὺς
2676 2398 2734 2447 ὲν
2758 2397 2823 2466 τῇ
2872 2395 3027 2448 πόλει
3070 2395 3473 2464 φιλάνθρωπον,
3507 2396 3648 2448 είκει
3678 2398 3786 2458 ταῖς

597 2494 783 2531 amore
836 2479 1282 2545 prosequebatur,
1341 2478 1714 2546 frequentibus
1769 2481 2144 2548 imperantium

2249 2485 2353 2537 τῶν
2400 2484 2740 2553 κρατούντων
2788 2487 3016 2546 πυκναῖς
3075 2484 3484 2554 παρακλήσεσι,
3546 2486 3643 2537 καὶ
3702 2487 3786 2551 τήν

597 2570 846 2638 precibus
879 2569 1134 2629 oliedirit,
1172 2579 1330 2635 atque
1383 2570 1557 2621 exsilii
1616 2571 1826 2623 laudent
1884 2572 2139 2624 derelicto

597 2659 735 2719 loco,
757 2658 807 2706 in
827 2656 1175 2724 Byzantinatn
1211 2657 1395 2708 urbem
1423 2656 1695 2723 prolectus
1728 2666 1827 2711 est.
1859 2658 1926 2712 Et
1949 2660 2142 2713 nihilo-

596 2763 776 2801 minus
814 2763 937 2800 eum
1003 2746 1230 2799 aliorum
1266 2745 1531 2798 honorum
1566 2748 1759 2815 gaudio
1791 2748 1892 2801 frui
1924 2763 2142 2802 recusa-

597 2850 698 2902 ret,
734 2839 818 2890 vix
883 2838 1030 2889 illum
1083 2848 1489 2903 persuaserunt,
1538 2850 1593 2890 ut
1650 2839 2140 2892 ecclesiasticarum

2250 2574 2543 2644 ὑπερορίαν
2572 2574 2703 2635 τέως
2733 2573 3043 2627 καταλιπὼν
3087 2576 3152 2642 τῇ
3196 2574 3473 2636 Βυζαντίδι
3506 2575 3785 2642 ἐπιφοιτᾷ·

2252 2667 2345 2719 καὶ
2372 2666 2523 2730 μόλις
2550 2668 2665 2733 μὲν,
2694 2665 2935 2733 πείθουσι
2964 2663 3007 2715 δ’
3034 2665 3200 2731 ὅμως,
3234 2667 3352 2726 ταῖς
3372 2664 3557 2724 ἄλλαις
3593 2665 3790 2734 χαίρειν

2249 2757 2469 2809 εἰπόντα
2515 2757 2721 2823 τιμαῖς,
2774 2755 3242 2823 ὲκκλησιαστικὼν
3293 2756 3593 2823 προστῆναι
3658 2772 3785 2823 πρα-

2250 2847 2492 2915 γμάτων,
2545 2847 2636 2898 καὶ
2666 2845 2763 2910 τὴν
2805 2844 3044 2915 φυλακὴν
3075 2845 3498 2915 ἐμπιστευθῆναι
3547 2846 3659 2897 τῶν
3692 2845 3791 2910 τῆς

600 2934 938 2997 negotiorum
968 2941 1155 2979 curam
1190 2936 1516 2994 capesseret,
1552 2942 1867 2997 sacramque
1896 2929 2144 2983 Ecclesiae

2260 2936 2582 3006 Ἐκκλησίας
2622 2934 2779 3004 ιερῶν
2812 2935 3127 3005 κειμηλίων.
3181 2936 3293 2989 Ούκ
3331 2935 3579 2988 ἐπείθετο
3607 2936 3662 2989 δὲ
3695 2938 3789 3003 ἀρα

599 3019 991 3086 supellectilem
1025 3019 1075 3069 in
1098 3032 1253 3070 suam
1284 3016 1440 3069 ﬁdem
1468 3020 1788 3086 susciperet.
1822 3018 1889 3072 Et
1919 3019 2143 3073 forsitan

602 3110 939 3180 principibus
969 3124 1076 3160 non
1108 3108 1552 3172 obtemperasset.
1591 3124 1689 3162 nec
1729 3117 2010 3177 propterea
2042 3112 2145 3163 mi-

604 3200 890 3253 nisterium
926 3200 1055 3251 illud
1085 3199 1438 3267 suscepisset,
1463 3202 1553 3252 sed
1587 3201 1769 3253 divino
1790 3200 2146 3270 lgnatio(l3),

600 3291 691 3360 qui
725 3291 953 3359 plurima
979 3290 1176 3343 virtute
1203 3299 1451 3354 ornatus,
1478 3299 1531 3343 et
1557 3289 2020 3345 lerventissimum
2050 3306 2149 3360 pro

600 3383 819 3435 Christo
850 3382 1023 3433 zelum
1058 3395 1270 3449 gerens,
1306 3396 1475 3448 nuper
1519 3382 1917 3448 patriarchatus
1946 3383 2147 3451 guber-

603 3475 797 3527 nacula
832 3473 934 3526 sibi
976 3474 1180 3526 credita
1242 3480 1573 3539 susceperat,
1627 3486 1734 3525 non
1776 3472 2150 3542 obtemperare

602 3581 707 3618 non
727 3568 921 3633 potuit.
950 3563 1061 3627 llic,
1086 3564 1594 3617 excellentissimam
1614 3562 1831 3633 Josephi
1851 3566 2017 3619 nostri
2038 3567 2148 3619 vir-

599 3664 769 3708 tutem
798 3655 1120 3716 admiratus,
1145 3653 1391 3707 eumdem
1430 3654 1481 3705 in
1503 3652 1746 3706 laborum
1783 3668 2003 3708 suorum
2029 3670 2151 3722 par-

603 3758 731 3811 lem,
764 3754 817 3799 et
869 3745 924 3798 in
950 3746 1121 3798 rebus
1170 3744 1491 3797 necessariis
1524 3744 1825 3812 adiutorem
1872 3760 2151 3801 assumere

602 3835 849 3889 studebat
873 3851 887 3886 :
912 3844 965 3887 et
991 3850 1109 3886 cuin
1131 3834 1413 3887 ministerii
1432 3834 1550 3902 jam.
1564 3835 1802 3903 praedicti
1828 3845 2147 3904 praetextum

603 3927 917 3986 invenisset,
951 3926 1001 3977 id
1038 3925 1182 3992 quod
1226 3926 1481 3991 cupiebat
1526 3925 1683 3979 facile
1726 3927 1978 3980 obtinuit.
2017 3926 2149 3981 Fre-

604 4027 831 4092 quentes
858 4016 1020 4083 igitur
1046 4029 1167 4066 eum
1194 4029 1259 4067 eo
1286 4030 1565 4068 sermones
1589 4023 1641 4068 et
1664 4017 1929 4085 colloquia
1962 4019 2153 4072 misce-

604 4104 719 4168 bat,
739 4112 861 4156 etea
890 4118 1008 4170 qua:
1035 4104 1344 4171 ignorabat,
1372 4104 1439 4155 ab
1456 4106 1641 4155 eodem
1663 4104 1991 4159 addiscebat.
2013 4107 2152 4160 Nihil

607 4207 769 4261 porro
790 4194 910 4246 novi
936 4204 1069 4253 erat,
1084 4192 1128 4245 si
1147 4206 1249 4260 qua
1274 4190 1619 4245 ineﬂ‘abilium
1643 4193 1831 4246 divinae
1861 4192 2153 4263 Scriptura:

598 4376 763 4440 Patri,
793 4383 845 4428 et
882 4384 1100 4444 propter
1138 4375 1365 4426 multum
1400 4375 1662 4437 studium,
1686 4383 1738 4428 et
1761 4385 1977 4444 propter
2008 4378 2141 4429 emi-

2248 3030 2358 3090 τοῖς
2383 3028 2627 3096 ἄρχουσι,
2662 3021 2755 3077 καῖ
2788 3024 2873 3077 διὰ
2919 3024 3076 3076 τοῦτο
3123 3024 3220 3093 τὴν
3246 3024 3516 3077 διακονίαν
3566 3025 3789 3106 ἐδέχετο,

2248 3118 2361 3173 ἀλλ’
2401 3118 2643 3188 Ἰγνατίῳ
2673 3117 2748 3187 τῷ
2787 3116 2919 3186 θείῳ
2945 3116 3133 3188 (πολὺς
3162 3116 3217 3168 δὲ
3244 3116 3330 3185 ἀρ’
3362 3111 3515 3179 οὗτος
3541 3119 3645 3185 τὴν
3677 3122 3792 3187 ἀρε-

2249 3210 2368 3279 τὴν,
2397 3210 2487 3261 καὶ
2516 3209 2606 3261 τὸν
2636 3208 2775 3277 ὑπὲρ
2809 3206 3044 3277 Χριστοῦ
3076 3207 3234 3274 ζῆλον
3266 3206 3649 3277 θερμότατος),
3681 3208 3793 3277 ἄρτι

2248 3301 2346 3369 τῆς
2376 3298 2784 3369 ἀρχιερωσύνης
2836 3296 3251 3366 ἐμπιστευθέντι
3304 3300 3429 3358 τοὺς
3460 3296 3694 3358 οἴακας·
3744 3298 3794 3359 δς

2249 3390 2309 3441 τὸ
2340 3390 2525 3457 περιὸν
2552 3389 2652 3453 τῆς
2678 3386 2878 3457 ἀρετῆς
2898 3386 3052 3439 τοῦδε
3077 3387 3167 3439 τοῦ
3199 3386 3343 3458 ἱεροῦ
3363 3388 3794 3456 δυσωπούμενος.

2252 3474 2507 3526 ἔσπευδεν
2552 3474 2695 3544 ἔχειν
2729 3475 3090 3542 συγκοινωνὸν
3118 3476 3228 3527 τῶν
3284 3477 3479 3540 πόνων,
3542 3477 3649 3529 κάν
3699 3480 3797 3537 τοῖς

2252 3565 2567 3633 ἀναγκαίοις
2592 3565 2938 3636 συλλήπτορα
2958 3580 2974 3595 ο
3003 3566 3097 3618 καὶ
3123 3567 3393 3636 πρόφασιν
3412 3567 3511 3636 τὴν
3539 3568 3796 3619 διακονίαν

2252 3657 2566 3727 εὑράμενος,
2596 3656 2688 3709 τοῦ
2715 3657 3049 3726 ποθουμένου
3085 3658 3362 3726 ἐτύγχανε.
3388 3658 3496 3710 Καὶ
3523 3654 3591 3728 ἧν
3621 3659 3798 3725 ἐκείνῳ

2256 3747 2552 3817 συνομιλῶν
2590 3746 2758 3815 θαμὰ,
2790 3750 2883 3799 καὶ
2910 3748 3036 3817 παρ’
3062 3747 3226 3799 αὑτοῦ
3253 3748 3319 3801 τὰ
3348 3748 3691 3816 ἀγνοούμενα
3729 3748 3795 3799 δι-

2255 3838 2605 3907 δασκόμενος.
2654 3838 2854 3889 Καινὸν
2895 3838 2950 3889 δὲ
3008 3840 3225 3900 πάντως
3268 3838 3418 3891 οὐδὲν
3460 3840 3515 3889 εἰ
3554 3857 3677 3891 τινα
3704 3839 3799 3891 eth

2251 3928 2574 3997 ἀπορρήτων
2647 3926 2745 3996 τῆς
2807 3926 2845 3978 Γ
2850 3928 3027 3997 ραφῆς
3093 3927 3402 3997 μυστηρίων
3457 3928 3655 3999 ἐκείνῳ
3712 3929 3798 3998 μὲν

2252 4018 2513 4086 ἠγνοεῖτο,
2544 4018 2618 4085 τῷ
2640 4017 2696 4069 δὲ
2732 4012 2950 4088 μεγάλῳ
2980 4018 3111 4087 τῷδε
3150 4020 3344 4088 Πατρὶ,
3379 4020 3468 4072 διά
3499 4036 3559 4071 τε
3588 4021 3651 4072 τὸ
3677 4020 3796 4071 πολὺ

2250 4111 2349 4179 τῆς
2384 4108 2614 4177 σπουδῆς
2674 4110 2768 4161 καὶ
2809 4110 2868 4161 τὸ
2922 4109 3108 4178 περιὸν
3158 4110 3257 4177 τῆς
3305 4110 3651 4179 καθάρσεως,
3716 4111 3797 4162 καί

2253 4182 2576 4264 ὲγινίῦσκετο
2588 4199 2678 4262 καὶ
2694 4198 3009 4268 διηρθροῦτο
3025 4215 3088 4266 με
3099 4199 3159 4250 τὰ
3174 4199 3366 4267 πολλῆς
3399 4199 3796 4269 μελιχρότητος,

512 4288 515 4291 “
608 4285 987 4353 mysteriorum
1008 4284 1405 4335 viroilliessent
1421 4283 1620 4351 ignota.
1639 4283 1828 4352 Magno
1840 4294 2017 4337 autem
2037 4285 2144 4339 huit

2266 4287 2292 4339 ὃ
2320 4288 2558 4357 χάρισμα
2580 4288 2687 4340 τῶν
2732 4291 2880 4359 παρά
2930 4288 3006 4358 τῷ
3056 4290 3273 4359 μεγάλῳ
3312 4290 3508 4359 Παύλῳ
3540 4290 3800 4360 ὑμνουμέ-

2246 4396 2349 4431 νων
2378 4380 2542 4444 ἐστὶν,
2565 4379 2723 4433 ἄλλου
2753 4381 2826 4449 μὴ
2854 4381 3244 4451 προσδεόμενον
3269 4382 3411 4434 θείου
3434 4384 3788 4453 χαρίσματος.

602 4480 819 4523 rientem
866 4474 1154 4537 puritatem
1187 4479 1237 4521 et
1264 4469 1476 4535 c0gnita
1507 4478 1678 4533 erant,
1715 4478 1769 4523 et
1799 4469 1985 4524 eadem
2018 4471 2247 4539 plurima
2277 4489 2400 4528 cum
2439 4473 2723 4528 dulcedine
2771 4489 2834 4529 ac
2873 4476 3137 4528 suavitate
3181 4474 3482 4542 explicabat
3525 4496 3539 4530 :
3579 4478 3632 4530 id
3665 4476 3794 4543 quod

601 4564 802 4616 donum
834 4571 933 4625 est,
978 4576 1042 4615 ex
1090 4560 1175 4625 iis,
1219 4575 1340 4629 quae
1374 4577 1402 4614 a
1434 4577 1625 4631 magno
1670 4563 1929 4629 Apostolo
1963 4563 2429 4629 commendantur,
2468 4576 2522 4619 et
2554 4566 2754 4621 nullius
2794 4566 3015 4620 alterius
3046 4567 3170 4620 doni
3203 4567 3439 4635 indigere
3465 4568 3699 4621 videtur.

679 4657 766 4710 50.
823 4654 1116 4722 Postquam
1166 4665 1339 4712 autem
1392 4671 1617 4724 magnus
1663 4656 1751 4712 hic
1798 4656 2023 4710 antistes
2072 4670 2155 4711 se-

602 4756 817 4801 nectute
875 4745 1255 4814 laboribusque
1318 4746 1619 4799 innumeris
1677 4746 1956 4799 confectus
2016 4748 2153 4799 emi-

606 4839 782 4907 gravit
803 4838 866 4889 ad
900 4836 1085 4901 Deum,
1126 4838 1383 4891 successit
1419 4839 1468 4889 in
1494 4837 1610 4904 ejus
1640 4838 1813 4889 locum
1842 4846 1894 4890 et
1918 4838 2149 4905 patriar-

605 4929 817 4983 chalem
845 4928 1158 4996 dignitatem
1185 4927 1434 4989 Pliotius,
1464 4929 1554 4993 qui
1581 4928 1630 4978 in
1658 4928 1887 4993 publicis
1910 4928 2149 4983 consiliis

608 5018 663 5073 in
694 5018 961 5072 sententia
993 5016 1238 5083 ferenda,
1272 5028 1323 5070 et
1360 5026 1577 5084 propter
1618 5020 1883 5072 sermonis
1916 5020 2147 5087 copiam,

675 5217 784 5287 (ll)
806 5216 1159 5287 Theophilum
1188 5216 1411 5287 scilicet,
1436 5226 1493 5287 ut
1512 5216 1567 5287 in
1600 5216 1902 5287 Prolegom.
1925 5218 2151 5273 dictum.

671 5285 783 5359 (ιε)
809 5285 1024 5342 Sunt—hi
1055 5286 1333 5359 Theodore
1358 5285 1577 5359 et_ﬁlius
1594 5288 1713 5359 ejus
1739 5285 2153 5342 Michael.-Men-

601 5354 729 5412 duin
759 5354 934 5410 autem
981 5359 1032 5410 in
1060 5354 1362 5425 Menologio
1401 5354 1580 5425 Basilii
1617 5358 1807 5425 imper.
1834 5360 1942 5411 est
1963 5399 1976 5421 ,
2009 5359 2149 5425 quod

604 5427 813 5481 nonnisi
870 5424 1442 5494 Tlieophjlo__m0rtuo,
1486 5423 1753 5494 Joscphus
1789 5423 2057 5479 scribatur
2085 5443 2149 5481 ex

602 5510 819 5552 carcere
838 5490 1052 5561 ereptus
1081 5492 1142 5547 ι).
1168 5490 1368 5547 Nicolai
1395 5510 1515 5564 ope,
1544 5490 1842 5563 iterumque
1870 5496 2069 5566 eiectus
2097 5499 2149 5551 in

2320 4656 2384 4712 λ’.
2428 4659 2567 4711 Ἀλλ’
2596 4660 2717 4711 ἐπεὶ
2746 4660 2838 4712 καὶ
2873 4661 2900 4712 ὁ
2932 4659 3102 4728 μέγας
3148 4661 3432 4729 ἀρχιερεὺς
3474 4657 3636 4724 οὗτος
3665 4664 3799 4730 γήρᾳ

2254 4746 2696 4813 ὲταλαιπωρεῖτο,
2759 4747 2851 4799 καὶ
2901 4747 3132 4816 καμάτῳ
3174 4748 3442 4801 πολυειδεῖ
3483 4750 3625 4818 πρὸς
3679 4750 3798 4801 Θεὸν

2253 4835 2575 4905 ἐξεδήμησε,
2598 4837 2895 4906 διαδέχεται
2920 4836 3010 4889 τὸν
3052 4838 3150 4905 τῆς
3178 4839 3592 4908 ἀρχιερωσύνης
3625 4840 3798 4907 θρόνον

2251 4929 2279 4979 ὁ
2308 4929 2528 4989 Φώτιος,
2578 4928 2637 4989 ὃς
2689 4927 2785 4996 τῆς
2839 4928 3137 4995 συγκλήτου
3182 4928 3377 4999 βουλῆς
3436 4931 3701 5000 ἐτύγχανε
3747 4931 3799 4981 τὸ

2253 5022 2514 5087 πρωτεῖον
2562 5020 2972 5091 ἐπιφερόμενος,
3000 5020 3087 5073 διά
3112 5038 3168 5072 τε
3220 5021 3280 5073 τὸ
3330 5021 3465 5073 πολὺ
3512 5023 3612 5074 τοῦ
3654 5022 3796 5087 λόγου

2261 5219 2529 5273 exsilium.

2335 5289 2444 5357 (t5)
2476 5287 2533 5341 S.
2564 5286 2820 5356 lgnatius,
2857 5289 2947 5358 qui
2973 5288 3165 5343 colitur
3187 5288 3257 5343 23
3299 5289 3507 5353 oetob.,
3543 5288 3800 5343 Methodio

2261 5359 2558 5419 successit,
2620 5369 2813 5426 quarto
2876 5369 2997 5426 post
3060 5360 3433 5423 ortliodoxiam
3504 5363 3798 5412 restitutam

2258 5442 2433 5501 anno;
2466 5428 2651 5501 pulsus
2678 5436 2731 5480 et
2755 5428 2947 5501 iterum
2974 5429 3272 5501 restitutus,
3293 5444 3464 5501 usque
3488 5430 3559 5481 ad
3592 5444 3681 5482 an.
3710 5428 3800 5482 879

2258 5496 2436 5550 sedem
2476 5497 2643 5551 tenuit
2668 5497 3108 5565 patriarcbalem.
