3926 6308
111 310 223 374 969

1653 317 1843 389 V’ITA.

3215 329 3317 392 970

113 420 216 472 καὶ
249 421 312 474 τὸ
343 423 673 494 ὑπερϐάλλον
718 429 815 497 τῆς
871 431 1138 498 γνώσεως,
1196 436 1287 484 καὶ
1336 436 1451 504 ἅμα
1504 437 1588 489 διὰ
1617 439 1671 488 τὸ

1777 446 1827 489 et
1863 447 2082 506 propter
2115 438 2353 492 scicntia‘
2384 433 2776 502 exeellentiam,
2812 447 2863 492 et
2906 446 3122 508 propter
3152 445 3316 495 aninn

110 510 291 565 δεινὸν
318 514 409 564 τοῦ
440 518 574 579 νοὸς,
608 521 704 569 καὶ
746 520 880 589 πρὸς
905 522 963 572 τὸ
994 522 1262 575 συνθεῖναι
1292 526 1385 576 καὶ⁸
1411 528 1670 583 σκευάσαι

113 605 420 674 πράγματα
445 609 762 678 ἐπιτήδειον,
792 611 850 674 ἐξ
879 606 937 665 οὗ
959 613 1050 665 καὶ
1076 614 1170 682 τὴν
1194 616 1364 684 ἀρχὴν
1399 617 1493 685 τῆς
1516 619 1670 686 ἱερω-

116 695 290 763 σύνης
319 697 757 766 άπεκληρώσατο,
817 701 901 752 ἵνα
942 703 1014 770 μὴ
1059 703 1197 770 λέγω
1247 706 1420 756 πάντα
1468 707 1534 757 τὰ
1575 707 1668 758 τοῦ

113 786 332 854 ἀνδρὸς,
361 788 451 838 καί
484 805 582 840 που
620 790 713 842 καὶ
747 790 880 861 πρὸς
935 793 1183 856 διαϐολὰς
1230 797 1460 864 χωρήσω
1497 798 1669 860 τοῦδε,

112 874 227 925 άππὸ
259 876 354 927 τοῦ
377 877 693 946 πράγματος
714 882 791 942 είς
818 882 974 934 τοῦτο
1005 885 1490 954 παρακινούμενος.
1528 889 1672 956 Πλὴν

113 961 202 1012 ὅτι
234 964 328 1014 καὶ
356 959 509 1026 οὗτος
546 966 624 1035 τῷ
655 970 872 1038 μεγάλῳ
921 971 1093 1041 τούτῳ
1125 975 1300 1042 Πατρὶ
1347 976 1542 1046 Ἰωσὴφ
1577 977 1674 1046 τὴν

115 1051 244 1120 ἴσην
277 1054 459 1122 ἐτήρει
494 1058 674 1127 τιμὴν,
712 1059 806 1111 καὶ
853 1059 928 1130 τῷ
970 1063 1114 1132 μέσῳ
1154 1066 1249 1134 τῆς
1291 1067 1520 1134 καρδίας
1568 1067 1672 1118 ὑπ-

112 1138 387 1209 έκρυπτε,
432 1145 566 1197 Θεοῦ
613 1147 894 1215 ἄνθρωπον
944 1151 1239 1220 ὀνομάζων,
1288 1159 1380 1206 καὶ
1411 1158 1675 1226 ίσαγγέλῳ

115 1233 266 1286 κατὰ
302 1234 363 1286 τὸ
412 1235 626 1304 θεμιτὸν
679 1241 957 1309 προσέχων
1009 1243 1172 1312 αὐτῷ.
1226 1245 1413 1297 Ἔνθεν
1453 1265 1531 1299 τοι
1581 1249 1676 1300 καὶ

113 1321 247 1391 ὃλην
276 1325 372 1391 τὴν
398 1327 648 1395 φροντίδα
677 1329 785 1380 τῶν
840 1327 1303 1401 ὲκκλησίαστικῶν
1341 1338 1676 1404 πραγμάτων

113 1412 271 1482 αὑτῷ
301 1407 647 1483 ἀναθέμενος,
681 1419 896 1488 Πατέρα
923 1422 1180 1491 Πατέρων
1207 1424 1405 1486 ἐκάλει,
1433 1427 1525 1477 καὶ
1553 1427 1677 1490 τοὺς

112 1501 228 1551 τῶν
261 1502 489 1568 πρώτων
532 1504 752 1574 βαθμῶν
800 1508 1150 1577 ἀξιουμένους
1194 1515 1290 1580 τῆς
1349 1514 1675 1584 Ἐκκλησίας

114 1590 418 1658 παρεκάλει
456 1593 623 1659 τούτῳ
665 1597 971 1650 ἀνατιθέναι
1021 1600 1144 1662 τοὺς
1194 1599 1518 1670 λογισμούς⁶
1557 1604 1584 1655 ὃ
1613 1603 1676 1673 δὴ

113 1682 212 1731 καὶ
259 1684 365 1743 πᾶς
399 1684 567 1735 ἐτέλει
621 1687 713 1737 καὶ
763 1688 867 1755 πρὸ
900 1690 997 1756 τῆς
1043 1694 1441 1762 πατριαρχικῆς
1494 1712 1672 1765 παρα-

1774 527 2085 593 gravitatem
2135 528 2335 596 primas
2382 528 2694 592 obtinebat;
2737 538 2789 582 et
2835 530 2884 581 in
2933 531 3322 585 concinnandis

1775 618 2272 686 pertractandisquc
2320 619 2550 686 negotiis
2595 634 2839 687 magnam
2879 620 3108 673 habebat
3137 623 3322 674 dexte—

1776 705 2011 769 ritatem,
2046 709 2187 761 unde
2235 719 2288 761 et
2337 710 2635 762 sacerdotis
2689 709 3050 776 principatum
3101 715 3327 766 sortitus

1774 806 1853 850 est
1886 798 1993 864 (ne
2047 798 2237 866 loquar
2268 814 2412 852 nunc
2445 801 2508 852 de
2538 801 3063 860 caeterismmnibus.
3107 819 3226 870 quae
3259 805 3324 856 ad

1774 887 1916 940 hunc
1936 889 2105 941 virum
2124 896 2406 957 "Specmnt,
2426 900 2478 944 et
2506 907 2534 943 a
2565 892 2842 959 proposito
2861 905 3110 945 sermone
3131 895 3195 945 ad
3224 908 3320 946 ea-

1773 977 2009 1033 lumnias
2055 981 2383 1049 divertant).
2448 980 2713 1034 Pra-terea
2768 982 2856 1034 hic
2913 983 3074 1035 etiam
3134 998 3325 1050 magno

1777 1067 1921 1120 Patri
1942 1067 2177 1136 Josepho
2207 1070 2465 1138 aqualem
2496 1071 2755 1124 honorem
2791 1071 3156 1138 impendebat,
3189 1081 3241 1123 et
3270 1075 3322 1124 in

1775 1159 2144 1214 mediocordis
2164 1161 2460 1214 recondens
2496 1177 2615 1213 eum
2660 1162 2934 1214 hominem
2979 1162 3067 1215 Dei
3088 1163 3318 1230 appella-

1774 1246 1883 1310 bal,
1905 1256 1957 1299 et
1976 1255 2228 1312 tanquam
2248 1249 2458 1316 angelo,
2480 1259 2739 1316 quantum
2763 1249 2843 1303 fas
2880 1259 3018 1311 erat,
3052 1251 3219 1302 cidem
3243 1251 3327 1301 in-

1775 1333 2065 1385 tendebat:
2099 1348 2310 1387 omnem
2360 1336 2522 1388 etiam
2559 1337 3052 1390 ecclesiasticorum
3086 1337 3326 1406 negotio-

1779 1434 2141 1498 rum‘enram
2205 1438 2265 1477 ac
2326 1425 2740 1494 sollicitudinem
2807 1428 2856 1479 in
2912 1442 2977 1480 eo
3042 1442 3324 1496 reponens,

1777 1507 1992 1563 Patrem
2029 1511 2245 1565 Patrum
2275 1514 2573 1577 vocitabat,
2608 1526 2661 1569 et
2699 1531 2811 1578 eos,
2861 1518 2952 1584 qui
3003 1517 3054 1569 in
3086 1502 3357 1570 Ecclesia-

1777 1601 1983 1668 primos
2033 1605 2232 1670 gradus
2285 1605 2574 1670 habebant,
2635 1607 2980 1672 hortabatur,
3033 1618 3091 1661 ut
3150 1609 3203 1660 in
3261 1624 3327 1660 eo

1777 1691 1940 1743 animi
1990 1705 2148 1744 curas
2202 1693 2560 1758 collocarent;
2624 1696 2770 1763 quod
2817 1711 2946 1750 sane
2988 1698 3147 1750 etiam
3201 1705 3327 1750 ante

119 1769 392 1839 κλήσεως.
428 1767 534 1825 Ἦν
555 1775 683 1844 γὰρ,
718 1752 854 1829 κατὰ
880 1752 962 1829 16.-
975 1752 1223 1848 ᾏσματα
1396 1752 1670 1853 ᾆσμάτίυν,

1777 1780 2094 1845 patriarchae
2152 1784 2581 1836 exhortationem
2632 1801 2820 1840 omnes
2867 1786 3152 1841 faciebant.
3202 1788 3328 1841 Erat.

119 1860 320 1928 κομιδῇ
358 1861 580 1931 εὐφυὴς,
628 1865 913 1928 ἀλώπεκας
959 1869 1365 1939 ἁμαρτημάτων
1424 1875 1673 1944 κατέχειν

113 1951 382 2018 σμικρὰς,
415 1954 506 2002 καὶ
549 1955 893 2006 ἀποκτέννειν
923 1956 1020 2024 τῆς
1061 1961 1350 2028 νοουμένης
1394 1963 1499 2030 γῆς
1546 1967 1672 2026 τοὺς

113 2037 492 2106 ἁμαρτωλοὺς,
519 2042 545 2092 ὃ
598 2060 760 2112 φησιν
789 2047 815 2097 6
875 2046 1016 2109 θεῖος
1068 2049 1251 2110 Δαϐὶδ,
1289 2053 1377 2103 ναὶ
1418 2052 1552 2120 δῆτα
1580 2054 1672 2105 καὶ

111 2127 294 2196 ψυχὴν
327 2130 671 2198 ἐπιστηρίξαι
707 2135 798 2186 καὶ
855 2135 1276 2204 βεϐαιώσασθαι,
1327 2144 1421 2192 καὶ
1468 2141 1558 2193 τὸν
1592 2143 1672 2204 είς

115 2217 392 2281 σαρκικᾶς
425 2216 629 2283 ὀρέξεις
664 2220 816 2290 δίκην
848 2223 1078 2292 σφαίρας
1117 2227 1257 2279 κατὰ
1309 2229 1542 2297 πρανοῦς
1572 2248 1670 2283 κυ-

111 2302 365 2371 λιόμενον
392 2307 687 2376 ἀναστῆσαι
723 2311 820 2377 τῆς
855 2312 1128 2381 ἁμαρτίας
1160 2317 1251 2367 καὶ
1282 2321 1502 2386 ποιῆσαι
1535 2338 1669 2389 μετ-

111 2393 303 2462 ἀρσιον
330 2412 343 2423 ·
370 2395 503 2448 ἀλλὰ
552 2399 645 2449 καὶ
667 2399 758 2450 τὸν
785 2401 1203 2475 άπερικτυπήτῳ
1223 2407 1463 2468 συζῶντα
1482 2411 1667 2479 σχολῇ,

112 2480 212 2528 καί
248 2483 364 2541 ταῖς
393 2481 489 2548 τῆς
517 2483 674 2549 ἁγίας
707 2485 931 2553 Τριάδος
963 2488 1215 2557 θεωρίαις
1253 2491 1667 2564 περιλαμπόμε-

113 2581 230 2627 νον,
268 2566 346 2618 ἔτι
370 2570 579 2631 πεῖσαι,
615 2571 687 2639 μὴ
745 2573 973 2641 χαλάσαι
999 2577 1057 2628 τὸ
1090 2577 1228 2631 θεῖον
1276 2581 1490 2651 πτερὸν,
1535 2585 1667 2651 μηδὲ

120 2657 582 2726 μετεωρισθῆναι,
625 2660 710 2712 διὰ
760 2665 851 2722 τὰς
906 2666 961 2714 ἐν
997 2665 1248 2735 θεωρίαις
1303 2672 1529 2734 παγίδας
1582 2673 1669 2742 (δι’

113 2739 190 2795 ὧν
211 2747 244 2796 ὀ
272 2751 670 2816 πτερνοσκόπος
698 2753 922 2820 οἰήσεως
951 2755 1106 2806 πάθει
1135 2759 1253 2818 τοὺς
1280 2759 1502 2828 πολλοὺς
1535 2739 1671 2830 πρὸς

112 2833 178 2886 τὸ
205 2835 308 2902 τῆς
332 2837 601 2901 ἀπωλείας
635 2844 940 2909 κατήγαγεν
971 2845 1278 2916 βάραθρον),
1311 2849 1546 2918 γαλήνην
1572 2852 1670 2918 μὲν

114 2922 386 3006 διδάσκων
419 2926 562 2990 ὅπως
590 2930 899 2983 συνίσταται
933 2935 964 3002 ἡ
1000 2934 1163 3003 ψυχὴ,
1187 2939 1279 2987 καὶ
1302 2939 1445 3000 ὅπως
1471 2940 1535 2991 τὰ
1569 2958 1663 3006 φυ-

1771 1867 1934 1928 enim,
1991 1872 2285 1923 secundum
2341 1875 2482 1939 quod
2545 1875 2598 1927 in
2661 1874 2886 1929 Cantico
2955 1878 3327 1931 canticorum‘

1775 1957 2035 2024 scriptum
2089 1970 2189 2024 est,
2244 1962 2531 2017 admodum
2577 1966 2797 2020 sedulus
2852 1982 2913 2019 ac
2967 1968 3229 2021 sollicitus
3268 1969 3322 2020 in

1770 2047 2004 2114 parvulis
2073 2060 2417 2118 peccatorum
2487 2055 2737 2122 vulpibus
2807 2057 3096 2125 capiendis,
3154 2069 3206 2112 et
3271 2059 3322 2110 in

1769 2137 2029 2202 spiritalis
2081 2147 2236 2193 terra:
2290 2143 2666 2209 peccatoribus
2701 2186 2716 2209 ,
2759 2145 2911 2213 juxta
2971 2146 3185 2200 Davidis
3242 2149 3319 2200 di-

1785 2235 1956 2290 ctum,
1986 2228 2385 2285 interliciendis.
2418 2232 2684 2287 Prazterea
2717 2238 2955 2288 animum
2977 2237 3193 2290 assidue
3232 2239 3326 2290 lir-

1780 2318 1982 2382 mabat,
2024 2334 2086 2373 ac
2135 2319 2382 2375 stabilem
2430 2324 2708 2387 reddebat,
2750 2340 2982 2394 eumque
3029 2329 3081 2379 in
3119 2342 3326 2380 morem

1771 2407 1916 2460 orbis
1967 2423 2059 2460 seu
2116 2410 2328 2475 spherae
2399 2411 2464 2463 ad
2506 2413 2754 2465 carnales
2804 2413 3074 2481 appetitus
3125 2417 3327 2482 peccati
3405 2469 3412 2476 _

1775 2504 2029 2565 tauquam
2060 2498 2112 2550 in
2148 2499 2352 2552 declive
2382 2502 2705 2567 volveret‘ur,
2737 2507 3049 2558 retrahebat
3086 2515 3247 2573 atque
3272 2508 3328 2560 in

1770 2589 2000 2641 sublime
2015 2590 2269 2655 erigebat.
2293 2590 2368 2644 Cu
2380 2607 2537 2660 mque
2550 2594 2895 2660 quietissime
2915 2596 3024 2648 otio
3042 2595 3328 2660 frueretur,

1769 2686 1819 2730 et
1851 2688 2050 2732 sanetae
2091 2665 2374 2735 Trinitatis
2421 2683 2721 2737 visionibus
2770 2683 3153 2747 illustraretur,
3190 2702 3329 2739 nun-

1770 2781 1929 2833 quam
1949 2768 2277 2828 remittebat,
2294 2769 2385 2822 sed
2405 2785 2618 2838 semper
2641 2771 2836 2824 divinae
2860 2773 3329 2840 contemplationis

1771 2855 1882 2908 alas
1911 2851 2253 2921 intendebat;
2306 2874 2480 2926 neque
2518 2869 2694 2913 mente
2726 2862 3073 2926 ell'erebatur,
3110 2872 3329 2930 propter

1772 2945 1993 3012 laqueos
2032 2947 2120 3012 qui
2168 2948 2219 2999 in
2269 2948 2573 3001 visionibus
2627 2951 2994 3017 reperiuntur,
3050 2967 3145 3019 per
3191 2968 3331 3020 quos

120 3013 289 3072 σικῶς
313 3016 796 3088 ὲγκατεσπαρμένα
818 3021 916 3088 τῆς
938 3025 1185 3089 γνώσεως
1205 3025 1504 3095 σπέρματα,
1535 3046 1668 3080 παν-

120 3099 219 3120 --ιᾉ
237 3119 243 3120 ,
266 3118 278 3120 μ
314 3104 326 3120 ρ
405 3105 416 3120 ι
472 3107 494 3119 ο
665 3108 675 3120 \
799 3109 824 3120 .-
1007 3113 1014 3120 .
1061 3112 1103 3120 ,λ
1143 3115 1151 3120 .
1590 3119 1608 3120 ρ

1777 3043 2022 3088 versutus
2053 3037 2259 3088 daemon
2295 3038 2543 3090 elationis
2575 3039 2702 3091 vitio
2736 3042 2933 3094 multos
2986 3043 3038 3094 in
3069 3043 3237 3095 ruinze
3266 3057 3330 3095 ac

116 3099 278 3162 τοίως
309 3104 366 3154 ἐν
394 3105 688 3180 ἡμῖν-κατά
719 3109 912 3176 κρᾶσιν
936 3113 1026 3163 καὶ
1059 3112 1292 3182 ἰδιότητα
1323 3119 1671 3183 μεταποιοῦν-

117 3190 211 3242 ταί
240 3208 301 3244 τε
331 3195 424 3245 καὶ
457 3195 803 3261 ὲπαύξονται,
836 3200 968 3269 πρὸς
998 3201 1131 3271 ὅπερ
1174 3204 1397 3268 ἕκαστος
1440 3207 1670 3274 πέφυκε.

1779 3124 2097 3190 perditionis
2127 3126 2442 3180 barathrum
2470 3130 2700 3193 induxit,
2729 3133 3172 3198 tranquillitatem
3220 3148 3330 3200 pra:

1779 3225 1836 3262 se
1873 3211 2049 3264 ferens
2071 3224 2133 3265 ne
2151 3213 2369 3274 docens,
2391 3230 2455 3268 ne
2473 3217 2653 3269 anima
2687 3217 2911 3270 ulterius
2934 3221 3325 3286 progrediatur,

116 3304 215 3357 sed
249 3305 324 3358 ibi
357 3307 580 3373 gradum
619 3311 792 3374 sistat,
832 3322 884 3366 et
913 3316 1283 3383 conquiescat,
1312 3328 1364 3371 et
1399 3329 1454 3371 ut
1478 3336 1538 3373 ea
1570 3323 1772 3376 semina
1814 3324 2053 3377 scientiae
2093 3334 2145 3378 et
2172 3327 2516 3394 cognitionis,
2550 3341 2669 3396 qua;
2719 3333 3035 3386 naturaliter
3067 3335 3327 3388 seminata

115 3404 268 3459 sunt,
314 3399 532 3450 omnino
563 3400 614 3452 in
653 3402 828 3468 nobis,
873 3403 1024 3472 juxta
1058 3415 1471 3474 temperaturam
1502 3410 1646 3465 illam
1681 3428 1743 3468 ac
1781 3415 2160 3483 proprietatem
2202 3427 2602 3471 commutentur
2641 3430 2694 3473 et
2725 3433 2993 3486 crescant,
3047 3424 3112 3477 ad
3162 3439 3328 3492 quam

121 3492 498 3559 unusquisque
536 3497 849 3549 naturaliter
878 3513 1179 3568 propensus
1210 3510 1310 3554 est.

195 3582 298 3635 λα’.
340 3585 451 3636 Καὶ
487 3586 539 3636 τί
587 3589 660 3657 μὴ
697 3589 836 3657 λέγω
879 3591 948 3644 τὰ
989 3595 1157 3660 μείζω
1203 3596 1295 3646 καὶ
1343 3595 1674 3668 τελεώτερα;

131 3668 314 3741 Ἐώρα
339 3675 461 3736 τοὺς
489 3675 796 3746 ὀφθαλμοὺς
821 3682 848 3731 ὀ
869 3685 1126 3748 γενναῖος,
1152 3684 1242 3735 καὶ
1261 3685 1367 3737 ἀπὸ
1396 3687 1560 3756 μόνης
1580 3689 1677 3757 τῆς

118 3761 296 3828 ὄψεως
325 3764 490 3832 ὁποίῳ
520 3767 679 3818 πάθει
710 3769 935 3833 ἕκαστος
962 3772 1255 3841 ἐδεσμεῖτο,
1290 3775 1676 3844 μυστηριωδῶς

119 3852 520 3924 προδιέγραφεν
540 3895 553 3918 ,
587 3856 719 3924 ὁμοῦ
747 3859 844 3927 μὲν
878 3861 1212 3914 ὑπεκκλίνων
1243 3867 1338 3932 τὴν
1363 3865 1516 3929 δόξαν
1537 3907 1550 3931 ,
1590 3866 1672 3917 ἵνα

121 3943 198 4011 μή
225 3959 309 4004 τις
336 3944 491 4012 τυχὸν
519 3947 864 4016 ὑπολειφθείη
898 3951 1048 4020 παρὰ
1079 3953 1203 4014 τοὺς
1230 3955 1473 4017 πολλοὺς,
1509 3959 1536 4008 6
1563 3961 1672 4017 τοῖς

119 4034 288 4084 πᾶσιν
321 4034 547 4100 ἄγγελος
568 4039 936 4108 νομιζόμενος,
968 4042 1060 4094 καὶ
1101 4043 1184 4096 ἵνα
1217 4046 1288 4113 μὴ
1324 4047 1551 4116 ἐντρέψῃ
1586 4047 1674 4099 τὸν

118 4126 500 4194 ἁμαρτάνοντα
522 4167 535 4191 ,
564 4129 654 4181 καὶ
685 4131 768 4182 διὰ
797 4132 950 4184 τοῦτο
980 4137 1175 4204 ποιήσῃ
1210 4137 1342 4206 πρὸς
1371 4138 1466 4205 τὴν
1496 4140 1672 4208 ἁμαρ-

117 4212 241 4264 τίαν
262 4215 736 4287 ἐπιρρεπέστερον·
760 4220 900 4287 φιλεῖ
921 4223 1025 4287 γὰρ
1048 4224 1106 4275 τὸ
1129 4224 1264 4285 τέως
1281 4227 1669 4295 κρυπτόμενον,

117 4303 212 4353 καὶ
240 4301 316 4363 ὡς
337 4306 601 4374 αἰσχύνης
629 4308 787 4376 ἔργον
810 4312 1138 4379 νομίζεσθαι*
1160 4314 1216 4364 τὸ
1237 4314 1292 4364 δὲ
1320 4317 1450 4382 προς
1476 4317 1671 4377 πολλὰς

1847 3597 1934 3648 5|.
1971 3596 2072 3649 Sed
2115 3612 2213 3649 cur
2244 3596 2449 3663 majora
2500 3611 2564 3650 ac
2605 3597 2927 3664 perfectiora
2974 3545 3326 3668 praeterealm?

1779 3684 1834 3737 Si
1868 3701 2026 3754 quem
2053 3696 2349 3754 generesus
2387 3687 2486 3740 iste
2514 3687 2565 3740 in
2591 3689 2765 3741 oculis
2793 3691 3054 3758 vultuque
3085 3698 3328 3761 aspexis-

1777 3785 1877 3836 set.
1903 3791 1966 3828 ex
2003 3777 2118 3828 solo
2143 3787 2382 3844 aspectu,
2416 3781 2672 3845 quanam‘
2691 3779 2945 3845 passione
2971 3783 3203 3849 quisque
3235 3786 3328 3837 dc-

1777 3864 2061 3925 tineretur,
2123 3866 2338 3917 arcanis
2390 3865 2563 3918 modis
2621 3867 3003 3935 prtesignabat,
3058 3880 3110 3922 et
3164 3872 3324 3924 simul

1776 3950 2001 4018 gloriam
2032 3952 2358 4019 declinabat,
2383 3968 2449 4006 ne
2471 3954 2593 4021 quis
2615 3953 2753 4008 forte
2783 3972 2904 4009 eum
2933 3973 3094 4025 supra
3128 3963 3328 4014 multos

1775 4055 1895 4094 esse.
1920 4041 2310 4110 suspicaretur,
2343 4044 2434 4111 qui
2460 4045 2526 4096 ab
2562 4045 2814 4098 omnibus
2844 4049 3063 4115 angelus
3093 4052 3328 4103 aestima-

1777 4129 1983 4188 batur:
2039 4140 2093 4182 et
2142 4144 2208 4183 ne
2262 4140 2569 4199 peccantem
2622 4133 2932 4200 innutriret,
2987 4153 3050 4190 ac
3099 4138 3324 4204 foveret,

1775 4228 1935 4285 atque
1983 4219 2048 4272 ad
2090 4221 2421 4288 peccandum
2474 4220 2673 4275 faceret
2727 4225 3126 4291 procliviorem.
3179 4229 3326 4283 Solet.

1775 4308 1917 4360 enim
1955 4309 2006 4361 id
2041 4310 2184 4377 quod
2227 4310 2402 4362 adhue
2441 4312 2712 4365 occultum
2759 4324 2859 4376 est,
2895 4323 3147 4382 tanquam
3189 4332 3325 4387 Opus

118 4387 292 4448 ἀκοὰς
324 4391 560 4456 ἐμπεσὸν
598 4393 1066 4466 εὐκαταφρόνητον
1119 4400 1194 4467 τῷ
1226 4401 1476 4467 ,ποιοῦντι
1527 4402 1670 4468 λογί-

1783 4407 1936 4465 turpe
1989 4400 2237 4452 censeri:
2300 4399 2447 4468 quod
2502 4417 2628 4455 vero
2692 4403 2757 4455 ad
2817 4403 3104 4457 nmltorum
3166 4423 3326 4463 aures

118 4475 330 4538 ζεσθαι.

193 4651 306 4721 λβ’.
349 4653 505 4705 Ἀλλὰ
545 4653 651 4722 γάρ
687 4657 806 4707 ἐπεὶ
849 4657 952 4708 ἔδει
994 4660 1085 4710 καὶ
1130 4659 1345 4721 τοῦτον,
1393 4663 1668 4732 ἄνθρωπον

121 4739 253 4792 ὄντα
289 4740 465 4792 καὶτὸ
510 4743 667 4811 σῶμα
704 4745 800 4812 τῆς
839 4747 1214 4809 ταπεινώσεως
1254 4749 1665 4817 περικείμενον,

125 4830 330 4897 μᾶλλον
359 4830 413 4882 δὲ
442 4832 497 4882 ἐν
521 4832 820 4901 ὀστρακίνῳ
851 4837 1029 4887 σκεὺει
1057 4837 1145 4888 τοῦ
1178 4836 1421 4905 σώματος
1446 4841 1537 4890 τὸν
1569 4843 1664 4909 μέ-

119 4935 225 4986 γαν
258 4919 572 4990 τῆςάρετῆς
602 4925 1033 4990 περικρύπτοντα
1067 4927 1374 4994 μάργαρον,
1408 4930 1664 4982 ἀναλῦσαι

111 5004 262 5079 ’πρὸς
283 5010 371 5060 τὸν
394 5011 541 5075 Θεὸν,
569 5013 660 5064 καὶ
691 5017 752 5082 τῇ
776 5013 992 5083 ἀληκτῳ
1023 5021 1350 5085 μαρμαρυγῇ
1382 5021 1486 5069 τῶν
1511 5020 1665 5072 θειων

124 5099 501 5167 θεωρημάτων
540 5102 758 5169 ἀμέσως
788 5105 1170 5168 ἐνωραῖζεσθαι
1196 5121 1206 5132 ·
1249 5108 1340 5156 καὶ
1389 5107 1495 5179 τῷν
1547 5110 1673 5158 πολ-

123 5190 234 5242 mw
307 5191 543 5258 ίδρὼτων
599 5195 706 5248 τὸν,
744 5198 930 5261 μισθὸν
997 5199 1424 5264 συγκομισασθαι
1466 5215 1478 5227 ·
1534 5206 1675 5250 νοσεῖ

128 5280 226 5348 μὲν
258 5279 434 5345 ὀλίγον
456 5321 469 5343 ,
503 5282 587 5333 διὰ
619 5284 675 5334 δὲ
705 5284 852 5346 θείας
894 5287 1281 5354 ἀποκαλύψεως
1322 5292 1533 5355 μυεῖται
1579 5292 1674 5358 τὴν

127 5366 412 5434 ἐκδημίαν,
443 5369 667 5435 ἀγγέλου
695 5372 864 5441 τούτῳ
885 5377 1021 5425 κατὰ
1042 5377 1162 5436 τοὺς
1185 5374 1378 5435 ὕπνους
1409 5376 1644 5445 λαλήσαν
1660 5409 1672 5417 -

127 5474 236 5517 τος.
284 5458 341 5508 Ὀ
377 5457 479 5508 τῶν
511 5462 768 5527 νηστειῶν
802 5463 978 5516 τοίνυν
1009 5467 1318 5535 παρῳχήκει
1348 5467 1551 5536 καιρὸς,
1584 5470 1672 5520 ml

179 5631 220 5666 ιδ
254 5632 411 5685 Catil.
454 5649 512 5687 tl.
549 5635 630 5684 1ῗῖ·

447 5726 704 5784 Parnm.
750 5731 861 5788 (in.
895 5732 1014 5791 CV.

1781 4490 2042 4552 pervenit,
2103 4490 2506 4556 contemptibile
2562 4492 2629 4544 ab
2703 4506 2767 4545 eo
2825 4494 2916 4560 qui
2973 4507 3161 4562 peccat
3214 4501 3329 4552 exi-

1771 4578 1999 4632 stimari.

1841 4668 1928 4720 52.
1967 4668 2233 4733 Quoniam
2267 4690 2393 4728 vero
2444 4677 2726 4742 oportebat
2761 4680 2933 4747 ipsum
2974 4684 3155 4747 etiam,
3194 4701 3316 4738 eum

1769 4770 1911 4811 esset
1965 4761 2142 4822 homo,
2202 4776 2252 4815 et
2307 4781 2532 4835 corpore
2582 4768 2903 4824 humilitatis
2949 4775 3319 4827 circumdatus

1769 4859 1931 4913 esset,
1983 4853 2062 4903 vel
2105 4856 2281 4918 potius
2331 4856 2381 4907 in
2437 4872 2563 4935 vase
2607 4860 2751 4912 lictili
2792 4864 3036 4930 corporis
3074 4881 3318 4932 magnam

1772 4940 1985 4993 virtutis
2045 4946 2390 5012 margaritam
2466 4948 2837 5002 absconditam
2906 4953 3320 5016 circumferret;

1773 5031 2073 5091 oportebat.
2130 5034 2371 5099 inquam.
2433 5054 2671 5090 remeare
2722 5041 2784 5092 ad
2851 5041 3039 5112 Deum,
3102 5057 3154 5097 et
3220 5049 3319 5096 im-

1774 5121 1976 5173 mensis
2013 5122 2318 5177 divinarum
2376 5130 2888 5196 contemplationum
2940 5136 3313 5201 splendoribns

1775 5211 2081 5264 immediate
2119 5215 2399 5281 illustrari,
2446 5220 2844 5288 multorumque
2884 5225 3134 5276 sudorum
3174 5241 3316 5276 mer-

1772 5302 1953 5353 cedem
2016 5316 2307 5370 reporlarc,
2370 5312 2532 5378 coepit
2582 5312 2971 5380 aliquantulum
3019 5323 3309 5380 aegrotare;

1776 5406 1869 5458 per
1922 5394 2155 5446 divinam
2196 5409 2372 5449 autem
2420 5400 2799 5454 revelationem
2853 5417 2967 5453 sese
3004 5403 3126 5450 hinc
3178 5403 3312 5452 emi-

1777 5489 2050 5544 graturnm
2094 5483 2370 5549 intellexit,
2432 5485 2620 5556 angelo
2663 5490 2711 5541 id
2759 5491 2809 5541 in
2860 5489 3062 5540 somnis
3107 5489 3312 5557 81εηὶιί-

2857 5750 2926 5808 31
