3926 6308
485 335 584 401 971

1567 336 1624 395 S.
1667 334 1972 395 JOSEPHI
2012 332 2558 393 IIYMNOGRAPHI

3587 335 3692 398 972

490 457 666 504 cante.
712 449 846 500 Cum
890 450 1050 518 igitur
1102 448 1594 516 Qumlragcsimalis
1628 448 1814 516 jejunii
1857 448 2008 500 termi

2139 449 2168 516 ἡ
2200 447 2292 500 τοῦ
2317 451 2578 518 σωτηρίου
2602 449 2799 513 πάθους
2828 451 3034 520 μεγάλη
3055 453 3147 504 καὶ
3164 450 3432 520 σεϐασμία
3455 451 3684 518 ἑφεστή-

483 555 586 594 nus
619 540 983 602 adventasset,
1017 548 1068 592 et
1098 537 1396 592 salutifera:
1420 538 1697 591 Passionis
1733 553 1947 606 magna,
1971 552 2031 589 ac

479 631 804 684 venerabilis
845 629 1144 684 Parasceve
1175 631 1421 691 instaret,
1458 627 1944 694 acccpitlibellum,
1976 627 2029 678 in

479 734 588 785 quo
618 719 882 769 universa:
914 719 1087 784 gregis
1121 718 1492 785 possessiones
1534 715 1815 782 descriptae
1847 723 2031 780 erant;

479 821 532 861 et
561 825 845 862 assumens
894 809 1054 861 simul
1085 808 1408 874 discipulum
1439 821 1595 859 suum
1626 805 2027 872 Theophanem,

479 901 799 967 patriarchae
835 900 1028 952 Pbotio
1081 907 1376 966 utrumque
1430 898 1845 959 commendavit,
1900 895 2029 948 nihil

478 992 706 1044 ulterius
756 992 933 1043 verbis
964 990 1298 1058 signiﬁcws.
1333 989 1558 1041 Photius
1596 1005 1721 1040 vero
1751 987 1912 1041 variis
1942 1002 2032 1040 co-

475 1081 832 1148 gitationibus
883 1079 1243 1146 undeqnaque
1296 1077 1624 1144 jactabatur.
1674 1085 1726 1128 et
1770 1076 2026 1143 quidnam

477 1172 578 1224 boc
612 1170 711 1223 sibi
747 1171 921 1230 vellet,
960 1169 1140 1220 animo
1169 1167 1496 1229 revolvebat,
1531 1165 1676 1233 quod
1711 1179 1816 1217 non
1861 1165 2028 1219 multo

477 1271 597 1330 post
635 1261 1008 1313 intellecturus
1049 1267 1187 1311 erat.
1236 1257 1423 1309 Mortis
1473 1256 1618 1309 enim
1673 1254 2033 1330 praecedentia

474 1350 625 1415 signa
680 1346 1104 1419 (ardentissima
1165 1345 1374 1398 scilicet
1434 1343 1644 1410 febris)
1713 1344 1883 1396 instar
1927 1359 2027 1396 cu-

466 1438 692 1508 juslibet
723 1434 868 1488 vocis
903 1433 1078 1500 magni
1112 1432 1274 1499 hujus
1309 1431 1470 1484 linem
1521 1431 2022 1498 prsentonstrabant.

541 1527 629 1579 53.
689 1523 989 1579 Vehemens
1018 1535 1193 1576 autem
1243 1523 1396 1575 dolor
1440 1531 1555 1574 crat
1610 1522 1682 1575 illi
1733 1523 2026 1590 gratiarum

471 1617 699 1671 actionis
747 1615 979 1676 occasio,
1029 1629 1091 1667 ac
1130 1601 1380 1666 dicebat:
1425 1611 1694 1666 Beuediro
1740 1624 1811 1678 te,
1864 1614 2023 1675 Deus.

470 1709 597 1775 quia
625 1707 726 1761 sub
759 1706 859 1758 alis
892 1708 1000 1757 tuis
1033 1704 1495 1757 intrllectualibus
1527 1705 1826 1758 custoditus
1867 1720 2021 1769 smn;

2135 555 2218 590 κει
2250 538 2596 608 Παρασκευή·
2621 538 2678 590 ἐν
2753 539 2814 591 τό
2839 543 3229 611 γραμματεῖον.
3252 541 3334 607 ἐφ’
3352 533 3397 607 ᾧ
3424 541 3486 592 αί
3519 541 3684 590 πᾶσαι

2131 626 2226 678 τοῦ
2283 627 2532 694 ποιμνίου
2596 628 3076 698 ἀναγεγραμμέναι
3161 631 3383 698 κτήσεις
3444 629 3685 696 ὑπῆρχον

2131 717 2422 784 ἀράμενος,
2457 720 2548 768 καὶ
2574 719 2670 771 σὺν
2692 719 2864 788 τούτῳ
2892 720 2982 771 καὶ
3012 721 3100 772 τδν
3138 719 3380 788 μαθητὴν
3407 719 3684 784 Θεοφάνην

2133 807 2478 884 παραλαϐὼν,
2511 810 2800 879 Φωτίῳτῷ
2831 811 3077 880 ἀρχιερεῖ
3115 810 3488 879 παρατίθεται,
3521 807 3682 876 μηδέ-ι

2129 913 2181 947 τι
2216 897 2372 949 πλέον
2396 899 2424 951 ό
2447 901 2690 964 γενναῖος
2713 917 2884 970 προση
2895 902 3220 970 μηνάμενος.
3257 901 3312 953 Ὀ
3335 901 3392 954 δὲ
3415 899 3682 960 παντοίοις

2129 989 2405 1058 λογισμοῖς
2429 991 2768 1045 ὲπατάσσετο
2790 993 2892 1062 τὴν,
2910 994 3155 1062 καρδίαν,
3181 997 3276 1045 καὶ
3301 994 3352 1046 τί
3375 1009 3505 1045 ποτε
3528 991 3684 1044 τοῦτό

2127 1079 2246 1130 ἐστι
2288 1080 2409 1132 καθ’
2440 1081 2630 1133 ἑαυτὸν
2662 1082 2954 1150 ἐλογίζετο·
3000 1084 3100 1136 οὐκ
3146 1083 3335 1153 ἔμελλε
3369 1084 3424 1135 δὲ
3471 1082 3682 1143 πάντως

2126 1167 2217 1218 ἐπὶ
2251 1167 2383 1218 πολύ
2415 1169 2646 1235 ἀγνοεῖνσ
2674 1170 2741 1222 τὰ
2763 1171 2868 1238 γάρ
2897 1169 2989 1223 τοῦ
3012 1170 3239 1223 Θανάτου
3265 1170 3681 1240 προμηνυτήρια

2129 1255 2346 1321 (καῦεος
2379 1256 2434 1308 δὲ
2463 1252 2530 1325 ἦν
2557 1259 2715 1311 ταυτὶ
2743 1260 3010 1328 πυρετὸς)
3043 1260 3165 1313 ἀντὶ
3199 1259 3376 1328 πάσης
3409 1259 3593 1328 φωνῆς
3625 1259 3682 1308 τὸ

2129 1344 2274 1415 παρὰ
2302 1345 2395 1398 τοῦ
2425 1346 2667 1416 μεγάλου
2695 1346 2943 1400 τελεσθὲν
2967 1349 3276 1417 προεμήνυε

2160 1593 2164 1595 ἢ
2196 1528 2294 1594 λγ’.
2326 1529 2433 1582 Καὶ
2466 1523 2532 1599 ἧν
2565 1530 2758 1598 ἆκείνῳ
2779 1529 2812 1598 ἡ
2836 1527 3084 1598 ἀλγηδὼν
3108 1527 3455 1597 εὐχαριστίας
3490 1523 3681 1577 ὑπόθε-

2127 1636 2229 1683 σις,
2266 1620 2380 1684 καὶ,
2424 1619 2644 1687 Εὐλογῶ
2672 1637 2753 1684 σε,
2793 1620 2996 1686 ἔλεγεν,
3045 1621 3073 1674 ό
3107 1618 3273 1683 Θεὸς,
3307 1618 3390 1670 ὅτι
3435 1633 3529 1670 σου
3566 1619 3680 1677 ταις

2126 1712 2341 1778 νοηταῖς
2372 1710 2811 1781 διαπεφύλαγμαι
2854 1710 3113 1779 πτέρυξιν
3134 1749 3149 1770 .
3185 1707 3321 1763 ἀλλὰ
3352 1707 3680 1776 συντήρησόν

472 1809 653 1850 verum
703 1795 914 1848 custodi
963 1810 1044 1846 me
1069 1792 1255 1862 usque
1303 1795 1368 1846 ad
1402 1796 1603 1845 exitum
1639 1794 1861 1862 spiritus
1896 1793 2022 1856 mei,-

2128 1816 2193 1867 με
2224 1802 2315 1852 καὶ
2341 1799 2503 1870 μέχρι
2530 1800 2628 1868 τῆς
2653 1799 2966 1862 τελευταίας
2991 1798 3285 1868 ἀναπνοῆς,
3314 1798 3408 1850 καὶ
3426 1797 3679 1854 ἀπλανῶς

469 1897 527 1941 et
578 1886 815 1939 concede
866 1885 1021 1948 mihi,
1067 1897 1122 1937 ut
1181 1885 1299 1937 sine
1365 1901 1547 1937 errore
1596 1899 1659 1937 ac
1709 1884 2023 1949 deceptione

469 1994 595 2031 aera
645 1975 1068 2036 tenebricosum,
1120 1990 1179 2027 ac
1207 1974 1608 2043 pl.antasmata,
1648 1989 1766 2042 qua:
1807 1973 1858 2025 in
1897 1987 2023 2025 acre

473 2079 778 2128 morantur,
843 2076 1240 2133 pertranseam,
1292 2084 1357 2118 ne
1415 2067 1550 2118 forte
1595 2074 1810 2133 pmpter
1857 2064 2019 2132 negli-

467 2160 680 2228 gentias
716 2157 773 2208 in
813 2159 922 2208 vita
971 2170 1088 2208 mea
1130 2156 1422 2219 admissas,
1470 2154 1626 2221 gaudi
1646 2163 1697 2205 at
1731 2167 1891 2220 super
1936 2165 2040 2208 me.

466 2249 721 2303 inimicus
769 2262 942 2301 meus.
989 2245 1240 2299 anerna
1284 2245 1443 2298 etiam
1502 2261 1713 2314 gregem
1765 2253 1940 2311 tuum,
1989 2259 2022 2298 o

467 2337 700 2393 Verbum
733 2338 848 2400 Dei,
891 2346 941 2390 et
972 2337 1196 2390 dextera
1237 2344 1325 2388 tua
1359 2337 1713 2403 on‘mipotenti
1750 2349 1922 2402 usque
1952 2334 2019 2387 ad

467 2433 628 2485 linem
700 2429 886 2483 saeculi
949 2427 1175 2482 benedic
1237 2426 1362 2479 [iliis
1421 2425 1712 2478 Ecclesiae:
1773 2425 2018 2478 stabilem

468 2520 918 2590 tranquillitatem
955 2517 1212 2571 Ecclesiis
1262 2518 1369 2580 tuis
1417 2516 1654 2584 largire:
1707 2515 1882 2584 regale
1927 2529 2018 2568 sa-

462 2613 761 2670 cerdotium
806 2612 995 2681 gratiis
1031 2610 1138 2663 tuis
1164 2623 1409 2662 exorna:
1449 2605 1614 2661 Belial
1648 2606 1750 2659 sub
1786 2605 2019 2681 pedibus

465 2703 804 2772 diligentium
836 2713 886 2752 te
906 2698 1141 2757 .bumilia
1173 2714 1186 2750 :
1224 2711 1438 2750 omnem
1476 2697 1719 2749 haeresim
1763 2704 2016 2762 tanquam

465 2789 800 2845 mortiferam
856 2803 1199 2858 gangraenam
1246 2789 1314 2839 ab
1370 2786 1612 2840 Ecclesia
1667 2786 1906 2854 expelle:
1965 2795 2018 2839 et

462 2885 659 2940 animae
688 2897 819 2934 mete
839 2881 1156 2934 miserrimae
1181 2880 1433 2944 concede,
1458 2888 1516 2932 ut
1542 2878 1658 2932 sine
1689 2879 1796 2931 ullo
1825 2879 2019 2933 timore

464 2991 496 3027 a
518 2988 747 3043 corpore
780 2980 1077 3040 separetur.
1104 2968 1520 3036 Novi,Domine,
1545 2967 1805 3039 Spiritum
1867 2978 2016 3022 tuum

465 3061 1028 3117 immaculatissimum
1066 3076 1173 3113 non
1227 3061 1556 3128 requiei/isse
1588 3060 1641 3113 in
1679 3074 1762 3113 me
1797 3068 2016 3130 prepter
2045 3100 2084 3156 ο

434 3153 703 3219 ,ιιιοουιιιε
759 3153 1056 3220 impressas
1101 3149 1295 3202 anima:
1342 3163 1492 3203 mere.
1546 3146 1650 3202 Sed
1700 3159 1755 3202 tu
1801 3158 2018 3217 propter

462 3243 978 3301 excellentissimam
1012 3239 1394 3308 benignitatem
1429 3247 1574 3290 tuam
1602 3239 1886 3293 dissimula
1923 3238 2018 3291 ini-

461 3336 697 3406 quitates
739 3347 908 3396 meas,
955 3339 1009 3384 et
1040 3331 1093 3383 in
1125 3337 1325 3383 sortem
1381 3329 1885 3398 primogeniterum,
1925 3327 2018 3395 qui

462 3429 516 3482 in
545 3428 700 3482 caelis
732 3422 952 3492 ascripti
989 3431 1135 3485 sunt,
1170 3434 1503 3473 connumera
1551 3433 1658 3472 me.
1706 3417 1799 3471 His
1835 3418 2016 3481 dictis,

461 3516 739 3584 benedixit
793 3514 899 3566 illis
951 3511 1046 3581 qui
1104 3510 1351 3570 aderant,
1397 3517 1450 3562 et
1495 3507 1814 3561 absentibus
1854 3507 2016 3560 etiam

461 3609 640 3661 fausta
691 3619 756 3659 ac
805 3602 983 3657 felicia
1034 3607 1381 3670 apprecatns,
1437 3598 1782 3652 immaculata
1830 3612 2015 3651 sacra-

461 3705 642 3751 menta
680 3696 942 3762 suscepit.
992 3691 1195 3744 Deinde
1236 3688 1500 3758 paulatim
1534 3702 1726 3742 manus
1754 3687 2016 3741 extollens

465 3790 520 3841 in
551 3786 775 3845 coelum,
815 3791 1002 3852 utpote
1055 3781 1296 3835 onmium
1334 3779 1595 3832 amatoris
1626 3777 1855 3842 amicus,
1897 3777 2017 3830 laeta

459 3894 525 3933 ac
578 3875 878 3932 subridenti
915 3873 1055 3926 facie
1090 3869 1452 3925 immaculatis
1490 3868 1585 3924 Dei
1629 3869 1882 3923 manibus
1914 3857 2016 3938 pu-
2053 3895 2059 3899 -

460 3970 740 4025 rissimum
775 3966 1025 4034 spiritum
1057 3960 1476 4017 commendavit.

528 4061 617 4115 54.
664 4059 862 4112 Eodem
915 4067 1152 4124 tempore
1202 4053 1593 4107 monachorum
1659 4049 2018 4120 undequaque

463 4153 677 4220 agmina
706 4159 1029 4218 congregata
1049 4150 1226 4200 locum
1248 4145 1397 4198 illum
1429 4156 1700 4204 ceucursu,
1719 4156 1818 4195 suo
1847 4155 2016 4196 coan—

463 4242 787 4310 gustabant;
834 4249 885 4292 et
940 4240 1228 4290 innumera
1275 4233 1564 4287 multitudo
1613 4232 1900 4286 eommista
1951 4246 2015 4285 ex

465 4336 595 4396 illis,
639 4347 872 4400 quorum
911 4330 1026 4399 ipse
1057 4343 1279 4398 quoquo
1326 4329 1492 4380 modo
1537 4339 1722 4379 curam
1755 4332 2016 4394 gesserat,

2121 1888 2206 1950 δδς
2232 1889 2484 1959 διαϐῆναι
2513 1889 2602 1942 τὸν
2629 1889 2861 1959 ἄρχοντα
2886 1889 2979 1942 τοῦ
3006 1888 3228 1950 σκότους
3259 1889 3351 1939 καὶ
3374 1886 3443 1938 τὰ
3474 1889 3530 1937 ὲν
3559 1885 3680 1956 ἀέρι

2123 1981 2499 2049 φαντάσματα,
2530 1985 2602 2048 μή
2636 1995 2764 2032 ποτε
2785 1979 2872 2034 διὰ
2889 1981 2988 2042 τὰς
3013 1982 3070 2032 εν
3094 1977 3172 2048 τῷ
3205 1977 3304 2048 βίῳ
3334 1976 3678 2034 τελεσθείσας

2122 2068 2446 2141 ἀπροσεξίας
2477 2068 2764 2138 ἀπιχαρείη
2805 2069 2891 2144 ξπ’
2934 2066 3032 2136 εμὲ
3078 2070 3107 2119 ό
3153 2065 3341 2136 ἐχθρός
3393 2082 3517 2134 μου.
3573 2065 3678 2116 Κυο

2122 2160 2381 2230 σέρνησον
2414 2161 2468 2212 δι
2498 2162 2592 2212 καὶ
2619 2161 2679 2212 τὸ
2716 2158 2963 2228 ποίμνιόν
2986 2175 3103 2222 σου,
3135 2158 3270 2224 Δότε
3301 2154 3459 2218 Θεοῦ,
3495 2156 3587 2208 καὶ
3613 2159 3675 2223 τῇ

2100 2254 2188 2320 ’σῇ
2250 2251 2721 2320 παντοκρατορικῇ
2777 2247 2926 2320 δεξιᾷ
2983 2247 3346 2317 δίεπεημέχρι
3393 2247 3677 2314 τερμάτων

2123 2342 2341 2403 αἰῶνος,
2371 2340 2438 2392 τά
2461 2339 2625 2392 τέκνα
2656 2343 2751 2410 τῆς
2795 2337 3119 2408 Ἐκκλησίας
3149 2336 3441 2406 εὐλόγησον
3467 2351 3482 2366 ’
3513 2335 3678 2403 γαλη-

2123 2448 2219 2501 νην
2262 2430 2536 2500 σταθηράν
2586 2432 2704 2494 ταῖς
2761 2430 3111 2497 Ἐκκλησίαις
3158 2444 3250 2480 σου
3298 2426 3570 2498 δώρησαι,
3620 2428 3679 2476 τὸ

2122 2521 2388 2591 βασίλειον
2409 2523 2703 2592 ἱεράτευμα
2731 2523 2851 2584 ταῖς
2883 2523 2998 2583 σαῖς
3028 2519 3443 2588 κατακόσμησον
3474 2517 3674 2586 χάρισι,

2119 2614 2452 2665 ταπείνωσον
2500 2612 2590 2665 τὸν
2638 2611 2966 2686 Βελίαρήὐπὺ
3009 2611 3132 2672 τοὺς
3167 2608 3331 2670 πόδας
3381 2607 3492 2660 τῶν
3541 2609 3676 2672 ἀγα-

2121 2703 2346 2755 πώντων
2380 2719 2459 2766 σε,
2491 2707 2670 2756 πᾶσαν
2701 2703 2910 2771 αἵρεσιν
2932 2701 3006 2764 ὡς
3029 2698 3383 2770 ψυχολεθρίαν
3411 2699 3675 2766 γάγγραιο

2120 2810 2216 2846 ναν
2244 2794 2342 2861 τῆς
2377 2793 2702 2863 Ἐκκλησίας
2731 2792 3026 2855 ἀπέλασον,
3066 2791 3160 2843 καὶ
3191 2789 3276 2849 δὸς
3308 2791 3371 2857 τῇ
3406 2787 3676 2857 παναθλία

2118 2884 2260 2954 ψυχῇ
2295 2900 2392 2951 μου
2428 2884 2715 2952 ἀταράχως
2747 2880 3127 2949 διαζευχθῆναι
3159 2877 3309 2932 τοῦδε
3354 2878 3446 2930 τοῦ
3493 2878 3677 2946 σώμα-

2119 2989 2228 3034 τος.
2265 2968 2418 3035 Οἶδα,
2440 2972 2705 3036 Δέσποτα,
2735 2972 2810 3033 ὼς
2839 2970 2898 3022 τὸ
2928 2968 3300 3039 πανάχραντόν
3323 2984 3415 3019 σου
3439 2964 3672 3033 πνεῦμα,

2118 3065 2218 3118 οὐκ
2247 3063 2624 3117 ἀναπέπαυται
2656 3063 2713 3114 ὲν
2739 3062 2858 3130 ἐμοὶ
2883 3061 2968 3114 διὰ
3003 3060 3101 3123 τὰς
3134 3055 3573 3128 ἀπομορχθείσας
3608 3058 3672 3123 τῇ

2117 3155 2261 3226 ψυχῇ
2300 3173 2400 3225 μου
2430 3155 2651 3225 κηλῖδας
2675 3172 2709 3198 ’ρ
2730 3153 2866 3206 ἀλλά
2906 3154 2969 3206 σὺ
3000 3152 3086 3205 διά
3113 3151 3212 3220 τὴν
3237 3147 3673 3219 ὑπερὸἀλλουσάν

2119 3264 2212 3300 σου
2233 3247 2574 3318 χρηστότητα
2605 3245 2797 3314 πάριδέ
2831 3261 2931 3314 μου
2959 3244 3058 3304 τάς
3083 3240 3309 3310 ἀνομίας
3329 3277 3346 3304 ,
3374 3240 3467 3291 καὶ
3493 3237 3684 3305 κλήρῳ

2115 3337 2225 3390 τῶν
2267 3337 2631 3407 πρωτοτόκων
2663 3335 2770 3387 τῶν
2803 3326 3303 3402 ἀναγεγραμμένων
3341 3331 3398 3381 ὲν
3431 3329 3672 3398 οὐρανοῖς

2119 3425 2539 3495 συναρίθμησον.
2581 3418 2715 3476 Eius
2743 3423 2913 3476 ταῦτα
2941 3423 3033 3475 καὶ
3063 3423 3186 3483 τοὺς
3215 3421 3487 3492 παρόντας
3521 3421 3670 3473 εὐλοο

2116 3518 2324 3587 γήσας,
2360 3517 2451 3568 καὶ
2481 3518 2593 3578 τοῖς
2637 3514 2837 3568 ἀποῦσι
2880 3513 2951 3566 τὰ
2991 3513 3234 3582 ὶξιτήρια
3268 3513 3632 3581 ἐπευξάμενος
3654 3552 3668 3575 ,

2116 3605 2235 3660 εἶτα
2253 3605 2343 3658 καὶ
2365 3605 2472 3657 τῶν
2493 3606 2772 3673 ἀχράντων
2795 3602 3113 3673 μεταλαϐὼν
3136 3603 3469 3673 μυστηρίων,
3495 3592 3670 3671 η’ρέμα

2114 3715 2173 3751 τε
2196 3699 2290 3760 τάς
2326 3699 2512 3767 χεῖρας
2542 3697 2677 3765 ἄρας
2707 3697 2786 3759 είς
2816 3695 3063 3765 οὐρανόν.
3091 3694 3197 3747 Καὶ
3226 3689 3336 3747 οἷον
3366 3695 3502 3761 πρὸς
3544 3696 3670 3763 ἐρα-

2118 3787 2247 3857 στὴν
2291 3787 2543 3855 ἐλόμενος
2580 3786 2861 3851 ἁπάντων,
2891 3783 3111 3855 ’φαιδρῷ
3145 3785 3237 3838 καὶ
3291 3783 3668 3852 ὐπομειδιῶντι

2118 3877 2416 3949 προσώπῳ,
2464 3879 2650 3948 χερσὶν
2691 3876 2978 3947 ἀκράντοις
3015 3874 3149 3929 Θεοῦ
3193 3875 3253 3928 τὸ
3298 3874 3669 3944 πανάχραντον

2116 3969 2332 4038 πνεῦμα
2354 3968 2638 4039 παρέθετο.

2186 4061 2276 4116 λδ’.
2318 4063 2442 4114 Ὅτε
2476 4061 2566 4114 καὶ
2603 4059 2936 4128 πανταχόθεν
2968 4059 3033 4112 τὰ
3073 4060 3250 4128 σμήνη
3282 4059 3388 4110 τῶν
3423 4059 3668 4128 μοναχῶν

2117 4153 2256 4208 κατά
2291 4151 2482 4206 ταυτὸν
2514 4149 2888 4220 ἀθροιζόμενα,
2925 4147 3418 4218 κατεστενοχὼρουν
3454 4147 3543 4199 τὸν
3579 4149 3666 4200 τό·

2120 4262 2218 4297 πον
2266 4246 2332 4314 τῇ
2364 4242 2666 4311 συνδρομῇ,
2710 4240 2804 4294 καὶ
2841 4240 2909 4292 τὰ
2955 4239 3282 4309 μυριόμικτα
3335 4236 3515 4305 πλήθη
3540 4275 3558 4300 ,
3595 4231 3666 4288 ὧν

2122 4339 2320 4397 ἐκεῖνος
2352 4334 2664 4402 ἐπεμελεῖτο
2693 4331 2979 4395 παντοίως,
3008 4331 3037 4383 ὁ
3069 4330 3165 4398 μὶν
3190 4330 3280 4381 τὸν
3313 4329 3524 4398 πατέρα
3583 4330 3668 4379 ἑπ-

463 4425 714 4480 convenit
740 4439 753 4474 :
781 4437 1009 4490 quorum
1046 4421 1185 4473 alius
1214 4427 1423 4488 patrem
1465 4417 1715 4482 deﬂebat,
1742 4418 1881 4471 alius
1907 4435 2011 4472 uu-

2123 4427 2274 4498 ολοφυ
2284 4428 2506 4497 ρόμενος
2529 4421 2616 4495 ἦν,
2633 4427 2660 4477 ὁ
2686 4423 2741 4476 δὲ
2765 4422 2852 4475 τὸν
2875 4420 3263 4491 τροφέα,ἀλλος
3291 4419 3380 4471 τὸν
3410 4418 3510 4487 τῆς
3537 4418 3666 4479 Wa;

465 4516 703 4576 tricium,
730 4513 867 4565 alius
895 4511 1088 4564 anima:
1113 4526 1222 4564 suae
1247 4510 1495 4563 sedulum
1525 4521 1851 4573 curatorem,
1880 4510 2018 4564 alius

461 4623 590 4662 vero
620 4607 672 4658 in
703 4606 863 4658 rebus
891 4604 1096 4671 asperis
1127 4618 1188 4656 ac
1216 4601 1547 4656 dillieillimis
1579 4601 1878 4668 adjuiorem
1913 4603 2016 4658 mi-

427 4755 429 4758 .
461 4697 765 4754 Serabiliter
805 4698 1013 4764 ejulans
1048 4696 1384 4762 deplorabat.
1423 4693 1624 4747 Omnes
1657 4702 1860 4757 autem,
1899 4707 2018 4745 om-

463 4792 620 4845 nibus
663 4790 845 4842 omnia
881 4788 1104 4848 l'actum,
1147 4787 1302 4854 juxta
1364 4800 1619 4852 maguum
1675 4787 2016 4852 Apostolum,

465 4895 522 4938 ut
550 4885 728 4936 omnia
765 4878 1129 4940 lucrifaceret,
1182 4877 1437 4946 lacrymis
1484 4877 1902 4930 comitabantur.
1939 4874 2016 4928 Ita

464 4976 629 5028 funus
665 4974 738 5025 illi
771 4972 1109 5040 persolutum
1145 4973 1249 5029 est,
1278 4974 1329 5018 et
1377 4964 1428 5018 id
1475 4967 1618 5033 quod
1652 4965 1770 5018 luce
1795 4964 2016 5030 dignum

463 5079 598 5130 erat,
626 5066 865 5134 copiosis
902 5078 1022 5114 cum
1088 5058 1388 5112 luminibus
1414 5058 1514 5110 sub
1557 5069 1699 5109 terra
1730 5057 2019 5109 abscondi-

467 5171 574 5211 lunt
605 5157 732 5220 fuit;
787 5153 993 5220 angelis
1026 5164 1239 5204 sursum
1287 5148 1702 5210 exsultantibus,
1753 5157 1806 5200 et
1852 5147 2014 5199 veluti

464 5267 587 5305 cum
616 5249 836 5303 concive
877 5259 940 5298 ac
970 5243 1224 5296 con5ocio
1251 5256 1350 5295 suo
1381 5239 1774 5293 collauantibus
1801 5257 1812 5290 :
1846 5239 2019 5291 omni-

466 5345 568 5396 bus
595 5355 721 5393 vero
759 5339 1016 5412 deorsum
1057 5333 1416 5400 gementibus,
1458 5346 1522 5384 eo
1565 5331 1709 5398 quod
1740 5345 1865 5397 erga
1895 5330 2016 5381 titti-

464 5449 650 5489 vcrsos
687 5429 1115 5485 humanissimus
1149 5440 1359 5493 semper
1394 5424 1605 5476 fuisset.
1638 5423 1703 5474 At
1739 5437 1864 5475 vero
1907 5423 2017 5474 da!-

467 5543 657 5584 mones
692 5529 741 5578 in
776 5524 972 5576 divina'
1023 5521 1168 5574 illius
1220 5523 1413 5571 animm
1474 5533 1702 5570 ascensu
1760 5517 2019 5570 exhorre-

465 5623 704 5682 scebant,
765 5629 924 5682 atque
975 5615 1187 5666 interim
1248 5623 1430 5661 aereas
1490 5610 1733 5675 regiones
1789 5607 2014 5659 derelin-

466 5725 690 5780 qucntrs
741 5709 928 5778 procul
981 5704 1346 5772 attingit-bant.
1400 5699 1453 5749 l-It
1497 5701 1710 5766 quidam
1749 5715 1808 5750 ex
1857 5700 2018 5766 longo

2119 4521 2292 4590 ψυχῆς
2315 4516 2667 4586 ἐπιμελητὴν,
2689 4517 2716 4567 ό
2735 4514 2790 4566 δὲ
2813 4513 2901 4566 τὸν
2923 4515 2978 4565 ὲν
3001 4513 3196 4590 δεινοῖς
3210 4511 3497 4580 ἐπίκουρον
3513 4526 3665 4577 στερ-

2119 4609 2359 4664 νοτυπῶν
2387 4607 2631 4668 ἐλεεινῶς
2659 4603 2966 4674 ὠλοφύρετο
2984 4643 2999 4666 ,
3041 4583 3236 4662 πάντες
3275 4601 3332 4654 δὲ
3375 4601 3466 4652 τὸν
3496 4601 3664 4652 πάντα

2119 4704 2250 4756 πᾶσι
2280 4701 2556 4768 γινόμενον
2584 4697 2670 4749 ἵνα
2707 4696 2830 4757 τοὺς
2859 4695 3064 4754 πάντας
3102 4691 3336 4760 κερδήσῃ
3358 4730 3375 4755 ,
3414 4691 3556 4742 κατά
3579 4691 3666 4740 τὸν

2122 4794 2292 4861 μέγαν
2335 4788 2673 4841 Ἀπόστολον.
2705 4786 2812 4836 Καὶ
2838 4783 3119 4836 διετελείτο
3158 4783 3190 4850 ἠ
3223 4779 3460 4848 ἐκφορὰ,
3487 4781 3579 4842 καὶ
3611 4779 3666 4830 τὸ

2121 4882 2294 4951 φωτὸς
2317 4879 2464 4944 ἀξιον
2491 4878 2595 4930 ὐπὸ
2625 4876 2834 4945 δαψιλεῖ
2864 4874 2938 4944 τῷ
2971 4874 3107 4941 φωτὶ
3139 4870 3243 4924 ὑπὸ
3270 4869 3374 4939 γῆν
3403 4870 3664 4950 κατεχρύ-

2120 4991 2311 5037 πτετο,
2367 4973 2609 5041 ἀγγέλων
2667 4968 2871 5024 ἀνωθεν
2905 4964 3352 5036 προσκιρτώντων
3411 4963 3506 5014 καὶ
3560 4957 3664 5013 οἷον

2119 5064 2573 5132 ὲπαγαλλομὲνων
2622 5060 2706 5130 τῷ·
2729 5058 3052 5128 συμπολίτῃ.
3085 5055 3179 5108 καὶ
3207 5052 3543 5122 συνθιασῶτῃ
3573 5052 3663 5105 a5-

2118 5157 2242 5220 τῶν,
2282 5155 2582 5222 ἀνθρώπων
2615 5152 2851 5205 κάτωθεν
2886 5147 3224 5216 οἰμωζόντων
3258 5143 3344 5196 διὰ
3373 5143 3432 5195 τὸ
3463 5143 3662 5195 ἐκεὶνου

2121 5247 2253 5315 πρὸς
2289 5245 2493 5305 πάντας
2531 5241 2924 5310 φιλάνθρωπον,
2951 5235 3216 5307 δαιμόνων
3245 5232 3574 5302 φριττόντων
3601 5233 3661 5297 τῇ

2119 5337 2288 5404 ἀνόδῳ
2326 5337 2421 5401 τῆς
2469 5334 2615 5392 θείας
2651 5332 2854 5401 ἐκείνου
2889 5328 3086 5398 ψυχῆς,
3125 5326 3174 5378 οἳ
3221 5326 3353 5386 τέως
3391 5321 3486 5374 τὸν
3531 5321 3664 5390 ἀέρα

2121 5426 2505 5487 καταλιπόντες
2525 5425 2914 5494 ἀπεδίδρασκον
2941 5419 3220 5489 πόρρωθεν
3240 5435 3252 5447 ·
3279 5417 3372 5469 καί
3392 5432 3534 5477 τινες
3563 5414 3662 5466 ἀπὺ

2124 5520 2334 5587 μακρᾶς
2356 5518 2658 5588 ὁδοιπορίας
2685 5518 2807 5584 ἀρτι
2834 5515 2966 5581 πρὸς
2988 5512 3084 5581 τὴν
3113 5507 3482 5576 ὲνεγκαμένην
3510 5521 3662 5574 μετα-

2122 5610 2435 5677 φοιτῶντες,
2468 5608 2771 5678 ὀλοφυρμοῦ
2807 5605 2987 5674 ἀερίου
3026 5600 3314 5673 ᾐσθάνοντο
3337 5637 3350 5659 ,
3394 5596 3532 5664 τάχα
3561 5592 3662 5646 τῶν

2123 5701 2373 5769 πονηρῶν
2406 5700 2767 5770 οῖμωζόντων,
2795 5697 2877 5747 διὰ
2913 5697 2970 5746 τὸ
3003 5693 3076 5761 μὴ
3110 5691 3319 5757 στέγειν
3356 5688 3452 5755 τὴν
3479 5685 3657 5738 ἄνοδον
