3926 6308
67 484 164 547 973

65 702 190 754 pato
204 702 240 744 ;.

1604 481 1805 540 VITA.

66 596 161 663 ἀὴρ
187 593 332 654 ἅπας
363 589 464 643 καο
477 588 726 661 ηγιάζετο
754 590 847 643 καὶ
882 592 951 661 γῇ
978 592 1042 661 τῇ
1069 588 1354 643 καταθέσει
1394 588 1486 643 τοῦ
1516 588 1619 644 σώ-

1730 590 1919 642 itincre
1948 603 2116 657 nuper
2148 589 2513 655 advenientes,
2547 593 2779 654 gemitus
2818 595 3081 668 ﬂetusque
3112 614 3270 657 voces
3379 623 3382 626 ’

1724 680 1778 734 in
1828 694 1953 734 aere
2010 680 2352 749 audiverunt,
2402 684 2650 739 celeriter
2697 689 2948 756 pessimis
2989 691 3274 759 spiritibus
3358 744 3364 749 .

3167 480 3273 555 074

64 794 177 829 l'lilll
222 776 425 845 gemitu
469 776 818 840 abeuntibus.
864 791 929 832 eo
997 777 1139 846 quod
1188 776 1334 831 illius
1372 791 1656 831 ascensum
1698 776 1969 830 sustinere
2001 789 2109 829 non
2180 789 2422 846 possent.
2466 776 2764 836 Universus
2800 790 2976 837 autem
3012 800 3102 841 aer
3142 801 3273 841 san-

61 866 415 933 etiﬁcabatur,
468 876 633 933 atque
680 866 840 919 etiam
889 876 1033 922 terra
1077 867 1326 935 corporis
1356 866 1501 921 illius
1530 864 1888 935 depositione.

124 953 214 1009 λε¹.
256 954 365 1008 Καί
398 971 479 1016 τις
506 955 667 1025 ἀνὴρ,
701 953 934 1025 συνήθης
963 954 1037 1016 ὼς
1067 955 1135 1008 τὰ
1161 952 1330 1007 πο).λά
1357 953 1434 1022 τῷ
1463 953 1623 1022 ἁγίῳ,

63 1048 147 1101 καὶ
182 1045 285 1115 βίῳ
318 1044 475 1112 λόγον
508 1045 757 1114 κοσμῶν,
790 1047 881 1098 καὶ
908 1043 986 1115 τῷ
1018 1046 1157 1115 λόγῳ
1195 1046 1284 1098 τὸν
1334 1045 1446 1115 βίον
1495 1045 1627 1098 καΘι

60 1139 324 1208 ωραῒζων,
343 1136 503 1206 ἐῴκει
519 1139 657 1190 κατά
676 1139 767 1191 τὸν
796 1138 983 1209 καιρὸν
1006 1139 1101 1208 τῆς
1127 1139 1389 1208 ἐκδημίας
1404 1140 1498 1207 τῆς
1525 1157 1626 1208 μα-

64 1228 251 1299 καρίας
276 1227 490 1296 ἐκείνης
505 1227 681 1296 ψυχῆς
705 1227 916 1299 (πόρρω
941 1228 1048 1298 γὰρ
1068 1224 1179 1297 ἦν),
1208 1230 1389 1298 φωνῆς
1408 1230 1624 1281 ἀκούειν

60 1322 325 1389 καλούσης
364 1317 562 1371 αὐτόν’
598 1317 807 1382 Ἐξιθι,
851 1320 944 1371 καὶ
999 1319 1160 1389 βλέπε
1201 1321 1479 1390 παράδοξα
1527 1323 1620 1374 καὶ

61 1414 175 1465 Θεῖα
210 1411 526 1482 μυστήρια⁸
559 1409 748 1480 ἀμέλει
786 1411 879 1464 καὶ
916 1413 1014 1481 τῆς
1056 1411 1291 1475 οἰκείας,
1331 1412 1408 1474 ὡς
1444 1412 1617 1465 ἐδόκει

61 1497 269 1574 ἐκείνῳ,
294 1502 401 1556 ὑπὸ
421 1504 517 1572 τῆς
540 1503 719 1573 φωνῆς
740 1502 1131 1571 ἀφυπνισθέντι
1158 1505 1251 1556 καὶ
1271 1502 1465 1569 ἐξιόντι
1492 1505 1618 1572 ὁρᾶς

61 1595 145 1647 ταί
180 1612 234 1645 τι
260 1593 425 1663 φόϐον
463 1594 556 1647 καὶ
594 1594 771 1662 χαράν
802 1593 1064 1664 ἐμποιοῦν
1097 1594 1296 1663 θέαμα.
1341 1595 1619 1664 Ἐφαίνετο

61 1688 161 1755 γὰρ
184 1686 307 1739 ὅλον
337 1684 398 1737 τὸ
426 1685 588 1748 κῦτος
613 1685 707 1738 τοῦ
734 1685 961 1756 ούρανοῦ
994 1686 1399 1757 διασχιζόμενον
1433 1687 1619 1756 σώμα-

59 1794 163 1842 τος,
185 1778 253 1829 τὰ
275 1777 334 1829 δὲ
357 1777 610 1844 τάγματα
628 1777 737 1829 τῶν
755 1777 925 1845 άγίων
949 1777 1200 1849 ὁμιλαδὸν
1221 1778 1319 1847 τῆς
1344 1780 1616 1849 μακαρίας

1792 953 1880 1007 55.
1909 952 2002 1007 Vir
2029 962 2207 1009 autem
2233 957 2452 1025 quidam
2492 958 2661 1012 sancti
2692 959 2850 1029 hujus
2880 966 3272 1022 consuetudine

1721 1044 1924 1108 clarus,
1956 1045 2047 1114 qui
2086 1046 2193 1100 vita
2224 1061 2530 1101 sermnem
2573 1051 2886 1118 exornabat,
2924 1062 2979 1108 et
3021 1070 3274 1115 sermone

1720 1134 1888 1188 vitam
1922 1118 2427 1208 deeorabatiatqne
2457 1139 2534 1193 illi
2581 1141 2734 1196 valde
2761 1143 2958 1201 similis
2989 1158 3141 1214 erat;
3178 1166 3274 1220 per

1722 1225 1850 1280 illud
1898 1236 2127 1295 tempus,
2176 1242 2284 1300 quo
2315 1228 2478 1285 beata
2527 1230 2673 1287 illius
2719 1235 2901 1289 anima
2946 1238 3269 1307 emigrabat.

1720 1333 1848 1372 cum
1880 1319 2066 1387 procul
2109 1332 2269 1384 esset,
2306 1334 2493 1376 vocem
2523 1322 2729 1377 audivit
2772 1335 3055 1382 vocantem
3086 1345 3166 1396 se,
3210 1347 3277 1387 ac

1723 1408 2029 1462 dicentem:
2075 1408 2341 1479 Egredere
2389 1426 2454 1466 ac
2496 1413 2617 1467 vide
2658 1414 2947 1477 mirabilia.
2994 1426 3048 1471 et
3092 1419 3272 1476 divina

1723 1500 2006 1569 mysteria.
2052 1498 2296 1571 Denique
2341 1518 2370 1555 a
2403 1502 2655 1557 familiari
2696 1520 2848 1570 voce,
2884 1517 2942 1561 ut
2986 1509 3087 1564 sibi
3122 1510 3273 1565 vide-

1721 1591 1901 1652 batur,
1928 1590 2366 1661 expergefactus,
2392 1601 2446 1648 et
2478 1608 2749 1661 egressus,
2790 1596 3051 1652 visionem
3080 1615 3274 1668 quam—

1723 1680 2071 1762 dam'timore
2099 1682 2399 1750 gaudioqne
2427 1683 2637 1762 plenam
2672 1687 2974 1754 conspexit.
3012 1687 3273 1745 Universa

1722 1758 1868 1827 enim
1920 1769 2057 1827 coeli
2095 1773 2321 1828 latitudo
2364 1758 2591 1830 discindi
2642 1775 2943 1840 videbatur,
2998 1789 3159 1850 atque
3207 1798 3274 1836 ex

60 1870 317 1941 περιοχῆς
362 1867 691 1941 ἐξερχόμενα
712 1910 726 1934 ,
759 1869 819 1924 οὐ
859 1868 983 1923 καθ’
1007 1870 1199 1923 ῑνωσιν
1244 1868 1370 1940 μίαν
1395 1871 1486 1922 καὶ
1518 1870 1618 1940 τὴν

1730 1862 1885 1917 beato
1916 1863 2008 1917 illo
2050 1864 2172 1918 sinu
2213 1865 2485 1918 turmatim
2514 1876 2822 1921 sanctorum
2858 1869 3073 1924 ordines
3097 1872 3267 1934 exire.

60 1940 245 2032 αὐτὴν,
274 1960 412 2014 ἀλλά
456 1940 749 2031 προηγεῖτο
778 1959 876 2029 μὲν
907 1960 943 2028 ἡ
970 1958 1082 2013 τῶν
1108 1952 1422 2014 ἀποστόλων
1454 1959 1618 2029 ἀκρό-

1730 1954 2076 2024 nonquldem
2118 1970 2226 2009 uno
2254 1957 2552 2026 eodemque
2582 1959 2774 2025 modo;
2808 1961 2899 2014 sed
2944 1962 3119 2030 primo
3150 1966 3270 2032 qui-

56 2070 149 2122 της
182 2051 319 2122 μετά
351 2052 450 2121 τῆς
484 2050 610 2120 ὅλης
646 2050 825 2105 αὐτῶν
865 2049 1186 2121 ὅμηγύρεως
1213 2090 1227 2114 ,
1266 2050 1538 2120 μάρτυρες
1568 2049 1623 2102 δὲ

64 2143 196 2211 μετά
220 2141 444 2206 τούτους
468 2142 893 2210 ωνεφεπὸμενοι
922 2140 1332 2209 κατεφαίνοντο,
1364 2132 1459 2192 καὶ
1492 2140 1620 2194 καθ-

58 2234 182 2302 εξῆς
205 2235 255 2287 οι
281 2233 558 2303 προφῆται
578 2273 592 2296 ,
623 2233 718 2285 καὶ
744 2232 852 2284 τῶν
880 2232 1051 2286 ἄλλων
1088 2230 1249 2293 ὁσίως
1283 2230 1623 2301 βεϐιωκότων

57 2326 121 2376 τὰ
149 2325 336 2395 στίφη,
370 2308 463 2376 καὶ
499 2325 528 2376 ό
560 2323 667 2376 τῶν
698 2321 1107 2400 διαπρεψάντων
1134 2322 1191 2373 ὲν
1225 2321 1503 2393 ἁγιωσύνῃ
1532 2323 1623 2374 καὶ

61 2415 441 2487 ἀρχιερωσύνη
459 2413 867 2484 παναγιὼτατος
900 2412 1387 2484 σύλλογος.”Εὼρα
1410 2413 1539 2481 γοῦν
1563 2413 1623 2466 τὸ

60 2508 341 2575 γινόμενον
377 2507 405 2558 ὅ
439 2506 625 2577 ῥηθεὶς
654 2507 856 2568 ἐκεῖνος
881 2502 1039 2573 ἀνὴρ,
1075 2502 1171 2555 καὶ
1195 2504 1313 2566 ὅλος
1336 2498 1402 2575 ῆν
1423 2504 1623 2573 εκπλή-

64 2600 191 2663 ξεως
217 2598 488 2668 καθορῶν·
518 2596 631 2650 ἀλλ’
649 2598 750 2650 οὐκ
770 2595 1001 2669 ἠδύνατο
1028 2594 1319 2666 συμϐαλεῖν
1346 2595 1421 2665 τῷ
1447 2611 1623 2666 παραρ

62 2692 221 2755 δόξως
250 2690 520 2759 γινομένῳ
561 2688 794 2757 Θεάματι
820 2728 835 2751 ,
865 2686 1015 2740 ἐνθεν
1058 2704 1140 2738 τοι
1176 2687 1271 2739 καὶ
1315 2686 1624 2757 διηπορεῖτο

65 2784 179 2835 καθ’
214 2783 427 2843 ἑαυτὸν,
462 2779 526 2832 Τί
550 2781 679 2833 ποτέ
718 2780 833 2832 ἔστι
861 2778 921 2831 τὸ
957 2760 1268 2848 όρὡμενον;
1306 2777 1415 2830 Καὶ
1437 2777 1502 2845 δὴ
1527 2779 1625 2848 τῆς

65 2876 334 2943 προτέρας
381 2872 554 2923 ἐδόκει
596 2871 690 2922 καὶ
725 2868 876 2931 αὖθις
914 2868 1387 2939 ἀκούεινχφωνῆς·
1435 2869 1622 2937 Νῆφε,

66 2964 335 3033 ἄνθρωπε,
363 2962 469 3015 ίδοῦ
494 2962 553 3013 τὸ
578 2960 850 3034 ὁρώμενον
885 2960 1143 3030 πρόδηλον
1167 2975 1179 2988 ·
1218 2960 1381 3029 ἧκουε
1409 2958 1577 3013 ταῦτα
1605 2975 1625 3017 ’.

66 3056 155 3107 καὶ
201 3055 306 3124 δρᾷ
350 3054 664 3114 νεανίσκους
707 3050 978 3119 τέσσαρας
1020 3048 1113 3101 τὸν
1153 3049 1416 3119 ἀριθμὸν,
1451 3050 1625 3119 πτερά

67 3143 484 3213 περικειμένους
514 3142 604 3194 ἐπὶ
633 3140 740 3193 τῶν
774 3139 959 3209 ὤμων,
989 3140 1082 3191 καὶ
1109 3138 1349 3209 ὡσπερεί
1379 3156 1500 3193 τινα
1530 3140 1623 3193 κό-

67 3251 165 3304 ρην
195 3233 320 3302 ἄρτι
350 3231 511 3286 καλὸν
537 3231 631 3283 καὶ
660 3231 755 3300 ἡδὺ
783 3230 1208 3299 ἀπολάμπουσαν
1236 3233 1292 3282 ὲν
1320 3231 1467 3300 μέσῳ
1490 3248 1623 3284 κατ-

1725 2046 1844 2099 dem
1880 2045 2258 2123 apostolorum
2290 2047 2576 2102 summitas
2618 2063 2745 2102 cum
2779 2050 3031 2105 universo
3060 2052 3273 2109 illorum

1725 2143 1867 2188 cmttt
1908 2135 2199 2204 'proilibat:
2247 2148 2372 2205 post
2402 2137 2499 2192 hos
2547 2147 2731 2192 autem
2777 2149 3043 2211 martyres
3080 2159 3276 2199 conse-

1724 2226 1954 2294 quentes
1977 2227 2342 2295 apparebant:
2368 2229 2641 2296 propheta:
2664 2229 2941 2300 deinceps,
2968 2241 3021 2287 et
3044 2233 3274 2289 aliorum

1724 2326 2039 2375 sanctorum
2108 2318 2199 2387 qui
2235 2318 2363 2371 olim
2397 2320 2663 2384 vixerant,
2705 2320 2870 2386 acies,
2906 2331 2959 2381 et
2998 2304 3275 2392 pontilleia

1723 2408 1989 2477 dignitate
2018 2409 2258 2479 insignes
2287 2409 2523 2474 fuerant,
2557 2401 2957 2468 sanctissimum
2990 2416 3275 2486 collegium

1723 2497 2022 2551 visebatur.
2071 2498 2385 2567 Aspiciebat
2428 2513 2557 2568 ergo
2592 2500 2675 2554 vir
2708 2502 2998 2571 praedictus
3037 2506 3090 2559 id
3128 2510 3277 2576 quod

1724 2589 1904 2653 ﬁebat,
1931 2599 2187 2659 totusque
2210 2599 2433 2659 stupore
2458 2593 2647 2660 plenus
2670 2603 2807 2658 erat,
2836 2595 2962 2649 dum
2986 2599 3275 2665 aspiceret,
3330 2605 3337 2613 '

1724 2694 1831 2734 non
1865 2689 2041 2734 tamen
2090 2690 2300 2750 poterat
2330 2682 2485 2751 plene
2517 2684 2735 2753 assequi
2780 2692 2943 2754 atque
2975 2688 3279 2760 intelligere

1724 2771 2087 2839 spectaculum
2138 2772 2269 2825 illud
2305 2772 2715 2841 admirandum;
2750 2786 3046 2845 propterea
3088 2789 3277 2836 mente

1725 2859 1886 2914 dubia
1928 2870 2091 2931 atque
2127 2862 2252 2916 hinc
2300 2862 2424 2916 inde
2456 2864 2658 2933 agitata
2696 2865 2875 2920 aiebat
2900 2869 3017 2935 ipse
3048 2885 3229 2924 secum
3259 2890 3274 2925 :
3329 2906 3337 2915 -

1736 2949 2003 3018 Quidnam
2042 2962 2127 3007 est
2168 2955 2270 3007 hoc
2314 2954 2458 3022 quod
2491 2969 2589 3023 ego
2626 2956 2813 3011 video?
2843 2956 2993 3013 Tune
3026 2960 3172 3016 visus
3195 2971 3279 3015 est

1725 3042 1828 3097 sibi
1876 3043 1978 3112 ipsi
2015 3058 2200 3098 vocem
2230 3038 2412 3109 illam,
2434 3060 2595 3113 quam
2628 3053 2783 3100 antea
2829 3048 3131 3114 audiverat,
3167 3051 3271 3107 ite-

1725 3149 1844 3187 rum
1873 3134 2058 3189 audire
2101 3134 2367 3188 dicentem
2418 3136 2561 3189 sibi:
2599 3134 2821 3205 Evigila,
2868 3154 2901 3191 ο
2940 3142 3120 3206 homo,
3152 3155 3280 3196 ecce

1726 3223 2068 3279 manifestum
2114 3234 2196 3277 est
2235 3224 2287 3277 id
2338 3222 2484 3293 quod
2530 3224 2718 3278 vides:
2768 3226 2892 3279 audi
2939 3226 3071 3281 hac.
3124 3229 3279 3285 Tune
3392 3292 3395 3297 _

68 3291 289 3395 έίοντας
310 3366 326 3389 ,
357 3324 454 3377 καὶ
487 3324 599 3385 τοῖς
635 3291 743 3375 τάν
773 3320 946 3388 ἁγίων
962 3291 1200 3373 ’ἐκείνων
1236 3291 1412 3390 χοροῖς
1439 3291 1624 3373 διακε-

1730 3316 1857 3369 vidit
1886 3325 2119 3384 quatuor
2140 3291 2369 3382 juvenes
2396 3315 2668 3371 liabemtes
2697 3316 2809 3370 alas
2827 3316 2969 3371 circa
3001 3318 3276 3385 humeros.

66 3416 393 3485 λευομένους
441 3414 537 3467 καὶ
582 3412 868 3483 λέγοντας·
904 3411 1137 3477 Δέξασθε
1176 3411 1296 3480 μεθ’
1337 3410 1488 3480 ὑμῶν
1526 3412 1625 3479 τὴν

72 3506 345 3575 μακαρίαν
369 3504 573 3573 ταύτην
601 3503 814 3573 ψυχὴν,
868 3503 989 3573 ῆτις
1028 3503 1156 3571 ὑμῖν
1210 3501 1378 3554 πολλά
1414 3500 1626 3567 διεμελ-

69 3595 243 3664 ᾠδησε
297 3593 676 3663 μελῳδήματα,
714 3591 853 3660 μετὰ
881 3589 975 3643 καὶ
1011 3588 1102 3641 τοῦ
1123 3588 1213 3641 τὸν
1239 3587 1496 3656 ὑμέτερον
1515 3586 1626 3655 βίον

68 3684 541 3756 ἀπομιμήσασθαι.
582 3681 690 3734 Καὶ
724 3681 930 3744 πάντας
970 3681 1115 3749 ἑώρα
1150 3677 1350 3747 ταύτην
1388 3677 1628 3739 ἀσπαζο-

74 3778 268 3844 μένους
308 3771 640 3844 περιχαρῶς,
671 3770 1133 3842 προηγησαμένης
1163 3770 1260 3839 τῆς
1284 3768 1503 3838 Μητρὸς
1532 3766 1624 3819 τοῦ

70 3866 223 3919 Θεοῦ.

136 4127 247 4192 λς’.
294 4125 509 4195 Ἀμέλει
562 4125 659 4201 καὶ
695 4125 856 4180 πάλιν
885 4122 1130 4193 διηπόρει
1153 4124 1182 4174 ό
1210 4105 1510 4189 ἄνθρωπος,
1533 4119 1627 4181 Τίς

76 4236 203 4272 ποτε
232 4219 293 4271 δὲ
323 4216 461 4287 αὕτη
484 4217 517 4286 ἡ
548 4215 813 4284 τοσαύτης
836 4213 934 4282 τῆς
953 4210 1108 4282 δόξης
1132 4210 1499 4273 ἀπολαϐοῦσα,
1535 4210 1629 4262 καὶ

74 4310 170 4379 τῆς
207 4308 355 4376 ὑπὲρ
396 4306 552 4372 λόγον
592 4303 754 4372 τιμῆς
782 4317 797 4367 ;
824 4301 933 4354 Καὶ
978 4292 1164 4355 άκούει
1204 4298 1310 4352 τῶν
1354 4298 1629 4366 φερόντων

74 4400 291 4467 huiqu
329 4390 575 4462 ἀγγέλων
598 4391 898 4462 διαπρυσίῳ
931 4392 1112 4460 φωνῇ·
1144 4382 1309 4449 Οὗτός
1333 4389 1480 4439 ἐστιν
1519 4386 1631 4437 Ἰω-

74 4490 201 4556 σὴφ,
257 4480 456 4554 Ἰωσὴφ
497 4481 605 4534 τῶν
646 4477 979 4549 Ἑκκλησιῶν
1007 4479 1039 4547 ἡ
1069 4474 1464 4545 εύπρέπεια,ὅς
1489 4474 1628 4527 ἀποο

75 4579 277 4633 στόλων
304 4576 394 4630 τὸν
420 4575 533 4644 βίον
552 4574 645 4626 καὶ
673 4572 779 4633 τῶν
815 4569 1102 4640 μαρτύρων
1131 4568 1188 4620 ὲν
1213 4566 1309 4636 βίῳ
1332 4565 1512 4626 καλῶς
1538 4580 1628 4633 μι-
1655 4562 1703 4621 D

75 4672 413 4741 μησάμενος,
442 4663 577 4719 ἀλλά
613 4665 706 4717 καὶ
744 4663 948 4724 πάντας
980 4661 1215 4729 τιμήσας
1246 4660 1313 4726 τῇ
1364 4655 1622 4726 δεδομένῃ

73 4761 248 4828 τούτῳ
275 4753 538 4828 πα.ράτοῦ
573 4753 885 4821 Πνεύματος
906 4751 1109 4821 χάριτι,
1154 4748 1373 4818 ᾅσματά
1421 4764 1479 4799 τε
1508 4746 1625 4801 θεῖα

74 4850 283 4910 τούτοις
308 4846 472 4910 ἀξίως
496 4844 594 4913 τῆς
626 4842 826 4904 οίκείας
857 4840 1043 4909 σοφίας
1090 4840 1180 4892 καὶ
1227 4838 1473 4906 γνώσεως
1503 4836 1627 4889 πλέ-

80 4944 193 5005 ξις,
228 4939 383 5009 παρά
411 4937 613 4990 τούτων
635 4931 787 4995 αὖθις
824 4932 1187 5001 ἀντιτιμᾰται,
1224 4929 1424 4999 ταύτην
1458 4928 1627 4981 ὑπαν-

80 5034 169 5101 την
195 5030 336 5099 πρὸς
368 5027 629 5097 οὐρανοὺς
658 5026 973 5093 είσιτήριον,
1009 5021 1149 5075 οὕτω
1178 5020 1313 5075 Θεοῦ
1344 5019 1627 5084 διατάξαν-

79 5139 183 5183 τος,
238 5119 329 5172 ἵνα
356 5119 543 5188 μηδεὶς
587 5116 693 5169 τῶν
737 5116 830 5167 ἀπ’
877 5114 1069 5175 αίῶνος
1112 5112 1280 5179 ἁγίων
1313 5111 1446 5181 ἀπῇ,
1487 5111 1626 5161 ὥστε

81 5212 287 5272 πάντας
318 5206 453 5277 ὁμοῦ
492 5203 889 5275 συνδραμόντας
920 5201 1129 5254 τελέσαι
1158 5202 1249 5252 τὸν
1281 5199 1626 5268 ὲπιϐατήριον

82 5300 155 5367 τῷ
180 5296 415 5366 γενναίῳ
445 5294 613 5364 τούτῳ
635 5293 846 5363 ζηλωτῇ
874 5308 932 5344 τε
954 5290 1046 5344 καὶ
1070 5293 1297 5360 μιμητῇ.
1342 5288 1498 5340 Ἀλλά
1522 5288 1629 5356 γὰρ

82 5394 172 5442 καὶ
204 5389 289 5441 [tt
345 5384 509 5453 βλέπε
555 5384 647 5436 καὶ
699 5383 766 5436 τά
798 5380 1000 5433 τούτων
1049 5379 1447 5447 παραδοξότατα
1472 5394 1484 5407 ·
1536 5381 1629 5431 καὶ

82 5480 197 5548 ἅμα
224 5476 434 5543 ἔλεγον,
461 5476 555 5527 καὶ
580 5474 703 5536 ὅλος
728 5472 951 5541 οὐρανὸς
997 5471 1307 5535 ὲξεκένωτο,
1334 5470 1426 5520 καὶ
1451 5468 1629 5532 τάξεις

85 5572 255 5622 πᾶσαι
286 5566 394 5619 τῶν
431 5565 695 5632 οὐρανίων
742 5563 1043 5631 δυνάμεων,
1082 5560 1312 5627 ἐντίμως
1352 5560 1488 5626 ἄγαν
1532 5562 1631 5613 -καὶ

86 5657 329 5720 εὐλαϐῶς
354 5652 783 5725 κατησπάζοντο.
834 5652 944 5706 Καὶ
974 5654 1073 5704 οὐκ
1112 5652 1192 5703 ἔτι
1231 5651 1451 5712 δυνατὸς
1501 5651 1631 5721 ὀρᾷν

86 5744 151 5818 ἦν
177 5750 206 5800 ὅ
246 5747 347 5815 τῆς
380 5744 608 5814 θεωρίας
624 5742 832 5818 ταύτης
855 5742 1209 5804 καταξιωθεὶς
1256 5740 1323 5793 τὰ
1358 5740 1629 5804 ἐπέκεινα,

90 5816 189 5890 tito
217 5836 419 5907 πολλῆς
440 5816 680 5903 ’ἀγωνίας
710 5831 887 5899 ἱδρῶτι
907 5830 1088 5900 λεπτῷ
1110 5829 1439 5899 πανταχόθεν
1464 5847 1633 5883 κατα-

1724 3414 1778 3460 et
1800 3405 1959 3459 veluti
1989 3406 2222 3475 puellam
2253 3406 2543 3475 quamdam
2572 3406 2978 3474 pulchritudine
3007 3422 3070 3461 ac
3095 3412 3279 3463 suavi-

1730 3505 1838 3550 tate
1879 3497 2116 3565 undique
2162 3498 2437 3565 perfusam
2484 3504 2730 3551 teuentes
2776 3497 2829 3549 in
2880 3498 3077 3561 medio.
3112 3509 3275 3568 atque

1726 3588 1945 3642 illorum
1970 3595 2285 3642 sanctorum
2306 3586 2491 3641 choris
2510 3585 2884 3656 praecipientes
2904 3601 2969 3640 ac
2990 3577 3231 3643 dicentes
3258 3608 3275 3643 :

1728 3678 1998 3747 Suscipite
2040 3677 2318 3732 vobiscum
2371 3676 2584 3730 beatam
2638 3676 2780 3730 hanc
2840 3678 3098 3741 animam,
3156 3694 3277 3748 qua

1728 3768 1883 3824 vobis
1916 3768 2179 3838 plurimas
2207 3766 2491 3821 cautiones
2522 3766 2843 3823 suavissime
2873 3766 3147 3821 modulata
3172 3779 3273 3833 est,

1729 3867 2071 3926 vestramque
2118 3855 2284 3929 vitam
2333 3855 2542 3908 imitata
2582 3864 2685 3909 est.
2738 3854 2803 3909 Et
2842 3856 3007 3909 simul
3055 3856 3276 3912 videbat

1730 3950 1849 4004 illos
1889 3962 2078 4003 omnes
2120 3961 2239 4001 eam
2272 3946 2639 4016 amplexantes
2682 3961 2871 4014 magna
2907 3962 3031 4001 cum
3072 3948 3275 4014 laetitia,

1733 4037 1905 4113 Matre
1924 4036 2014 4090 Dei
2049 4036 2375 4105 principium
2412 4036 2574 4104 hujus
2603 4036 2676 4089 rei
2710 4028 2941 4091 faciente

1800 4128 1890 4183 36.
1927 4128 2097 4182 Porro
2125 4142 2341 4181 rursum
2382 4128 2545 4181 homo
2576 4127 2739 4196 cmpit
2776 4129 3069 4196 ambigere,
3094 4144 3157 4185 ac
3190 4146 3277 4185 se-

1732 4232 1856 4272 cum
1890 4216 2129 4285 eolloqui
2156 4234 2168 4268 :
2198 4216 2454 4281 Quasnam
2489 4215 2600 4270 haec
2626 4225 2728 4280 est,
2756 4231 2877 4284 qua:
2908 4225 3050 4270 tanta
3077 4217 3276 4272 fruitur

1736 4306 1907 4373 gloria
1936 4312 2099 4373 atque
2140 4303 2393 4356 ineffabili
2432 4302 2665 4356 honore?
2695 4303 3022 4370 Audivitque
3056 4306 3274 4374 angelos

1732 4396 1909 4464 ipsam,
1934 4381 2387 4447 ferentesdicere
2417 4393 2518 4447 sibi
2552 4407 2681 4446 voce
2715 4394 3032 4461 perspicua:
3067 4392 3165 4448 Hic
3191 4407 3278 4450 est

1730 4484 1948 4554 Joseph,
1977 4484 2173 4552 Joseph
2208 4483 2573 4537 Ecclesiarum
2604 4483 2768 4536 decus
2796 4492 2850 4536 et
2873 4493 3273 4549 ornamentum,

1730 4576 1822 4645 qui
1860 4575 2226 4645 apostolorum
2265 4589 2327 4627 ae
2357 4585 2653 4643 martyrum
2686 4574 2847 4626 vitam
2879 4574 2983 4625 vita
3010 4590 3103 4629 sua
3138 4590 3274 4644 prae-

1728 4668 1872 4721 clare
1900 4666 2142 4719 imitatus
2165 4674 2266 4730 est,
2299 4674 2350 4719 et
2381 4665 2600 4733 insuper
2630 4665 2914 4719 universos
2948 4663 3071 4719 illos
3104 4666 3273 4719 llOllO-

1729 4755 1869 4827 ravit
1897 4771 1991 4825 per
2022 4756 2246 4824 gratiam
2282 4755 2384 4809 sibi
2426 4770 2453 4808 a
2499 4754 2701 4823 Spiritu
2753 4754 3268 4811 sanctotributam:

1728 4854 1781 4899 et
1808 4846 2018 4901 cantica
2048 4845 2230 4898 divina
2265 4844 2529 4912 sapientia
2578 4858 2640 4896 ac
2685 4843 2906 4897 scientia
2958 4859 3055 4897 sua
3084 4845 3268 4909 digna,

1730 4937 1782 4989 in
1836 4935 2142 4991 earumdem
2194 4936 2403 4988 laudem
2449 4934 2774 4996 modulatus,
2828 4950 2971 4989 nunc
3021 4936 3089 4988 ab
3139 4937 3269 5003 ipsis

1729 5028 1846 5081 vice
1878 5041 2031 5080 versa
2077 5027 2412 5079 honoratur:
2446 5024 2516 5077 ita
2551 5023 2659 5077 Deo
2688 5025 2974 5078 ordinante
3006 5026 3145 5080 hunc
3178 5042 3271 5078 oe-

1730 5130 1948 5169 cursum
2001 5116 2054 5167 in
2099 5114 2276 5183 primo
2334 5114 2477 5166 illius
2530 5114 2593 5165 ad
2645 5114 2839 5166 caelum
2898 5117 3161 5182 ἱιιςτεειυ,
3212 5124 3270 5165 ut

1733 5205 1912 5259 nullus
1964 5214 2277 5259 sanctorum
2318 5202 2411 5270 qui
2447 5201 2665 5255 luerunt
2712 5219 2943 5270 unquam
2972 5218 3008 5254 ο
3048 5202 3265 5263 saeculo,

1734 5295 1897 5359 absit,
1933 5295 2025 5348 sed
2059 5309 2247 5347 omnes
2298 5292 2458 5346 simul
2498 5301 2899 5349 cencurrentes,
2947 5305 3264 5358 generosum

1736 5386 1881 5438 hunc
1935 5384 2159 5435 zelotem
2195 5391 2249 5435 et
2295 5382 2617 5433 imitatorem
2666 5382 2949 5441 deducant,
2992 5389 3148 5443 atque
3193 5380 3265 5430 illi

1734 5473 1800 5526 ad
1834 5473 2000 5525 caelos
2037 5486 2322 5525 ascensum
2361 5470 2578 5523 iaciant.
2614 5469 2827 5531 Verum,
2874 5472 3045 5534 aspice
3077 5478 3268 5533 praete-

1736 5577 1825 5615 rea
1850 5562 1916 5615 ad
1941 5562 2055 5615 haec
2078 5575 2287 5614 summe
2311 5561 2647 5624 maximeque
2662 5561 2993 5612 admiranda.
3022 5556 3143 5611 Haec
3165 5542 3261 5621 ait,

1733 5662 1788 5709 et
1818 5653 2131 5706 universum
2169 5651 2363 5705 cmlum
2398 5658 2712 5704 evaeuatum
2746 5660 2901 5715 atque
2930 5648 3264 5702 exinanitum

1734 5754 1835 5806 est,
1863 5756 2163 5811 omnesque
2176 5741 2393 5795 ordines
2412 5740 2708 5794 caelestium
2742 5748 3058 5807 potestatum
3083 5754 3265 5808 egres-

1736 5848 1829 5897 sae,
1884 5832 2031 5885 illum
2069 5846 2265 5900 magno
2310 5846 2427 5885 cum
2467 5830 2667 5885 honore
2716 5845 2773 5881 ac
2820 5829 3111 5883 reverentia
3154 5844 3265 5882 atu-
