3926 6308
482 349 586 413 915
1569 346 1628 404 s.
1672 344 1980 405 JOSEPIII
2021 343 2572 410 HYMNOGRAPHI
3589 342 3683 416 9'76

485 468 862 536 plexabantur.
895 463 1077 531 Neque
1109 457 1336 515 ulterius
1367 461 1448 514 vir
1487 461 1576 516 ille
1617 463 1799 516 videre
1836 464 2030 530 potuit,

2151 466 2484 536 παζόμενος.
2517 466 2651 522 Τίνα
2678 467 2884 534 caiisa;
2926 459 2988 522 Ἦ
3013 468 3143 539 πρὸς
3179 467 3274 541 τὴν
3303 469 3462 538 ἀγίαν
3491 468 3689 540 Τριάδα

486 559 578 626 qui
627 553 936 626 lmjusmodi
967 552 1277 620 spectaculo
1305 550 1500 620 dignus
1535 550 1712 606 factus
1738 551 1932 617 fuerat,
1966 556 2037 607 ob

2151 557 2420 628 εἰσαγωγὴ
2446 560 2540 611 καὶ
2569 560 2953 630 προσκύνησις,
2977 562 3008 630 ὴ
3043 559 3301 628 μετὰτῶν
3331 560 3578 628 ἀγγέλων
3601 579 3690 616 m-

487 655 709 708 mullam
739 651 1011 720 agoniam,
1042 648 1317 715 animique
1339 647 1642 713 angustiam
1672 647 2036 702 minutissime

2151 633 2423 719 ράσταέις,
2460 652 2492 718 ἠ
2524 651 2757 720 ἆρῤητος
2787 651 2984 718 γνῶσις
3016 652 3182 721 αὐτῆς
3220 651 3367 721 αὑτῷ
3394 653 3692 722 κεχυμένης

488 745 684 798 sudore
729 743 970 809 undique
1015 731 1258 793 stillante
1296 738 1573 808 perfusus.
1623 737 1878 803 Quaenam
1910 748 2038 794 sunt

2151 739 2380 808 ἀμέσως,
2407 741 2493 793 διὰ
2510 743 2605 810 τὴν
2633 741 2800 810 χωρὶς
2830 735 3343 812 παραπετασμάτων
3372 744 3690 812 ἁνάκρασιν.

497 835 644 890 haec?
672 834 751 886 Ad
790 832 1190 886 sanctissimam
1226 829 1543 883 Trinitatem
1582 831 1845 883 adntissio
1878 841 2041 900 atque
2079 845 2332 885 accessus
2359 841 2414 885 ut
2441 847 2558 885 eam
2587 834 2876 899 adoraret;
2946 843 3124 887 astare
3183 851 3304 888 cum
3339 836 3544 903 angelis
3571 845 3695 891 ante

487 930 667 983 illam:
702 925 989 998 ineﬂ’abilis
1024 925 1088 979 de
1123 923 1312 979 eadem
1353 923 1579 978 scientia
1609 923 1686 976 illi
1751 925 1868 978 sine
1933 923 2114 978 medio
2155 924 2356 989 infusa,
2404 935 2642 994 prapter.
2673 922 3218 982 communicationem
3281 924 3397 982 sine
3459 930 3569 984 ullo
3604 946 3695 984 ve-

489 1022 702 1075 latnine.

557 1117 645 1167 57.
693 1112 878 1181 Neque
917 1125 1047 1166 vero
1095 1123 1292 1166 novum
1333 1109 1514 1180 aliqua
1550 1125 1616 1164 ex
1664 1118 1814 1178 parte
1869 1107 2040 1162 videri

486 1206 668 1269 debet,
715 1205 760 1259 si
814 1202 1131 1272 huiusmodi
1188 1201 1396 1256 honore
1442 1202 1494 1255 in
1546 1216 1772 1254 ascensu
1825 1215 1924 1253 suo
1974 1201 2041 1252 ad

490 1297 687 1351 coelum
724 1295 918 1365 dignus
959 1293 1135 1348 factus
1163 1300 1266 1347 est.
1309 1293 1388 1346 Ah
1419 1293 1526 1347 illis
1556 1292 1699 1345 enim
1743 1291 2042 1344 honoratus

489 1397 594 1451 est,
621 1402 742 1440 cum
771 1385 970 1454 quibus
997 1384 1145 1437 illum
1183 1398 1396 1452 semper
1424 1382 1676 1436 honorari
1702 1381 1907 1450 justum
1937 1389 2038 1433 est.

492 1477 705 1531 Etenim
742 1475 958 1529 illorum
992 1474 1156 1527 vitam
1195 1473 1386 1528 scdulo
1421 1474 1712 1542 descripsit
1742 1482 1902 1540 atque
1935 1473 2044 1526 ela-

494 1568 732 1630 boravit;
764 1582 885 1618 cum
923 1565 1183 1634 apostolis
1217 1573 1475 1633 tanquam
1517 1565 1797 1634 apostolus
1831 1579 2043 1617 connu-

491 1656 819 1719 merandus;
855 1669 978 1707 cum
1018 1653 1348 1721 martyribus
1391 1662 1647 1723 tanquam
1686 1662 1910 1725 martyr,
1950 1654 2042 1723 qui

2213 1102 2310 1168 λζ’.
2367 1103 2566 1158 Καινδν
2621 1105 2678 1157 δὲ
2725 1106 2940 1167 πάντως
2971 1106 3122 1159 οὐδὲν
3172 1109 3218 1159 εἰ
3252 1109 3502 1176 τοιαύτης
3547 1112 3605 1185 εν
3632 1115 3696 1182 τῇ

2141 1198 2310 1265 ἀνόδῳ
2341 1197 2504 1264 τιμῆς
2533 1196 2867 1266 κατηξίωτο·
2901 1196 3052 1267 παρὰ
3087 1199 3193 1268 γὰρ
3231 1199 3439 1252 τούτων
3480 1203 3700 1273 τετίμηο

2142 1304 2249 1350 ται,
2282 1283 2362 1348 οἷς
2395 1287 2480 1338 ἀεὶ
2510 1288 2868 1355 συντιμᾶσθαι
2889 1287 3100 1340 δίκαιόν
3125 1291 3288 1352 ἐστιν,
3324 1291 3405 1342 ὃτι
3450 1293 3543 1343 καὶ
3580 1294 3704 1346 τού-

2142 1395 2249 1431 των
2279 1378 2368 1430 τὸν
2410 1377 2521 1447 βίον
2567 1378 3014 1446 ἀπηκριδώσατο,
3055 1381 3166 1441 τοῖς
3208 1381 3531 1445 ἀποστόλοις
3579 1400 3704 1437 συνο

2145 1469 2377 1538 αριθμοῦ
2388 1486 2567 1538 μενος,
2588 1469 2662 1532 ὡς
2691 1469 3003 1532 ἀπόστολος·
3035 1471 3146 1534 τοῖς
3177 1471 3442 1541 μάρτυσιν
3461 1473 3536 1535 ὼς
3561 1475 3706 1546 μάρ-

2144 1578 2238 1624 τυς
2281 1561 2631 1631 ἀναίμακτος,
2673 1562 2754 1614 ὅτι
2783 1561 2874 1613 τὸν
2929 1561 3088 1614 πόνον
3130 1561 3328 1631 μᾶλλον
3367 1563 3610 1617 ἐπέτεινε
3637 1569 3702 1636 τῇ

2145 1653 2241 1721 τῆς
2269 1650 2412 1721 ζωῆς
2435 1650 2834 1722 ἀποκληρώσει,
2860 1651 2955 1704 καὶ
2974 1653 3275 1721 παρατάσει
3307 1653 3384 1722 τῷ
3405 1654 3590 1725 οίκείῳ
3612 1656 3703 1710 τοῦ

498 1746 626 1798 licet
672 1759 921 1798 cruorem
968 1759 1078 1798 non
1108 1743 1379 1811 eﬂ‘uderit,
1413 1747 1714 1814 graviorem
1755 1757 1932 1801 tamen
1971 1749 2045 1800 la-

2151 1739 2449 1802 συνειδότος
2479 1739 2763 1809 μαρτυρέῳ
2785 1739 3220 1809 ἐπαγαλλόμενος
3245 1755 3259 1768 ·
3296 1744 3406 1803 τοῖς
3435 1742 3603 1805 ὁσίοις
3632 1744 3706 1806 ὡς

493 1836 680 1889 borem
732 1835 982 1889 tolerarit
1034 1835 1088 1888 in
1121 1850 1182 1888 ca
1219 1836 1348 1899 vita,
1377 1851 1536 1904 quam
1578 1837 1677 1891 sibi
1720 1837 1879 1908 elegit
1910 1847 1962 1892 et
1993 1838 2044 1891 in

494 1941 598 1995 qua
627 1918 984 2007 diu'duravit,
1030 1925 1180 1979 laetus
1213 1925 1492 1981 sustinens
1536 1925 1805 1982 familiare
1839 1939 2045 1997 marty-

495 2016 658 2077 rium,
680 2015 820 2082 quod
845 2013 958 2081 ipse
982 2023 1191 2066 tantum
1216 2023 1437 2068 noverat
1461 2033 1473 2068 :
1501 2031 1622 2069 cum
1642 2017 2049 2070 conlessoribus

497 2115 755 2175 tanquam
786 2103 1068 2158 confessor
1087 2111 1330 2158 sanctam
1366 2105 1602 2158 animam
1631 2122 1801 2174 usque
1822 2107 1887 2159 ad
1915 2108 2050 2160 ima-

500 2197 832 2266 ginationem
859 2206 1064 2250 castam
1095 2209 1392 2264 puramque
1412 2195 1645 2250 efllciens
1669 2212 1684 2248 :
1710 2207 1829 2251 cum
1864 2197 1931 2250 iis
1957 2197 2048 2265 qui

499 2288 683 2342 futura
751 2288 1067 2356 praevident,
1147 2296 1406 2356 tanquam
1465 2302 1569 2340 non
1620 2303 1814 2357 expers
1866 2289 2051 2357 gratiae

497 2378 868 2445 praedictionis
905 2376 1234 2440 futurorum,
1269 2377 1391 2445 plus
1426 2377 1630 2433 habens
1671 2393 1832 2446 quam
1862 2393 2050 2435 omnes

497 2470 588 2524 alii
635 2472 738 2539 (ut
781 2469 982 2538 aliquid
1033 2471 1152 2537 plus
1183 2469 1338 2522 beato
1375 2469 1500 2522 huic
1539 2468 1810 2538 gratiﬁcer
1835 2469 1892 2539 );
1925 2486 2050 2524 nam

499 2573 662 2627 supra
690 2573 879 2612 omnes
925 2557 1060 2610 alios
1096 2557 1210 2624 ipse
1252 2555 1494 2608 animum
1530 2557 1784 2625 apposuit
1813 2557 1878 2610 ad
1915 2572 2052 2627 pan-

500 2646 702 2715 gendas
748 2644 1168 2698 encomiasticas
1212 2643 1492 2697 cautiones
1536 2657 1632 2711 per
1670 2645 2050 2698 suavissimam

500 2741 667 2802 atque
717 2733 1124 2787 ornatissimam
1171 2732 1492 2786 melodiam:
1530 2734 1644 2801 ipse
1675 2749 1801 2788 vero
1842 2736 1907 2789 ab
1933 2750 2052 2789 om-

501 2823 664 2878 nibus
709 2826 904 2877 meruit
939 2825 991 2876 in
1023 2823 1300 2877 caelestem
1335 2824 1629 2877 thalamum
1663 2840 1784 2879 cum
1825 2827 2050 2892 honore,

501 2914 632 2967 nulli
676 2915 766 2967 alii
813 2927 1099 2978 concesso,
1142 2913 1440 2967 aScendens
1469 2914 1683 2970 deduci.
1716 2915 1883 2986 Magis
1926 2932 2054 2986 ergo

2148 1831 2312 1892 ὅσιος,
2339 1828 2506 1898 ἁγνὴν
2535 1829 2635 1896 τὴν
2677 1829 2840 1897 ἁγίαν
2867 1828 3044 1899 ψυχὴν
3086 1830 3180 1883 καὶ
3209 1830 3369 1902 μέχρι
3411 1831 3707 1900 φαντασίας

2148 1922 2629 1991 ἀπεργασάμενος·
2667 1923 2775 1984 τοῖς
2809 1921 3165 1992 προορῶσιτά
3197 1922 3476 1992 μέλλοντα,
3508 1922 3584 1986 ὡς
3611 1923 3707 1992 τῆς

2149 2014 2502 2082 προρρήσεως
2538 2012 2638 2065 οὐκ
2685 2011 2929 2083 ἀμοιρῶν
2987 2011 3079 2065 τοῦ
3134 2012 3504 2083 χαρίσματοςο
3547 2013 3706 2068 πλέον

2150 2103 2286 2173 ἔχων
2307 2103 2561 2157 ἁπάντων
2583 2103 2691 2173 (ἵνα
2713 2120 2765 2156 τι
2789 2103 2949 2155 πλέον
2963 2102 3040 2172 τῷ
3065 2102 3318 2173 μακαρίῳ
3348 2103 3706 2174 χαρίσωμαι).

2148 2196 2230 2248 ὅτι
2271 2197 2382 2258 τοῖς
2415 2193 2593 2256 ἄλλοις
2623 2195 2788 2248 πᾶσιν
2816 2193 2976 2256 αὐτὸς
3006 2193 3241 2263 ἐπέθηκε
3271 2194 3357 2247 διὰ
3397 2194 3497 2264 τῆς
3533 2196 3710 2264 ἐμμι-

2149 2284 2274 2347 λοῦς
2309 2283 2570 2353 μελῳδίας
2597 2284 2696 2354 τὴν
2724 2283 2920 2354 ψυχὴν,
2957 2283 3240 2354 εὐκόσμως
3271 2284 3508 2352 ἄγουσαν
3534 2287 3712 2352 ἔγκω-

2153 2377 2411 2443 μιαστικά
2444 2374 2824 2444 μελῳδήματα.
2854 2374 3025 2439 Αὐτὸς
3065 2374 3122 2428 δὲ
3153 2375 3302 2446 παρά
3325 2375 3550 2430 πάντων
3580 2377 3716 2445 μίαν

2150 2464 2352 2534 ταύτην
2417 2465 2583 2536 τιμὴν
2651 2466 2994 2537 είσϐατήριον
3048 2467 3380 2536 είσουρανίου
3439 2467 3717 2530 παστάδος

2153 2553 2641 2626 [ἀπεκεκλήρωτο],
2683 2556 2880 2625 μᾶλλον
2917 2557 3013 2626 μὲν
3042 2552 3134 2610 οὖν
3173 2557 3267 2610 καὶ
3297 2551 3582 2620 ἀπολαῦει,
3617 2562 3716 2610 καὶ

2152 2647 2513 2699 συναπολαύει
2539 2646 2749 2710 τούτοις
2772 2648 2868 2716 τῆς
2898 2647 3044 2718 παρά
3070 2648 3166 2716 τῆς
3193 2648 3350 2715 ἁγίας
3368 2648 3593 2719 Τριάδος
3628 2652 3718 2700 trti-

2156 2736 2262 2806 μῆς
2291 2753 2351 2788 τε
2403 2737 2496 2789 καὶ
2525 2735 2936 2808 λαμπρότητος·
3031 2739 3454 2808 παριστάμενος,
3487 2738 3580 2792 καὶ
3611 2739 3724 2806 τῆς

2155 2826 2478 2897 ὑπερφώτου
2524 2830 2885 2898 κατατρυφῶν
2915 2827 3269 2899 ὡραιότητος,
3309 2830 3577 2899 μέμνηται
3612 2831 3719 2899 μὲν

2152 2916 2307 2986 ⁴ἡμῶν
2322 2917 2428 2970 τῶν
2442 2916 2722 2986 τιμώντων
2737 2918 2916 2984 αὐτὸν,
2935 2919 3200 2972 ἀντιϐολεῖ
3215 2920 3271 2973 δὲ
3287 2919 3545 2989 διηνεκῶς
3559 2919 3718 2980 ὅπως

499 3013 553 3059 et
578 3003 794 3067 fruitur,
823 3013 876 3058 et
905 3003 1212 3059 confruitur
1253 3019 1372 3058 cum
1412 3004 1518 3059 illis
1550 3005 1754 3060 honore
1782 3021 1844 3060 ac
1873 3007 2046 3076 splen‘

2159 3009 2250 3061 καὶ
2273 3010 2432 3079 ἡμεῖς
2452 3010 2696 3080 ἀϐρόχως
2716 3009 2814 3081 τὴν
2828 3009 2919 3063 τοῦ
2941 3009 3056 3081 βίου
3073 3010 3489 3081 διαπεράσαντες
3507 3011 3720 3064 θάλασο

499 3095 632 3149 dore
664 3111 693 3149 a
727 3095 1072 3150 sanctissima
1104 3095 1368 3150 Trinitate
1391 3097 1492 3151 sibi
1519 3097 1943 3176 communicato,
1966 3099 2046 3152 cui

2161 3116 2259 3152 σαν
2293 3065 2432 3169 ἒὶρδξ
2453 3065 2544 3153 τὸν
2570 3065 2836 3154 itabat-ev
2854 3065 3048 3171 λιμένα
3077 3065 3597 3172 καθορμισθείημεν.

498 3194 706 3245 astans.
750 3192 804 3238 et
851 3183 1274 3252 pulchritudine,
1322 3199 1443 3252 qua:
1488 3183 1662 3238 lucem
1713 3200 1927 3238 omnem
1979 3196 2220 3253 superat,
2275 3187 2600 3253 oblectatus,
2668 3203 2876 3243 memor
2903 3203 3035 3244 sane
3057 3199 3141 3246 est
3196 3189 3394 3255 nostri,
3422 3191 3514 3259 qui
3545 3190 3709 3244 illum

500 3280 942 3342 honoramus,.et
969 3277 1188 3331 assidue
1225 3292 1322 3345 pro
1371 3277 1529 3333 nobis
1573 3287 1846 3347 precatur,
1874 3288 1934 3334 ut
1960 3293 2060 3336 nos
2096 3282 2261 3335 etiam
2289 3283 2410 3336 vitae
2439 3282 2602 3351 hujus
2621 3297 2769 3338 mare
2815 3283 2982 3339 salvis
3037 3283 3294 3340 anchoris
3313 3294 3715 3354 pertranseun-

497 3383 580 3428 tes
608 3373 674 3426 ad
709 3371 1212 3441 tranquillissimum
1240 3382 1454 3442 portum
1478 3373 1876 3441 perveniamus.

567 3462 659 3517 38.
685 3461 912 3528 Verum,
931 3476 973 3528 o_
985 3461 1077 3516 Dei
1114 3461 1316 3515 famule
1337 3461 1663 3528 fidelissime,
1691 3477 1969 3532 compesce
1993 3477 2046 3518 ac

2221 3462 2321 3535 λη’.
2357 3463 2511 3529 ’Δλλ⁹,
2539 3458 2584 3517 ὦ
2610 3462 2744 3517 Θεοῦ
2774 3461 3022 3534 θεράπων
3056 3464 3363 3530 πιστότατε,
3393 3464 3598 3519 παῦσον
3617 3468 3719 3521 τὸν

500 3554 627 3608 seda
659 3552 714 3605 in
747 3551 904 3606 nobis
931 3551 1255 3605 acerrimum
1287 3551 1468 3604 carnis
1493 3552 1758 3619 praalium,
1800 3561 1855 3605 et
1884 3553 2046 3621 impe-

2151 3556 2210 3607 ὲν
2243 3557 2373 3625 ἡμῖν
2404 3553 2503 3624 τῆς
2529 3555 2729 3623 σαρκὸς
2762 3553 3128 3626 ίσχυρὼτατον
3157 3556 3410 3624 πόλεμον,
3439 3556 3532 3608 καὶ
3565 3556 3714 3611 δίδου

501 3653 603 3708 tra,
635 3641 792 3696 nobis
835 3641 940 3695 tuis
973 3641 1115 3710 apud
1165 3640 1331 3693 Deum
1371 3641 1870 3706 intercessionibus,
1903 3656 2046 3695 men-

2151 3647 2271 3707 ταῖς
2304 3647 2421 3706 σαῖς
2444 3645 2578 3713 πρὸς
2608 3644 2696 3697 τὸν
2724 3644 2855 3698 Θεὸν
2900 3645 3330 3716 παρακλήσεσιν,
3362 3645 3712 3714 ἀφάνταστσν

503 3746 608 3787 tem
645 3733 713 3785 ab
743 3733 891 3785 omni
927 3732 1370 3800 phantasmatum
1403 3731 1807 3800 perturbatione
1847 3746 2046 3799 semper

2153 3733 2307 3802 ἡμῶν
2351 3732 2719 3802 διατηρεῖσθαι
2753 3732 2844 3785 τὸν
2875 3731 3036 3786 νοῦν⁸
3067 3731 3214 3802 ἔχεις
3249 3733 3357 3803 γὰρ
3395 3734 3712 3806 παρρησίαν
3777 3775 3789 3780 -

500 3825 798 3878 immunem
834 3841 847 3875 :
897 3823 1065 3877 habes
1112 3823 1255 3877 enim
1299 3821 1679 3876 conﬁdentiam
1719 3822 1938 3875 multam
1989 3835 2046 3876 ac

2156 3821 2374 3891 πολλὴν,
2397 3820 2469 3884 ὡς
2492 3821 2749 3885 τεθεικὼς
2771 3821 2869 3892 τὴν
2906 3821 3004 3892 σὴν
3033 3822 3305 3892 μακαρίαν
3345 3825 3520 3893 ψυχὴν
3564 3809 3711 3893 ὑπὲρ

499 3917 831 3979 libertatem,
880 3915 1084 3984 quippe
1117 3913 1211 3982 qui
1262 3913 1499 3966 animam
1533 3912 1923 3966 tuam'beatam
1954 3927 2046 3980 pro

2156 3913 2251 3981 τῆς
2272 3912 2430 3979 ἀγίας
2461 3912 2665 3974 εἰκόνος
2716 3910 2903 3978 αὑτοῦ,
2957 3913 3030 3974 ὡς
3072 3913 3308 3982 τιμήσας
3359 3913 3482 3976 τοὺς
3520 3913 3713 3981 ἁγίους

504 4017 695 4061 sancta
746 4005 891 4058 illius
949 4005 1182 4072 imagine
1235 4003 1487 4071 posuisti,
1540 4012 1860 4071 sanctosque
1909 4003 2046 4056 illius

2156 4003 2321 4055 αὑτοῦ
2346 4002 2456 4064 τοῖς
2487 4004 2598 4065 σοῖς
2616 4002 2790 4070 ἁγίοις
2811 4004 3110 4073 πονήμασι,
3143 4002 3262 4072 μεθ’
3288 3998 3362 4057 ὧν
3387 4004 3712 4074 πρεσϐεύοις

505 4097 710 4150 sanctis
757 4095 1034 4149 laboribus
1078 4095 1183 4147 tuis
1231 4094 1530 4157 ltonorasti,
1578 4107 1700 4147 cum
1742 4094 1939 4161 quibus
1973 4094 2046 4145 in-

2157 4093 2296 4162 ὕπὲρ
2322 4092 2498 4161 ἡμῶν,
2542 4093 2648 4145 τῶν
2689 4092 2748 4146 σὲ
2800 4094 3108 4163 προστάτην
3149 4092 3295 4162 ἔχειν
3327 4094 3710 4164 ἐπευχομένων

503 4186 734 4240 tercedis
788 4200 888 4254 pro
938 4185 1116 4249 nobis,
1163 4182 1256 4252 qui
1314 4197 1532 4251 semper
1586 4191 1942 4251 protectorem
1990 4196 2046 4234 ac

2155 4185 2262 4248 del,
2294 4184 2386 4235 καὶ
2435 4183 2728 4252 ὲλλάμποις
2769 4182 2927 4252 ἡμῶν
2973 4182 3064 4236 τὸν
3098 4181 3221 4235 νοῦν
3273 4182 3472 4251 νοερῶς
3517 4183 3709 4234 τυπῶν

502 4276 786 4342 prasidem
819 4284 869 4327 te
901 4273 1099 4326 habere
1129 4288 1418 4340 rogamus:
1451 4280 1503 4324 et
1543 4281 1775 4324 mentem
1810 4281 2046 4323 nostram

2153 4273 2289 4344 πρὸς
2338 4275 2603 4343 μυστικὴν
2638 4273 2904 4342 μελῳδίαν
2949 4273 3042 4326 τοῦ
3081 4272 3541 4352 ῌνεύματος,·ῐνα
3569 4288 3712 4340 συμ-

504 4365 785 4432 splendore
811 4364 1111 4432 perfundis,
1146 4363 1463 4429 spiritaliter
1500 4362 1801 4414 informans
1828 4359 1892 4413 ad
1939 4374 2046 4426 my-

2162 4364 2359 4434 φωνοίη
2394 4363 2459 4416 τὰ
2493 4363 2597 4429 ἔξω
2640 4367 2750 4426 τοῖς
2774 4363 3003 4429 ἔνδοθεν,
3037 4363 3131 4416 καὶ
3174 4364 3234 4415 τὸ
3275 4362 3541 4434 μακάριον
3591 4361 3710 4432 ᾄδοι

505 4457 640 4511 stica
673 4457 890 4525 spiritus
920 4454 1229 4514 melodiam,
1258 4465 1316 4505 ut
1347 4453 1663 4506 exteriorem
1681 4461 1896 4506 cantum
1928 4467 2046 4505 cum

2159 4453 2297 4506 κατὰ
2325 4453 2386 4506 τὸ
2413 4455 2664 4524 κρυπτὸν
2691 4455 2784 4506 καὶ
2815 4453 3100 4523 νοούμενον
3144 4452 3395 4523 ἐμμελῶς
3438 4451 3714 4520 μουσούρο

507 4547 750 4601 interiori
783 4548 1100 4612 coniungat,
1156 4551 1208 4595 et
1238 4542 1608 4596 beatissimum
1638 4541 1806 4595 Deum
1839 4542 2046 4595 suavis-

2158 4556 2314 4610 γημα
2341 4542 2434 4593 καὶ
2466 4540 2787 4610 μελῴδημα,
2810 4542 2866 4594 ὲν
2892 4542 2988 4611 μὲν
3015 4541 3263 4611 τῷλτόπῳ
3291 4540 3385 4609 τῆς
3415 4542 3713 4608 παροικίας

505 4641 643 4692 simo
699 4650 860 4690 cantu
908 4635 1178 4688 collaudet
1219 4634 1512 4686 secundum
1570 4634 1838 4687 occultam
1892 4642 2046 4702 atque

2159 4633 2440 4695 είκονικῶς
2463 4650 2520 4686 τε
2549 4623 2645 4685 καὶ
2673 4633 2936 4699 τυπικῶς,
2967 4635 3025 4687 ὲν
3065 4633 3122 4687 δὲ
3160 4633 3237 4701 τῷ
3267 4632 3507 4702 μέλλοντι
3549 4631 3715 4684 αἰῶνι

506 4726 927 4782 intellectualem
965 4725 1226 4778 musicam
1265 4739 1326 4777 ac
1369 4725 1815 4788 modulationem,
1849 4723 1901 4776 in
1936 4724 2046 4777 loco

2160 4725 2359 4793 νοερῶς
2387 4726 2479 4778 καὶ
2509 4725 2852 4790 τελεστικῶς,
2884 4726 2941 4777 ἐν
2975 4725 3119 4794 αὐτῷ
3143 4725 3378 4794 Χριστῷ,
3419 4722 3497 4792 τῷ
3528 4738 3590 4773 σε
3631 4738 3717 4775 τι-

506 4820 724 4888 quidem
748 4817 1010 4870 incolatus
1037 4831 1128 4885 per
1154 4824 1336 4884 typum
1359 4824 1412 4868 et
1440 4815 1753 4883 imaginem,
1785 4815 1839 4868 in
1873 4814 2046 4867 futuro

2163 4815 2392 4885 μήσαντι
2421 4817 2512 4868 xui.
2530 4814 2803 4888 δοξάσαντι
2825 4817 2904 4878 είς
2927 4816 3050 4878 τοὺς
3072 4815 3290 4877 αίῶνας.
3334 4814 3524 4882 ’Δμήν.

509 4885 688 4961 autem
722 4904 1369 4960 saeculointcllectualiter
1438 4914 1599 4972 atque
1640 4918 1835 4960 arcane
1879 4903 1932 4957 in
1997 4903 2112 4972 ipso
2184 4901 2422 4968 Christo,
2466 4903 2559 4973 qui
2613 4912 2663 4958 te
2714 4885 2999 4959 honoravit
3044 4911 3096 4958 et
3145 4900 3462 4971 glorificavit
3500 4899 3557 4954 in
3607 4914 3716 4956 sa-

510 5002 650 5055 cula.
687 5001 854 5053 Amen
