3926 6308
201 370 310 436 981
1598 377 1751 436 MAR

1880 367 1960 436 .E.
2346 388 2348 390 '
2389 403 2392 406 ~
2642 428 2684 439 κ
3325 361 3430 423 982

201 486 401 539 tacitus
429 484 694 552 praeterire
747 500 955 537 omnmo
1007 468 1236 553 cogerer,
1273 486 1332 538 ob
1369 486 1689 555 singularem
1727 489 1803 540 tui
1843 488 2009 539 animi
2061 483 2393 547 modestiam,
2437 496 2552 550 quae
2601 479 2803 547 magnis
2845 475 2948 528 tuis
2999 473 3250 526 laudibus
3297 471 3432 523 hanc

201 572 478 640 adjunxit,
513 572 688 624 laudis
738 571 936 622 odium.
983 570 1206 638 Implere
1248 574 1385 625 enim
1428 573 1654 642 gloriose
1687 557 1889 643 satagis
1925 571 2175 640 inclytam
2209 571 2285 622 tui
2312 565 2638 639 cognominis
2674 562 2947 616 Odescalci
3002 559 3430 628 appellationem,

202 673 327 725 qua:
362 675 390 709 a
417 657 710 729 calcatione
739 657 982 720 odarum,
1020 657 1073 709 id
1087 647 1174 711 ’est
1210 658 1450 722 laudum,
1485 675 1584 710 non
1616 661 1898 728 incongrue
1925 660 2197 711 derivatur
2224 673 2240 710 :
2270 665 2422 722 atque
2446 652 2562 706 ideo
2590 651 2740 712 odas,
2769 648 2820 702 id
2847 657 2922 701 est
2954 645 3162 701 laudes.
3197 645 3433 712 quamvis

205 754 318 798 tua:
351 745 532 796 virtuti
567 745 778 797 omnino
806 744 1031 806 debitas,
1065 752 1219 812 atque
1248 763 1278 798 a
1311 746 1514 798 sincera
1546 746 1870 813 confessione
1902 744 2234 797 laudantium
2263 743 2353 794 tibi
2377 739 2662 801 exhibitas,
2693 750 2941 806 generoso
2967 731 3284 785 [turni/italis
3309 730 3438 795 pede

203 831 418 882 calcare
443 846 546 882 non
569 828 787 884 desinis.
822 827 1011 882 Omnia
1035 830 1195 898 igitur
1221 842 1325 882 tua:
1358 830 1627 884 modestia:
1655 832 1958 894 concedens,
1981 841 2028 883 et
2051 846 2134 886 ea.
2167 828 2354 897 quibus
2381 827 2444 880 de
2474 836 2521 878 te
2551 841 2691 877 meus
2720 823 2980 883 calamus,
3013 837 3044 871 a
3073 817 3186 870 sola
3221 817 3435 869 veritate

205 915 490 981 impulsus.
527 931 629 967 non
677 930 837 967 unam
886 916 1133 984 paginam
1182 927 1354 984 posset
1400 901 1624 977 ornare,
1663 919 1714 970 iu
1750 917 1937 970 intimo
1990 915 2174 968 mentis
2221 930 2445 972 recessu.
2495 911 2688 964 ibidem
2721 903 3061 964 teternatura.
3103 903 3382 956 recondens
3419 913 3438 951 :

205 1003 382 1055 solum
421 1004 550 1054 mihi
576 1013 679 1054 ate
704 1002 913 1054 concedi
943 1003 1091 1055 enixe
1121 1012 1258 1071 peto.
1304 1003 1529 1072 mihique
1562 1004 1704 1056 nullo
1739 1013 1891 1072 pacto
1941 1002 2186 1070 denegari
2234 999 2612 1053 ardentissime
2649 997 2917 1058 desidero,
2965 1008 3114 1061 posse
3149 990 3345 1043 scilicet
3382 988 3435 1039 in

205 1090 316 1158 ﬁne
347 1090 498 1158 hujus
523 1089 758 1157 epistola:
783 1089 903 1142 huic
935 1088 994 1144 S.
1022 1088 1237 1158 Iosephi
1273 1089 1672 1160 Hgmnographi
1698 1092 1840 1160 operi
1870 1091 2135 1151 Mariano,
2167 1106 2228 1142 ac
2257 1089 2355 1140 tibi
2390 1088 2549 1140 etiam
2579 1087 2702 1152 ipsi,
2733 1099 2797 1137 ex
2825 1081 3002 1136 cordis
3035 1081 3220 1132 intimo
3245 1077 3438 1129 saltent
3518 1143 3523 1148 ⁸

208 1179 435 1228 breviter
465 1176 750 1245 gratulari.
787 1176 1043 1230 Gratulor
1073 1179 1239 1246 igitur
1271 1178 1394 1232 huic
1423 1178 1590 1247 operi,
1629 1177 1874 1247 Princeps
1905 1176 2335 1235 eminentissime,
2367 1190 2426 1227 eo
2457 1171 2596 1241 quod
2640 1172 2693 1223 in
2747 1170 2925 1221 mundi
2959 1175 3289 1234 conspectum
3316 1178 3440 1230 pro:

208 1266 385 1326 diem,
419 1278 482 1316 ea:
505 1254 958 1330 providentissima
993 1264 1090 1317 Dei
1123 1265 1440 1333 benignitate
1466 1275 1514 1319 te
1540 1268 1786 1320 sortitum
1813 1268 1882 1318 sit
1925 1275 2230 1333 patronum,
2266 1277 2366 1330 quo
2394 1261 2450 1313 in
2485 1259 2726 1325 Deiparaz
2764 1255 2930 1316 cultu,
2962 1261 3009 1305 et
3044 1250 3246 1304 cceteris
3276 1247 3437 1300 efiam

207 1349 454 1401 omnibus
486 1349 910 1403 Christianarum
951 1352 1199 1403 virtutum
1226 1353 1572 1414 ornamentis,
1608 1355 1691 1406 vix
1728 1353 1978 1419 majorem
2009 1350 2374 1416 melioremque
2401 1356 2578 1412 optare
2611 1343 2862 1410 potuisset
2891 1357 2907 1394 :
2939 1349 2986 1391 et
3014 1335 3255 1406 gratulor
3276 1335 3437 1419 etiam

209 1437 330 1498 tibi,
359 1438 480 1506 quia
526 1434 721 1504 Ioseph
762 1453 903 1491 meus
934 1437 1012 1504 (ut
1040 1438 1254 1506 ﬁrmum
1293 1439 1434 1504 apud
1466 1455 1546 1491 me
1587 1440 1684 1508 est)
1720 1418 1866 1492 tuum
1897 1453 1991 1490 suo
2038 1436 2181 1504 operi
2215 1434 2504 1486 exhibitura
2547 1428 2828 1498 patrocinii
2880 1426 3149 1498 honorem.
3185 1428 3339 1490 grata
3370 1418 3438 1469 sit

209 1539 418 1590 semper
456 1525 725 1585 meritoria,
758 1533 804 1576 et
833 1524 1063 1577 sollicita
1110 1525 1247 1589 apud
1290 1525 1452 1579 Deum
1483 1507 2071 1593 precesprosecuturus
2098 1538 2115 1574 :
2148 1531 2303 1589 atque
2332 1516 2715 1588 augustissima
2761 1507 3012 1566 caelorum
3045 1508 3268 1578 Regina,
3308 1507 3437 1558 dum

206 1611 360 1676 operi
386 1610 520 1678 quod
547 1610 659 1676 ejus
686 1610 866 1663 laudes
899 1620 946 1663 et
973 1613 1206 1664 encomia
1234 1614 1483 1670 continet.
1508 1612 1845 1680 protectionis
1870 1622 1974 1664 tua:
1995 1610 2224 1678 favorem
2257 1608 2532 1676 impendis,
2568 1608 2662 1657 hoc
2695 1603 2872 1656 valida
2898 1601 3126 1654 vicissim
3154 1593 3437 1677 protectio-

208 1697 296 1748 nis
326 1712 432 1749 sua:
460 1713 582 1764 erga
615 1706 661 1749 te
683 1696 1017 1755 exhibitione,
1047 1708 1093 1750 et
1127 1699 1297 1767 dignis
1329 1715 1354 1750 e
1385 1699 1510 1751 caelo
1545 1697 1844 1752 muneribus
1877 1699 1944 1750 sit
1980 1698 2366 1766 aﬂluentissime
2394 1701 2781 1760 compensaturt

295 1783 422 1836 Vale
452 1785 659 1836 interim
688 1783 896 1851 publica
918 1786 1046 1838 bono
1073 1802 1275 1852 magna:
1298 1786 1388 1838 Dei
1421 1786 1610 1838 Matris
1637 1786 1795 1838 cliens
1819 1785 2204 1846 amantissime,
2243 1795 2288 1837 et
2317 1795 2396 1834 me
2418 1780 2676 1850 [amulum
2699 1775 3216 1850 tibideditissimum,
3248 1780 3440 1823 totam-

204 1887 308 1940 que
337 1875 787 1942 congregationem
819 1888 1007 1934 meam,
1038 1874 1143 1924 tuis
1182 1873 1438 1942 obsequiis
1479 1860 1926 1928 addictissimam.
1961 1871 2120 1923 solita
2151 1869 2474 1935 benignitate
2507 1880 2838 1942 prosequere.

284 1956 486 2018 Ranae.
524 1941 587 2011 ex
615 1959 810 2011 uadibus
845 1958 900 2012 S.
937 1957 1122 2011 Maria:
1149 1959 1204 2012 in
1231 1941 1565 2027 Campitello,
1600 1975 1737 2011 anno
1768 1959 1958 2011 salutis
2003 1957 2160 2016 1.(361,
2189 1957 2273 2009 die
2298 1958 2328 2008 6
2353 1952 2628 2005 Januarii.
2762 1941 2768 1949 ’

1553 2213 2102 2302 LECTORI.

289 2367 484 2424 Pauca,
520 2366 692 2419 amice
741 2364 950 2426 Lector,
983 2367 1048 2418 de
1079 2377 1299 2419 auctore
1329 2365 1492 2434 hujus
1541 2364 1741 2432 cperis.
1777 2379 1839 2417 ac
1870 2364 1936 2415 de
1975 2378 2136 2430 opere
2167 2363 2283 2431 ipso
2336 2372 2513 2414 tecum
2557 2357 2845 2428 praefabor,
2901 2357 3090 2410 audire
3117 2356 3160 2410 si
3195 2354 3430 2409 libuerit.

211 2452 350 2516 Quis
375 2468 438 2504 ac
463 2463 698 2520 «mantus
729 2451 890 2503 fuerit
916 2451 970 2506 S.
1009 2449 1276 2519 Juscp'hus
1326 2451 1799 2521 llymuOgraphus,
1846 2450 2004 2516 cujus
2053 2449 2291 2501 Mariana
2326 2456 2679 2502 monumenta
2726 2459 2872 2498 nunc
2919 2448 3095 2508 primo
3139 2442 3430 2511 spectanda

211 2540 327 2592 tuis
351 2539 522 2591 oculis
561 2537 780 2605 obiicio,
814 2552 876 2589 ex
907 2538 973 2590 iis
999 2554 1118 2605 qua:
1157 2539 1223 2590 de
1253 2539 1372 2607 ipso
1407 2537 1760 2605 inpriucipio
1795 2537 1956 2603 hujus
1985 2536 2168 2604 operis
2220 2549 2433 2604 appono
2461 2537 2551 2603 (ne
2585 2535 2638 2586 in
2682 2533 2785 2587 hoc
2818 2532 3096 2586 vestibulo
3136 2541 3186 2583 te
3213 2530 3430 2599 longius

213 2626 419 2690 niorer)
448 2625 571 2686 erit,
599 2635 658 2676 ut
691 2639 869 2692 spero,
905 2624 996 2676 tibi
1031 2625 1161 2677 satis
1193 2638 1463 2692 superque
1513 2622 1881 2678 manifestum.
1914 2622 2134 2692 Iosephi
2187 2622 2328 2685 Vita,
2375 2639 2472 2693 per
2502 2621 2768 2676 Joannem
2809 2620 3014 2689 Magnas
3052 2619 3140 2673 Dei
3177 2617 3432 2672 Ecclesia:

212 2711 832 2777 (lanistantinopolitame
866 2711 1150 2764 diaconum
1191 2725 1254 2762 ac
1282 2719 1551 2763 oratorem
1603 2712 1921 2780 composita,
1959 2726 2118 2777 quam
2152 2710 2407 2774 exhibeo,
2434 2715 2612 2762 exstat
2646 2707 2835 2760 Graece
2872 2721 2976 2759 ms.
3011 2705 3063 2757 in
3108 2703 3430 2772 perantiquo

213 2797 406 2851 codice
437 2797 785 2865 ampli~simae
829 2797 1166 2850 bibliothecae
1196 2795 1492 2859 Vaticana',
1525 2807 1578 2849 et
1603 2796 1726 2850 inde
1759 2807 2034 2866 excerpta,
2072 2813 2165 2866 per
2198 2794 2258 2850 P.
2289 2794 2630 2849 Ludovicum
2669 2793 3054 2856 Marraccium,
3090 2806 3267 2845 meum
3295 2804 3427 2840 cou—

212 2885 497 2952 junctione
524 2885 826 2952 sanguinis,
862 2898 925 2937 ac
969 2883 1246 2951 religionis
1285 2883 1646 2951 professione,
1680 2883 1901 2938 fratrem
1933 2897 2252 2952 germanum
2297 2880 2484 2935 Latine
2517 2879 2725 2932 reddita
2769 2886 2870 2931 est.
2921 2875 3110 2931 Exstat
3149 2875 3336 2928 cadent
3375 2874 3426 2925 in

212 2971 407 3024 Gnrco
436 2985 537 3023 ms.
565 2971 748 3023 codice
783 2969 1095 3023 mooastcrii
1127 2967 1184 3021 S.
1216 2967 1515 3034 Salvatoris
1545 2969 1687 3039 apud
1737 2968 2061 3031 Messanam,
2095 2977 2258 3037 atque
2284 2982 2311 3019 a
2340 2965 2500 3020 Patre
2544 2965 2849 3035 Augustino
2883 2963 3108 3016 Floritio
3136 2963 3262 3015 Sec.
3298 2958 3427 3013 Jesu

217 3058 274 3109 in
309 3056 559 3109 Latinum
602 3056 886 3118 translata,
915 3056 1057 3117 edita
1091 3063 1173 3108 est
1209 3054 1483 3119 Panormi,
1524 3056 1791 3125 superiori
1822 3071 1964 3110 anno
2001 3054 2166 3119 1657,
2200 3069 2304 3108 una
2339 3068 2463 3106 cum
2500 3063 2648 3107 tomo
2700 3050 2939 3106 secundo
2969 3050 3152 3118 aperis
3184 3047 3255 3101 De
3295 3047 3428 3100 Vitis

216 3141 323 3198 SS.
366 3142 668 3196 Siculorum
705 3144 762 3194 Ρ.
801 3142 1006 3196 Octavii
1060 3142 1303 3210 Caietaui
1356 3143 1600 3212 ejusdem
1656 3143 1959 3199 Societatis.
2003 3142 2122 3197 Vita
2167 3141 2410 3212 Iosephi,
2461 3158 2623 3212 quam
2655 3157 2720 3195 ex
2757 3141 2975 3195 Menaeis
3039 3140 3299 3208 produco,
3334 3153 3428 3208 per

211 3231 466 3284 eumdem
495 3228 555 3283 P.
591 3229 919 3283 Ludovicum
949 3228 1300 3282 Mari-accitum
1331 3240 1410 3283 cst
1441 3229 1597 3285 Latio
1628 3232 1772 3296 illata
1811 3231 1906 3302 (a).
2169 3274 2174 3277 .

291 3315 364 3369 De
389 3330 552 3384 opere
583 3325 761 3370 autem
795 3317 914 3384 ipso
947 3316 1073 3384 quid
1105 3316 1327 3368 dicam?
1365 3317 1494 3372 Dico
1526 3317 1656 3371 illud
1680 3333 1753 3395 ex
1783 3317 2019 3380 Menaeis,
2052 3334 2113 3372 ex
2145 3317 2463 3384 Horologio,
2501 3332 2564 3369 ex
2593 3314 2950 3378 Paraclctii-o,
2982 3329 3045 3368 ex
3087 3311 3328 3373 Triodio,
3360 3327 3428 3366 ex

215 3401 644 3464 Pentecostario.
678 3420 740 3458 ex
781 3405 1000 3466 Rituali,
1035 3404 1260 3474 aliisque
1288 3404 1605 3460 Graecorum
1643 3405 2035 3466 voluminibus,
2070 3405 2124 3456 in
2158 3406 2356 3473 Quibus
2384 3402 2606 3471 Iosephi
2657 3402 2907 3456 Canones
2939 3402 3065 3454 hinc
3103 3399 3224 3452 inde
3251 3401 3425 3466 sparsi

217 3492 589 3561 reperiuntur,
624 3491 787 3545 fuisse
809 3493 1090 3546 eullectum
1127 3509 1141 3544 :
1174 3501 1226 3545 et
1252 3491 1362 3546 fere
1392 3501 1561 3546 totum
1589 3494 1775 3547 studio.
1802 3509 1866 3548 ac
1897 3492 2175 3559 diligentia
2196 3490 2307 3559 jam
2341 3490 2468 3543 dicti
2497 3488 2556 3542 P.
2592 3487 2857 3544 Ludovici
2889 3487 3152 3540 Marracci
3177 3501 3208 3540 e
3236 3483 3426 3538 Graeco

219 3579 274 3632 in
307 3575 557 3631 Latinum
589 3593 892 3632 sermonem
924 3579 1091 3632 fuisse
1120 3581 1462 3632 translatum.
1494 3579 1623 3633 Dico
1648 3588 1771 3634 e5se
1804 3589 1974 3632 totum
2011 3594 2264 3649 aureum,
2302 3588 2476 3632 totum
2527 3592 2858 3647 gemmeum.
2889 3584 3083 3650 _totum
3112 3589 3175 3628 ex
3210 3575 3426 3642 pietatis

216 3668 502 3726 saccbaro.
530 3681 593 3720 ac
622 3667 924 3721 devotionis
957 3667 1110 3720 melle
1139 3677 1504 3735 compactum.
1537 3683 1600 3720 ex
1633 3683 1764 3735 quo,
1796 3682 1962 3735 quam
1994 3665 2322 3720 alfcduosus
2362 3664 2529 3718 fuerit
2569 3663 2813 3718 auctoris
2855 3663 2908 3718 in
2942 3661 3164 3715 Mariam
3210 3662 3423 3732 genius,
3468 3672 3476 3681 '

217 3762 384 3815 quam
432 3748 750 3816 ingeniosus
796 3747 1040 3811 allectus,
1067 3757 1120 3801 et
1157 3764 1319 3817 quam
1369 3765 1537 3816 purus
1570 3765 1634 3803 ac
1665 3749 1880 3806 fervens
1928 3768 2082 3806 amor
2133 3752 2568 3806 luculentissima
2599 3751 2796 3804 elucet.
2850 3749 2980 3803 Dico
3023 3764 3146 3804 esse
3177 3749 3422 3804 omnium

218 3848 434 3903 semper
469 3835 827 3888 immaculata:
858 3834 1098 3904 Virginis
1128 3835 1497 3889 studiosorum
1533 3837 1786 3889 manibus
1823 3837 2130 3900 terendum,
2163 3837 2498 3905 iudiciisque
2539 3836 2903 3904 probandum,
2936 3849 3059 3888 cum
3088 3834 3143 3887 in
3178 3833 3422 3886 omnium

215 3923 417 3978 animis
465 3923 714 3992 pietatem
760 3939 881 3993 erga
929 3935 1144 3994 semper
1180 3933 1235 3977 et
1276 3925 1532 3978 omnibus
1579 3925 1756 3978 modis
1798 3924 2358 3978 immaculatissimam
2411 3922 2688 3995 Virginem
2730 3923 3033 3991 Deiparam,
3090 3937 3194 3976 non
3247 3923 3421 3976 solum

218 4005 407 4064 fovere
441 4011 533 4063 sed
568 4024 764 4079 augere
791 4025 896 4063 non
928 4025 1117 4078 parum
1156 4011 1362 4075 valeat;
1393 4026 1516 4068 cum
1550 4012 1670 4064 duri
1716 4027 1943 4080 prorsus
1972 4027 2034 4065 ac
2066 4012 2258 4081 lapidei
2291 4012 2478 4068 cordis
2509 4012 2602 4076 sit,
2634 4013 2725 4080 qui
2767 4027 2831 4065 eo
2863 4012 3003 4066 lecto
3036 4026 3142 4064 non
3173 4010 3421 4063 emollia-

218 4105 329 4159 tur,
355 4105 408 4149 et
429 4095 496 4148 ad
525 4095 767 4166 Magnam
799 4093 893 4149 Dei
921 4095 1140 4149 Matrem
1167 4097 1445 4151 ardentius
1469 4098 1758 4150 amandum
1791 4114 1898 4151 non
1930 4099 2217 4153 excitetur.
2251 4099 2381 4152 Dico
2407 4113 2531 4153 esse
2559 4098 2892 4153 ditissimum
2931 4096 3417 4166 Gazophylacium,

219 4180 518 4234 innumeris
568 4180 929 4235 Marianarum
983 4181 1203 4235 laudum
1254 4193 1307 4234 et
1346 4185 1737 4251 przeconiorum
1786 4186 2008 4239 talentis
2063 4185 2484 4240 refertissimum
2531 4183 2977 4255 :pretiossimam
3037 4182 3416 4236 Aurifodinam

216 4267 391 4320 sacris
424 4266 661 4335 Deipara:
689 4283 787 4336 pro
815 4269 1076 4322 concione
1110 4270 1568 4324 declamatoribus
1601 4273 1821 4326 uberem
1852 4273 2196 4340 virginalium
2235 4273 2611 4327 eucomiorum
2649 4272 2933 4325 materiam
2971 4270 3370 4323 ministrantem
3403 4289 3416 4324 :

216 4361 381 4419 atque
417 4353 885 4422 incomparabilem
939 4353 1280 4409 Thesaurum
1303 4399 1318 4420 ,
1355 4372 1461 4410 non
1493 4374 1555 4412 ex
1592 4373 1783 4426 magna
1817 4359 1934 4411 auri
1981 4360 2060 4419 vel
2094 4359 2303 4426 argenti
2353 4360 2426 4423 vi,
2479 4373 2774 4427 rerumque
2829 4357 3198 4426 pretiosarum
3236 4357 3414 4425 copia.

215 4440 311 4490 sed
343 4454 407 4492 ex
445 4439 635 4507 amplis
663 4442 998 4508 summisque
1033 4441 1270 4508 Deipara:
1299 4442 1532 4513 Virginis
1567 4445 1763 4513 opibus
1796 4444 2206 4498 amuentissime
2239 4452 2578 4514 congestum.
2615 4443 2691 4499 De
2722 4458 2830 4512 quo
2859 4444 3077 4512 quidem
3112 4447 3417 4512 opowjure

218 4523 414 4577 merito
441 4524 494 4576 in
528 4525 948 4594 ipsius‘Josephi
982 4525 1096 4578 Vita
1127 4525 1364 4582 Joannes
1398 4527 1602 4601 Magna:
1630 4529 1721 4583 Dei
1753 4531 1997 4584 ecclesiae
2036 4532 2301 4585 diaconus
2333 4543 2384 4584 et
2414 4542 2599 4584 orator
2630 4531 2682 4584 in
2714 4531 2860 4584 hunc
2901 4531 3118 4582 modum
3153 4532 3368 4598 seripsit
3399 4573 3409 4583 .

202 4608 316 4661 'Est
342 4611 597 4677 quispiam
644 4612 864 4679 rigidus,
893 4628 955 4664 ac
991 4613 1175 4677 durus,
1212 4623 1364 4680 atque
1397 4615 1464 4666 ad
1501 4615 1761 4684 lacrgmas
1806 4615 2146 4683 effundendus
2178 4616 2425 4684 ineptus!
2467 4617 2819 4671 Suavissimas
2853 4616 3102 4669 melodias
3127 4633 3159 4668 a
3185 4615 3411 4685 Josepho

213 4697 438 4760 scriptas
464 4698 518 4748 in
555 4696 813 4766 Virginem
839 4716 900 4751 ac
931 4698 1021 4752 Dei
1048 4699 1283 4763 Matrem,
1319 4717 1434 4768 quae
1476 4701 1814 4769 ineﬂ'abiliter
1861 4699 2082 4755 Verbum
2120 4706 2372 4772 concepit,
2426 4706 2638 4757 assidue
2687 4705 2877 4771 legens,
2901 4713 2949 4756 et
2990 4702 3296 4767 decantatis,
3328 4704 3410 4756 la-

216 4796 512 4848 crgmaram
547 4784 716 4834 maria
765 4783 931 4850 plenis
961 4786 1121 4837 oculis
1151 4786 1397 4852 effundet,
1428 4797 1475 4839 et
1517 4795 1684 4840 mente
1716 4786 1937 4855 collique
1982 4787 2152 4853 factus
2185 4791 2530 4842 immateriali
2568 4806 2723 4842 sensu
2758 4789 3123 4857 spiritualibus
3157 4806 3406 4856 compun-

217 4866 407 4917 ctionis
433 4866 631 4920 deliciis
665 4868 978 4934 perfruetur.
1016 4867 1111 4922 Ha:
1133 4879 1306 4922 autem
1336 4871 1571 4925 melodis:
1601 4881 1855 4927 sexcenti:
1882 4883 2023 4933 sunt.
2059 4889 2174 4941 quae
2201 4874 2264 4927 ab
2290 4891 2347 4927 eo
2374 4877 2533 4927 variis
2560 4875 3060 4928 commutationibus
3085 4885 3136 4928 et
3160 4891 3406 4927 sonorum

217 4952 617 5018 concisionibus,
647 4954 903 5028 variisque
928 4953 1283 5022 rhythmorum
1312 4956 1621 5022 di/Terentiis
1654 4959 1978 5027 compositas,
2006 4959 2334 5014 dulcedinem
2362 4963 2751 5029 quodammado
2785 4970 2940 5030 atque
2986 4963 3198 5016 odorem
3231 4964 3404 5013 suavi-
3458 4967 3461 4970 ’

219 5036 347 5087 tatis
393 5039 762 5092 aromatizant.
801 5036 890 5092 Sic
922 5038 1030 5091 ille.
1076 5040 1255 5101 Certe,
1304 5042 1474 5095 amice
1523 5042 1731 5106 Lector,
1763 5046 1808 5099 si
1855 5048 1920 5100 ad
1961 5062 2024 5101 ea
2061 5063 2181 5115 quze
2208 5064 2237 5101 a
2273 5048 2329 5102 S.
2368 5047 2607 5116 Jostho
2641 5049 3063 5118 llymnographo
3096 5053 3188 5103 tibi
3219 5051 3270 5101 in
3303 5050 3404 5101 hoc

214 5133 381 5187 ορετθ
409 5121 752 5185 inhibentur.
783 5121 1000 5192 legenda
1035 5123 1273 5177 animum
1311 5127 1606 5195 oculosque
1657 5131 1902 5197 adjicies,
1938 5143 2119 5187 certus
2149 5137 2372 5189 omnino
2412 5151 2529 5188 sum
2579 5139 2644 5188 de
2677 5147 2766 5190 tua
2803 5148 2924 5204 post
2957 5140 3294 5206 degustatum
3330 5137 3402 5190 ibi

219 5208 470 5260 latentem
509 5209 845 5261 dulcedinem
881 5210 933 5263 in
971 5210 1195 5277 legendo
1249 5216 1668 5279 perseverantia,
1723 5233 1822 5272 nec
1855 5219 2043 5272 dubito
2089 5227 2140 5272 te
2193 5221 2498 5282 hujusmodi
2555 5221 2786 5275 lectione
2817 5225 2869 5275 in
2903 5224 3048 5278 cultu
3107 5237 3402 5288 amoreque

223 5291 458 5362 Virginis
497 5295 892 5362 augustissima:
922 5295 1257 5365 Deipareutis
1288 5299 1528 5365 pristinae
1559 5302 1771 5369 pietatis
1800 5305 2156 5372 magnitudini
2194 5321 2405 5368 semper
2438 5308 2640 5376 aliquid
2683 5310 3016 5362 additurum.
3053 5309 3271 5360 Interim
3306 5325 3400 5376 pro

217 5378 321 5433 hoc
357 5378 414 5432 S.
449 5376 666 5448 Iosephi
694 5395 877 5449 opere,
910 5382 1051 5449 quod
1084 5382 1176 5436 tibi
1207 5382 1258 5436 in
1292 5385 1574 5450 praesentia
1602 5387 1852 5452 exhibeo,
1882 5399 1935 5443 et
1970 5405 2064 5458 pro
2089 5391 2210 5444 aliis
2242 5394 2404 5445 etiam
2443 5393 2536 5447 SS.
2576 5395 2796 5448 Patrum
2825 5397 2876 5448 in
2911 5395 3118 5446 laudem
3157 5391 3397 5460 Deipam:

217 5461 456 5533 Virginis
495 5467 924 5535 prmclarissimis
955 5471 1336 5533 monumentis,
1364 5477 1501 5538 quae,
1529 5472 1575 5526 si
1599 5472 1742 5528 Deus
1771 5473 1936 5527 vitam
1964 5477 2126 5535 vires,
2158 5485 2318 5544 atque
2352 5480 2518 5530 otium
2554 5480 2682 5534 dare
2710 5489 2916 5549 pergat,
2952 5477 3044 5530 tibi
3071 5480 3395 5544 quantocius

215 5552 556 5606 esbibiturus
581 5567 720 5616 sum,
748 5564 1070 5622 precestuas
1095 5553 1234 5624 apud
1259 5555 1424 5611 Deum
1452 5565 1503 5612 et
1527 5560 1926 5615 sanctissimam
1955 5561 2071 5629 ejus
2101 5561 2382 5616 Pat'cutem
2406 5561 2678 5633 Virginem
2705 5565 2944 5624 Mariam,
2974 5563 3392 5628 modestissime,

217 5637 306 5690 sed
347 5637 738 5691 instantissime
767 5639 1004 5707 requiro.
1039 5638 1182 5694 Vale.

286 5748 362 5812 (τι)
394 5745 521 5799 Vide
547 5759 708 5812 δίψη
738 5745 836 5800 col.
875 5748 998 5804 95!.
