3926 6308
189 230 332 295 955

1618 235 1982 297 MARIALE.
2043 193 2049 198 ’

3347 231 3452 297 936

195 343 463 404 καθίσας
532 343 695 410 σαρκὶ
755 344 783 396 ὁ
817 341 1138 414 ὑπερούσιος
1186 343 1311 406 τοὺς
1343 343 1684 413 καθημένους
1713 347 1773 422 [ex

1899 348 2061 403 simus
2111 353 2215 409 est,
2249 358 2281 399 o
2309 341 2502 413 Virgo;
2531 339 2583 394 in
2612 354 2720 410 quo
2781 338 2868 392 ille
2907 336 3100 394 sedens
3141 341 3445 395 secundum

194 434 412 486 σκότει
438 434 729 500 ἀπωλείας,
761 435 972 504 ἐγερεῖς
1011 435 1149 504 πρὸς
1186 433 1437 502 γνώσεως
1482 435 1597 504 φῶς
1654 437 1789 505 ἀγα-

193 519 434 591 οότητι.
784 589 790 594 ἡ
849 586 856 590 _

899 631 1016 703 ᾮδὴ
1036 658 1037 661 γ
1057 629 1124 700 7'-

313 743 470 815 Ἦγῆ
503 747 536 815 ή
579 745 930 816 κατάκαρπος
972 748 1036 800 ὲκ
1083 746 1184 814 γῆς
1209 746 1460 816 ἀκάρπου
1506 751 1784 816 γεννᾶται,

192 837 353 911 ἥτις
380 841 774 909 καρπογονήσει
829 838 919 900 τὸν
960 839 1205 908 γεωργὸν
1254 839 1362 892 τῶν
1412 841 1649 909 ἀγαθῶν,
1692 842 1788 895 καὶ

147 962 150 966 ι
197 926 513 1000 ζωηφόρον
551 931 787 1000 ἄσταχυν
812 931 902 984 τὸν
939 931 1208 1001 τρέφοντα
1238 933 1446 996 πάντας
1490 933 1632 1004 θείῳν
1668 933 1787 987 νεύ-

199 1034 386 1087 κατι.

295 1113 543 1183 Σήμερον
573 1113 869 1184 ἐϐλάστησε
917 1115 1014 1185 τῆς
1056 1116 1414 1188 παρθενίαςή
1465 1119 1678 1190 ῥάϐδος,
1725 1121 1784 1188 ἐξ

199 1195 292 1270 ἧς
317 1202 539 1274 ἀνθήσει
564 1203 721 1267 ἄνθος
748 1206 774 1258 ό
803 1206 1102 1275 φυτουργὸς
1130 1209 1162 1276 ή
1172 1208 1284 1277 μῶν
1306 1209 1457 1273 Θεὸς,
1481 1212 1548 1263 τὰ
1570 1212 1780 1283 πονηρά

201 1291 579 1362 βλαστήματα
600 1293 916 1363 ἀποτέμνων
945 1296 1090 1366 ἄκρᾳ
1108 1298 1430 1367 ’άγαθότητμ

133 1381 142 1387 ’
309 1383 402 1436 ’ἰδὲ
419 1384 478 1437 τὸ
497 1384 787 1449 ἀλάξευτον
806 1387 930 1454 ὅρος
947 1389 1012 1440 ὲκ
1041 1389 1245 1457 πέτρας
1272 1390 1465 1455 ἁγόνου
1487 1391 1782 1460 άποτεχθὲν

198 1473 318 1526 τὸν
342 1473 484 1528 λίθον
505 1472 832 1546 καρπογονεῖ
856 1479 1062 1548 νοητὸν,
1091 1479 1149 1542 ὃς
1173 1481 1464 1552 συντριϐὴν
1486 1484 1782 1552 ἐργάσεται

201 1565 334 1617 τῶν
363 1565 565 1632 ξοάνων
593 1567 809 1622 πάντων
832 1569 926 1623 τοῦ
954 1564 1270 1642 ἀλάστοροςζ

295 1735 477 1808 Νόμου
502 1741 939 1812 προχαράγματά
965 1761 1034 1811 σε,
1055 1738 1452 1816 προεδήλωσαν,
1485 1748 1662 1818 Κόρη’
1693 1749 1784 1802 τὸν

205 1826 535 1900 Νομοδότην
568 1834 629 1884 σὺ
661 1832 769 1903 γὰρ
798 1834 1044 1904 νομίμων
1072 1836 1192 1905 δίχα
1236 1837 1294 1889 ἐν
1334 1839 1530 1908 γαστρὶ
1582 1856 1778 1908 κυοφοο

209 1920 362 1989 ρεῖς,
397 1921 664 1991 τηροῦντά
688 1939 744 1975 σε
768 1924 908 1994 ὑπὲρ
939 1924 1093 1994 λόγον
1118 1926 1373 1997 ἄφθορον,
1411 1927 1693 1998 ἀμίαντον.

689 2245 707 2254 -
898 2187 1015 2258 ᾮδῆ
1044 2187 1105 2241 δ’·

313 2297 615 2368 ’Υπερτὲρα
648 2297 756 2351 τῶν
790 2300 1033 2367 ἀγγέλων
1062 2300 1152 2353 ἐπὶ
1199 2300 1303 2369 γῆς
1354 2300 1488 2372 κόρη
1519 2303 1780 2369 τίκτεται,

213 2388 287 2440 ἑν
319 2389 590 2460 ἁγιωσύνῃ
638 2385 770 2444 οὖσα
809 2393 902 2444 καὶ
953 2392 1217 2462 καθάρσει
1251 2392 1605 2464 ἀσύγκριτος,
1661 2396 1784 2464 ἥτις

211 2479 328 2549 τὴν
356 2481 621 2550 κάθαρσιν
677 2484 892 2536 πάντων
936 2485 1166 2555 Χριστὸν
1204 2485 1440 2552 τέξεται,
1497 2488 1780 2558 ἀγιότητα,

216 2567 324 2622 κεί).
363 2570 598 2641 παντελῆ
631 2572 1025 2641 ἀπολύτρωσιν.
1700 2594 1704 2599 ·

298 2659 556 2730 Μακαρία
609 2663 641 2731 ή
689 2662 863 2715 κοιλία
898 2665 930 2734 ή
962 2663 1059 2732 τῆς
1100 2665 1296 2736 Ἀννης
1324 2658 1649 2736 γεγένηται·
1687 2667 1784 2739 τὴν

219 2749 338 2816 γὰρ
365 2751 421 2802 ὲν
469 2751 645 2821 κοιλία
702 2752 997 2819 μέλλουσαν
1030 2758 1222 2823 χωρεῖν
1261 2756 1350 2808 τὸν
1389 2755 1657 2826 μακάριον
1692 2758 1784 2810 καὶ

225 2838 309 2910 μὴ
373 2841 716 2911 χωρούμενον
775 2845 945 2911 Λόγον
991 2845 1378 2914 ἀπεγέννησεν,
1428 2847 1783 2917 άναγέννησιν

224 2930 367 2982 πᾶσι
402 2933 610 3004 πιστοῖς
639 2932 1031 3002 παρεχόμενον.

1892 451 2108 491 carnem
2148 435 2198 502 2
2237 447 2333 488 eos
2380 431 2473 500 qui
2517 431 2569 483 in
2622 429 2941 500 perditionis
2993 431 3232 485 tenebris
3261 431 3454 487 sedent

1890 526 2145 580 excitabit
2164 524 2230 577 ad
2252 524 2427 579 lucem
2449 522 2687 577 scientia:
2714 530 2930 590 propter
2951 521 3248 575 bonitatem
3271 537 3446 576 suam.

2558 632 2668 688 Ode
2695 632 2727 685 5

1943 750 2076 806 Mira
2107 750 2430 818 fecunditate
2473 746 2696 816 praedita
2745 755 2887 799 terra
2931 761 2994 800 ex
3021 756 3159 800 terra
3208 746 3450 801 nascitur

1887 840 2206 906 infecunda;
2237 848 2297 892 et-
2316 836 2763 891 fecundissimum
2802 833 3041 888 fructum
3069 836 3270 903 gignat,
3305 835 3449 901 agri-

1887 933 2060 987 colam
2084 931 2290 984 scilicet
2319 929 2619 991 bonorum;
2651 933 2706 979 et
2737 925 2941 992 spicam
2971 926 3095 978 vitae
3142 925 3446 978 allatricent

1885 1038 2009 1092 qua:
2026 1022 2199 1076 nutrit
2232 1035 2422 1075 omnes
2449 1019 2628 1072 divina
2654 1016 2954 1070 voluntate.

1955 1111 2243 1166 Pullulavit
2261 1108 2417 1164 hodie
2437 1109 2583 1176 virga
2599 1105 2943 1176 virginitatis,
2961 1122 3026 1161 ex
3056 1122 3160 1176 qua
3183 1108 3281 1162 llos
3298 1110 3447 1164 emit.

1885 1203 2024 1258 rebit
2056 1210 2205 1256 sator
2225 1211 2409 1255 noster
2436 1198 2600 1261 Deus,
2631 1198 2723 1266 qui
2750 1198 2889 1251 mala
2919 1198 3163 1266 germina
3193 1202 3450 1257 rescindit

1883 1301 2102 1363 propter
2131 1303 2396 1346 summam
2429 1288 2727 1342 bonitatem
2759 1302 2937 1340 suam.

1957 1380 2086 1436 Vide
2132 1379 2401 1450 quomodo
2457 1394 2614 1437 mons
2648 1394 2678 1432 a
2733 1378 2964 1448 lapicida
3022 1378 3277 1447 intactus,
3311 1392 3364 1436 ct
3417 1398 3449 1438 a

1884 1483 2034 1546 petra
2089 1469 2260 1527 sterili
2332 1479 2529 1536 natus,
2578 1470 2996 1536 intellectualem
3051 1474 3279 1544 lapidem
3332 1472 3449 1527 fru-

1886 1562 2109 1627 ctillcat,
2135 1560 2227 1630 qtti
2257 1561 2510 1614 universa
2542 1560 2919 1629 superbissimi
2955 1565 3127 1620 hostis
3157 1564 3447 1620 simulacra

1884 1652 2210 1721 confringet.

1957 1743 2356 1813 Expresserunt
2407 1750 2458 1797 te
2503 1753 2628 1798 ante
2689 1745 2824 1815 legis
2873 1746 3319 1816 praesignationes
3357 1785 3372 1809 ,
3415 1760 3448 1799 α

1885 1833 2066 1888 Puella
2096 1851 2109 1887 :
2139 1832 2336 1887 etenim
2363 1839 2554 1902 prater
2587 1845 2902 1887 consuetum
2927 1850 3131 1888 moreut
3155 1832 3449 1904 Legislato-

1886 1937 1998 1976 rem
2025 1922 2077 1975 in
2109 1931 2265 1975 utero
2293 1930 2621 1989 conceptum
2656 1932 2860 1990 geStas,
2891 1923 2981 1989 qui
3015 1932 3066 1976 te
3088 1938 3250 1991 supra
3280 1922 3448 1975 ratio-

1887 2014 1970 2067 nis
1997 2022 2232 2081 captum,
2259 2013 2630 2082 incorruptam
2661 2023 2826 2084 atque
2877 2013 3280 2068 immaculatatn
3312 2028 3449 2068 con.-

1885 2113 2090 2159 servat.

2573 2190 2685 2246 Ode
2713 2191 2767 2246 ι.
2791 2198 2801 2208 ‘

1955 2299 2135 2370 Longe
2169 2301 2373 2370 angelis
2403 2301 2690 2356 sublimior
2716 2303 2892 2372 puella
2923 2303 3164 2358 nascitur
3191 2303 3243 2356 in
3272 2313 3446 2370 terra;

1885 2406 2006 2460 quae
2049 2392 2107 2444 in
2153 2394 2443 2446 sanctitate
2493 2401 2546 2446 et
2598 2392 2832 2462 puritate
2863 2401 2944 2447 est
2983 2393 3448 2463 incomparabilis,

1885 2489 1936 2534 et
1969 2496 2090 2549 quat
2137 2481 2410 2536 Christum
2471 2482 2682 2550 pariet,
2736 2473 2985 2536 omniurn
3027 2482 3444 2552 purgationem,

1884 2572 2386 2644 sanctilicationem,
2411 2583 2466 2626 et
2499 2572 2786 2641 perfectam
2819 2573 3266 2642 redemptionem.

1955 2660 2134 2716 Laetus
2160 2677 2223 2716 ac
2240 2662 2429 2717 beatus
2453 2663 2621 2716 Annae
2645 2672 2832 2717 uterus
2859 2661 3082 2717 effectus
3100 2672 3213 2728 est;
3243 2663 3445 2718 etenim
3538 2694 3541 2697 »

1885 2756 2027 2809 illam
2051 2740 2502 2823 generavit,qu
2540 2752 2769 2806 Verbutn
2800 2752 3040 2817 beatum,
3071 2753 3214 2822 quod
3245 2767 3275 2806 a
3302 2753 3449 2806 nulla

1884 2863 1942 2902 re
1973 2847 2089 2915 capi
2123 2854 2316 2914 potest,
2357 2853 2519 2914 atque
2571 2844 2826 2898 omnibus
2861 2843 3108 2899 fidelibus
3147 2858 3439 2914 regebam-

1884 2936 2084 2990 tionem
2126 2933 2419 3003 praestabit,
2447 2932 2499 2985 in
2527 2941 2679 2985 utero
2713 2947 2812 2985 suo
2838 2931 3159 2986 continebit.

297 3019 414 3071 Νῦν
448 3022 475 3072 ό
512 3019 671 3087 ζόφος
709 3020 807 3088 τῆς
835 3023 1032 3085 κακίας
1062 3023 1412 3092 ὲκμειοῦσθαι
1439 3025 1773 3096 ἀπάρχεται·

1953 3025 2082 3079 Atra
2111 3024 2324 3078 malitia:
2340 3025 2510 3091 caligo
2530 3037 2672 3076 nunc
2690 3022 2878 3089 incipit
2898 3020 3145 3074 imminui
3167 3037 3181 3085 ;
3207 3022 3444 3076 animata

221 3109 259 3178 ή
285 3109 397 3180 γὰρ
421 3109 514 3164 τοῦ
532 3111 680 3180 ήλίου
709 3111 947 3184 ἔμψυχος
993 3115 1188 3182 νεφέλη
1214 3115 1449 3168 ἀνέτειλε
1502 3134 1782 3187 στειρωτι-

225 3199 343 3252 κῶν
369 3201 434 3253 ἐκ
455 3201 694 3268 λαγόνων
720 3204 751 3272 ή
782 3205 1137 3274 πανάμωμος,
1190 3198 1256 3276 ἦς
1281 3205 1379 3276 τὴν
1407 3207 1658 3278 γέννησιν
1680 3208 1780 3276 τὴν

225 3291 492 3369 φωταυγῆ
518 3293 884 3362 ὲορτάσωμεν.

309 3379 399 3444 Ὠς
442 3381 794 3451 κατάκαρπος
848 3382 1022 3448 ἐλαία,
1058 3386 1089 3454 ή
1140 3385 1203 3437 ὲκ
1237 3386 1392 3455 ῥίζης
1435 3385 1782 3456 βλαστήσασα

236 3469 733 3540 Ἶεσσαὶ,Παρθένε,
772 3473 937 3525 ’Ἄννα
975 3474 1033 3526 σὲ
1070 3475 1352 3543 βλαστάνει
1384 3469 1782 3545 βλαστάνουσαν

222 3559 319 3613 τὸν
343 3559 603 3630 ἐλεήμονα
629 3563 817 3629 Λόγον,
847 3558 906 3618 οὖ
951 3566 1011 3617 τὸ
1058 3565 1204 3629 ἔλεος
1249 3568 1342 3620 καὶ
1381 3567 1413 3638 ή
1441 3566 1664 3638 ἀλήθεια
1694 3568 1782 3654 διὰ

223 3651 426 3716 παντὸς
449 3654 863 3726 προπορεύεται.

878 3737 1023 3839 "est,
1055 3766 1117 3823 ε’.

297 3897 371 3954 Τὸ
395 3902 830 3972 ὲσφραγισμένον
868 3902 962 3957 νῦν
1007 3903 1211 3974 βισλίον
1233 3905 1599 3971 άποτίκτεται,
1645 3907 1780 3976 ὅπερ

220 3991 591 4074 ἀναγνώσεται
639 3994 866 4060 οὐδόλως
895 3997 1107 4065 φύσεως
1141 3998 1287 4068 νόμῳ
1325 3999 1532 4068 βροτὸς.
1578 4002 1776 4069 τηρού-

226 4098 392 4149 μενον
414 4083 587 4161 Λόγου
616 4085 693 4146 είς
725 4086 1063 4155 κατοίκησιν,
1116 4087 1298 4150 καθὼς
1326 4089 1495 4158 βίϐλοι
1548 4089 1779 4160 προεδή-

218 4173 404 4225 λωσαν
427 4171 697 4242 θεηγόρων
722 4177 780 4227 ὲν
805 4175 1097 4246 Πνεύματι.

311 4261 374 4315 Ἥ
398 4263 635 4332 ἄμπελος
661 4267 897 4337 σήμερον
931 4269 1121 4338 ἐτέχθη
1156 4269 1193 4337 ή
1220 4270 1502 4340 σωτήριος,
1540 4271 1659 4340 ήτις
1688 4269 1780 4320 τὸν

1884 3117 2027 3171 enim
2060 3116 2190 3170 solis
2241 3115 2410 3168 nubes
2440 3124 2558 3166 orta
2587 3128 2652 3165 ex
2687 3112 2962 3166 sterilibus
2999 3111 3196 3165 lumbis
3226 3113 3313 3165 illa
3338 3113 3446 3166 sci-
3513 3100 3520 3106 ”

1883 3207 2011 3260 licet
2044 3213 2151 3259 tota
2184 3203 2615 3275 immaculata“)
2651 3221 2666 3270 ;
2693 3203 2847 3272 cujus
2871 3202 3162 3272 fulgentem
3191 3203 3447 3257 natuita-

1885 3306 1991 3352 tem
2022 3295 2254 3352 solemni
2286 3297 2392 3348 ritu
2424 3295 2784 3350 celebremus.
3273 3350 3276 3352 γ

1953 3388 2002 3458 3
2030 3388 2098 3441 Es
2120 3388 2264 3442 velut
2285 3388 2422 3441 oliva
2456 3385 2754 3449 fructifera,
2775 3400 2807 3439 ο
2832 3383 3016 3453 Virgo,
3039 3399 3157 3453 qua:
3179 3399 3244 3437 ex
3267 3385 3446 3438 radice

1882 3479 2033 3534 Jesse
2079 3479 2429 3548 germiuasti:
2461 3477 2620 3532 Anna
2669 3484 2719 3531 te
2763 3475 3020 3546 protulit,
3068 3489 3192 3527 mox
3238 3473 3446 3542 prodit.

1884 3579 2094 3625 etut-am
2125 3567 2357 3624 Verbum
2391 3569 2724 3632 misericors,
2744 3568 2888 3639 quod
2917 3580 3130 3634 semper
3158 3552 3463 3619 miserico-l

1884 3661 1973 3714 dia
2003 3670 2056 3714 et
2081 3652 2281 3714 veritas
2312 3660 2644 3729 praecedunt.

2546 3768 2657 3822 Ode
2691 3767 2742 3822 5.

1949 3903 2104 3958 Nunc
2148 3903 2283 3958 liber
2320 3909 2565 3972 snguatus
2611 3901 2834 3970 paritur,
2876 3915 3037 3970 quam
3093 3901 3242 3954 nullo
3275 3899 3454 3956 modo

1882 3996 2178 4051 secundum
2204 4003 2408 4047 naturae
2447 3994 2614 4060 legem
2646 3993 2785 4060 leget
2814 3992 3055 4047 mortalis
3085 3993 3269 4055 homo,
3305 4008 3430 4046 cum

1880 4094 2189 4140 reservatur
2239 4085 2307 4138 ad
2341 4082 2501 4137 Verbi
2537 4083 2951 4148 habitationem,
2977 4083 3438 4152 quemadmodum

1880 4184 2033 4230 antea
2062 4175 2183 4228 libri
2219 4175 2592 4244 theologorum
2626 4176 2678 4228 in
2707 4172 2910 4242 Spiritu
2950 4174 3380 4228 declaraverunt.

1952 4265 2087 4319 Vitis
2119 4265 2394 4318 salutifera
2423 4266 2578 4318 hodie
2600 4266 2722 4318 data
2765 4273 2868 4330 est,
2898 4280 2960 4318 ex
2992 4281 3098 4334 qua
3127 4267 3312 4320 botrus
3337 4267 3430 4319 ille

222 4353 502 4422 ἀκήρατον
549 4355 769 4424 ἀνθήσει
820 4356 1011 4428 βότρυν
1037 4359 1128 4412 τὸν
1176 4359 1318 4411 θεῖον
1359 4360 1582 4427 γλεῦκος
1634 4376 1770 4428 προ-

1904 4357 2646 4424 ηοοτνυριίὺίιὶεείΠοΓοΙήι,
2708 4355 2802 4424 qui
2866 4354 3106 4411 divinum
3194 4365 3433 4410 mustuut

221 4443 436 4510 χέοντα,
470 4443 527 4508 ἐξ
565 4437 625 4496 οὗ
656 4445 762 4506 πᾶς
790 4445 817 4495 ό
850 4447 1019 4498 πίνων
1049 4448 1322 4514 μυστικῶς
1354 4447 1501 4501 θείαν
1543 4449 1637 4501 καὶ
1671 4465 1777 4503 σω-

220 4533 417 4602 τήριον
446 4534 782 4608 εὐφροσύνην
830 4537 1195 4606 καρπώσεται.

300 4625 656 4694 Σκιρτήσατε,
687 4627 926 4694 ἄγγελοι,
979 4628 1283 4696 ἀνθρώποις
1315 4629 1728 4700 συγχορεύοντες
1759 4645 1776 4658 ⁸

223 4714 467 4784 σήμερον
497 4717 559 4767 ὲκ
608 4716 822 4786 στείρας
879 4720 913 4787 ή
966 4720 1233 4786 Παρθένος
1263 4720 1620 4790 ἀποτεχθεῖσα
1672 4719 1772 4789 τήν

207 4807 404 4884 ’λύπην
436 4806 658 4871 ἔπαυσε,
690 4810 1218 4880 καὶςπροοιμιάζεται
1247 4811 1419 4883 χαρὰν
1449 4815 1561 4874 τοῖς
1626 4830 1765 4869 παν-

215 4896 542 4967 ηγυρίζουσι
569 4899 666 4965 τὴν
698 4900 866 4968 αὐτῆς
892 4901 1039 4955 θείαν
1069 4903 1331 4973 γέννησιν.

295 4982 446 5046 Θεῖος
491 4986 849 5056 προδιέγραψε
881 4991 1162 5061 προφήτης
1213 4992 1580 5061 προδηλότατα
1608 4991 1770 5065 τόμον

223 5089 290 5125 σε
346 5075 545 5138 καινὸν,
604 5079 659 5128 ὲν
722 5070 765 5145 ᾧ
813 5077 1057 5152 δακτύλῳ
1105 5080 1273 5149 Λόγος
1304 5079 1556 5153 πατρῴῳ,
1596 5080 1800 5149 Κόρην

301 5252 377 5319 μ)
408 5253 528 5326 llaec
562 5263 643 5312 est
670 5256 830 5326 veluti
871 5258 1084 5326 propria
1121 5258 1182 5311 Β.
1218 5257 1452 5325 Virginis
1485 5269 1631 5319 uota,
1664 5273 1770 5326 qua

222 5322 342 5390 ipsa
370 5323 441 5400 ab
473 5322 888 5400 aliis_Ad:eliliié
925 5322 1246 5400 secernitur,
1282 5322 1487 5381 scilicet
1525 5322 1772 5400 quod—sit

222 5401 338 5444 tela
370 5396 730 5464 immaculata.
757 5396 822 5449 Et
846 5411 967 5448 cum
1000 5397 1065 5449 de
1095 5397 1192 5449 hac
1224 5411 1353 5449 voce
1392 5405 1499 5448 tota
1527 5397 1682 5464 quasi
1717 5397 1765 5449 in

225 5461 596 5538 pr_o.v_erbit_tut_
615 5464 804 5538 abierit
831 5465 1226 5538 apudnoutnes:
1261 5465 1360 5530 Qui
1398 5461 1585 5538 totqu
1613 5465 1762 5529 dicit,

225 5526 358 5600 nihil
388 5533 642 5595 exludit,
679 5526 940 5600 Ioseph-us
971 5534 1030 5585 Β.
1066 5526 1329 5600 Virginem
1375 5543 1536 5586 totam
1577 5526 1765 5586 intuta;

225 5596 463 5656 adlatam
494 5601 783 5671 appellans,
805 5596 872 5657 'iu
915 5605 1060 5657 nulla
1093 5596 1208 5667 Viue
1248 5613 1408 5671 parte
1433 5619 1548 5657 eam
1595 5605 1760 5658 fuisse

1876 4445 2172 4516 profundit,
2204 4448 2269 4500 de
2295 4463 2401 4516 quo
2431 4448 2678 4516 quisquis
2701 4447 2927 4517 mystice
2956 4446 3112 4512 bibit,
3140 4447 3336 4502 divina
3365 4461 3430 4504 ac

1875 4538 2107 4593 salubris
2131 4539 2326 4592 laetitia:
2356 4538 2563 4592 fructus
2596 4539 2871 4608 percipiet.

1946 4630 2152 4684 Movete
2185 4631 2432 4693 choreas,
2462 4647 2494 4685 ο
2542 4631 2715 4697 angeli
2747 4629 3080 4684 exsultantes
3117 4628 3278 4683 simul
3307 4643 3428 4681 cum

1877 4722 2207 4778 hominibus.
2259 4721 2425 4776 llodie
2460 4720 2521 4774 ex
2549 4710 2715 4775 sterili
2753 4721 2917 4790 Virgo
2941 4730 3090 4787 nata,
3141 4735 3430 4776 tumrorem

1872 4815 2194 4875 eliminavit,
2234 4823 2288 4868 et
2315 4815 2634 4883 principium
2669 4813 3028 4867 deditlmtitia‘.
3057 4813 3124 4867 iis
3160 4812 3252 4881 qui
3295 4810 3435 4866 divi-

1876 4918 1997 4956 nam
2032 4903 2174 4957 illius
2200 4904 2534 4957 Nativitatem
2575 4903 2976 4958 concelebrant.

1933 4993 2188 5049 indicarit
2217 5003 2268 5050 te
2289 5005 2413 5049 ante
2438 4996 2651 5049 divinus
2667 4996 2926 5063 propheta
2953 4993 3424 5056 manifestissime,

1879 5084 2130 5138 volumen
2164 5099 2364 5138 novutn
2400 5093 2451 5139 te
2471 5086 2769 5155 appellans,
2791 5099 2824 5138 ο
2847 5085 3031 5140 Puella
3068 5103 3080 5138 :
3115 5085 3168 5136 in
3196 5099 3305 5154 quo
3328 5097 3423 5153 pa-

1871 5258 2192 5339 macttlatam
2257 5258 2495 5339 profecto
2561 5259 2752 5338 voluit.
2812 5257 3039 5339 Macul:e_
3076 5251 3419 5339 eniut‘nfhil

1869 5327 2043 5382 inesse
2075 5329 2230 5381 debet
2257 5323 2358 5387 illi,
2395 5329 2486 5395 qui
2525 5343 2628 5381 non
2660 5329 2711 5380 itt
2745 5336 2910 5396 parte,
2951 5325 3039 5396 sed
3078 5323 3130 5374 in
3182 5329 3291 5396 toto
3324 5323 3418 5372 im-

1866 5397 2165 5450 maculatus
2196 5408 2296 5466 est.
2327 5391 2461 5450 Cum
2501 5398 2660 5466 igitur
2696 5391 2756 5449 ll.
2787 5395 2942 5464 Virgo
2976 5394 3044 5445 sit
3081 5397 3189 5442 tota
3222 5391 3414 5466 imma-
3451 5434 3453 5436 .

1863 5465 2278 5538 culata,gquoad
2318 5475 2487 5520 totum
2521 5457 2642 5520 rita:
2678 5481 2790 5538 sua:
2821 5457 3049 5538 tempus.
3083 5468 3244 5525 atque
3277 5457 3414 5534 ἴδω

1859 5535 2020 5586 etiam
2074 5535 2123 5586 in
2167 5537 2282 5602 ipso
2328 5545 2610 5604 conceptu,
2667 5536 2759 5603 qui
2804 5544 2881 5587 est
2934 5535 3197 5598 ttiijusque
3240 5537 3410 5594 prth

1858 5617 2005 5667 pars,
2031 5605 2212 5658 debuit
2236 5619 2352 5658 cssc
2377 5606 2738 5660 immaculata.
