3926 6308
47 187 178 254 90'}

1503 186 1862 248 MARIALE.

3215 189 3323 257 994

47 305 440 375 κατέχουσαι
475 297 710 374 φαιδρῶς
760 301 822 356 τὸ
869 300 1060 373 μέλλον
1112 297 1555 371 ἁπογράφουσαι,
1602 305 1664 356 ὲκ

1780 298 2054 356 manili-sto
2087 299 2138 354 id
2167 301 2310 370 quod
2355 301 2595 358 futurum
2629 315 2741 360 erat
2765 307 3169 364 subindlcantcs
3202 326 3218 365 :
3252 325 3319 364 ex

47 395 312 464 ταύτης
344 395 451 464 γὰρ
503 394 824 465 τεχθήσεται
860 395 886 446 ὁ
919 391 1192 461 φωτισμδς
1260 395 1358 461 τῆς
1414 392 1666 460 γνώσεως

47 487 230 539 λύων
280 490 390 558 τῆς
420 487 624 558 πλάνης
651 487 747 555 τὴν
774 485 1029 554 ξόφωσιν.

140 581 431 647 Ζηλοῦσα
479 579 578 648 τὴν
640 578 807 631 πάλαι
877 580 1178 649 θεοφρόνως
1209 582 1242 651 ἡ
1274 579 1442 632 ’Ἄννα
1503 577 1666 648 εὐχὴν

57 671 447 742 ἀποπληροῖ,
477 671 571 722 καί
633 687 692 722 σε
738 671 1192 739 προσανατὶθεται
1220 671 1296 740 τῷ
1328 672 1475 739 ἱερῷ,
1531 689 1667 723 παν-

60 768 337 834 ἁμωμε,
394 763 694 834 ἱερωτάτην
736 760 994 832 σύλληψιν
1026 761 1324 832 μέλλουσαν
1375 764 1515 832 ἔχειν
1575 765 1666 816 καὶ

57 857 386 925 γέννησιν.
1508 850 1510 852 ’

143 949 368 1013 ’“Ηλιος
425 949 746 1018 ὲφήπλωσεν
791 947 1039 1008 ἀκτῖνας,
1089 946 1228 1016 ὁρῶν
1285 942 1380 1015 τὴν
1442 946 1667 1012 νεφέλη-ρ

59 1041 169 1093 τοῦ
217 1042 415 1108 φωτὸς
441 1041 852 1110 ὲφαπλουμένην
902 1034 1175 1107 Πνεύματι
1231 1037 1364 1089 Θεοῦ
1416 1038 1559 1089 ἔινὸον
1589 1042 1668 1097 εἰς

64 1134 293 1199 Ἀγια,
330 1132 389 1194 ἐξ
418 1126 482 1202 ἧς
514 1131 774 1202 ὀμϐρήσει
803 1129 994 1198 ἄφεσιν
1018 1131 1125 1191 τοῖς
1169 1128 1520 1197 χερσωοείσιν
1575 1129 1666 1193 ἑγ-

66 1224 411 1293 κλήμασιν.

146 1316 303 1367 Θεοϊ
365 1333 430 1384 με
461 1315 590 1376 Θεὸς
627 1315 685 1366 ὲν
721 1311 803 1364 σοὶ
840 1309 1124 1380 σκηνώσας
1159 1309 1223 1362 δι’
1265 1300 1466 1371 οἶκτον,
1531 1325 1662 1360 πανο

72 1406 351 1474 ἀχραντε
381 1404 541 1474 ἁγνὴ,
603 1385 876 1454 κλαπέντα
944 1400 1141 1469 βρώσει
1176 1398 1436 1468 πρότερον
1485 1399 1666 1466 ἀπάτῃ

70 1499 146 1565 τῇ
187 1495 306 1548 τοῦ
331 1496 526 1564 ὄφεως,
567 1496 660 1547 καὶ
691 1494 785 1562 τῆς
819 1491 1022 1560 φθορᾶς
1051 1491 1150 1558 τὴν
1179 1489 1454 1558 ἄφθαρτον
1504 1488 1666 1540 πάλιν

72 1588 325 1658 τρυφὴν
359 1586 718 1640 ἁντιδίδωσιν.

760 1777 881 1846 ’ῼδὴ
933 1776 994 1830 δ’.

167 1894 360 1965 Ἵεραὶ
429 1891 792 1962 προήγγειλαν
868 1889 1130 1958 γλῶσσαι,
1189 1886 1382 1958 σεμνὴ,
1444 1886 1663 1939 iacebat

79 1987 310 2056 χωρίον
349 2000 408 2035 σε
451 1981 662 2050 φύσεως
722 1981 816 2048 τῆς
866 1981 1182 2049 ἁχωρήτου’
1225 1978 1312 2029 διὰ
1377 1973 1534 2027 τοῦτό
1600 1991 1658 2025 σε

80 2073 252 2144 χοροὶ
288 2071 632 2142 παρθενικοὶ.
659 2069 1045 2139 προπέμπουσι
1102 2065 1662 2135 λαμπαδηφοροῦντες

85 2166 171 2227 εἰς
203 2163 408 2228 Ἀγια.
796 2219 808 2230 ,

166 2254 356 2316 Κλέος
402 2251 748 2322 ἀπηνέγκατο
816 2248 1071 2315 Ἰωακεὶμ
1103 2234 1266 2316 Ἀννῃ
1301 2243 1663 2313 συμϐαδίζων,

93 2346 195 2395 καὶ
239 2342 431 2412 φέρων
465 2357 524 2393 σε
556 2342 653 2393 σὺν
682 2339 884 2408 εὐωχίᾳ
943 2339 1018 2398 εἰς
1049 2337 1138 2388 τὸν
1186 2336 1340 2402 ἅγιον
1369 2336 1513 2401 ναὸν,
1572 2335 1666 2386 ναὲ

91 2434 242 2487 Θεοῦ
291 2434 546 2502 πανάγιε,
605 2432 836 2502 ἄχραντε
877 2431 1180 2499 πανάμωμε
1210 2429 1472 2480 Δέσποινα

168 2605 384 2658 Λύεται
412 2605 681 2673 ἀπόφασις
710 2603 1008 2673 προγονική
1035 2617 1048 2631 ·
1081 2600 1308 2671 ἧνθησεν
1336 2600 1442 2652 ἰδοὺ
1474 2599 1581 2671 γὰρ
1616 2601 1666 2678 ’ὴ

97 2699 376 2766 ἂμπελος,
409 2698 526 2766 ἣτις
561 2696 652 2747 τὸν
687 2695 876 2765 βότρυν
900 2694 988 2745 τὸν
1020 2694 1292 2761 ἀκήρατον
1349 2693 1479 2760 ἡμῖν
1529 2708 1666 2761 καρ-

101 2788 435 2857 πογονήσει,
511 2786 744 2856 φέροντα
807 2780 946 2837 οἶνον
1009 2783 1344 2852 εὐφροσύνης
1403 2785 1512 2844 τοῖς
1575 2785 1669 2833 πέ-

103 2883 293 2947 φασιν.

173 2970 369 3037 Μάνην
411 2983 470 3018 σε
514 2966 851 3033 πανάμωμον
906 2966 934 3016 ὁ
963 2962 1330 3030 πλαστσυργὸς
1371 2963 1538 3029 Λόγος
1577 2962 1668 3013 εὐ-

106 3057 300 3129 ρηκὼς
346 3057 756 3127 κατεσκήνωσεν
809 3073 903 3108 σου
937 3058 1018 3114 ,ὲν
1070 3055 1242 3124 νηδύϊ,
1309 3055 1669 3122 εργαζόμενος

106 3149 272 3217 ἡμῶν
319 3148 420 3218 τὴν
473 3149 765 3217 σωτηρίαν,
814 3147 1067 3215 ἄχραντε,
1121 3144 1302 3213 χάριτι
1355 3143 1420 3195 δι’
1463 3146 1670 3211 ἄφατον

106 3239 286 3302 ἔλεος.

781 3323 898 3394 ’ῼδὴ
933 3330 991 3377 ε’.

177 3441 423 3510 Νεφέλαι
449 3440 764 3508 ῥανὰτωσαν
789 3438 1135 3507 δικαιοσύνην
1170 3438 1429 3508 σήμερον,
1470 3437 1545 3499 ὡς
1603 3439 1662 3490 ἐν

111 3533 328 3604 οὐρα.νῷ
364 3532 471 3602 γὰρ
540 3530 874 3600 ὲφαπλοῦται
926 3529 1046 3581 θεία
1105 3530 1299 3599 νεφέλη
1329 3532 1385 3580 ὲν
1438 3529 1515 3596 τῷ
1557 3529 1667 3597 ναῷ

113 3624 209 3674 τοῦ
248 3623 408 3687 Θεοῦ,
463 3622 579 3690 ἥτις
636 3620 925 3684 ἁποστὰξει
979 3618 1309 3686 γλυκασμὺν,
1337 3620 1514 3670 πᾶσαν
1561 3619 1668 3670 ’τῶν

115 3715 304 3784 ψυχῶν
330 3715 484 3784 ἡμῶν
505 3713 602 3782 τὴν
628 3713 848 3781 πικρίαν
878 3711 1180 3780 ὲξαίροντα.

183 3806 324 3876 Ξένη
359 3822 452 3857 σου
477 3807 508 3875 ἡ
536 3803 813 3872 σύλληψις,
849 3802 973 3871 ξένη
1001 3818 1092 3853 σου
1138 3802 1171 3870 ἠ
1224 3801 1492 3870 γέννησις,
1542 3799 1665 3869 ξένη

119 3897 212 3950 eos
235 3898 272 3966 ὴ
302 3896 544 3966 πρόοδος,
569 3895 835 3966 Παρθενί,
865 3896 897 3963 ἡ
927 3878 1073 3946 ἔνδον
1102 3891 1193 3945 τοῦ
1247 3885 1394 3960 ἱεροῦ
1436 3893 1624 3960 ἀγωγή
1651 3907 1665 3922 ⁸

121 3988 246 4052 ξένα
281 3990 375 4040 καὶ
412 3986 689 4057 παράδοξα
718 3986 787 4039 τὰ
826 3985 893 4038 σὰ
939 3984 1093 4054 λόγον
1130 3983 1521 4054 ὑπερϐαίνοντα
1577 3983 1669 4035 καὶ

121 4076 381 4142 διάνοιαν,
409 4077 663 4156 ἀχραντε.

1771 384 1887 461 ipsa
1920 391 2062 446 enim
2108 391 2382 446 nascitura
2415 403 2532 446 erat
2581 396 2903 451 illuininatio
2935 400 3173 453 scientiae
3201 407 3323 469 qua!

1767 477 1972 532 erroris
2002 479 2255 532 tenebras
2290 479 2630 534 dissolveret.

1828 566 2014 620 Divina
2048 569 2308 634 sapientia
2338 571 2565 643 praedita
2590 572 2764 634 Anna,
2798 587 2858 626 ac
2888 574 3000 626 zelo
3035 576 3189 643 plena
3223 593 3324 631 an-

1768 661 1971 728 tiquum
1999 671 2180 713 votum
2214 675 2370 714 suum
2421 662 2671 730 complet,
2721 671 2899 732 teque,
2929 682 2960 717 ο
3007 667 3322 722 immacula-

1767 755 1995 815 tissiina,
2021 752 2378 819 praesentatin
2411 754 2629 819 templo,
2658 769 2776 820 quae
2807 758 3159 811 sacerrimam
3192 776 3321 814 con;

1767 845 2092 910 ceptionem,
2122 851 2174 893 et
2199 851 2411 910 partum
2455 843 2700 895 habitura
2729 859 2869 899 cras.
3024 821 3031 838 δ

1821 932 2089 1000 Explicuit
2133 934 2212 986 sol
2239 932 2428 986 «radios
2465 949 2613 996 suos,
2650 935 2788 1010 lucis
2824 937 3018 990 nubem
3047 940 3324 1008 aspicrcns

1767 1037 2058 1089 expansam
2091 1020 2323 1090 impulsu
2357 1022 2536 1074 dirino
2561 1023 2701 1076 intra
2747 1025 2944 1078 Sancta
2984 1039 3324 1092 sanctor-cm,

1765 1130 1828 1168 cx
1885 1129 1990 1183 qua
2031 1114 2356 1182 indulgentia
2415 1114 2745 1170 desolatione
2782 1117 2955 1185 plenis
3002 1119 3323 1174 criminibus

1767 1204 1997 1274 pluitura
2018 1212 2151 1258 erat.

1831 1293 1981 1349 Facit
2009 1296 2092 1347 me
2112 1294 2333 1348 Deitatis
2365 1304 2669 1350 consortem
2695 1294 2860 1360 Deus,
2891 1300 2982 1367 qui
3009 1299 3058 1352 in
3094 1309 3143 1354 te
3167 1301 3319 1355 habi-

1768 1385 1923 1449 tavit,
1957 1395 1990 1436 ο
2024 1393 2132 1437 tota
2163 1399 2318 1452 pura,
2356 1394 2408 1436 et
2445 1394 2615 1447 casta,
2660 1397 2875 1456 propter
2915 1405 3065 1442 suam
3110 1391 3323 1444 miseri-

1768 1476 2049 1556 cordiakin:
2101 1491 2222 1528 cum
2276 1475 2444 1550 prius
2479 1477 2734 1546 deceptus
2799 1495 2974 1533 essem
3017 1497 3111 1550 per
3144 1484 3322 1537 cibum

1700 1600 1742 1653 Β
1771 1567 2036 1637 serpentis
2097 1567 2288 1621 fraude
2342 1585 2354 1620 :
2394 1576 2446 1620 et
2502 1584 2599 1636 pro
2648 1572 2994 1640 corruptione
3022 1614 3036 1639 ,
3081 1574 3324 1641 incorrua

1775 1658 1988 1729 piibiles
2011 1659 2206 1712 iterum
2243 1659 2463 1712 delicias
2498 1660 2758 1726 rependit.

2438 1769 2552 1826 Ode
2590 1771 2642 1826 4.

1834 1877 2022 1937 Genus
2052 1898 2265 1936 sacrum
2321 1882 2705 1951 prophetarum
2741 1896 3258 1952 praenuntiaverunt,
3290 1904 3326 1942 ο

1765 1977 2088 2037 veneranda,
2110 1975 2224 2028 fore
2257 1975 2658 2042 receptaculum
2683 1985 2891 2028 natura:
2916 1978 3324 2048 int-cmprelieno

1766 2067 1981 2130 sibilis;
2015 2077 2296 2135 propterea
2325 2067 2611 2136 virginales
2643 2071 2794 2123 chori
2822 2079 2872 2123 te
2909 2074 3242 2129 comitantur
3265 2076 3321 2129 in

1768 2159 1961 2212 Sancta
1991 2169 2300 2212 sanctorum
2321 2173 2443 2211 eum
2471 2161 2834 2228 lampadibus.
3078 2152 3079 2155 “
3239 2209 3241 2214 .

1818 2248 2060 2303 Gloriam
2088 2248 2268 2302 retulit
2295 2247 2496 2303 Joacim
2545 2265 2647 2303 una
2694 2265 2825 2316 cum,
2860 2250 3011 2305 Anna
3043 2253 3320 2321 incedens,

1766 2337 2020 2392 etlercns
2065 2346 2115 2390 te
2156 2353 2278 2391 cum
2323 2337 2616 2392 festivitate
2652 2340 2919 2394 convivali
2958 2343 3010 2395 in
3066 2346 3319 2413 templum

1768 2439 2013 2481 sanctum
2060 2442 2133 2491 ,ο
2187 2427 2442 2494 templum
2483 2426 2575 2479 Dei
2620 2429 3069 2496 sanctissimum,
3121 2430 3324 2502 Regina

1768 2524 1880 2570 tota
1922 2531 2073 2582 pura,
2099 2523 2151 2570 et
2173 2515 2512 2569 immaculata
2547 2516 2681 2586 (l0).

1839 2607 2006 2660 Hodie
2022 2607 2210 2675 primis
2241 2607 2551 2675 parentibus
2574 2609 2803 2676 irrogata
2848 2613 3110 2667 sententia
3145 2613 3327 2668 abole~

1771 2704 1856 2768 tur
1890 2710 1902 2745 :
1936 2708 2061 2748 ecce
2090 2695 2233 2746 enim
2269 2693 2450 2747 floruit
2481 2696 2626 2758 vitis,
2657 2712 2775 2764 qua:
2795 2697 3140 2753 fructificabit
3170 2701 3327 2754 nobis

1772 2787 1984 2840 botrum
2024 2787 2521 2854 incorruptibilem,
2558 2787 2867 2842 aﬂerentem
2917 2790 3099 2842 vinum
3130 2790 3329 2845 laetitiae

1773 2881 2036 2934 universis
2069 2879 2265 2933 finibus
2296 2888 2468 2932 terra.

1839 2972 1894 3039 8
1924 2971 2032 3040 (ll)
2076 2971 2280 3023 Invenit
2324 2979 2373 3023 te
2409 2971 2575 3023 solam
2609 2968 2758 3022 omni
2807 2971 3017 3025 macula
3051 2980 3323 3026 carentem

1770 3057 2004 3111 Verbum
2039 3059 2330 3125 plasmator
2365 3074 2564 3123 rerum,
2593 3069 2646 3112 et
2676 3059 2795 3112 ideo
2823 3060 2878 3113 in
2915 3071 3069 3114 utero
3097 3070 3189 3115 tuo
3230 3061 3324 3114 ha-

1770 3151 1957 3202 bitavit
1984 3163 2214 3217 operans
2238 3149 2462 3202 salutem
2482 3158 2728 3203 nostram
2757 3161 2974 3219 propter
2998 3150 3324 3206 ineffabilem

1771 3237 2200 3290 misericordiam
2238 3253 2413 3291 suam.

2429 3327 2542 3383 OJe
2602 3330 2656 3384 5.

1839 3440 2008 3510 Large
2039 3441 2225 3509 pluant
2258 3440 2415 3495 hodie
2445 3442 2618 3496 nubes
2637 3443 2942 3510 justitiam;
2971 3444 3168 3498 ctenim
3204 3453 3324 3498 tan-

1770 3545 1928 3598 quam
1956 3533 2006 3583 in
2038 3532 2178 3584 caelo
2205 3531 2531 3598 expanditur
2558 3533 2610 3584 in
2655 3534 2854 3602 templo
2895 3535 2983 3586 Dei
3018 3535 3200 3588 divina
3233 3537 3322 3590 illa

1769 3621 1960 3682 nubes,
1992 3635 2110 3688 qua:
2143 3620 2480 3673 dulcedinem
2503 3622 2745 3686 stillabit,
2781 3624 3086 3678 universam
3113 3628 3324 3679 anima-

1768 3725 1887 3764 rum
1919 3721 2156 3764 nostram
2188 3712 2486 3764 amaritiem
2517 3712 2870 3767 auferentem.

1842 3795 1986 3853 Labe
2012 3799 2158 3852 omni
2184 3814 2373 3854 carens
2405 3798 2597 3866 Virgo,
2628 3804 2909 3869 peregrina
2933 3812 3016 3857 est
3041 3805 3327 3874 conceptio

1770 3900 1888 3953 tua;
1947 3893 2226 3959 peregrina
2277 3900 2358 3945 est
2401 3892 2656 3944 nativitas
2694 3899 2806 3956 tua,
2846 3893 2956 3961 (ίὲ)
3008 3897 3323 3962 peregrinus

1771 3976 2070 4044 ingressus,
2105 3988 2156 4029 et
2191 3977 2300 4030 vita
2329 3987 2446 4031 acta
2485 3978 2540 4030 in
2575 3979 2807 4047 templo;
2838 3983 3120 4049 peregrina
3146 3993 3199 4036 ει
3224 3986 3321 4036 ad-

1769 4069 2034 4130 miranda,
2058 4077 2110 4121 et
2129 4083 2431 4123 sermonem
2455 4078 2508 4122 et
2532 4069 2909 4138 cogitationem
2935 4075 3324 4129 transcenden-

1772 4158 1843 4211 tia
1875 4158 2055 4211 omnia
2089 4173 2208 4226 qua:
2229 4169 2316 4211 tua
2348 4167 2494 4212 sunt.

191 4254 364 4326 Ὅλην
394 4269 453 4306 σε
479 4254 673 4323 ήγίασε
729 4251 790 4306 τὸ
820 4251 1042 4322 Πνεῦμα
1096 4253 1156 4304 τὸ
1203 4251 1470 4318 πανάγιον
1520 4249 1664 4303 ἔνδον

1839 4247 2136 4301 Morantem
2177 4258 2226 4302 te
2253 4250 2305 4302 in
2347 4249 2547 4318 templo
2581 4258 2742 4319 atque
2775 4251 2970 4305 ibidem
3005 4250 3320 4308 ccelestibus
3397 4251 3400 4254 ’

124 4345 210 4399 τοῦ
244 4345 375 4401 ναοῦ
404 4344 762 4422 διμιτωμένην
789 4344 887 4396 καὶ
910 4343 1246 4414 τρεφομένην
1277 4341 1482 4411 τροφὴν
1504 4341 1666 4410 οὐρά-

125 4452 267 4491 νιον·
297 4436 486 4506 νύμφη
513 4435 606 4489 τοῦ
633 4436 845 4505 Πατρὸς
885 4433 1233 4504 περικαλλὴς,
1272 4433 1390 4486 ὅθεν
1422 4431 1667 4502 ἐχρημά-

124 4541 273 4590 τισας
302 4529 395 4579 καὶ
419 4526 511 4580 τοῦ
540 4526 714 4594 Λόγον
738 4525 1045 4594 γεννήτρια.

193 4705 305 4777 (l0)
335 4704 480 4777 Ergo
500 4705 545 4759 si
579 4712 684 4757 tota
714 4716 847 4777 pura
869 4709 922 4755 et
944 4700 1388 4777 immaculata,_in
1411 4700 1552 4777 nulla
1580 4699 1660 4754 sui

131 4770 298 4839 parte,
331 4770 434 4827 nec
470 4775 523 4826 in
560 4770 928 4840 conceptione,
959 4786 1077 4836 quae
1118 4779 1197 4824 est
1238 4770 1665 4840 uniuscujusque

128 4838 247 4895 vita:
288 4858 419 4911 pars
461 4843 656 4911 prima,
707 4838 805 4911 fuit
845 4840 1053 4911 impura
1103 4848 1154 4892 et
1201 4840 1462 4892 maculata
1499 4855 1512 4892 :
1560 4838 1663 4902 Qui

130 4911 264 4963 enim
289 4908 642 4974 'totum'dicit,
670 4909 799 4962 nihil
825 4908 1081 4961 excludit.

195 4979 303 5051 (ll)
352 4981 602 5051 Porcstne
640 4992 735 5051 pro
765 4978 1106 5051 immaculata
1146 4976 1213 5051 _B.
1260 4977 1664 5051 Virginis‘con-

135 5047 370 5115 ceptione
409 5049 772 5102 testimonium
814 5047 1017 5115 clarius
1051 5056 1104 5099 ct
1146 5047 1472 5101 luculentius
1511 5047 1660 5099 inve—

137 5113 260 5171 niri?
306 5116 586 5182 Quomodo
628 5117 769 5169 enim
813 5113 870 5184 Β,
916 5113 1076 5184 Virgo
1123 5117 1235 5169 sola
1285 5119 1458 5169 caruit
1516 5115 1661 5169 omni

134 5189 356 5250 macula,
388 5187 455 5248 si,
492 5195 810 5238 cancrorum
853 5183 1040 5253 instar,
1085 5185 1330 5253 originali
1365 5187 1568 5253 macula
1607 5185 1658 5236 in

139 5266 227 5306 suo
263 5265 521 5323 conceptu
553 5253 795 5308 sorduit?
826 5252 1082 5307 Universa
1117 5252 1258 5305 terra
1275 5253 1488 5323 Egypti
1516 5252 1658 5305 Pha-

138 5325 276 5377 raoni
309 5325 567 5377 tributum
597 5323 965 5391 persolvebat,
986 5332 1206 5390 excepta
1240 5334 1378 5375 terra
1410 5323 1659 5375 sacerdo-

139 5391 240 5463 tali,
279 5408 399 5463 quae
422 5391 683 5463 immunis
717 5391 782 5463 ab
818 5391 917 5443 hoc
956 5406 1117 5444 onere
1153 5391 1397 5463 ΔΓιιὶιςὲεἰε
1424 5406 1654 5459 quoque,

1771 4341 1912 4395 escis
1939 4348 2269 4406 vescentem,
2306 4339 2538 4409 Spiritus
2564 4342 2946 4395 sanctissimus
2977 4352 3140 4396 totam
3163 4359 3322 4398 sanc-

1772 4431 2019 4484 tiﬁcavit:
2049 4431 2190 4485 unde
2211 4431 2604 4500 speciosissima
2640 4446 2836 4501 sponsa
2877 4431 3073 4498 Patris,
3093 4441 3145 4487 et
3159 4431 3319 4488 Verbi

1771 4520 2018 4576 Genitrix
2049 4521 2191 4576 facta
2231 4537 2314 4576 es.

1761 4700 1870 4755 sola
1928 4713 2109 4754 tamen
2154 4709 2295 4755 terra
2340 4699 2693 4756 sacerdotalis
2743 4700 2929 4766 Maria,
2961 4711 3180 4770 Propter
3225 4717 3318 4757 sa.

1760 4770 2030 4823 cerdOtem
2055 4771 2323 4823 Christum
2354 4784 2416 4822 ex
2448 4784 2509 4821 ea
2549 4771 2870 4838 gignendum
2893 4811 2918 4835 ,ε
2951 4771 3207 4826 immunis
3250 4775 3319 4827 ab

1761 4839 1864 4891 hoc
1898 4840 2069 4908 Stygii
2102 4838 2401 4892 Pharaonis
2429 4840 2626 4892 tributo
2649 4842 2966 4908 permansit.

1832 4855 1864 4890 ιο
1898 4855 2069 4959 διγίξιι
2102 4855 2401 4892 rnaraoms
2429 4855 2626 4892 ll'iDlllO
2649 4855 2966 4908 permansu.

1832 4905 1941 4988 (ἕξ)
2034 4909 2277 4989 eregrina
2307 4917 2388 4960 est
2415 4911 2692 4989 conceptio
2741 4918 2829 4989 tua
2876 4925 2888 4960 :
2922 4911 3318 4989 peregrinalest

1760 4974 2014 5031 nativitas
2056 4974 2150 5030 tua
2174 4979 2186 5029 l
2214 4974 2332 5028 Non
2362 4978 2503 5030 enim
2542 4974 2761 5030 decebat
2798 4974 3160 5032 sanctuarium
3197 4981 3311 5044 Dei,

1769 5049 1987 5099 domum
2035 5047 2328 5114 sapientiai,
2380 5045 2747 5112 reliquiarium
2814 5046 3048 5114 Spiritus
3115 5051 3308 5110 sancti,

1771 5130 1958 5167 urnam
1990 5131 2196 5168 manna:
2232 5115 2484 5176 caelestis,
2517 5115 2749 5182 aliquam
2778 5115 2829 5167 in
2856 5131 2913 5169 se
2954 5117 3148 5168 habere
3191 5132 3313 5182 pec-

1765 5184 1870 5235 cati
1903 5185 2094 5246 labem,
2130 5195 2292 5250 atque
2325 5184 2444 5237 ideo
2489 5185 2605 5236 labe
2635 5184 2779 5237 omni
2815 5199 3004 5237 carens
3037 5185 3196 5250 Virgo
3225 5185 3309 5235 di—

1761 5253 1903 5305 citur
1937 5267 1966 5305 a
2005 5251 2257 5320 Josepho.
2309 5250 2531 5305 Vocavit
2577 5261 2758 5306 autem
2803 5252 3066 5319 Jnseplius
3117 5266 3308 5303 conce-

1758 5322 1992 5388 ptionem
2027 5323 2291 5388 passivam
2311 5321 2368 5376 Β.
2388 5321 2617 5391 Virginis
2659 5323 3012 5391 peregrinam,
3043 5320 3167 5391 quia
3200 5334 3305 5391 non

1759 5398 1815 5442 ut
1843 5391 2070 5443 aliorum
2104 5389 2500 5460 conceptioncs
2536 5392 2587 5445 in
2639 5389 2880 5460 peccato,
2907 5391 2996 5445 sed
3028 5389 3139 5443 sola
3187 5389 3306 5442 sine

142 5458 250 5529 licet
296 5458 543 5517 homines
594 5460 781 5529 reliqui
835 5475 1030 5512 noxam
1085 5461 1394 5528 eriginalein
1441 5458 1656 5529 contra-
1753 5469 1970 5529 peccato
1994 5459 2258 5528 originali.

145 5525 331 5598 luentes,
375 5525 769 5600 quodammodo
818 5530 1076 5585 tributum
1124 5525 1350 5583 dacmoni
1397 5528 1652 5596 pendant,
