3926 6308
33 313 141 373 997

1452 333 1804 392 MARIALE.

3158 338 3271 399 998°

120 420 299 487 Ἡμῖν
333 422 650 492 φανερώσας
686 426 819 498 ὅπερ
858 430 1036 499 μέλλει
1067 435 1234 487 οίκεῖν
1269 436 1583 507 οεοχώρητοε

1792 439 1997 493 Etenim
2019 440 2617 494 manifeste"ostendisti
2644 441 2899 509 palatium
2932 444 3058 496 illud
3090 460 3264 515 capax

34 510 318 563 παλατιον
355 516 586 582 Χριστὸς
612 518 640 569 ό
684 519 1060 584 Βασιλεὺς.τοῦ
1118 528 1333 592 παντὸς,
1394 530 1525 598 πρὸς
1550 531 1608 582 ὃν

36 600 138 667 βοᾷ
176 602 337 657 πᾶσι
372 605 460 671 γῆ·
485 604 784 674 Εὐλογεῖτε,
810 612 978 664 πάντα
996 613 1062 665 ti
1092 614 1227 685 ἔργα
1251 619 1483 687 Κυρίου,
1516 621 1606 673 τὸν

37 690 290 756 Κύριον.

126 779 296 847 Ὶδοίι,
329 786 609 851 πρεσϐύτα
636 790 930 857 σοφώτατε,
985 796 1016 864 ἡ
1051 797 1215 850 Ἅννα
1271 800 1470 869 ἔφησεν
1520 804 1608 854 sfa-

36 866 253 930 λαὸὦς.

110 962 441 1034 Καλλέστην
475 969 638 1021 παῖδα
662 969 726 1038 ἢν
756 970 981 1025 δέδωκέν
1019 992 1108 1042 μοι
1141 976 1273 1040 Θεὸς

108 1054 407 1124 Λαμπρῶς
435 1057 687 1125 ὑποδέχου
736 1061 829 1111 καὶ
860 1066 1194 1131 τπροφήτευε.

108 1144 309 1213 Μόνην
336 1146 629 1214 μέλλουσαν
658 1150 733 1210 εἰς
764 1153 1054 1221 πράγματα
1092 1157 1382 1227 προρέρειν
1414 1158 1480 1212 τὰ
1508 1176 1603 1229 κη-

38 1231 311 1300 ρύγματα
340 1236 459 1302 μεθ’
485 1230 557 1289 ὧν
592 1236 717 1307 βοᾷς
748 1242 1055 1312 προφητῶψ
1087 1245 1384 1311 Εὑλογείτε,
1428 1250 1604 1301 πάντα

32 1320 108 1373 τὰ
135 1324 281 1391 ἔργα
310 1326 544 1395 Κυρίου,
580 1329 666 1378 τὸν
701 1328 922 1398 Κύριον.
1148 1314 1150 1321 λ

112 1410 239 1463 Νῦν
298 1414 494 1481 ἔγνων,
548 1414 727 1483 γύναι,
787 1422 1113 1488 σαφέστατα,
1161 1426 1477 1497 προφρόνως
1498 1426 1601 1499 ἔφη

37 1500 66 1548 ὁ
92 1503 368 1570 γηραιὸς.

115 1588 301 1642 Ξύλον
336 1595 394 1645 ἐν
426 1594 571 1665 μέσῳ
607 1597 679 1661 ὼς
729 1587 1109 1655 ἐκϐλαστάνειν
1160 1606 1224 1658 ἐκ
1284 1596 1398 1672 σοῦ,

111 1679 307 1750 Ὅπερ
334 1684 611 1755 ἑξανθήσει
634 1689 773 1742 θεῖον
793 1690 959 1755 ὅντως
986 1697 1218 1765 καρπόν.

109 1856 441 1930 Παραδείσῳ
476 1862 810 1928 είσοικίζοντι
832 1869 956 1931 τοὺς
984 1836 1207 1940 βροτοὺς
1266 1874 1599 1942 ἔξωσθέντας

33 1944 248 2015 φθορᾷ,
286 1949 625 2016 ἀναϐοῶντας
657 1959 819 2026 χαρᾷ⁸
852 1959 1160 2028 Εὑλογείτε,
1191 1965 1362 2018 πάντα
1386 1967 1597 2037 τάἔργα

34 2037 281 2107 Κυρίου,
307 2042 395 2095 τὸν
426 2044 648 2115 Κύριον.

116 2127 339 2198 Ῥητῶν
352 2132 599 2203 ἀρρήτων
622 2137 867 2206 μυήσεων
888 2141 921 2209 ἡ
950 2141 1013 2211 σὴ
1042 2142 1204 2213 ψυχὴ,
1234 2146 1381 2217 Κόρη
1404 2151 1592 2223 σεμνή.

100 2308 313 2377 Σαφῶς
335 2310 583 2382 ὑπάρξει,
609 2316 638 2366 ό
671 2317 904 2385 πρέσῦυς
927 2318 1027 2391 ἔφη
1056 2322 1288 2391 τρανῶς.

103 2482 224 2534 Τδν
246 2482 387 2537 Θεϊον
418 2486 548 2552 ίδοὺ,
568 2490 830 2559 Παρθένε,
861 2496 1001 2548 οἰκεῖ
1028 2497 1171 2553 ναόν.
1554 2538 1557 2543 ν

115 2568 252 2623 ’Υπ⁹
280 2573 507 2641 ἀγγέλου
526 2581 829 2650 τρεφομένη
867 2583 967 2653 γὰρ
993 2584 1185 2655 βουλῆς
1204 2591 1442 2660 μεγάλης
1464 2595 1591 2661 Ἀγ-

31 2663 199 2727 γιλον
257 2666 498 2734 κυήσεις,
533 2662 577 2735 ᾧ
627 2672 886 2741 μελῳδεῖ,
919 2672 1238 2744 εὐλογοῦντα
1297 2683 1470 2737 πάντα
1523 2686 1589 2737 τά

31 2752 176 2820 ἔργα.
206 2753 411 2821 Κυρίου
438 2756 511 2818 ὡς
535 2758 753 2829 Κύριον.

100 2841 301 2912 ῦωνήν
330 2859 420 2895 σου
442 2845 656 2915 ᾄδομεν,
686 2851 834 2922 Κόρη
865 2854 1018 2925 ἁγνὴ,
1042 2861 1346 2930 περιχαρῶς
1374 2862 1465 2915 τοῦ
1489 2865 1582 2917 Γα·

32 2930 231 2999 ὄριήλ.

103 3020 309 3089 Χαῖρε,
340 3024 437 3093 τῆς
464 3025 675 3080 πάντων
703 3030 847 3083 αίτία
887 3032 1019 3103 μόνη
1050 3039 1238 3106 χαρᾶς.

103 3109 327 3179 Ψυχῶν
353 3117 505 3183 χαῖρε
532 3116 912 3189 καθαρτήριον.

113 3198 214 3261 Ὠς
242 3201 441 3265 τέξασα
467 3204 560 3273 τὴν
583 3204 845 3276 λύτρωσιν
872 3211 1023 3279 ήμῶν
1045 3216 1135 3268 καὶ
1166 3217 1263 3285 τὴν
1291 3218 1588 3273 ἀνάπλασιν

30 3289 144 3341 τῶν
196 3290 570 3361 μελῳδούντων
595 3296 761 3366 αὐτῷ·
804 3300 1105 3366 Εὑλογείτε,
1138 3305 1311 3358 πάντα
1336 3309 1405 3360 τὰ
1452 3309 1587 3378 ἔργα

33 3378 274 3447 Κυρίου,
304 3380 394 3434 τὸν
419 3382 644 3453 Κύριον.

708 3519 827 3591 ᾯδὴ
868 3517 934 3577 θ’.
980 3466 985 3473 λ

114 3642 253 3695 Ἰδοὺ
285 3644 377 3697 τοῦ
403 3645 536 3699 Θεοῦ
567 3648 627 3700 τὸ
669 3651 792 3720 ὅρος
816 3653 875 3704 τὸ
898 3656 1052 3719 ἅγιον
1097 3656 1231 3726 μετὰ
1286 3660 1585 3728 λαμπάδων

32 3730 281 3799 φαιδρῶν
298 3731 441 3787 ἔνδον
465 3738 543 3798 είς
572 3738 640 3791 τά
658 3738 820 3806 Ἀγισ
856 3741 1079 3809 βαδίξει,
1112 3745 1256 3809 λίθος
1272 3746 1329 3811 ἐξ
1354 3741 1413 3800 οὗ
1446 3766 1584 3818 τμη-

34 3819 260 3888 Θήσεται
291 3824 381 3874 καὶ
408 3826 532 3887 τοὺς
566 3826 780 3896 βωμοὺς
811 3832 902 3883 καὶ
949 3832 1110 3896 ξόανα
1158 3835 1441 3905 δαιμονικά
1497 3838 1583 3891 λει-

34 3913 247 3973 πτυνεῖ,
290 3913 414 3975 τοὺς
471 3914 689 3983 βροτοὺς
720 3918 774 3969 δὲ
826 3920 1039 3984 τούτοις
1075 3924 1438 3993 ἀπεργάσεται
1485 3928 1581 3980 καὶ

33 4002 197 4061 ναοὺς
216 4003 309 4053 καὶ
339 4004 509 4055 σιπτά
539 4005 873 4075 καταγώγια.

104 4090 313 4156 Ὧμοσε
340 4090 471 4153 θεὸς
494 4093 585 4145 καὶ
617 4094 709 4146 νῦν
744 4096 1156 4167 ἐκπεπλήρωκε,
1192 4100 1363 4169 φυλῆς
1410 4102 1577 4157 Ἰούδα

32 4180 167 4247 ἡμῖν
191 4179 313 4241 δοὺς
331 4182 428 4250 τὴν
471 4184 864 4252 ’Δειπάροενον,
885 4182 949 4256 ἦς
978 4189 1010 4259 ή
1045 4189 1218 4242 κοιλία
1266 4190 1417 4253 ξύλον
1450 4192 1576 4262 βλα·

31 4269 219 4337 στήσει
249 4268 808 4352 ζωῆς,ιθανατηφόρου
839 4275 1089 4345 βρώσεως
1111 4280 1574 4352 ἀπολυτρούμενον

28 4360 156 4420 τοὺς
174 4358 274 4429 τὴν
298 4349 501 4414 πτῶσιν
518 4363 711 4433 βρώσει
733 4367 1128 4435 ὑποκύψαντας,
1152 4370 1245 4421 καὶ
1274 4349 1573 4436 κλαπέντας

29 4451 215 4519 ἀπάτῃ
242 4449 338 4501 τοῦ
364 4438 562 4521 δφεως.

95 4539 592 4613 Στόματιλαμπρῷ
619 4548 651 4613 ή
681 4546 845 4599 Ἅννα
874 4550 1097 4619 ἐϐόησεν
1118 4553 1175 4606 ἐν
1202 4552 1280 4622 τῷ
1312 4555 1422 4625 ναῷ
1477 4557 1569 4609 τοῦ

27 4628 188 4681 Θεοῖν
230 4630 321 4682 Σοὶ
341 4634 767 4704 προσανατίθημι
800 4636 867 4706 ἦν
900 4654 989 4705 μοι
1027 4641 1301 4711 παρέσχου
1324 4643 1503 4708 παῖδα,
1527 4638 1572 4697 ὧ

26 4719 299 4781 Δέσποτα,
330 4720 386 4784 ἔξ
406 4716 472 4790 ἧς
520 4722 585 4774 δι’
613 4722 788 4776 οἶκτον
819 4727 1019 4793 ἄφατον
1061 4733 1444 4802 σωματοφόρος
1473 4736 1570 4803 όφ-

26 4808 164 4871 Θεὶς,
190 4808 473 4873 διασώσεις
518 4811 716 4882 κόσμον
753 4814 919 4886 όνπερ
964 4817 1221 4884 ἔπλασας,
1256 4822 1568 4890 μεγαλύνων

25 4900 197 4965 αὐτὴν
225 4899 300 4961 ὡς
329 4901 553 4972 Μητέρα
584 4920 701 4956 σου.

93 4986 347 5053 Ηῠγασεν
375 4989 481 5041 ίδοὺ
521 4992 699 5062 ἡμέρα
730 4996 991 5065 σωτήριος
1019 5000 1127 5062 τοῖς
1161 5000 1217 5053 ὲν
1260 5004 1415 5055 νυκτὶ
1458 5003 1567 5057 τῶν

25 5077 237 5141 δεινῶν,
265 5078 406 5149 πύλη
434 5083 748 5153 ἐπουράνιος
786 5086 914 5138 ναοῦ
951 5088 1048 5151 τὰς
1077 5089 1249 5153 πύλας
1290 5095 1565 5147 ἀναπετά-

29 5188 169 5224 σασα
205 5172 342 5243 pm
373 5173 665 5243 λαμπάδων
696 5177 935 5241 πρόεισιν
968 5180 1115 5234 ἔνδον
1141 5185 1221 5246 είς
1256 5185 1438 5252 Ἅγια,
1476 5188 1565 5255 ὑφ’

26 5263 186 5328 ἀγίας
211 5263 501 5331 τρέφεσθαι
529 5265 804 5337 δυνάμεως
829 5271 907 5333 είς
931 5271 1090 5337 ἀγίαν
1117 5272 1249 5325 Θεοῦ
1294 5278 1564 5346 κατασκή-

28 5373 205 5409 νωσιν.

92 5451 363 5515 Φώτισονι
410 5451 566 5522 ἁγνὴ,
617 5452 794 5525 ψυχῆς
849 5472 948 5525 μου
996 5459 1065 5511 τὰ
1103 5459 1341 5529 δμματα,
1372 5461 1484 5528 φῶς
1527 5464 1558 5532 ἠ

1710 530 1824 594 Dei,
1861 533 2003 599 quod
2042 530 2258 585 futurus
2312 532 2394 585 est
2428 540 2485 583 ιιι
2511 533 2797 589 inhabitet
2850 534 3101 615 Christus
3140 538 3256 591 lle:

1709 624 1974 675 universi:
1999 622 2061 674 ad
2088 638 2243 691 quem
2266 624 2461 675 clatuat
2482 624 2730 677 universa
2750 632 2891 677 terra
2906 642 2919 678 :
2934 623 3258 691 Bcnedicite,

1707 711 1889 765 omnia
1914 727 2075 779 Opera
2104 710 2346 772 Domini.
2388 711 2635 786 Domino.

1779 799 1989 855 Grande
2017 804 2293 870 sapientiae
2317 804 2481 857 decus
2506 814 2689 867 senex,
2741 803 2915 874 inquit
2945 805 3099 861 Anna
3128 808 3255 863 reli-

1707 892 1856 958 giose
1889 892 2212 955 verecunda,

1781 974 2241 1032 Grat'iosissimam
2280 980 2506 1044 puellam
2536 997 2696 1051 quam
2726 983 2871 1059 dedit
2900 985 3031 1037 mihi
3084 985 3254 1052 Deus,

1775 1068 2027 1129 liilnriter
2054 1072 2256 1154 accipe,
2294 1081 2344 1125 et
2373 1072 2679 1134 vaticinare.

1790 1162 1940 1214 Illam
1976 1162 2145 1214 solam
2182 1161 2419 1215 futuram
2456 1178 2575 1230 qua:
2606 1178 2767 1232 opere
2813 1165 3139 1232 completum
3171 1176 3255 1220 est

1704 1253 1917 1305 oracula
1942 1252 2344 1320 pr0pltetarum,
2377 1266 2499 1307 cum
2531 1254 2727 1321 quibus
2755 1256 3054 1309 exclamas:
3080 1254 3252 1309 Bene-

1702 1340 1884 1405 dicite,
1916 1342 2095 1394 omnia
2125 1357 2288 1411 opera
2321 1341 2556 1408 Domini,
2581 1342 2825 1397 Domino.

1770 1430 1999 1501 Liquido
2047 1448 2191 1487 nunc
2237 1420 2485 1505 cognovi,
2523 1434 2734 1498 mulier,
2786 1435 3057 1503 respondit
3088 1450 3249 1490 senex

1700 1521 1958 1576 benevolo
1977 1524 2178 1586 animo,

1784 1612 2009 1682 Lignum
2040 1630 2102 1667 ex
2136 1622 2197 1667 Ite
2221 1614 2575 1684 germiuasse,
2604 1614 2769 1683 quod,

1767 1699 1938 1755 Medio
1970 1704 2128 1765 \feluli
2165 1704 2217 1756 in
2268 1706 2539 1774 paradiSO,
2576 1707 2979 1774 producturum.
3012 1716 3093 1759 est
3135 1706 3248 1759 fru-

1637 1781 1676 1835 Β
1704 1803 1848 1844 Clum
1883 1808 2003 1845 vere
2046 1794 2308 1849 divinum.

1770 1883 1984 1951 Nosque
1998 1885 2244 1939 homines
2264 1902 2356 1955 per
2379 1890 2775 1956 corruptionem
2800 1889 3073 1956 expulsos,
3102 1889 3205 1940 reci
3229 1916 3244 1926 -

1701 1973 1924 2041 piendos
1953 1975 2142 2026 iterum
2170 1976 2238 2029 ab
2270 1975 2364 2032 illo
2390 1977 2663 2045 paradiso,
2692 1980 2985 2033 clamantes
3017 1979 3086 2031 ob
3109 1993 3245 2045 gau-

1699 2062 1877 2115 dium:
1915 2063 2241 2126 Drnedicite.
2280 2077 2384 2120 etc.

1767 2150 1810 2204 Ο
1832 2153 2005 2220 puella
2055 2155 2385 2245 venerandac
2408 2154 2583 2208 anima
2613 2164 2701 2209 tua
2729 2157 2742 2209 l
2780 2154 3062 2209 manifeste
3083 2194 3099 2219 ,
3156 2168 3241 2209 rc-

1700 2243 1915 2309 spondit
1943 2242 2082 2296 c‘lare
2104 2259 2290 2298 senex.

1762 2331 1923 2401 Origo
1953 2334 2443 2402 erituarrabiliutn,
2478 2344 2531 2390 et
2553 2336 2999 2391 inenarrabilium
3058 2336 3238 2390 initia-

1696 2419 1918 2471 tionum.

1763 2507 1929 2578 Perge
1960 2525 2121 2574 nunc,
2147 2510 2346 2575 habita,
2374 2525 2406 2563 ο
2434 2509 2621 2578 Virgo,
2654 2512 2704 2564 in
2738 2514 2934 2580 templo
2962 2511 3163 2564 divino.

1748 2596 1863 2662 Quo
1890 2598 1942 2650 in
1978 2600 2093 2652 loco
2121 2601 2188 2652 ab
2237 2601 2424 2667 angelo
2484 2603 2753 2665 nutrieris,
2786 2602 2965 2669 magni
3021 2602 3231 2654 consilii

1691 2685 1950 2755 Angelum
1979 2689 2237 2755 paritura,
2270 2692 2354 2742 cui
2386 2692 2621 2744 suaviter
2660 2700 2880 2750 canunt,
2925 2700 2977 2742 ct
3020 2691 3235 2742 benedi-

1690 2784 1817 2828 cuut
1845 2778 2023 2829 omnia
2052 2794 2208 2846 Opera
2244 2777 2474 2843 Domini,
2506 2788 2759 2848 tanquam
2790 2779 3031 2832 Domino.

1754 2868 2086 2920 llesonamns
2113 2869 2206 2921 tibi
2232 2869 2366 2922 laetis
2385 2872 2631 2936 canticis,
2663 2886 2694 2923 ο
2726 2879 2873 2923 casta
2906 2867 3107 2932 Puella,
3142 2885 3235 2921 vo-

1688 2970 1804 3008 cem
1836 2954 2117 3010 Gabrielis.

1754 3044 1931 3110 Salve,
1964 3062 1995 3098 o
2020 3063 2178 3099 causa
2214 3050 2368 3102 unica
2402 3052 2593 3108 laetitiae
2630 3056 2890 3111 omnium.

1760 3136 1874 3190 Tibi
1929 3139 2074 3192 salve
2120 3140 2370 3204 dicimus,
2398 3157 2429 3193 ο
2450 3146 2751 3201 animarum
2782 3155 3224 3219 purificatorium.

1751 3228 1819 3282 Ut
1860 3245 1978 3297 qua:
2033 3232 2449 3298 redemptionem
2492 3225 2767 3303 peperisti,
2796 3251 2850 3296 et
2879 3246 3222 3303 reformatio-

1685 3332 1806 3369 nem
1836 3328 2094 3383 nostram,
2121 3321 2206 3372 cui
2233 3336 2330 3373 nos
2347 3324 2589 3377 canimus
2611 3331 2874 3384 suaviter:
2897 3334 3223 3408 Benedicite,

1688 3407 1867 3459 omnia
1891 3422 2051 3476 Opera
2082 3407 2315 3475 Domini,
2347 3411 2586 3468 Domino.

2174 3542 2271 3611 ιι
2300 3543 2411 3597 Ode
2436 3545 2488 3599 9.
2521 3546 2734 3617 Ioseph.

1757 3666 2057 3737 Ingreditur
2097 3669 2150 3722 in
2191 3669 2385 3723 Sancta
2418 3683 2727 3730 sanctorum
2754 3693 2876 3733 cum
2924 3684 3218 3752 splendidis

1680 3759 2018 3828 lampadibus
2070 3775 2224 3813 mons
2250 3759 2341 3814 Dei
2380 3771 2623 3829 sanctus,
2672 3782 2736 3821 ex
2798 3786 2907 3840 quo
2948 3778 3219 3832 excidetur

1678 3848 1835 3917 lapis,
1880 3848 1973 3917 qui
2005 3863 2149 3913 aras,
2182 3860 2247 3906 et
2270 3849 2618 3906 simulacrum
2654 3855 2958 3915 damonum
2990 3871 3221 3920 commi-

1674 3947 1836 4003 nuet;
1870 3937 2125 3991 homines
2148 3946 2327 3992 autem
2363 3941 2554 4006 templa
2576 3951 2630 3995 et
2666 3951 2965 4010 veneranda
3007 3954 3218 4010 habita-

1675 4030 1789 4081 cula
1821 4028 2027 4081 efﬁciet.

1764 4118 1901 4172 Olim
1924 4121 2128 4188 juravit
2159 4122 2319 4189 Deus,
2343 4135 2399 4181 et
2418 4143 2559 4183 nunc
2588 4131 2931 4201 adimplevit,
2952 4134 3084 4189 dans
3117 4151 3215 4190 nov

1675 4207 1757 4261 bis
1790 4209 1853 4261 de
1906 4211 2045 4263 tribu
2096 4212 2232 4267 Juda
2287 4213 2553 4285 Virginem
2612 4231 2944 4289 perpetuam,
2980 4240 3011 4277 e
3055 4229 3217 4293 cujus

1676 4305 1858 4348 ventre
1895 4296 2101 4364 lignum
2147 4301 2268 4355 vitae
2317 4305 2659 4371 germinabit,
2704 4309 2846 4376 quod
2903 4310 3148 4370 liberabit
3180 4331 3211 4366 a

1605 4406 1648 4459 υ
1678 4382 1955 4438 mortifero
1992 4387 2112 4441 cibo
2147 4403 2260 4453 eos,
2293 4395 2387 4458 qui
2411 4407 2505 4459 per
2525 4408 2703 4447 escam
2732 4397 2947 4450 subiere
2976 4399 3210 4465 utinam,

1674 4485 1725 4528 et
1751 4474 1933 4528 fraude
1954 4479 2215 4544 serpentis
2243 4479 2447 4549 decepti
2484 4492 2629 4537 sunt.

1737 4564 1994 4620 Sermone
2017 4568 2163 4621 claro
2206 4571 2525 4625 exclamavit
2560 4572 2711 4626 Anna
2747 4575 2800 4627 in
2846 4577 3044 4646 templo
3080 4578 3205 4635 Dei:

1670 4653 1846 4707 Oﬂero
1878 4656 1992 4720 tibi,
2019 4656 2259 4722 Domine,
2294 4660 2546 4728 puellam,
2566 4678 2725 4730 quam
2755 4664 2884 4717 mihi
2920 4668 3207 4732 tradidisti,

1668 4756 1730 4795 ex
1768 4759 1871 4811 qua
1904 4756 2119 4813 propter
2145 4746 2461 4801 ineffabilem
2486 4749 2900 4805 misericordiam
2924 4764 3065 4806 tuam
3091 4771 3210 4807 cor-

1669 4846 1891 4903 poratus
1918 4849 2205 4902 apparens,
2230 4838 2465 4891 salvabis
2488 4839 2745 4891 mundum
2775 4856 2934 4909 quem
2960 4843 3206 4899 formasti

1672 4926 2021 4993 magnificans
2055 4942 2196 4989 eam,
2246 4936 2496 4997 tanquam
2546 4928 2765 4982 Matrem
2806 4940 2971 4985 tuam.

1751 5014 1884 5069 Ecce
1910 5017 2213 5070 coruscavit
2244 5016 2356 5069 dies
2388 5017 2639 5071 salutaris
2668 5024 3125 5077 commorantibus
3151 5026 3200 5076 in

1673 5112 1826 5158 nocte
1846 5104 2109 5157 malorum
2134 5106 2319 5172 :‘porta
2345 5106 2578 5159 cmlestis
2596 5107 2775 5175 templi
2803 5119 2985 5176 portas
3002 5128 3062 5164 ex
3071 5128 3203 5178 pau-

1666 5193 1821 5257 dens,
1852 5209 1973 5247 cum
2002 5194 2330 5262 lampadibus
2376 5195 2670 5265 ingreditur
2738 5197 2791 5249 in
2840 5198 3034 5252 Sancta
3077 5216 3202 5253 san-

1665 5295 1872 5340 ctorum
1904 5302 1932 5339 a
1958 5286 2138 5340 divina
2167 5287 2361 5340 virtute
2391 5289 2692 5353 nutrienda,
2723 5299 2781 5343 ut
2816 5290 2887 5344 sit
2907 5290 2997 5343 Dei
3027 5292 3196 5344 sancti

1667 5376 2054 5430 habitaculum.

1732 5462 2025 5517 Pnrissima
2072 5462 2255 5532 Virgo,
2298 5463 2537 5518 illumina
2584 5468 2771 5521 oculos
2815 5467 2998 5520 anima:
3040 5480 3193 5528 mea,

25 5542 301 5610 κυήσασα,
338 5542 414 5611 μή
443 5544 787 5597 καταλασέτω
831 5563 897 5614 με
935 5548 1022 5617 τῆς
1058 5551 1325 5619 ἁμαρτίας
1376 5552 1561 5615 σκότος

1705 5571 1718 5606 ι
1754 5569 1873 5622 qua:
1915 5557 2083 5609 lucem
2121 5558 2395 5626 peperisti,
2432 5575 2495 5613 ne
2524 5559 2914 5628 deprehendant
2956 5572 3038 5609 me
3067 5572 3190 5623 pro-

30 5630 338 5698 βαθύτατον,
373 5632 504 5701 μηδὲ
534 5632 689 5701 βυθὸς
714 5637 919 5708 καλύψῃ
946 5656 1013 5708 με
1047 5642 1143 5709 τῆς
1170 5642 1522 5708 ἀπογνώσεως
1540 5660 1552 5673 ·

1666 5645 1996 5701 fundissimae
2058 5658 2401 5717 peccatorum
2438 5652 2694 5707 tenebrae:
2741 5665 2907 5717 neque
2940 5651 3193 5719 despera-
