3926 6308
112 240 250 309 ιωι

1502 234 1857 297 MARIALE.

3212 216 3351 285 1002

181 363 259 415 Σὺ
316 376 514 432 χωριον
556 360 863 432 εὐρύχωρον
899 356 1124 427 γέγονας
1156 355 1247 410 τοῦ
1301 354 1496 422 Λόγου,
1544 353 1667 405 ὅθεν

1843 347 1998 403 Verbi
2041 348 2189 401 locus
2226 354 2278 399 ct
2304 342 2461 399 sedes
2507 342 2849 412 amplissima
2900 352 2956 396 tu
2993 338 3178 395 fuisti:
3210 339 3356 393 unde

112 450 326 521 μετῆρέ
357 468 415 503 σε
463 443 596 521 πρὸς
630 452 937 523 εὐρύχωρον
985 449 1075 501 καὶ
1104 448 1275 515 ἅγιον,
1303 445 1552 509 Θεοτόκε,
1582 443 1680 512 λῆ-

111 542 198 605 ξιν
234 541 332 592 καὶ
355 539 593 594 αἰώνιον.
1030 534 1034 538 ’

186 628 301 697 Τὴν
322 626 484 696 ἀγίαν
516 644 610 680 σου
629 628 882 698 κοίμησιν
904 627 1123 695 ἄγγελοι
1144 624 1237 678 καὶ
1276 622 1371 677 ἀνθ
1381 640 1548 694 ρωποι
1575 638 1679 693 μα·-

115 718 433 788 καρίζουσι,
470 720 687 773 πάντων
742 720 926 783 πέλεις
958 719 1067 787 γὰρ
1109 716 1414 786 βασίλισσα,
1448 714 1680 769 Βασιλέα

115 808 365 877 πάντων,
388 811 561 881 Κόρη,
590 810 807 875 τέξασα.
875 813 877 815 ’

799 1006 925 1079 mit
940 1004 999 1063 "-

199 1123 260 1176 Ὁ
308 1122 475 1192 τάφος
525 1138 617 1175 σου
660 1120 938 1191 κηρύττει,
971 1120 1296 1190 πανάμωμε,
1355 1119 1454 1189 τὴν
1501 1118 1680 1189 ταφήν

116 1235 236 1281 σου,
266 1218 362 1269 καὶ
390 1215 488 1285 τὴν
518 1216 659 1286 μετά
689 1211 937 1284 σώματος
969 1212 1105 1283 πρὸς
1134 1210 1392 1283 οὐρανοὺς
1435 1208 1530 1264 νῦν
1575 1226 1675 1279 με-

112 1310 250 1361 τάστ
258 1324 400 1361 ασιν.
642 1370 643 1373 η

207 1396 541 1465 ’Υμνήσατε,
581 1394 859 1464 παρθένοι,
892 1393 1170 1459 δοξάσατε,
1214 1382 1503 1457 νεανίσκοι,
1546 1407 1680 1462 πρε-

119 1485 315 1538 σϐῦται
347 1488 440 1539 καὶ
468 1487 741 1556 ἄρχοντες,
763 1486 861 1553 τῆς
886 1483 1143 1537 Θεοτόκου
1170 1483 1269 1553 τὴν
1298 1481 1569 1551 κοίμησιν.

1782 450 1836 495 et
1867 440 1935 493 ab
1979 438 2069 491 illo
2098 437 2162 491 ad
2197 437 2460 491 latissime
2510 442 2784 503 patentem
2810 441 2864 486 et
2916 440 3163 486 sanctam
3189 440 3353 499 atque

1782 544 2059 598 nunquam
2078 527 2373 582 desiturum
2389 526 2622 594 quietem
2644 524 2908 579 translata
2932 539 3010 588 es,
3036 538 3069 576 ο
3089 522 3347 592 Deipara!

1853 620 2240 674 Dormitionem
2266 628 2411 671 tuam
2443 633 2654 671 sacram
2681 617 2856 687 angeli
2892 615 3055 669 simul
3087 623 3140 668 et
3175 614 3351 667 homi-

1782 728 1876 768 nes
1908 714 2116 765 beatam
2155 710 2319 765 fuisse
2342 709 2681 779 profitentur.
2715 708 2781 762 I'Is
2802 708 2943 761 enim
2971 708 3201 761 istorum
3227 715 3349 759 om-

1782 804 1933 859 nium
1969 802 2177 869 regina,
2212 819 2243 855 υ
2274 800 2457 872 Virgo,
2490 809 2547 855 ut
2578 815 2698 870 qua:
2720 798 2920 869 Regem
2966 798 3347 852 universorum

1781 895 2099 966 procreasti.

2443 985 2555 1041 Ode
2598 986 2651 1041 5.

1853 1102 2114 1158 Omnibus
2144 1091 2386 1161 tumulus
2416 1102 2517 1157 iste
2543 1110 2671 1153 tuus
2707 1092 3023 1157 declaravit,
3049 1088 3346 1161 aliquando

1781 1199 1834 1246 te
1860 1191 2030 1248 fuisse
2062 1194 2383 1249 tumulatam
2414 1211 2427 1247 :
2468 1199 2520 1244 ct
2548 1190 2594 1244 is
2639 1184 2785 1241 nunc
2810 1196 3027 1255 quoque
3046 1182 3223 1254 palam
3255 1181 3343 1234 in-

1777 1281 1923 1339 dicat
1950 1284 2194 1354 corporis
2227 1284 2305 1340 tui
2331 1283 2394 1338 ad
2426 1282 2592 1338 caelos
2623 1278 2819 1334 factam
2852 1274 3286 1331 translationem.

1802 1372 1803 1375 “
1851 1372 2137 1429 Genitricis
2165 1372 2257 1427 Del
2303 1369 2755 1426 obdormitionem
2799 1363 3017 1434 hymnis
3054 1361 3343 1422 celebrate.

1778 1461 2033 1532 virgines,
2082 1462 2375 1531 glorificate
2425 1460 2576 1523 item,
2622 1470 2655 1510 0
2696 1456 2925 1527 juvenes
2975 1460 3137 1522 atque
3166 1464 3345 1514 senes,

1780 1567 1885 1604 una
1912 1566 2035 1606 cum
2064 1552 2400 1621 principibus
2434 1560 2612 1605 terrae.

186 1660 440 1715 Θανοῦσα
486 1658 783 1721 ἀθανάτους
816 1656 1046 1740 μετέθης
1082 1656 1218 1727 πρὸς
1268 1656 1544 1718 κατοικίας
1589 1656 1678 1725 ὲχ-

1852 1642 1956 1713 14
1981 1643 2256 1697 Excedens
2284 1644 2383 1696 hac
2410 1642 2518 1695 vita
2544 1641 2611 1694 ad
2653 1636 2809 1693 sedes
2837 1632 3096 1688 transiisti
3124 1631 3346 1685 immor-

118 1752 247 1823 θρὸν
266 1749 620 1805 θανατώσασα
649 1749 726 1820 τῷ
752 1748 955 1817 τοκετῷ
984 1764 1099 1813 σου,
1137 1748 1463 1817 πανάμωμε.

202 1926 504 1981 Ἐκύκλουν
584 1925 893 1996 θεολήπτων
941 1921 1146 1995 ἀνδρῶν
1197 1940 1256 1975 σε
1307 1923 1675 1994 χοροστασίαι,

120 2018 340 2086 ἑξοδίοις
375 2020 613 2089 ῥήμασιν
652 2014 1069 2087 ὑμνολογοῦντές
1100 2032 1183 2080 σε,
1218 2015 1502 2070 Δέσποινα.

812 2208 933 2281 ᾭδὴ
951 2209 1023 2273 ς’.

203 2306 265 2358 '0
300 2300 447 2368 οἶκος
476 2302 567 2356 τὸν
584 2300 673 2355 τοῦ
710 2300 903 2363 παντὸς
922 2298 1147 2369 συνοχέα
1170 2299 1198 2350 ό
1223 2298 1478 2368 χωρήσας
1511 2314 1679 2368 μετα-

124 2396 297 2448 ϐαίνει
330 2395 547 2464 οἰκῆσαι
580 2392 715 2462 πρὸς
769 2391 1050 2462 οὐρανοὺς,
1089 2389 1313 2458 οὐρανὸς
1344 2390 1681 2460 δεδειγμένος

126 2484 362 2555 Χριστοῦ
387 2485 479 2538 καὶ
508 2482 692 2553 θρόνος
724 2485 814 2535 καὶ
846 2482 990 2552 μέγα
1020 2482 1188 2533 παλάτ
1200 2497 1298 2543 ιον,
1330 2482 1363 2549 ἡ
1410 2480 1680 2548 πάναγνος

129 2574 447 2646 περιστερὰ,
474 2569 541 2645 ἦς
573 2573 721 2627 θείαν
752 2573 1082 2643 ὑμνήσωμεν
1114 2572 1393 2643 κοίμησιν.

208 2834 541 2903 ’Υπόπτεροι
566 2833 622 2886 ὲν
654 2833 898 2901 νεφέλαις
933 2832 1189 2904 ἀρθέντες
1219 2832 1388 2900 ἀετοὶ,
1422 2833 1497 2898 ὡς
1540 2834 1681 2905 ὑψη-

136 2927 297 2980 πὲται
334 2924 429 2977 τοῦ
459 2924 630 2991 Λόγου
664 2923 987 2994 Γεθσημανῆ
1027 2922 1389 2987 συνελθόντες,
1420 2922 1682 2993 Παρθένε,

1783 1735 1937 1797 tales,
1964 1735 2089 1804 quia
2112 1750 2208 1803 per
2240 1743 2390 1788 tuum
2418 1739 2655 1801 partum,
2685 1746 2717 1785 ο
2735 1728 2976 1797 undique
3003 1726 3343 1786 intemerata,

1782 1824 2004 1881 mortem
2030 1826 2253 1881 alfecisti
2286 1833 2480 1880 morte.

1849 1912 2079 1970 Numine
2120 1916 2418 1970 alllatorum
2452 1912 2731 1967 hominum
2776 1907 2929 1964 chori
2956 1915 3008 1961 te
3034 1904 3341 1976 cingebant,

1781 2020 1813 2059 ο
1847 2006 2112 2061 Domina!
2147 2007 2513 2061 collaudantes
2542 2018 2591 2059 te
2625 2003 2863 2073 hymnis,
2899 1998 3131 2051 faustam
3158 1996 3251 2051 tibi
3277 1995 3343 2049 ad

1780 2099 1977 2153 cmlum
2010 2098 2392 2169 profectionem
2429 2094 2852 2168 gt'atulantibus.

2464 2185 2575 2239 Ode
2605 2184 2657 2240 6.

1836 2276 1853 2329 l
1880 2278 1926 2332 la
1945 2277 2137 2333 domus
2157 2291 2263 2347 qua
2283 2274 2764 2346 comprehenditur
2787 2272 2970 2327 omnia
2990 2268 3345 2339 comprehen-

1782 2368 1914 2422 deus
1940 2366 2053 2436 jam
2082 2368 2244 2422 modo
2294 2366 2362 2422 ad
2396 2367 2566 2421 caelos
2621 2364 2752 2419 facit
2779 2364 3068 2418 transitum
3124 2370 3181 2415 ut
3226 2358 3346 2412 illos

1782 2458 2063 2523 inhabitet,
2082 2458 2193 2527 ipsa
2212 2473 2424 2529 quoque
2442 2457 2636 2513 ctelum
2655 2454 2922 2509 exsistens
2945 2461 3126 2521 utpote
3143 2448 3345 2504 (Ebristi

1782 2550 2009 2604 thronus
2030 2549 2341 2614 etejusdem
2364 2563 2616 2619 magnum
2640 2545 2921 2616 palatium,
2951 2543 3063 2606 illa,
3096 2542 3342 2611 inquam,

1783 2640 2088 2695 castissima
2139 2640 2386 2695 columba
2416 2680 2430 2705 ,
2482 2638 2638 2707 cujus
2709 2634 2949 2689 divinam
3001 2633 3345 2686 celebramus

1784 2730 2190 2789 dormitionem.

1889 2823 2168 2893 Tanquam
2196 2816 2401 2878 al‘arum
2435 2821 2658 2891 remigio
2685 2821 2821 2875 vecti
2845 2822 2896 2874 in
2917 2812 3150 2875 nubibus
3167 2828 3220 2873 et
3246 2832 3345 2873 ceu

1785 2914 1944 2972 Verbi
1982 2916 2149 2969 divini
2192 2915 2435 2985 quasdam
2464 2912 2807 2967 altivolantes
2856 2912 3053 2981 aquila
3086 2911 3138 2964 in
3172 2910 3342 2965 Geth-

136 3020 227 3070 κα“ι
262 3015 581 3086 ὲπιφθάνειν
609 3018 860 3085 ἀπαιρεϊν
901 3030 960 3067 σε
1006 3014 1307 3084 μέλλοντες,
1344 3013 1682 3085 πανύμνητε,

1804 3018 2024 3069 semane,
2042 3018 2153 3057 uno
2176 3011 2391 3072 repente
2423 3013 2567 3057 cuitu
2598 3002 2825 3055 abituras
2848 3001 2911 3054 ad
2931 3001 3126 3055 cmlum
3154 3000 3271 3065 lilii,
3309 3014 3343 3052 ο

136 3110 266 3179 πρὸς
305 3108 553 3177 οὐρανὸν,
606 3106 698 3170 οὒς
739 3106 814 3169 ὡς
841 3106 1005 3159 τέκνα
1041 3103 1170 3157 Υίοῦ
1227 3122 1321 3158 σου
1359 3105 1684 3175 ηὑλόγησας.

205 3294 302 3357 Τίς
328 3292 466 3362 αὕτη
499 3294 531 3362 ή
559 3292 920 3346 ἀναδαίνουσα
960 3292 1109 3344 πέλει
1139 3291 1415 3362 κοσμικῶν
1444 3292 1550 3344 ἀπὸ
1577 3308 1688 3344 κοι-

138 3388 341 3451 λάδων;
374 3386 457 3448 τίς
486 3384 625 3452 αὕτη
644 3386 677 3454 ἡ
708 3386 1008 3455 προπομπὴ
1024 3384 1115 3435 καὶ
1140 3383 1498 3453 προπόρευσις
1527 3378 1686 3450 ξένης

137 3480 187 3530 τί
216 3477 278 3531 τό
298 3477 571 3549 ὁρώμενον
604 3477 745 3546 μέγα
768 3475 1060 3545 μυστήριον
1082 3489 1095 3538 ;
1120 3473 1187 3526 Ἢ
1208 3474 1420 3526 πάντων
1446 3473 1560 3525 ἐστὶ
1585 3472 1677 3543 βα-

143 3569 297 3634 σιλὶς,
324 3570 417 3621 καὶ
437 3566 621 3638 κυρία,
654 3566 747 3620 καὶ
766 3565 910 3631 δόξα,
944 3566 1037 3618 καὶ
1069 3554 1348 3634 καύχημα.

222 3834 516 3901 Ἠλάλαξεν
539 3833 849 3887 ἀποστόλων
869 3831 897 3883 δ
931 3832 1099 3902 δῆμος
1125 3846 1218 3882 και
1245 3828 1491 3898 δακρύων
1522 3829 1689 3899 ἐπλη-

147 3928 312 4000 ρώθη,
351 3928 511 3998 ἡνίκα
541 3942 634 3979 σου
679 3924 775 3993 τὴν
810 3923 986 3993 ψυχὴν
1018 3923 1113 3991 τὴν
1138 3920 1295 3988 ἁγίαν
1343 3912 1602 3973 λιποῦσαν
1629 3920 1689 3973 τὸ

144 4019 384 4087 θεοδόχον
412 4017 657 4070 τεθέαται
683 4016 965 4085 σκήνωμα,
999 4016 1092 4067 καὶ
1112 4013 1318 4082 ὕμνησε
1373 4010 1691 4081 θεοπρεπῶς

146 4128 236 4164 σου
252 4110 352 4180 τὴν
381 4108 553 4174 θείαν,
582 4108 910 4179 πανάμωμε,
941 4106 1217 4177 κοίμησιν.

827 4335 951 4412 mi
983 4340 1049 4404 ζ’.

209 4454 432 4524 Νόμους
464 4454 564 4537 τῆς
594 4452 806 4522 φύσεως
855 4451 1093 4506 λαθοῦσα
1129 4453 1196 4522 τῇ
1245 4451 1437 4521 κυήσει
1463 4467 1582 4514 σου,
1612 4449 1689 4520 τῷ

142 4545 390 4619 ἀνομίμῳ
435 4544 884 4615 νόμῳ-θνήσκεις,
919 4543 1053 4613 μόνη
1098 4542 1234 4613 ἁγνὴ
1267 4540 1529 4606 ζωὼσασα
1557 4542 1685 4603 τοὺς

146 4639 306 4692 πάλαι
367 4637 819 4707 νενεκρωμένους,
870 4634 1128 4706 ἀχραντε,
1174 4632 1437 4705 ζωηφόρῳ
1482 4631 1685 4703 τοκετῷ

146 4743 256 4783 σου.

210 5008 377 5061 Μένει
407 5009 561 5073 κενὸς
590 5010 618 5064 ό
648 4988 799 5071 θεῖος,
842 5008 1011 5076 τάφος
1046 5024 1137 5062 σου
1165 4994 1256 5061 τοῦ
1291 5007 1559 5078 σώματος,
1589 5009 1688 5076 τῆς

151 5098 362 5170 χάριτος
419 5099 476 5153 δὲ
506 5100 717 5172 πλήρης
743 5114 759 5131 ⁸
792 5100 1067 5168 ποταμοὺς
1116 5100 1222 5167 γάρ
1248 5100 1402 5168 -ήμῑν
1459 5099 1691 5167 πηγάζει

155 5189 410 5259 ἰαμάτων,
445 5189 536 5242 καὶ
566 5188 837 5242 ἀποπαύει
866 5188 1129 5259 ῥεύματα,
1170 5190 1404 5256 παναγία
1444 5190 1691 5242 Θεοτόκε.

218 5359 396 5431 Ἥρθη
423 5360 483 5413 τὸ
505 5360 663 5431 σῶμα
688 5360 786 5431 μὲν
811 5359 902 5414 τοῦ
925 5361 1118 5430 τάφου,
1151 5359 1451 5431 παραμένει
1482 5360 1536 5412 δὲ
1567 5362 1694 5431 ἡμῖν

1718 4348 1772 4408 D

1796 3091 1957 3162 Virgo
1979 3094 2047 3147 ab
2074 3093 2327 3148 omnibus
2357 3091 3072 3160 laudata,'supervcnerunt,
3118 3104 3257 3157 quos
3287 3101 3341 3142 tu

1794 3194 1852 3238 ut
1890 3185 2028 3240 ﬁlios
2058 3183 2179 3239 Filii
2207 3185 2283 3239 tui
2316 3192 2601 3255 prosecuta
2641 3198 2703 3237 es
2728 3182 3131 3237 benedictione.

1870 3275 2042 3347 Rogo,
2076 3290 2323 3346 quaenam
2355 3275 2456 3330 ista
2496 3288 2615 3343 quae
2641 3271 2969 3327 ascenditde
2994 3271 3179 3325 mundi
3211 3286 3345 3325 con-

1794 3366 2026 3420 vallibus
2054 3367 2076 3419 ?
2099 3365 2354 3431 Quaenam
2378 3365 2493 3419 inec
2512 3372 2619 3418 tam
2649 3363 2804 3417 nobis
2836 3362 3109 3431 incognita
3136 3375 3345 3429 pompae

1792 3455 2043 3511 deductio
2070 3456 2364 3525 procedens
2383 3469 2413 3508 a
2446 3463 2591 3508 terra
2622 3454 2675 3506 in
2705 3453 2900 3507 cmlum
2933 3452 3147 3521 usque?
3170 3450 3343 3515 Quam

1792 3555 1875 3600 est
1902 3548 2224 3601 immensum
2258 3547 2399 3599 istud
2425 3543 2740 3614 mysterium
2762 3542 2904 3612 quod
2931 3542 3209 3605 intuemur
3230 3540 3343 3610 jam

1796 3636 1981 3689 nunc?
2008 3635 2270 3689 Nimirum
2318 3634 2561 3688 ascendit
2586 3633 2746 3687 modo
2773 3643 2957 3685 nostra
2982 3629 3223 3685 omnium
3252 3632 3346 3685 do-

1796 3725 1939 3779 mina
1965 3734 2017 3778 et
2046 3726 2249 3794 regina,
2278 3724 2444 3777 decus
2468 3723 2590 3777 item
2615 3733 2667 3777 et
2702 3722 2952 3792 gloriatio
2994 3728 3205 3775 nostra.

1863 3814 2120 3869 Jubilavit
2145 3816 2509 3884 apostolorum
2549 3823 2721 3868 cretus
2738 3822 2790 3869 et
2807 3813 2967 3868 simul
2984 3822 3035 3866 ta
3045 3827 3160 3865 men
3175 3812 3347 3881 lacry-

1795 3904 1898 3958 mis
1925 3906 2178 3974 perfusus
2200 3902 2301 3957 fuit
2327 3903 2541 3971 quando
2569 3902 2702 3957 vidit
2728 3903 2802 3956 tui
2830 3902 3075 3969 corporis
3098 3901 3345 3955 taberna-

1794 3994 1996 4057 culum,
2032 3995 2084 4047 in
2116 4008 2223 4063 quo
2258 3992 2424 4047 Deum
2454 3991 2760 4061 suscepisti,
2790 4006 2819 4044 a
2846 3983 3031 4043 sancta
3048 3989 3226 4041 anima
3254 3996 3343 4041 tua

1793 4081 2115 4149 derelinqui.
2146 4080 2321 4146 Quare
2347 4079 2581 4135 divinam
2612 4079 2751 4153 hanc
2775 4078 3008 4147 quietem
3046 4086 3190 4130 tuam
3232 4078 3348 4129 lauo

1795 4171 1954 4226 dibus
1986 4171 2077 4225 Dei
2107 4172 2387 4241 majestate
2415 4172 2593 4240 dignis
2636 4178 2958 4239 prosecutus
2999 4168 3118 4234 fuit,
3162 4183 3195 4221 ο
3228 4182 3345 4220 om-

1796 4258 1955 4313 nibus
1983 4259 2203 4313 omnino
2231 4258 2405 4312 modis
2430 4256 2780 4311 intemerata!

2370 4347 2470 4416 15
2532 4345 2644 4401 Ode
2669 4346 2722 4400 7.

1864 4459 2225 4528 Conceptione
2246 4470 2335 4513 tua
2356 4474 2554 4513 arcana
2575 4458 2870 4526 legitimum
2895 4454 3163 4525 quondam
3190 4464 3345 4506 natu-

1791 4563 1864 4602 ra:
1882 4549 2123 4602 ordinem
2157 4549 2650 4617 superasti,eadem
2672 4561 2816 4600 nunc
2847 4555 3024 4598 tamen
3062 4546 3175 4612 lege
3207 4542 3342 4594 ritu-

1794 4654 1899 4708 que
1926 4640 2158 4703 mortali,
2191 4639 2341 4694 subis
2378 4636 2601 4693 mortem
2645 4635 3032 4707 :quantumvis
3060 4642 3214 4703 partu
3254 4643 3345 4685 tuo

1794 4729 2009 4783 viviiico
2060 4730 2304 4782 homines
2344 4730 2639 4782 inveterata
2678 4725 2886 4795 jamdiu
2937 4731 3108 4777 morte
3153 4722 3345 4775 exani-

1799 4828 1972 4873 matos
1993 4818 2059 4872 ad
2083 4820 2243 4871 vitam
2274 4817 2575 4882 reduxeris,
2605 4832 2638 4872 ο
2664 4831 2784 4894 quae
2820 4816 2935 4875 sola
2965 4828 3087 4868 vere
3114 4827 3174 4867 es
3195 4821 3343 4865 casta

1798 4926 1860 4963 ac
1880 4925 2100 4978 prorsus
2124 4909 2465 4962 immaculata
2481 4909 2615 4977 (l9).

1868 5000 2058 5055 Exstat
2099 5000 2317 5056 divinus
2347 5002 2435 5054 ille
2468 5001 2708 5065 tumulus
2732 5010 2977 5067 _corpore
3008 4993 3221 5064 quidem
3251 5002 3341 5044 tuo

1791 5090 1901 5159 jam
1922 5106 2142 5156 vacuus,
2168 5092 2259 5146 sed
2280 5092 2325 5145 is
2348 5092 2518 5161 gratia
2538 5101 2714 5144 tamen
2736 5087 3118 5142 miraculorum
3152 5089 3337 5135 scatet.

1794 5179 1928 5235 Nam
1961 5182 2345 5237 medicinarum
2384 5183 2536 5237 nobis
2573 5181 2747 5235 fundit
2779 5180 3020 5239 ﬂumina,
3061 5172 3338 5237 .malurum

1796 5281 1974 5326 autem
2010 5272 2235 5327 suffoeat
2266 5281 2547 5327 torrentes.

1871 5361 2045 5417 Manet
2093 5363 2246 5415 nobis
2278 5361 2579 5417 benedictio
2610 5359 2801 5414 saltem
2853 5366 2961 5417 tua,
2991 5351 3115 5405 licet
3147 5358 3343 5413 corpus

221 5537 328 5610 (l9)
367 5535 654 5590 Fuissetne
704 5534 763 5589 Β.
797 5533 963 5605 Virgo
1000 5551 1220 5610 prorsus
1255 5532 1625 5602 immaculata,
1660 5534 1705 5589 si
1745 5537 1887 5607 turpi
1926 5552 1990 5591 ac
2054 5537 2687 5610 detesmnda'originalis
2723 5532 2922 5605 peccati
2966 5522 3176 5578 macula
3240 5516 3343 5572 ali-

155 5606 363 5675 quando
393 5614 748 5672 conspurcata
791 5606 1169 5675 apparuisset?

461 5699 725 5757 PATROL.
771 5698 883 5758 Gn.
935 5699 1057 5758 CV.

2963 5675 3043 5735 3‘2
