3926 6308
559 296 689 357 10οὶ
1644 298 1702 353 S.
1745 296 2054 356 JOSEPIII
2095 298 2119 357 Ι

2227 299 2656 362 dNOGRAPHI
3642 306 3775 371 1004

551 416 727 466 tuum,
769 417 801 455 0
833 400 995 470 Virgo
1042 399 1316 463 inviolata,
1364 400 1636 454 sublatum
1679 402 1748 456 sit
1793 419 1822 456 e
1876 404 2110 458 tumulo:

2227 409 2496 476 ήεύλογία
2547 429 2661 474 σου,
2708 411 2947 482 Παρθένε
3003 415 3175 484 ἁγνὴζ
3214 416 3450 485 τυφλοὺς
3510 433 3766 484 φωταγω-

554 499 666 569 ltazc
686 504 864 548 autem
893 502 981 546 tua
1017 492 1322 546 benedictio
1352 506 1527 546 caecos
1551 493 1620 546 ad
1637 493 1812 546 lucem
1834 493 2103 561 perfruen-

2227 496 2392 565 γοῦσα
2424 541 2440 566 ,
2484 505 2575 555 καὶ
2615 504 2708 556 σοῦ
2753 505 2814 557 τὸ
2876 507 3290 579 εὐσυμπάθητον
3356 509 3773 578 ὑπεμφαίνουσα

550 588 673 640 dam
706 581 1044 643 manuducit,
1075 595 1138 634 ac
1158 581 1324 634 divite
1351 581 1514 634 simul
1542 580 1720 635 fructu
1749 593 1960 635 tuorum
1992 598 2115 652 erga
2225 592 2511 657 πλουσίως.

551 683 780 734 miseros
811 676 1202 731 humanitatem
1236 677 1507 730 viscerum
1542 675 1795 744 patefacit
1826 676 2117 730 universis.
2152 713 2156 718 -

619 771 911 839 Dignatum
943 777 1024 822 est
1048 767 1281 821 Verbum
1317 767 1561 829 divinum
1632 768 1684 819 in
1733 775 1785 821 te
1821 768 2115 830 conscribi,

2287 772 2431 842 Τόμε
2486 775 2659 841 καινὲ,
2710 776 2769 828 ἐν
2821 769 2865 844 ᾧ
2897 777 3070 845 Λόγος
3109 777 3518 845 ἀναγέγραπται
3572 776 3775 844 συνόδῳ

551 878 584 916 o
612 875 812 914 novum
840 859 999 928 plane
1027 857 1302 920 volumen,
1338 856 1499 925 idque
1529 857 1912 924 conjunctione
1938 864 2117 911 tecum

2227 861 2490 936 Ξενοτάτῃ,
2515 863 2695 932 βίϐλου
2720 866 2921 930 πάντας
2953 868 3099 936 ζωῆς
3127 868 3332 922 ἱκέτευε
3353 853 3627 938 γραφῆναι
3651 868 3774 927 τοὺς

550 954 714 1016 facta,
753 966 968 1006 summe
1028 949 1344 1003 admiranda
1374 987 1389 1011 ,
1445 963 1614 1018 roga,
1664 956 1724 1000 ut
1783 963 1883 1002 nos
1926 963 2118 1002 omnes

2227 951 2311 1020 τὴν
2335 955 2539 1023 σεπτήν
2578 972 2672 1008 σου
2701 955 2955 1026 κοίμησιν
2978 958 3072 1011 καὶ
3114 958 3412 1029 παράδοξον
3449 957 3770 1026 ὑμνοῦνταςο

551 1047 689 1100 libro
720 1045 841 1098 vita:
871 1044 1196 1106 inseramur,
1220 1039 1534 1108 quicunque
1571 1048 1719 1092 tuum
1754 1039 2117 1093 venerabilem
2154 1049 2210 1096 et
2237 1053 2425 1098 nostro
2490 1056 2646 1115 captu
2676 1049 3007 1116 superiorem
3074 1049 3526 1104 obdormiscentis
3565 1048 3772 1102 obitum

553 1137 771 1207 hymnis
815 1133 1176 1188 celebramus.

1249 1220 1364 1274 Ode
1386 1219 1438 1273 8.

627 1316 705 1370 Ex
740 1315 941 1369 ﬁnibus
992 1321 1150 1366 terrae
1200 1304 1581 1366 convenerunt
1605 1313 1660 1364 in
1696 1309 1825 1365 Sion
1856 1311 2116 1366 illustris-

555 1407 689 1461 sima
727 1405 916 1460 ﬁnium
956 1401 1103 1455 orbis
1132 1400 1428 1463 columina,
1461 1408 1521 1453 ut
1552 1399 1668 1466 tibi,
1698 1414 1732 1454 ο
1778 1398 2118 1462 intemerata,

553 1499 674 1552 vitae
690 1496 850 1551 ﬁnem
875 1491 1117 1554 facienti,
1145 1506 1330 1545 curam
1365 1490 1690 1545 adhiberent
1713 1491 2114 1559 exsequiarum.

625 1591 680 1641 ιιι
730 1600 898 1639 unum
940 1583 1178 1637 collectae
1207 1595 1398 1635 omnes
1447 1580 1729 1635 hominum
1763 1581 1980 1651 linguae,
2013 1594 2112 1634 an-

2925 1223 3046 1292 Ὠδὴ
3076 1221 3146 1294 η’.

2302 1312 2395 1364 Ἐκ
2428 1312 2536 1366 τῶν
2576 1311 2828 1383 περάτων
2883 1312 3126 1374 ἐλθόντες
3156 1314 3205 1364 οἱ
3260 1313 3509 1382 περάτων
3539 1332 3770 1382 φωτοει-

2215 1404 2462 1458 δέστατοι
2495 1403 2674 1456 στύλοι
2705 1405 2842 1472 πρὸς
2869 1409 2966 1473 τὴν
3005 1405 3141 1456 Σιὼν
3168 1405 3547 1473 παρεγένοντο,
3598 1408 3771 1476 πέρας

2219 1495 2334 1563 βίου
2362 1495 2636 1549 λαϐοῦσαν
2664 1495 2923 1565 κηδεῦσαι
2959 1512 3037 1560 σε,
3062 1496 3311 1565 ἄχραντε.

2305 1586 2730 1658 Ῥητορευόντων
2749 1588 2809 1640 οὐ
2839 1585 3011 1639 σθένει
3032 1587 3176 1640 πᾶσα
3207 1585 3426 1652 γλῶσσα
3455 1587 3576 1638 οὐδὲ
3599 1586 3768 1654 ἀγγέ-

553 1679 795 1750 gelorum
831 1677 960 1729 item
1013 1673 1257 1728 omnium
1299 1686 1417 1739 ora,
1447 1688 1556 1726 non
1588 1681 1640 1728 te
1680 1673 1840 1742 digna
1887 1682 2116 1742 possunt

2227 1681 2321 1731 low
2351 1679 2516 1743 ἀξίως
2561 1677 2944 1748 ἀνευφήμῆσαί
2994 1694 3053 1729 σε
3094 1677 3333 1745 στόματα
3366 1693 3381 1708 ·
3427 1679 3771 1747 ἀσυγκρίτως

555 1769 808 1839 prosequi
840 1765 1244 1836 praedicatione.
1281 1762 1412 1817 Nam
1444 1763 1940 1833 incomparabiliter
1969 1777 2119 1818 crea-

556 1865 690 1916 turis
711 1861 984 1922 omnibus,
1008 1873 1040 1911 o
1069 1856 1313 1920 Domina,
1347 1856 1650 1910 antecellis.

625 1952 795 2022 Igitur
826 1949 1004 2003 omnis
1031 1948 1266 2001 exsultet
1298 1953 1566 2011 creatura,
1590 1956 1644 2000 et
1673 1945 1835 2000 simul
1865 1945 1931 1998 ad
1972 1945 2108 1999 tanti

553 2044 838 2099 transitus
865 2041 968 2112 16
1007 2039 1243 2093 divinam
1273 2052 1438 2107 prope
1471 2037 1789 2107 dignitatem
1836 2037 2116 2091 celebran-

556 2137 862 2204 dam,ipsae
891 2147 1109 2203 quoque
1161 2130 1424 2186 caelorum
1475 2129 1645 2184 nubes
1693 2129 1898 2183 stillent
1938 2143 2115 2182 rorem

551 2229 798 2298 justitiaz.

626 2320 672 2376 Ο
702 2319 855 2374 vide!
897 2332 1038 2372 nunc
1070 2315 1280 2370 Domini
1320 2314 1550 2367 thronus
1587 2311 1678 2381 qui
1726 2313 1925 2365 eminet
1955 2327 2117 2381 super

559 2410 906 2466 Cherubinos
939 2419 990 2461 et
1019 2406 1288 2468 Thronos,
1317 2404 1504 2472 incipit
1529 2403 1596 2456 de
1630 2413 1769 2456 terra
1801 2401 2022 2467 elevari,
2059 2411 2118 2456 ut

559 2502 615 2556 in
645 2514 900 2570 suprema
923 2498 1015 2552 Dei
1036 2497 1180 2566 regia
1204 2496 1520 2549 collocetur.
1545 2491 1659 2557 Illa,
1702 2492 1948 2561 inquam,
1966 2508 2115 2546 crea-

561 2603 811 2663 turarum
843 2589 1002 2644 unica
1041 2603 1068 2641 a
1092 2587 1255 2640 naevis
1280 2586 1438 2652 plane
1462 2585 1717 2639 omnibus
1749 2583 1946 2638 intacta
1980 2582 2112 2652 (20).

1243 2674 1357 2730 Ode
1386 2674 1439 2730 9.

627 2769 782 2825 Sicut
833 2767 1105 2822 ccelitibus
1147 2765 1411 2820 illustrior
1466 2761 1756 2827 universis,
1805 2760 2114 2816 laudatores

561 2875 664 2916 nos
715 2859 944 2913 illustris
972 2865 1078 2910 tuae
1128 2853 1541 2911 obdormitionis
1587 2861 1802 2906 tuarum
1831 2850 2116 2921 splendore

557 2949 856 3021 gratiarum
890 2947 1133 3003 illumina
1158 2945 1319 3000 simul
1362 2959 1424 2998 ac
1461 2945 1675 3013 penitus
1701 2943 1938 2997 illustra.

2220 1769 2327 1839 γὰρ
2345 1771 2559 1824 πάντων
2588 1771 2927 1840 ὑπέρκεισαι,
2956 1771 3240 1822 Δέσποινα.

2301 1948 2672 2015 ’Δγαλλιάσθω
2709 1949 2742 2018 ή
2773 1947 2969 2013 κτίσις,
3005 1948 3061 2000 αἱ
3093 1945 3309 2015 νεφέλαι
3343 1946 3402 1997 ὲν
3422 1947 3489 2013 τῇ
3520 1944 3768 2013 παρούσῃ

2220 2039 2398 2108 ήμέρᾳ
2420 2036 2763 2106 δικαιοσύνην
2788 2037 3123 2107 ρανὰτωσαν,
3157 2035 3257 2103 τῆς
3293 2031 3573 2102 Παρθένου
3593 2029 3768 2100 τιμῶ-

2221 2146 2308 2180 σαι
2333 2129 2431 2198 τὴν
2455 2129 2604 2182 Θείαν
2637 2127 2987 2198 μετάστασιν.

2292 2304 2418 2368 Ἴδε,
2451 2304 2479 2354 ὁ
2507 2303 2692 2372 θρόνος
2713 2303 2915 2372 Κυρίου
2947 2296 3225 2372 ὑπερέχων
3254 2273 3320 2353 τὰ
3338 2299 3648 2369 Χερουϐεὶμ
3680 2300 3767 2352 καὶ

2217 2401 2341 2461 τοὺς
2363 2399 2615 2469 Θρόνους,
2643 2397 2806 2468 γῆθεν
2832 2394 3056 2464 ὑψοῦται
3074 2395 3399 2466 τεθήσεσθαι
3424 2398 3503 2458 εἰς
3524 2395 3765 2464 βασίλεια

2219 2488 2335 2540 θεῖα
2356 2530 2370 2554 ,
2393 2490 2426 2557 ὴ
2458 2489 2591 2556 μόνη
2625 2486 2979 2556 πανάμωμος.

2895 2683 3013 2738 Ὠδὴ
3047 2682 3112 2738 θ’.

2895 2685 2908 2704 ’
2951 2685 2978 2736 δ
3047 2685 3112 2738 θ’.

2300 2774 2386 2835 Ὠς
2412 2774 2626 2826 πάντων
2657 2685 3108 2842 φαιδροτέὲαὓίιῶν
3137 2771 3472 2838 ἐπουρανίων
3493 2771 3620 2832 τοὺς
3647 2771 3754 2839 ὐμ-

2219 2863 2383 2933 νητὰς
2411 2864 2508 2931 τῆς
2539 2864 2767 2934 φαιδρᾶς
2797 2880 2888 2914 σου
2916 2864 3222 2932 κοιμήσεως
3249 2863 3355 2915 τῶν
3389 2863 3499 2914 σῶν
3529 2864 3765 2932 χαρίτων

2217 2954 2292 3023 τῷ
2315 2955 2506 3021 φέγγει
2535 2955 2840 3024 φαίδρυνον,
2882 2954 3132 3020 φώτισον.

627 3038 926 3104 Exsultate,
966 3045 1174 3091 mentes
1208 3035 1451 3089 omnium
1476 3041 1739 3102 quotquot
1771 3031 1973 3099 aliquid
2012 3029 2112 3084 ha-

2286 3046 2639 3114 Σκιρτήσατε,
2665 3045 2876 3111 καρδίαι
2939 3046 3153 3097 πάντων
3182 3042 3569 3106 εὐσεὸοὑντων,
3602 3046 3657 3095 ἐν
3697 3047 3761 3112 τῇ

557 3129 916 3199 bentpietatis
947 3130 1000 3180 in
1036 3126 1357 3180 celebranda
1386 3125 1504 3194 ejus
1544 3123 1961 3186 obdormitione,
1993 3136 2111 3190 qua:

557 3221 671 3277 sala
719 3221 885 3274 Deum
923 3218 1131 3287 genuit,
1160 3224 1345 3285 utpote
1393 3224 1600 3268 cuncta:
1635 3212 1942 3283 patrocinio
1995 3212 2111 3280 ejus

556 3324 832 3380 nunquam
853 3307 1226 3364 obdormituro
1251 3305 1662 3360 conservandaa.

629 3403 954 3470 Panegyrtce
988 3397 1086 3450 tibi
1116 3396 1420 3466 gratulatur
1443 3407 1608 3460 terra,
1635 3404 1687 3464 et
1727 3395 1888 3450 simul
1938 3394 2115 3466 angeli

559 3491 862 3561 tripudiant
914 3487 1266 3557 :aggaudent
1321 3485 1554 3554 denique
1615 3499 1805 3541 omnes
1848 3485 1940 3560 qui
1990 3492 2116 3539 sunt

557 3583 712 3652 juSti,
759 3579 1247 3633 obdormiscentetn
1310 3586 1384 3639 te,
1429 3577 1670 3645 o-virgo,
1710 3575 1925 3645 hymnis
1976 3574 2115 3629 cele-

561 3675 799 3727 brantcs.

628 3762 860 3816 llaurire
889 3760 974 3815 fac
1005 3759 1174 3814 etluse
1206 3773 1417 3824 omnes,
1449 3775 1480 3811 o
1511 3760 1742 3812 amatrix
1773 3755 1936 3828 Virgo
1965 3759 2114 3812 beni-

561 3854 800 3923 gnitatis,
835 3851 901 3904 de
957 3860 1185 3904 tuarum-
1223 3848 1445 3902 ﬂnmine
1495 3847 2027 3912 misericordiarum;
2063 3856 2117 3900 et

559 3944 774 3997 demum
828 3941 1055 3994 salutem
1118 3940 1274 3993 nobis
1327 3939 1548 4006 largire,
1596 3923 1677 4002 tu,
1728 3952 1847 4006 qua:
1878 3934 2114 3991 Verbum

559 4033 709 4088 omni
750 4045 963 4085 summa
996 4030 1233 4083 bonitate
1263 4029 1544 4097 praeditum
1576 4028 1805 4096 genuisti

1230 4142 1330 4210 17
1369 4140 1454 4193 tv.

563 4257 639 4309 De
671 4254 990 4318 depositione
1030 4254 1271 4320 pretiosae
1300 4253 1450 4304 vestis
1493 4251 1842 4302 sanctissimae
1877 4249 2115 4318 Deipara:

632 4327 685 4377 in
717 4323 1043 4375 Blachernis.
1095 4321 1276 4378 Carior;
1326 4320 1405 4372 IV
1435 4320 1566 4388 (‘21),
1613 4320 1765 4386 cujus
1801 4322 2116 4374 acrosticltis

2216 3138 2467 3205 κοιμήσει
2483 3136 2579 3204 τῆς
2600 3137 2764 3203 μόνης
2795 3135 3090 3200 θεόπαιδος,
3111 3137 3174 3204 τῇ
3194 3136 3475 3204 ἀκοιμήτῳ
3504 3135 3764 3206 πρεσϐείᾳ

2200 3223 2756 3294 ’ταύτης-σωζόμεναι.

2295 3403 2359 3456 Ἦ
2387 3408 2455 3474 γῆ
2475 3403 2853 3474 πανηγυρίζει,
2871 3403 3098 3484 ἄγγελοι⁵
3121 3404 3431 3473 σκιρτῶσιν,
3465 3404 3759 3471 ἀγαλλιῶνο

2216 3507 2302 3543 ται
2327 3491 2382 3543 δὲ
2415 3492 2611 3552 πάντες
2638 3493 2686 3544 oi
2710 3491 2922 3557 δίκαιοι,
2964 3494 3022 3544 ὲν
3062 3495 3127 3563 τῇ
3165 3493 3414 3562 κοιμήσει
3441 3510 3554 3556 σου,
3589 3493 3759 3563 Κόρη.

2218 3583 2636 3658 ὑμνολογοῦντές
2667 3591 2746 3636 ae.

2289 3778 2552 3845 Φιλὰγαθε
2594 3779 2856 3850 Παρθένε,
2896 3781 3059 3850 ῥᾶνον
3112 3780 3204 3832 ἐπὶ
3231 3779 3437 3841 πάντας
3474 3780 3538 3831 τὰ
3584 3779 3759 3845 ἀγαθά

2219 3886 2312 3922 σου
2344 3869 2489 3940 ὲλέη,
2520 3870 2612 3923 καὶ
2636 3871 2806 3924 σῶσον
2828 3872 2995 3942 ἡμᾶς,
3022 3873 3055 3939 ή
3098 3873 3187 3924 τὸν
3233 3870 3542 3943 πανάγαθον
3590 3871 3758 3938 Λόγον

2215 3961 2590 4029 ἀποκυήσασα.
2994 3971 2996 3973 ’

2953 4161 3024 4215 Δ’.

2230 4257 2332 4308 Ἐν
2361 4252 2670 4306 καταθέσει
2698 4252 2806 4320 τῆς
2831 4256 3022 4323 τιμίας
3043 4253 3297 4320 ἐσθῆτος
3315 4253 3421 4320 τῆς
3442 4255 3760 4322 ύπερατίας

2294 4325 2579 4376 Θεοτόκου
2639 4324 2706 4374 ἐν
2771 4326 3172 4392 Βρὶαχέρναις,
3207 4325 3415 4376 Κανὼν
3465 4322 3547 4390 Δ’,
3589 4328 3660 4385 οὗ
3721 4329 3755 4391 ἠ

631 4404 756 4448 est:
802 4411 819 4442 ι
872 4391 1073 4445 Vestem
1122 4391 1326 4443 beatam
1387 4388 1614 4458 Virginis
1642 4393 1741 4442 diu:
1789 4389 1896 4440 colo
1928 4405 1944 4439 :
1979 4409 1994 4438 ι
2027 4388 2117 4441 ,1ο-

2291 4393 2637 4460 ἀκροστιχίς
2684 4388 2933 4445 ἐστινίᾶ
2966 4388 3239 4459 ³Εσθῆτα
3284 4392 3426 4461 τιμῶ
3455 4388 3560 4461 τῆς
3617 4388 3758 4450 nar;

631 4465 772 4531 seph.

1245 4547 1358 4602 Ode
1408 4549 1459 4601 1.

637 4643 851 4697 Vestem
893 4650 1040 4695 tuam
1084 4641 1444 4694 venerandam
1489 4641 1678 4709 largita
1723 4655 1804 4704 cs,
1850 4655 1883 4691 ο
1929 4639 2111 4710 Virgo,

638 4825 753 4895 (20)
807 4827 999 4880 Annon
1075 4837 1282 4895 mest
1323 4822 1609 4895 Originale
1640 4830 1939 4891 peccatum,
1987 4822 2131 4895 quod

564 4891 804 4950 animam
839 4909 1006 4963 quant
1034 4893 1217 4963 tangit
1265 4891 1451 4953 imdat,
1507 4892 1717 4963 polluit,
1769 4893 2122 4963 contaminat,

567 4981 628 5017 ac
661 4960 874 5017 macula
903 4962 1213 5030 turpissima
1243 4963 1518 5030 aspergit?
1547 4961 1627 5011 Ab
1662 4965 1758 5011 hoc
1789 4960 1946 5030 igitur
1979 4976 2127 5013 naavo

566 5035 725 5102 plane
756 5035 924 5086 libera
960 5029 1207 5102 Deipara,
1240 5040 1294 5083 ut
1321 5033 1384 5083 sit
1414 5029 1442 5079 a
1472 5029 1929 5102 timvismnnibus
1968 5030 2126 5096 plane

567 5097 810 5156 intacta:
863 5116 967 5154 non
1019 5097 1161 5152 enim
1208 5109 1310 5161 est,
1354 5109 1411 5149 ut
1452 5097 1752 5155 dixi-alias,
1806 5098 1854 5148 in
1902 5097 2124 5165 Deipara

568 5174 718 5226 locus
749 5171 956 5239 vulgari
1000 5185 1062 5223 ac
1097 5169 1222 5222 trito
1254 5167 1539 5237 proverbio
1576 5183 1587 5216 :
1628 5165 1789 5218 Nulla
1822 5170 1980 5233 {acies
2011 5169 2124 5221 abs-

569 5259 665 5310 que
695 5258 856 5294 mero.

640 5311 746 5379 (il)
771 5310 946 5363 llabes
965 5308 1112 5361 hunc
1128 5321 1392 5379 canonetn
1412 5304 1594 5354 (ir-«cce
1614 5312 1817 5379 tantum
1837 5304 1887 5379 in
1911 5304 2127 5379 Menaeis

568 5375 878 5432 Graecorum
911 5389 1015 5431 tant
1044 5378 1318 5443 impressis
1340 5387 1498 5440 quam
1527 5375 1907 5443 tnannscriptis
1926 5375 2023 5426 sub
2041 5376 2125 5427 die

567 5450 602 5500 ‘2
622 5447 768 5512 Julii,
804 5460 855 5499 et
880 5449 1065 5500 Graece
1089 5442 1188 5497 tus.
1227 5448 1275 5495 in
1302 5446 1485 5495 codtce
1519 5442 1848 5495 bibliothecae
1878 5443 2125 5496 Bat‘bcri-

573 5535 650 5569 ita:
681 5535 732 5570 ιι.
777 5521 892 5572 110.
927 5533 1044 5583 pag.
1078 5515 1160 5576 74,
1194 5526 1238 5565 et
1263 5516 1311 5565 in
1338 5515 1557 5583 antiquo
1586 5514 1891 5583 Menologio
1921 5514 2125 5583 mssbi-

575 5588 852 5639 liliOtlteczc
890 5580 1201 5635 monasterii
1229 5584 1444 5649 (Σηρίας
1465 5580 1714 5633 Fcrratae.
1741 5615 1804 5621 ——
1845 5582 1936 5633 hic
1968 5581 2122 5632 21η-

577 5657 629 5708 lii
645 5648 1324 5723 apndIConstantinopolim
1354 5653 1403 5702 in
1423 5648 1730 5705 Blaclternis
1751 5651 2124 5704 celebrabatur

2292 4462 2476 4530 ἄγνου
2517 4461 2836 4527 Παρθένου.
2873 4481 2890 4512 ι
2931 4461 3169 4529 Ἰωσήφ.

2905 4554 3020 4626 nsi;
3040 4556 3105 4606 α’.

2303 4642 2532 4711 Ἐσθῆτά
2552 4660 2641 4695 σου
2666 4645 2886 4714 σεπτήν,
2909 4644 3133 4696 Θεοτόκε
3163 4645 3423 4714 Παρθένε,
3451 4646 3524 4716 τῷ
3542 4663 3590 4698 τι
3599 4647 3760 4715 μῶντί

2231 4821 2422 4874 festum
2485 4821 2837 4888 depositionis
2883 4822 3198 4875 venerandae
3249 4824 3408 4877 vesﬁs
3468 4825 3528 4877 Β.
3586 4823 3762 4878 Mariae

2231 4891 2484 4954 Virginis,
2544 4900 2602 4943 ut
2640 4901 2780 4958 patet
2822 4906 2922 4942 non
2974 4892 3144 4944 solum
3185 4908 3246 4944 cx
3291 4893 3524 4954 Menaeis,
3572 4895 3663 4946 sed
3696 4910 3760 4948 ex

2231 4959 2550 5011 Kalcndario
2597 4958 2901 5012 Grmcorum
2932 4969 2984 5012 et
3024 4960 3417 5021 lluthenornm,
3451 4978 3516 5014 ex
3549 4961 3760 5016 Emma-

2229 5029 2385 5081 nuele
2431 5028 2703 5080 Comncno
2758 5030 3078 5097 imperatore
3128 5031 3192 5081 in-
3231 5031 3404 5083 edicto
3458 5032 3524 5082 de
3572 5029 3760 5091 Feriis.

2232 5113 2435 5150 necnon
2467 5112 2528 5148 ex
2561 5097 2770 5149 Molano
2796 5098 2849 5148 in
2908 5097 3288 5152 Additionibus
3328 5101 3393 5152 ad
3430 5100 3759 5154 Usumium.

2231 5166 2746 5237 Vocabaturautem
2800 5183 2864 5220 ea
2907 5169 3216 5221 soletnnitas
3251 5169 3527 5237 Depositio
3568 5175 3762 5232 vestis;

2191 5236 2486 5303 ‘quia_eo,
2535 5236 2621 5288 die
2682 5238 2914 5303 reposita
2976 5238 3148 5289 fuerat
3209 5236 3372 5291 vestis
3433 5254 3527 5291 seu
3587 5242 3763 5291 tunica

2229 5305 2286 5355 Β.
2345 5301 2588 5375 Virginis
2627 5301 2804 5358 Maria
2849 5307 2899 5357 itt
2956 5307 3105 5358 theca
3151 5317 3403 5374 argentea
3451 5310 3501 5360 in
3571 5311 3764 5375 templo

2229 5373 2368 5441 quod
2406 5373 2513 5425 Leo
2546 5373 2767 5440 Magnus
2800 5376 3085 5442 imperator
3113 5377 3162 5426 in
3195 5373 3312 5427 luco
3349 5377 3494 5429 dicto
3522 5373 3767 5430 Blaelter-

2230 5444 2318 5512 nis
2355 5444 2403 5493 in
2437 5445 2696 5499 subnrbio
2736 5445 3333 5512 Constanti-impolitam
3365 5457 3764 5500 construxerat.

2230 5511 2397 5563 Porro
2423 5512 2646 5565 historia
2672 5513 2737 5565 de
2766 5523 2905 5564 veste
2927 5514 2982 5566 Β.
3017 5511 3247 5580 Virginis
3272 5530 3300 5566 a
3326 5518 3499 5582 primo
3522 5517 3765 5576 exordio,

2229 5592 2286 5632 ut
2319 5593 2432 5633 eam
2466 5599 2528 5632 ex
2559 5583 3110 5635 Menaeis~Grtrcorum
3151 5583 3314 5636 rel‘ert
3346 5584 3632 5638 Mattbmus
3672 5585 3772 5637 Ra-

2229 5651 2388 5702 derus
2436 5653 2485 5702 lll
2533 5666 2630 5704 suo
2681 5650 2940 5704 Viridario
2985 5651 3318 5719 Sanctorum,
3370 5664 3523 5717 parte
3567 5670 3627 5718 ιι,
3676 5656 3772 5708 sub
