3926 6308
587 304 607 364 1
618 303 717 364 007

1651 297 1706 355 s.
1751 295 2060 354 JOSEPHI
2102 272 2654 355 HYMNOGRAPHI

3643 298 3759 362 1008

589 429 755 475 tuam,
805 429 835 462 υ
871 408 1197 471 castissima,
1243 418 1403 476 atque
1452 407 1978 469 immaculatissima,
2015 406 2129 459 fon-

2236 408 2526 468 ἀπαύστως
2574 405 2842 476 βρύουσαν
2873 403 3084 476 ’ἰάματα
3126 408 3406 478 κέκτηται,
3445 409 3762 482 πανᾶμωμε.

587 515 690 556 tcm
725 518 786 554 ex
819 515 927 568 quo
957 498 1308 552 medicamina
1345 496 1710 551 iudeﬁcienter
1748 506 2021 550 emanant.

1256 585 1366 638 ()dc
1399 585 1452 640 4.
1611 581 1614 585 '

660 678 901 729 Adeste:
953 674 1170 727 unicam
1215 674 1551 727 benedictam
1601 673 2037 742 magnilicemus;
2083 680 2138 725 ct

587 766 651 818 ad
696 771 897 816 vestem
933 762 1075 816 illius
1105 777 1227 816 cum
1277 761 1380 814 ﬁde
1418 761 1765 826 accedamus,
1813 773 1870 814 ut
1905 761 2131 829 gratiam

587 854 819 917 Spiritus
845 851 1179 905 hauriamus.
1198 853 1205 866 ’

657 943 934 1010 Tanquam
972 939 1424 1009 pretiosissimum
1463 938 1800 1000 thesaurum,
1845 936 1960 990 haec
1997 937 2132 989 civi-

585 1044 666 1086 tas
715 1048 833 1100 qua:
880 1042 931 1085 te
989 1032 1239 1092 honorat,
1293 1028 1581 1098 possidens
1629 1036 1833 1081 vestem
1881 1036 2050 1090 tuam,
2099 1041 2132 1079 ο

586 1125 782 1190 puella,
829 1137 951 1175 cum
980 1121 1084 1174 ﬁde
1118 1134 1237 1174 eam
1270 1118 1614 1188 amplectitur
1640 1124 1803 1184 atque
1828 1117 2127 1179 osculatur,

583 1220 634 1264 et
667 1211 892 1278 gratiam
924 1209 1049 1263 inde
1080 1216 1336 1277 reportat.

2923 579 3044 649 ᾯδὴ
3066 578 3126 632 δ’.
3184 581 3192 587 ·

2300 669 2704 738 Μεγαλύνωμεν
2720 669 2819 740 τὴν
2843 669 3011 740 μόνην
3028 670 3418 740 εὐλογημένην,
3445 672 3542 724 καὶ
3568 671 3663 740 τὴν
3680 672 3766 724 αύ-

2230 757 2325 826 τῆς
2347 760 2544 828 ὲσοῆτα
2571 757 3003 828 προστησώμεθα
3023 756 3222 822 πίστει,
3243 757 3388 820 ὅπως
3408 756 3766 828 ἀρῤυσώμεθα

2229 850 2327 918 τὴν
2367 850 2524 918 χάριν
2552 848 2647 901 τοῦ
2672 847 3028 916 Πνεύματος.·

2311 941 2397 1003 Ὠς
2428 941 2720 1010 πολύτιμον
2755 939 3105 1009 Θησαύρισμα
3155 939 3462 1009 κεκτημένη
3485 981 3500 1005 ,
3533 940 3565 1008 ή
3599 938 3655 990 σὲ
3693 955 3766 990 τι-

2232 1031 2387 1099 μῶσα
2420 1031 2572 1093 πόλις
2600 1031 2697 1098 τὴν
2725 1029 2927 1098 ἐσθῆτά
2952 1047 3065 1096 σου,
3085 1029 3256 1100 Κόρη,
3279 1031 3457 1082 πίστει
3494 1029 3766 1083 κατασπά-

2228 1121 2397 1184 ζεται,
2430 1120 2524 1172 καὶ
2549 1119 2705 1189 χάριν
2736 1118 3036 1189 κομίζεται.

1820 1257 1834 1278 \

650 1303 954 1354 Adoramus
993 1310 1196 1355 restem
1226 1310 1394 1366 tuam,
1427 1315 1458 1352 ο
1497 1299 1957 1374 laudabilissima,
2025 1309 2280 1371 tanquam
2326 1302 2774 1372 ’incorruptionis
2812 1301 3035 1366 fontem,
3075 1310 3129 1356 ct
3165 1302 3346 1373 gloriae
3377 1299 3584 1356 stolam
3637 1297 3770 1352 eui.

580 1401 808 1448 stentem
842 1391 1090 1444 omnibus
1125 1389 1472 1444 laudantibus
1496 1399 1567 1444 te.

652 1484 843 1537 Munda
893 1483 961 1535 ab
1011 1482 1157 1556 omni
1215 1483 1331 1536 labe
1389 1491 1443 1536 et
1499 1484 1614 1536 sola
1660 1483 1942 1537 benedicta
1996 1483 2134 1552 (24).

581 1589 702 1642 quae
723 1573 1012 1628 Cherubim
1061 1573 1300 1626 sanctior
1328 1572 1661 1641 apparuisti;
1681 1571 1891 1627 animas
1917 1580 2132 1627 nostras

582 1669 646 1720 ab
666 1668 814 1719 oumi
840 1664 1163 1719 adversitate
1184 1662 1416 1728 custodi,
1439 1663 1566 1718 dum
1602 1671 1651 1716 te
1671 1675 1790 1715 cum
1821 1662 1924 1716 lide
1955 1663 2128 1717 hono-

582 1771 789 1811 ramus.

1187 1843 1291 1913 19
1316 1841 1428 1898 Ode
1458 1844 1510 1898 5.

651 1935 1022 2004 Undequaque
1052 1931 1343 2001 purissima
1388 1933 1615 1987 Domina
1639 1932 1777 2003 (25),
1823 1940 1877 1987 ιιι
1917 1931 2130 1986 donasti

580 2025 754 2082 servis
801 2026 910 2080 tuis
941 2033 1142 2078 vestem
1188 2039 1252 2079 ac
1296 2023 1586 2093 pretiosam
1623 2037 1816 2078 zonam
1862 2031 2048 2088 tuam,-
2073 2031 2130 2076 ut

580 2119 648 2172 sit
676 2117 785 2171 illis
807 2117 974 2170 robur
995 2129 1059 2169 ac
1081 2114 1327 2169 divinum
1357 2114 1774 2167 munimentum.

646 2205 1104 2262 Jucundissimum
1129 2205 1470 2269 viridarium,
1499 2217 1718 2258 suavem
1737 2202 1970 2273 Spiritus
1994 2201 2124 2256 odo-

578 2314 692 2353 rem
727 2297 980 2352 emittens
1009 2294 1214 2350 factum
1239 2303 1323 2350 est
1349 2294 1607 2364 templum
1637 2294 1792 2359 illud,
1820 2289 1853 2347 ὁ
1885 2301 1994 2346 tota
2019 2293 2126 2345 im-

579 2390 872 2453 maculata,
903 2389 954 2442 in
986 2403 1094 2457 quo
1123 2395 1214 2441 tua
1251 2386 1418 2440 vestis
1447 2395 1818 2440 conservatur.

2320 1486 2383 1537 Ἠ
2414 1470 2750 1554 πανὰμωμος
2783 1485 2873 1537 καὶ
2905 1484 3035 1554 μόνη
3075 1472 3411 1554 εὐλογημένη
3436 1483 3546 1538 τῶν
3576 1485 3771 1554 Χερου-

2238 1573 2337 1643 ϐὶμ
2363 1575 2610 1642 φανεῖσα,
2633 1573 2730 1634 τὰς
2751 1572 2928 1642 ψυχὰς
2948 1572 3102 1642 ἡμῶν
3132 1573 3303 1626 σῶσον
3332 1575 3512 1642 πάσης
3535 1575 3771 1644 περιστά-

2237 1679 2372 1725 σεως
2398 1663 2505 1716 τῶν
2527 1663 2704 1728 πίστει
2732 1661 3014 1732 τιμώντων
3042 1679 3121 1716 σε.

2855 1836 2974 1908 ᾮδή
3005 1835 3065 1889 ε’.

2293 1926 2388 1989 Σὺ,
2419 1924 2682 1978 Δέσποινα
2726 1924 2895 1994 ἁγνὴ,
2943 1931 3054 1989 τοῖς
3106 1927 3214 1985 σοῖς
3243 1925 3448 1988 δούλοις
3481 1925 3770 1996 δεδώρησαι

2225 2015 2550 2086 κραταίωμα
2575 2016 2673 2088 τὴν
2699 2015 2933 2087 ἐσθῆτα,
2961 2016 3054 2068 καὶ
3099 2017 3286 2086 τιμίαν
3311 2033 3405 2069 σου
3446 2016 3646 2087 ζώνην,
3685 2019 3772 2069 καὶ

2227 2108 2367 2160 Θεῖον
2401 2109 2802 2178 περιτείχισμα.

2303 2198 2630 2269 Παράδεισος
2647 2197 2876 2268 τερπνὸς
2908 2197 3132 2251 εὐωδίαν
3163 2197 3257 2251 τοῦ
3281 2198 3616 2268 Πνεύματος,
3646 2215 3771 2251 παν-

2231 2293 2492 2361 άχραντε,
2547 2289 2888 2359 ἀποπέμπων
2926 2291 2954 2342 ὁ
2992 2290 3115 2358 ναὸς
3170 2287 3199 2339 ὁ
3251 2290 3494 2360 κατέχων
3536 2289 3634 2359 τὴν
3680 2291 3770 2359 σὴν

2231 2381 2435 2450 ἐσθῆτα
2455 2380 2744 2440 δέδεικται.
3753 2375 3758 2379 ’

650 2479 875 2542 Repleta
925 2478 1073 2532 omni
1121 2477 1430 2540 sanctitate,
1479 2473 1757 2530 sanctiﬁca
1797 2473 2008 2528 animas
2052 2482 2126 2527 et'
2163 2485 2394 2541 corpora
2438 2478 2650 2534 nostra,
2693 2469 2820 2522 dum
2848 2476 3050 2522 vestem
3120 2478 3265 2522 tuam
3330 2477 3574 2523 sanctam
3609 2468 3770 2523 hono-

574 2587 784 2635 ramus,
817 2581 1073 2640 tanquam
1100 2570 1244 2623 omni
1277 2568 1480 2623 honore
1505 2568 1902 2636 dignissimam.

644 2660 894 2716 Genitrix
945 2659 1059 2723 Dei,
1109 2658 1201 2714 fac
1238 2674 1338 2713 nos
1382 2658 1575 2726 templa
1609 2657 1699 2712 Dei
1740 2659 1843 2727 qui
1865 2656 2128 2710 habitavit
2177 2700 2179 2703 .

578 2752 637 2805 in
665 2758 734 2813 te,
763 2749 886 2802 dum
919 2759 970 2803 te
999 2750 1053 2804 iu
1082 2748 1281 2816 templo
1312 2756 1403 2801 tuo
1431 2748 1616 2802 divino
1643 2763 1764 2802 cum
1794 2747 1898 2801 lide
1919 2745 2124 2815 gloriﬂ-
2157 2755 2159 2759 ‘

579 2855 788 2897 camus.

1235 2930 1351 2985 Ode
1403 2929 1458 2982 6.

2299 2655 2478 2717 Ναοὺς
2525 2655 2671 2725 ἡμᾶς
2703 2653 2837 2708 Θεοῦ
2879 2653 2972 2707 τοῦ
3014 2655 3072 2709 ὲν
3100 2654 3182 2706 σοὶ
3226 2655 3606 2725 ένοικήσαντος
3654 2656 3769 2707 avd-

2230 2746 2400 2812 δειξον
2419 2786 2433 2811 ,
2464 2745 2692 2798 Θεοτόκε
2712 2784 2728 2810 ,
2763 2745 2887 2808 τοὺς
2927 2744 3014 2823 τῷ,
3036 2745 3166 2814 θείῳ
3213 2744 3324 2816 ναῷ
3355 2762 3449 2798 σου
3481 2746 3692 2808 πιστῶς
3720 2761 3771 2796 σε

2234 2834 2649 2905 μακαρίζοντας.

2840 2972 2843 2973 ν
2896 2916 3017 2995 ᾮδὴ
3053 2923 3126 2989 ς’.

612 3078 615 3079 ν
648 3019 1120 3090 lnexpugnanilem
1165 3028 1421 3089 tanquam
1468 3034 1713 3097 murum,
1741 3033 1773 3072 ο
1806 3017 1972 3072 Mater
2005 3033 2127 3073 om-.

2308 3016 2607 3081 ’Λνέδειξας
2656 3020 2722 3089 τῇ
2767 2990 2957 3069 πασῶν
3005 2990 3249 3085 ⁷βασιλίδι
3301 3015 3408 3068 τῶν
3459 3015 3704 3078 πιίλεων,
3741 3017 3771 3084 ἡ

579 3115 730 3166 nium
768 3111 929 3180 Regis
974 3119 1028 3164 et
1068 3107 1306 3174 Domini,
1353 3108 1549 3164 dedisti
1579 3111 1853 3163 civitatum
1888 3109 2128 3163 omnium

578 3204 780 3272 reginae
809 3210 1008 3255 vestem
1043 3210 1187 3253 tuam
1219 3207 1460 3254 sanctam
1499 3214 1562 3261 ac
1584 3199 1964 3254 venerabilem.

651 3294 765 3348 Nos
791 3293 1110 3360 gaudentes,
1152 3287 1383 3358 Virginis
1401 3290 1629 3359 gratiam
1658 3289 2046 3358 gloriﬁcemus,
2065 3303 2130 3343 ac

573 3383 982 3438 sanctissimam
1012 3380 1159 3433 illius
1188 3387 1393 3433 vestem
1419 3394 1758 3441 veneremur,
1789 3392 1853 3432 ex
1876 3392 1984 3447 qua
2007 3391 2126 3431 om-

578 3473 668 3527 nis
695 3472 901 3526 sanitas
932 3485 994 3524 ac
1024 3469 1192 3523 robur
1222 3469 1411 3522 morbo
1439 3467 1812 3522 laborantibus
1842 3468 2124 3522 incessan-

580 3574 659 3618 ter
692 3571 993 3631 promanat.

2227 3107 2460 3161 τεκοῦσα
2492 3107 2733 3162 Βασιλέα
2763 3109 2870 3160 τῶν
2896 3106 3030 3160 ὅλων
3057 3110 3148 3159 καὶ
3178 3106 3399 3176 Κύριον,
3433 3106 3675 3177 caput;
3704 3105 3772 3167 ὡς

2225 3200 2401 3267 τεῖχος
2429 3199 2527 3269 τὴν
2555 3198 2757 3268 σεπτὴν
2786 3200 2878 3251 καὶ
2902 3199 3061 3266 ἁγίαν
3091 3198 3294 3266 ἐσθῆτά
3329 3214 3442 3249 σου.

2294 3289 2587 3359 Γηθόμενοι
2636 3288 2735 3357 τῆς
2790 3288 3064 3359 Παρθένου
3100 3288 3198 3356 τὴν
3231 3287 3386 3356 χάριν
3439 3286 3770 3356 δοξάσωμεν,

2227 3380 2319 3432 καὶ
2351 3381 2450 3448 τὴν
2483 3379 2683 3447 ταύτης
2713 3380 2985 3446 παναγίαν
3012 3378 3212 3447 ἐσθῆτα
3241 3380 3586 3447 τιμήσωμεν,
3630 3381 3689 3443 ἐξ
3712 3375 3773 3452 ἧς

2232 3472 2382 3524 πᾶσα
2410 3471 2575 3540 paci;
2603 3468 2921 3523 ἀσθενοῦσιν
2949 3470 3238 3533 ἀπαύστως
3269 3471 3618 3539 προέρχεται.

647 3653 1035 3708 luexhaustum
1081 3667 1346 3721 aquarum
1394 3652 1637 3706 vitalium
1680 3651 1886 3707 fontem
1943 3661 1993 3706 te
2023 3651 2293 3716 novimus,
2361 3666 2394 3704 o
2425 3651 2673 3721 Deipara,
2737 3662 2990 3722 tuamque
3062 3652 3299 3706 divinam
3376 3663 3584 3708 vestem
3622 3669 3772 3707 vene-

578 3765 788 3812 ramur,
832 3764 898 3803 ex
948 3763 1053 3818 qua
1100 3763 1200 3803 nos
1249 3733 1430 3802 ﬁdeles
1477 3737 1716 3817 quotidie
1767 3747 2126 3802 medicamina
2160 3746 2464 3801 haurimus.

601 3903 614 3910 η
650 3842 1018 3896 Substantiam
1046 3841 1320 3894 hominum
1351 3842 1454 3894 sibi
1482 3840 1589 3909 ipsi
1611 3839 1962 3895 domesticam
1997 3839 2125 3894 fecit

579 3931 859 3995 Dominus,
905 3932 1155 3985 habitans
1204 3931 1256 3984 in
1305 3940 1374 3995 te,
1419 3946 1451 3985 ο
1499 3929 1747 3999 Deipara,
1799 3944 2124 3998 omnemque

579 4025 750 4078 hostis
775 4024 1047 4076 lasionem
1073 4021 1141 4076 ab
1165 4035 1229 4076 eo
1261 4023 1662 4076 exterminavit.

1247 4131 1360 4185 Ode
1398 4133 1449 4185 7.

652 4223 916 4292 Depresso
949 4231 1109 4291 atque
1139 4222 1330 4275 humili
1362 4222 1544 4287 corde,
1574 4206 1859 4292 menteque
1882 4222 2119 4287 sublimi,

2312 3842 2371 3892 '0
2410 3840 2610 3908 Κύριος
2669 3841 2803 3909 μετὰ
2843 3839 2974 3904 σοῦ,
3026 3840 3252 3893 Θεοτόκε
3275 3879 3289 3904 ,
3340 3841 3637 3909 γενόμενος
3675 3843 3772 3894 τῶν

2229 3928 2528 4000 ἀνθρώπων
2557 3929 2731 3999 ἑαυτῷ
2750 3931 2847 4000 τὴν
2871 3930 3053 3982 οὐσίαν
3074 3929 3367 3998 ᾠκείωσεν,
3390 3931 3601 3982 καὶτοῦ
3627 3931 3771 3982 ἀλλο-

2227 4020 2377 4075 τρίου
2415 4020 2472 4084 ἐξ
2499 4021 2666 4090 αὐτῆς
2698 4023 2877 4074 πᾶσαν
2912 4021 3115 4091 βλάϐην
3137 4021 3416 4092 ἐξώρισεν.

2903 4133 3022 4185 Ὠδὴ
3051 4133 3114 4185 ζ’.

2903 4135 2918 4154 '
2961 4133 2987 4183 δ
3100 4171 3114 4185 .

2307 4223 2652 4294 ’Υψηλοτάτῳ
2682 4225 2761 4278 νοῒ
2791 4226 2884 4276 καὶ
2913 4131 3139 4296 Salii}
3167 4224 3360 4296 καρδίᾳ
3386 4224 3479 4276 τοῦ
3515 4225 3772 4294 βασιλέως

580 4290 904 4368 altissimum
940 4290 1102 4380 Regis
1134 4312 1386 4364 thronum
1413 4290 1812 4379 glerilicemusﬁ;
1840 4312 2123 4377 sanctissi-

2236 4290 2555 4390 ὃψηλότατον
2605 4290 2694 4375 τὸν
2743 4322 2929 4391 Θρόνον
2992 4290 3300 4390 δοξά-σωμεν
3336 4290 3449 4389 *τὴν
3502 4290 3770 4388 πανατίαν

581 4421 722 4458 mam
753 4405 955 4459 scilicet
984 4414 1036 4457 et
1060 4403 1270 4471 plenam
1301 4402 1473 4470 gratia
1504 4402 1757 4470 puellam.

647 4496 756 4564 20
786 4495 839 4547 In
869 4497 972 4547 hoc
995 4493 1230 4546 thalamo
1246 4500 1337 4545 tuo
1360 4494 1666 4547 venerando
1689 4500 2013 4548 asservata‘m
2037 4508 2129 4547 ve-

577 4596 713 4640 stem
761 4594 906 4638 tuam
966 4566 1089 4637 cuiu
1132 4583 1234 4636 ﬁde
1260 4583 1612 4648 honoramus,
1647 4570 2123 4653 tanquamparcam

577 4689 842 4739 sanctam,
915 4686 967 4729 ct
1016 4678 1264 4745 pietatem
1307 4678 1598 4732 colentium
1636 4680 2045 4747 protectionem,
2089 4695 2122 4734 ο

579 4772 672 4824 Dei
701 4771 933 4822 thalame
955 4769 1138 4821 electe.

649 4860 692 4910 Α
717 4866 980 4911 vetustate
1010 4859 1267 4912 liberatur
1296 4860 1472 4913 omnis
1493 4861 1582 4928 qui
1609 4875 1730 4913 cum
1758 4860 1860 4914 [ide
1896 4860 2122 4923 accedit,

578 4959 630 5002 et
669 4957 913 5001 sanctam
962 4950 1234 5016 capsulam
1284 4949 1580 5012 osculatur,
1627 4963 1745 5016 quae
1791 4951 2121 5018 splendidam

578 5043 778 5086 vestem
809 5045 949 5086 tuam
978 5035 1236 5099 continet,
1272 5049 1304 5088 ο
1331 5035 1494 5112 Virgo
1525 5044 1692 5087 casta.

649 5214 758 5283 (‘24)
794 5213 871 5283 Au
904 5214 1013 5267 lia-c
1055 5213 1213 5283 verba
1252 5211 1698 5283 immaculalth.
1731 5211 1969 5282 Virginis
2000 5229 2128 5267 con-

576 5281 811 5350 ceptioni
855 5282 1086 5343 faveant,
1122 5282 1327 5349 judicet
1372 5283 1555 5350 lector.
1594 5281 1750 5336 Certe
1789 5281 1888 5350 ego
1929 5285 2126 5336 intelli-

578 5349 701 5418 gere
733 5366 836 5403 non
868 5367 1110 5419 possum,
1149 5351 1422 5418 quomodo
1467 5349 1519 5399 B.
1564 5351 1719 5419 \irgo
1746 5349 1992 5406 abSolute
2020 5355 2123 5406 dici

580 5424 747 5487 possit
787 5425 984 5473 munda
1036 5422 1100 5471 ah
1128 5420 1444 5487 omnilabe.
1497 5429 1548 5472 ct
1590 5422 1699 5472 sola
1730 5421 2034 5482 benedicta,
2082 5423 2123 5474 si

577 5490 693 5542 labe
720 5492 996 5555 originalis
1025 5490 1226 5555 peccati
1259 5486 1472 5559 laedam
1521 5490 1809 5554 aliquando
1852 5492 2122 5559 apparuit,

573 5567 626 5610 et
669 5561 946 5611 communi
1001 5558 1386 5621 malediclimti,
1443 5568 1498 5611 ut
1535 5562 1713 5613 caeteri
1761 5558 1950 5613 omnes
2001 5562 2124 5612 Ada:

580 5628 695 5690 lilii,
730 5627 967 5692 subjecta
1003 5626 1119 5679 fuit.

2223 4413 2390 4479 κόρην
2422 4412 2518 4480 τὴν
2552 4407 3015 4486 κεχαριτωμένην.
3163 4477 3165 4479 ι

2251 4542 2256 4545 .
2292 4503 2506 4565 Παστὰς
2554 4503 2687 4556 Θεοῦ
2735 4504 2999 4571 ὲκλεκτὴ,
3039 4504 3098 4555 ὲν
3143 4506 3207 4573 τῇ
3249 4506 3418 4572 σεπτῇ
3471 4519 3570 4554 σου
3608 4502 3770 4570 ταύτῃ

2223 4594 2450 4646 παστάδι
2485 4594 2664 4646 πίστει
2690 4595 2787 4664 τὴν
2822 4595 3025 4664 ἐσθῆτά
3063 4611 3154 4646 σου
3193 4595 3450 4663 κειμένην
3481 4593 3770 4662 σεϐόμεθα,

2224 4687 2298 4750 ὡς
2330 4687 2558 4739 κιϐωτὸν
2593 4688 2753 4754 ἁγίαν
2785 4687 2882 4739 καὶ
2910 4687 3274 4738 εὐσεϐούντων
3305 4685 3538 4754 σκέπην.

3169 4463 3198 4477 α

2314 4859 2742 4921 ’Λνακαινιεεται
2783 4860 2887 4920 πᾶς
2918 4859 2945 4909 ὁ
2969 4855 3205 4926 προσιὼν
3230 4857 3288 4908 ὲν
3321 4856 3525 4918 πίστει,
3561 4860 3655 4909 καὶ
3681 4871 3772 4921 την

2229 4951 2389 5017 ἁγίαν
2419 4951 2792 5018 ἀσπαζόμενος
2826 4949 2980 5018 σορὸν
3013 4947 3109 5017 τὴν
3151 4947 3481 5016 κατέχουσαν
3523 4947 3627 5016 τὴν
3660 4949 3770 5016 σὴν,

2233 5039 2368 5107 ἁγνὴ
2395 5039 2656 5108 ΠαρΘὲνε,
2683 5040 2943 5109 φωτοειδῆ
2970 5039 3188 5106 ἐσθῆτα.

2307 5215 2418 5283 (25)
2470 5217 2605 5281 Quid
2638 5227 2721 5269 est
2761 5232 2880 5270 esse
2915 5220 3270 5284 undequaque
3312 5229 3535 5281 purum,
3578 5214 3679 5267 nisi
3712 5228 3771 5265 ex

2228 5287 2374 5338 omni
2413 5297 2580 5351 parte,
2627 5297 2786 5353 atque
2816 5302 2876 5338 ex
2913 5286 3056 5350 omni
3109 5300 3301 5347 genere
3332 5299 3518 5337 carere
3549 5284 3770 5353 impuris

2226 5356 2371 5407 tate?
2419 5354 2534 5407 Non
2585 5352 2772 5408 luisset
2809 5356 2971 5423 igitur
3007 5354 3064 5407 Β.
3103 5353 3263 5422 Virgo
3293 5355 3679 5422 undequaque,
3725 5352 3770 5402 id

2224 5431 2389 5475 estex
2424 5426 2568 5476 οιιιιιὶ
2596 5437 2763 5491 parte,
2788 5435 2950 5491 atque
2976 5439 3040 5477 ex
3061 5425 3205 5477 oumi
3236 5436 3431 5491 genere
3454 5423 3769 5490 purissima,

2224 5492 2266 5613 (sli
2299 5509 2362 5545 ex
2396 5503 2545 5560 parte
2572 5493 2944 5563 conccptionis
2970 5492 3218 5562 originali
3249 5491 3770 5562 fuissetimpuritate

2261 5571 2525 5613 elui-nata.

2261 5571 2525 5628 elui-pata.
