3926 6308
158 319 306 382 1009

1551 325 1910 385 MARIALE.

3208 329 3340 390 1010

232 434 502 488 Emundat
526 448 711 487 omnes
743 434 932 488 animm
961 437 1225 498 sordes,o
1293 437 1452 507 Virgo
1514 438 2037 499 mundissima,h:ec
2069 451 2214 500 arca,
2280 452 2398 507 quae
2426 439 2664 491 continet
2732 448 2929 492 vestem
3002 439 3166 498 ilium.
3233 458 3335 506 qua

150 542 361 593 corpus
391 535 541 580 tuum
566 525 922 577 venerandum
951 537 1260 594 coopertum
1295 527 1414 580 fuit.

3335 505 3347 568 ί

232 617 597 686 Θεογεννῆτορ
626 616 780 693 ἁγνὴ,
830 617 926 685 τὴν
958 617 1015 669 σὲ
1052 619 1294 688 τιμῶσαν
1340 620 1699 689 πόλινρλιμοῢ,

1873 622 2114 685 Custodi,
2151 623 2239 676 Dei
2272 623 2510 678 Genitrix
2537 640 2690 693 pura,
2738 623 2876 677 hanc
2909 623 3094 676 urbem
3142 638 3260 692 quae
3292 631 3341 675 te

153 708 392 776 σεισμοῦ
438 724 495 759 τε
535 709 626 759 καὶ
671 706 960 768 κακώσεως
1005 710 1220 778 ἀπάσης
1267 712 1574 781 περίσωζε,
1620 713 1710 766 καὶ¹

151 797 384 869 εθνικῆς
415 799 623 867 ἐφόδου,
659 801 751 852 καὶ
779 797 1024 860 ἐναντίας
1059 800 1279 870 βλάϐης.

855 978 959 1048 an
999 976 1068 1047 η’·

232 1067 591 1136 Εὐχαρίστοις
619 1049 816 1135 φωναῖς
846 1068 1192 1137 ἀνυμνοῦμέν
1223 1086 1281 1120 σε
1308 1069 1404 1138 τὴν
1444 1072 1706 1124 παντοίων

153 1157 345 1208 καλῶν
373 1159 499 1228 ἡμῖν
547 1158 822 1227 πρόξενον,
854 1159 943 1210 καὶ
969 1157 1064 1227 τὴν
1111 1158 1310 1228 σεπτὴν
1363 1159 1564 1227 ὲσθῆτά
1613 1177 1705 1212 σου

152 1248 550 1316 ἀσπαζόμενοι,
570 1249 740 1318 Κόρη,
757 1249 1107 1312 ἀναϐοῶντεςο
1129 1250 1431 1316 Εὑλογείτε,
1457 1251 1522 1302 τὰ
1551 1251 1705 1321 ἔργα.

151 1338 254 1388 τὸν
287 1337 504 1407 Κύριον.
799 1349 802 1354 ’

233 1427 442 1493 Νοητὺν
465 1428 536 1486 ὡς
558 1427 860 1496 λαμπάδιον
887 1428 1098 1497 ἔχοντες
1131 1430 1188 1480 ὲν
1217 1427 1406 1497 λυχνίᾳ
1432 1428 1708 1498 τραπέζης

155 1516 522 1582 προκείμενον
591 1515 650 1566 τὸ
712 1517 850 1585 ἱερὸν
930 1518 1192 1586 μαφόριον
1268 1518 1365 1585 τῆς
1437 1519 1708 1584 πανάγνου

156 1603 483 1672 Παρθένου,
539 1603 635 1666 τάς
693 1605 793 1674 τῆς
847 1608 1073 1676 καρδίας
1136 1607 1480 1676 φωτιζόμεθα
1544 1610 1708 1678 κόρας

155 1693 447 1747 ἑκάστοτε.

233 1783 496 1851 Οὐδαμῶς
534 1781 891 1852 ἀμοιροῦντας
920 1784 1205 1847 κατέλιπες
1234 1786 1383 1853 ἱερᾶς
1414 1803 1529 1851 σου,
1565 1788 1710 1855 Hap-

155 1868 306 1933 Θὲνε,
340 1870 725 1938 προσψαύσεως
753 1871 876 1932 τοὺς
898 1870 1148 1935 ἀναξίους
1176 1873 1394 1936 δούλους
1427 1891 1522 1926 σου
1551 1893 1564 1906 ’
1591 1877 1710 1928 ἀντὶ

1813 718 2061 780 honorat,
2126 731 2153 768 a
2221 715 2392 779 fame,
2450 725 2773 778 terrmmotu,
2828 725 2988 784 atque
3041 714 3186 767 omni
3263 712 3344 765 af-

1813 797 2083 862 ﬂictione:
2155 808 2221 860 ab
2275 809 2610 862 ethnicorum
2664 808 2883 876 impetu,
2942 816 3101 873 alque
3161 803 3343 858 hostili

1811 892 2044 951 limam.

2458 989 2566 1041 (tle
2622 989 2672 1041 8.

1877 1077 1920 1131 Ο
1969 1080 2208 1132 omnium
2268 1079 2421 1133 nobis
2475 1081 2736 1132 bonorum
2796 1078 3163 1142 conciliatrix,
3224 1091 3346 1130 cum
3420 1079 3422 1082 ’

1808 1169 2103 1237 gratiarum
2150 1169 2359 1221 actione
2406 1177 2456 1221 te
2505 1169 2832 1222 laudamus:
2871 1176 2922 1220 et
2957 1177 3155 1220 vestem
3204 1175 3346 1219 tuam

1808 1259 2168 1331 venerabilem
2203 1259 2597 1322 deosculantes,
2629 1275 2659 1311 0
2689 1258 2902 1321 Puella,
2937 1260 3304 1311 exclamamus
3334 1274 3347 1308 :

1809 1344 2129 1409 Bcnedicite,
2163 1361 2342 1414 opera,
2373 1346 2678 1400 Dominum.

1879 1434 2101 1488 Lumine
2127 1434 2238 1503 jugi
2291 1434 2540 1488 fruuntur
2590 1436 2729 1489 oculi
2774 1435 2952 1488 cordis
2991 1433 3182 1494 nostri,
3229 1449 3348 1485 eum

1811 1525 2107 1580 habeamus
2151 1535 2406 1595 tanquam
2457 1527 2755 1594 lampadem
2809 1527 2862 1578 in
2907 1527 3122 1578 lucerna
3157 1539 3354 1576 mensa:

1811 1617 2225 1684 prominentem,
2263 1633 2469 1671 sacram
2506 1630 2706 1672 vestem
2743 1618 3061 1671 eaStissima:
3097 1615 3348 1683 Virginis.

1879 1793 1922 1845 Ο
1955 1791 2138 1861 Virgo,
2174 1792 2296 1846 licet
2325 1793 2573 1859 indignos
2616 1807 2801 1846 servos
2835 1803 2974 1853 tuos,
3010 1791 3156 1851 nullo
3199 1789 3371 1864 ttunhr

1781 1881 2077 1950 -reliqnisti
2114 1891 2360 1949 expertes
2391 1882 2527 1934 sacri
2576 1891 2855 1935 contactus
2887 1882 2992 1944 tni;
3030 1882 3223 1931 etenim
3262 1894 3357 1945 pro

155 1960 413 2027 σώματος
439 1959 543 2029 γάρ
571 1976 661 2011 σου
685 1958 777 2011 τοῦ
801 1961 1080 2030 ςωηφόρου
1109 1962 1205 2032 τὴν
1231 1962 1430 2031 ἐσθῆτά
1453 1981 1544 2016 σου
1576 1967 1706 2018 πᾶσι

1831 1972 1956 2026 ritali
2001 1987 2232 2046 corpore
2267 1981 2378 2035 tuo,
2420 1982 2618 2024 vestem
2669 1981 2810 2025 tuam
2842 1972 3089 2023 omnibus
3121 1971 3354 2022 donasti.

153 2047 483 2117 δεδώρησαι.

247 2139 563 2208 ’Υμνῳδίαις
598 2138 798 2202 ἐνθέοις
836 2140 1154 2210 τιμήσωμεν
1180 2141 1272 2194 τοῦ
1304 2143 1435 2195 Θεοῦ
1464 2145 1705 2216 εύρύχω-

156 2249 261 2299 ρον
292 2231 550 2299 σκήνωμα
579 2230 674 2299 τὴν
695 2231 753 2282 ἐν
775 2231 1011 2301 μητράσι
1043 2233 1312 2299 πάναγνον
1344 2233 1437 2302 τὴν
1461 2235 1706 2302 οὐράνιον

154 2318 363 2384 πύλην,
390 2318 456 2369 δι’
484 2314 546 2386 ἧς
587 2317 836 2387 ἐκλείσθη
863 2320 896 2388 ἡ
937 2320 1071 2389 πρὸς
1103 2320 1328 2374 θάνατον
1371 2322 1508 2374 πύλτι
1558 2324 1707 2376 εἰσά-

153 2425 360 2476 γουσα.

835 2504 957 2576 ᾮδὴ
985 2505 1049 2558 θ’.

251 2592 378 2645 Ἰδού
416 2609 472 2644 σε
505 2592 603 2662 τὴν
637 2592 821 2664 κλίνην
858 2595 1106 2665 Σολομῶν
1146 2596 1473 2666 γεραίρομεν
1501 2614 1710 2667 χαρμο-

157 2681 346 2743 σῦνοις
387 2684 755 2752 μελῳδήμασι,
803 2683 896 2735 καὶ
924 2683 1018 2752 τὴν
1057 2685 1243 2752 τιμίαν
1288 2701 1379 2737 σου
1408 2687 1607 2754 ἐσθῆτα
1636 2686 1713 2747 ὡς

155 2772 334 2839 ἀλλην
365 2771 590 2824 κιϐωτὸν
628 2773 966 2842 άγιάσματος
1018 2773 1360 2838 κυκλοῦντες,
1408 2775 1506 2836 τὰς
1544 2775 1712 2837 ἰάσεις

154 2861 510 2931 λαμϐάνομεν
539 2861 633 2923 τὰς
658 2863 980 2931 σωτηρίους,
1007 2863 1094 2915 ἀεὶ
1124 2864 1384 2933 Παρθένε.

242 2953 416 3022 Ὧιρθη
440 2951 533 3004 νῦν
559 2953 592 3021 ἡ
623 2951 742 3005 θεία
764 2969 856 3005 σου
887 2953 1043 3023 σορὸς
1073 2957 1371 3023 κατέχουσα
1395 2954 1492 3025 τὴν
1517 2955 1715 3024 ἐσθῆτα

159 3043 264 3113 τὴν
280 3043 464 3110 τιμίαν
488 3059 605 3107 σου,
631 3042 817 3110 ὥσπερ
840 3046 1017 3112 πηγὴν
1047 3042 1242 3111 φωτὸς,
1276 3043 1536 3113 Παρθένε,
1566 3046 1717 3097 ἀκτῖ-

161 3152 263 3196 νας
319 3133 560 3202 ἰαμάτων
609 3134 964 3201 ἐκπέμπουσα
1011 3134 1105 3186 καὶ
1162 3135 1350 3196 σκότος
1398 3133 1716 3202 νοσημάτων

160 3224 456 3281 διώκουσα,
484 3225 548 3293 ἣν
581 3223 716 3290 μετά
741 3223 904 3276 πόθου
932 3211 1313 3292 ἀσπαζόμεθα.

1886 2148 2225 2203 lllustremus
2272 2149 2471 2203 divinis
2537 2150 2769 2203 canticis
2822 2149 3209 2215 amplissimum
3266 2146 3357 2198 Dei

1817 2239 2244 2303 tabernaculum,
2288 2239 2649 2293 castissimam
2701 2239 2844 2292 inter
2888 2249 3105 2300 matres,
3153 2245 3357 2303 portam

1817 2325 2114 2387 caelestem,
2160 2339 2254 2393 per
2295 2341 2456 2394 quam
2490 2325 2672 2379 clausa
2709 2337 2792 2380 est
2818 2326 3004 2394 jzmua,
3040 2341 3155 2392 qtnc
3192 2325 3360 2376 intro-

1815 2414 2044 2469 ducehat
2072 2414 2136 2468 ad
2176 2424 2428 2469 mortem.

2503 2507 2610 2559 Ode
2638 2506 2690 2559 9.

1827 2627 1838 2640 .
1889 2597 1930 2644 υ
1972 2591 2134 2662 Virgo
2167 2602 2447 2663 perpetua,
2489 2594 2722 2664 ingentis
2765 2593 2961 2647 lat-tilia:
2985 2583 3207 2648 canticis
3239 2609 3364 2648 ecce

1818 2687 2142 2736 veneramur
2185 2691 2234 2735 te
2275 2682 2526 2736 lectulum
2573 2682 2920 2736 Salomonis:
2968 2697 3029 2734 ac
3072 2685 3361 2751 pretiosam

1819 2783 2019 2827 vestem
2051 2781 2200 2826 tuam
2232 2780 2487 2841 tanquam
2524 2772 2680 2824 aliam
2715 2773 3159 2826 sanctiﬁcationis
3183 2789 3362 2827 arcam

1819 2863 2238 2931 circumdantes,
2261 2863 2519 2916 salutares
2551 2863 2652 2929 21
2691 2863 2925 2916 medelas
2949 2863 3258 2931 recipimus.

1881 2952 2042 3008 Sicut
2084 2951 2206 3006 fons
2242 2951 2376 3006 lucis
2404 2952 2518 3005 visa
2565 2961 2667 3017 est,
2725 2967 2756 3005 ο
2787 2950 2968 3020 Virgo,
3011 2968 3132 3005 arca
3169 2953 3254 3004 illa
3285 2952 3366 3003 (ὶί-

1821 3047 1966 3110 vina,
2007 3058 2128 3114 quae
2163 3042 2404 3097 continet
2437 3052 2640 3096 vestem
2679 3051 2822 3096 tuam
2854 3043 3168 3111 pretiosam,
3211 3042 3367 3093 emit-

1824 3147 1939 3192 tens
1961 3137 2142 3190 radios
2172 3135 2540 3197 curationum,
2577 3149 2639 3188 ac
2660 3135 2908 3188 tenebras
2940 3136 3248 3187 morborum
3277 3133 3343 3185 de

1824 3227 2057 3296 pellens;
2088 3227 2209 3284 ideo,
2242 3226 2385 3278 illam
2418 3241 2540 3278 cum
2579 3225 2769 3278 aﬂ'ectu
2800 3225 3199 3278 deosculamur.

237 3315 483 3382 Σήμερον
523 3313 903 3381 συγχαίρουσιν
944 3314 1094 3382 ἡμῖν,
1124 3306 1452 3382 πανάμωμε,
1487 3330 1713 3382 προσκυ-

1897 3316 2184 3370 Exsultant
2223 3316 2505 3369 nobiscum
2551 3316 2732 3379 hodie,
2775 3331 2805 3369 ο
2850 3315 3365 3373 immaculatissima.

161 3405 320 3473 νήσει
367 3404 463 3472 τῆς
508 3403 729 3470 ἐσθῆτός
778 3421 870 3455 σου
920 3406 1090 3457 πᾶσαι
1146 3404 1396 3473 οὐράνιαι
1425 3404 1716 3473 Δυνάμεις,

163 3495 474 3556 ἀπόστολοι,
516 3494 806 3563 προφῆται,
840 3495 930 3546 καὶ
966 3495 1261 3563 μάρτυρες,
1311 3500 1404 3547 καὶ
1433 3495 1589 3557 ὅσιοι,
1622 3498 1719 3547 καὶ

163 3587 363 3640 δίκαιοι
392 3587 643 3648 ἅπαντες,
682 3587 942 3640 Δέσποινα
971 3589 1102 3656 μόνη
1134 3589 1219 3640 ἀεὶ
1246 3588 1508 3658 Παρθένε.
1571 3603 1582 3611 '

249 3677 534 3743 Ἦγίασται
584 3676 824 3746 ἆπασαή
857 3676 966 3745 γῆ,
1000 3677 1264 3744 πανάγιον
1312 3675 1404 3729 τοῦ
1449 3677 1717 3729 Δεσπότου

165 3767 532 3835 καταγώγιον,
564 3772 629 3837 τῇ
659 3767 943 3820 καταθέσει
972 3767 1073 3835 τῆς
1104 3768 1327 3836 ἐσθῆτος
1353 3769 1449 3836 τῆς
1475 3768 1594 3835 σῆς,
1629 3768 1720 3819 καὶ

161 3861 193 3910 ὁ
222 3857 387 3910 Δαὸὶδ
412 3859 771 3924 ὲπαγάλλεται
793 3861 892 3928 τῆς
924 3858 1088 3910 πάλαι
1123 3858 1359 3910 κιόωτοῦ
1415 3858 1720 3926 προτυπού-

166 3965 273 4017 σης
302 3964 360 3999 σε
388 3950 453 4016 τῇ
483 3947 788 4012 καταθέσει,
821 3949 908 4000 ἀεὶ
946 3948 1214 4018 Παρθένε.

238 4038 467 4108 Φαιδρὺν
487 4038 825 4109 περιϐόλαιον
854 4038 915 4091 τὸ
939 4040 1029 4092 σὺν
1054 4041 1317 4108 μαφόριον
1349 4039 1602 4107 ἐδωρήσω
1626 4039 1719 4091 καί¹

165 4127 535 4198 προτείχισμα
579 4130 641 4196 τῇ
691 4145 749 4180 σε
795 4130 1006 4198 τιμώσῃ
1065 4128 1293 4196 βασιλίδι
1340 4128 1448 4180 τῶν
1514 4129 1718 4181 πόλεων

164 4219 382 4284 πασῶν,
416 4219 489 4281 ὡς
530 4219 839 4287 βασίλισσαν
874 4221 1124 4274 ἁπάντων
1159 4221 1480 4289 ποιημάτων
1512 4221 1717 4288 τυγχά-

163 4327 389 4373 νουσαν,
418 4310 717 4381 Θεοκυῆτορ
751 4311 1191 4381 μητροποὶρθενε.

907 4425 980 4476 Ε’.

165 4534 313 4601 Περὶ
342 4532 446 4604 τῆς
471 4535 660 4604 τιμίας
693 4535 876 4602 ζώνης
917 4536 1024 4603 τῆς
1060 4538 1381 4604 ammon-iac
1431 4538 1718 4590 Θεοτόκου

241 4603 452 4673 Κανῶν
481 4604 556 4673 E',
585 4602 654 4659 οὗ
687 4607 722 4672 ἡ
763 4602 1106 4672 ἀκροστιχίς
1136 4602 1265 4658 ἐστι
1288 4623 1300 4634 ·
1340 4625 1356 4655 ι
1405 4607 1613 4669 ’ἰσχύν
1636 4623 1713 4673 με

237 4672 355 4740 τὴν
379 4672 500 4739 σὴν
531 4672 742 4737 ζῶσον,
783 4674 933 4741 ἁγνὴ
961 4676 1239 4742 Παρθένε.
1271 4694 1288 4725 ›
1331 4674 1569 4743 Ἰωσήφ.

853 4787 974 4840 Ὠδὴ
1007 4793 1075 4840 α’.

857 4805 975 4856 axon
1007 4805 1075 4840 α’.

255 4879 428 4946 Ἰσχύν
459 4894 525 4944 με
556 4876 700 4930 θείαν
729 4877 963 4938 εὐσεϐῶς
993 4876 1290 4944 περίζωσον
1322 4877 1721 4947 ὑμνολογοῦντά

168 4987 272 5023 σου
302 4968 400 5038 τὴν
433 4969 583 5038 ἱερὰν
615 4967 788 5038 ζώνην
818 4968 959 5020 θεῖον
1003 4969 1442 5036 χρηματίζουσαν
1474 4970 1537 5036 τῇ
1571 4969 1723 5020 πόλει

168 5079 271 5116 σου
301 5060 620 5130 περίξωσμα
656 5060 749 5111 καὶ
780 5059 1125 5128 κραταίωμα,
1147 5060 1314 5128 Κόρη,
1348 5059 1441 5110 καὶ
1478 5059 1716 5128 άρῥαγὲς

245 5235 358 5302 (26)
387 5237 569 5289 Exstat
604 5236 691 5290 hic
733 5250 906 5290 canon
952 5236 1136 5288 Grrece
1166 5235 1216 5287 in
1247 5234 1458 5286 Menaeis
1499 5233 1716 5287 Graeco-

171 5321 319 5365 rum,
347 5313 453 5357 tatn
481 5305 778 5372 impressis,
800 5319 958 5372 quam
985 5304 1384 5368 manuscriptis,
1414 5303 1514 5372 sub
1536 5304 1619 5353 die
1647 5303 1709 5356 5i

168 5374 424 5438 Augusti;
469 5371 574 5439 quo
617 5374 702 5426 die
738 5371 865 5428 olim
905 5373 1369 5436 Constantinopoli
1407 5372 1459 5422 in
1491 5371 1719 5424 Chalco-

174 5443 384 5511 prateio
417 5442 784 5495 eelehrabatur
827 5443 1018 5496 festum
1070 5440 1444 5511 Depositionis
1474 5441 1720 5505 pretiosa}

172 5507 350 5565 aenae.
389 5526 478 5562 seu
515 5512 714 5576 cinguli
746 5512 1098 5565 sanctissimae
1124 5510 1212 5562 Dei
1245 5507 1553 5561 Genitricis.

269 5579 383 5649 (27)
413 5578 610 5631 Przetcr
633 5578 861 5648 Joscphu
874 5596 920 5632 m
950 5591 1221 5649 nostrum,
1239 5576 1721 5649 sacratamADeipa—

176 5665 253 5703 ra:
278 5644 468 5702 'zonatn
502 5649 711 5716 hymnis
735 5644 784 5701 et
821 5650 1066 5702 laudibus
1099 5646 1381 5703 celebravit
1412 5644 1466 5698 S.
1496 5644 1718 5698 Germa-

1823 3408 1875 3461 in
1918 3402 2231 3461 adorationc
2273 3407 2437 3461 vestis
2480 3415 2604 3470 tute,
2653 3405 2898 3459 Virtutes
2939 3406 3206 3466 caelestes,
3241 3418 3369 3471 apo-

1823 3499 1967 3560 stoli,
2001 3497 2274 3567 prophetae
2295 3504 2348 3549 et
2372 3506 2669 3564 martyres;
2696 3506 2749 3548 et
2780 3495 2951 3548 sancti
2987 3509 3050 3546 ac
3085 3494 3216 3562 justi
3249 3496 3368 3545 uni-

1822 3589 2000 3653 versi;
2029 3603 2061 3641 ο
2093 3589 2319 3640 Domina
2349 3587 2465 3640 sola
2502 3585 2664 3654 Virgo
2705 3595 2984 3653 perpetua.

1890 3679 2266 3747 Propositione
2289 3677 2453 3731 vestis
2483 3686 2608 3739 tuae,
2637 3676 2968 3729 sanctiﬁcata
2994 3683 3078 3727 est
3109 3675 3363 3726 universa

1823 3779 1987 3831 terra,
2036 3785 2069 3823 ο
2116 3769 2518 3823 sanctissimum
2582 3766 2796 3819 Domini
2855 3765 3259 3818 habitaculum:
3316 3773 3371 3816 et

1820 3860 2110 3914 exsultavit
2142 3859 2271 3912 olim
2305 3858 2465 3912 David
2500 3859 2551 3911 in
2584 3858 2915 3926 expositione
2950 3870 3261 3925 at‘c:e,_qu:e
3295 3863 3365 3915 lc,

1821 3965 1853 4002 o
1891 3949 2050 4017 Virgo
2077 3960 2355 4018 perpetua,
2392 3948 2788 4017 praatigurabat.

1891 4038 2040 4093 llanc
2079 4051 2277 4092 vestem
2321 4049 2466 4092 tuam
2501 4050 2758 4107 tanquam
2800 4037 3112 4105 praeclarum
3167 4037 3364 4088 vallum

1819 4146 1882 4184 ac
1917 4130 2309 4183 munimentum
2353 4130 2564 4182 donasti
2610 4130 2803 4196 reginae
2834 4128 3074 4181 omnium
3126 4127 3365 4186 urbium,

1819 4237 1938 4291 quae
1957 4227 2016 4274 ‘te
2040 4221 2186 4284 colit,
2206 4221 2365 4274 veluti
2389 4220 2645 4288 Reginam
2668 4219 2906 4272 omnium
2925 4229 3318 4279 creaturarum,
3338 4232 3370 4269 ο

1821 4313 1911 4367 Dei
1952 4313 2189 4368 Genitrix
2226 4309 2389 4381 Virgo
2421 4319 2611 4364 mater.

2577 4421 2614 4472 V

1824 4537 1900 4590 De
1941 4538 2163 4602 pretiosa
2199 4552 2328 4588 zona
2369 4535 2427 4588 Β.
2484 4535 2709 4602 Virginis
2759 4533 3207 4601 Constantinopoli
3247 4534 3371 4584 olim

1889 4615 2172 4668 asset-nata,
2211 4606 2389 4656 Canon
2441 4604 2478 4655 V
2517 4606 2649 4672 (‘26),
2700 4603 2848 4670 cujus
2904 4605 3209 4672 acroatichis
3253 4615 3324 4652 est
3355 4618 3369 4651 :

1890 4695 1907 4726 ι
1953 4675 2148 4726 Robore
2171 4690 2248 4725 me
2268 4674 2473 4742 nccinge
2509 4671 2616 4735 tuo,
2652 4689 2680 4724 ο
2712 4685 2857 4727 casta
2900 4671 3073 4740 Virgo.
3111 4689 3127 4721 ι
3156 4671 3368 4738 Ioseph.

2492 4783 2604 4838 Ode
2648 4785 2698 4838 1.

1896 4877 2103 4932 Robore
2154 4876 2336 4929 divino
2377 4875 2669 4928 clementer
2721 4888 2804 4928 me
2853 4858 3144 4927 circumda
3182 4883 3232 4925 et
3282 4888 3372 4924 ac-

1821 4967 1992 5034 cinge,
2024 4981 2055 5017 ο
2087 4966 2400 5017 intemerata
2433 4962 2623 5032 Virgo!
2659 4963 2874 5030 quando
2909 4974 3175 5016 sacratam
3229 4979 3370 5013 nunc

1824 5073 2014 5110 zonam
2041 5066 2185 5109 tuam
2210 5055 2424 5125 hymnis
2450 5056 2663 5108 celebro
2697 5054 2830 5125 (‘27),
2862 5070 2981 5122 qua:
3016 5056 3152 5106 hanc
3177 5053 3368 5104 civita-

1823 5248 1925 5286 nus
1959 5232 2264 5300 patriarcha
2288 5232 2940 5297 Constantinopolitanus,
2973 5239 3024 5281 et
3053 5228 3364 5300 Enthymins

1826 5295 2122 5372 monachus
2164 5301 2482 5372 Zigabenus,
2519 5295 2743 5368 uterque
2774 5299 3120 5372 inﬁticomio
3150 5296 3198 5372 i_n
3234 5295 3362 5345 ado-

1819 5370 2082 5422 rationem
2122 5363 2437 5423 venerandae
2483 5385 2630 5421 zona:
2658 5363 3030 5421 sanctissima:
3090 5363 3364 5426 Deipartc;

1819 5439 1943 5490 item
2001 5437 2734 5508 GeorgiusiNicotncdiensis,
2780 5450 2981 5508 canone
3007 5432 3087 5508 lle
3139 5432 3364 5508 Deposi-

1819 5508 1961 5558 tione
2018 5500 2334 5559 veneranda:
2395 5521 2540 5558 zona:
2597 5506 2948 5559 sanctissimze
3007 5500 3239 5567 Virginis
3311 5501 3359 5548 in

1796 5575 2150 5636 ,Blachernis,
2193 5575 2284 5641 qui
2314 5590 2485 5627 canon
2515 5573 2699 5627 Graece
2733 5580 2904 5641 exstat
2946 5583 3043 5619 ms.
3084 5568 3133 5618 in
3178 5568 3362 5618 codice

1822 5644 2160 5698 Bibliotheca:
2208 5639 2514 5697 monasterii
2550 5643 2756 5712 Cl'yplrc
2821 5639 3051 5690 Fert-alte
3096 5655 3110 5691 :
3154 5650 3357 5687 necnon
