3926 6308
545 232 665 295 1011

1614 237 1671 295 S.
1712 234 2020 295 JOSEPHI
2058 240 2615 302 HYMNOGRAPHI

3598 245 3739 308 10εὲ

540 358 643 400 teni
687 348 789 416 22
826 340 976 400 tuam
1029 347 1193 416 cingit
1226 355 1283 400 ut
1326 346 1522 400 vallum
1554 357 1603 400 et
1642 346 1780 402 forte
1810 348 2075 425 quoddam

2187 357 2587 425 περιτείχισμα,
2622 356 2851 425 άχραντε
2904 355 3164 426 Παρθένε,
3217 360 3281 427 τῇ
3351 358 3553 428 ποίμνῃ
3614 377 3731 413 σου.

540 438 988 505 propugnaculum
1029 436 1097 489 ab
1128 438 1244 501 ipso
1272 438 1427 491 nobis
1457 436 1686 492 Numine
1717 452 2034 493 concessum
2062 458 2077 495 :
2116 455 2237 509 qua:
2267 444 2392 498 item
2418 455 2634 501 tuorum
2663 445 2916 500 clientum
2948 461 3160 516 gregem
3234 449 3411 502 munit
3475 459 3737 518 tanquam

538 527 675 579 muri
730 525 942 594 quidam
1018 525 1253 581 ambitus
1304 526 1447 579 nulla
1504 542 1755 599 unquam
1805 530 1854 581 vi
1922 533 2275 599 rumpendas.

607 615 1036 683 Omnipotentem
1064 616 1317 684 peperisti
1352 616 1538 679 Deum,
1557 631 1590 667 o
1616 597 2074 673 incontaminatai

537 708 628 775 qni
660 723 846 762 omnes
877 708 991 776 pios
1034 710 1265 778 accingit
1312 709 1545 761 virtute:
1590 710 1731 763 unde
1780 710 1990 763 beatam
2027 719 2080 765 te

540 798 898 861 nominantes,
956 800 1093 852 hanc
1137 800 1413 853 caelestem
1463 816 1653 853 zonam
1700 809 1846 853 tuam
1888 815 2082 871 magna

536 887 841 940 animorum
874 888 1056 941 laetitia
1087 889 1487 953 deosculamur,
1523 898 1581 941 ut
1600 874 1791 958 ex'qua
1824 898 2081 958 tanquam

538 974 681 1028 fonte
706 976 933 1043 gratiam
965 976 1249 1031 haurimus
1288 987 1340 1030 et
1370 978 1814 1039 misericordiam.

494 1116 501 1123 ,
602 1062 748 1118 Bona
797 1065 958 1119 hodie
1007 1066 1128 1120 luce
1178 1076 1365 1121 exorta
1418 1082 1541 1120 cum
1597 1068 1832 1136 tripudio
1887 1083 2083 1137 magno

530 1158 866 1212 exsultemus
894 1168 1113 1227 prepter
1138 1168 1361 1213 sacrata:
1387 1176 1555 1226 tonse,
1585 1174 1705 1227 quas
1745 1172 1951 1215 castam
1984 1159 2081 1216 Dei

530 1243 823 1301 Parentcm»
864 1248 1053 1314 cinxit,
1088 1251 1227 1319 apud
1265 1266 1362 1306 nos
1412 1251 1499 1305 hic
1536 1252 1792 1320 deposita:
1821 1251 2081 1308 solemni-

531 1347 696 1391 tatem
728 1337 836 1406 (28)
862 1357 874 1392 :
900 1354 963 1393 ex
993 1355 1100 1408 qua
1141 1340 1299 1394 nobis
1332 1356 1464 1394 zona
1500 1350 1813 1397 contextum
1851 1351 1935 1397 est
1959 1341 2078 1396 cin-

530 1516 684 1570 nohis
708 1524 903 1584 potest.

596 1609 641 1664 0
671 1619 822 1664 extra
867 1625 1081 1666 omnem
1124 1614 1564 1683 reprehensionis
1607 1615 1779 1669 aleam
1812 1606 2077 1670 collocata
2109 1636 2151 1691 Β

528 1700 725 1773 Virgo!
756 1704 987 1772 populus
1020 1713 1147 1759 tuus
1188 1720 1384 1773 magno
1409 1720 1571 1760 cursu
1603 1705 1667 1759 ad
1695 1714 1846 1767 tuam
1883 1715 2074 1776 poten-

528 1791 657 1843 tiam
690 1791 985 1856 contendit,
1010 1802 1062 1845 et
1088 1792 1139 1846 in
1170 1792 1383 1848 cunctis
1408 1794 1827 1849 adversitatibus
1862 1795 1927 1849 ad
1954 1810 2078 1866 pro.

527 1881 815 1935 tectionem
844 1896 902 1935 sc
935 1890 1083 1937 tuam
1112 1883 1320 1951 recipit.
1355 1881 1486 1939 Esto
1527 1884 1690 1954 igitur
1716 1886 1928 1940 cunctis
1958 1887 2076 1940 ioco

525 1969 786 2038 praesidii,
818 1979 871 2025 et
904 1986 1240 2040 quaecunque
1279 1972 1383 2027 sibi
1447 1973 1578 2041 ipsis
1616 1976 1899 2042 postulant
1928 1976 2077 2029 salu-

526 2060 682 2125 taria,
712 2074 775 2114 ea
801 2060 909 2116 illis
935 2061 1116 2132 omnia
1149 2061 1366 2132 largire,
1404 2069 1461 2116 tu
1502 2077 1625 2130 qum
1675 2063 1919 2132 impertis
1950 2065 2071 2120 ani-

527 2150 722 2205 mabus
752 2151 956 2205 nostris
984 2129 1357 2206 iiberationem
1391 2167 1419 2205 a
1451 2129 1876 2211 calamitatibus.

1215 2244 1328 2299 Ode
1364 2244 1417 2298 '5.

592 2332 906 2388 Renovatur
950 2348 1047 2389 cor
1088 2342 1357 2400 nostrum,
1400 2344 1453 2389 et
1494 2349 1634 2391 novo
1679 2336 1838 2406 quasi
1890 2337 2075 2407 vigore

524 2424 816 2489 hilarescit,
855 2424 983 2478 dum
1015 2439 1226 2481 sacram
1258 2434 1426 2489 tuam,
1456 2439 1491 2480 o
1522 2424 1706 2499 Virgo,
1739 2440 1933 2481 zonam
1971 2427 2075 2481 ﬁde

521 2510 749 2566 ferventi
796 2514 1176 2582 apprehendit,
1212 2529 1318 2583 qua
1363 2515 1490 2569 item
1534 2531 1669 2573 zona
1702 2529 1799 2572 cor
1826 2524 2091 2573 nostrum,

520 2602 629 2655 vim
662 2602 837 2657 induit
869 2604 1338 2689 inexpugnabilem
1380 2604 1607 2675 impuris
1651 2605 2074 2673 appetitionibus

2247 626 2317 677 Συ
2350 627 2440 679 τὸν
2469 625 2599 679 Θεὸν
2635 625 2725 679 τὸν
2757 627 2980 681 δυνατὸν
3019 605 3261 698 ἐκύησας
3286 630 3730 699 περιζωννύοντα

2175 716 2299 777 τοὺς
2336 716 2574 779 εὐσεϐεῖς
2620 717 2829 776 πάντας
2879 717 3129 787 δύναμιν,
3184 719 3497 789 πανάμωμε
3519 736 3533 750 ·
3562 722 3639 774 διό
3664 740 3733 775 σε

2180 805 2572 874 μακαρίζομεν,
2613 806 2707 859 καὶ
2746 805 2844 876 τὴν
2887 805 3035 859 θείαν
3062 823 3156 859 σου
3188 806 3365 877 ζώνην
3409 810 3734 879 περιχαρῶς

2176 895 2538 963 ἀσπαζόμενοι
2571 896 2729 966 χάριν
2754 897 3127 967 ἀπαντλοόμεν
3154 897 3245 951 καὶ
3275 896 3446 962 ἕλεος.

2248 1048 2610 1141 Χαρμονικῶς
2636 1074 2703 1140 τῇ
2734 1057 3025 1124 καταθέσει
3059 1072 3299 1141 σήμερον
3323 1046 3734 1142 περιχορεύσω-

2181 1178 2283 1230 μεν
2316 1162 2415 1229 τῆς
2467 1163 2616 1230 ἱερᾶς
2656 1160 2836 1227 ζώνης
2884 1160 2985 1231 τῆς
3030 1162 3200 1231 ἁγνῆς
3245 1162 3549 1227 θεόπαιδος,
3579 1163 3637 1228 ἒξ
3663 1160 3738 1235 ἧς

2176 1250 2306 1319 ἡμῖν
2353 1248 2693 1318 ιπερίζωσμα¹
2723 1248 3032 1318 ἀφθαρσίας
3092 1248 3345 1320 ὗφάνθη,
3395 1252 3492 1306 καὶ
3541 1251 3705 1322 ἀδιάῤ

2168 1344 2377 1412 ρηκτον
2405 1340 2624 1411 ἔνδυμα,
2657 1341 2752 1394 καὶ
2780 1340 3038 1411 περιϐολὴ
3061 1342 3451 1409 ἀδιάσπαστος.

436 1490 437 1493 η
530 1429 737 1495 gntum,
770 1428 910 1497 quod
951 1444 1057 1483 non
1090 1430 1383 1500 corrumpi,
1412 1439 1465 1485 et
1493 1430 1889 1496 indumentum,
1926 1429 2071 1498 quod
2104 1444 2215 1484 non
2279 1429 2527 1494 lacerari,
2553 1439 2608 1485 et
2670 1429 2903 1501 denique
2919 1429 3163 1501 pallium,
3189 1430 3333 1501 quod
3367 1446 3476 1488 non
3515 1433 3674 1487 avelli
3701 1446 3738 1489 a

2259 1615 2397 1668 ’Υπὺ
2424 1615 2521 1685 τὴν
2549 1615 2648 1684 σὴν
2671 1615 2700 1666 ὁ
2734 1614 2827 1679 σὸς
2854 1614 3002 1681 λαὸς,
3032 1616 3364 1686 πανάμωμε,
3409 1615 3739 1685 προστρέχει

2172 1704 2422 1775 δύναμιν,
2457 1705 2561 1760 ὑπὸ
2582 1704 2680 1776 τὴν
2712 1704 2812 1775 σὴν
2846 1704 3054 1777 σκέπην
3096 1704 3431 1773 καταφεύγει
3464 1704 3698 1761 πάντοτε
3720 1722 3736 1735 ·

2175 1796 2310 1853 πᾶσι
2358 1794 2516 1863 γενοῦ
2564 1794 2825 1869 βοήθεια,
2862 1796 2965 1849 καὶ
3007 1794 3077 1848 τὰ
3114 1794 3249 1867 πρὸς
3298 1794 3575 1865 σωτηρίαν
3620 1798 3737 1858 τοῖς

2174 1887 2308 1944 πᾶσι
2352 1885 2493 1942 δίδου
2535 1886 2817 1956 αίτήματα
2878 1883 3124 1949 σώζουσα
3170 1885 3361 1943 δεινῶν
3407 1884 3509 1949 τὰς
3561 1884 3737 1955 ψυχὰς

2171 1975 2351 2046 ήμῶνο

2853 2242 2975 2315 ᾫδὴ
2999 2250 3079 2312 γ’.
3128 2258 3131 2261 ‘

2242 2332 2597 2401 Νεουργεῖται
2627 2333 2845 2403 καρδία,
2876 2332 3057 2386 πίστει
3105 2331 3281 2402 θερμῇ
3309 2331 3561 2402 ψαύουσα
3587 2330 3732 2402 ζώνῃ

2173 2425 2293 2495 ἱερᾷ
2314 2424 2413 2493 τῆς
2446 2423 2743 2495 Παρθένου,
2779 2424 2873 2478 καὶ
2908 2422 3304 2494 περιζώννυται
3330 2423 3560 2492 δύναμιν
3590 2418 3732 2491 ἅμα·

2172 2530 2283 2587 χον,
2315 2512 2457 2571 κατὰ
2476 2514 2665 2569 παθῶν
2684 2500 3028 2587 ἀκαθάρτων,
3054 2513 3356 2582 δυσμενῶν,
3390 2512 3655 2583 ἀσάρκων
3676 2528 3731 2564 τε

2172 2604 2238 2663 ﬁt
2246 2620 2414 2672 ρωτος
2450 2605 2718 2675 μένουσα.

520 2692 875 2758 debellandis‘,
940 2707 1003 2747 ac
1049 2693 1210 2751 simul
1263 2692 1389 2751 hinc
1438 2702 1745 2763 perseverat
1782 2692 1926 2754 idem
1984 2708 2079 2752 cor
2152 2704 2399 2753 nostrum
2484 2693 2699 2763 penitus
2753 2692 3145 2751 invulnerabile
3205 2709 3238 2750 a
3293 2694 3579 2784 spiritibus
3628 2698 3738 2753 ini-

524 2782 703 2836 micis.

608 2874 914 2935 Etiamnum
957 2883 1137 2931 manet
1166 2877 1476 2945 incorrupta
1525 2889 1664 2934 zona
1708 2876 1819 2935 hac
1839 2884 2071 2941 sacrata,

2245 2876 2412 2935 Μὲνει
2445 2876 2686 2946 -ἄφθορος
2716 2876 2797 2931 ἔτι
2825 2876 2858 2947 ἠ
2887 2876 3011 2949 ιερὰ
3058 2874 3201 2949 ζώνη
3234 2892 3354 2943 σου,
3390 2877 3517 2945 ἣτις
3546 2893 3645 2929 σου
3672 2877 3729 2928 τὸ

520 2983 641 3037 qua:
673 2968 801 3032 olim
840 2984 1039 3037 corpus
1081 2977 1229 3049 tuum
1266 2968 1427 3024 nullis
1464 2983 1699 3038 unquam
1734 2969 2006 3033 sordibus,
2039 2983 2072 3025 ο

524 3063 710 3133 Virgo,
747 3060 1093 3130 inquinatum
1127 3059 1527 3124 circuntcinxit.
1567 3067 1621 3117 et
1656 3073 1908 3128 magnam
1953 3058 2079 3115 inde

522 3154 687 3207 trahit
718 3154 985 3221 hodieque
1015 3150 1302 3206 eilicaciam
1340 3149 1444 3222 23
1478 3150 1543 3204 ad
1580 3149 1682 3204 hos
1722 3164 1915 3205 omnes
1941 3164 2079 3219 quo-

2178 2968 2442 3037 άχραντον
2482 2967 2665 3037 σῶμα,
2683 2966 2856 3039 Κόρη,
2883 2966 3128 3031 διέζωσε,
3166 2963 3575 3032 καθαγιάζουσα
3609 2966 3727 3028 τοὺς

2184 3056 2421 3119 εὐσεϐῶς
2456 3058 2798 3126 προσιόντας,
2851 3058 2945 3111 καὶ
2975 3058 3179 3129 φθορᾶς
3209 3056 3522 3128 ἑξαίρουσα,
3555 3055 3728 3111 νόσων

2184 3149 2279 3213 καὶ
2308 3146 2557 3216 θλίψεων.
2790 3170 2793 3173 λ

520 3245 809 3301 dammodo
837 3241 1277 3305 sanctiﬁcaudos,
1310 3242 1402 3312 qui
1434 3250 1493 3295 se
1539 3240 1623 3309 pie
1668 3241 1959 3298 conferunt
1984 3240 2054 3297 ad
2092 3253 2211 3296 eam
2251 3239 2639 3304 venerandam,
2689 3238 2948 3311 ipsosque
3004 3239 3078 3293 ab
3143 3238 3360 3293 interitu
3391 3252 3489 3307 per
3514 3239 3726 3293 morbos

520 3349 570 3395 et
600 3340 735 3399 alias
754 3339 1103 3393 calamitates
1128 3337 1475 3393 imminentes
1509 3336 1721 3391 liberat.

595 3426 839 3486 Maxima!
883 3426 1301 3497 pulchritudinis
1331 3424 1527 3479 domus
1562 3424 1816 3481 exstitisﬂi
1840 3434 1916 3481 1n
1957 3426 2073 3494 ipsa

2256 3424 2657 3501 Ἐχρημάτισας
2684 3419 2830 3488 οἶκος
2876 3422 3226 3493 περικαλλὴς,
3255 3424 3519 3493 άχραντε,
3561 3426 3727 3493 Λόγου

519 3536 737 3590 quoque
764 3534 859 3588 pro
892 3518 1068 3571 Verbo
1107 3516 1288 3572 divino
1315 3532 1379 3570 ex
1411 3526 1461 3570 te
1498 3518 1802 3581 incarnato,
1830 3532 1864 3570 ο
1906 3516 2074 3572 Mater

2187 3516 2269 3569 τοῦ
2308 3517 2371 3568 ὲκ
2400 3515 2491 3569 σοῦ
2518 3516 2909 3584 σαρκωθέντος,
2932 3516 3025 3568 καὶ
3048 3516 3107 3567 ὲν
3138 3514 3281 3585 ἁγίῳ
3300 3533 3393 3568 σου
3424 3517 3565 3587 οῐιιῳ
3589 3518 3726 3569 two.

519 3612 899 3669 immaculata!
924 3610 1147 3680 jamque
1174 3608 1277 3663 sibi
1307 3609 1686 3676 complacitum
1719 3617 1804 3662 est
1838 3608 1989 3671 item,
2016 3616 2075 3660 ut

2187 3607 2444 3676 ιιήσαντος
2476 3603 2650 3673 ζώνην
2678 3605 2775 3675 τὴν
2817 3606 2915 3676 σὴν
2959 3604 3257 3675 ἐντεθῆναι,
3284 3606 3353 3675 ἢν
3384 3605 3727 3670 κατασπαζό-

522 3706 635 3764 haae
665 3720 801 3758 zona
833 3712 921 3757 tua
948 3702 1001 3756 in
1037 3711 1222 3755 sancta
1246 3700 1410 3753 domo
1432 3699 1559 3764 ista,
1589 3713 1710 3768 qua:
1740 3698 1946 3751 nomini
1979 3706 2071 3751 tuo

2187 3713 2326 3765 μενοι
2353 3695 2714 3763 άγιαζόμεθα.
3132 3752 3133 3755 η

520 3804 835 3851 consecrata
870 3804 972 3856 est,
1013 3799 1326 3861 reponatur,
1400 3806 1561 3860 quam
1593 3799 1647 3844 et
1690 3804 1790 3845 nos
1856 3790 1959 3861 piis
1996 3789 2198 3859 passim
2245 3788 2446 3842 osculis
2514 3787 2942 3855 frequentautes,
2996 3788 3127 3841 inde
3167 3786 3401 3841 fraetum
3440 3787 3723 3857 quemdam

520 3885 822 3940 sanctitatis
852 3884 1178 3936 obtinemus.

592 3969 892 4034 Eminentis
912 3979 1065 4047 pretii
1098 3992 1291 4031 zonam
1325 3974 1805 4043 tuam,oDeipara,
1840 3986 2063 4029 venera-

522 4072 703 4127 buudo
732 4071 910 4124 cordis
939 4068 1131 4137 juhilo,
1175 4082 1363 4129 omnes
1405 4067 1760 4120 circumcirca
1793 4066 2068 4135 amplexa-

2246 3973 2355 4041 Τὴν
2406 3972 2589 4041 τιμίαν
2640 3988 2732 4023 σου
2790 3971 2968 4041 ζώνην
3017 3972 3318 4039 τιμητικῶς
3384 3972 3627 4036 ἅπαντες
3672 3972 3724 4025 ὲν

2173 4062 2486 4127 ἀγαλλιάσει
2518 4061 2745 4129 καρδίας
2786 4060 3261 4130 περιπτυσσόμεθα
3274 4060 3439 4129 τιμὴν
3452 4059 3721 4131 ὑπάρχὸυσ

522 4179 664 4227 tnur,
724 4171 975 4229 tanquam
1042 4161 1205 4214 decus
1264 4156 1693 4212 Christianitatis
1766 4159 2064 4221 universae;

2187 4169 2269 4203 ταν
2306 4151 2519 4203 πάντων
2547 4149 2770 4213 πιστῶν,
2813 4149 3059 4213 Θεοτόκε,
3088 4148 3164 4211 ὡς
3216 4147 3292 4218 τῷ
3329 4147 3723 4221 ὑπερτψῳσου

522 4252 960 4323 quandoquidem
1015 4250 1102 4303 illa
1149 4259 1394 4301 sanctqu
1444 4263 1640 4316 corpus
1692 4256 1863 4309 tuum,
1925 4248 2071 4315 quod

522 4356 679 4395 omne
712 4341 940 4410 pretium
977 4352 1031 4394 et
1055 4341 1316 4391 honorem
1339 4347 1579 4405 supcrat,
1611 4338 1871 4405 attingere
1908 4338 2073 4405 digna.

524 4433 641 4487 fuit.

1171 4520 1281 4575 Ode
1323 4522 1376 4575 L

593 4612 675 4665 'l‘u
709 4612 923 4679 quidem
971 4612 1025 4663 in
1078 4610 1242 4664 altum
1276 4620 1545 4678 assumpta
1590 4611 1654 4663 ad
1692 4611 2067 4665 inaccessibile

524 4704 701 4754 lumen
740 4704 1014 4756 accessisti
1046 4722 1057 4754 :
1091 4712 1145 4755 at
1176 4701 1384 4756 cunctis
1419 4702 1632 4755 interim
1666 4702 1877 4754 beatam
1906 4710 1956 4754 te
1986 4702 2069 4755 tli-

524 4793 772 4847 centibus
817 4793 938 4845 loco
986 4793 1059 4845 tui
1112 4792 1411 4846 intemerati
1458 4793 1725 4864 corpoiis,
1777 4791 2069 4859 pretiosam

527 4961 829 5016 anonymus
878 4953 1082 5016 auctor
1114 4946 1366 5012 antiquus
1419 4944 1679 5016 Enenmio
1732 4944 1782 5016 in
1838 4944 2059 5010 Deposi-

530 5014 730 5068 tione'm
766 5031 915 5068 zona:
944 5015 1000 5067 S.
1037 5014 1233 5075 Μανίας,
1266 5016 1406 5081 quod
1440 5031 1502 5067 ex
1549 5014 1716 5078 Regio
1746 5014 1925 5065 Graece
1959 5030 2058 5066 ms.

528 5085 710 5136 codice
737 5084 894 5145 eruit,
914 5092 965 5136 cl
995 5082 1179 5137 Latine
1203 5100 1237 5135 a‘
1260 5101 1315 5136 se
1344 5084 1607 5134 redditum
1642 5096 1782 5133 anno
1809 5082 1935 5133 ltiliS
1958 5098 2061 5135 una

530 5168 649 5204 cum
688 5150 918 5205 Historia
956 5153 1173 5205 haeresis
1203 5152 1669 5203 Monuthelitarum
1697 5150 1915 5203 Parisiis
1947 5152 2061 5202 edi-

529 5222 604 5273 dit
658 5220 713 5281 P,
748 5219 1065 5274 Franciscus
1124 5220 1422 5281 Cmnbciis,
1476 5218 1679 5270 ordinis
1737 5217 2063 5273 Praedicato-

533 5307 669 5340 ΙΙΗΙΙ.
906 5316 910 5325 ¹
1690 5324 1693 5325 ν

602 5358 707 5423 ('28)
747 5358 1153 5413 Sacrosanctam
1191 5356 1512 5408 beatissima!
1545 5354 1630 5405 Dei
1661 5353 1843 5407 Matris
1877 5371 2064 5409 zonam

448 5456 451 5457 ν
532 5442 699 5493 usque
724 5428 857 5493 adeo
896 5427 1129 5479 Erclcsia
1157 5426 1337 5477 (ἰιντεειι
1372 5433 1619 5493 τείνει-ηις)
1657 5434 1757 5484 est,
1786 5436 1843 5476 ut
1866 5427 1915 5476 in
1950 5426 2066 5489 ejus

534 5488 789 5551 linum-em
824 5496 1014 5547 festum
1051 5494 1337 5558 quintanttis
1367 5492 1451 5542 die
1477 5492 1534 5544 5|
1584 5495 1782 5544 mensis
1820 5488 2063 5559 Attgtfsti,

532 5564 753 5617 solemni
802 5565 905 5615 ritu
941 5563 1312 5615 celebrandum
1350 5560 1636 5615 instituerit
1676 5564 1723 5613 in
1764 5564 1899 5629 t'rgia
1936 5566 2066 5615 urbe

2180 4241 2462 4310 ψαύσασαν
2496 4241 2725 4311 σώματι.

2872 4516 2992 4570 Ὠδὴ
3012 4514 3072 4570 δ’.

2872 4517 2885 4537 ‘
2926 4517 2956 4569 ηδ
3012 4516 3072 4570 δ’.

2247 4607 2456 4677 Ἧρθης
2503 4608 2639 4676 πρὸς
2668 4608 2780 4675 φῶς
2809 4516 3000 4659 ﬁatﬁat]:
3047 4606 3509 4676 μεταχωρήσασα,
3549 4608 3714 4668 ἔλιπες

2174 4698 2229 4752 δὲ
2260 4704 2369 4761 τοῖς
2387 4716 2443 4751 σε
2468 4698 2860 4769 μακαρίζουσιν
2883 4698 3001 4751 ἀντὶ
3024 4698 3117 4749 τοῦ
3145 4698 3391 4767 σώματός
3422 4716 3546 4763 σου,
3568 4698 3709 4766 ἁγνὴ.

2171 4791 2269 4860 τὴν
2312 4792 2499 4859 τιμίαν
2543 4789 2738 4858 ζώνην,
2794 4789 2973 4857 πηγὴν
3022 4787 3313 4857 θαυμάτων
3353 4789 3712 4857 ὑπάρχουσαν,

2166 4943 2799 5011 Constantinopolitana:
2840 4942 3063 5010 ejusque
3113 4941 3232 4996 festi
3285 4958 3397 4996 non
3449 4944 3622 4999 solum
3666 4943 3709 4994 iu

2171 5015 2417 5080 praesenti
2448 5028 2655 5066 canone
2706 5012 2762 5065 S.
2793 5012 3080 5079 Josephus.
3120 5014 3209 5065 sed
3246 5022 3295 5065 et
3338 5011 3639 5065 Germanus
3666 5023 3708 5061 ιιι

2170 5082 2492 5151 Euthymius
2525 5098 2686 5149 supra
2714 5082 2887 5143 relati,
2928 5081 3245 5151 Emmanuel
3275 5081 3586 5135 Comnenns
3621 5082 3705 5130 im-

2171 5149 2384 5214 peratitr
2441 5152 2492 5202 in
2554 5168 2652 5203 suo
2702 5151 2877 5204 edicto
2930 5151 2996 5202 de
3053 5149 3223 5211 feriis,
3270 5160 3322 5203 et
3398 5151 3703 5202 Kalemlaria

2172 5219 2498 5279 Graecorum,
2530 5219 2904 5272 liuthcnorum
2954 5228 3006 5271 et
3047 5217 3303 5286 Syrorqu
3345 5220 3614 5286 expressis
3634 5231 3704 5268 rae

2168 5290 2383 5340 disertis
2434 5289 2612 5340 verbis
2672 5289 2981 5339 meminere.
3044 5285 3175 5338 Vide
3228 5285 3605 5339 Colveuerinm
3657 5286 3700 5335 iu

2168 5355 2488 5425 Kalendario
2512 5356 2751 5409 Mariano
2770 5358 2853 5409 die
2891 5357 2910 5410 i
2958 5356 3209 5425 Augusti,
3243 5368 3294 5409 et
3317 5368 3475 5409 notas
3510 5363 3701 5408 nostras

2168 5425 2217 5475 in
2254 5424 2468 5477 Mariale
2505 5428 2559 5477 S.
2593 5426 2845 5479 Germani
2886 5425 2950 5480 ad
2985 5424 3287 5480 orationem
3319 5426 3384 5479 de
3426 5442 3560 5479 zona
3589 5440 3696 5475 san-

2166 5496 2419 5550 ωἰδείιηίρ
2459 5494 2548 5551 Dei
2578 5495 2781 5548 Matris.
