3926 6308
1513 398 1875 464 MARIALE.

108 531 205 584 καὶ
243 530 411 583 τόπον
468 526 760 597 σωτηρίας,
827 526 919 577 καὶ
975 520 1281 595 χαράκωμα
1316 518 1523 589 ταύτης
1578 517 1679 586 τῆς
1710 521 1747 577 Α

1801 527 1927 567 ηηειηι
1960 506 2232 580 reliquisti
2270 519 2488 566 zonam,
2525 512 2783 570 tanquam
2823 494 3211 565 scaturiginem
3244 496 3347 549 nti-

108 621 315 691 τιμῶσί
353 636 413 672 σε
448 618 676 683 πόλεως,
709 616 970 687 ᾇχραντε.

184 887 330 939 Νέον
357 886 516 955 ἡμεῖς
539 886 612 947 ὡς
638 881 861 954 οὐρανὸν
893 879 1239 950 ὑπερχόμεθά
1267 894 1361 931 σου
1389 878 1481 930 τὸν
1505 874 1677 941 οἷκον,

112 980 173 1030 ἐν
206 973 257 1045 ᾧ
300 977 725 1046 τεθησαύρισται
765 973 1012 1043 καθάπερ
1057 971 1203 1039 ἣλιος
1253 969 1545 1038 φωταυγής
1584 984 1679 1019 σου

112 1072 149 1140 ἡ
172 1069 298 1123 θεία
326 1068 491 1135 ζώνη,
525 1066 681 1135 βολὰς
701 1064 997 1132 θαυμάτων
1021 1061 1401 1128 ἐκπέμπουσα,
1429 1058 1519 1109 καὶ
1546 1056 1681 1108 πάν-

111 1177 227 1213 των
259 1160 359 1221 τὰς
408 1158 632 1227 καρδίας
675 1153 1109 1221 καταυγάζουσα,
1145 1150 1312 1220 Κόρη,
1353 1151 1445 1201 καὶ
1490 1145 1679 1200 παθῶν

114 1252 218 1318 τὴν
246 1249 477 1319 ὀμίχλην
506 1247 796 1300 διώκουσα.

188 1512 269 1566 Σὺ
309 1508 540 1570 κιΰωτδς
568 1506 661 1561 τοῦ
688 1507 877 1577 νοητοῦ
918 1506 1253 1574 ἁγιάσματος
1298 1502 1681 1573 χρηματίζεις,

96 1594 384 1671 Ἲᾶχραντε,
414 1599 745 1667 πανύμνητε,
797 1597 891 1649 καὶ
919 1596 1016 1666 τὴν
1057 1596 1242 1664 τιμίαν
1275 1594 1475 1663 ταύτην
1526 1593 1682 1662 σορὸν

113 1690 362 1760 ἔχουσαν
391 1689 489 1758 τὴν
522 1687 696 1755 ζώνην
721 1686 787 1756 ἢν
814 1685 1076 1753 περιοῦσα
1106 1686 1391 1753 ἐφορεσας,
1421 1673 1682 1752 παρέχεις

113 1781 201 1850 τῷ
228 1779 349 1850 λαῷ
383 1796 476 1832 σου
510 1776 843 1844 καταφύγιον
883 1777 1038 1840 πᾶσι,
1086 1776 1180 1828 καὶ
1215 1775 1398 1844 πηγὴν
1437 1775 1682 1844 ἰαμάτων

1781 596 2091 651 raculorum
2116 604 2171 649 et
2200 593 2533 663 ipsissimam
2563 589 2758 644 salutis
2787 586 2994 647 sedem,
3021 598 3085 639 ac
3108 583 3348 653 denique

1782 698 1840 742 ut
1864 688 2063 739 vallum
2090 686 2254 754 hujus
2277 683 2540 746 civitatis,
2570 695 2692 751 qum
2729 692 2915 733 amore
2949 675 3140 746 ﬂagrat
3172 676 3347 729 hono-

1780 780 1859 834 ris
1888 779 1992 831 tui.

1850 869 2011 925 Velut
2045 882 2247 923 novum
2278 865 2549 937 quoddam
2586 862 2788 918 cmlum
2831 871 2977 915 tuam
3008 861 3233 914 domum
3266 858 3347 911 in-

1781 962 2076 1032 gredimur,
2105 975 2139 1014 o
2185 958 2371 1026 Virgo,
2426 958 2480 1011 in
2510 940 2618 1024 quo
2656 952 2797 1007 caelo
2828 961 3087 1020 tanquam
3123 950 3347 1002 thesau~

1782 1050 2119 1120 rusquidam
2152 1058 2243 1103 tua
2276 1046 2460 1100 divina
2498 1052 2747 1100 servatur
2785 1054 2925 1095 zona
2969 1040 3200 1108 (utpote
3226 1050 3348 1102 quae

1781 1144 1951 1197 Deum
1985 1142 2115 1195 olim
2153 1134 2740 1215 injsecircumdedit),
2774 1132 3019 1203 illustres
3051 1127 3347 1183 miraculo-

1724 1230 1728 1235 ’
1784 1249 1902 1287 rum
1932 1232 2119 1286 radios
2155 1230 2411 1284 emittens
2461 1228 2633 1281 instar
2661 1225 2816 1288 solis,
2850 1237 3045 1292 nempe
3086 1218 3347 1275 cordibus

1780 1322 2026 1377 omnium
2066 1317 2442 1373 illuminandis
2470 1325 2525 1371 et
2564 1312 2871 1384 eﬂ‘ugandis
2916 1312 3041 1366 inde
3074 1310 3344 1364 malarum

1781 1411 2139 1481 cupiditatum
2169 1407 2433 1462 tenebris.
2660 1462 2669 1475 κ

1854 1504 1898 1556 υ
1957 1498 2215 1554 sordibus
2266 1497 2496 1560 intacta,
2565 1502 2618 1548 et
2668 1492 2818 1547 omni
2872 1492 3345 1559 laudumgenere

1782 1593 2025 1646 certatim
2056 1590 2124 1643 ab
2155 1588 2411 1643 omnibus
2446 1585 2703 1640 colenda!
2743 1593 2799 1637 tu
2841 1598 2901 1637 es
2950 1596 3078 1634 arca
3109 1578 3349 1633 sanctifi-
3413 1586 3425 1605 ί

1783 1684 2014 1738 cationis
2063 1682 2288 1744 intimae,
2348 1678 2623 1733 intellectu
2680 1676 2863 1746 potius
2910 1688 3070 1743 quam
3114 1680 3345 1725 externo

1784 1775 2019 1844 quodam
2055 1787 2216 1827 sensu
2250 1770 2570 1834 delibandzé,
2598 1775 2652 1821 et
2697 1766 2861 1821 simul
2894 1765 2998 1818 hoc
3033 1760 3348 1841 venerabile

110 1871 417 1927 ἀκὲνωτον.
1713 1860 1747 1913 Β

1801 1862 2170 1925 :omlitorium,
2229 1875 2340 1931 quo
2391 1866 2705 1914 asservatur
2748 1870 2884 1910 zona
2931 1854 3027 1928 tibi
3073 1853 3253 1906 adhuc
3294 1848 3347 1900 in

115 1966 287 2019 terris
311 1965 475 2018 vitam
494 1962 701 2028 degenti
736 1968 1014 2029 usurpata,
1051 1958 1248 2027 populo
1269 1957 1490 2028 24ηιο
1511 1956 1737 2011 exhibes
1806 1965 2061 2025 tanquam
2134 1954 2402 2023 refugium
2428 1952 2700 2022 omnibus
2776 1957 3023 2019 paratum
3073 1961 3138 2001 ac
3206 1944 3353 1999 velut

92 2060 498 2130 prodigiorum
569 2057 767 2110 fontem
831 2055 992 2108 nullis
1070 2068 1311 2122 unquam
1382 2052 1667 2106 conatibus
1700 2050 2157 2105 exhauriendum.

192 2142 343 2201 Ἦκε
391 2152 456 2217 τῇ
504 2150 570 2216 σῇ
626 2147 777 2199 πόλει
827 2144 1117 2198 πολύολδον
1177 2145 1406 2213 δώρημα
1458 2144 1683 2214 ἡτιμία

1846 2141 2078 2195 Advenit
2105 2141 2248 2194 dono
2297 2137 2504 2192 civitati
2556 2135 2685 2189 huic
2726 2144 2832 2188 tuae
2864 2132 3161 2186 multarum
3196 2128 3353 2183 valde

116 2238 271 2308 ζώνη
294 2256 410 2298 σου,
434 2237 767 2307 Μνύμνητε,
786 2238 880 2290 καὶ
900 2236 1163 2305 κατετέθη
1184 2236 1495 2305 περιφανῶς
1510 2232 1683 2306 ταύτῃ

1801 2232 2096 2287 'elicitatum
2158 2228 2448 2293 cumulus,
2518 2237 2673 2280 tuum
2748 2239 2941 2293 nempe
3018 2220 3357 2300 cingulum,

116 2332 188 2399 τῇ
221 2329 410 2400 ἡμέρᾳ
437 2330 493 2380 ὲν
520 2327 692 2397 τούτῳ
722 2325 851 2396 θείῳ
898 2328 1033 2405 οἴκῳ
1084 2343 1201 2391 σου,
1236 2325 1330 2377 καὶ
1360 2326 1553 2393 γέγονε
1585 2341 1682 2393 με·

1801 2339 1809 2372 ι
1877 2320 2165 2390 praeconiis
2254 2318 2637 2372 universorum
2744 2317 3033 2369 decantata
3108 2311 3279 2380 Virgo
3335 2349 3352 2371 ,

118 2419 323 2488 γίσιτης
374 2420 586 2489 ἑορτῆς,
635 2402 1029 2483 Θεοτόκείτοῖς
1074 2417 1289 2488 θερμῶς
1330 2433 1389 2469 σε
1428 2415 1683 2469 ποθοῦσιν

1801 2413 1939 2483 dque
1987 2412 2248 2467 hodierna
2283 2412 2406 2466 luce
2442 2407 2498 2464 in
2543 2409 2644 2463 hac
2684 2407 2866 2462 divina
2920 2408 3034 2459 atde
3102 2414 3194 2458 tua
3228 2402 3354 2456 illu-

119 2509 408 2572 ὐπόθεσις.
720 2560 721 2563 η

1801 2512 1953 2557 strem
2002 2503 2057 2555 in
2095 2502 2315 2556 modum
2349 2508 2433 2555 est
2470 2500 2819 2563 collocatum,
2850 2497 3134 2563 evasitque
3178 2494 3355 2548 omni-

1784 2594 1887 2647 bus
1918 2592 2145 2646 ferventi
2182 2602 2236 2646 te
2260 2606 2447 2645 amore
2482 2589 2940 2660 prosequentibus
2978 2588 3150 2642 multo
3192 2584 3347 2639 festi-

1190 2724 1193 2727 ι
1788 2681 1973 2736 vitatis
2005 2681 2349 2736 instituenda:
2378 2689 2786 2750 argumentum.

202 2768 393 2838 Νόμου
430 2770 578 2822 σκιαὶ
611 2770 705 2822 καὶ
732 2770 1026 2839 προφητῶν
1048 2768 1115 2822 τὰ
1140 2769 1434 2839 αἰνίγματα
1460 2769 1689 2837 προεδή-

1857 2771 2100 2840 Caligine
2126 2781 2398 2827 scatentes
2418 2772 2552 2841 legis
2570 2772 2779 2825 umbrae
2802 2785 2864 2823 ac
2885 2769 3045 2849 sinLul
3067 2766 3356 2836 aenigmata

124 2860 261 2912 λουν
288 2860 506 2913 ἔσεσθαί
544 2878 627 2923 σε,
661 2861 921 2928 πάναγνε,
948 2860 1083 2913 Θεοῦ
1118 2860 1345 2929 Μητέρα
1379 2858 1687 2926 παναληθῆ,

1801 2862 2176 2932 prephetarum
2214 2857 2264 2916 te
2290 2864 2590 2932 aliquando
2626 2862 2969 2916 verissimam
3008 2859 3097 2912 Dei
3130 2856 3355 2910 Matrem

123 2950 201 3002 δι’
249 2946 318 3021 ἦς
372 2953 404 3020 ὴ
442 2952 653 3022 κατάρα
707 2951 1081 3021 ἀπεπειρώθη
1138 2951 1233 3003 καὶ
1277 2950 1477 3019 ήνθησε
1511 2949 1691 3001 τελεία

1801 2952 2029 3006 futuram
2058 2953 2573 3022 prasigniticaruut,
2601 2968 2634 3006 ο
2660 2950 3007 3006 castissima!
3044 2949 3233 3016 sicque
3263 2961 3359 3015 per

125 3036 379 3136 εὑλογία,
409 3038 501 3090 καὶ
524 3040 786 3109 σωτήριος
814 3038 973 3109 χάρις
994 3040 1108 3101 τοῖς
1137 3040 1193 3091 ὲν
1228 3037 1404 3091 πίστει
1432 3038 1524 3091 καὶ
1545 3038 1693 3108 πόθῳ

1801 3051 1843 3096 te
1873 3052 1925 3096 et
1947 3043 2149 3111 peccati
2182 3042 2491 3097 maledictio
2529 3042 2597 3096 ad
2631 3041 2922 3110 quamdam
2965 3038 3122 3109 quasi
3154 3035 3355 3092 sterili~

128 3125 373 3195 ὖμνοῧσὶ
409 3145 491 3181 σε.
1458 3160 1463 3165 ι
1712 3119 1754 3177 C
1791 3139 1953 3186 tatem
1993 3130 2211 3187 redacta
2235 3142 2340 3198 est,
2372 3141 2426 3187 et
2453 3133 2697 3188 vicissim
2728 3146 2855 3187 vera
2887 3148 2952 3186 ac
2986 3132 3227 3200 perfecta
3259 3129 3357 3182 be—

128 3222 381 3277 nedictio
429 3239 533 3276 una
582 3239 705 3277 cum
785 3224 1009 3278 salutari
1087 3224 1317 3294 quadam
1378 3224 1548 3292 gratia
1626 3224 1965 3281 eﬂlorescere
2017 3227 2241 3296 incepit,
2307 3227 2378 3281 ad
2418 3224 2752 3297 singularem
2835 3225 3106 3289 omnium,
3158 3222 3356 3291 cupida

129 3312 246 3367 ﬁde
275 3312 371 3367 tibi
405 3313 777 3379 servientium,
820 3313 1132 3367 utilitatem.
2719 3367 2725 3374 .
3172 3300 3175 3303 ν

822 3425 948 3494 nsi,
982 3424 1044 3478 ε’.

213 3536 403 3606 Ζώνης
446 3531 876 3617 θείας-τεθείσης
921 3536 1158 3606 σήμερον
1185 3538 1243 3590 ὲν
1272 3538 1405 3606 οἰκῳ
1429 3554 1543 3606 σου,
1580 3541 1697 3593 θεο-

1871 3539 2163 3609 Cinguium
2214 3541 2359 3595 istud
2407 3550 2557 3603 tuum
2590 3539 2859 3602 divinum,
2904 3538 3063 3605 cujus
3106 3537 3270 3611 hodie
3303 3538 3359 3591 in

133 3604 415 3699 χαρίτωτε
439 3666 454 3685 .
516 3607 906 3695 συνεπανετέθη
959 3604 1179 3693 ἀγαθῶν
1226 3604 1386 3681 πᾶσαν
1412 3604 1555 3691 δόσις
1587 3632 1699 3691 τοῖς

1801 3630 1897 3684 hac
1940 3633 2102 3684 domo
2143 3642 2233 3684 tua
2281 3630 2677 3699 depositionem
2712 3604 3075 3692 celebramus,
3106 3643 3139 3680 ο
3170 3604 3360 3696 singu-

130 3719 425 3788 χρῄζουσι,
454 3718 544 3770 καὶ
576 3717 872 3787 πληροῦται
894 3719 1001 3779 πᾶς
1031 3732 1117 3777 τις
1148 3718 1444 3787 ἀγιασμοῦ,
1471 3721 1498 3771 ὁ
1528 3735 1698 3788 προσ-

1801 3721 1897 3774 lari
1925 3720 2068 3788 apud
2108 3719 2275 3773 Deum
2311 3719 2484 3788 gratia
2528 3718 2738 3787 pollens
2766 3716 2967 3787 Virgo!
3006 3718 3149 3771 istud
3181 3725 3358 3781 tuum,

135 3810 397 3872 πελάζων
422 3810 521 3872 τὰς
550 3811 790 3878 αἰτήσεις
838 3809 1044 3870 πιστῶς
1076 3808 1449 3877 κομιζόμενος.

1806 3812 2057 3879 inquam,
2089 3811 2366 3878 cingulum
2400 3810 2455 3863 in
2492 3824 2651 3863 suum
2686 3811 2794 3863 huc
2822 3811 3166 3871 comitatum,
3197 3808 3364 3863 traxit

132 3900 581 3954 liberalissimam
607 3900 848 3954 omnium
878 3901 1173 3969 gratiarum
1214 3901 1448 3969 c0piam,
1487 3912 1647 3970 prout
1686 3904 1954 3971 cujusque
1981 3902 2219 3971 postulat
2255 3900 2649 3971 indigentia,et
2669 3901 2995 3969 quicunque
3042 3901 3148 3954 huc
3174 3879 3360 3954 acces-

136 3990 302 4052 serit,
332 3990 424 4044 ille
451 3991 702 4058 impletur
731 3990 953 4059 cepioso
975 3989 1117 4045 dono
1149 3994 1540 4057 sanctimonia},
1581 3995 1624 4047 si
1664 3995 1920 4050 nimirum
1953 4010 2141 4063 preces
2184 4010 2312 4049 suas
2347 3994 2513 4049 corde
2550 3993 2809 4047 obtulerit
2842 3994 3056 4047 sincero
3090 4008 3155 4046 ac
3189 3992 3361 4047 fideli'

227 4081 552 4152 Ὠραιὼίιης,
574 4083 835 4154 Παρθένε,
866 4084 1035 4151 Λόγον
1084 4084 1698 4158 ὼραιότατονηὰποκυή-

1869 4088 2127 4157 lnelytam
2161 4086 2230 4141 ob
2262 4087 2427 4142 Verbi
2451 4102 2480 4139 a
2524 4096 2573 4141 te
2598 4087 2763 4157 geniti
2787 4085 3267 4153 pulchritudinem,
3303 4094 3359 4139 tu

138 4189 313 4234 σασα,
347 4172 440 4224 καὶ
490 4174 564 4240 τῷ
596 4172 672 4240 σῷ
697 4173 882 4242 ὡραίῳ
914 4173 1281 4244 ὲπευδόκησας
1311 4170 1447 4243 οἴκῳ
1471 4175 1698 4244 τεθήσε-

1802 4195 2019 4249 quoque
2053 4179 2249 4249 inclyta
2288 4194 2347 4234 es
2384 4177 2790 4247 pulchritudine
2837 4177 3142 4240 illustrata;
3197 4177 3362 4230 simul

2454 3429 2568 3484 Ode
2613 3428 2668 3482 5.

140 4264 277 4315 σθαι
305 4264 401 4332 τὴν
432 4263 635 4331 ὡραίαν
674 4264 868 4333 ζώνην,
898 4265 1015 4333 ἥτις
1046 4264 1107 4317 τὸ
1150 4266 1242 4317 σὺν
1290 4265 1487 4336 ὡραῖον
1519 4267 1697 4335 σῶμα,

136 4356 402 4415 Θεοτόκε,
430 4356 645 4423 ὡραίως
673 4348 949 4418 διέζωσεν.

1808 4275 1861 4321 et
1896 4268 1946 4319 in
1982 4267 2085 4321 hoc
2149 4268 2346 4334 templo
2383 4279 2477 4321 tuo
2517 4267 2714 4335 inclyte
2748 4266 3019 4333 specioso,
3066 4273 3120 4318 tu
3156 4264 3365 4333 placide

1802 4358 1912 4425 pati
1963 4372 2021 4411 es
2061 4357 2302 4425 dignata,
2345 4365 2403 4409 ut
2443 4364 2797 4425 reponeretur
2836 4355 3050 4424 inclytae
3089 4355 3214 4407 item
3250 4354 3365 4421 pul-

138 4449 479 4506 chritudinis
532 4468 665 4507 zona
726 4462 1020 4522 tua,‘qu2e
1082 4464 1135 4508 et
1187 4464 1337 4508 tuum
1400 4455 1595 4526 inclyte
1644 4456 1926 4525 pulchrum
1982 4469 2199 4524 corpus,
2242 4470 2275 4508 ο
2331 4456 2577 4530 Deipara,
2616 4455 2796 4508 cinctu
2846 4452 3097 4521 quodam
3164 4450 3365 4519 inclyte

139 4548 484 4615 perornavit.

219 4635 328 4688 Σοῦ
378 4638 406 4686 ό
452 4636 602 4702 ἆγιος
653 4632 796 4697 οἶκος
845 4637 1001 4698 ἄλλος
1048 4638 1120 4700 ὡς
1174 4638 1499 4707 παράδεισος
1564 4640 1747 4700 πᾶσι]

1871 4637 2051 4692 Novus
2105 4652 2227 4692 esse
2275 4636 2562 4705 paradisus
2615 4636 2812 4701 domus
2856 4635 2970 4688 haec
3006 4644 3092 4687 tua
3126 4636 3365 4687 creditur

142 4724 517 4793 γνωρίζεται,
602 4726 764 4792 μέσον
824 4727 1153 4795 κεκτημένος
1223 4727 1409 4797 ῶσπερ
1473 4728 1706 4796 εῦοσμον

145 4817 310 4885 ῥόδον
348 4816 445 4895 τὴν
473 4815 646 4885 ζώνην
675 4832 788 4875 σου,
830 4816 1034 4877 εὐοδίας
1082 4816 1230 4879 Θείας
1277 4818 1698 4887 ἀποπληροῦσαν

141 4908 249 4969 τὰς
302 4906 522 4974 καρδίας
566 4906 671 4958 τῶν
706 4906 908 4969 πιστῶς
964 4910 1316 4975 προσιόντων,
1369 4910 1696 4977 πανάμωμε.

1802 4728 1977 4797 palam
2012 4726 2116 4795 25
2151 4727 2218 4779 ab
2261 4725 2555 4790 universis,
2605 4725 2658 4779 in
2707 4726 2863 4794 cujus
2914 4724 3151 4792 paradisi
3183 4724 3363 4777 medio

1806 4820 1977 4872 instar
2006 4817 2289 4886 cujusdam
2323 4818 2614 4885 fragrantis
2645 4832 2784 4871 rosae
2809 4831 2944 4869 zona
2980 4825 3071 4870 tua
3098 4816 3361 4869 collocata

1804 4909 2066 4971 cernitur,
2117 4922 2210 4975 per
2247 4906 2400 4975 cujus
2441 4905 2798 4975 fragrantiam
2847 4904 3107 4968 divinant,
3165 4918 3358 4959 eorum

146 4996 344 5059 corda,
377 4996 468 5063 qui
497 4995 561 5049 ad
594 5004 644 5049 te
674 4998 760 5065 pia
790 4999 1019 5066 quadam
1054 4999 1381 5053 confidentia
1452 5002 1733 5065 accedunt,
1776 5000 2053 5069 voluptate
2096 4994 2410 5073 plenissima
2459 4998 2813 5064 inundantur,
2856 5012 2888 5051 ο
2931 5013 2959 5049 a
2989 4998 3155 5051 meris
3184 4998 3387 5063 omni-l

148 5092 259 5145 bus
293 5091 493 5142 intacta
526 5089 687 5159 Virgo
712 5093 723 5144 l
1650 5144 1655 5153 ,

228 5179 481 5248 Ὄμϐρου
513 5179 653 5232 θείου
694 5180 889 5249 νεφέλη
921 5182 1165 5247 γέγονας,
1219 5182 1547 5251 πανάμωμε,
1578 5184 1703 5237 ὲνα-

149 5270 500 5333 ποστάζουσα
567 5272 831 5342 δωτηρίας
895 5273 1074 5342 ὕδωρ,
1126 5276 1219 5324 καὶ
1284 5274 1433 5342 πηγὴ
1500 5291 1707 5343 χερσωο

151 5362 329 5413 θεῖσιν
382 5359 713 5429 ἐγκλήμασιν
750 5362 882 5429 πρὸς
921 5364 1291 5431 καρποφορίαν
1324 5363 1703 5431 μεταγαγοῦσα

152 5450 447 5512 εὐσεϐείας
468 5468 480 5480 ·
513 5451 598 5503 διὰ
634 5452 788 5504 τοῦτο
822 5453 1028 5514 πιστῶς
1063 5471 1118 5504 σε
1146 5453 1455 5521 δοξάζομεν.

234 5668 583 5747 (ἐξω-βυιρω
623 5665 801 5747 igitur,
847 5688 975 5747 quze
1013 5688 1075 5724 ex
1110 5674 1292 5747 Adam
1322 5688 1413 5739 per
1448 5672 1708 5747 originem

156 5738 531 5804 contrahitur,
570 5753 675 5829 non
706 5740 804 5797 fuit
846 5738 1109 5811 particeps
1143 5741 1198 5795 Β.
1236 5738 1414 5810 Virgo,
1466 5738 1701 5811 alioquin

1881 5180 2138 5234 Guttatim
2170 5177 2460 5233 salutarem
2492 5178 2686 5247 pluvia:
2728 5178 2926 5233 divina:
2961 5180 3154 5232 undam
3182 5177 3358 5230 distila

1810 5272 1928 5326 lans
1968 5271 2135 5324 nubes
2180 5270 2315 5323 facta
2359 5285 2436 5333 es,
2480 5285 2511 5324 ο
2556 5270 2727 5338 culpa
2762 5272 2938 5324 omnis
3004 5282 3194 5336 expers
3239 5266 3359 5319 Vir-

1810 5377 1876 5432 go
1916 5361 2064 5430 (29)!
2117 5360 2507 5428 animabusque
2557 5361 2763 5414 nostris
2814 5367 3027 5429 propter
3096 5356 3351 5408 vitiorum

1810 5451 2111 5503 ariditatem
2148 5450 2360 5518 penitus
2384 5450 2600 5503 incultis
2627 5450 2851 5504 exhibes
2900 5459 2947 5502 te
2975 5454 3031 5498 ut
3064 5445 3351 5511 quamdam

1818 5686 1923 5726 non
1968 5672 2213 5725 absolute
2270 5683 2371 5723 nec
2422 5683 2543 5723 vere
2584 5670 2688 5723 dici
2746 5674 2937 5737 posset
2964 5666 3143 5718 omnis
3187 5666 3357 5735 culpae

1809 5756 2018 5810 expers,
2052 5754 2172 5796 cum
2204 5739 2483 5807 originalis
2513 5753 2704 5809 espers
2732 5733 2833 5791 non
2866 5733 3075 5788 fuisset.
3280 5733 3289 5735 “
3320 5742 3323 5743 ⁷
