3926 6308
617 330 752 395 1015

611 444 884 499 fontanam
929 449 1335 520 scalurigincm,

609 528 778 603 guiari
809 550 858 594 te
882 553 1075 596 conatu
1110 544 1228 598 ﬁdei
1273 560 1470 601 nostrae
1495 549 1884 615 gloriﬁcamus.

1305 638 1416 694 Ode
1446 642 1502 695 σ.

681 720 814 773 Eum
853 725 944 790 qui
975 734 1057 779 est
1084 734 1208 780 ante
1242 731 1420 783 omnia
1445 735 1663 798 saacula,
1690 747 1746 790 ut
1775 754 1970 795 novum
2004 745 2163 798 nobis

612 808 870 863 infantem
909 817 1263 882 progenuisti,
1295 829 1347 872 et
1372 821 1532 875 simul
1554 825 1617 876 ad
1653 841 1849 881 novum
1883 831 2026 887 hunc
2059 843 2164 888 tua:
2261 846 2315 895 αἰ

609 899 900 952 adventum
945 901 1278 972 festivitatis,
1325 925 1430 975 qua
1480 913 1699 978 pretiosi
1759 916 1917 972 hodie
1963 921 2160 991 cinguli

608 988 683 1039 tui
721 990 897 1057 agitur
934 991 1222 1059 depositio,
1264 996 1490 1052 innovas
1528 1017 1740 1071 quoque
1779 1008 1942 1060 corda
1973 988 2159 1065 nostra

609 1079 834 1133 vetustis
857 1081 964 1147 jam
991 1084 1162 1150 culpis
1193 1086 1503 1154 depravata.
1795 1155 1804 1159 _
2028 1160 2034 1164 _

680 1166 724 1221 Ο
783 1171 1022 1239 virginea
1075 1173 1168 1226 Dei
1214 1175 1403 1238 Mater,
1459 1193 1672 1233 sacrum
1745 1182 1846 1237 hoc
1899 1187 2155 1255 templum

608 1266 756 1310 tuum
800 1258 921 1326 jure
968 1264 1160 1316 merito
1211 1265 1378 1331 gignit
1417 1268 1826 1336 admirationem
1877 1276 2151 1341 omnibus,

606 1355 788 1414 utpote
846 1349 989 1416 quod
1048 1351 1330 1406 mirilicam
1380 1371 1569 1410 zonam
1647 1368 1792 1413 tuam
1855 1366 2154 1430 possidens,

601 1439 854 1493 OlllllibllS
888 1441 1004 1492 fidei
1038 1442 1181 1495 dono
1225 1445 1460 1513 praeditis
1495 1449 1714 1518 pelagus
1753 1453 2027 1520 quoddam
2068 1472 2152 1509 re-

600 1532 893 1597 prmsen'tat
921 1533 1302 1589 remediorum.
1439 1535 1447 1543 ’

667 1619 889 1673 Cuncta.-
931 1623 1306 1678 exhilarantur
1351 1629 1547 1682 anima:
1590 1627 1838 1687 sanctum
1886 1637 2155 1693 intrantes

599 1710 856 1776 templum
891 1720 1063 1775 tuum,
1107 1715 1230 1782 quia
1267 1732 1415 1773 zonae
1464 1719 1624 1787 hujus
1658 1729 1763 1776 tua:
1787 1723 1838 1776 id
1878 1724 1977 1779 loci
2010 1729 2154 1794 posi-

597 1807 664 1851 tze
718 1797 969 1852 fruuntur
996 1804 1447 1871 contemplatione
1473 1824 1485 1860 :
1512 1808 1608 1862 ista
1630 1812 1772 1863 enim
1804 1814 1933 1867 solis
1958 1832 2154 1883 quam-

594 1889 719 1942 dam
750 1890 924 1942 sereni
967 1893 1169 1946 habens
1211 1893 1425 1960 facient,
1457 1898 1842 1966 omnipotentis
1880 1903 2029 1957 illum
2067 1906 2152 1959 di-

596 1978 819 2047 vinique
848 1980 1084 2046 Spiritus
1134 1983 1394 2052 fulgorem
1444 1987 1601 2040 donis
1645 1998 1806 2058 atque
1835 1995 2023 2060 gratiis
2061 2010 2147 2047 re-
2182 2010 2222 2064 Β

595 2066 814 2133 fartum,
842 2086 939 2123 ceu
965 2074 1226 2140 quosdam
1254 2091 1319 2126 ex
1349 2090 1405 2129 se
1434 2078 1613 2131 radios
1637 2079 1847 2134 vibrare
1876 2083 2035 2136 solet.

664 2157 980 2213 Animarum
1028 2169 1334 2214 nostrarum
1397 2165 1539 2218 vires
1601 2168 1834 2235 quadam
1890 2172 2149 2242 multipli-

595 2248 739 2300 cium
772 2259 1118 2316 peccatorum
1163 2253 1394 2321 paralysi
1428 2255 1743 2323 dissolutas,
1775 2260 1928 2326 quasi
1969 2263 2150 2317 nervis

592 2336 916 2402 quibusdam
967 2340 1278 2402 corrobora,
1317 2339 1572 2411 oVirgo!
1622 2357 1676 2400 et
1724 2348 1818 2400 tibi
1868 2349 1986 2404 illos
2017 2367 2153 2419 prae-

596 2434 743 2480 terea
777 2429 975 2482 virtute
1013 2431 1244 2497 quadam
1280 2432 1542 2501 singulari
1581 2439 1942 2509 accingendos
1972 2459 2147 2508 sume,

1692 351 1748 406 ς.
1787 350 1959 410 JOSE
1970 355 2100 413 PHI
2142 355 2451 424 IIYMNOG
2461 365 2695 429 RAPHI

1424 469 1542 556 qua
1584 470 1682 556 nos
1734 459 1939 530 inrigati
1989 465 2055 519 ad
2107 467 2378 530 faciendos
2412 475 2620 534 fructus
2688 482 2899 551 pietatis
2967 487 3336 556 fecundamur,
3381 493 3520 547 unde
3592 504 3644 548 et
3694 498 3800 551 sin-

3675 379 3804 442 1016

2335 753 2466 831 Νέον
2509 756 2728 824 τέτοκας
2771 764 2899 832 ἡμῖν
2932 675 3254 827 «ista
3295 768 3384 820 τὸν
3433 769 3540 834 πρὸ
3585 771 3794 823 πάντων

2319 845 2488 908 ώνων,
2517 849 2608 900 καὶ
2633 857 2970 922 καινουργεῖς
3001 857 3226 923 καρδίας
3247 859 3518 927 ἁμαρτίας
3553 860 3788 912 παλαίω·

2261 953 2343 988 σιν
2366 938 2678 1008 δεξαμένας,
2698 947 2996 1014 καινισμῶν
3015 949 3113 1018 τῆς
3132 951 3477 1015 καταθέσεως
3500 955 3599 1022 τῆς
3614 957 3793 1025 τιμίας

2219 1083 2230 1095 l
2260 1023 2433 1097 ζώνης
2463 1047 2574 1097 σου,
2609 1033 2758 1103 Κόρη
2785 1036 3124 1107 ἀειπάρθενε.

2328 1207 2516 1274 Ἀγιός
2546 1227 2637 1262 σου
2661 1212 2690 1263 ὁ
2717 1212 2841 1274 ναὸς
2869 1213 3174 1281 θαυμαστὸς
3201 1214 3515 1288 δικαιοσύνῃ
3543 1220 3788 1289 ὑπάρχει,

2255 1296 2329 1359 ὥς
2356 1315 2436 1360 τις
2467 1299 2564 1368 τὴν
2593 1299 2909 1371 θαυμαστήν
2936 1319 3027 1355 σου
3058 1303 3231 1372 ζώνην
3254 1303 3506 1372 θαύματα
3532 1306 3791 1382 βρύουσαν

2257 1403 2421 1456 κεκτη
2431 1389 2608 1455 μένος,
2631 1392 2740 1452 τοῖς
2758 1393 2965 1453 πιστοῖς
2986 1392 3216 1459 πέλαγος
3234 1393 3506 1446 δείκνυται
3535 1396 3791 1463 ἰαμάτων,

2255 1476 2559 1547 Θεοκυῆτορ
2598 1481 3028 1549 μητροπάρθενε.

2323 1650 2524 1718 Γέγηθε
2573 1653 2720 1703 πᾶσα
2768 1651 2910 1719 ψυχὴ
2944 1650 3196 1704 συνιοῦσα
3242 1651 3301 1703 ἐν
3330 1650 3470 1717 ἁγίῳ
3522 1649 3636 1716 ναῷ
3683 1666 3791 1707 σου,

2253 1740 2346 1792 καὶ
2379 1740 2435 1790 ἐν
2462 1740 2609 1807 αύτῷ
2638 1741 2838 1808 ὁρῶσα.
2871 1740 3117 1804 Θεοτὸκε,
3143 1741 3242 1808 τὴν
3267 1739 3443 1805 ζώνην
3470 1755 3584 1802 σου,
3613 1738 3792 1805 ὥσπερ

2251 1828 2398 1896 ἦλιον
2450 1829 2672 1896 φαιδρὸν
2728 1831 2927 1896 φέγγος
2983 1830 3398 1898 ἀστράπτουσαν
3447 1828 3792 1898 χαρισμάτων

2250 1922 2342 1974 τοῦ
2385 1922 2683 1993 παντεργοῠ
2715 1924 2807 1976 καὶ
2833 1922 2972 1976 θείου
3012 1923 3339 1992 Πνεύματος.
3389 1949 3393 1954 ι
3757 1955 3762 1958 -

2316 2176 2603 2246 Νεύρωσον
2651 2177 2826 2247 ἡμῶν,
2873 2178 3032 2248 ἁγνὴ,
3083 2177 3180 2240 τάς
3212 2179 3434 2247 καρδίας
3471 2176 3793 2247 παρεθείσας

2246 2267 2514 2319 παντοίων
2547 2267 2830 2336 ἁμαρτιῶν
2866 2267 3050 2330 ἰδέαις,
3092 2268 3186 2320 καὶ
3219 2266 3523 2335 περίξωσον
3569 2267 3791 2334 δύναμιν

2247 2356 2369 2418 τοὺς
2399 2356 2496 2424 τὴν
2527 2355 2701 2426 ζώνην
2737 2375 2829 2410 σου
2861 2357 3061 2420 πιστῶς
3095 2358 3168 2419 ώς
3197 2357 3558 2426 πολυτίμητον
3589 2374 3786 2424 κεκτη-

2252 2446 2443 2512 μένους
2472 2445 2563 2496 καὶ
2589 2445 2944 2514 ἀναφαίρετον
2971 2444 3339 2515 θησαύρισμα.

591 2519 902 2587 quicunque
950 2520 1142 2574 eximia
1178 2522 1434 2592 religione
1499 2541 1692 2580 zonam
1735 2538 1907 2597 tuam,
1946 2543 2004 2587 ut
2043 2535 2195 2589 multi
2234 2551 2419 2606 gazam
2472 2536 2628 2603 pretii
2684 2542 2990 2599 asservant,
3026 2535 3169 2588 nulla
3217 2547 3332 2589 arte
3369 2535 3434 2623 de
3470 2533 3573 2603 piis
3608 2549 3788 2589 eorum

593 2612 844 2666 manibus
883 2615 1332 2680 extorquendam.

1190 2711 1298 2780 26
1346 2711 1551 2768 Ode‘7.

665 2799 925 2854 Sublimis
973 2801 1038 2869 ad
1096 2803 1335 2856 coelestia
1393 2805 1738 2862 tabernacula
1795 2811 2149 2878 proﬁciscens

589 2903 768 2942 rerum
819 2899 1120 2942 creatarum
1168 2892 1407 2946 omnium
1456 2897 1662 2964 regina,
1708 2910 1908 2954 nostra:
1938 2903 2142 2957 civitati

589 2986 905 3032 cunctarum
957 2981 1171 3033 urbium
1224 2983 1423 3051 reginae
1471 3000 1696 3055 magnas
1729 2990 1948 3059 reliquit
1991 3006 2144 3060 opes,

588 3084 778 3123 zonam
814 3085 1005 3139 nempe
1053 3086 1230 3135 suam,
1262 3087 1355 3140 per
1398 3089 1560 3142 quam
1612 3079 1740 3131 urbs
1783 3080 1897 3132 haec
1949 3092 2136 3136 nostra

586 3158 894 3212 custoditur
934 3160 1195 3215 adversus
1230 3162 1575 3220 incursiones
1613 3166 1872 3231 hostium,
1908 3179 2015 3224 tam
2046 3172 2138 3240 qui

587 3248 859 3314 videntur,
896 3266 1058 3318 quam
1089 3251 1181 3318 qui
1217 3267 1324 3306 non
1358 3254 1629 3308 videntur.

657 3336 789 3393 Tam
835 3341 999 3393 nobili
1031 3341 1191 3406 fonti,
1226 3358 1289 3396 ex
1319 3358 1427 3411 quo
1467 3345 1713 3400 ebullivit
1764 3350 1934 3418 gratia
1963 3359 2016 3403 et
2043 3351 2139 3404 mi-

585 3427 879 3482 sericordia
908 3428 1112 3494 divina,
1147 3431 1370 3498 propius
1401 3448 1544 3486 nunc
1572 3435 1914 3502 accedamus,
1947 3454 2138 3508 nempe

585 3519 929 3586 receptaculo
975 3519 1102 3573 huic
1146 3521 1474 3597 venerando,
1516 3524 1568 3578 in
1614 3540 1722 3593 quo
1762 3543 1895 3582 zona
1928 3531 2134 3597 pretio-

586 3606 801 3660 sissima
835 3592 1191 3661 conservatur
1233 3609 1378 3664 illius
1422 3611 1610 3668 Matris
1669 3616 1830 3668 simul
1864 3632 1928 3671 ac
1962 3617 2139 3689 Virgi-

585 3697 691 3758 nis,
725 3712 846 3764 quze
880 3714 1115 3753 massam
1149 3701 1360 3768 generis
1407 3702 1634 3758 humani
1672 3707 1949 3761 adorando
1981 3721 2135 3777 partu

584 3800 687 3838 suo
715 3787 782 3839 ad
820 3802 1071 3854 magnum
1109 3790 1286 3842 evexit
1321 3789 1508 3846 decus.

651 3876 887 3930 Adorate
943 3878 1156 3946 hymnis
1218 3879 1527 3945 Dominum,
1589 3881 1831 3940 Virtutes
1876 3887 2136 3941 caelorum

581 3966 865 4030 universae,
887 3968 1042 4034 cujus
1058 3978 1110 4021 et
1130 3966 1479 4030 Genitricem.
1515 3972 1710 4042 linguae
1730 3989 1919 4029 omnes
1939 3985 2140 4030 morta-

582 4055 740 4112 lium,
763 4055 1060 4123 gloriﬁcate
1088 4075 1100 4109 :
1157 4059 1311 4113 vobis
1345 4060 1542 4128 quippe
1575 4061 1718 4115 dono
1767 4061 1913 4117 dedit
1944 4080 2135 4118 zonam

584 4157 760 4201 suam,
800 4144 850 4196 in
881 4145 1034 4211 cujus
1058 4162 1180 4200 vere
1208 4156 1323 4200 tuto
1345 4163 1407 4201 ac
1434 4150 1659 4203 salutari
1685 4152 1911 4216 ambitu,
1943 4155 2136 4208 merito

583 4240 813 4298 possunt
843 4234 1110 4298 refugium
1147 4250 1389 4306 quaerere
1432 4236 1632 4291 ﬁdeles.

659 4321 894 4389 Urgeant
916 4324 1085 4377 nubes
1119 4325 1514 4379 hodieimbrem
1535 4326 1756 4395 justitiae
1780 4330 1845 4383 de
1862 4332 2134 4399 supernis,

580 4411 1019 4477 quandoquidem
1062 4429 1205 4466 nunc
1233 4414 1493 4481 deposita:
1522 4416 1607 4470 hic
1634 4433 1781 4471 zonze
1818 4428 1920 4473 tuae
1954 4422 2132 4490 agitur

583 4497 866 4560 festivitas,
901 4517 1095 4568 o.-qu:e
1140 4504 1254 4570 ipsa
1298 4519 1355 4562 es
1387 4520 1601 4574 quoque
1642 4508 1810 4562 nubes
1853 4525 1979 4563 vere
2024 4511 2133 4564 Deo

582 4591 933 4657 gratissima!
998 4593 1161 4646 simul
1215 4609 1375 4648 omne
1442 4597 1701 4665 quidquid
1759 4600 1887 4652 vivit
1945 4602 2127 4656 exsul-

580 4681 748 4734 tando
776 4691 956 4736 cautet
990 4701 1002 4736 :
1037 4684 1359 4740 Benedictus
1384 4686 1558 4741 Deus!

1268 4774 1378 4830 0de
1421 4780 1474 4830 8.

653 4869 710 4921 ln
731 4866 1054 4938 sanctuario
1077 4867 1318 4936 profanis
1333 4879 1382 4921 et
1405 4870 1585 4938 impiis
1617 4871 1918 4935 inaccesso,
1953 4872 2127 4927 instar

582 4936 762 5009 throni
792 4956 1072 5023 cujusdam
1099 4958 1231 5009 sacri
1259 4958 1539 5026 reponitur
1563 4975 1773 5013 summa
1797 4975 1918 5014 cum
1939 4977 2130 5030 pompa

581 5056 636 5099 et
672 5044 859 5098 laetitia
911 5044 1015 5098 iSIe
1063 5045 1291 5110 loculus,
1339 5049 1429 5115 qui
1481 5048 1653 5100 unica:
1685 5048 1774 5102 Dei
1809 5050 2126 5114 Genitricis,

578 5150 631 5194 et
663 5140 997 5192 intemeratae
1037 5140 1279 5191 omnium
1320 5140 1517 5206 reginae
1552 5154 1738 5191 zonam
1777 5141 1828 5192 in
1876 5157 1994 5194 sese
2023 5143 2135 5195 col-

577 5230 806 5291 locatam
839 5237 1008 5292 tenet;
1043 5243 1106 5281 ex
1153 5244 1255 5292 qua
1302 5227 1516 5296 quidem
1554 5227 1616 5279 iis
1661 5231 1750 5297 qui
1800 5232 1984 5285 multis
2007 5244 2135 5287 sunt

581 5320 812 5388 peccatis
842 5320 992 5372 fracti
1025 5334 1087 5372 ac
1122 5319 1404 5380 debilitati,
1452 5318 1604 5391 plena
1640 5322 1771 5374 tanti
1814 5323 1940 5376 mali
1972 5326 2130 5391 quies

580 5426 643 5466 ac
671 5411 932 5465 medicina
973 5413 1023 5462 in
1066 5420 1311 5476 promptu
1342 5410 1512 5461 adest.

649 5501 855 5553 Revera
896 5517 989 5567 per
1027 5508 1242 5553 sanctas
1277 5514 1468 5550 manus
1502 5510 1638 5564 tuas,
1676 5502 1821 5555 illum
1858 5521 1919 5556 ex
1961 5514 2011 5558 te
2051 5507 2130 5557 in-

582 5600 862 5644 carnatum
910 5591 1014 5657 27
1057 5590 1108 5640 in
1147 5588 1304 5640 terris
1351 5587 1653 5653 hominum,
1708 5600 1798 5642 tuo
1846 5593 2125 5644 accinxisti

584 5681 824 5750 cingulo,
873 5679 961 5745 qui
1009 5695 1194 5732 omnes
1244 5694 1378 5731 νειιυ
1425 5680 1604 5746 pietati
1644 5680 1849 5733 deditos
1896 5683 2126 5750 quedam

2167 3285 2214 3348 C

2163 4667 2212 4725 ι)

2911 2721 3040 2791 ’ῼδὴ
3075 2714 3139 2784 C"
3232 2789 3234 2791 .

2327 2814 2391 2866 'H
2449 2812 2684 2866 πάντων·
2717 2811 3003 2881 βασίλισσα
3053 2813 3187 2880 πρὸς
3247 2809 3529 2879 οὐρανίους
3591 2809 3788 2877 σκηνὰς

2242 2904 2551 2974 ἀπαίρουσα
2597 2902 2984 2964 καταλέλοιπεν
3024 2901 3178 2962 ὄλϐον
3223 2901 3290 2968 τῇ
3325 2898 3554 2966 βασιλίδι
3607 2897 3787 2949 πασῶν

2240 2994 2348 3046 τῶν
2382 2995 2589 3046 πόλεων
2624 2993 2721 3061 τὴν
2758 2991 2958 3060 ταύτης
3006 2990 3198 3057 ζώνην,
3238 2990 3304 3042 δι’
3333 2983 3399 3057 ἧς
3433 2987 3786 3057 περιζώσεται

2243 3085 2538 3154 ἐπιδρομῆς
2568 3083 2776 3152 ὁρατῶν
2815 3082 2907 3135 καὶ
2935 3080 3178 3150 ἀοράτων
3212 3078 3440 3147 ἐχθρῶν.

2312 3358 2468 3426 Πηγῇ
2515 3356 2610 3408 νῦν
2646 3355 3012 3425 προσέλθομεν
3067 3351 3443 3420 ἀποσταζούσῃ
3485 3351 3646 3418 χάριν
3699 3350 3786 3400 καὶ

2242 3447 2387 3509 ἔλεος
2417 3450 2480 3517 τῇ
2527 3447 2669 3516 σορῷ
2710 3449 2774 3514 τῇ
2808 3446 2984 3515 τιμία,
3025 3447 3106 3512 τῇ
3139 3442 3439 3511 κατεχούσῃ
3487 3440 3664 3506 ζώνην
3696 3440 3786 3507 τὴν

2243 3533 2505 3602 πάντιμον
2534 3533 2634 3601 τῆς
2678 3521 2983 3601 τιμησάσης
3020 3532 3318 3600 ἀνθρώπων
3350 3529 3412 3579 τὸ
3454 3529 3684 3596 φύραμα
3709 3543 3784 3581 τι·

2247 3623 2350 3692 μίῳ
2382 3624 2525 3690 τόκῳ
2554 3622 2743 3690 αὐτῆς,
2765 3620 3038 3690 Παρθένου
3063 3635 3120 3670 τε
3151 3619 3244 3671 καὶ
3275 3618 3514 3686 Μητρός.

2308 3897 2514 3950 Αἰνεῖτε
2544 3895 2633 3948 τδν
2649 3895 2869 3964 Κύριον,
2888 3895 3152 3962 Δυνάμεις
3179 3893 3344 3943 πᾶσαι
3370 3893 3424 3942 αἱ
3449 3891 3782 3960 έπουρᾶνιαιο

2240 3987 2335 4056 τὴν
2355 3986 2538 4039 τοῦτον
2556 3984 2836 4049 τεκοῦσαν,
2852 3982 3149 4052 ἀνθρώπων
3166 3981 3403 4048 γλῶσσαι
3421 3982 3614 4044 πᾶσαι,
3642 3981 3784 4043 δοξὰ-

2242 4094 2388 4139 σατε,
2422 4077 2501 4129 ὅτι
2547 4077 2646 4144 τὴν
2680 4074 2854 4144 ζώνην
2887 4072 3056 4154 αὐτῆς
3111 4071 3422 4140 ἐδωρήσατο
3446 4070 3782 4138 ,καταφυγὴν

2240 4166 2412 4235 ἀληθῆ
2442 4166 2535 4218 καὶ
2562 4164 2833 4234 σωτηρίαν
2862 4164 3090 4222 πιστοῖς.

2225 4307 2234 4311 .
2320 4254 2660 4307 Ῥανάτωσαν
2692 4251 2896 4306 ἀνωθεν
2924 4247 3264 4317 δικαιοσύνην
3301 4247 3523 4312 νεφέλαι
3551 4245 3783 4313 σήμερον

2241 4344 2528 4397 καταθέσει
2559 4343 2657 4410 τῆς
2689 4341 2863 4409 ζώνης
2893 4343 2990 4410 τῆς
3017 4341 3134 4408 σῆς,
3171 4337 3363 4404 νεφέλη
3402 4336 3779 4403 θεοχαρίτωτε,

2241 4434 2334 4486 καὶ
2388 4432 2690 4502 μελῳδείτω
2729 4431 2875 4500 ψυχὴ
2907 4432 3054 4483 πᾶσα
3097 4428 3392 4498 χαίρουσα’
3427 4425 3729 4493 Εὐλογητὸς
3759 4427 3784 4476 ὁ

2241 4524 2393 4586 Θεός.

2893 4779 3014 4851 ᾮδὴ
3043 4777 3108 4849 η’·

2301 4874 2494 4942 Θρόνος
2517 4872 2765 4942 καθάπερ
2787 4872 2938 4939 ἅγιος
2969 4873 3000 4939 ἡ
3025 4871 3178 4938 σορὸς
3211 4869 3521 4923 ἀνατίθεται
3552 4871 3702 4923 ἔνδον
3729 4873 3779 4921 ὲν

2232 4964 2441 5025 ἀδύτοις
2481 4965 2643 5032 ἱεροῖς
2691 4963 3019 5032 φαιδρότατα
3054 4962 3151 5030 τῆς
3186 4962 3348 5030 μόνης
3376 4961 3666 5024 θεόπαιδος
3696 4963 3779 5013 καὶ

2237 5053 2498 5121 βασιλίδος
2550 5055 2762 5105 πάντων
2786 5053 2977 5120 ἁγνῆς,
3028 5051 3201 5120 ζώνην
3241 5051 3553 5120 κεκτημένη
3580 5052 3778 5104 ἐπανα-

2237 5141 2640 5209 παυομένην,ὲξ
2663 5136 2851 5211 ἧςτοῖς
2876 5140 3136 5193 κοπιῶσιν
3157 5142 3212 5191 ὲν
3235 5140 3455 5202 πολλαῖς
3485 5140 3778 5210 ἁμαρτίαις

2234 5232 2536 5292 ἀνάπαυσις
2558 5231 2735 5283 τελεία
2773 5230 3094 5301 προέρχεται
3125 5228 3392 5295 ἀφθόνως.

2322 5501 2440 5551 Ἐπὶ
2468 5502 2562 5568 τῆς
2599 5503 2698 5570 γῆς
2735 5502 2822 5552 τὸν
2850 5501 3047 5571 Κύριον
3079 5500 3234 5570 ἱερῶς
3260 5501 3656 5568 έσωμάτωσας,
3692 5505 3773 5552 καὶ

2239 5592 2420 5655 χερσὶν
2451 5591 2629 5654 ἁγίαις
2666 5590 2876 5656 ἀληθῶς
2926 5589 3202 5651 διέζωσας,
3231 5589 3318 5640 τὸν
3348 5588 3774 5657 περιζωννύοντα

2237 5680 2358 5742 τοὺς
2391 5664 2737 5743 ;ύσεϐοῧντας
2764 5680 2989 5748 δύναμιν
3010 5695 3025 5708 ο
3057 5678 3147 5731 νύν
3175 5680 3230 5732 δὲ
3260 5680 3505 5733 ἀναϐᾶσα
3538 5679 3772 5747 οὐρανῶν
