3926 6308
154 329 312 396 1017

1563 329 1923 392 MARIALE.

3228 326 3363 390 1018

150 444 446 513 ὑπεράνω,
481 447 764 509 κατέλιπες
810 445 1112 516 ἀνθρώποις
1146 448 1240 514 τὴν
1285 443 1473 510 τιμίαν
1516 442 1680 513 ζώνηι

1815 442 2073 510 singulari
2110 441 2344 510 accingit
2378 443 2588 496 robore.
2621 441 2689 496 At
2722 457 2885 505 nunc,
2933 457 2965 496 0
2997 429 3232 512 virginea
3270 443 3359 497 Dei

150 534 414 602 ιιαρθένε
445 537 689 602 Θεοτὸκε,
723 537 1044 607 κραταίωμα
1072 538 1164 590 καὶ
1191 537 1436 603 σκέπην.1

1824 532 2010 596 Mater,
2043 541 2390 599 posteaquam
2432 548 2597 601 super
2631 548 2821 587 omnes
2849 534 3016 587 caelos
3048 535 3358 596 ascendisti,

149 635 320 677 tuum
373 627 512 680 istud
564 627 865 685 venerabile
913 627 1186 694 cingulum
1242 619 1550 679 hominibus
1582 623 1842 692 reliquisti
1907 632 2162 689 tanquam
2229 630 2418 690 potens
2481 621 2751 690 quoddam
2818 623 3209 676 munimentum
3251 638 3359 690 quo

146 725 534 786 protegamur.

222 831 598 901 Νενοσηκόσιν
651 833 804 898 ῐαμα,
855 829 1212 884 ὀλισθαίνουσι
1262 831 1556 899 στήριγμα,
1614 828 1707 880 καὶ

142 923 264 982 τοῖς
289 922 625 991 ρᾳθυμοῦσιν
642 921 892 988 εὐθυμία,
921 920 1100 984 ἔνθεος
1120 920 1444 990 κυϐέρνησις
1462 919 1705 983 πλέουσι,

146 1012 599 1081 πεπλανημένοις
635 1012 955 1081 ἐπιστροφὴ,
987 1013 1017 1080 ή
1053 1012 1402 1080 παρεπομένη
1442 1014 1508 1080 τῇ
1550 1008 1706 1079 τιμίᾳ

144 1118 244 1152 σου
276 1102 448 1174 ζώνῃ,
469 1103 602 1171 ἁγνὴ
635 1102 892 1169 Παρθένε,
933 1101 1091 1170 χάρις
1120 1100 1332 1169 ἀληθῶς
1359 1098 1704 1169 χρηματίζει,

141 1191 210 1260 ἢν
244 1192 426 1244 πίστει
462 1191 864 1263 προσκυνοῦμεν
890 1192 968 1252 είς
1005 1191 1210 1250 πάντας
1238 1190 1462 1252 αἰῶνας.

1878 823 2061 876 Gratia
2095 822 2182 876 illa
2217 822 2420 885 divina,
2462 838 2583 891 qua:
2623 824 2674 877 in
2709 839 2807 879 nos
2831 839 2895 878 ex
2931 834 3033 880 tuae
3076 842 3226 880 zonm
3257 846 3350 882 ve-

1805 912 2044 967 nerando
2093 911 2243 965 cultu
2298 912 2598 964 redundare
2654 915 2912 979 cernitur,
2945 915 3077 979 haec,
3111 917 3352 985 inquam,

1805 1007 1994 1074 gratia,
2027 1018 2060 1057 0
2101 1012 2247 1059 casta
2279 1002 2441 1070 Virgo
2465 1044 2477 1065 ,
2523 1011 2605 1057 est
2638 1004 2920 1059 verissima
2967 1009 3352 1076 aegrotantibus

1806 1094 2032 1154 medela,
2089 1078 2309 1162 ja'mjam
2373 1096 2496 1146 item
2569 1095 2874 1151 labentibus
2949 1097 3354 1163 fulcimentum;

1806 1194 2061 1253 prarterea
2111 1184 2248 1237 male
2304 1185 2557 1237 animatis
2604 1185 2799 1239 divina:
2837 1187 3105 1256 quoddam
3159 1191 3350 1242 alacri-

139 1282 274 1335 tatis
305 1283 532 1346 donum,
559 1282 625 1335 ad
658 1283 768 1335 hate
801 1283 1144 1334 moderamen
1184 1290 1231 1334 et
1272 1278 1696 1348 gubernaculum
1736 1276 2139 1342 navigantibus,
2201 1289 2264 1328 ac
2303 1275 2535 1342 denique
2566 1275 2630 1328 iis
2699 1276 2788 1342 qui
2827 1277 3166 1341 aberrarunt,
3198 1278 3349 1330 auxi-

139 1370 279 1424 lium
331 1372 489 1440 plane
533 1386 595 1424 ac
639 1371 816 1424 lumen
860 1371 926 1442 ad
973 1369 1418 1438 resipist-endum.
1465 1360 1618 1424 Unde
1648 1376 1702 1422 et
1739 1365 1888 1421 cultu
1953 1365 2095 1418 ﬁdeli
2127 1375 2177 1418 te
2207 1363 2496 1418 adoremus
2528 1367 2578 1417 in
2611 1367 2789 1418 omnia
2819 1367 3036 1420 saecula.

216 1502 626 1567 Ἐπιτελοῦντες
667 1506 902 1573 σήμερον
935 1505 1033 1573 τὴν
1059 1505 1218 1571 ἁγίαν
1269 1502 1561 1556 κατάθεσιν
1593 1501 1696 1565 ζώ-

135 1611 236 1659 νης
271 1611 372 1646 σου
418 1594 514 1662 τῆς
553 1593 720 1656 θείας,
773 1593 921 1663 ἱερὰν
972 1597 1274 1664 πανήγυριν
1303 1596 1351 1646 οἱ
1378 1593 1551 1646 δοῦλοί
1599 1609 1693 1645 σου

133 1678 392 1746 ἄγωμεν,
434 1682 526 1734 καὶ
571 1684 627 1734 ὲν
653 1683 796 1751 χαρᾷ
847 1682 1091 1752 βοῶμεν·
1141 1670 1624 1750 ΧαῖρεξΘεοτόκε,
1657 1683 1690 1750 ἡ

134 1768 287 1839 χαρὰ
314 1768 424 1823 τῶν
447 1770 711 1838 ἀγγέλων,
745 1773 834 1822 καὶ
869 1771 1084 1822 πάντων
1121 1769 1227 1821 τῶν
1257 1769 1553 1840 ἀνθρώπων
1583 1767 1691 1820 τῶν

1879 1499 1960 1553 Ob
1992 1499 2309 1553 tu:edivina:
2338 1514 2488 1552 zona:
2522 1500 2912 1566 depositionem
2949 1502 3034 1554 hic
3065 1502 3188 1554 olim
3223 1519 3343 1573 per-

1793 1597 1994 1652 actam,
2047 1605 2144 1643 nos
2194 1589 2333 1642 servi
2367 1590 2440 1642 tui
2484 1603 2689 1642 sacram
2724 1590 2882 1643 hodie
2913 1593 3200 1659 panegyrin
3233 1594 3345 1646 sive

1793 1689 2120 1734 conventum
2180 1679 2537 1740 celebramus,
2591 1681 2908 1746 magnisque
2969 1683 3064 1734 tibi
3117 1685 3340 1738 vocibus

1794 1769 1936 1822 hunc
1999 1769 2053 1820 in
2108 1767 2321 1819 modum
2360 1781 2482 1818 cum
2538 1767 2714 1818 hetitia
2746 1767 3122 1832 gratulamur:
3163 1768 3338 1830 Salve,

133 1838 351 1918 πιστῶς
373 1857 777 1924 μελῳδούντων·
813 1857 974 1924 Λαδς,
1005 1856 1342 1930 ὑπεροψοῦτε
1364 1838 1450 1921 είς
1477 1857 1680 1919 πάντας

1794 1859 2038 1922 Deipara,
2066 1858 2317 1926 gaudium
2340 1873 2397 1909 es
2424 1857 2734 1921 angelorum
2763 1867 2813 1907 et
2836 1873 3021 1908 eorum
3045 1859 3338 1923 przesertim

130 1943 262 2008 τοὺς
293 1944 517 2008 αἰῶνας.

817 2249 1026 2320 mw.

217 2381 355 2434 Ἰδοὺ
382 2382 415 2449 ἠ
445 2381 558 2434 θεία
577 2382 726 2449 κλίνη
744 2381 834 2434 τοῦ
860 2380 1128 2451 Σολομῶν,
1152 2381 1443 2453 δυνατοὶςῆν
1455 2381 1684 2436 κυκλοῦ-

135 2488 218 2522 σιν
250 2471 534 2540 ἐξήκοντα,
566 2473 746 2540 ῥήσεις
770 2472 1019 2541 Γραφῶν,
1046 2468 1242 2540 οἷάπερ
1271 2475 1326 2525 ἐν
1348 2471 1504 2541 κλίνῃ
1535 2471 1687 2541 βασι-

133 2559 257 2627 λικῇ
283 2559 430 2628 σορῷ
446 2561 598 2628 τιμία
617 2561 852 2629 σήμερον
871 2559 1044 2627 ζώνην
1066 2558 1337 2611 ἀνακλίνει
1365 2558 1463 2626 τὴν
1489 2556 1686 2625 ἑαυτῆς

133 2649 442 2711 ἀνάκλισιν,
465 2651 542 2710 είς
567 2650 779 2701 πάντων
796 2649 902 2700 τῶν
931 2648 1407 2717 τεταπεινωμένων
1431 2649 1522 2700 καὶ
1539 2649 1684 2699 εὐσεο

136 2738 375 2791 εοὺντων
413 2737 777 2806 περιποίησιν.

1794 1946 2094 2008 hominum,
2138 1945 2229 2013 qui
2279 1945 2528 2011 religiose
2579 1959 2722 1997 nunc
2763 1945 2960 2010 jugitcr
3010 1945 3337 1999 decantant:

1792 2035 2027 2103 Populus
2054 2034 2287 2098 Domini,
2317 2034 2713 2103 superexaltate
2745 2034 3032 2087 Dominum
3067 2037 3119 2089 in
3159 2035 3354 2094 omnia.

1793 2126 1987 2179 saacula
2009 2127 2021 2177 !

2462 2252 2572 2306 Ode
2611 2253 2664 2307 θ.

1856 2383 2087 2445 Intuere,
2143 2371 2388 2445 obsecro,
2427 2396 2547 2434 nam
2608 2384 2706 2437 iste
2761 2384 2976 2436 divinus
3031 2385 3335 2445 Salomonis

1791 2471 2056 2537 ιεσιυιιιε,ἧ
2093 2486 2252 2538 quem
2313 2471 2653 2524 circumdant
2703 2474 2978 2540 sexaginta
3025 2474 3192 2528 fortes
3233 2476 3335 2539 (ut

1783 2563 1933 2615 aiunt
1961 2561 2256 2629 Scriptura:
2282 2563 2320 2628 ),
2365 2578 2518 2615 suam
2554 2563 2710 2614 hodie
2747 2579 2932 2614 aonam
2965 2565 3248 2630 pretiosam
3281 2566 3330 2616 in

1785 2649 1963 2703 loculo
1993 2659 2249 2717 tanquam
2286 2652 2338 2702 in
2382 2651 2568 2704 lectica
2602 2652 2743 2716 regia
2779 2654 3010 2718 quodam
3059 2655 3216 2705 molo
3252 2670 3336 2704 rc.-

1781 2737 1967 2799 clinat,
2003 2736 2165 2804 idque
2192 2736 2245 2789 in
2287 2737 2538 2789 solatium
2582 2746 2635 2789 et
2676 2740 3170 2792 reconciliationem
3212 2757 3334 2791 om-

135 2828 306 2892 nium,
360 2829 452 2895 qui
498 2839 554 2881 ut
601 2827 796 2896 abjecti
848 2835 1290 2893 contemnuntur,
1342 2827 1410 2880 ad
1460 2826 1673 2880 illorum
1715 2827 1843 2882 item
1907 2828 2150 2880 onmium
2229 2828 2693 2882 conservationem
2742 2845 2805 2882 ac
2832 2832 3070 2894 tutelam,
3103 2833 3331 2899 quicun-

132 2933 234 2985 que
264 2932 447 2970 veram
478 2917 724 2984 pietatem
756 2917 903 2970 cordi
938 2917 1154 2970 habent.

211 3054 298 3116 Ὠς
331 3053 484 3114 πόλις
528 3053 783 3121 βασιλέως
834 3052 939 3104 τῶν
983 3049 1255 3118 οὐρανῶν,
1308 3050 1431 3119 περὶ
1461 3044 1526 3119 ἧς
1557 3050 1678 3101 ἐλα-

131 3143 267 3212 λήθη
296 3143 573 3212 παράδοξα
593 3158 606 3173 ·
651 3141 770 3194 ἔθου
796 3144 860 3210 τῇ
897 3143 962 3210 σῇ
993 3141 1143 3192 πόλει
1173 3139 1343 3208 δῶρον
1375 3140 1552 3206 τίμιον
1586 3139 1686 3193 καὶ.

135 3237 328 3288 σεπτὸν
360 3237 456 3303 τὴν
485 3236 751 3301 παναγίαν
804 3235 1024 3304 μνήμην
1057 3249 1147 3285 σου
1179 3234 1394 3284 πάντων
1423 3233 1500 3290 εἰς
1541 3247 1677 3299 κρα-

134 3327 346 3395 ταίωμα
371 3327 478 3378 τῶν
505 3325 807 3388 τριστῶν,δι’
830 3321 896 3394 ἦς
922 3325 970 3376 οἱ
1002 3322 1329 3392 στεφηφὸροι
1359 3320 1673 3388 τροπῶνται

131 3417 420 3485 πολεμίους
451 3416 727 3485 ὀρθοδοξίᾳ
767 3415 1178 3482 διαλάμποντες.

1857 3048 1899 3100 0
1924 3048 2064 3116 regis
2102 3047 2362 3101 (calorum
2411 3049 2599 3103 civitas
2641 3051 2707 3103 de
2743 3066 2845 3118 qua
2876 3052 3016 3104 dicta
3046 3061 3170 3106 sunt
3215 3055 3330 3121 glo-

1786 3136 1929 3189 riosa
1956 3137 1968 3188 !
1997 3133 2076 3188 Tu
2119 3135 2169 3188 in
2212 3135 2314 3188 hac
2346 3145 2433 3188 tua
2465 3137 2682 3190 civitate
2727 3140 3011 3205 reposuisti
3041 3151 3326 3206 augustum

1782 3235 1835 3277 et
1868 3225 2201 3277 adorandum
2249 3241 2467 3285 munus.
2506 3235 2650 3279 luam
2699 3242 2888 3294 nempe
2921 3244 3108 3280 zonam
3149 3245 3328 3283 sacra-

1780 3315 2062 3376 tissitnant,
2124 3323 2183 3366 ut
2214 3324 2357 3367 esset
2396 3316 2504 3383 28
2533 3318 2784 3370 omnibus
2830 3333 2954 3370 vere
2986 3318 3327 3373 credentibus

1777 3405 2048 3472 quoddam
2089 3413 2282 3473 potens
2322 3406 2478 3472 plane
2521 3408 3004 3474 propugnaculum,
3054 3425 3155 3475 qua
3190 3425 3324 3462 zona

133 3506 264 3559 sise
300 3507 586 3571 accingam
654 3504 808 3573 quasi
861 3519 924 3557 ae
961 3506 1207 3557 muniant
1285 3509 1469 3556 nostra
1511 3496 1742 3553 illustria
1783 3496 2088 3565 principum
2152 3493 2584 3548 orthodoxorum
2641 3496 2838 3563 capita,
2896 3497 3143 3550 hostilem
3201 3513 3324 3552 mox

132 3597 386 3665 impetum
410 3595 671 3664 facillime
704 3595 1004 3664 proﬂigant.

194 3728 519 3793 Σταλάξατε,
546 3727 614 3779 τὰ
655 3728 777 3798 ὅρη,
805 3727 898 3781 νῦν
943 3727 1255 3796 γλυκασμὺν
1275 3766 1289 3791 ,
1314 3726 1408 3778 καὶ
1463 3723 1662 3793 βουνοὶ,

128 3812 458 3884 ιὺὲρσοσύνην
492 3815 739 3870 αίώνιοψ
774 3816 1121 3885 πατριαρχῶν
1171 3815 1355 3884 δῆμοι,
1388 3815 1481 3866 καὶ
1529 3830 1668 3881 μαρ-

129 3900 301 3974 τύρων
348 3909 545 3967 πάντες
591 3907 771 3974 χοροὶ,
831 3907 938 3959 τῶν
998 3906 1288 3975 προφητῶν
1319 3907 1346 3956 ὁ
1379 3903 1690 3970 σύλλογος,

129 3995 282 4047 θείων
338 3995 648 4048 ἀποστόλων
697 3996 868 4064 δῆμος
924 3997 1147 4058 σεπτὸς,
1197 3994 1536 4064 εὐφράνθητε
1574 3994 1669 4044 σὺν

129 4086 285 4138 πᾶσιν
310 4087 458 4153 ἡμῖν,
494 4089 559 4154 τῇ
590 4085 874 4138 καταθέσει
905 4086 1001 4155 τῆς
1029 4085 1177 4147 θείας
1210 4084 1384 4153 ζώνης
1414 4086 1508 4154 τῆς
1530 4084 1660 4135 Θεό-

127 4176 308 4238 παιδος

197 4454 455 4521 Ἥγίασας
485 4454 550 4505 τὰ
577 4454 748 4505 πάντα
776 4453 862 4505 διὰ
887 4455 982 4522 τῆς
1005 4454 1120 4520 σῆς,
1147 4452 1380 4519 παναγία
1402 4453 1662 4519 Παρθένε,

128 4546 381 4610 κυήσεως,
432 4543 524 4592 καὶ
568 4540 658 4592 νῦν
704 4542 834 4608 ἡμῖν
881 4541 1116 4601 δέδωκας
1147 4541 1221 4602 ὡς
1250 4540 1469 4592 πλείονα
1504 4557 1666 4606 φωτι-

1833 3718 2057 3779 Stillate,
2099 3728 2329 3777 montes,
2372 3717 2732 3782 dulcedinem,
2766 3727 2819 3771 et
2849 3717 3035 3779 colles,
3085 3719 3320 3772 laetitiam

1764 3808 2181 3875 sempiternam!
2217 3805 2323 3859 Vos
2356 3817 2632 3873 praeterea,
2656 3808 2829 3860 tribus
2866 3809 3317 3876 patriarcharum,

1764 3892 1981 3946 etchori
2013 3901 2310 3962 martyrum
2346 3894 2606 3958 universi,
2631 3895 2814 3948 adhzec
2841 3903 3013 3948 cattus
3038 3897 3319 3963 prOpheta-

1768 3998 1910 4044 rum,
1961 3997 2024 4034 ac
2078 3980 2310 4048 denique
2355 3982 2628 4035 adoranda
2675 3984 2872 4037 cohors
2926 3985 3316 4052 apostolorum,

1776 4081 2006 4125 vestram
2047 4070 2328 4124 nobiscum
2364 4086 2551 4142 omnes
2585 4073 2822 4124 laetitiam
2863 4075 3131 4126 C(Blestem
3173 4089 3318 4125 com-

1778 4163 2050 4216 municate
2098 4162 2162 4213 ad
2203 4161 2368 4213 divini
2405 4162 2566 4229 hujus
2606 4164 2805 4232 Cinguli
2833 4179 2940 4232 quo
2983 4179 3041 4217 se
3069 4165 3192 4217 olim
3226 4163 3316 4216 Dei

1763 4253 2002 4307 Genitrix
2036 4253 2292 4313 accinxit,
2322 4252 2503 4320 dignis
2533 4253 2691 4307 hodie
2719 4255 2894 4307 modis
2931 4255 3312 4308 celebrandam

1765 4343 2136 4396 festivitatem.

1838 4455 2160 4508 Exhilarasti
2193 4457 2372 4507 omnia
2406 4456 2629 4508 omnino
2671 4457 2899 4524 quadam
2941 4431 3315 4511 benedictione

1766 4553 1951 4597 sancta
2001 4560 2093 4610 per
2127 4555 2276 4596 tuum
2325 4544 2756 4608 sanctissimum,
2799 4562 2830 4598 o
2866 4545 3050 4611 Virg),
3089 4562 3316 4615 puerpe—

129 4635 250 4699 σμδν
273 4634 369 4700 τὴν
399 4631 660 4698 παναγίαν
681 4632 852 4699 ζώνην
884 4647 999 4693 σου,
1022 4625 1087 4699 ἦς
1112 4633 1173 4698 τῇ
1197 4631 1485 4682 καταθέσει
1512 4632 1657 4680 πᾶσα

1789 4633 1932 4692 ’ἰιιιη,
1990 4643 2041 4684 et.
2095 4647 2237 4684 nunc
2281 4647 2496 4699 quoque
2536 4633 2711 4696 nobis,
2759 4643 2815 4686 ut
2858 4649 2958 4703 ope
3007 4645 3092 4687 tua
3144 4637 3314 4704 magis

128 4723 156 4788 ἡ
191 4723 256 4788 γῆ
286 4720 519 4791 χορεύει,
569 4721 660 4772 καὶ
704 4721 946 4789 γεραίρει
984 4737 1039 4770 σε
1072 4719 1172 4789 τὴν
1220 4720 1392 4788 χαρᾶς
1421 4721 1655 4787 ἀρρήτου

126 4811 531 4879 ἀποπληροῦσαν
562 4811 620 4862 τὸ
644 4811 998 4878 ἀνθρμὺπινον.

1765 4737 1976 4788 semper
2009 4737 2069 4773 ac
2095 4721 2265 4790 magis
2300 4720 2655 4783 illustremur,
2691 4738 2882 4775 zonam
2931 4724 3126 4777 dedisti
3168 4738 3311 4778 tuam

1765 4811 2206 4870 sacratissimum,
2237 4810 2288 4861 iu
2316 4810 2468 4873 cujus
2500 4811 2585 4864 hic
2613 4812 2970 4878 depositionis
3013 4813 3300 4867 festivitate

129 4902 367 4955 universa
406 4902 680 4954 nobiscum
715 4900 946 4953 exsultat
980 4908 1120 4952 terra
1154 4908 1312 4968 teque
1348 4901 1575 4954 summis
1604 4901 1902 4954 animorum
1971 4901 2165 4954 studiis
2232 4902 2478 4958 honorat.
2529 4911 2587 4953 ut
2637 4917 2756 4969 qua:
2811 4902 3105 4957 humanum
3139 4920 3308 4968 genus

129 5001 281 5046 lutum
332 4994 584 5048 ineﬂ‘abili
623 4994 853 5062 quodam
886 4981 1078 5062 gau'dio
1105 4996 1462 5069 complevisti.

187 5109 360 5171 Φιλίας
412 5110 586 5171 δολίας
633 5111 729 5177 τῆς
775 5111 882 5162 τῶν
917 5112 1099 5162 παθῶν
1150 5111 1240 5162 καὶ
1287 5110 1481 5177 ἐχθροῦ
1536 5110 1656 5161 καθ’

126 5197 342 5267 ἑκάστην
393 5200 737 5269 πειράζοντος
774 5201 1050 5269 ἁμαρτιῶν
1087 5202 1238 5269 βάθει
1292 5199 1560 5268 ῥᾳθυμίας
1597 5218 1653 5251 τε

129 5288 346 5357 χαλεπῆς
393 5290 713 5357 ἀπαγωγῆς,
766 5293 1128 5361 πανὰχρσντι,
1162 5313 1250 5342 και
1279 5291 1651 5357 αἰχμαλωσίας

131 5376 210 5426 καὶ
236 5379 532 5448 προνομῆς,
563 5381 639 5449 τῷ
669 5381 745 5448 σῷ
775 5383 1222 5449 προσπεφευγὸτα
1270 5381 1406 5432 ἐλέει
1438 5382 1523 5432 διὰ
1552 5384 1649 5434 τά-

133 5479 261 5534 χους,
292 5469 365 5532 ὡς
395 5470 699 5540 συμπαθὴς,
734 5472 890 5541 ἁγνὴ,
927 5471 1250 5536 ἀπάλλαξον.

1836 5110 2068 5176 Praeripe
2103 5124 2183 5161 me
2222 5124 2284 5161 ac.
2315 5110 2501 5170 libera,
2553 5126 2584 5163 o
2630 5126 2836 5163 summe
2885 5112 3078 5163 intacta
3114 5108 3300 5175 Virgo,

1763 5203 1829 5254 ab
1860 5202 2004 5252 ontni
2050 5200 2418 5253 insidiantium
2472 5201 2597 5253 tnihi
2645 5201 2998 5268 cupiditatum
3044 5199 3296 5257 amicitia,

1751 5292 1819 5344 ah
1860 5290 2060 5342 inimici
2100 5292 2223 5342 item
2275 5291 2662 5344 tentationihus
2703 5292 3049 5360 quotidianis,
3093 5289 3288 5353 quibus

1753 5381 1838 5434 illc
1881 5397 1983 5443 tne,
2011 5397 2104 5448 per
2146 5390 2361 5445 peccata
2398 5381 2578 5447 gratia
2617 5377 3275 5448 vilteqtlcdissolutionem

1752 5471 2063 5532 maximam,
2095 5471 2337 5536 abripere
2370 5472 2629 5525 violenter
2675 5474 2725 5525 in
2760 5471 3112 5537 captivitatem
3153 5485 3292 5533 pta:-

1751 5564 1983 5629 datnque
2013 5576 2166 5614 suam
2209 5561 2418 5623 nititur,
2471 5564 2532 5614 ad
2570 5572 2713 5615 tuam
2745 5563 2937 5628 quippe
2983 5573 3123 5611 nunc
3154 5574 3287 5610 cou—

1751 5649 1894 5719 t'ngio
1929 5649 2372 5715 miscricordiam,
2397 5669 2428 5704 ο
2458 5651 2614 5722 Virgo
2645 5649 2969 5705 miser-atris!
