3926 6308
575 337 710 399 1019

1234 446 1341 514 29
1377 444 1464 496 vr.

574 561 653 614 At!
673 563 914 627 hymnum
952 559 1278 610 Acutln'stou.
1315 559 1378 610 In
1414 560 1801 610 sanctissimam
1845 557 2121 627 Dciparam

643 625 823 682 (Iahon
865 627 932 678 Vl
972 627 1101 692 (50),
1149 629 1295 691 cujus
1343 628 1645 678 acroatichis
1676 638 1789 678 est:
1830 645 1845 673 ι
1888 625 2123 676 Gaudere

645 709 690 751 te
726 713 879 750 unam
909 698 1158 758 convenit,
1194 697 1370 764 gaudii
1401 697 1608 748 domus.
1635 695 1846 758 Ioseph.
1901 714 1916 743 ι

1259 805 1370 859 Ode
1406 807 1428 858 1
1452 846 1463 859 .

646 899 861 953 Gabriel
893 914 1117 966 magnus
1150 898 1530 965 arrhaugelus,
1563 911 1685 950 cum
1717 906 1785 959 te,
1818 910 1848 948 ο
1877 904 2042 956 casta,
2064 895 2124 946 li-

576 990 730 1042 brum
777 989 975 1042 Christi
1011 990 1332 1049 animatum,
1370 998 1421 1040 et
1452 987 1653 1055 Spiritu
1696 997 1885 1039 sancto
1928 987 2125 1055 sigilla-

575 1089 688 1133 tum
732 1080 988 1142 vidisset,
1030 1080 1359 1131 exclamavit
1395 1077 1458 1130 ad
1502 1087 1593 1131 te:
1629 1077 1833 1139 Catule,
1878 1093 1908 1129 0
1944 1077 2124 1145 gaudii

573 1173 791 1230 domus,
821 1185 914 1237 per
943 1184 1102 1236 quam
1139 1169 1324 1235 primm
1356 1168 1594 1234 parentis
1624 1167 1932 1219 maledictio
1956 1167 2128 1219 aboli—

581 1274 629 1314 ta
658 1272 759 1313 CSI.

651 1352 773 1403 Atla:
812 1351 1092 1409 correctio,
1119 1350 1308 1413 gaude,
1365 1364 1396 1402 0
1429 1349 1589 1417 Virgo
1627 1347 1715 1400 Dei
1748 1364 1967 1416 sponsa,
2008 1365 2128 1417 quae

576 1436 846 1489 infernum
882 1438 1230 1490 interemisti:
1271 1438 1462 1504 gaude,
1495 1445 1600 1488 tota
1634 1437 1998 1500 immaculata,
2031 1452 2126 1504 pa-

577 1526 761 1579 latium
793 1527 959 1579 solius
1012 1528 1180 1594 regis;
1219 1528 1407 1594 gaude,
1449 1526 1638 1578 throne
1691 1527 1841 1594 ignee
1870 1527 2128 1594 Omnipo-

578 1616 757 1668 tentis.

651 1703 844 1771 Vigens
867 1719 1076 1771 semper
1104 1718 1249 1766 rosa,
1281 1706 1452 1771 gaude
1475 1704 1604 1772 (5t),
1625 1720 1743 1771 qua:
1767 1705 1877 1757 sola
1910 1720 2125 1772 pomum

1667 336 1725 394 S.
1768 333 2073 394 JOSEI‘lll
2122 334 2670 415 liYMNOGRil‘llt

3647 337 3764 407 ιυευ

2954 447 3046 510 q‘.

2241 557 2358 618 Ἐἰς
2389 557 2490 606 τὸν
2518 557 2705 623 ὕμνον
2737 556 3058 626 ἀκιξθιστον
3080 557 3185 624 τῆς
3215 560 3538 626 ὑπεραγίας
3573 564 3758 617 Beard-

2297 644 2404 700 νέου
2437 621 2757 700 βαῦὼνζῗ,
2792 621 2856 700 οὗ
2886 626 2922 692 ἠ
2955 621 3300 700 ἀκροάέιχξς
3323 621 3463 700 vti-Uri.
3487 621 3556 680 οἰ
3585 633 3754 700 Χαμᾶς

2295 695 2548 760 ὃοχεῖω·,
2578 694 2674 745 σοὶ
2705 693 2908 746 ποέπει
2939 697 3162 762 χαίρειν
3186 693 3364 764 μόνῃ.
3401 697 3622 768 Ἰωσήφ
3642 693 3701 755 ί»

2813 867 2816 876 ,
2912 807 3033 876 ᾮδὴ
3060 806 3127 862 α’·

2297 896 2528 966 Χριστοῦ
2564 897 2740 965 βίϐλον
2765 896 3000 966 ἔμψυχον
3039 881 3477 969 ἐσφραχισμένην
3519 918 3577 953 σε
3605 902 3763 954 Ilvati-

2229 1006 2356 1057 ματι
2393 989 2420 1039 ὁ
2454 987 2621 1054 μέγας
2664 986 2994 1056 ἀρχάγγελος
3025 986 3329 1058 [ΓαὸριὴλΙ.
3369 989 3529 1057 ἁγνὴ,
3564 989 3763 1056 θεώμε-

2226 1096 2333 1141 νος,
2368 1077 2633 1145 ἐπεφώνει
2658 1091 2769 1128 σοι·
2807 1078 2993 1145 Χαῖρε,
3040 1080 3209 1147 χαρᾶς
3228 1079 3450 1148 δοχεῖον,
3482 1079 3549 1132 δι’
3587 1076 3653 1149 ἧς
3680 1081 3766 1149 τῆς

2230 1172 2574 1240 προμήτορος
2597 1169 2703 1238 ἀρὰ
2727 1167 3046 1238 λυθήσεται.

2308 1341 2473 1410 ’Λδᾶμ
2532 1340 2918 1408 ἐπανόρθωσις,
2975 1343 3151 1411 χαῖρε,
3203 1342 3441 1412 Ῑιαρὺένε
3489 1343 3766 1414 Θεόνυμσςε,

2228 1431 2318 1483 τοῦ
2350 1431 2474 1500 ᾅδου
2500 1433 2832 1500 ἠνέκρωσις,
2862 1433 3036 1499 χαῖρε,
3071 1433 3399 1500 πανάμωμε,
3427 1432 3487 1485 τὺ
3511 1435 3767 1488 παλάτιον

2228 1522 2317 1574 τοῦ
2353 1523 2510 1590 μόνου
2540 1522 2826 1585 Βασιλέως,
2855 1522 3200 1592 χαῖρε,Θρόνε
3237 1523 3436 1591 Πύρινε
3464 1526 3558 1577 τοῦ
3585 1543 3768 1580 παντο-

2229 1606 2510 1680 κράτορος.

2313 1700 2486 1752 Ῥόδον
2521 1699 2582 1751 τὸ
2615 1699 2944 1768 ἀμάραντον,
2981 1703 3154 1769 χαῖρε.
3191 1704 3223 1770 ὴ
3259 1702 3391 1772 μόνη
3425 1703 3767 1774 βλαστήσασα

575 1795 886 1848 suavissimi
931 1795 1113 1848 odoris
1155 1796 1426 1861 protulisti
1457 1815 1469 1848 :
1509 1797 1696 1864 gaude,
1733 1806 1785 1847 tu
1818 1813 1936 1863 quae
1968 1813 2115 1863 pepe‘

2231 1791 2291 1842 τὸ
2323 1791 2485 1858 μῆλον
2508 1791 2567 1841 τὸ
2596 1789 2828 1856 εὔοσμον
2849 1807 2862 1820 ·
2900 1794 3074 1859 χαῖρε,
3103 1793 3134 1861 ή
3173 1793 3372 1854 τὲξασα
3405 1793 3465 1844 τὸ
3490 1794 3769 1863 ὀσφράδιον

576 1885 694 1937 risti
744 1885 1087 1937 olfactorium
1128 1885 1286 1952 Regis
1327 1887 1602 1949 omnium;
1636 1887 1830 1955 gaude,
1869 1887 2126 1954 nuptialis

576 1973 795 2026 thalami
829 1975 1039 2043 ignara,
1085 1977 1266 2028 mundi
1294 1977 1542 2029 salvatio.

646 2066 891 2128 Domina,
924 2066 1188 2119 castitatis
1213 2067 1522 2129 thesaurus,
1557 2066 1749 2130 gaude,
1782 2082 1873 2133 per
1906 2082 2065 2134 quam
2097 2083 2125 2120 a

573 2170 700 2208 casu
741 2165 924 2208 nostro
948 2156 1109 2208 erecti
1139 2172 1358 2220 sumus;
1391 2158 1580 2223 gaude,
1614 2172 1773 2209 suave
1797 2158 2037 2210 redolens
2066 2159 2126 2210 li-

574 2245 726 2308 lium,
774 2245 956 2298 lideles
996 2246 1158 2298 odore
1205 2260 1484 2298 recreans:
1543 2246 1827 2315 thymiama
1879 2248 2127 2300 suavissi-

575 2351 742 2398 mum,
771 2346 1100 2405 unguentum
1132 2337 1605 2404 pretiosissimum.

1159 2429 1267 2497 3o
1307 2429 1419 2482 Ode
1467 2430 1521 2482 δ.

640 2535 844 2605 Expers
899 2539 1118 2590 omnino
1176 2547 1407 2591 aratnrze
1473 2554 1620 2608 ager,
1667 2554 1731 2592 ex
1779 2555 1885 2608 quo
1949 2541 2123 2594 divina

573 2631 716 2698 spica
747 2629 1083 2696 germinavit,
1117 2631 1320 2694 gaude:
1367 2647 1550 2682 mensa
1580 2633 1832 2695 animata,
1867 2611 1985 2700 qua:
2028 2648 2125 2699 pa-

575 2733 694 2770 nem
739 2718 861 2771 vitae
896 2719 1176 2784 recepisti:
1206 2721 1398 2788 gaude,
1428 2720 1672 2783 Domina,
1710 2720 1828 2774 fons
1864 2736 2014 2789 aqua:
2047 2722 2124 2774 vi-

576 2809 747 2862 ventis
784 2809 1157 2862 inexhaustus.

644 2897 925 2950 Remotum
964 2899 1029 2950 ab
1062 2900 1207 2952 omni
1244 2900 1362 2952 labe
1410 2900 1633 2953 vitulum
1684 2902 1839 2955 enixa
1876 2903 2124 2956 ﬁdelibus

567 2988 819 3056 juvcnca,
849 2992 1017 3057 gaude
1045 3009 1055 3042 :
1091 2991 1279 3054 gaude,
1303 3006 1458 3057 agna,
1489 3007 1607 3057 qua:
1630 2992 1876 3059 peperisti
1912 2995 2121 3058 Agnum

2226 1882 2319 1932 τοῦ
2347 1882 2560 1933 πάντων
2585 1879 2853 1942 Βασιλέως
2875 1897 2887 1908 ο
2927 1885 3079 1951 χαῖρε
3097 1922 3111 1945 ,
3156 1882 3516 1951 ἀπειρόγαμε,
3571 1884 3767 1952 κόσμου

2226 1971 2528 2038 διὰσωσμα.

2306 2060 2548 2126 Ἀγνείας
2598 2060 2964 2130 Θησαύρισμα,
3010 2064 3186 2131 χαῖρε,
3226 2063 3292 2113 δι’
3320 2059 3386 2132 ἦς
3411 2065 3475 2114 ὲκ
3502 2063 3596 2114 τοῦ
3629 2062 3769 2115 πτώ-

2229 2168 2394 2218 ματος
2425 2154 2584 2218 ἡμεῖς
2620 2152 2986 2220 ὲξανέστημεν
3008 2169 3021 2182 ·
3056 2155 3231 2220 χαῖρε,
3261 2154 3526 2222 ἡδύπνοον
3573 2157 3767 2222 κρῖνον,

2225 2243 2507 2304 Δέσποινα,
2560 2244 2781 2305 πιστοὺς
2841 2244 3168 2310 εὐωδιάζον,
3221 2245 3469 2314 Θυμίαμα
3523 2245 3768 2314 εὔοσμον,

2229 2333 2394 2400 μῦρον
2430 2333 2742 2401 πολύτιμον.

2908 2424 3028 2492 ᾮδη
3055 2424 3124 2489 γ’·

2294 2538 2500 2606 Στάχυν
2533 2540 2564 2607 ή
2598 2538 2944 2607 βλαστήσασα
2973 2539 3062 2592 τὸν
3087 2537 3250 2602 Θεῖον,
3276 2539 3349 2600 ώς
3375 2537 3526 2608 χώρα
3575 2539 3768 2608 ἀνήρο-

2224 2645 2314 2690 τος
2363 2628 2567 2696 σαφῶς,
2625 2631 2808 2698 χαῖρε·
2857 2629 3064 2697 ἔμψυχε
3117 2629 3358 2697 τράπεζα
3414 2631 3576 2698 ᾶρτον
3633 2631 3769 2701 ζωῆς

2225 2722 2533 2788 χωρήσασα,
2575 2721 2725 2789 χαῖρε
2747 2734 2760 2747 ο
2794 2719 2884 2770 τοῦ
2916 2719 3110 2782 ζῶντος
3153 2719 3339 2780 ὓδατος
3384 2719 3534 2788 πηγῆ
3566 2720 3769 2773 ἀκὲνω-

2224 2826 2333 2871 τος,
2376 2811 2653 2861 Δέσποινα.

2295 2897 2530 2964 Δάμαλις
2559 2898 2645 2948 τὸν
2677 2899 2918 2966 μόσχονή
2949 2897 3181 2950 τεκοῦσα
3205 2913 3294 2950 τον
3320 2903 3568 2967 ἀμωμον,
3599 2905 3768 2971 χαῖρε,

2223 2989 2333 3046 τοῖς
2369 2989 2572 3046 πιστοῖς
2594 3002 2604 3012 ·
2626 2989 2798 3054 χαῖρε,
2827 2987 2999 3054 ἀμνὰς
3027 2989 3269 3054 κυήσασα
3296 2986 3428 3038 Θεοῦ
3461 2989 3657 3056 Ἀμνον
3687 2991 3772 3041 τὸν

575 3080 685 3139 Dei,
718 3080 806 3147 qui
846 3080 1007 3133 totius
1034 3079 1218 3132 mundi
1244 3081 1383 3131 tollit
1411 3089 1626 3146 peccata
1652 3098 1663 3132 :
1690 3081 1880 3150 gaude,
1915 3081 2115 3134 fervens

2226 3077 2445 3144 αἴροντα
2471 3077 2675 3144 κόσμου
2698 3078 2895 3139 παντὸς
2921 3079 2988 3129 τὰ
3009 3078 3344 3146 πταίσματα’
3365 3083 3544 3147 χαῖρε,
3573 3081 3771 3149 Θερμδν

573 3169 1028 3234 prepitiatorium.

643 3257 888 3310 Emicans
913 3273 1128 3315 aurora.
1158 3273 1275 3325 quae
1314 3258 1426 3310 sola
1465 3258 1630 3310 solent
1665 3257 1938 3311 Christum
1977 3269 2120 3311 attu-

573 3346 677 3398 listi
700 3386 712 3408 ,
748 3347 959 3415 gaude:
996 3347 1126 3400 lucis
1166 3346 1442 3407 habitatio,
1486 3349 1674 3414 gaude,
1722 3362 1842 3414 quae
1875 3348 2118 3401 tenebras

572 3435 890 3496 dissolvisti,
937 3447 988 3489 et
1035 3437 1401 3489 tenebricosos
1442 3436 1713 3489 daemonas
1760 3437 1980 3488 omnino
2016 3439 2118 3489 itu-

575 3522 838 3575 minuisti.

644 3609 746 3678 Tu,
784 3612 1029 3676 Domina,
1066 3623 1213 3681 porta
1247 3615 1425 3679 unica,
1461 3630 1554 3682 per
1577 3631 1734 3683 quam
1765 3614 1998 3669 Verbum
2035 3630 2122 3670 so-

653 3815 761 3882 t50)
802 3813 982 3867 Exstat
1026 3814 1112 3866 hic
1145 3829 1312 3866 canon
1354 3813 1534 3867 Grcece
1571 3825 1773 3869 tantum
1811 3818 1860 3869 in
1897 3815 2121 3869 llorolo-

575 3884 661 3947 gio
681 3883 984 3935 Graecorum
1014 3883 1246 3935 Veneliis
1270 3885 1530 3950 impresso
1551 3884 1641 3934 fol.
1673 3886 1795 3948 557,
1827 3887 1877 3938 in
1903 3885 2121 3940 Triodio

573 3951 881 4004 Graecorum
912 3952 1145 4003 Sabbato
1189 3953 1392 4018 quinta:
1422 3953 1766 4005 hebdomadte
1798 3957 1848 4006 in
1880 3956 2121 4017 Quadra-

573 4021 798 4085 gesima,
840 4021 891 4071 in
933 4021 1116 4073 codice
1158 4021 1338 4073 Graece
1378 4036 1478 4072 ms.
1537 4021 1871 4075 bibliothecm
1922 4024 2118 4074 liarbe-

575 4089 704 4157 rinae
739 4105 792 4139 ιι.
859 4089 974 4142 H8.
1025 4104 1140 4155 pag.
1203 4089 1317 4149 liti,
1361 4105 1565 4141 necnon
1607 4091 1656 4142 in
1710 4092 1827 4143 aliis
1875 4094 2116 4157 pluribus

576 4156 880 4208 Cra-corum
905 4157 1265 4208 voluminibus
1304 4160 1680 4224 manuscriptis
1707 4159 1756 4210 in
1791 4156 2106 4212 bibliotheca

575 4224 830 4276 Vaticana
857 4241 916 4276 ac
940 4225 1419 4291 Cryptal‘erratensi
1453 4229 1758 4279 asservatis.
1784 4258 1851 4265 —
1886 4229 2108 4293 Propter

573 4293 780 4357 insigne
823 4296 1138 4345 miraculum
1176 4310 1203 4344 a
1244 4295 1542 4346 castissima
1587 4296 1673 4348 ltei
1705 4295 1974 4348 Genitrice
2010 4300 2107 4349 sub

575 4360 820 4430 Heraclio
860 4364 1179 4426 imperatore
1216 4373 1508 4428 patratum,
1541 4364 1604 4414 de
1644 4379 1748 4430 quo
1780 4367 1918 4424 vide,
1958 4368 1999 4415 si
2034 4366 2108 4416 li—

575 4430 681 4489 hct,
713 4429 951 4481 C:esares
985 4441 1193 4483 nostros
1228 4431 1488 4482 Marianos
1514 4433 1561 4482 in
1594 4429 1837 4484 Heraclio
1866 4436 2108 4499 impera—-

574 4507 690 4548 tore
718 4513 832 4562 cap.
868 4499 916 4558 6,
956 4500 979 4564 ᾗ
1010 4501 1058 4557 7,
1085 4501 1452 4550 celebrabatur
1479 4501 1764 4566 quotannis
1799 4502 2107 4553 Constantis

574 4567 752 4632 nopoli
787 4569 898 4618 dies
928 4568 1112 4627 festus,
1155 4567 1454 4618 Acut/ustus
1483 4579 1843 4634 nuncupatus,
1876 4585 1982 4636 quo
2019 4571 2106 4622 [)ei

572 4637 981 4686 amantissimus
1015 4637 1238 4701 pupulas
1284 4636 1910 4704 Conslantinopolitanus
1947 4649 2106 4691 lotam

575 4712 785 4756 noctein
838 4704 1039 4768 absque
1096 4705 1200 4774 ulla
1250 4706 1649 4757 intermissione
1701 4709 1953 4774 hymnum
2015 4725 2110 4773 pro

572 4774 867 4843 gratiarum
897 4782 1100 4823 actione
1141 4773 1437 4839 Deiparenti
1474 4773 1812 4836 decantabat,
1855 4786 2107 4843 tanquam

574 4842 673 4900 illi,
709 4857 825 4906 qu.e
868 4855 961 4905 pro
1006 4844 1241 4892 omnium
1284 4845 1458 4894 salute
1499 4845 1752 4895 excubias
1801 4842 2019 4910 egi~s<tt,
2058 4855 2108 4897 et

573 4910 778 4961 Ctelesti
822 4923 927 4980 sua
957 4911 1148 4962 virtute
1205 4922 1310 4962 tam
1364 4914 1570 4980 insigne
1626 4923 1880 4978 trupzenm
1924 4925 2107 4966 contra

577 4980 757 5029 hostes
788 4979 1063 5030 erexisset.
1099 4980 1422 5032 Acathistum
1460 4979 1581 5033 vero
1621 4983 1932 5042 linittitlthll,
1968 4986 2105 5047 quod

577 5058 701 5096 tunc
747 5047 990 5111 populus
1025 5063 1085 5099 ac
1119 5049 1293 5100 clerus
1347 5052 1632 5100 universus
1676 5049 1859 5100 eodem
1917 5053 2106 5103 ardore

578 5115 716 5167 idem
767 5117 1016 5176 Iacerent,
1068 5117 1574 5179 neminecessante,
1607 5118 1813 5167 nemine
1845 5134 1871 5168 a
1915 5122 2103 5172 divinis

578 5183 826 5235 laudibus
853 5187 1279 5246 conquiescente.
1318 5184 1464 5236 Unde
1499 5188 1544 5234 in
1583 5185 1775 5237 llituali
1802 5185 2104 5240 Graecorum

580 5253 734 5308 libro,
779 5253 912 5318 apud
949 5253 1255 5305 Gretseium
1302 5257 1418 5303 lilir.
1456 5270 1510 5302 ιιι
1547 5254 1990 5308 (Inminentarior.
2057 5259 2107 5308 in

578 5335 696 5385 cap.
736 5322 799 5372 1:.)
825 5322 1010 5374 Codini
1046 5325 1271 5387 legunt“:
1316 5342 1329 5372 ι
1365 5323 1688 5380 Aratliistos,
1723 5327 1874 5388 quasi
1922 5343 2108 5378 rarens

581 5391 817 5442 sessione
851 5393 1022 5443 (licius
1055 5403 1152 5446 est,
1199 5396 1336 5456 tlllt’hi
1375 5402 1511 5440 totus
1549 5394 1773 5455 populus
1813 5404 1917 5443 tota
1957 5405 2109 5445 nocte

580 5460 768 5510 stando
838 5461 1086 5525 hymnum
1145 5459 1377 5523 lii-.ipara;
1442 5460 1799 5511 continui-rit:
1861 5464 2108 5528 quoique

580 5542 698 5578 cum
734 5531 979 5578 ιιιιὶιιιὶιιιδ
1009 5529 1123 5576 aliis
1157 5529 1203 5576 in
1238 5532 1438 5577 .l'.ililll\'
1464 5545 1525 5576 ex
1561 5545 1701 5580 nunc
1724 5534 1904 5581 δίιιιιιγιξ
1932 5535 2101 5590 ιιιτωι,

579 5594 630 5646 in
666 5598 780 5648 istis
810 5600 997 5646 diVHlJl‘,
1030 5595 1206 5646 Matri.
1232 5616 1273 5644 γι
1293 5616 1331 5642 (ἰ
1357 5598 1387 5644 ti
1415 5613 1593 5649 uinues
1618 5610 1813 5650 διτιιιιυς
1841 5605 2103 5650 ansculta-

581 5679 721 5719 mus.
780 5667 1029 5716 l’rctilicis
1091 5668 1515 5734 prnpngnntritis
1566 5680 1614 5719 LI.
1663 5671 1865 5719 invicta;
1924 5669 2104 5721 Matris

2229 3168 2551 3233 ἱλαστήριον.

2301 3256 2530 3324 Ὀρθρος
2557 3255 2789 3322 φαεινὸς,
2823 3257 2998 3324 χαῖρε,
3025 3258 3056 3324 ἡ
3089 3257 3219 3326 μόνη
3247 3257 3335 3308 τὸν
3357 3257 3506 3325 ἥλιον
3537 3259 3772 3325 φέρουσα

2226 3347 2473 3414 Χριστόν·
2524 3346 2695 3411 φωτὸς
2752 3347 3202 3414 κατοικητήριον,
3255 3351 3434 3415 χαῖρε,
3480 3348 3540 3398 τὸ
3585 3349 3768 3409 σκότο;

2221 3437 2447 3500 λύσασα,
2471 3439 2564 3489 καὶ
2584 3439 2703 3499 τοὺς
2721 3437 2973 3504 ζοφώδεις
2994 3438 3247 3506 δαίμονας
3265 3439 3519 3499 ὀλοτελῶς
3541 3439 3769 3507 ὲκμειώ-

2227 3543 2388 3579 σασα.

2293 3617 2482 3684 Χαῖρε,
2522 3615 2661 3684 πύλη
2701 3615 2834 3685 μόνη
2864 3616 2932 3684 ἢν
2967 3618 2994 3667 ὁ
3026 3615 3191 3682 Λόγος
3222 3616 3471 3668 διώδευσε
3526 3617 3708 3685 μόνος,
3738 3622 3769 3688 ἡ

2221 3829 2344 3879 ture,
2377 3819 2587 3873 Christe
2621 3820 2777 3881 Deus,
2813 3821 2879 3872 ab
2925 3821 3173 3873 oinnibus
3207 3835 3303 3874 nos
3339 3821 3503 3872 libera
3538 3823 3765 3875 calami-

2221 3889 2442 3948 tatibus.
2476 3899 2527 3941 et
2556 3889 2811 3943 miserere
2848 3890 3002 3942 nobis
3040 3900 3290 3955 tanquam
3333 3890 3481 3943 solus
3533 3893 3767 3941 clement-

2218 3966 2270 4008 et
2311 3957 2593 4010 humanus.
2633 3975 2648 4006 ι
2689 3956 2778 4009 Sic
2809 3958 2898 4009 ibi.
2936 3957 3107 4023 Atque
3155 3959 3205 4009 in
3242 3959 3560 4011 bibliotheca
3599 3960 3760 4011 Bava~

2220 4025 2326 4076 rica
2384 4034 2562 4078 exstat
2604 4027 2668 4076 de
2722 4028 2805 4078 die
2858 4027 3132 4078 Acathisto
3173 4028 3345 4078 oratio
3396 4029 3495 4077 hoc
3559 4030 3758 4077 titulo:

2222 4113 2238 4143 ι
2282 4093 2528 4146 Narratio
2575 4094 2718 4146 utilis
2768 4109 2830 4146 ex
2869 4097 3027 4146 veteri
3075 4096 3294 4146 historia
3340 4095 3584 4154 collecta,
3623 4107 3676 4147 et
3717 4113 3760 4144 in

2215 4163 2529 4213 memoriam
2570 4177 2826 4216 revocans
2875 4163 3299 4229 inexspectatum
3352 4164 3477 4213 illud
3527 4166 3758 4214 miracu-

2216 4231 2346 4290 lum,
2381 4231 2576 4283 factum
2605 4232 2818 4296 quando
2839 4232 3015 4282 Persze
3046 4242 3097 4282 et
3134 4232 3345 4282 barbari
3388 4233 3586 4297 regiam
3629 4233 3748 4282 han.

2214 4299 2483 4351 civitatem
2539 4300 2880 4356 obsederunt,
2923 4301 3013 4364 qui
3072 4301 3342 4365 perierunt
3387 4301 3625 4351 divinam
3686 4305 3762 4350 ul-

2214 4369 2419 4419 tionem
2443 4370 2643 4434 experti
2675 4385 2686 4418 :
2721 4369 2910 4422 civitas
2947 4383 3073 4418 vero
3116 4367 3279 4419 ill.esa
3320 4382 3644 4434 permanens
3689 4372 3763 4419 in-

2214 4437 2537 4487 tercessione
2595 4437 2832 4501 Deipara:
2890 4437 3179 4503 quotannis
3240 4452 3300 4486 ex
3369 4437 3458 4487 illo
3524 4446 3763 4504 tempore

2215 4506 2468 4582 hymnum
2522 4505 2814 4582 gratiarum
2879 4504 3205 4582 agendarum
3266 4518 3431 4582 causa
3494 4507 3758 4564 concinit,

2213 4573 2352 4624 diem
2390 4573 2538 4624 illum
2591 4573 2924 4635 Acathiston,
2973 4573 3127 4640 quasi
3177 4573 3437 4625 Sessionis
3484 4585 3759 4640 expertem

2213 4657 2516 4693 HOHHIIIHIS.
2557 4659 2573 4690 ι

2283 4711 2387 4776 (51)
2444 4709 2516 4759 En
2568 4709 2847 4777 pulchrum
2895 4707 2948 4758 S.
2999 4707 3215 4771 Josephi
3268 4725 3361 4775 pro
3415 4709 3760 4762 immaculata

2212 4779 2268 4830 B.
2308 4777 2539 4845 Virginis
2584 4780 2932 4844 com-eptione
2981 4779 3362 4828 testimonium.
3402 4779 3454 4828 Si
3507 4782 3654 4830 enim
3701 4795 3763 4831 ex

2209 4847 2441 4914 Josepho
2494 4849 2551 4896 Β.
2593 4846 2753 4912 Virgo
2805 4847 2904 4898 fuit
2945 4861 3066 4898 rosa
3113 4860 3333 4914 semper
3372 4847 3578 4913 vigens,
3633 4862 3763 4910 ergo

2210 4913 2483 4984 nunquam
2521 4917 2634 4967 sine
2668 4916 2846 4983 vigore
2872 4916 3063 4968 divinre
3097 4915 3279 4981 gratiae
3317 4913 3449 4984 fuit,
3489 4918 3580 4968 sed
3618 4932 3764 4969 sem-

2213 5001 2304 5052 per
2339 4982 2542 5037 exstitit
2574 4982 2749 5036 divina
2791 4985 2957 5050 gratia
3004 4999 3253 5034 vernans.
3303 4982 3439 5046 Quid
3487 4995 3570 5035 est
3617 4987 3759 5036 enim

2216 5071 2424 5120 semper
2458 5055 2661 5117 vigens.
2717 5054 2816 5104 nisi
2864 5053 3113 5104 onmibus
3157 5053 3374 5105 omnino
3424 5053 3762 5119 temporibus

2217 5126 2419 5187 vigens,
2457 5125 2614 5173 etiam
2653 5122 2742 5173 illo
2788 5130 3081 5180 momento,
3121 5135 3228 5186 quo
3266 5121 3613 5174 sanctissima
3645 5122 3761 5187 ejus

2214 5194 2388 5243 anima
2427 5203 2600 5241 creata
2637 5191 2769 5242 fuit?
2801 5189 2932 5241 Nam
2960 5190 3001 5240 si
3037 5189 3151 5240 sine
3191 5189 3371 5255 vigore
3406 5191 3602 5242 divinae
3641 5207 3761 5255 gra-

2214 5263 2295 5311 tia:
2341 5261 2651 5325 aliquando,
2695 5260 2743 5310 id
2793 5270 2872 5311 est
2922 5260 2971 5308 in
2997 5259 3171 5325 primo
3225 5274 3333 5311 sum
3387 5260 3760 5325 ronceptionis

2214 5331 2431 5379 instanti
2480 5328 2969 5395 I'nisset,quomodo
3002 5336 3147 5388 tunc,
3185 5328 3332 5379 mal-.e
3362 5328 3591 5394 origiuis
3628 5337 3758 5378 aestu

2212 5399 2356 5447 arida
2393 5412 2510 5449 Cum
2544 5408 2702 5458 esset,
2743 5412 2865 5449 rosa
2897 5410 3102 5460 semper
3129 5395 3313 5461 vigens
3348 5412 3471 5448 vere
3505 5397 3609 5447 diri
3642 5411 3764 5460 pos-

2212 5467 2318 5514 set?
2356 5464 2787 5532 ‘u'idchlasqnez
2822 5465 2890 5515 De
2925 5463 3093 5514 Maria
3126 5465 3455 5516 immaculale
3486 5474 3754 5528 concepta,

2217 5535 2332 5582 libr.
2376 5551 2423 5596 v,
2462 5535 2678 5585 Disscrt.
2717 5537 2765 5594 '2,
2804 5542 2986 5584 :tnnot.
3019 5532 3072 5595 εὶ,
3111 5533 3196 5583 ubi
3232 5535 3371 5598 quod
3408 5534 3467 5585 Β.
3512 5532 3674 5600 Virgo
3707 5532 3759 5582 in

2216 5618 2308 5653 sua
2343 5607 2692 5669 conceptione
2727 5604 2884 5654 luerit
2914 5617 3032 5654 rosa
3066 5603 3510 5669 fragrantissimo.
