3926 6308
92 345 233 411 1021

1492 348 1851 408 MARIALE.

3167 345 3301 411 10222

90 452 328 522 μοχλοὺς
381 452 478 505 καὶ
525 450 700 515 πύλας
751 453 896 524 ᾅδου,
928 455 1213 518 Δέσποινα,
1250 453 1328 523 τῷ
1360 453 1503 521 τόκῳ
1548 470 1632 504 σοι.

1754 452 1856 503 lum
1883 451 2258 520 pertransivit;
2284 465 2402 522 qua:
2426 461 2602 508 vectes
2642 463 2696 507 ct
2725 461 2907 522 portas
2933 452 3125 507 inferni
3146 464 3300 523 partu

87 544 439 613 συντρίψασα
464 560 475 571 ·
508 547 686 615 χαῖρε,
718 548 752 616 ἠ
791 546 906 599 θεία
934 548 1133 610 εῐσοδος
1164 547 1271 599 τῶν
1301 546 1639 614 σωζομένων,

84 634 232 685 πανὺ
242 650 430 703 μνήτε.

777 728 898 798 an;
924 728 987 781 δ’.

165 815 265 867 Ἐν
292 819 519 885 φωναῖς,
544 817 810 887 ᾀσμάτων
840 821 1019 872 πίστει
1050 838 1132 873 σοι
1191 821 1425 889 βοῶμεν,
1455 821 1636 873 πανύ-

85 922 126 973 μ
146 924 285 972 ιητε·
307 910 482 977 χαῖρε,
504 910 623 961 πῖον
638 909 760 979 ὅρος
773 913 868 962 καὶ
889 928 1011 962 τετυ
1018 912 1324 981 ρωμένονὲν
1339 913 1608 980 πνεύματι
1621 927 1634 941 ’

83 996 470 1065 χιίρε,λυχνία
486 997 580 1051 καὶ
606 998 808 1067 στάμνε
837 999 1008 1068 μάννα
1040 1000 1300 1068 φέρουσα,
1331 1002 1391 1054 τὸ
1421 1002 1644 1069 γλυκαίο

82 1103 174 1137 νον
201 1085 274 1138 τὰ
302 1085 410 1139 τῶν
439 1086 678 1142 εὐσεϐῶν
706 1088 1053 1160 αίσθτοτήρια.

163 1257 511 1330 Ἱλαστήριον
535 1262 628 1316 τοῦ
657 1265 882 1334 κόσμου,
908 1268 1084 1337 χαῖρε,
1103 1268 1336 1337 άχραντε
1353 1271 1637 1324 Δέσποινα·

83 1349 272 1419 χαῖρε,
327 1350 526 1421 κλίμαξ
571 1353 737 1423 γῆθεν
785 1356 990 1421 πάντας
1040 1359 1372 1427 άνυψώσασα
1422 1362 1638 1431 χάριτι·

81 1442 248 1510 χαῖρε
270 1480 287 1504 ,
322 1444 355 1512 ή
409 1445 623 1513 γέφυρα
674 1446 842 1510 ὅντως
883 1451 915 1518 ή
964 1451 1275 1519 μετάγουσα
1304 1454 1369 1505 ὲκ
1403 1454 1636 1509 θανάτου

82 1530 301 1592 πάντας
329 1529 464 1599 πρὸς
494 1530 639 1603 ζωήν
667 1535 789 1597 τοὺς
824 1535 1123 1606 ὑμνοῦντας
1152 1556 1231 1594 σε.

154 1620 419 1688 Οὐρανῶν
474 1623 817 1695 ὑψηλοτέρα,
863 1629 1042 1697 χαῖρε,
1076 1631 1177 1699 γῆς
1204 1629 1265 1683 τὸ
1296 1630 1541 1700 θεμέλιον
1583 1633 1642 1686 ὲν

82 1710 149 1775 τῇ
184 1712 254 1777 σῇ
299 1710 473 1780 νηδύϊ,
504 1712 766 1789 ἇχραντε,
806 1715 1025 1779 άκόπως
1076 1718 1423 1787 βαστάσασα·
1462 1725 1637 1793 χαῖρε,

1748 552 1838 597 tuo
1897 545 2224 607 contrivisti,
2279 545 2492 614 gaude:
2552 546 2747 613 gaude,
2778 546 2993 599 divinus
3049 548 3324 600 introitus-

1745 645 1928 683 eorum
1963 634 2052 700 qui
2101 634 2397 697 salvantur,
2439 647 2470 685 ο
2504 633 2648 685 omni
2685 632 2841 685 laude
2867 631 3207 702 dignissima.

2400 721 2511 774 Ode
2547 721 2602 773 4.

1802 807 2178 865 Exclamamns
2204 814 2269 865 ad
2296 820 2347 864 te
2385 813 2611 867 fideliter
2638 828 2760 865 cum
2786 816 3009 869 vocibus
3063 817 3305 871 canticu-

1744 914 1882 965 rum,
1919 915 1952 953 ο
1994 900 2202 983 cunqctis
2242 900 2487 957 laudibus
2527 902 2888 957 celebranda:
2923 905 3114 973 gaude,
3149 921 3304 958 mons

1744 988 1959 1057 pinguis
1993 1000 2044 1042 et
2093 992 2411 1058 coagulatus
2440 992 2676 1058 Spiritu:
2727 993 2921 1062 gaude,
2977 992 3215 1058 lucerna,
3250 1001 3302 1047 et

1744 1094 1878 1132 urna
1910 1080 2089 1134 ferens
2108 1096 2325 1145 manna,
2350 1082 2493 1150 quod
2520 1082 2729 1150 piorum
2770 1097 2968 1137 sensus
3010 1083 3303 1137 dulcedine

1743 1168 2037 1238 perfundit.

1815 1256 2060 1313 Universi
2088 1259 2547 1327 propitiatorium,
2577 1259 2767 1329 gaude,
2802 1274 2836 1313 ο
2855 1259 3079 1315 Domina
3109 1261 3302 1314 imma-

1742 1347 1961 1400 culata:
2011 1348 2206 1415 gaude,
2253 1347 2418 1409 scala,
2463 1364 2583 1416 quae
2615 1362 2803 1402 omnes
2834 1364 2928 1416 per
2978 1352 3205 1418 gratiam
3247 1342 3321 1402 in

1742 1438 1907 1491 altum
1937 1437 2151 1492 extollis
2172 1452 2202 1489 a
2226 1447 2364 1490 terra
2396 1455 2409 1489 :
2440 1438 2630 1504 gaude,
2655 1452 2811 1505 pons,
2844 1438 2936 1505 qui
2966 1453 3090 1492 vere
3122 1447 3301 1491 trans-

1744 1526 1912 1581 mittis
1943 1542 1973 1579 a
2002 1535 2173 1579 morte
2199 1527 2264 1579 ad
2301 1526 2463 1579 vitam
2505 1541 2694 1579 omnes
2721 1526 3003 1580 laudantes
3028 1536 3099 1579 te.

1813 1615 2056 1670 Nobilior
2088 1617 2240 1670 caelis
2266 1605 2616 1679 sublimitate,
2660 1616 2851 1684 gaude,
2894 1630 3013 1683 qua:
3040 1616 3159 1669 sine
3189 1614 3301 1668 ullo

1742 1704 1927 1759 labore
1966 1705 2018 1757 in
2059 1715 2149 1758 tuo
2193 1716 2347 1759 utero
2374 1712 2531 1757 terrae
2550 1703 2961 1757 fundamentum
2996 1705 3240 1772 portasti,
3269 1719 3302 1757 o

82 1798 329 1888 κογχὺλη
353 1801 635 1872 πορφύραν
664 1802 812 1858 θείαν
841 1806 1056 1877 βάψασα
1074 1807 1132 1875 ἐξ
1155 1812 1402 1884 αἱμάτων
1433 1831 1526 1868 σου
1560 1816 1632 1888 τῷ

1754 1795 2124 1849 ηωωαευιοιεε
2159 1795 2347 1863 gaude,
2392 1810 2628 1863 purpura
2652 1836 2666 1859 ,
2700 1809 2819 1862 qua:
2853 1794 3111 1846 virtutum
3174 1793 3302 1862 Regi

80 1885 301 1954 βασιλεῖ
323 1890 430 1943 τῶν
456 1891 754 1963 δυνάμεων.

148 2062 468 2136 Νομοθέτήν
487 2068 519 2137 ή
536 2068 769 2126 τεκοῦσα
786 2061 1021 2144 άληθῶς,
1041 2080 1222 2151 χαῖρε,
1246 2079 1529 2147 Δέσποινα,
1549 2082 1640 2135 τὸν

76 2152 177 2214 τάς
207 2156 442 2243 άνομίας
471 2158 685 2215 πάντων
709 2161 917 2233 δωρεάν
943 2167 1312 2237 ὲξαλείφοντα,
1338 2172 1642 2243 άκατανόη-

74 2257 169 2294 τον
196 2242 387 2312 βάθος,
420 2246 553 2327 ᾗψος
584 2249 839 2323 ἄρρητον..
887 2255 1249 2327 άπειρόγαμε,
1283 2258 1350 2313 δι’
1377 2255 1445 2330 ἧς
1478 2242 1639 2331 ἡμεῖς

76 2333 291 2405 ἐθιὼθη
300 2354 417 2406 μεν.
680 2400 683 2401 ν
814 2373 823 2385 ι
1418 2370 1422 2395 ι

146 2423 220 2475 Σὲ
248 2424 348 2495 τὴν
394 2427 656 2495 πλέξασαν
686 2433 763 2503 τῷ
803 2434 990 2507 κόσμῳ
1015 2437 1398 2508 άχειρόπλοκον
1436 2443 1637 2510 στέφα-

76 2526 169 2600 νον
193 2512 685 2588 άνυμνολογοῦμεν,
726 2523 918 2594 Χαῖρε,
962 2528 1063 2591 σοὶ,
1104 2526 1362 2598 Παρθένε,
1396 2532 1640 2600 πιιραυγά⁶

75 2598 287 2667 ζοντες,
318 2603 377 2656 τὺ
405 2607 771 2680 φυλακτήριον
796 2613 1029 2681 πάντων,
1067 2618 1161 2669 καὶ
1189 2598 1513 2691 χαράκωμα,
1543 2598 1637 2676 καὶ

76 2691 429 2763 κραταίωμα,
461 2697 553 2750 καὶ
584 2699 723 2769 ἱερὸν
768 2705 1117 2771 καταφύγιον.

825 2793 945 2863 ηδ,
978 2792 1010 2849 η

156 2890 313 2949 ὀδδν
341 2896 375 2967 ή
403 2900 649 2968 κυήσασα
689 2901 852 2972 ζωῆς,
875 2909 1050 2975 χαῖρε,
1105 2909 1436 2981 πανάμωμε,
1470 2913 1503 2981 ἡ
1532 2931 1637 2966 κα-

74 2985 397 3074 τακλυσμοῦ
442 2990 543 3059 τῆς
589 2992 865 3064 ἁμαρτίας
913 2997 1133 3052 σώσασα
1163 3001 1398 3071 κόσμον·
1452 3007 1633 3074 χαῖρε,

1740 1886 2026 1957 purpureis
2077 1884 2298 1940 ﬂoribus
2343 1894 2652 1939 contextam
2698 1891 2900 1937 vestem
2942 1885 3048 1938 tuis
3081 1884 3302 1953 sangui-

1744 1978 1898 2032 nibus
1924 1978 2153 2031 tinxisti.
3044 1984 3045 1987 ‘

1808 2070 2098 2123 Auctorem
2120 2068 2255 2139 legis
2280 2068 2438 2122 enixa
2476 2082 2622 2127 vere.
2646 2068 2737 2136 qui
2764 2066 3007 2121 omnium
3042 2066 3302 2133 iniquita-

1740 2167 1822 2215 tes
1857 2160 2089 2229 gratuito
2136 2161 2297 2224 delet,
2352 2160 2544 2227 gaude,
2604 2158 2853 2220 Domina,
2889 2157 3302 2227 inintelligibilis

1739 2234 2117 2316 profunditas,
2150 2249 2251 2318 31
2309 2248 2595 2302 ineﬂ‘abilis
2650 2247 2992 2310 sublimitas;
3048 2245 3304 2315 nuptialis

1740 2341 1840 2394 tori
1872 2341 2077 2409 ignara,
2112 2356 2205 2409 per
2233 2355 2394 2408 quam
2432 2354 2530 2392 nos
2558 2337 2789 2393 deiﬁcati
2813 2352 3031 2406 sumus.

1808 2430 2007 2485 Mundo
2050 2446 2305 2484 coronam
2340 2446 2443 2483 non
2504 2444 2661 2483 manu
2695 2428 2891 2482 factam
2947 2425 3298 2486 contexuisti,

1738 2521 1860 2575 ideo
1892 2506 1945 2574 te
1982 2521 2196 2589 ltymnis
2225 2520 2586 2581 celebramus,
2614 2518 2732 2583 tibi,
2759 2516 2968 2577 Gaude,
2994 2516 3303 2569 eXclaman-

1738 2620 1839 2689 tes,
1871 2625 1904 2664 ο
1932 2611 2174 2663 omnium
2207 2610 2476 2677 custodia,
2509 2620 2562 2665 et
2612 2609 2832 2672 vallum,
2886 2614 2942 2660 et
3001 2605 3190 2670 robur,
3246 2613 3301 2660 et

1738 2717 1951 2758 sacrum
1981 2702 2307 2757 subsidium.

2398 2791 2513 2847 Oder
2542 2792 2593 2845 5.

1803 2905 1916 2976 (5‘2)
1944 2905 2149 2961 (larens
2174 2905 2321 2959 omni
2352 2905 2581 2969 macula,
2616 2885 2737 2972 quae
2783 2904 2926 2957 viam
2956 2904 3079 2957 vitae
3139 2917 3302 2971 pepe-

1736 2997 1876 3059 risti,
1914 2997 2088 3065 gaude
2115 3013 2125 3047 :
2154 2996 2349 3065 gaude,
2378 3010 2498 3064 quae
2527 2995 2785 3047 mundum
2814 3010 2841 3046 a
2864 2994 3071 3048 diluvio
3093 2994 3299 3061 peccati

78 3069 376 3182 geépuptpe,
415 3075 662 3178 5.100690.
688 3082 782 3134 καὶ
810 3083 1023 3155 λάλημα
1055 3069 1307 3156 φρικτόν·
1335 3069 1511 3161 χαῖρέ,
1544 3069 1626 3145 ἐν·

1754 3073 1996 3154 iberasti,
2032 3104 2064 3141 ο
2091 3087 2181 3140 Dei
2216 3102 2414 3156 Sponsa
2450 3104 2463 3140 :
2492 3086 2698 3138 auditio
2758 3095 2814 3138 et
2840 3086 3045 3139 locutio
3076 3086 3301 3139 horrore

76 3160 345 3234 διαίτημα
371 3166 467 3222 τοῦ
492 3170 760 3225 Δεσπότου
784 3175 883 3245 τῆς
909 3176 1159 3239 κτίσεως.

143 3337 338 3411 ,Ἰσχὺς
380 3343 473 3397 καὶ
505 3345 764 3418 ὀχύρωμα
792 3349 1113 3420 ἀνθρώπων,
1142 3357 1320 3425 χαῖρε,
1364 3356 1632 3427 ἄχραντε·

72 3430 209 3483 τόπε
233 3434 572 3503 άγιάσματος
597 3438 694 3508 τῆς
725 3439 900 3508 δόξης,
931 3442 1193 3514 νέκρωσις
1228 3445 1381 3516 ᾅδου,
1411 3445 1634 3515 νυμφὼν

73 3524 339 3592 ὁλόφωτε,
386 3532 566 3601 χαῖρε,
600 3531 709 3585 τῶν
755 3533 1002 3602 ἀγγέλων
1054 3539 1301 3608 χαρμονή
1328 3554 1344 3569 ·
1392 3540 1631 3609 χαίρε,ή

78 3614 305 3685 βοήθεια
336 3619 447 3671 τῶν
472 3622 677 3675 πιστῶν
712 3623 976 3694 δεομένων
1008 3642 1122 3679 σου.

148 3799 500 3871 Πυρίμορφον
543 3802 723 3872 ὄχημα
750 3802 842 3857 τοῦ
870 3804 1065 3872 Λόγου,
1122 3808 1277 3877 χαῖρε
1298 3846 1313 3871 ,
1344 3808 1627 3875 Δέσποινα,

74 3891 290 3961 ἔμψυχα
317 3893 631 3961 παράδεισι,
659 3895 719 3947 τὸ
762 3896 915 3960 ξύλον
952 3897 1011 3949 ἓν
1041 3899 1190 3968 μέσῳ
1220 3897 1338 3967 ἕχον
1366 3898 1511 3968 ζωῆς
1539 3900 1629 3952 τὸν

76 3978 303 4052 Κύριονζ
333 3976 393 4035 οὗ
416 3986 445 4035 ὁ
471 3983 782 4054 γλυκασμδς
821 3985 1075 4049 ζωοποιεῖ
1105 3989 1280 4041 πίστει
1314 3990 1441 4053 τοὺς
1472 3990 1629 4044 αετέ-

72 4088 271 4139 κοντας
297 4074 389 4125 καὶ
419 4073 593 4145 φθορᾷ
634 4076 1029 4143 ὑποκύψαντας.

152 4163 513 4235 Ῥωννύμενοι
567 4167 740 4222 σθένει
792 4185 884 4221 σου
911 4170 1118 4233 πιστῶς
1164 4172 1478 4243 άναῦοῶμέν
1508 4188 1623 4226 σοι·

73 4255 282 4324 Xalps,
306 4257 461 4319 πόλις
507 4257 598 4311 τοῦ
649 4259 1035 4328 Παμὸασιλέως
1062 4301 1075 4323 ,
1130 4261 1489 4332 δεδοξασμένα
1532 4264 1626 4317 καὶ

72 4345 407 4429 άξιάκουστα
432 4349 557 4416 περὶ
584 4344 650 4420 ἦς
675 4350 991 4421 λελάληνται
1028 4351 1213 4421 σαφῶς
1237 4367 1253 4384 ⁶
1284 4353 1409 4423 ὅρος
1433 4353 1627 4407 άλατό-

74 4449 271 4501 μήτον,
298 4436 475 4503 χαῖρε,
506 4434 668 4503 βάθος
694 4438 1015 4508 ἀμέτρητον.

141 4524 471 4594 Εὐρύχωρον
502 4528 762 4597 σκήνωμα
790 4529 879 4581 τοῦ
921 4530 1114 4597 Λόγου,
1158 4534 1334 4602 χαῖρε,
1366 4532 1621 4602 άχραντε,

71 4613 313 4683 κόχλοςή
339 4615 429 4667 τὸν
453 4614 595 4671 θείον
621 4620 961 4689 μαργαρίτην
988 4622 1375 4691 προαγαγοῦσα
1399 4638 1411 4651 ·
1442 4626 1622 4693 χαῖρε,

1737 3181 1945 3250 plena:
1999 3162 2449 3250 gaude.rmansio
2511 3176 2726 3230 Domini
2773 3177 3016 3231 omnium
3078 3182 3307 3230 creata:

1736 3282 1942 3322 rarum.

1802 3358 1847 3413 Ο
1874 3357 2255 3423 immaculata,
2295 3356 2554 3410 fortitudo
2605 3366 2658 3410 et
2714 3356 2945 3409 munitio
2992 3356 3296 3415 hominum,

1732 3452 1943 3519 gaude:
1987 3452 2138 3505 locus
2167 3438 2617 3504 sanctificationis
2642 3448 2851 3517 gloriae,
2915 3441 3167 3501 interitus
3208 3446 3294 3499 in-

1732 3536 1889 3600 ferni,
1944 3536 2210 3592 thalamus
2265 3543 2412 3590 totus
2461 3535 2691 3596 lui-idus,
2741 3535 2934 3605 gaude,
2985 3534 3295 3603 angelorum

1732 3627 1947 3691 Itetitia;
1967 3627 2160 3697 gaude,
2189 3626 2448 3681 auxilium
2478 3641 2692 3690 eorum,
2734 3626 2825 3696 qui
2855 3633 3047 3680 tecum
3083 3627 3183 3679 fide
3200 3627 3297 3679 de-

1732 3728 2043 3787 precantur.

1799 3806 1984 3862 Nitens
2012 3808 2162 3875 ignea
2187 3808 2304 3860 lucc
2353 3818 2548 3860 currus
2579 3804 2762 3871 Verbi,
2815 3804 3012 3873 gaude,
3041 3803 3289 3869 Domina,

1729 3898 1978 3965 paradise
2013 3896 2268 3961 animate,
2301 3896 2352 3947 in
2397 3896 2553 3964 cujus
2587 3892 2767 3948 medio
2808 3900 2891 3949 est
2944 3892 3105 3947 arbor
3163 3894 3291 3947 vita:

1726 3985 2009 4052 Dominus,
2046 3986 2136 4055 qni
2186 3984 2493 4040 dulcedine
2525 3998 2620 4039 sua
2666 3982 2902 4037 viviﬁcat
2958 3997 3145 4037 omnes
3202 3982 3291 4038 sui

1725 4076 2014 4144 participes
2046 4082 2102 4127 et
2128 4072 2461 4141 corruptioni
2492 4070 2780 4125 obnoxios.

1796 4162 2006 4218 Virtute
2034 4173 2123 4216 tua
2155 4162 2394 4216 roborati
2416 4200 2430 4225 ,
2463 4175 2586 4213 cum
2618 4159 2723 4215 fide
2746 4160 3044 4214 clamamus
3102 4160 3169 4215 ad
3192 4168 3283 4221 te:

1724 4252 1927 4317 Gaude,
1952 4254 2139 4307 civitas
2165 4252 2403 4306 omnium
2426 4249 2607 4320 Regis,
2630 4250 2697 4304 de
2730 4264 2833 4319 qua
2858 4249 3143 4304 manifeste
3170 4251 3290 4319 ειυς-

1724 4330 1871 4397 τίοσα
1892 4352 1945 4396 et
1970 4344 2127 4411 digna
2182 4343 2369 4396 auditu
2400 4340 2545 4395 dicta
2578 4352 2706 4396 sunt
2758 4359 2771 4393 :
2808 4356 2966 4394 muns
2997 4356 3026 4393 a
3056 4340 3288 4409 lapicida

1649 4459 1695 4513 ι)
1724 4434 1955 4489 intactus
1982 4454 1995 4487 :
2025 4433 2217 4502 gaude,
2257 4432 2598 4501 profunditas
2646 4432 2932 4484 immensa.
2981 4488 2986 4495 ,

1787 4524 1993 4594 Expers
2012 4527 2256 4591 maculae,
2276 4524 2470 4595 gaude,
2496 4524 2888 4591 amplissimum
2915 4520 3074 4575 Verbi
3096 4520 3280 4574 taber-

1720 4618 1966 4676 naculum
2000 4618 2266 4679 :concha,
2301 4632 2423 4686 qua:
2458 4616 2697 4669 divinam
2751 4613 3096 4679 margaritam
3157 4627 3281 4679 pro-

70 4703 498 4775 πανθαύμαστε,
552 4708 768 4761 πάντων
818 4711 949 4780 πρὸς
981 4713 1113 4766 Θεὸν
1159 4714 1466 4785 καταλλαγὴ
1516 4716 1625 4768 τῶν

1754 4708 1887 4760 ulisti
1914 4724 1928 4769 ;
1957 4707 2147 4775 gaude,
2178 4716 2286 4759 tota
2316 4705 2653 4759 admirabilis
2680 4722 2694 4769 ;
2733 4718 2855 4757 cum
2892 4702 2999 4753 Deo
3042 4702 3285 4754 reconciu
3312 4694 3315 4701 ’

72 4793 487 4865 μακαριζόντων
521 4813 599 4861 σε,
631 4797 879 4859 Θεοτόκε.
912 4802 1188 4856 ἑκάστοτε.

759 4976 878 5031 ma
908 4985 981 5031 ς’.

759 4979 771 4998 ’
816 4978 861 5028 δ’
948 4985 981 5031 ’.

137 5064 363 5126 nacti;
386 5062 479 5116 τοῦ
513 5065 681 5134 Λόγου
705 4978 986 5134 άμῗλῗνῖε,
1039 5066 1187 5121 αἰτία
1218 5068 1315 5137 τῆς
1344 5068 1453 5120 τῶν
1482 5070 1617 5122 πάν-

1720 4797 1869 4850 liatio
1918 4798 2157 4851 omnium
2200 4795 2410 4851 illorum
2462 4795 2553 4863 qui
2596 4803 2666 4856 te,
2704 4808 2734 4847 ο
2767 4793 3015 4862 Deipara,
3060 4791 3294 4850 assidue

1729 4889 2054 4943 beatiﬁcant.

2288 5032 2290 5035 ,
2342 5000 2343 5009 ι
2403 4977 2516 5043 Ode
2543 4974 2595 5029 6.

1817 5068 2138 5138 (33)anlam
2194 5068 2397 5121 liabcns
2452 5065 2752 5128 maculam,
2802 5065 3034 5119 thalame
3092 5065 3281 5129 Verbi,

135 5220 251 5294 (32)
279 5218 514 5294 Cum_B.
550 5220 714 5290 Virgo
736 5236 801 5294 ex
832 5222 1104 5294 menteS.
1134 5221 1350 5289 Joscphi
1382 5226 1616 5279 caruerit
1715 5234 1794 5279 ret
1830 5227 2093 5279 maculam
2135 5226 2474 5294 originalem.
2510 5224 2665 5277 Certe
2713 5239 2836 5278 cum
2869 5241 3025 5278 nemo
3058 5225 3274 5276 dubitet

68 5292 215 5343 omni
258 5290 496 5359 macula,
541 5304 647 5343 non
690 5291 859 5344 solum
895 5293 1065 5345 caruit
1110 5294 1336 5345 maculis
1368 5303 1613 5359 peccato—

1719 5294 1808 5346 Dei
1848 5295 2066 5347 Matrem
2104 5295 2331 5347 actualis
2371 5294 2575 5361 peccati
2623 5294 2851 5347 venialis
2890 5294 3098 5346 macula
3136 5308 3272 5343 nun-

70 5374 186 5411 rum
218 5358 537 5430 actualium,
568 5360 661 5413 sed
693 5360 851 5430 etiam
889 5362 1096 5414 macula
1130 5360 1328 5427 peccati
1362 5358 1518 5415 nobis
1547 5366 1611 5416 ab
1711 5379 1870 5430 quam
1909 5365 2078 5416 luisse
2110 5363 2189 5414 vel
2226 5358 2496 5416 levissime
2524 5362 2779 5423 alllatam,
2820 5363 3117 5427 intelligere
3158 5375 3265 5430 non

69 5437 190 5480 ortu
225 5427 518 5496 congeniti,
551 5443 672 5481 cum
706 5429 817 5484 haec
850 5430 918 5483 sit
961 5446 1081 5483 vere
1112 5432 1319 5483 macula
1359 5432 1530 5497 turpis
1561 5440 1613 5485 et

70 5497 357 5577 deformis,
389 5505 445 5548 ut
476 5497 709 5577 anim-am
742 5498 1001 5577 inquinet,
1039 5500 1251 5577 Deoqu
1282 5498 1467 5577 reddat
1490 5514 1608 5552 om-

67 5567 194 5619 nino
240 5565 514 5628 odiosam,
556 5565 950 5633 alioquin'non
1001 5569 1266 5621 caruisset
1308 5568 1451 5619 omni
1494 5584 1608 5620 ma-
1679 5603 1690 5619 ι

1747 5448 1951 5495 ossum,
2001 5433 2271 5497 quomodo
2316 5431 2669 5484 nihilominus
2741 5431 2933 5496 aliquis
2976 5429 3269 5497 contendat

1733 5503 1961 5554 mdatam
1997 5496 2204 5551 macula
2232 5501 2388 5566 longe
2420 5501 2672 5567 turpiori,
2708 5496 3190 5567 ncmpegoriginali.

1780 5569 1885 5636 (55)
1942 5568 2016 5619 En
2070 5580 2201 5635 quot
2259 5564 2535 5622 modis.SZ
2594 5567 2857 5634 Josepltns
2899 5564 3263 5636 immaculata;

69 5636 223 5686 cnla:
261 5645 316 5688 et
367 5635 629 5703 particula
678 5632 994 5689 [universalis
1033 5638 1197 5689 omnis
1250 5652 1351 5687 non
1395 5651 1605 5689 omnem
1710 5632 2049 5703 BIVirginis
2088 5632 2431 5700 conceptioni
2478 5632 2835 5703 suﬂrageturl
2887 5634 3128 5703 Omnem
3168 5632 3259 5703 ab;

71 5704 336 5759 maculam
364 5702 860 5772 comprehenderet,
894 5722 1012 5759 cum
1050 5724 1150 5760 non
1184 5706 1605 5773 comprehende-

1708 5707 1879 5761 solute
1906 5699 2169 5758 maculam
2202 5723 2229 5758 a
2260 5699 2313 5756 Β.
2350 5704 2584 5776 Virgine,
2620 5699 2737 5772 qius
2763 5702 2861 5756 fuit
2890 5700 3060 5755 divini
3093 5699 3248 5755 Verbi
