3926 6308
603 268 735 328 10Ξῖ

1672 274 1728 330 S.
1773 264 2080 331 JOSEPHI
2120 271 2671 330 HYMNOGRAPHI

3831 94 3885 330 .i

602 399 755 436 causa
792 382 1144 436 deilieatiouis
1173 385 1432 444 omnium,
1460 385 1651 451 gaude,
1697 400 1730 436 ο
1775 393 1884 438 tota
1922 385 2131 454 purissi-

2246 403 2349 436 των
2397 385 2678 447 οεὼσεως,ο
2708 385 2884 453 χαῖρε,
2929 382 3263 450 πανάχραντε
3291 397 3303 409 ·
3342 381 3448 432 τῶν
3495 383 3774 447 προφητῶν

602 493 679 527 ma
708 497 717 526 :
750 476 938 541 gaude,
1010 477 1393 544 prophetarum
1447 477 1550 546 32
1580 478 2024 544 circumsonatio,
2087 485 2140 530 et

597 566 959 629 apostolorum
997 565 1307 619 exsultatio.

666 654 776 719 (3t)
810 652 897 705 Ille
927 668 1013 705 ros
1052 668 1116 706 ex
1144 662 1192 706 te
1223 653 1525 724 distillavit,
1552 640 1642 721 qui
1680 653 1992 707 idololatria:
2044 653 2141 706 in-

601 743 839 794 eendium
881 743 1137 796 exstinxit
1169 761 1182 796 :
1211 743 1559 811 quamobrem
1601 743 1668 795 ad
1698 753 1748 795 te
1790 743 2087 797 clamamus
2122 761 2136 796 :

601 829 800 893 Gaude,
826 830 992 884 vellus
1025 831 1319 892 rescidum,
1344 829 1577 898 o‘Virgo,
1604 831 1745 899 quod
1766 830 1979 885 Gedeon
2011 845 2143 899 prae-

601 917 752 970 vidit.

666 1007 784 1060 Tibi
817 1023 941 1062 ecce
971 1007 1264 1062 clamamus
1285 1048 1299 1072 ,
1332 1008 1517 1063 Gaude
1546 1027 1558 1063 :
1596 1017 1713 1063 esto
1746 1009 1900 1064 nobis
1924 1010 1976 1063 in
2006 1010 2137 1064 mari
2174 1056 2178 1059 .

599 1099 933 1151 versantibus
992 1107 1208 1166 portus,
1248 1109 1302 1153 et
1340 1100 1798 1168 propugnaculum
1857 1100 1910 1152 in
1954 1101 2139 1169 pelago

597 1188 1022 1254 tribulationum,
1047 1196 1100 1244 et
1130 1190 1366 1242 omnium
1404 1188 1774 1242 scandalorum
1808 1190 1997 1245 hostis.

663 1357 854 1411 Gaudii
889 1374 1071 1423 causa,
1112 1360 1256 1427 reple
1283 1359 1452 1428 gratia
1495 1368 1725 1411 mentem
1761 1370 2019 1422 nostram,
2079 1371 2138 1414 ut

595 1447 823 1501 clamare
841 1449 1109 1516 possimus
1132 1449 1196 1502 ad
1223 1459 1302 1502 te:
1329 1449 1532 1512 Gaude,
1557 1450 1720 1503 rubus
1743 1449 2134 1515 incombustus,

595 1534 762 1588 nubes
783 1543 890 1587 tota
917 1534 1113 1596 lucida,
1170 1551 1288 1604 qua:
1313 1537 1529 1590 assidue
1583 1536 1765 1591 ﬁdeles
1827 1539 2132 1595 obumbrat.

1221 1645 1332 1700 Ode
1362 1647 1416 1699 7.

658 1732 736 1786 Ad
762 1742 811 1787 te
840 1749 957 1788 cum
983 1735 1203 1788 vocibus
1225 1735 1394 1789 laudis
1418 1737 1746 1791 clamamus:
1771 1736 1975 1804 Gaude,
2005 1753 2126 1791 cur-
2163 1729 2203 1783 Β

589 1839 683 1878 rus
710 1825 838 1878 solis
871 1825 1149 1893 spiritalis,
1181 1827 1306 1880 vitis
1338 1842 1478 1890 vera,
1516 1843 1633 1895 quae
1691 1829 1901 1881 botrum
1954 1838 2131 1882 matu-

589 1931 707 1968 rum
737 1916 1022 1984 protulisti,
1053 1933 1117 1970 ex
1141 1933 1248 1985 quo
1274 1917 1440 1970 eﬁluit
1472 1918 1654 1970 vinum
1686 1919 1962 1974 laetiﬁt'ans
2023 1920 2133 1974 ani-

589 2019 705 2060 mas
736 2019 944 2069 eorum,
975 2007 1066 2075 qui
1101 2016 1150 2060 te
1175 2021 1296 2061 cum
1322 2007 1424 2059 ﬁde
1446 2007 1764 2076 gloriﬁcent.

658 2094 766 2162 (35)
819 2093 1200 2148 Universorum
1266 2095 1543 2148 hominum
1608 2096 1872 2149 medicum
1951 2097 2128 2158 enixa,

589 2182 782 2250 gaude,
807 2198 839 2237 ο
871 2198 1065 2253 sponsa
1116 2182 1206 2238 Dei
1233 2202 1247 2250 ;
1273 2184 1422 2254 virga
1481 2184 1723 2255 mystica,
1758 2201 1823 2240 ex
1853 2202 1958 2255 qua
2026 2185 2125 2240 ﬁos

587 2381 880 2444 thalamus,
923 2391 971 2436 et
1023 2398 1182 2436 causa
1227 2382 1586 2437 deiﬁcationis
1632 2382 1896 2448 omnium,
1949 2382 2132 2436 elimi~

595 2453 758 2514 navit,
793 2459 850 2503 ut
880 2451 945 2503 ab
975 2468 1033 2504 ea
1074 2453 1233 2505 etiam
1270 2453 1530 2517 originale
1561 2461 1863 2519 peccatum.
1891 2452 2031 2519 quod
2068 2467 2133 2504 ex

588 2519 792 2570 Thoma
830 2519 863 2571 '5
904 2536 953 2586 p.
1007 2536 1058 2586 q.
1108 2522 1173 2574 87
1212 2530 1264 2574 et
1293 2520 1381 2582 89,
1426 2521 1638 2588 pr0prie
1674 2521 1894 2587 maculae
1937 2535 2133 2572 nomen

589 2597 847 2645 lueretur,
891 2588 1226 2642 eliminatum
1275 2589 1716 2654 intelligeremus.
1758 2588 1888 2651 Quis
1932 2588 2132 2641 ctenim

589 2671 710 2725 cum
743 2656 806 2716 S.
842 2654 1107 2725 Iosephus
1138 2659 1336 2712 diserte
1366 2653 1578 2710 scribat.
1605 2658 1660 2708 Β.
1711 2657 1978 2725 Virginem
2013 2657 2134 2709 nul-

590 2724 696 2794 lam
733 2724 982 2794 habuisse
1008 2728 1296 2785 maculam,
1322 2742 1383 2778 ex
1416 2727 1533 2794 ejus
1566 2725 1742 2794 verbis
1766 2724 1907 2794 recte
1935 2725 2133 2778 inferat

589 2793 820 2860 aliquant
864 2793 914 2845 in
955 2809 1016 2846 ea
1053 2794 1217 2849 fuisse
1242 2792 1526 2855 maculam,
1578 2792 1800 2855 scilicet,
1829 2793 1998 2861 culpae
2028 2793 2140 2847 ori-

589 2862 798 2931 ginalis,
820 2877 924 2931 qua
945 2862 1035 2914 ﬁlii
1055 2865 1179 2916 Adae
1192 2863 1466 2916 constituti
1486 2870 1609 2916 sunt
1627 2862 1718 2914 ﬁlii
1736 2863 1848 2925 ine,
1869 2862 2135 2931 mancipia

590 2930 809 2990 diaboli,
838 2930 975 2983 Servi
1007 2932 1297 2996 gehennae?

660 2999 768 3068 (5t)
798 2999 998 3052 Dicitur
1024 3000 1078 3052 Β.
1109 3000 1268 3068 Virgo
1292 2999 1484 3062 vellus,
1507 2999 1628 3066 quia
1662 2998 1982 3052 sicutvellus
2007 2999 2127 3054 licet

590 3067 662 3120 sit
689 3067 754 3136 de
786 3083 1035 3136 corpore,
1085 3067 1260 3121 nescit
1317 3077 1492 3120 tamen
1533 3068 1772 3135 corporis
1803 3069 2128 3136 passionem,

591 3135 662 3204 ita
692 3134 749 3188 Β.
785 3135 946 3203 Virgo
976 3137 1098 3189 licet
1134 3138 1294 3189 fuerit
1337 3137 1401 3190 de
1443 3134 1667 3203 corpore
1705 3134 1928 3204 peccati,
1964 3137 2012 3188 id
2049 3148 2132 3189 est

589 3203 655 3257 de
687 3220 865 3258 massa
911 3207 1226 3271 peccatrice,
1273 3205 1372 3257 fuit
1417 3213 1592 3256 tamen
1637 3221 1662 3255 a
1697 3203 1943 3272 passione
1974 3205 2131 3272 hujus

591 3273 855 3342 corporis,
906 3275 957 3325 in
1001 3276 1202 3342 peccati
1245 3275 1540 3342 praesertim
1588 3273 1862 3340 originalis
1909 3284 2129 3326 contra-

592 3342 771 3393 ctione
801 3341 1078 3394 iuttnunis.
1113 3341 1274 3395 Favet
1300 3341 1371 3393 D.’
1398 3341 1751 3409 Hieronymus
1786 3344 1834 3394 in
1873 3359 2034 3394 serm.
2066 3343 2131 3395 de

590 3411 868 3476 Assumpt.
902 3411 1027 3462 dum
1058 3412 1119 3462 de
1152 3411 1315 3462 Maria
1353 3411 1574 3478 loquens
1605 3414 1676 3461 ait
1703 3427 1715 3462 :
1747 3429 1764 3460 ‹
1797 3410 2013 3462 C:eteris
2040 3426 2132 3478 per

592 3488 770 3544 partes
804 3489 1102 3542 przestatur,
1127 3480 1303 3532 Mariae
1322 3495 1443 3538 vero
1467 3494 1523 3531 se
1550 3478 1925 3530 totaminl'udit
1953 3480 2125 3545 pleni-

592 3548 718 3597 tudo
758 3549 962 3614 gratim,
998 3563 1115 3614 quae
1143 3550 1296 3601 estin
1332 3548 1568 3610 Christo,
1599 3562 1921 3615 quamquam
1956 3548 2126 3600 aliter.

591 3615 699 3666 lloc
733 3617 927 3683 quippe
958 3627 1038 3669 est
1081 3617 1221 3684 quod
1269 3617 1431 3668 David
1463 3618 1646 3668 canit:
1685 3616 1954 3668 Descendit
1995 3617 2129 3668 sicut

588 3685 763 3751 pluuia
792 3686 842 3735 in
876 3686 1032 3737 vellus
1051 3699 1068 3734 :
1094 3701 1323 3753 namque
1355 3685 1525 3753 vellus
1551 3701 1670 3737 cum
1699 3686 1767 3737 sit
1799 3684 1862 3736 de
1884 3700 2126 3752 corpore,

590 3756 762 3806 nescit
798 3756 1042 3820 corporis
1074 3752 1398 3820 passiOncm.
1438 3772 1454 3802 ι
1487 3752 1605 3805 llmc
1637 3753 1742 3805 ille.
1767 3755 1934 3820 Cujus
1966 3754 2124 3806 verba

589 3823 816 3874 alii-rens
846 3821 1172 3875 Catharinus
1224 3824 1274 3874 iu
1315 3836 1414 3876 suo
1444 3821 1625 3876 Tract.
1673 3823 1738 3874 de
1777 3833 2018 3889 concept.
2060 3825 2125 3875 ad

591 3891 794 3959 Synod.
826 3889 1067 3943 'l‘rident.
1101 3899 1249 3958 parte
1276 3907 1350 3944 it:
1391 3908 1407 3940 ι
1450 3891 1701 3952 Adverte,
1741 3890 1934 3958 inquit,
1965 3907 2124 3958 quam

588 3961 800 4025 egregie
825 3959 1000 4011 velleri
1031 3971 1392 4026 conparatur,
1417 3961 1559 4026 quod
1587 3975 1709 4011 cum
1740 3961 1809 4012 sit
1839 3960 1902 4012 de
1929 3974 2126 4028 corpo-

591 4043 665 4089 re,
703 4029 871 4080 nesrit
896 4040 1067 4080 tamen
1093 4029 1332 4095 corporis
1356 4028 1678 4095 passionem.
1717 4029 1852 4092 Quid
1887 4040 1968 4082 est
2005 4031 2122 4093 hoc,

590 4097 694 4148 nisi
725 4098 882 4164 quod
915 4097 1036 4150 licet
1066 4097 1227 4148 Maria
1268 4104 1411 4150 esset
1452 4097 1517 4148 de
1556 4111 1782 4163 corpore
1814 4099 2037 4164 peccati,
2073 4098 2124 4150 id

589 4175 670 4217 est
703 4163 768 4218 de
804 4181 977 4218 massa
1013 4167 1331 4233 peccatrice,
1362 4174 1534 4234 tanien
1571 4167 1725 4232 quasi
1767 4163 1937 4218 vellus
1971 4167 2123 4234 igno-

591 4236 727 4285 ravit
765 4231 1371 4302 corporis'paSsionem?
1401 4231 1528 4302 Tale
1572 4231 1688 4286 erat
1716 4231 2121 4287 Gedeonis'vel-

589 4303 672 4355 lus
710 4303 867 4354 etiam
901 4313 1184 4370 antequam
1211 4303 1554 4355 descenderet
1584 4303 1632 4354 in
1668 4303 1795 4355 illud
1831 4304 2027 4370 pluvia,
2071 4314 2122 4356 et

589 4387 676 4423 ros
705 4385 915 4424 alterum:
945 4374 1123 4432 nubis,
1169 4373 1218 4423 id
1251 4380 1330 4424 est
1364 4371 1621 4424 Altissinti
1657 4370 1844 4432 Filius.
1886 4388 1951 4424 ne
1986 4372 2123 4425 forte

587 4440 736 4492 dicas
770 4442 869 4493 hoc
910 4440 1133 4507 intelligi
1180 4449 1299 4508 post
1345 4439 1465 4491 Filii
1509 4440 1916 4507 conceptionem
1948 4458 1960 4493 ι
1995 4456 2120 4493 nam

588 4518 639 4581 et
672 4510 902 4581 angi-lus
940 4509 1246 4581 salutando,
1285 4510 1591 4581 jamgratia
1634 4511 1843 4578 plenam
1876 4521 2031 4581 antea
2063 4511 2123 4562 il-

590 4577 693 4627 lam
722 4579 984 4630 enuntiat.
1023 4597 1038 4627 ι
1079 4578 1166 4630 Sic
1198 4577 1543 4631 CatharinUs.
1952 4577 1963 4586 ”’

659 4647 822 4698 Favet.
866 4649 1025 4715 etiam
1058 4646 1352 4699 Gulielmus
1388 4645 1643 4699 Filiatrus
1675 4647 1957 4715 episcopus
1992 4648 2122 4699 Tul-

592 4715 758 4767 lensis
792 4715 842 4766 in
862 4714 1046 4768 Ollicio
1073 4717 1274 4769 ordinis
1293 4715 1515 4769 Velleris
1541 4716 1705 4767 Aurei
1735 4715 1844 4768 sive
1865 4714 2122 4769 beatissi-

590 4799 689 4835 nne
731 4784 961 4851 Virginis
993 4785 1092 4837 sub
1135 4789 1298 4851 ligura
1345 4783 1567 4837 Velleris
1603 4785 1758 4836 ltoris
1789 4797 1842 4836 et
1875 4784 2122 4838 Victoria

588 4852 853 4922 Gedeonis
880 4853 1021 4905 edito
1064 4870 1202 4907 anno
1240 4855 1394 4916 1.558,
1437 4865 1489 4906 et
1527 4856 1576 4904 in
1609 4854 1841 4905 comitiis
1881 4855 2120 4922 ejusdem

593 4921 1168 4985 Valentiniaueusibus,
1224 4924 1275 4975 in
1324 4922 1603 4978 llannonia
1642 4924 1956 4988 approbato,
1993 4924 2120 4975 dum

592 4989 644 5040 in
695 4991 887 5058 hymno
917 4993 980 5044 ad
1011 4989 1292 5060 Vesperas,
1338 4994 1415 5045 sic
1451 4991 1517 5042 de
1570 4991 1873 5044 beatissima
1906 4991 2123 5058 Virgine

591 5071 733 5111 cauit
765 5078 775 5111 :

659 5169 786 5220 Alba
819 5175 937 5223 lana
972 5175 1266 5235 sanctitate,
1313 5187 1490 5223 carens
1525 5172 1717 5233 peccati
1752 5165 1982 5234 inacula,

727 5238 1034 5294 Clarissima
1067 5245 1325 5303 castitate,
1361 5241 1648 5290 luunilmtis
1684 5243 1857 5306 regula

660 5306 771 5360 Hoc
831 5312 986 5362 vellus
1018 5312 1207 5374 absque
1244 5312 1452 5365 lu'suro,
1490 5310 1730 5372 repletum
1760 5311 1874 5359 diro
1910 5313 2119 5373 semine,

732 5380 984 5444 Tingitur,
1013 5388 1056 5427 et
1092 5381 1148 5443 fit
1173 5395 1398 5446 purpura
1426 5381 1620 5428 cruoris
1655 5378 1781 5429 Nati
1805 5381 2034 5444 ﬂuiuiue.

664 5468 718 5518 lft
757 5471 881 5518 dum
919 5469 1108 5519 ibidem
1137 5465 1255 5522 lect.
1295 5486 1342 5531 v,
1373 5470 1447 5523 sic
1475 5469 1743 5533 loquitur:
1783 5488 1797 5518 ‹
1841 5471 2123 5523 Descendit

592 5556 716 5604 ergo
757 5540 891 5588 sirnt
930 5537 1100 5601 pluvia
1137 5541 1186 5590 in
1230 5541 1411 5594 vellus.
1449 5554 1632 5605 puram
1701 5538 1966 5605 Virginem
2005 5542 2122 5591 red-

593 5610 723 5658 deus
767 5607 1055 5674 puriorem,
1089 5611 1412 5661 assume-udo
1452 5609 1515 5662 ab
1551 5625 1611 5661 ca
1644 5625 1855 5661 carnem
1903 5609 2123 5677 putissi—

2241 478 2576 545 περιήχημα,
2640 479 2815 545 χαῖρε,
2855 474 2982 540 Ῠτῶν
3034 473 3343 526 ἀποστόλων
3370 462 3452 523 ’τὸ
3507 473 3770 538 eratab.)

2240 581 2435 633 πισμα.

2308 654 2402 704 Ἐκ
2433 652 2523 704 σοῦ
2554 653 2586 722 ἠ
2614 652 2800 721 δρόσος
2834 649 3101 712 ἀπέσταξε
3136 648 3373 716 φλογμὸν
3400 646 3686 709 πολυθεῖας
3746 653 3773 715 ὴ

2237 743 2462 798 λύσασα,
2482 742 2602 793 ὅθεν
2627 740 2832 808 βοῶμὲν
2858 757 2970 791 σοι·
2997 742 3185 807 Χαῖρε,
3210 742 3236 790 ὁ
3271 739 3431 800 πόκος
3457 738 3483 788 ὁ
3514 737 3771 806 ἔνδροσος,

2238 830 2296 882 ὃν
2329 828 2550 892 Γεδεὼν,
2582 830 2840 897 Παροένε.
2867 828 3249 897 προεοεάσατο.

2319 1003 2445 1055 Ἰδού
2475 1020 2553 1055 σοι
2603 1004 2770 1071 Χαῖρε
2795 1002 3172 1071 κραυγάζομὶεν
3199 1017 3211 1029 ·
3234 1001 3397 1070 λιμὴν
3440 1002 3572 1071 ἡμῖν
3624 999 3774 1066 γενοῦ

2239 1089 2637 1150 θαλαττεύουσι,
2673 1090 2765 1140 καὶ
2797 1090 3123 1158 ὁρμητήριον
3165 1090 3221 1139 ἐν
3271 1089 3348 1155 τῷ
3402 1088 3623 1154 πελάγει
3675 1089 3779 1139 τῶν

2238 1177 2487 1244 Θλίψεων,
2518 1179 2608 1229 καὶ
2639 1177 2744 1232 τῶν
2776 1177 3080 1229 σκανδάλων
3131 1177 3344 1229 πάντων
3386 1178 3479 1228 τοῦ
3544 1178 3776 1248 πολεμή-

2236 1283 2414 1334 τορος.

2305 1359 2491 1424 Χαρᾶς
2526 1357 2691 1417 αἰτία,
2723 1358 3025 1425 χαρέτωσον
3079 1356 3230 1424 ἡμῶν
3255 1356 3345 1406 τὸν
3379 1355 3634 1425 λογισμὸν
3685 1359 3774 1410 τοῦ

2237 1445 2561 1511 κραυγάζειν
2593 1461 2672 1495 σοι
2697 1459 2710 1471 ⁸
2749 1445 3000 1512 Χαῖρε,ὴ
3045 1442 3305 1508 ἄφλεκτος
3354 1441 3532 1508 βάτος,
3584 1443 3776 1513 νεφέ).η

2235 1534 2697 1602 ὁλόφωτε,ὴτοὺς
2757 1534 2979 1595 πιστοὺς
3025 1531 3315 1592 ἀπαύστως
3369 1531 3773 1595 ἐπισκιάζουσα.

2869 1645 2987 1715 se
3013 1644 3076 1707 ξι.

2323 1737 2683 1804 Ἀνυμνοῦμέν
2716 1753 2772 1787 σε
2802 1735 3050 1802 βοῶντες·
3085 1738 3271 1805 Χαῖρε,
3303 1738 3483 1806 ὄχημα
3512 1737 3659 1804 ἡλίου
3689 1737 3774 1786 τοῦ

2235 1826 2444 1894 νοητοῦ,
2465 1826 2703 1894 ἄμπελος
2728 1826 2956 1898 ,ἀληθινὴ
2983 1827 3072 1878 τὸν
3102 1827 3292 1897 βότρυν
3322 1830 3412 1879 τ³ιν
3465 1828 3719 1896 πέπειρον
3748 1830 3773 1892 ἡ

2235 1919 2614 1986 γεωργήσασα,
2649 1914 2790 1970 οἶνον
2821 1919 3082 1980 στάζοντα
3106 1919 3196 1969 τὸν
3224 1919 3320 1981 τὰς
3350 1917 3526 1987 ψυχὰς
3556 1918 3776 1987 εὐφραί-

2235 2027 2391 2061 νοντα
2419 2009 2523 2061 τῶν
2555 2008 2755 2069 πιστῶς
2789 2024 2845 2059 σε
2887 2008 3233 2070 δοξαζόντων.

2294 2099 2507 2166 Ἰατῆρα
2524 2097 2629 2148 τῶν
2649 2097 2742 2148 ἀνθ
2753 2096 2986 2166 ρώπωνή
3003 2098 3272 2165 κυήσασα,
3292 2099 3466 2166 χαῖρε,
3485 2097 3772 2178 θεόνυμφΞ’

2233 2189 2267 2257 ἡ
2299 2188 2544 2257 ῥάϐδοςὴ
2579 2187 2833 2257 μυστικὴ,
2885 2188 3041 2250 ἄνθος
3095 2188 3156 2239 τὸ
3183 2188 3513 2258 ἀμάραντον,
3559 2190 3592 2254 ἡ
3625 2186 3770 2249 ἐξαν-

2232 2397 2396 2439 mam.
2435 2383 2559 2437 licet
2591 2385 2872 2450 peccatriei
2909 2384 3161 2437 similem.
3203 2401 3220 2433 ι

2303 2452 2413 2521 (55)
2449 2451 2589 2522 Quid
2620 2453 2779 2522 igitur
2815 2454 3006 2522 mirum
3039 2453 3081 2504 si
3115 2453 3259 2503 hunc
3295 2450 3562 2522 medicum
3592 2452 3767 2522 enixa,

2231 2521 2298 2574 ab
2340 2537 2404 2572 eo
2441 2521 2538 2574 fuit
2579 2520 3018 2589 prieservata,‘ne
3054 2522 3268 2574 caleret
3309 2520 3359 2571 in
3408 2520 3764 2572 inﬁrmitatem

2231 2591 2432 2658 peccati
2494 2589 2809 2657 originalis?
2863 2589 2960 2642 Cui
3006 2589 3146 2642 enim
3201 2589 3587 2657 congruentius
3639 2589 3768 2642 hanc

2269 2659 2661 2712 raeservationis
2705 2659 3023 2711 medicinam
3071 2658 3323 2710 exhibere
3364 2665 3574 2721 poterat
3613 2673 3679 2724 qu
3704 2675 3764 2707 ιιιι

2257 2727 2424 2779 datri?
2453 2726 2588 2779 llinc
2627 2727 2986 2780 Bernardinus
3015 2727 3080 2779 de
3106 2727 3267 2778 Busto
3299 2741 3462 2779 serm.
3488 2725 3519 2776 6
3549 2725 3615 2776 de
3645 2742 3767 2777 eou-

2231 2796 2495 2862 ceptione,
2523 2805 2674 2860 parte
2698 2797 2824 2857 t,ait
2849 2796 2899 2848 in
2928 2810 3036 2847 rem
3066 2803 3302 2847 nostram
3333 2810 3345 2845 :
3379 2812 3396 2842 ι
3421 2793 3614 2862 inquit
3636 2793 3768 2846 Con-

2235 2860 2504 2918 stantinus
2542 2864 2828 2917 Africanus
2862 2864 2913 2916 in
2949 2864 3118 2929 prima
3164 2862 3387 2916 Pratica:
3419 2860 3678 2928 Pantegui
3710 2863 3769 2913 de

2235 2932 2492 3000 regimine
2517 2934 2783 3009 sanitatis,
2813 2947 2861 2985 c.
2894 2932 2960 3009 de
3011 2932 3384 2998 Disputatione
3415 2931 3766 3009 regendorum

2234 2998 2513 3061 sanorum,
2543 3001 2766 3054 intentio
2793 3000 3114 3054 medicorum
3149 3015 3252 3050 non
3278 3011 3359 3052 est
3395 2998 3496 3051 nisi
3529 2998 3595 3050 de
3625 2999 3767 3050 sani-

2233 3080 2341 3122 tate
2373 3069 2744 3131 custodienda,
2780 3071 3072 3123 secundum
3115 3067 3372 3122 Galenum
3411 3069 3462 3120 in
3495 3067 3654 3119 initio
3692 3066 3767 3118 sui

2233 3138 2354 3191 libri
2389 3139 2459 3190 De
2480 3138 2683 3191 diversa
2712 3139 2994 3190 intentione
3030 3138 3364 3199 medicorum,
3395 3137 3488 3203 qui
3521 3136 3634 3187 ait:
3670 3135 3768 3187 Ble-

2231 3209 2475 3263 dicorum
2512 3206 2736 3259 intentio
2767 3223 2829 3259 ac
2857 3208 3106 3259 voluntas
3140 3220 3242 3257 non
3278 3217 3356 3259 est
3403 3205 3506 3256 nisi
3542 3206 3594 3256 in
3629 3206 3766 3257 sani-

2233 3285 2341 3328 tate
2397 3276 2644 3341 r‘egenda.
2709 3274 3023 3328 Monstravit
3090 3275 3233 3326 enim
3300 3275 3442 3342 quod
3511 3273 3768 3326 ultimitas

2232 3343 2510 3398 medicina:
2553 3345 2685 3396 nihil
2728 3345 2796 3396 sit
2817 3344 2981 3404 aliud,
3015 3358 3174 3411 quam
3218 3343 3466 3394 sanitatis
3507 3342 3763 3411 cnstodia.

2229 3412 2449 3480 Antiqui
2495 3413 2636 3465 enim
2672 3412 2945 3470 dixerunt,
2981 3410 3122 3478 quod
3158 3412 3346 3462 melius
3386 3419 3468 3463 est
3493 3410 3766 3480 custodire

2229 3479 2530 3542 sanitatem,
2579 3496 2739 3549 quam
2781 3481 2982 3535 morbis
3026 3495 3359 3546 repugnare:
3413 3479 3539 3547 quia
3572 3480 3765 3549 sanitas

2231 3551 2282 3602 in
2317 3551 2464 3603 sanis
2499 3547 2784 3618 reperitur.
2821 3551 2888 3602 ab
2929 3549 3155 3601 inﬁrmis
3191 3564 3317 3618 vero
3349 3559 3429 3600 est
3463 3547 3765 3618 absens.th

2231 3620 2423 3671 melius
2449 3629 2530 3670 est
2561 3616 2671 3670 rem
2716 3620 2984 3670 inventam
3022 3617 3308 3677 custodire,
3351 3632 3514 3682 quam
3550 3631 3655 3667 non
3691 3616 3763 3666 in-

2208 3699 2438 3740 ventam
2463 3703 2720 3755 quaerere.
2752 3687 3008 3739 Sanitatis
3041 3685 3181 3736 enim
3210 3687 3451 3737 custodia
3489 3686 3638 3750 prior
3670 3694 3760 3746 est,

2228 3771 2388 3824 quam
2435 3757 2762 3809 inﬁrmitatis
2794 3756 3022 3816 cuiatio,
3055 3755 3309 3819 quoniam
3349 3755 3510 3805 homo
3555 3762 3763 3805 natura-

2228 3825 2351 3878 liter
2377 3836 2459 3878 est
2478 3841 2663 3885 sanus,
2683 3833 2733 3876 et
2759 3825 2962 3878 sanitas
2979 3833 3060 3876 est
3083 3832 3560 3888 temperan'ientum
3586 3837 3763 3888 corpu-

2229 3894 2322 3947 ris.
2372 3894 2495 3946 Haec
2547 3895 2652 3945 ille.
2707 3891 2909 3956 Quibus
2957 3887 3379 3959 praesnppositis,
3419 3891 3496 3943 sic
3558 3887 3758 3942 infero:

2227 3962 2476 4017 Christus
2500 3969 2754 4029 tanquam
2790 3965 2964 4014 bonus
2994 3959 3234 4012 medicus
3261 3961 3404 4010 venit
3434 3961 3483 4029 in
3513 3959 3760 4029 mundum

2227 4033 2291 4084 ad
2335 4027 2731 4099 procurandum
2763 4031 3038 4099 hominum
3070 4029 3322 4099 salutem,
3352 4037 3404 4080 et
3435 4028 3555 4099 ideo
3585 4027 3759 4079 Sama-

2226 4101 2434 4154 ritanus
2458 4101 2673 4152 vulnera
2706 4098 2982 4167 originalis
3013 4106 3066 4148 et
3091 4098 3318 4167 actualis
3349 4098 3550 4167 peccati
3573 4111 3760 4167 curans

2226 4170 2524 4237 appellatur
2545 4185 2572 4221 a
2598 4165 2847 4235 Magistro
2864 4166 3188 4237 Sententiar.
3226 4166 3278 4219 in
3307 4165 3534 4237 princip.
3558 4166 3592 4217 4
3633 4165 3757 4215 libri.

2229 4233 2330 4290 Sed
2365 4238 2488 4291 boni
2524 4233 2714 4298 medici
2762 4236 2955 4304 triplici
3001 4243 3222 4287 utuntur
3256 4233 3543 4296 medicina,
3579 4249 3758 4286 secun-

2223 4308 2352 4360 dum
2396 4307 2802 4374 Philosophum,
2853 4321 2912 4357 nt
2955 4304 3152 4374 Ethic.,
3200 4304 3423 4365 scilicet,
3474 4317 3758 4374 prteserva-

2222 4377 2348 4438 tiva,
2376 4371 2827 4440 conservativaet
2855 4373 3121 4432 curativa,
3151 4387 3379 4440 quarum
3416 4371 3758 4440 excellentior

2220 4455 2303 4498 est
2334 4448 2730 4511 przeservativa,
2762 4438 2985 4503 scilicet,
3034 4438 3310 4511 impedire,
3341 4455 3419 4511 ne
3443 4441 3567 4508 quis
3600 4440 3653 4511 in
3687 4439 3757 4491 in-

2223 4507 2526 4566 firmitatem
2574 4515 2800 4565 labatur.
2850 4511 2989 4578 Ergo
3036 4511 3217 4562 debuit
3267 4507 3423 4578 Matri
3463 4507 3578 4561 sua:
3635 4510 3757 4560 hanc

2222 4582 2543 4636 medicinam
2570 4583 2843 4642 exhibere,
2873 4577 2988 4632 eam
3020 4577 3420 4646 praeservando,
3452 4592 3518 4630 ne
3552 4578 3758 4646 caderet

2221 4652 2275 4704 in
2304 4650 2668 4703 inﬁrmitatem
2705 4650 2904 4718 peccati
2935 4643 3230 4718 originalis,
3262 4646 3405 4718 quod
3437 4648 3657 4718 quidem
3692 4643 3757 4695 fa-

2221 4736 2340 4773 cere
2381 4720 2569 4787 potuit,
2614 4714 2735 4785 quia
2770 4714 3755 4787 quidquidhpotest_’Deus'ab_aliquo

2221 4784 2518 4850 removere,
2573 4784 2745 4854 potest
2788 4784 2955 4839 etiam
3008 4785 3136 4838 illud
3196 4784 3404 4836 infundi
3458 4785 3754 4850 prohibere,

2222 4859 2346 4926 quia
2401 4857 2611 4910 facilius
2650 4854 2793 4926 quid,
2824 4854 3190 4926 suspenditur,
3226 4855 3357 4926 sive
3387 4861 3753 4926 prwiei'vjatiir,

2221 4919 2379 4994 quam
2416 4919 2950 4998 inductum_tollitur—.
2983 4923 3021 4976 Ι.
3057 4923 3214 4975 Patre
3255 4922 3472 4998 furioso,
3504 4921 3557 4973 ﬁ“.
3587 4919 3661 4998 pe

2220 4989 2309 5064 qui
2349 5005 2489 5057 sunt,
2551 5005 2654 5048 etc.
2701 4993 2804 5047 Sed
2853 5002 3132 5061 peccaturo
3187 4989 3446 5064 originale
3503 4989 3752 5064 multipli-

2221 5055 2356 5118 citer
2387 5055 2560 5131 potest
2590 5055 2876 5126 remOveri',
2919 5065 3151 5114 maxime
3185 5055 3645 5131 peribaptismunr
3670 5055 3754 5108 ilu-

2223 5127 2404 5195 minis,
2457 5144 2547 5186 aut
2597 5132 2847 5191 ﬂaminis,
2907 5133 2986 5184 vel
3049 5130 3344 5197 sanguinis,
3422 5138 3479 5180 ut
3531 5127 3754 5197 declarat

2223 5203 2471 5269 Magister
2516 5203 2566 5254 in
2612 5204 2664 5263 4,
2717 5203 2768 5253 d.
2801 5201 2852 5264 4,
2893 5213 2942 5252 et
2980 5215 3073 5269 per
3122 5195 3271 5269 suam
3310 5198 3542 5269 gratiam
3588 5195 3754 5269 remit-

2224 5266 2368 5328 titur.
2397 5272 2541 5336 juxta
2575 5271 2709 5340 illud,
2736 5271 2800 5323 ad
2832 5266 2998 5322 ltum:
3021 5285 3112 5322 in:
3145 5267 3433 5340 Justiﬁcati
3479 5266 3644 5333 gratis
3677 5278 3752 5340 per

2222 5342 2442 5407 gratiam
2479 5343 2659 5405 ipsius.
2696 5339 2833 5406 Ergo
2865 5341 3025 5392 etiam
3059 5339 3226 5404 potuit
3261 5336 3565 5407 prohibere,
3605 5348 3666 5407 ne
3707 5336 3749 5381 in

2222 5402 2384 5460 lilatre
2419 5402 2513 5461 sua
2551 5402 2824 5461 benedicta
2858 5402 3423 5478 infunderetur,quod
3457 5413 3509 5455 et
3543 5402 3682 5478 iecit,
3709 5409 3752 5450 t'l

2222 5479 2299 5528 sic
2347 5478 2432 5529 ille
2485 5479 2782 5541 digniorem
2823 5477 3063 5532 exhibuit
3111 5476 3431 5529 medicinam
3488 5474 3692 5526 salutis.
3732 5487 3743 5513 ι

2223 5546 2488 5601 Hactenus
2525 5549 2718 5602 Bustus
2751 5548 2785 5599 Ι.
2818 5562 2866 5599 c.
