3926 6308
27 338 179 401 1025

1434 322 1794 386 MARIALE.

3110 312 3247 386 1026

24 446 278 516 θήσασα,
307 447 484 514 χαῖρε,
517 444 802 516 Δέσποινα,
830 437 896 491 δι’
935 451 1002 507 ης
1022 435 1194 506 χαρᾶς
1225 431 1599 503 πληρούμεθα,

1727 427 2168 483 mmarrescibilis
2191 426 2422 482 cilloruit
2441 444 2456 482 :
2475 426 2666 497 gaude,
2696 423 2942 493 Domina,
2973 442 3069 498 per
3085 444 3263 499 quam

23 540 125 587 καὶ
157 536 308 605 ζωὴν
340 530 797 603 κληρονομοῦμεν.

112 625 524 694 Ῥητορεύουσα
555 621 821 696 ούκσθένει
854 618 1090 686 γλῶσσα,
1126 615 1409 677 Δέσποινα,
1441 613 1601 680 ὑμνο-

25 717 276 784 λογῆσαί
300 732 358 767 σε
385 730 397 743 ·
423 713 561 782 ὑπὲρ
593 711 700 780 γὰρ
727 709 793 761 τὰ
815 709 1062 778 Σεραφὶμ
1089 706 1322 775 ὑψώθης,
1349 703 1603 772 κυήσασα

25 805 125 856 τὸν
164 805 394 874 βασιλέα
410 802 663 872 Χριστὸν,
702 800 760 853 δν
789 798 993 852 ἱκέτευε
1024 795 1203 864 πάσης
1251 792 1345 845 ν’ύν
1401 789 1599 859 Βλάϐης

27 893 319 964 ῥύσασθαι
346 894 470 954 τοὺς
497 890 700 953 πιστῶς
730 905 790 941 σε
828 885 1284 958 προσκυνοῦντας.
1392 921 1397 925 -
1489 883 1495 914 ¹

106 1066 374 1136 Εὐφημεῖ
416 1081 473 1116 σε
511 1061 884 1134 μακαρίζοντα
905 1061 974 1114 τά
997 1059 1208 1130 πέρατα
1231 1023 1337 1111 καὶ.
1359 1055 1602 1126 ἀνακρά-

27 1157 117 1221 ζει
146 1174 235 1209 σοι
256 1173 268 1187 ’
295 1158 487 1226 Χαῖρε,
525 1157 553 1206 ό
585 1159 745 1224 τόμος
778 1155 836 1206 ὲν
856 1145 900 1219 ᾧ
931 1149 1176 1220 δακτύλῳ
1231 1148 1603 1217 ἐγγέγραπται

35 1248 273 1318 lla-cpe;
300 1249 328 1300 ό
357 1248 546 1314 Λόγος,
583 1245 742 1314 ἀγνὴ,
779 1244 836 1296 δν
867 1242 1071 1296 ἱκέτευε
1113 1240 1276 1311 βίϐλῳ
1305 1238 1447 1309 ζωῆς
1481 1236 1603 1299 τοὺς

26 1339 266 1403 δούλους
290 1355 384 1391 σου
412 1335 780 1408 καταγράψαι,
800 1333 1049 1388 Θεοτόκε.
1115 1403 1141 1456 \

93 1509 441 1579 ’Ῐχιτεύομεν
453 1511 500 1562 οἰ
515 1508 688 1562 δοῦλοί
715 1524 806 1561 σου
835 1507 930 1561 καὶ⁵
951 1507 1204 1577 κλίνομεν
1229 1506 1358 1573 γόνυ
1381 1503 1606 1574 καρδίας

29 1594 204 1663 ἡμῶν
233 1610 248 1624 ο
271 1594 452 1647 κλῖνον
478 1595 538 1647 τὸ
567 1595 657 1656 οὓς
689 1611 803 1659 σου,
829 1594 988 1665 ἁγνὴ,
1014 1595 1105 1648 καὶ
1134 1593 1306 1647 σῶσον
1336 1594 1463 1655 τοὺς
1490 1591 1605 1644 θλί-

31 1686 168 1750 6,th
189 1683 576 1754 βυθιζομένους
597 1685 763 1754 ἡμᾶς,
814 1686 908 1738 καὶ
937 1685 1272 1755 συντήρησον
1315 1685 1491 1753 πάσης
1515 1685 1605 1754 έχ-

31 1775 193 1844 θρῶν
215 1776 468 1840 ἁλώσεως
488 1775 584 1845 τὴν
617 1777 714 1845 σὴν
741 1776 914 1840 πόλιν,
945 1777 1191 1830 Θεοτόκε.

681 1973 803 2044 ᾮδὴ
833 1972 900 2044 η’·

116 2086 300 2156 Νηδύῖ
323 2085 412 2140 τὸν
447 2086 618 2154 Λόγον
651 2085 912 2149 ύπεδέξω,
951 2085 1042 2137 τὸν
1077 2084 1250 2138 πάντα
1273 2082 1607 2152 βαστάζοντα

34 2173 381 2239 ἐϐάστασας,
408 2175 639 2242 γάλακτι
658 2173 953 2243 ἐξέθρεψας
977 2173 1205 2242 νεύματι
1227 2173 1318 2225 τὸν
1343 2172 1607 2241 τρέφοντα

35 2269 145 2335 την
199 2266 528 2334 οἰκουμένην
560 2263 795 2324 ἃπασαν,
849 2263 1006 2332 ἁγνὴ,
1043 2256 1086 2328 ᾧ
1141 2261 1449 2330 ψάλλομενο
1504 2261 1606 2314 Τδν

36 2355 255 2426 Κύριον
285 2357 520 2424 ὑμνεῖτε,
552 2353 620 2406 τὰ
640 2353 796 2422 ἔργα,
817 2355 907 2406 καὶ
937 2350 1271 2422 ύπερυψοῦτε
1303 2353 1380 2413 εἰς
1403 2350 1604 2412 πάντας

35 2442 426 2504 τοὺςπίῶνας.

122 2533 374 2600 Μωῦσῆς
405 2530 724 2601 κατενόησεν
751 2532 807 2584 ὲν
836 2530 980 2600 βάτῳ
1021 2530 1079 2582 τὸ
1124 2529 1264 2599 μέγα
1316 2531 1606 2600 μυστήριον

38 2621 140 2672 τοῦ
176 2621 339 2672 τόκου
369 2636 463 2672 σου
482 2637 497 2652 ο
530 2605 716 2682 παῖδες
745 2619 1142 2688 προεικόνησαν
1168 2617 1324 2670 τοῦτο
1379 2619 1608 2688 ἐμφανέα

41 2729 224 2764 στατα
263 2712 428 2779 μέσον
460 2709 626 2779 πυρὸς
682 2709 976 2779 ἱστάμενοι,
1021 2709 1117 2761 καὶ
1158 2711 1233 2778 μὴ
1268 2708 1605 2778 φλεγόμενοι,

41 2805 302 2873 ἀκήρατε
328 2804 455 2870 ἁγία
497 2799 735 2872 Παρθένε
754 2817 768 2832 ο
789 2801 907 2854 ὅθεν
929 2818 988 2852 σε
1013 2801 1282 2870 ὑμνοῡμεν
1305 2802 1384 2863 εἰς
1405 2799 1609 2862 πάντας

41 2898 174 2957 τοὺς
205 2895 428 2957 αἰῶνας.

119 2987 191 3038 Ol
228 2986 418 3056 πρώην
441 2988 618 3058 ἀπάτῃ
642 2985 1015 3056 γυμνωθέντες
1063 2984 1252 3055 στολὴν
1303 2982 1606 3055 ἀφθαρσίας⁸

1699 518 1985 587 implentur
2014 518 2230 589 gaudio,
2254 526 2308 572 et
2329 517 2623 586 accipimus
2656 517 3024 573 haereditatem
3101 520 3245 573 vitae.

1767 607 1954 662 Deﬁcit
1979 607 2183 678 lingua,
2212 607 2339 661 dum
2377 608 2441 661 de
2467 615 2517 662 te
2546 606 2807 675 loquitur,
2831 622 2865 666 ο
2893 609 3136 673 Domina,
3191 609 3245 661 in

1699 697 1951 754 laudibus
1981 698 2088 752 tuis
2119 714 2134 753 :
2164 699 2360 753 etenim
2391 711 2554 767 supra
2582 696 2891 762 Cberubim.
2928 700 3160 752 exaltata
3187 715 3247 754 es

1699 788 1914 857 pariens
1949 804 2126 858 regem
2155 788 2451 853 Christum,
2508 803 2666 856 quem
2710 787 3018 858 deprecare,
3064 799 3120 842 ut
3181 789 3250 843 ab

1699 880 1845 934 omni
1874 881 2092 936 laesione
2122 880 2313 940 liberet
2330 894 2486 936 ‘nunc
2516 893 2707 956 omnes
2738 879 2830 949 qui
2862 888 2914 934 te
2953 895 3076 934 cum
3101 881 3248 936 omni

1701 970 1803 1024 (ide
1832 972 2079 1026 adorant.

1771 1061 1972 1129 Insigni
1995 1061 2150 1115 laude
2186 1069 2240 1115 te
2261 1060 2541 1115 celebrant
2585 1074 2651 1115 ac
2707 1057 3017 1114 beatiﬁcant
3064 1073 3252 1133 omnes

1701 1151 1834 1205 lines
1865 1159 2040 1213 terra).
2068 1151 2365 1205 clamantes
2393 1150 2457 1203 ad
2505 1161 2555 1204 te
2586 1168 2599 1204 :
2638 1148 2847 1213 Gaude,
2892 1149 3165 1210 volumen.
3195 1149 3250 1201 in

1701 1254 1810 1312 quo
1858 1241 2117 1310 scriptum
2175 1249 2258 1295 est
2307 1241 2474 1309 digito
2538 1238 2713 1293 Patris
2768 1236 3042 1306 Verbum;
3107 1239 3251 1309 quod

1703 1333 2010 1402 deprecare,
2045 1347 2078 1386 o
2114 1343 2262 1387 casta
2296 1331 2539 1402 Deipara,
2588 1339 2644 1384 ut
2673 1330 2729 1384 in
2777 1330 2918 1386 libro
2975 1329 3099 1384 vitae
3152 1331 3250 1384 de-

1704 1424 1908 1479 scribat
1941 1439 2127 1478 servos
2172 1433 2315 1478 tuos.

1775 1514 2135 1584 Deprecamur
2165 1525 2217 1570 te
2242 1515 2382 1570 servi
2418 1514 2516 1584 tui,
2539 1521 2591 1568 et
2615 1512 2939 1568 inclinamus
2964 1527 3100 1582 genu
3131 1527 3253 1567 cor-

1705 1606 1788 1662 dis
1837 1607 2004 1660 nostri
2037 1624 2050 1661 :
2092 1606 2290 1660 inclina
2324 1616 2402 1668 tu,
2450 1620 2482 1659 o
2513 1604 2822 1673 purissima,
2855 1618 3037 1658 aurem
3081 1611 3250 1666 tuam,

1707 1710 1760 1752 et
1778 1698 1923 1752 salva
1950 1712 2070 1761 nos,
2103 1697 2196 1766 qui
2227 1696 2279 1750 in
2323 1696 2584 1764 profundo
2608 1695 3012 1749 tribulationum
3044 1693 3255 1748 demer-

1638 1761 1681 1817 Β
1708 1791 1914 1860 gimur;
1935 1761 2166 1852 custodi,
2199 1803 2231 1842 ο
2269 1761 2514 1857 Deipara,
2545 1788 2816 1842 civitatem
2849 1795 2991 1840 tuam
3018 1786 3084 1840 ab
3104 1785 3251 1840 omni

1706 1881 2050 1948 inimicorum
2075 1879 2490 1950 expugnatione.

2295 1987 2399 2056 33
2427 1984 2537 2040 Ode
2571 1985 2623 2040 8.

1773 2100 1817 2153 Ο
1845 2109 1994 2153 casta
2021 2141 2034 2166 ,
2073 2097 2305 2153 Verbum
2336 2101 2386 2152 in
2412 2112 2562 2152 utero
2600 2097 2882 2167 suscepisti
2910 2115 2923 2152 :
2951 2107 3250 2167 portantem

1705 2191 1882 2244 omnia
1912 2191 2159 2259 portasti,
2193 2191 2402 2244 nutristi
2440 2189 2761 2243 nutrientcm
2810 2193 2954 2243 nutu’
2996 2205 3094 2243 suo
3132 2189 3254 2241 nni—-

1705 2295 1922 2336 versum
1951 2291 2216 2333 terrarum
2250 2280 2432 2332 orbem
2459 2297 2472 2344 ;
2507 2280 2591 2334 cui
2624 2280 2900 2348 psallimus
2929 2296 2943 2332 :
2971 2278 3254 2332 Dominum

1706 2370 1938 2436 laudate,
1972 2385 2153 2440 opera,
2185 2379 2234 2424 et
2261 2371 2655 2440 superexaltate
2682 2369 2736 2424 in
2762 2369 2941 2430 omnia
2976 2368 3193 2424 saecula.

1775 2546 1986 2617 Moyses
2030 2547 2292 2602 intellexit
2348 2547 2402 2601 in
2449 2561 2585 2600 runo
2629 2561 2880 2614 magnum
2935 2545 3252 2616 mysterium

1706 2647 1892 2706 partus
1921 2639 1997 2692 tui
2031 2640 2222 2707 :pueri
2253 2639 2667 2707 praeﬁgurarunt
2719 2637 2853 2690 illud
2914 2637 3257 2706 apertissime

1708 2737 1912 2783 stantes
1942 2727 1995 2781 in
2019 2729 2195 2782 medio
2226 2729 2364 2798 ignis
2403 2729 2520 2782 sine
2549 2727 2656 2779 ulla
2715 2726 2971 2791 laesione;
3019 2728 3160 2780 unde
3185 2733 3257 2790 te,

1709 2819 1931 2889 oVirgo
1986 2820 2236 2874 inviolata
2293 2834 2357 2874 ac
2408 2829 2616 2882 sancta,
2654 2819 2935 2872 laudamus
2973 2817 3026 2871 in
3077 2817 3260 2871 omnia

1708 2910 1924 2965 secula.
2301 2913 2305 2917 ’
2402 2919 2404 2921 ’
2762 2896 2764 2899 ’

1784 3000 2029 3056 Versutia
2061 3001 2229 3057 hostis
2249 3012 2404 3056 antea
2434 3001 2638 3065 nudati,
2673 3000 2809 3055 stola
2840 2999 3260 3054 immortalitatis

43 3075 382 3146 ἐνεδύθημεν
398 3080 462 3146 τῇ
491 3078 756 3148 κυοφορίᾳ
777 3093 892 3144 σοι)⁹
919 3077 1013 3128 καὶ
1046 3076 1096 3128 οἰ
1151 3075 1502 3145 καθεζόμενοι
1554 3075 1612 3126 ἒν

1724 3091 1884 3144 induti
1915 3108 2103 3147 sumus
2154 3101 2311 3160 partu
2340 3100 2432 3146 tuo
2459 3111 2473 3146 :
2522 3100 2576 3145 et
2604 3080 2726 3146 cum
2768 3090 3077 3144 sederemus
3099 3090 3150 3142 in
3181 3098 3261 3142 te-

50 3169 240 3218 εκὸτει
281 3166 689 3234 παρκπτώσεων
739 3165 852 3232 φῶς
896 3167 1380 3231 κατωπτεύσαμεν,
1438 3165 1609 3231 φωτὸς
1663 3177 1672 3191 '

46 3259 496 3327 κατοικητήριον,
525 3258 707 3327 Κόρη·
732 3257 852 3309 ὅθεν
890 3273 947 3308 σε
981 3256 1254 3326 ὑμνοῦμεν
1285 3259 1363 3319 είς
1407 3257 1609 3320 πάντας

48 3350 183 3410 τοὺς
207 3347 433 3408 αἰῶνας.

123 3423 334 3506 Νεκροί.
357 3437 444 3489 διὰ
479 3436 570 3489 σοῦ
619 3435 1029 3500 ζωοποιοῦνται·
1063 3436 1204 3506 ζωὴν
1252 3434 1358 3507 γὰρ
1414 3435 1509 3505 τὴν
1530 3437 1611 3487 έν-

51 3528 360 3582 υπόστατον
393 3528 650 3597 ὲκύησαςο
678 3528 891 3579 εὖλα).οι
915 3529 963 3579 οἰ
989 3527 1171 3580 ἀλαλοι
1194 3527 1383 3598 πρώην
1400 3543 1615 3595 χρημα-

51 3616 325 3683 τίζοντες,
359 3618 548 3687 λεπροὶ
579 3617 1056 3686 άποκαθαίρονται,
1115 3617 1258 3670 νόσοι
1308 3616 1609 3680 διώκονται,

54 3708 386 3776 πνευμάτων
412 3709 608 3777 ἀερίων
635 3709 702 3760 τά
723 3706 898 3777 πλήθη
931 3695 1209 3778 ἥττηνται,
1232 3707 1470 3778 Παρθένε
1488 3704 1613 3776 βρο-

51 3800 168 3849 τιῖιν
201 3799 232 3867 ὴ
269 3799 532 3866 σωτηρία.
589 3811 604 3824 ⁹

142 3888 206 3940 Ἦ
223 3889 409 3956 κόσμῳ
430 3888 661 3941 τεκοῦσα
684 3889 974 3960 σωτηρίαν,
987 3888 1054 3940 δι’
1068 3884 1250 3960 ἧςάπὺ
1269 3888 1371 3958 γῆς
1388 3889 1467 3950 είς
1484 3887 1614 3955 ὕψος

54 3980 327 4049 ήρθημεν,
362 3981 589 4047 χαίροις,
639 3980 1056 4049 παντευλόγητε,
1127 3979 1303 4049 σκέπη
1342 3980 1435 4030 καὶ
1484 3995 1616 4049 κρα-

53 4072 300 4137 ταίωμα,
354 4073 527 4138 τεῖχος
577 4072 670 4122 καὶ
726 4070 987 4140 ὀχύρωμα
1055 4069 1162 4122 τῶν
1219 4068 1613 4137 μελῳδούντων,

54 4161 199 4229 ἁγνή
228 4175 244 4188 ·
277 4161 378 4210 Τὸν
413 4161 611 4228 Κύριον
640 4161 878 4228 ὑμνεῖτε,
897 4161 965 4211 τὰ
985 4161 1140 4229 ἔργα,
1175 4159 1263 4210 καί⁵
1281 4158 1615 4227 ύπερυψοῦτε

51 4250 139 4314 εἰς
175 4250 383 4311 πάντας
414 4251 535 4322 τοὺς
565 4249 785 4311 αἰῶνας.

696 4381 816 4452 ᾮδὴ
850 4381 913 4435 θ’.

136 4516 259 4570 Ἵνα
293 4533 374 4568 σοι
410 4517 586 4568 πιστοὶ
611 4516 669 4568 τὸ
703 4519 874 4585 Χαῖρε
899 4519 1291 4590 κραυγάζωμεν
1321 4524 1366 4574 οί
1413 4521 1501 4574 διὰ
1525 4523 1617 4575 σοῦ

55 4608 164 4675 τῆς
198 4607 372 4675 χαρᾶς
401 4607 612 4675 μέτοχοι
640 4607 914 4675 γενόμενοι
946 4610 1040 4678 τῆς
1064 4611 1254 4676 ἀϊδίου,
1294 4613 1450 4681 ῥῦσαι
1477 4614 1620 4682 ἡμᾶς

64 4697 403 4766 πειρασμοῦ,
437 4696 774 4766 βαρσαρικῆς
813 4699 1084 4764 ἁλώσεως,
1118 4702 1211 4752 καὶ
1236 4702 1414 4771 πάσης
1458 4704 1620 4772 ἄλλης

63 4787 284 4855 πληγῆς
336 4785 421 4836 διὰ
470 4785 690 4853 πλῆθος,
713 4789 885 4858 Κόρη,
913 4791 1321 4858 παραπτὼσεων
1367 4792 1622 4862 ἐπιούσης

62 4874 280 4946 βροτοῖς
341 4873 756 4942 ἁμαρτάνουσιν.

145 5048 354 5116 Ὠφθης
381 5049 653 5117 φωτισμὸς
697 5049 852 5119 ἡμῶν
883 5056 974 5103 καὶ
999 5050 1307 5120 βεδαίωσις,
1337 5053 1454 5103 ὅθεν
1488 5053 1623 5120 βοῶ-

69 5141 171 5208 μέν
203 5155 286 5190 σοι
307 5153 318 5166 ⁸
357 5139 547 5208 Χαῖρε,
579 5138 772 5208 ἄστρον
829 5141 1018 5192 ἄδυτον
1053 5142 1264 5208 εἰσάγον
1316 5143 1501 5210 κόσμῳ
1534 5143 1622 5194 τὸν

70 5232 247 5301 μέγαν
265 5231 414 5298 ἣλιον
429 5246 441 5258 ’
464 5233 640 5299 χαῖρε,
661 5229 819 5299 Ἐδὲμ
835 5230 1087 5295 ἀνοίξασα
1106 5232 1200 5301 τῆν
1215 5234 1616 5300 κεκλεισμένην,

67 5325 208 5389 ἁγνή
237 5340 249 5352 ·
274 5325 449 5389 χαῖρε,
480 5322 634 5372 στύλε
671 5320 860 5388 πύρινε
889 5322 1177 5389 εἰσάγουσα
1236 5324 1313 5384 εἰς
1369 5323 1464 5392 τὴν
1509 5323 1618 5374 ἀνω

68 5413 211 5483 ζωὴν
239 5413 298 5464 τὸ
327 5412 656 5481 ἀνθρώπινον
680 5414 851 5480 γένος.

140 5588 362 5658 Στῶμεν
396 5588 635 5666 εὐλαϐῶς
681 5590 735 5640 ἐν
768 5591 898 5658 οἴκῳ
947 5591 1078 5642 Θεοῦ
1138 5589 1290 5659 ἡμῶν
1323 5591 1414 5641 καὶ
1436 5590 1624 5658 ἐκϐοήο

75 5694 252 5745 σωμεν
273 5697 287 5707 τ
317 5679 718 5747 Χαῖρε,κόσμου
746 5682 1036 5753 Δέσποινα·
1071 5685 1245 5752 χαῖρε,
1278 5681 1482 5750 Μαρία,
1515 5683 1626 5734 Κυ-

1712 3183 1891 3235 nebris
1939 3192 2299 3250 peccatorum,
2367 3183 2547 3236 lumen
2614 3181 2960 3251 aspeximus,
2993 3196 3025 3234 o
3062 3179 3259 3248 puella,

1711 3272 1928 3326 luminis
1965 3273 2368 3326 habitaculum:
2408 3287 2577 3342 quare
2627 3281 2677 3326 te
2714 3271 2996 3325 laudamus
3049 3272 3100 3324 in
3140 3287 3261 3324 om-
3351 3269 3358 3274 ’

1712 3365 1798 3416 nia
1832 3365 2049 3417 saecula.
2094 3391 2098 3400 -

1781 3451 2120 3508 Suscitantur
2147 3469 2240 3523 per
2262 3462 2311 3507 te
2337 3453 2400 3507 ad
2449 3455 2611 3506 vitam
2646 3452 2887 3518 mortui';
2927 3453 3087 3506 vitam
3113 3452 3258 3507 enim

1712 3548 2096 3602 subsistentem
2138 3545 2390 3614 peperisti
2421 3562 2434 3594 :
2477 3545 2694 3605 facundi
2729 3543 2863 3597 ﬁunt
2891 3559 2955 3598 ac
2985 3543 3195 3604 diserti.
3226 3545 3258 3595 ii

1713 3639 1801 3708 qui
1822 3639 1982 3708 paulo
1997 3645 2121 3690 ante
2144 3636 2287 3704 loqui
2316 3635 2622 3689 nesciebant
2647 3651 2662 3688 :
2689 3634 2884 3703 leprosi
2909 3635 3257 3696 mundantnr,

1713 3731 1887 3784 morbi
1920 3729 2276 3798 depelluntur,
2307 3741 2586 3780 aereorum
2624 3725 2909 3793 spirituum
2935 3724 3142 3795 multipl
3167 3741 3255 3780 ccs

1713 3821 1883 3875 turba:
1920 3820 2140 3874 devictae
2164 3828 2310 3882 sunt,
2334 3831 2366 3870 o
2407 3816 2566 3883 Virgo
2596 3815 2741 3867 salus
2767 3814 3065 3867 hominum.

1785 3910 2084 3964 lnnumeris
2114 3907 2574 3962 benedictionibus
2596 3905 2890 3967 cumulata,
2920 3919 3038 3972 qua:
3062 3904 3262 3958 mundo

1713 4001 1939 4056 salutem
1970 3998 2244 4068 peperisti,
2292 4012 2385 4065 per
2414 4010 2575 4064 quam
2628 4009 2657 4048 a
2717 4004 2858 4048 terra
2923 3994 2975 4046 in
3034 3994 3263 4047 sublime

1713 4089 1900 4143 elevati
1931 4103 2134 4151 sumus,
2168 4087 2356 4157 gaude,
2391 4095 2591 4139 ocasta
2638 4084 2920 4153 protectio,
2978 4093 3031 4136 et
3075 4084 3260 4147 robur,

1715 4195 1902 4234 murus
1932 4189 1984 4233 et
2009 4179 2286 4231 munimen
2323 4176 2630 4230 canentium
2658 4193 2671 4228 :
2713 4174 2996 4227 Dominum
3030 4172 3262 4236 laudate,

1716 4286 1900 4340 opera,
1935 4277 1987 4323 et
2017 4268 2407 4338 superexaltate
2441 4267 2494 4318 in
2520 4265 2697 4318 omnia
2736 4263 2951 4317 saecula.

2370 4373 2479 4430 Ode
2495 4374 2548 4427 9.

1786 4513 1830 4566 Ο
1863 4513 2064 4576 Puella,
2116 4520 2173 4564 ut
2209 4511 2302 4563 tibi
2337 4508 2516 4562 Gaude
2560 4508 2856 4561 clamemus
2904 4522 3001 4560 nos
3061 4505 3262 4568 ﬁdeles,

1719 4604 1810 4673 qui
1847 4619 1938 4670 per
1970 4611 2018 4656 te
2073 4602 2251 4671 gaudii
2294 4599 2581 4668 participes
2639 4598 2763 4652 iacti
2826 4613 3034 4662 sumus,
3101 4597 3264 4651 libera

1721 4709 1820 4746 nos
1868 4707 1896 4743 a
1928 4692 2144 4759 perenni
2193 4691 2507 4752 tentatione,
2547 4703 2575 4740 a
2607 4688 2956 4742 barbarorum
2991 4703 3264 4756 expugna-

1721 4783 1888 4845 tione,
1922 4791 1973 4835 et
2006 4783 2072 4834 ab
2104 4783 2248 4834 omni
2298 4781 2400 4834 alia
2444 4782 2616 4850 plaga,
2645 4795 2763 4849 qua:
2784 4787 2996 4848 pmpter
3025 4779 3269 4831 multitu-

1723 4874 1900 4925 dinem
1927 4882 2292 4941 peccatorum,
2327 4871 2646 4925 mortalibus
2693 4869 3039 4939 peccantibus
3105 4871 3266 4924 adve-

1725 4966 1835 5018 nire
1864 4969 2016 5018 solet.

1795 5053 2227 5107 Stabilimentum
2258 5062 2309 5106 et
2355 5046 2674 5106 illuiuinatio
2740 5054 2920 5105 nostra
2965 5051 3101 5105 facta
3169 5067 3263 5104 es:

1723 5150 1889 5210 quare
1918 5143 1983 5193 ad
2015 5141 2120 5210 34.
2153 5150 2201 5193 te
2224 5142 2555 5194 clamamus:
2599 5139 2801 5204 Gaude,
2831 5149 3032 5192 astrum
3065 5139 3265 5189 inocci-

1725 5233 1911 5296 dUUm,
1969 5233 2114 5300 quod
2192 5231 2390 5284 mundo
2473 5246 2722 5298 magnum
2782 5230 2944 5282 solem
3008 5227 3262 5289 attulisti;

1736 5323 1928 5390 gaude,
1955 5336 1986 5373 o
2014 5331 2180 5382 casta,
2204 5335 2323 5388 quae
2357 5320 2662 5387 paradisum
2685 5317 2844 5371 Edent
2874 5320 3109 5370 clausum
3145 5331 3266 5382 ape-

1737 5413 1889 5466 ruisti
1917 5429 1930 5475 ;
1962 5411 2155 5479 gaude,
2187 5411 2436 5463 columna
2466 5411 2639 5479 ignea,
2674 5425 2792 5479 qua:
2836 5410 3123 5461 humanum
3176 5422 3268 5474 ge-

1734 5519 1836 5557 nus
1866 5504 1915 5555 in
1950 5517 2236 5569 supernam
2277 5502 2435 5553 vitam
2470 5501 2830 5553 introduxisti.

1803 5592 1862 5645 Et
1893 5593 2138 5660 religiose
2169 5600 2372 5645 stemus
2401 5591 2453 5644 in
2490 5591 2652 5644 domo
2681 5591 2770 5644 Dei
2796 5589 2982 5650 nostri,
3043 5596 3097 5640 et
3157 5589 3268 5639 cln-

1733 5699 1976 5748 memus;
2023 5680 2227 5748 Gaude,
2260 5683 2444 5737 mundi
2486 5683 2665 5750 regina
2697 5699 2710 5746 ;
2738 5682 2921 5749 gaude,
2953 5677 3114 5733 Maria
3149 5694 3263 5733 om-
