3936 6304
583 327 717 389 1039

1654 322 1716 382 S.
1763 319 2073 380 JOSEPHI
2107 317 2658 388 HYMNOGRAPHI

3647 311 3797 374 1040

572 459 692 495 rum
715 439 1106 502 ministrorum,
1137 434 1560 491 venerandorum
1601 435 2116 504 apostolorum-tuo-

2244 433 2538 486 ὶποστόλων
2571 448 2684 486 σου.
2718 427 3001 499 ἱεραρχῶν,
3030 427 3340 498 προφητῶν,
3368 428 3461 481 καὶ
3491 427 3798 498 μαρτύρων

584 551 722 597 ium,
784 533 1214 591 hierarcharum,
1267 527 1673 596 prophetarum,
1735 532 1788 578 et
1833 531 2132 593 martyrum

579 627 1115 698 gloriosissimorum,
1151 621 1631 688 confessorumque
1663 627 1906 672 tuorum.

649 720 936 776 Horresco,
969 728 1000 765 ο
1031 713 1144 766 sole
1169 727 1282 774 rex,
1307 725 1369 764 ac
1399 709 1747 763 vehementer
1785 706 2015 759 formido
2042 719 2129 782 se;
2205 746 2208 748 .

577 807 808 862 cundum
835 804 1123 858 adventum
1155 811 1325 862 tuum,
1357 813 1478 852 cum
1507 797 1605 851 sim
1630 804 1776 848 totus
1807 793 2124 856 damnatus,
2176 816 2181 822 ~

577 913 629 956 et
662 901 861 954 auxilio
891 897 1224 964 conLilioque
1258 893 1589 954 destitutus;
1655 897 1939 959 propterea
1972 894 2125 941 ante-

576 1010 736 1062 quam
772 992 892 1046 tinis
948 991 1213 1053 adveniat,
1246 985 1312 1040 ad
1348 995 1398 1038 te
1430 985 1628 1044 clamo,
1677 998 1708 1035 ο
1738 980 1960 1033 Domine
1991 974 2125 1032 :Per

575 1101 693 1137 eam
728 1097 848 1150 quae
886 1092 935 1134 te
967 1079 1168 1149 genuit,
1202 1092 1363 1146 parce
1420 1074 1571 1134 mihi,
1602 1081 1655 1126 et
1709 1077 1857 1124 salva
1888 1083 1994 1133 me,
2032 1068 2134 1122 mi-

577 1173 831 1236 sericors,
863 1175 996 1227 bone
1029 1153 1083 1224 et
1108 1178 1317 1223 amator
1347 1161 1649 1220 hominuni.

2240 523 2494 587 εὐκλεῶν,
2536 523 2628 573 καὶ
2654 522 2816 572 ὁσίων
2843 537 2956 573 σου.

2307 702 2516 772 Φρίττω
2539 717 2652 761 σου.
2675 699 2803 768 μὸνε
2846 698 3086 768 βασιλεῖ),
3136 697 3234 766 τὴν
3283 696 3536 768 δευτέραν
3577 715 3799 764 παρου-

2239 793 2358 846 σίαν
2387 793 2482 844 καὶ
2506 791 2740 850 δέδοικα,
2771 789 2885 851 ὅλος
2909 790 3229 858 κατάκριτος
3251 789 3590 857 ἠπορημένος
3610 787 3798 854 ὑπάρ-

2235 899 2364 953 χων,
2395 882 2562 951 Κύριε
2591 899 2605 911 δ
2635 881 2714 933 διὸ
2735 878 2839 948 πρὸ
2860 880 3042 941 τέλους
3067 895 3148 930 σοι
3181 867 3312 947 βόῶο
3343 879 3440 930 Διά
3472 879 3571 945 τῆς
3594 875 3793 928 τεκού-

2241 991 2338 1043 σης
2375 991 2455 1036 σε,
2485 975 2667 1042 φεῖσαι
2700 972 2792 1023 καὶ
2835 969 3005 1022 σῶσόν
3047 986 3135 1040 με,
3165 969 3410 1038 ἑλεῆμον,
3457 968 3649 1035 ἀγαθὲ,
3697 969 3795 1018 καὶ

2241 1065 2605 1134 φιλάνθρωπε.

2043 1289 2152 1361 ωε
2179 1289 2272 1346 1x.

1271 1414 1338 1468 In
1372 1414 1759 1469 sanctissimam
1818 1412 2096 1480 Deiparam
2152 1409 2332 1465 Canon
2359 1408 2438 1462 IX
2465 1374 2576 1480 (45)
2647 1408 3030 1464 Paraclett'cus.

1238 1549 1352 1606 Ode
1383 1553 1437 1604 l.

649 1661 1081 1735 Ozsanctissima,
1114 1668 1224 1714 tota
1257 1657 1724 1726 innuaculataﬂfi)
1754 1666 1806 1712 et
1830 1670 1986 1726 pura,
2014 1669 2134 1724 quae

581 1754 814 1809 Verbum
842 1751 933 1806 Dei
951 1751 1099 1805 omni
1122 1752 1409 1804 sanctitate
1433 1745 1710 1817 superius,
1745 1761 1908 1816 supra
1929 1755 2132 1800 naturae

2881 1544 2993 1601 Ode
3022 1546 3075 1601 5.

2311 1654 2394 1708 Ab
2423 1654 2692 1708 horrenda
2717 1654 3105 1723 disquisitione,
3133 1668 3194 1709 ac
3226 1653 3590 1719 damnatione,
3609 1654 3680 1706 ab
3702 1654 3796 1704 ho-

2237 1743 2479 1798 minibus
2509 1743 2731 1812 iniquis,
2765 1744 2858 1812 qui
2881 1737 3051 1813 gratis
3093 1744 3420 1798 conturbant
3467 1759 3574 1806 me,
3627 1753 3794 1809 atque

581 1845 799 1900 modum
838 1844 1096 1913 genuisti,
1118 1857 1309 1896 omnes
1339 1841 1638 1902 sanctiﬁca,
1670 1845 1724 1892 et
1762 1839 2026 1906 guberna,
2049 1844 2131 1889 at-
2161 1850 2207 1909 Β
2236 1833 2302 1887 ab
2320 1835 2466 1888 omni
2497 1850 2564 1888 an
2580 1835 2754 1905 gustia
2773 1851 2894 1904 quae
2923 1850 3008 1889 me
3030 1834 3252 1899 invadit,
3279 1833 3443 1888 libera
3463 1850 3547 1888 me
3571 1849 3789 1888 servum

580 1952 681 2006 que
707 1953 735 1989 a
766 1937 1111 2004 passionibus
1127 1934 1381 1996 emunda,
1408 1932 1544 1986 etab
1576 1929 1850 2001 ingruenti
1879 1927 2127 1998 periculo

581 2030 908 2097 quantocius
941 2028 1132 2081 libera.

1185 2133 1508 2190 Theotocion.
1851 2205 1853 2209 ἢ

618 2235 693 2301 ,Ο
727 2230 1083 2305 patrocinium
1110 2227 1348 2282 omnium
1383 2222 1641 2286 ﬁdelium,
1666 2220 1878 2284 assiste,
1909 2228 1960 2273 et
1979 2217 2131 2272 auxi-

581 2329 716 2381 liare
785 2323 917 2378 mihi
971 2336 1000 2374 a
1037 2317 1298 2373 molestiis
1334 2315 1464 2368 vitae
1521 2315 1910 2373 circumvento,
1962 2322 2136 2377 neque

584 2416 864 2486 permittas
903 2426 987 2467 me
1023 2408 1275 2463 ﬂuctibus
1304 2405 1447 2460 illius
1481 2401 1781 2457 immodicis
1799 2399 2020 2470 'agitari,
2072 2411 2134 2450 ac

584 2506 826 2571 conteri;
859 2503 950 2559 sed
973 2498 1202 2557 extende
1225 2497 1413 2552 auxilii
1446 2495 1519 2550 tul
1546 2507 1790 2556 manum,
1836 2500 1885 2546 te
1923 2501 2130 2558 precor,

585 2615 617 2654 0
645 2597 840 2668 puella.

1239 2678 1353 2734 Ode
1377 2678 1441 2732 3.

650 2777 695 2832 Ο
723 2776 840 2830 fons
870 2787 1024 2844 pure,
1071 2777 1136 2827 e'x
1157 2784 1267 2840 quo
1329 2768 1581 2823 Christus
1633 2759 1924 2821 emanavit,
1967 2756 2130 2825 irriga

585 2868 819 2920 animam
845 2878 1041 2928 meam,
1070 2877 1190 2930 qua:
1219 2858 1460 2912 omnium
1504 2855 1816 2923 passionum
1845 2857 1980 2904 testu
2030 2844 2129 2900 ad-

584 2960 836 3021 uritur,ct
875 2938 1334 3023 abiugruentibus
1369 2945 1634 3002 molestiis
1663 2941 1810 2999 salva
1835 2953 1942 2994 me.

1167 3052 1502 3110 Theotocion.

652 3153 878 3225 OVirgo
914 3163 1068 3219 pura,
1099 3146 1453 3217 patrocinium
1517 3140 1783 3204 omnium,
1841 3133 1985 3207 quod
2016 3145 2125 3187 non

557 3232 950 3301 confunditur,
985 3247 1200 3306 protch
1233 3249 1336 3300 me,
1363 3243 1417 3289 et
1449 3233 1616 3286 libera
1656 3245 1742 3284 me
1775 3228 1841 3283 ab
1883 3225 2029 3295 operi

582 3332 944 3401 confusionis,
971 3339 1020 3383 te
1038 3341 1242 3397 precor,
1279 3336 1334 3380 et
1366 3327 1432 3378 ab
1471 3323 1778 3377 hominibus
1797 3319 1887 3390 qui
1919 3327 2131 3384 semper

585 3429 803 3491 Student
833 3423 1032 3478 inferre
1067 3419 1264 3472 malum
1292 3417 1441 3469 mihi.

1192 3503 1296 3578 45
1320 3505 1431 3560 Ode
1456 3507 1508 3560 4.

655 3599 1257 3672 Deprecor,oDomina,
1295 3595 1582 3652 bonitatem
1645 3603 1814 3656 tuam,
1875 3591 2135 3645 auxiliare

578 3695 738 3776 inihi,
773 3693 898 3745 dum
954 3691 1350 3766 tribulationes,
1396 3699 1448 3743 et
1502 3687 1828 3741 tentationes
1873 3681 2137 3736 invadunt

587 3798 693 3846 me,
719 3778 1101 3853 etgravissinia
1132 3785 1445 3847 tempestate
1467 3775 1741 3843 exagitant
1777 3785 1870 3828 cor
1919 3782 2122 3824 meum.

1185 3885 1516 3942 Thcotocion.

660 3997 732 4050 Nc
756 3997 1019 4065 despicias
1041 4011 1126 4050 me
1183 4001 1497 4064 tempestate
1524 3993 1820 4064 jactatum;
1870 3972 1940 4048 ne
1975 3993 2130 4049 dere—

586 4090 802 4157 linquas
834 4103 917 4140 me
972 4088 1366 4142 calamitatibus
1409 4085 1803 4140 cireumdatum
1825 4095 1877 4142 et
1913 4087 2129 4144 assidue

591 4184 858 4245 attritum,
889 4193 929 4232 ο
963 4179 1202 4246 Deipara,
1237 4178 1494 4231 auxilium
1524 4177 1779 4232 fidelium.
1836 4219 1841 4224 .

663 4357 770 4426 (alii)
803 4356 984 4408 Grazca
1017 4355 1241 4426 desuntl
1261 4353 1413 4426 ῌδιτ.
1456 4384 1523 4393 -
1560 4354 1655 4426 llic
1688 4352 2125 4426 losephiﬁcanon

592 4421 699 4482 non
727 4427 901 4478 solum
933 4434 1015 4476 est
1041 4424 1093 4475 in
1124 4424 1180 4476 S.
1209 4421 1511 4490 De’ipaum,
1531 4424 1622 4476 sed
1643 4425 1802 4476 etiam
1826 4425 1878 4474 in
1903 4424 2130 4479 Michae-

595 4500 694 4549 Iem
726 4495 1016 4562 principem
1046 4494 1286 4562 caelestis
1338 4492 1556 4562 militiai,
1588 4502 1637 4562 et
1685 4504 1900 4544 sanctos
1949 4494 2127 4562 Acyn-

594 4559 752 4618 diuos
829 4573 1184 4628 sanctumque
1228 4559 1522 4612 Nicolaum.
1578 4560 1708 4622 Quae
1761 4575 1889 4613 vero
1961 4559 2130 4614 in'eo

590 4641 745 4686 erant
772 4645 875 4683 non
913 4630 1230 4698 pertinentia
1259 4628 1325 4680 ad
1350 4628 1404 4679 Β.
1433 4628 1722 4698 Virginem,
1743 4644 1864 4681 cum
1898 4630 2001 4682 huc
2024 4645 2130 4683 non

585 4703 859 4757 facerent.
883 4697 1130 4751 consulto
1159 4699 1356 4750 omissa
1387 4707 1532 4749 sunt.
1562 4697 1883 4764 Desumptus
1925 4708 2006 4752 est
2033 4715 2131 4750 au-

596 4783 700 4824 tem
725 4784 789 4821 ex
813 4768 1165 4836 quodamms.
1185 4765 1517 4836 bibliotheca:
1533 4763 1748 4836 (Erypta:
1765 4763 2009 4819 'Fcrratae
2033 4767 2132 4836 sub

596 4834 940 4897 numero95,
972 4835 1121 4900 cujus
1157 4835 1342 4887 titulus
1369 4843 1486 4886 est:
1533 4834 1760 4887 Curiones
1813 4835 2131 4887 Anastasimi

592 4919 641 4958 et
706 4905 1209 4958 Stauroanaslasimi
1283 4914 1326 4953 et
1390 4901 1700 4953 Anabuthmi
1771 4902 2130 4955 Oelwchorum

595 4977 768 5029 Belius
792 4974 1010 5040 primus,
1038 4974 1086 5023 in
1111 4988 1216 5040 quo
1250 4972 1383 5025 libro
1415 4972 1747 5040 suntﬁplures
1773 4973 1858 5023 alii
1891 4986 2128 5028 canones

597 5039 837 5112 ejusdem
883 5039 1142 5109 Joseplii,’
1185 5056 1250 5095 ex
1296 5040 1492 5109 quibus
1543 5039 1834 5091 ’l‘heotoria
1885 5042 2130 5106 superius

596 5113 817 5167 adduxi.
1034 5155 1040 5161 .
1247 5140 1249 5143 ι

671 5182 776 5249 (46)
808 5178 1005 5233 Totalis
1052 5175 1378 5249 Bavirginis
1409 5174 1769 5249 Immaculatio
1808 5191 1911 5229 non
1958 5186 2132 5249 potest

595 5246 720 5302 cum
752 5246 928 5316 aliqua
970 5248 1177 5300 macula
1201 5247 1338 5316 bene
1375 5248 1658 5316 cohaerere,
1699 5260 2019 5313 quocunque
2050 5246 2131 5298 in-

598 5320 759 5373 stanti
784 5313 862 5371 vei
893 5327 1139 5384 tempore
1166 5315 1234 5366 sit
1267 5314 1377 5366 lucc
1409 5313 1616 5384 macula
1651 5323 1947 5384 contracta,
1978 5325 2136 5381 atque

596 5393 714 5445 idrn
746 5389 939 5441 obnixe
987 5382 1038 5437 et
1072 5384 1375 5435 neceSsario
1407 5382 1690 5433 tenendum
1730 5385 1784 5434 S.
1816 5383 2133 5450 Josephum,

597 5463 720 5511 dum
754 5458 1033 5522 Deiparatn
1069 5462 1230 5504 totam
1263 5451 1657 5522 immaculatum
1686 5452 1958 5513 salutavit,
1992 5455 2133 5504 illam

597 5528 792 5591 nullius
843 5518 1041 5591 peccati
1090 5522 1522 5591 maculmetiam
1581 5518 1633 5572 in
1692 5522 1865 5588 primo
1892 5524 2134 5586 instanti,

591 5590 758 5648 fuisse
783 5590 1113 5656 deturpatam
1144 5590 1450 5641 credidisse.
2032 5649 2036 5651 _

664 5661 773 5725 (ω)
811 5660 943 5728 Quid
975 5667 1053 5711 est
1091 5660 1367 5724 Ui'ipat'utll
1400 5672 1516 5712 esse
1550 5660 2132 5726 intniarulatissimatn,

2240 1933 2392 1978 tuum
2433 1926 2700 1990 inutilem,
2744 1924 3265 1991 tibi,ocastissima,
3309 1921 3538 1978 ferventi
3593 1921 3792 1976 aﬂ'ectu

2237 2014 2648 2083 supplicantem.

2759 2102 3095 2157 Theotocion.

2304 2210 2547 2266 Conéede
2568 2210 2721 2275 mihi,
2757 2210 3003 2275 Domina,
3036 2209 3237 2264 imbres
3275 2209 3634 2279 lacryniarum
3666 2210 3793 2276 qui-

2236 2302 2336 2356 bus
2374 2303 2662 2356 abluantur
2695 2302 2885 2356 sordes
2930 2299 3115 2355 miseri
3144 2301 3318 2354 cordis
3340 2300 3463 2363 mei,
3493 2309 3546 2354 et
3572 2300 3640 2351 ab
3704 2299 3793 2351 in-

2235 2392 2549 2461 gruentibus
2579 2392 2829 2460 periculis
2877 2391 3042 2445 libera
3090 2405 3195 2455 me,
3219 2400 3278 2444 ut
3330 2401 3616 2460 sempcrte
3675 2405 3791 2444 ma—

2234 2482 2480 2550 gniﬁccm
2509 2496 2632 2536 eum
2672 2482 2876 2545 laetitia,
2899 2494 2931 2534 ο
2959 2479 3067 2535 Deo
3099 2480 3439 2535 charissima.

2838 2569 2952 2623 Ode
2983 2571 3035 2622 8.

2301 2657 2583 2727 Tanquam
2601 2671 2662 2711 ea
2689 2671 2808 2725 quae
2837 2657 3072 2711 divinam
3101 2656 3334 2724 pluviam
3359 2656 3665 2724 suscepisti,
3696 2657 3790 2710 de-

2232 2749 2376 2803 sicca
2407 2748 2886 2803 intercessionibus
2910 2746 3016 2801 tuis
3045 2746 3267 2801 [lumina
3284 2747 3604 2801 delictorum
3627 2761 3782 2800 meo-

2232 2854 2374 2904 rum,
2403 2848 2458 2894 et
2485 2841 2837 2895 tentationum
2881 2839 3079 2893 imbres
3103 2837 3381 2903 imminue,
3402 2846 3455 2894 et
3495 2840 3643 2893 salva
3673 2853 3782 2892 me.

2786 2927 3118 2982 Theotocion.

2296 3020 2341 3076 0
2368 3020 2595 3073 Domina
2621 3032 2775 3088 pura,
2806 3031 2925 3085 quae
2956 3015 3125 3071 caelos
3151 3016 3365 3071 excedis
3408 3016 3782 3086 amplitudine.

2229 3109 2524 3180 liberam
2545 3122 2640 3162 nos
2668 3106 2937 3175 supplices
2976 3115 3097 3161 tuos
3117 3105 3184 3160 ab
3216 3105 3362 3160 omni
3406 3107 3655 3175 angustia
3683 3122 3697 3168 ;
3730 3117 3787 3160 et

2037 3223 2137 3276 bus
2163 3209 2207 3267 (ζ
2240 3201 2294 3254 in
2325 3197 2668 3253 tribulatione
2692 3196 2974 3250 consolare
2996 3210 3181 3250 omnes
3205 3194 3517 3251 dilatatione
3540 3197 3702 3262 bona,
3727 3206 3784 3250 ut

2237 3299 2289 3344 te
2310 3287 2502 3342 debitis
2532 3285 2782 3340 laudibus
2821 3284 3203 3340 bcatilicemus.

2917 3373 3027 3428 Ode
3053 3376 3105 3430 9.
3129 3386 3140 3415 ι

2303 3469 2347 3525 Ο
2376 3467 2600 3523 Domina
2620 3467 2804 3534 Virgo,
2835 3467 2980 3536 eripe
3012 3482 3098 3522 me
3126 3482 3154 3521 a
3176 3468 3289 3520 luto
3311 3467 3535 3536 peccati,
3589 3468 3642 3521 in
3692 3483 3784 3522 eo-

2233 3558 2354 3612 dem
2391 3558 2642 3620 intixum;
2669 3564 2720 3608 et
2751 3556 3138 3622 periclitantem
3169 3555 3338 3609 libera
3381 3569 3411 3608 a
3470 3554 3780 3616 tentatioui-

2236 3650 2338 3703 bus
2369 3648 2797 3718 adversariorum
2820 3662 2881 3700 ac
2911 3646 3172 3712 malorum
3203 3645 3499 3708 hominum,
3540 3648 3631 3715 qui
3660 3661 3781 3716 gra-

2232 3741 2302 3796 tis
2329 3739 2652 3794 conturbant
2677 3752 2782 3801 me,
2818 3745 2871 3792 et
2901 3735 3132 3806 graviter
3158 3749 3246 3789 me
3287 3734 3571 3790 invadunt.

2823 3815 3154 3879 Theotoct'on.

2299 3922 2380 3974 Tu
2418 3933 2537 3987 qua:
2584 3916 2721 3971 lucis
2768 3929 2827 3970 es
2881 3914 3262 3979 habitaculum,
3313 3928 3347 3967 ο
3391 3913 3781 3970 immaculatis-

2229 4012 2365 4068 sima
2385 4009 2530 4078 (4'7);
2572 4007 2766 4060 animae
2797 4019 2926 4059 meae
2946 4005 3195 4059 tenebras
3220 4013 3274 4058 et
3307 4005 3663 4060 tentationum
3696 4022 3779 4060 ne-

2231 4096 2387 4152 bulos
2409 4093 2658 4148 celeriter
2673 4092 2895 4160 expelle,
2913 4099 2966 4144 et
2985 4105 3016 4144 a
3050 4090 3206 4143 malis
3235 4090 3605 4160 ingruentibus
3628 4093 3777 4148 salva

2229 4199 2339 4250 me,
2365 4198 2573 4253 precor,
2610 4182 2735 4237 dum
2767 4190 2818 4236 te
2848 4181 3073 4236 fideliter
3093 4180 3359 4236 collaudo.

2235 4358 2336 4411 nisi
2360 4359 2530 4427 ipsam
2562 4356 2841 4427 privilegio
2863 4357 3292 4427 singularissimo
3315 4371 3383 4427 ac,
3409 4359 3774 4427 praerogativa

2237 4426 2428 4479 omnes
2451 4441 2544 4492 per
2565 4426 2960 4490 generationem
2994 4426 3290 4478 naturalem
3339 4426 3408 4478 ab
3445 4426 3651 4479 Adamo
3678 4429 3774 4480 de-

2158 4528 2210 4586 1)
2237 4496 2554 4586 ξὲιςηξέξξηιίῑξ
2566 4495 3570 4586 ,ἮΡὶυ¹¹1¹Ῑέῗῗιδὶδῖ³ἷὶί³ίῖκὲεῗὲἷθηξῗίέ
3598 4499 3776 4574 επινιξ-

2235 4578 2447 4632 cuuque
2507 4563 2738 4632 macu|:e_
2798 4563 3422 4632 superasseiAdmissa
3485 4574 3659 4616 autem
3723 4569 3771 4616 in

2236 4632 2297 4684 B.
2319 4630 2534 4698 Virgine
2567 4630 2774 4684 macula
2796 4631 2995 4698 peccati
3016 4630 3507 4698 originalis,plures
3522 4647 3584 4684 ex
3607 4643 3775 4699 poste-

2236 4704 2309 4753 ris
2329 4701 2659 4766 Ada:,quo:nl
2680 4700 2882 4766 peccati
2913 4701 3200 4751 carentiam
3234 4699 3285 4750 in
3305 4700 3586 4763 munditia,
3605 4709 3655 4750 et
3679 4717 3772 4767 pl:-

2234 4772 2414 4830 ritate,
2456 4784 2483 4820 a
2511 4770 2568 4821 B.
2602 4768 2819 4835 Virgine
2843 4780 2949 4819 non
2975 4775 3354 4834 superarentur
3387 4785 3399 4820 :
3432 4783 3557 4820 nam
3582 4784 3770 4822 omnes

2233 4837 2464 4889 infantes
2499 4839 2829 4899 innocentes,
2862 4836 2953 4903 qui
2990 4847 3108 4902 post
3151 4835 3472 4903 baptismum
3529 4839 3790 4890 moriun-.-

2237 4917 2342 4965 tur,
2368 4915 2647 4972 antequam
2691 4905 2753 4956 ad
2785 4919 2942 4972 usum
2984 4903 3209 4972 rationis
3243 4907 3577 4970 perveniant,
3612 4918 3768 4970 quot-

2237 4985 2366 5042 qnot
2408 4970 2568 5026 etiam
2609 4973 2772 5024 adniti
2818 4970 3034 5042 perfecti
3078 4971 3259 5038 iudicii
3299 4987 3361 5025 ac
3413 4975 3639 5027 rationis
3669 4989 3767 5024 ex-

2233 5040 2432 5111 pertes,
2447 5053 2611 5094 totum
2632 5042 2878 5109 vit-.e.s‘uae
2897 5040 3124 5094 stadium
3147 5045 3723 5111 percurrerunthmodo
3739 5056 3768 5093 a

2234 5110 2453 5179 peccato
2477 5111 2717 5179 originali
2741 5111 2954 5179 lavacro
2974 5110 3393 5179 regenerationis
3416 5111 3766 5172 mandentur,

2234 5175 2417 5232 essent
2450 5175 2601 5246 reque
2633 5177 2954 5231 innnaculati
2988 5192 3049 5228 ac
3081 5175 3239 5244 Virgo
3270 5179 3613 5242 beatissima;
3639 5191 3765 5232 sunt

2233 5248 2374 5300 enim
2408 5263 2562 5314 pares
2604 5249 2777 5314 quoad
2819 5247 3026 5315 peccati
3069 5247 3292 5299 actualis
3321 5248 3637 5309 carentiam,
3668 5263 3768 5302 nec

2233 5317 2542 5367 beatissima
2568 5315 2727 5384 Virgo
2754 5314 2988 5384 ,abiipsis
3017 5314 3067 5366 in
3093 5315 3429 5384 immunitate
3459 5332 3487 5367 a
3515 5317 3632 5368 labe
3655 5319 3768 5369 ori.

2233 5385 2396 5451 ginali
2469 5383 2768 5438 dissideret.
2836 5383 2984 5436 Unde
3037 5383 3319 5454 deducitur
3368 5384 3438 5454 iB.
3500 5384 3766 5454 Virginem

2231 5453 2401 5520 quoad
2431 5455 2630 5520 peccati
2666 5455 3020 5518 lmpuritatem
3070 5451 3290 5519 reliquis
3331 5453 3400 5506 ab
3433 5451 3639 5506 Adam'o
3666 5455 3761 5507 de-

2235 5521 2622 5574 SCt‘ntlt'nllbllS
2657 5523 2872 5588 Speciali
2914 5520 3190 5588 privilegio
3221 5535 3325 5572 non
3363 5534 3638 5589 praestare,
3670 5538 3766 5576 nec

2233 5605 2354 5640 vere
2379 5606 2404 5641 a
2443 5590 2498 5640 S.
2535 5589 2766 5656 Joscplto
2793 5601 2842 5643 et
2876 5592 2993 5644 aliis
3025 5589 3223 5656 passim
3259 5589 3514 5646 Patribns
3542 5593 3766 5646 salutari

2235 5660 2801 5712 itntnaculatissiutaut.
