3936 6304
160 253 297 362 ἱῖιθ

1538 298 1895 359 ΜᾹΕΗΑΙιΕ.

3233 285 3372 352 1050

157 403 554 472 πολυτρόπους,
582 402 654 466 ὡς
695 403 1004 473 συμπαθὴς,
1061 403 1308 464 Θεοτόκε,
1363 404 1716 472 θεράπευσον,

1850 403 1947 466 nci,
1983 408 2286 466 mentisque
2325 400 2504 454 varias
2535 403 2883 469 evagationes
2931 407 2984 452 et
3035 405 3293 454 errores:
3327 410 3382 455 et

159 495 260 545 καὶ
282 494 520 546 κόπασον
546 493 606 546 τὸ
628 494 860 563 χαλεπὸν
897 493 1005 546 τῶν
1074 494 1258 547 παθῶν
1279 511 1378 564 μου
1434 495 1720 549 κλυδώνιον

161 584 377 653 δέομαι.

234 674 393 725 Λύων
449 675 546 744 τῆς
598 673 855 742 Εὐαςτὴν
909 671 1177 742 κατάραν,
1229 675 1328 742 τὴν
1386 677 1721 748 πανάμωμον

158 762 492 833 κατῴκησας
543 762 807 832 γαστέρα,
861 762 1110 830 εὐλογίας
1145 763 1326 832 πηγὴν
1377 764 1582 832 βλύςων
1611 770 1724 829 τοῖς

163 855 403 924 βοῶσι-ιο
440 855 834 925 Εὐλογημένος,
872 856 1140 922 πάναγνε,
1169 854 1198 906 ό
1227 856 1432 925 καρπὸς
1479 859 1577 928 τῆς
1625 859 1724 928 σῆς

161 943 400 1004 κοιλίας.

249 1032 308 1086 '0
337 1035 478 1090 κατά
511 1033 684 1089 πάντα
709 1036 910 1097 τέλειος
950 1035 1044 1090 καὶ
1101 1040 1166 1109 τῇ
1221 1041 1379 1110 φύσει
1435 1039 1727 1111 ἀπρόσιτος

163 1123 324 1195 ὤφθη
348 1125 599 1197 πρόσιτός
623 1143 712 1195 μοι
736 1127 912 1195 σάρκα
936 1129 1317 1199 περικείμενος
1343 1133 1405 1185 ὲκ
1431 1131 1544 1196 σοῦ,
1566 1130 1728 1183 ἀπει-

166 1219 418 1288 ρόγαμε·
463 1217 522 1269 δν
575 1218 802 1281 ἐκτενῶς
851 1218 1063 1273 ἱκέτευε
1117 1220 1225 1273 τῶν
1263 1223 1498 1292 ἀνομιῶν
1547 1239 1646 1290 μου
1672 1219 1733 1273 τὸ

165 1307 386 1377 φορτίον
423 1307 731 1374 σκορπίσαι,
760 1307 850 1361 καὶ
882 1308 1050 1362 σῶσαι
1108 1308 1476 1378 μελῳδοῦντα·
1522 1309 1732 1380 Ἰερεῖς,

161 1397 460 1466 εὐλογεῖτε·
489 1396 638 1464 λαὸς,
669 1397 1015 1468 ὐπερυψοῦτε
1062 1399 1298 1472 Χριστὸν
1331 1403 1410 1465 είς
1434 1401 1558 1464 τοὺς
1607 1399 1735 1453 αἰῶ.

165 1504 295 1550 νας.
445 1516 456 1535 ι
507 1518 535 1533 ~-

239 1580 426 1636 Φείσαί
452 1599 574 1652 μου,
596 1582 799 1654 Σῶτερ,
829 1586 857 1638 ὁ
881 1585 1090 1654 τεχθεὶς
1118 1587 1209 1639 καὶ
1239 1585 1488 1654 φυλάξας
1519 1587 1620 1653 τὴν
1648 1601 1737 1635 τε-

166 1671 376 1725 κοῦσάν
405 1690 463 1727 σε
494 1673 727 1743 ἄφθορον
752 1676 890 1745 μετά
918 1676 1016 1744 τὴν
1044 1676 1259 1745 κύησιν,
1312 1677 1440 1730 ὅταν
1507 1675 1736 1747 καθίσῃς

164 1765 354 1828 κρῖναι
373 1764 439 1814 τὰ
475 1763 610 1833 ἔργα
633 1781 756 1832 μου,
790 1768 888 1830 τὰς
922 1767 1157 1834 ἀνομίας
1190 1766 1466 1837 παρορῶν,
1503 1770 1597 1819 καὶ
1640 1767 1738 1828 τὰς

61 1927 70 1934 ⁴
164 1853 444 1920 ἁμαρτίας
475 1871 596 1921 μου,
633 1855 708 1918 ὡς
750 1856 1084 1926 ἁμάρτητος,
1119 1855 1362 1927 ἐλεήμων
1377 1856 1451 1920 ὡς
1484 1856 1613 1920 Θεὸς
1644 1859 1737 1910 καὶ

164 1943 572 2014 φιλάνθρωπος.

186 2033 276 2088 Ex
295 2035 398 2089 τοῦ
419 2037 682 2102 Kardroc
696 2039 782 2102 εὶς
800 2037 908 2090 τὸν
923 2037 1091 2104 ἅγιον
1109 2037 1399 2104 Ἰωάννην
1420 2039 1527 2094 τὸν
1543 2040 1736 2094 Καλύ-
1811 2064 1836 2084 ~-

708 2108 908 2174 ϐητον,
939 2108 1126 2182 ἡμέρᾳ
1155 2115 1241 2163 ιε’.

237 2212 514 2276 Χαλεπαῖς
540 2214 727 2268 παθῶν
754 2215 1086 2281 ἐπιϐουλαῖς,
1107 2219 1264 2288 κόρη,
1298 2219 1719 2290 χειμαζόμενος,

164 2303 268 2356 καὶ
318 2304 639 2373 προσϐολαῖς
676 2307 980 2376 ἁμαρτιῶν,
1019 2309 1394 2381 κλονούμενος,
1450 2311 1544 2365 σοῦ
1598 2300 1735 2381 πρὸς

164 2396 270 2467 τὴν
300 2398 593 2468 ἀκοίμητον
620 2399 976 2466 προστασίαν,
1007 2400 1348 2472 πανύμνητε,
1372 2403 1523 2473 πόθῳ
1554 2420 1725 2459 κατα-

166 2486 398 2560 φεύγω..
426 2489 703 2559 Οῐκτειρόν
731 2507 823 2564 με,
852 2489 1043 2554 σῶσον,
1086 2492 1453 2562 Ἀειπάρθενε.

241 2761 559 2834 Μυρίπνουν
578 2761 654 2825 ὡς
682 2761 833 2833 ῥόδον
865 2762 972 2816 ἀπὸ
997 2762 1543 2834 κοιλάδων,ἇχραντε,
1577 2766 1604 2817 ό
1630 2782 1734 2818 κα-

168 2852 338 2923 θαρός
369 2868 428 2905 σε
457 2850 673 2926 εὕρατο,
725 2852 820 2904 καὶ
855 2853 915 2906 ὲν
945 2851 1092 2923 μέσῳ
1147 2870 1240 2906 σου
1292 2856 1732 2927 κατεσκήνωσεν,

168 2941 403 3004 εὐωδίας
436 2940 731 3011 πληρώσας
767 2940 827 2994 τὸ
857 2939 1211 3010 ἀνθρώπινον.

248 3045 456 3099 Ἷθυνόν
488 3063 588 3115 μου
630 3045 727 3115 τῆς
759 3043 938 3114 ψυχῆς
986 3045 1083 3108 τὰς
1114 3049 1376 3119 κινήσεις,
1403 3048 1732 3119 πανάμωμε,

1819 493 2198 565 gravissimam
2260 491 2606 544 alIeCtionum
2669 506 2915 552 mearum
2979 500 3378 560 tempestatem,

1820 599 2023 654 quzeso,
2051 596 2360 651 compesce.

1893 670 1966 727 Ut'
2005 671 2128 726 Evze
2169 672 2412 728 solveres
2461 671 2923 738 maledictionem,
2966 681 3183 727 uterum
3231 673 3381 726 omni

1822 773 2096 818 carentem
2147 761 2268 816 labe
2320 761 2674 828 inhabitasti,
2711 761 3104 817 benedictionis
3172 761 3378 814 fontem

1823 854 2107 910 ell‘undens
2153 851 2219 905 iis
2253 850 2348 922 qui
2399 851 2687 908 clamant:
2735 852 3079 921 Benedictus,
3110 865 3144 907 ο
3189 853 3378 908 castis~

1825 945 1983 1007 sima,
2015 943 2227 998 fructus
2258 942 2467 997 ventris
2506 942 2610 996 tui.

1893 1035 1996 1100 Qui
2017 1048 2110 1105 per
2127 1033 2310 1089 omnia
2326 1033 2596 1101 perfectus
2615 1041 2719 1098 est,
2737 1041 2800 1089 et-
2813 1041 3005 1088 natura
3029 1032 3384 1089 inaccessibi-

1829 1126 1920 1189 lis,
1947 1125 2124 1181 factus
2153 1133 2240 1181 est
2270 1124 2406 1180 mihi
2435 1123 2771 1178 accessibilis
2801 1137 2964 1178 carne
2997 1124 3383 1188 circumdatus,

1829 1232 1895 1270 ex
1945 1225 1997 1272 te
2046 1223 2288 1284 accepta,
2319 1229 2354 1270 ο
2395 1215 2645 1284 innupta.
2685 1212 2949 1272 Eumdem
2984 1223 3042 1269 tu
3083 1216 3238 1268 enixe
3266 1231 3378 1283 pre-

1831 1322 1978 1371 care,
2035 1315 2096 1360 ut
2154 1306 2348 1360 allevct
2403 1320 2542 1360 onus
2606 1305 2958 1373 iniquitatum
3018 1319 3282 1368 mearum,
3337 1313 3386 1357 et

1831 1398 2004 1454 salvet
2053 1411 2139 1452 me
2198 1397 2574 1453 concinentem
2606 1414 2622 1451 :
2653 1397 2998 1462 Sacerdotes,
3048 1397 3384 1462 benedicite;

1834 1488 2045 1558 populi,
2077 1488 2477 1558 superexaltate
2500 1487 2777 1542 Christum
2812 1487 2866 1542 in
2890 1486 3110 1541 saecula.

1903 1580 2071 1636 Parce
2100 1580 2232 1633 mihi
2266 1578 2513 1633 Salvator
2542 1579 2632 1648 qui
2669 1588 2830 1634 natus
2854 1593 2933 1643 es,
2968 1587 3022 1631 ct
3059 1575 3388 1632 Genitricem

1839 1657 1984 1724 lnam
2033 1676 2154 1735 post
2203 1677 2414 1738 partum
2447 1667 2818 1734 incorruptam
2854 1667 3237 1730 conservasti,
3267 1681 3390 1719 cum

1840 1757 2057 1815 scdebis
2088 1757 2374 1828 utjutlices
2407 1773 2567 1828 opera
2599 1772 2750 1822 mea;
2794 1757 3151 1816 dissimulans
3191 1757 3386 1825 iniqui-

1841 1857 1977 1904 tates
2017 1863 2186 1911 mcas,
2217 1857 2268 1902 et
2297 1857 2512 1916 peccata
2538 1862 2656 1900 mea
2684 1858 2938 1916 tanquam
2969 1847 3336 1915 impeccabilis
3368 1887 3383 1911 ,

1838 1939 2148 1995 misericors
2175 1948 2234 1992 ut
2265 1937 2428 2001 Deus,
2458 1947 2513 1992 et
2542 1938 2821 1993 hominum
2850 1938 3082 1992 amator’.

1945 2027 2029 2084 Ea:
2044 2027 2253 2085 Conone
2279 2029 2332 2084 in
2374 2027 2432 2082 S.
2461 2027 2717 2082 Joannem
2746 2026 3065 2104 Calybitam,
3091 2027 3174 2080 die
3203 2025 3290 2082 15.

1913 2204 2311 2260 Molestissimis
2350 2203 2663 2273 passionum
2707 2200 3022 2266 insultibus,
3061 2200 3218 2271 quasi
3254 2197 3392 2261 tem-

1808 2297 2134 2365 'pestatibus
2169 2297 2489 2364 exagitatus,
2522 2302 2575 2349 et
2598 2301 2942 2364 peccatorum
2983 2293 3183 2354 ictibus
3235 2292 3390 2362 quasi
3435 2344 3443 2352 ,

1836 2378 2092 2443 ﬂuctibus
2147 2400 2462 2460 concussus.
2497 2385 2564 2439 ad
2624 2382 2948 2439 indefessam
3003 2382 3388 2452 protectionem

1838 2489 1984 2535 tuam
2017 2477 2271 2547 confugio
2319 2492 2442 2532 cum
2488 2475 2702 2544 aﬂ'ectu,
2744 2489 2779 2530 o
2821 2473 3000 2545 puella
3045 2472 3196 2529 omni
3233 2472 3392 2527 laude

1835 2569 2174 2640 dignissima.
2222 2569 2477 2624 Miserere
2521 2566 2652 2634 mei,
2700 2575 2753 2626 et
2807 2565 2958 2627 salva
3007 2579 3113 2631 me,
3159 2564 3392 2634 o‘Virgo

1837 2673 2120 2737 perpetua.

1906 2739 2009 2825 53
2033 2754 2168 2808 Cum
2197 2763 2249 2810 te
2277 2762 2533 2824 tanquam
2560 2766 2738 2813 rosam
2762 2750 3088 2814 redolentem
3117 2762 3286 2820 purus
3307 2746 3395 2807 ille

1836 2845 1891 2901 in
1914 2846 2251 2901 convallibus
2269 2845 2580 2916 reperisset,
2596 2859 2630 2898 o
2646 2841 2995 2920 inviolata,in
3019 2840 3197 2901 medio
3214 2840 3289 2898 tui
3309 2840 3395 2896 ha-

1835 2937 2048 3001 bitavit,
2078 2936 2372 2990 humanum
2401 2950 2571 3006 genus
2600 2933 2928 2989 suavissimo
2956 2931 3177 3001 replens
3204 2931 3391 2990 odore.

1831 3026 2081 3102 (Dirige
2125 3035 2303 3089 motus
2359 3026 2554 3080 animm
2602 3039 2753 3088 mem,
2785 3037 2820 3080 0
2857 3022 3168 3099 purissima,
3213 3021 3279 3074 ad
3312 3019 3394 3074 di-

167 3137 310 3207 πρδς
342 3136 459 3189 θεῖα
478 3111 905 3204 προστάχματα,
923 3134 1017 3189 τοῦ
1055 3139 1116 3190 ὲκ
1146 3111 1376 3209 γαστρός
1404 3158 1496 3194 σου
1530 3111 1731 3210 ἐκλάμλ

1850 3117 1967 3172 vina
2013 3118 2159 3172 illius
2190 3120 2478 3187 praecepta,
2508 3115 2602 3185 qui
2635 3130 2701 3169 ex
2735 3122 2889 3169 utero
2922 3124 3016 3168 tuo
3046 3111 3390 3176 coruscavit;

166 3229 389 3298 ψαντος,
422 3224 584 3295 ζάλης
610 3224 944 3295 λυτρουμένη
974 3243 1039 3295 με
1068 3228 1175 3281 τῶν
1200 3231 1255 3282 ὲν
1278 3230 1353 3299 τῷ
1383 3229 1480 3300 βίῳ
1501 3231 1740 3284 σκανδά--

169 3319 282 3372 λων
317 3316 608 3388 μεσιτείαις
639 3333 756 3369 σου.
1337 3380 1343 3386 ⁸
1683 3319 1690 3329 “

259 3407 598 3478 Ἐμμανουὴλ
629 3409 719 3462 τὸν
749 3409 999 3466 ἀπάντων
1027 3409 1302 3480 Δεσπότην
1339 3409 1544 3473 τίκτεις
1570 3409 1736 3480 ἀφθόο

173 3514 307 3568 ρως,
337 3497 564 3567 μείνασα
591 3498 853 3569 παρθένος
882 3501 976 3553 καὶ
1009 3500 1145 3565 μετά
1169 3499 1346 3566 τόκον,
1377 3501 1729 3571 Παρθενομῆ-

124 3655 143 3664 Α
166 3603 270 3658 τορ
291 3601 307 3618 ⁸
338 3587 394 3640 όν
421 3587 711 3653 ἀπαύστως
737 3588 976 3645 δυσώπει
999 3590 1268 3660 ἐπηρείας
1295 3589 1505 3661 ἐχθρῶν
1528 3588 1736 3660 λυτρῶ·

171 3673 371 3727 σασθαι
406 3676 531 3738 τούς
558 3676 663 3728 ὐπὸ
680 3679 776 3748 τὴν
803 3678 1011 3748 σκέπην
1033 3678 1130 3749 τὴν
1155 3678 1252 3750 σὴν
1268 3678 1732 3748 καταφεύγοντας.

244 3839 518 3911 Ἰσουργδν
543 3829 636 3894 καὶ
665 3838 954 3913 σύνθρονον
981 3843 1058 3911 τῷ
1084 3842 1294 3896 τεκόντι
1333 3843 1503 3910 Λόγον
1532 3844 1596 3896 ὲκ
1635 3860 1735 3911 γα-

167 3932 338 4000 στρός
356 3949 472 3996 σου,
496 3933 656 4001 ἁγνὴ,
680 3933 1066 4003 ὲσωμάτωσας,
1087 3932 1135 3986 δι
1152 3934 1164 3955 ’
1184 3933 1579 4004 εὐσπλαγχνίαν
1598 3934 1736 4001 ἄφα-

166 4039 264 4076 τον
289 4021 348 4075 τὺ
375 4022 644 4093 ἡμέτερον
677 4023 796 4077 ὅλον
827 4023 1154 4095 φορέσαντα.

256 4200 559 4271 Ὑμνοῢμεν
584 4202 674 4255 τὸν
698 4202 858 4256 τόκον
887 4219 1006 4269 σου,
1038 4203 1398 4275 εὐλογημένη,
1420 4203 1500 4257 δι’
1519 4195 1578 4258 οὗ
1608 4203 1731 4256 ἐλυ-

168 4290 460 4364 τρώθημεν
480 4293 579 4362 τῆς
614 4294 784 4348 πάλαι
829 4295 1224 4364 κατακρίσεως,
1272 4295 1446 4349 καίσε
1501 4294 1735 4364 μακαρί-

170 4383 364 4451 ζομεν,
395 4383 812 4451 θεομακάριστε,
837 4383 1018 4454 ,μόνην
1047 4384 1114 4455 ἣν
1143 4386 1425 4456 ἠγάπησεν
1447 4386 1475 4438 ὁ
1493 4384 1566 4438 ὢν
1586 4385 1736 4437 εὐλο-

168 4473 413 4544 γημινος
439 4475 530 4526 καὶ
568 4473 938 4544 ὐπερένδοεος.

258 4652 498 4723 Ῥεῖθρον
529 4652 752 4710 ἀένναον
777 4653 904 4723 ἡμῖν
924 4654 1036 4715 τοῖς
1062 4653 1484 4725 προστρέχουσιν
1529 4656 1609 4717 είς
1651 4655 1729 4722 σὲ,

167 4747 337 4816 ἁγνὴ,
373 4744 659 4817 πηγάζεις,
689 4737 749 4797 οὗ
779 4743 874 4814 τὴν
896 4744 1129 4814 ἄφθορον
1160 4747 1316 4815 χάριν
1377 4747 1732 4817 ἀπαρρυόμε-

168 4855 277 4900 νοι,
313 4835 410 4890 σοῦ
442 4833 715 4904 ὐμνοῢμεν
740 4832 830 4888 τὸν
852 4834 1029 4896 τόκον,
1062 4835 1424 4904 πανάχραντε,
1443 4837 1536 4888 καὶ
1565 4835 1735 4904 ὑπερ-

169 4925 312 4993 υψοῦ
323 4943 420 4994 μεν
442 4926 522 4988 εἰς
547 4926 754 4988 πάντας
791 4926 912 4987 τούς
941 4923 1165 4986 αίῶνας.

244 5017 422 5078 Φωτδς
447 5001 812 5086 οίκητῆριονή
844 5015 1022 5086 μήτρα
1050 5032 1144 5067 σου
1183 5017 1495 5086 γεγένηται,
1555 5019 1623 5071 δι’
1667 5009 1729 5070 οὗ

169 5107 293 5176 φῶς
323 5107 373 5158 οἱ
403 5107 461 5158 ἐν
489 5107 665 5159 σκότει
707 5102 844 5161 εἶδον
903 5107 1198 5183 καθήμενοι
1224 5124 1238 5138 θ
1274 5107 1396 5159 ὅθεν
1428 5126 1487 5160 σε
1534 5113 1734 5176 φωναῖς

169 5198 472 5266 ἀσιτήτοις,
501 5198 690 5267 Μῆτερ
708 5198 865 5260 Θεοῦ,
891 5199 982 5253 ἀεὶ
1016 5193 1376 5269 ἀὼμνοῦμεν,
1435 5202 1529 5253 καὶ
1584 5202 1732 5273 πόθῳ

168 5291 504 5362 γεραίρομεν
529 5291 626 5360 τὴν
662 5290 852 5346 ἐλπίδα
883 5291 989 5346 τῶν
1010 5292 1194 5365 ψυχῶν
1242 5293 1417 5362 ἡμῶν.

181 5485 281 5540 Ἐκ
311 5484 710 5557 τοῦᾼΚανόνος
737 5487 823 5557 είς
881 5487 994 5554 τὴν
1048 5490 1467 5556 προσκύνησιν
1499 5491 1607 5557 τῆς
1645 5507 1732 5545 τι-

236 5557 382 5628 μίας
406 5555 676 5628 ἁλύσεως
694 5556 799 5628 τοῦ
819 5557 990 5628 ἁγίου
1029 5555 1127 5610 καὶ
1161 5555 1565 5628 πανευφήμού
1585 5555 1729 5618 ἀπο-

241 5625 470 5679 στόλου
500 5625 740 5691 Πέτρου,
771 5626 958 5694 ήμέρςι
985 5635 1082 5691 ις’.

256 5717 552 5786 Ῥομφαῖαι
578 5717 744 5770 πᾶσαι
769 5717 940 5772 δολίου
964 5719 1176 5790 ἐχθροῦ,
1198 5721 1427 5792 ἄχραντε
1455 5723 1714 5794 Παίιθένε,
1775 5714 1779 5717 ’

1837 3221 1999 3281 atque
2037 3227 2066 3265 a
2109 3217 2425 3278 tempestate
2457 3207 2836 3263 seandalorum
2868 3205 3036 3276 hujus
3078 3204 3202 3260 vita:
3243 3203 3392 3272 eripe

1833 3316 1921 3356 me
1953 3300 2433 3355 intercessionibus
2454 3299 2583 3352 tuis.

1906 3390 2167 3446 Omnium
2222 3388 2510 3442 Dominum
2569 3383 2887 3439 Emmanuel
2928 3384 3045 3439 sine
3090 3383 3189 3437 viri
3227 3395 3388 3450 opera

1836 3481 2103 3551 peperisti,
2129 3494 2350 3534 manens
2370 3477 2524 3547 virgo
2547 3486 2668 3546 post
2694 3485 2930 3545 partum,
2950 3488 2983 3530 ο
3004 3471 3169 3543 Virgo
3200 3473 3389 3526 Mater.

1841 3569 2101 3627 Eumdc’m
2145 3570 2482 3624 incessanter
2517 3581 2682 3623 exora
2731 3573 2793 3621 ut
2856 3566 2927 3620 ab
2971 3564 3210 3620 hostium
3245 3564 3396 3618 inva-

1837 3661 2085 3732 sionibus
2146 3660 2442 3718 liberentur
2482 3657 2583 3723 illi,
2625 3657 2720 3726 qui
2770 3655 3092 3726 confugiunt
3131 3654 3236 3710 sub
3273 3640 3395 3723 pm-

1835 3753 2118 3806 tcctionem
2154 3760 2324 3804 tuam.
3075 3748 3082 3754 '

1905 3840 2163 3904 Verbum,-
2211 3839 2356 3908 quod
2406 3837 2612 3907 aequale
2651 3848 2735 3892 est
2775 3837 2827 3891 in
2865 3836 3199 3906 operatione,
3239 3844 3295 3890 ct
3331 3836 3385 3888 in

1833 3931 2049 3995 throno,
2077 3928 2309 3999 genitori
2333 3943 2455 3993 suo,
2488 3941 2554 3981 ex
2587 3927 2883 3981 visceribus
2920 3927 3028 3980 tuis
3061 3924 3387 3995 corporasti,

1833 4035 1866 4074 o
1912 4029 2093 4085 easta;
2145 4029 2310 4087 atque
2360 4017 2484 4071 inde
2532 4028 2753 4087 propter
2799 4016 3127 4071 ineffabilem
3171 4016 3389 4069 miscri-

1834 4112 2073 4166 cordiam
2103 4127 2279 4177 suam,
2312 4118 2476 4164 totam
2504 4118 3027 4180 naturam'nostram
3069 4108 3385 4176 assumpsit.

1908 4203 2118 4257 Prolem
2152 4210 2299 4256 tuam
2343 4202 2655 4264 laudamus,
2695 4215 2730 4255 ο
2761 4201 3066 4267 benedicta,
3105 4216 3200 4270 per
3227 4216 3394 4272 quam

1839 4295 1906 4348 ab
1951 4293 2172 4360 antiqua
2216 4291 2562 4345 damnatione
2591 4290 2858 4360 redempti
2883 4307 3116 4356 sumus;
3177 4300 3231 4345 te
3265 4307 3394 4345 vero

1841 4384 2230 4451 beatillcamus,
2288 4397 2322 4436 ο
2379 4383 2562 4436 divina
2621 4380 2879 4438 felicitate
2926 4383 3392 4449 cumulatissima;

1767 4469 1999 4547 unam
2046 4478 2214 4529 solam
2279 4476 2467 4531 dilexit
2521 4475 2611 4530 ille
2653 4475 2748 4544 qui
2807 4482 2893 4530 est
2959 4476 3275 4531 benedlctus
3331 4487 3396 4529 ac

1837 4584 1898 4623 su
1907 4568 2296 4637 pergloriosus.

1907 4659 2154 4714 Fluvium
2199 4673 2490 4727 perennem
2519 4657 2677 4714 nobis
2706 4658 2940 4715 ell'undis
2979 4662 3389 4719 recurrentibus

1837 4751 1899 4804 ad
1937 4760 2006 4813 te,
2048 4765 2080 4803 ο
2126 4759 2310 4815 casta;
2342 4751 2500 4818 cujus
2537 4750 2757 4805 uberem
2796 4751 3024 4820 gratiam
3059 4752 3386 4817 delibantes,

1837 4847 2048 4907 parturn
2096 4847 2248 4890 tuum
2294 4838 2601 4902 laudamus,
2649 4854 2682 4892 ο
2726 4838 3166 4907 inviolatissima,
3203 4852 3256 4896 et
3295 4857 3391 4896 su-

1837 4928 2233 4997 perexaltamus
2269 4929 2319 4982 in
2354 4929 2538 4984 omnia
2564 4928 2782 4984 szecula.

1904 5020 2066 5074 Lucis
2116 5020 2490 5076 habitaculum
2542 5027 2727 5075 venter
2769 5027 2895 5079 tuus
2940 5019 3120 5076 factus
3154 5031 3256 5082 est,
3294 5037 3385 5090 per

1830 5126 1996 5180 quam
2025 5110 2276 5165 sedentes
2320 5112 2374 5164 in
2404 5109 2641 5167 tenebris
2671 5108 2925 5164 viderunt
2978 5111 3157 5164 lumen
3194 5129 3206 5164 :
3244 5114 3384 5163 unde

1832 5211 1884 5254 te
1915 5200 2220 5259 incessabili
2254 5215 2384 5254 voce
2402 5213 2614 5268 semper
2643 5199 2951 5259 laudamus.
2981 5216 3015 5254 ο
3052 5200 3139 5251 Dei
3177 5199 3378 5263 Mater;

1832 5296 1883 5341 et
1938 5303 2061 5340 cum
2121 5287 2316 5343 all‘ectu
2371 5303 2693 5344 veneramur
2754 5276 2806 5359 tie
2869 5305 3017 5358 spem
3071 5288 3378 5345 animarum

1837 5390 2171 5433 nostrarum.

1836 5485 1917 5539 Ex
1956 5486 2167 5542 Conone
2197 5487 2252 5538 in
2287 5488 2647 5558 odorationcm
2688 5492 2926 5558 pretiosae
2962 5496 3156 5539 catena:
3209 5491 3379 5544 sancti

2175 5569 2223 5611 et
2250 5557 2612 5627 gloriosissimi
2640 5557 2808 5623 Petri,
2841 5561 2921 5610 die
2939 5558 3022 5610 l6.

1899 5719 2139 5776 Framcae
2176 5719 2438 5776 universae
2477 5719 2653 5778 dolosi
2693 5720 2862 5779 hostis
2910 5719 3214 5776 defecerunt
3261 5737 3377 5780 om-
