3936 6304
547 245 679 313 1055

1619 255 1678 314 S.
1720 254 2025 321 JOSEPIII
2064 251 2612 314 HYMNOGRAPIII

3585 249 3726 310 1056

619 360 871 415 Mundum
919 360 1211 424 illuminas,
1259 375 1291 414 ο
1341 368 1648 430 purissima,
1704 366 1876 420 lucem
1909 366 2080 419 ell‘un-

2249 365 2502 428 Φωτίςεις
2540 364 2629 423 τὸν
2687 363 2907 432 κόσμον,
2937 361 3260 417 ἀνατείλασα
3300 364 3358 414 τδ
3418 361 3551 428 φῶς,
3587 379 3732 411 πεν-

541 447 696 508 dcns,
731 462 849 513 quae
887 456 1010 500 ante
1051 450 1246 501 saecula
1285 464 1349 503 ex
1389 450 1552 504 Patre
1585 467 1747 522 supra
1775 455 1969 508 mentis
1995 469 2085 507 ca-

544 544 710 602 ptum,
747 539 1071 590 coruscavit.
1109 538 1231 591 Ideo
1260 538 1433 593 clamo
1463 540 1527 592 ad
1561 549 1612 595 te
1648 560 1662 594 :
1704 542 1918 610 Expelle
1942 553 2087 597 tene-

544 629 665 676 bras
706 626 1134 679 tm‘hulcutarum
1199 626 1584 694 cogitationum
1617 644 1648 685 e
1679 633 1839 691 corde
1867 646 2008 697 meo,
2034 641 2094 686 ut

546 723 614 779 te,
646 731 679 770 o
709 722 887 782 casta,
913 716 1136 770 laudare
1168 719 1392 784 possim.

2184 455 2401 523 άμωμε,
2438 455 2495 507 τὸ
2524 454 2741 522 λάμψαν
2769 454 2871 522 πρὸ
2899 452 3106 505 αἰώνων
3135 454 3197 505 ἐκ
3225 453 3315 520 τος)
3347 453 3556 520 Πατρὸς
3585 453 3727 519 ὑπὲρ

2189 545 2329 596 νοῦν.
2360 545 2456 595 Διὰ
2483 543 2638 596 τοῦτό
2667 560 2748 595 σοι
2771 543 2898 612 βοῶο
2923 544 2996 593 Τὸ
3025 543 3214 604 σκότος
3241 542 3532 604 ἀπέλασον,
3565 542 3726 607 ἁγνὴ,

2189 634 2253 686 ὲκ
2281 635 2376 700 τῆς
2405 634 2541 702 ἐμῆς
2585 634 2804 704 καρδίας
2835 633 2940 692 τῶν
2977 633 3222 692 ἀτάκτων
3245 632 3544 701 λογισμῶν,
3582 632 3729 690 ὅπως

2192 725 2414 795 ἀνυμνῶ
2446 742 2526 781 σε.

1121 828 1275 914 (59”)
1302 829 1382 883 Ea:
1447 830 1658 887 Canone
1688 835 1740 886 in
1769 833 1868 888 SS.
1913 834 2215 902 Claudium,
2258 840 2519 892 Asterium
2544 850 2592 894 et
2632 839 2884 903 Neonem,
2938 841 3022 894 die
3039 840 3130 895 26.

611 930 1118 1010 lnetl'abili‘prorsus
1148 944 1307 998 modo
1338 943 1573 999 Verbum
1598 949 1915 1003 continuisti
1944 951 2096 1004 simi-

545 1033 593 1084 lc
626 1032 780 1086 nobis
805 1032 1002 1088 factum
1028 1045 1536 1102 proptersummam
1561 1037 1850 1090 bonitatem
1875 1054 1888 1102 ;
1933 1048 2094 1108 atque

545 1121 674 1174 illud
712 1120 852 1176 idem
885 1123 937 1174 in
973 1122 1185 1176 duabus
1215 1124 1604 1188 voluntatibus,
1637 1134 1800 1194 atque
1835 1142 1940 1184 una
1975 1140 2090 1196 per-

546 1225 678 1264 sona
698 1215 836 1264 'vere
867 1212 1120 1280 peperisti
1148 1231 1160 1266 :
1189 1223 1475 1282 prepterea
1505 1225 1557 1269 te
1600 1215 1691 1270 Dei
1735 1216 1957 1271 Matrem
1990 1218 2088 1271 im-

545 1299 870 1355 maculatam
911 1310 1074 1369 atque
1121 1303 1454 1369 inviolatam,
1484 1320 1516 1359 o
1544 1305 1726 1377 Virgo,
1770 1309 2088 1376 pronuntia-

547 1405 689 1445 mus.

615 1481 723 1550 58
763 1481 1028 1552 llymnum
1073 1483 1123 1535 in
1168 1484 1463 1551 gratiarum
1508 1487 1772 1539 actionem
1804 1489 1900 1540 tibi
1934 1488 2090 1544 offert

548 1585 718 1638 genus
760 1573 1076 1635 humanum,
1113 1576 1254 1642 quod
1281 1591 1398 1644 -per
1423 1584 1473 1630 te
1513 1576 1966 1632 inmortalitatem
1997 1595 2085 1634 ac—

549 1663 688 1728 ccpit
709 1662 761 1715 in
795 1671 1018 1717 sortem.

2195 964 2321 1009 cant
2355 963 2426 1018 te,
2461 963 2520 1008 ut
2576 955 2800 1022 gloriam
2831 965 2884 1007 et
2925 954 3095 1008 lucem
3135 961 3543 1021 consequantur
3568 962 3723 1006 aeter-

2191 1058 2338 1105 nam,
2379 1058 2411 1096 ο
2455 1044 2616 1114 Virgo
2655 1043 3178 1108 immaculatissima,
3211 1060 3332 1114 qua:
3360 1059 3418 1098 es
3461 1044 3725 1096 auxilium

2189 1131 2447 1187 ﬁdelium.
3169 1167 3172 1170 «
3328 1152 3336 1156 -

2257 1222 2512 1277 Stabilem
2537 1238 2622 1278 me
2663 1223 2768 1288 fac,
2800 1238 2834 1277 ο
2880 1222 3067 1292 Virgo,
3098 1221 3592 1279 intercessionibus
3618 1220 3726 1274 tuis

2132 1376 2138 1387 ι
2189 1311 2243 1364 in
2283 1320 2432 1380 petra
2493 1311 2599 1381 59
2648 1312 2928 1376 veritatis;
2965 1323 3019 1366 et
3075 1327 3104 1366 a
3165 1313 3469 1367 seductoris
3519 1311 3729 1363 insidiis

2191 1402 2520 1470 supplantari
2552 1417 2825 1470 nunquam
2851 1403 2999 1457 sinas
3030 1417 3137 1468 me,
3172 1416 3207 1457 ο
3237 1401 3346 1457 Deo
3376 1400 3724 1463 charissima,

2192 1500 2251 1544 ut
2281 1502 2330 1546 te
2352 1507 2473 1546 cum
2499 1493 2602 1546 ﬁde
2626 1494 2835 1546 beatam
2865 1491 3146 1561 appellem.

2260 1578 2536 1647 Tanquam
2568 1578 2980 1648 ‘propitiatorio,
3013 1586 3264 1649 tanquam
3320 1576 3550 1632 ferventi
3583 1579 3725 1646 apud

2193 1668 2358 1724 Deum
2417 1670 2718 1738 patrocinio
2774 1668 3080 1737 locupletati
3131 1683 3324 1723 sumus
3367 1678 3417 1721 te
3456 1683 3556 1722 nos
3589 1669 3728 1722 servi

534 1783 542 1789 -
624 1750 846 1804 Domina
879 1765 907 1804 a
935 1754 1167 1807 maritali
1221 1763 1338 1808 toro
1384 1756 1658 1819 immunis,
1693 1773 1811 1824 quas
1856 1759 2086 1814 Verbum
2117 1774 2162 1832 Β
2193 1761 2292 1824 tui,
2322 1775 2356 1814 ο
2381 1760 2632 1814 inviolata
2660 1759 2727 1814 ab
2755 1759 2904 1814 omni
2935 1760 3053 1814 labe
3087 1758 3343 1812 immunis
3380 1776 3394 1811 :
3429 1758 3597 1812 libera
3629 1773 3728 1812 nos

551 1839 888 1895 incarnatum
920 1844 1196 1911 peperisti,
1251 1845 1492 1898 illumina
1535 1847 1771 1900 animam
1816 1859 2012 1916 meam;
2040 1859 2093 1904 et

550 1947 582 1985 a
619 1934 860 2001 gehenna
888 1950 949 1988 ac
972 1936 1236 2003 supplicio
1263 1937 1429 1990 libera
1453 1953 1557 1992 me.
1900 1928 1905 1933 ’

615 2021 694 2075 Ne
713 2037 892 2078 cesses
920 2025 1125 2093 eripere
1148 2041 1234 2080 me
1256 2041 1283 2079 ιι
1312 2028 1641 2095 captivitate,
1669 2037 1718 2083 et
1748 2045 1777 2083 a
1809 2030 2091 2087 mortifera

549 2117 890 2178 tempestate,
919 2127 1039 2182 qum
1070 2116 1265 2183 premit
1305 2132 1389 2170 me
1444 2117 1699 2186 undique,
1744 2130 1798 2173 et
1823 2135 1853 2174 a
1893 2123 2093 2191 gravis-

551 2200 704 2254 simis
733 2202 1099 2271 passionibus,
1141 2220 1261 2272 quae
1306 2220 1390 2259 me
1423 2207 1487 2260 ad
1535 2218 1758 2262 mortem
1787 2210 2024 2278 adigunt,
2061 2225 2094 2266 0

496 2291 729 2369 _puella
800 2294 1177 2359 sanctissima,
1255 2306 1594 2364 peccatorum
1643 2300 1974 2368 praesidium,
2031 2315 2096 2356 ac

551 2391 858 2449 promptum
891 2382 1169 2438 hominum
1202 2386 1482 2440 auxilium.

625 2469 848 2524 Uterum
871 2483 1018 2526 tuum
1044 2476 1298 2530 Dominus
1327 2477 1626 2547 ingressus,
1654 2489 1909 2548 tauquam
1933 2495 2096 2549 spon-

556 2575 649 2614 sus
681 2562 1182 2629 pulcherrimus,ab
1220 2567 1407 2620 eodem
1461 2570 1945 2636 supernaturaliter
1976 2585 2096 2638 pro-

556 2653 736 2714 cessit,
769 2660 928 2721 atque
967 2655 1216 2710 homines
1264 2655 1666 2712 immortalitate
1708 2659 2000 2724 decoravit,
2033 2674 2096 2713 ac

555 2743 783 2796 salvavit
810 2757 924 2808 eos,
957 2745 1050 2813 qui
1090 2755 1140 2799 te
1163 2761 1340 2800 veram
1375 2747 1654 2815 Deiparam
1685 2757 1890 2802 castam
1929 2754 2096 2818 agno-

555 2842 732 2886 scunt.

625 2920 734 2973 Lux
767 2939 830 2977 ex
874 2933 1027 2979 utero
1053 2934 1144 2978 tuo
1185 2937 1399 2990 exorta,
1439 2935 1705 2982 terrarum
1751 2929 1935 2984 orbem
1970 2929 2094 2982 illu-

557 3012 802 3078 minavit,
850 3030 881 3067 ο
917 3013 1107 3084 Virgo,
1158 3033 1221 3071 ac
1259 3019 1560 3072 dreumnum
1617 3020 1905 3085 nebulam,
1935 3029 2095 3091 atque

2193 1853 2260 1905 ab
2294 1853 2508 1906 attentis
2536 1852 2841 1914 tormentis,
2870 1850 2998 1904 dum
3030 1858 3152 1903 tuas
3180 1849 3369 1902 laudes
3395 1857 3705 1901 cantamus.

2259 1937 2572 1994 lncarnatus
2620 1947 2703 1994 est
2755 1938 2890 1991 citra
2936 1937 3288 1990 mutationem
3347 1936 3606 1989 Dominus
3663 1951 3726 1988 ex

2193 2030 2358 2082 castis
2391 2029 2742 2098 sanguinibus
2795 2027 2922 2092 tuis,
2962 2041 2995 2081 o
3031 2023 3188 2093 Virgo
3217 2034 3325 2079 tota
3356 2041 3510 2094 pura,
3567 2035 3730 2092 atque

2192 2133 2380 2172 omnes
2404 2134 2502 2173 nos
2530 2133 2774 2173 errorum
2803 2117 3008 2186 laqueis
3034 2118 3344 2188 implicitos,
3377 2117 3443 2169 ad
3484 2115 3726 2168 divinam

2194 2210 2356 2264 vitam
2379 2215 2591 2273 revoca,
2614 2209 2744 2263 dum
2775 2209 3077 2274 laudamus,
3100 2223 3132 2264 ο
3155 2206 3301 2262 omni
3337 2204 3497 2260 laude
3521 2205 3729 2274 dignis-

2195 2301 2352 2354 sima.

2265 2390 2467 2447 Divina:
2504 2389 2937 2460 compunctionis
2990 2388 3192 2447 imbres
3221 2387 3367 2444 stilla
3417 2402 3579 2455 super
3618 2401 3726 2451 me,

2194 2481 2495 2539 castissima
2525 2481 2770 2546 Domina,
2804 2489 2863 2534 ut
2904 2482 3134 2551 lugeam,
3191 2489 3355 2548 atque
3394 2477 3609 2531 abluam
3642 2493 3728 2530 me

2195 2577 2367 2624 totum
2411 2585 2440 2625 a
2475 2570 2724 2624 sordibus
2764 2570 3150 2625 immensorum
3199 2575 3540 2638 peccatorum
3577 2581 3727 2620 meo-

2195 2676 2334 2714 rum.
3605 2683 3608 2685 ‘
3672 2725 3682 2734 _

2263 2748 2473 2802 Peccati
2503 2741 2702 2815 gladio'
2734 2747 3006 2801 sauciatus
3060 2759 3125 2800 ac
3181 2744 3444 2813 deiectus,
3483 2752 3730 2797 mortuus

2195 2853 2337 2893 sum.
2377 2836 2457 2891 Tu
2491 2821 2610 2904 qua:
2663 2835 2919 2906 peperisti
2967 2834 3264 2890 Christum.
3303 2834 3396 2904 qui
3423 2842 3596 2887 morte
3626 2848 3726 2888 sua

2196 2927 2416 2980 sustulit
2446 2935 2694 2988 mortem,
2740 2925 2952 2978 vivitico
2999 2923 3294 2991 patrocinio
3339 2932 3456 2983 tuo.
3490 2923 3607 2976 vita
3643 2936 3731 2974 re-

2198 3016 2362 3070 stitue
2387 3021 2494 3081 me,‘
2521 3024 2577 3069 et
2608 3014 2792 3068 saluti.

557 3103 872 3169 ignorantiae
925 3091 1174 3162 tenebras
1207 3110 1562 3179 undequaque
1591 3111 1807 3180 penitus
1843 3088 2096 3165 elimina-
2121 3108 2165 3167 (Ξ
2266 3088 2656 3160 τδειοτθιὶδθίηιάι
2685 3105 3066 3172 prophetarum
3097 3100 3291 3171 lingua“:
3311 3102 3734 3170 praenuntiantes

557 3193 655 3249 vit.
685 3192 840 3247 Jesus
871 3195 1007 3248 lucis
1030 3198 1205 3250 dator.

626 3281 873 3336 Animam
918 3298 1091 3337 meam
1143 3288 1453 3352 passionum
1515 3289 1706 3342 morbo
1762 3298 2092 3358 peremptam

557 3369 680 3422 vitae
727 3372 970 3436 restitue,
1016 3388 1050 3427 ο
1094 3374 1394 3440 benedicta,
1450 3393 1572 3446 quae
1619 3381 1780 3432 vitam
1839 3381 2094 3448 peperisti

557 3458 794 3510 Omnium
829 3460 1131 3527 Dominum,
1170 3465 1255 3517 cui
1280 3464 1614 3520 modulantes
1633 3467 1902 3521 canimus.

628 3544 672 3598 Ο
703 3547 880 3600 divina
915 3551 1082 3618 gratia
1139 3551 1471 3619 plenissima,
1526 3569 1642 3622 quae
1675 3555 1819 3608 velut
1864 3555 2094 3624 forceps,

561 3636 830 3690 caelestem
876 3641 1160 3694 carbonem
1201 3643 1342 3696 ulnis
1368 3644 1476 3697 tuis
1516 3635 1706 3709 tulisti,
1748 3647 1939 3698 animae
1970 3662 2100 3700 mea:

561 3741 754 3794 pravas
784 3729 1090 3785 allectioues
1121 3747 1306 3798 exure,
1335 3744 1388 3787 et
1413 3735 1479 3787 ab
1507 3735 1626 3803 igne
1651 3735 1926 3788 tremendo
1956 3738 2104 3804 eripe

559 3827 609 3869 et
637 3818 780 3872 salva
821 3835 923 3883 me,
953 3831 1010 3874 ut
1050 3833 1097 3874 te
1143 3824 1444 3891 gloriﬁcare
1498 3827 1721 3893 possim,
1780 3841 1810 3878 ο
1863 3826 2099 3879 fidelium

563 3910 727 3962 tutela
757 3926 819 3966 ac
859 3916 1138 3979 protectio,
1169 3914 1285 3983 quae
1319 3931 1425 3969 non
1457 3916 1806 3970 confunditur
1854 3933 1953 3970 nec
1979 3933 2104 3970 eru-

562 3998 755 4055 bescit.

566 4088 647 4140 Ex
675 4090 881 4144 Conone
928 4094 981 4145 in
1015 4093 1071 4148 S.
1118 4093 1372 4149 Joannem
1413 4098 1854 4166 Chrysoatomum,
1896 4098 1980 4150 die
2007 4095 2096 4149 27.

631 4177 674 4233 Ο
703 4181 977 4237 benedicta
1011 4194 1062 4238 et
1095 4187 1346 4254 gloriosa,
1376 4191 1609 4243 concede
1638 4189 1704 4244 iis
1747 4185 1856 4256 qui
1895 4186 2097 4257 gloriﬁ-

891 4298 999 4367 60
1023 4297 1268 4352 MENSlS
1318 4297 1774 4353 FEBRUARIUS.

569 4423 646 4477 Ex
667 4424 945 4480 Canoncin
985 4427 1042 4480 S.
1087 4426 1376 4480 Simeonem
1415 4425 1794 4491 Tlieodochum,
1827 4443 1917 4479 seu
1972 4424 2098 4478 Dei-

1143 4496 1331 4563 ferum,
1360 4498 1443 4549 die
1471 4498 1523 4551 5.

633 4608 724 4660 lllc
753 4609 843 4676 qui
893 4607 1080 4674 plenus
1133 4617 1249 4660 crat
1287 4617 1618 4675 evacuatur;
1674 4609 1762 4676 qui
1819 4614 1933 4661 erat
1981 4618 2103 4660 ante

565 4701 780 4762 smcula,
841 4700 1030 4766 incipit
1081 4714 1232 4762 esse;
1267 4700 1500 4752 Verbum
1541 4701 1598 4752 tit
1634 4699 1928 4766 palpabile;
1985 4699 2096 4765 pla—

566 4802 768 4843 smntor
798 4781 1128 4856 plasm‘atur;
1165 4788 1722 4856 incomprehensibilis
1747 4788 2100 4854 comprehen-

564 4883 710 4934 ditur
739 4882 788 4932 in
823 4891 974 4932 utero
1002 4889 1092 4933 tuo
1131 4889 1470 4945 corporatus,
1507 4879 1613 4931 Deo
1637 4893 1668 4931 o
1693 4878 2042 4930 charissima.

641 4970 738 5022 Ubi
769 4957 1155 5022 Simeou'vidit
1201 4978 1250 5021 te
1300 4968 1636 5034 Spiritualem
1679 4966 1960 5030 forcipem,
2026 4963 2104 5014 fe-

565 5071 770 5112 rentem
826 5060 1063 5112 divinum
1109 5060 1255 5112 illum
1297 5060 1609 5118 carbonem,
1640 5054 1731 5124 qui
1780 5071 1842 5107 ex
1879 5054 2098 5120 sangui-

570 5146 729 5197 nibns
760 5147 863 5199 tuis
895 5162 1092 5213 corpus
1125 5142 1330 5211 accepit
1354 5145 1717 5208 incll‘abiliter,
1751 5157 1872 5195 cum
1907 5142 2103 5208 gaudio

570 5247 621 5289 te
656 5237 988 5298 bealilicavit,
1013 5257 1044 5291 ο
1085 5238 1396 5305 purissima.

640 5327 741 5391 Qui
779 5343 934 5379 manu
972 5327 1071 5379 icit
1100 5327 1370 5385 universa,
1405 5325 1452 5375 in
1481 5340 1639 5375 manu
1671 5331 1940 5390 perpetuae
1987 5321 2104 5374 Vir-

573 5419 712 5487 ginis
752 5429 1009 5487 gestatus,
1065 5416 1191 5467 fecit
1244 5417 1482 5468 eamdem
1534 5416 1662 5482 ipsis
1712 5415 1990 5469 cherubim
2044 5430 2106 5467 ac

2201 3202 2528 3251 vocaverunt
2562 3201 2613 3245 te
2639 3203 2869 3245 montem
2905 3191 3174 3259 pinguem,
3201 3204 3234 3243 ο
3267 3189 3440 3256 puella
3470 3189 3734 3242 immacu-

2200 3279 2464 3335 latissima
2523 3290 2576 3335 et
2618 3279 2955 3345 castissima;
2983 3288 3192 3347 portam
3228 3277 3569 3331 ineﬂ'abiliter
3607 3278 3736 3332 οσσ-

2199 3381 2407 3425 rentem
2450 3372 2619 3426 solem
2673 3370 2912 3440 justitiaa,
2965 3369 3057 3438 qui
3108 3370 3270 3423 corda
3321 3377 3506 3424 nostra
3538 3369 3735 3422 divinis

2201 3461 2580 3531 splendoribus
2629 3461 2917 3525 illuminat,
2970 3458 3100 3512 dum
3159 3458 3500 3526 clamamus;
3550 3457 3735 3511 Domi-

2203 3566 2351 3613 num,
2381 3558 2487 3604 etc.
3331 3561 3341 3572 “
3372 3555 3378 3559 ’

2185 3635 2318 3692 ’ἓλΑ
2379 3637 2880 3692 formidolosissima
2948 3635 3265 3690 necessitate
3327 3635 3491 3688 libera
3554 3651 3661 3695 me,
3705 3650 3738 3688 ο

2202 3730 2364 3802 Virgo
2389 3740 2556 3794 casta,
2592 3743 2714 3782 cum
2752 3735 2961 3795 tempus
2984 3727 3176 3788 aderit,
3204 3739 3310 3793 quo
3333 3725 3500 3780 Filius
3537 3741 3600 3779 ac
3630 3725 3736 3778 Do-

2200 3825 2376 3875 minus
2406 3831 2531 3874 tuus
2564 3819 2758 3882 veniet,
2796 3832 2923 3870 vero
2967 3816 3170 3883 judicio
3203 3827 3396 3870 cuncta
3437 3816 3720 3870 discussu-

2199 3929 2313 3975 rus,
2341 3921 2500 3979 atque
2521 3911 2806 3977 unicuique
2829 3923 2924 3976 pro
2948 3909 3137 3960 merito
3175 3907 3392 3971 prmmia
3439 3907 3520 3958 vel
3550 3921 3740 3973 pmnas

2204 4016 2552 4073 repensurus,
2589 3999 2889 4052 astantibus
2938 4011 3059 4049 cum
3093 4005 3322 4049 tremore
3345 3994 3614 4049 universis
3646 4011 3738 4047 su-

2206 4092 2356 4162 perni
2383 4091 2654 4146 exercitus
2682 4087 2984 4142 ordinibus.

2625 4283 2779 4337 MHN
2845 4281 3323 4336 ΦΕΒΡΟΥΑΡΙΟΣ.

2207 4417 2304 4468 Ἐκ
2327 4413 2429 4467 τοῦ
2455 4412 2716 4474 Κανόνος
2751 4413 2835 4474 εὶς
2869 4410 2972 4463 τὸν
3007 4410 3174 4477 ἄτιον
3205 4409 3445 4476 Συμεὼν
3466 4409 3571 4462 τὸν
3601 4411 3738 4462 Θεο-

2717 4481 2921 4547 δόχον.
2966 4481 3169 4546 Ἡμέρᾳ
3194 4477 3261 4546 τ’.

2280 4595 2336 4646 '0
2368 4594 2576 4661 πλήρης
2623 4593 2937 4652 κεκένωται,
2979 4591 3011 4641 ὁ
3057 4588 3376 4656 προαιὼνιος
3424 4588 3671 4656 ἄρχεται,
3715 4589 3745 4639 ὁ

2200 4688 2366 4753 Λόγος
2399 4683 2713 4752 παχύνεται,
2742 4683 2769 4731 ὁ
2795 4682 3035 4747 πλάστης
3065 4681 3372 4737 πλάττεται.
3405 4681 3432 4729 ὁ
3461 4677 3743 4745 ἁχώρτδτος

2204 4778 2457 4845 χωρεῖται
2493 4775 2551 4825 ἐν
2589 4772 2763 4840 κοιλίᾳ
2803 4775 2868 4839 τῇ
2912 4773 2976 4839 σῇ
3012 4769 3445 4838 σωματούμενος,
3477 4767 3742 4835 Sauppi-

2206 4884 2363 4920 τωτε.
2711 4863 2713 4866 ’

2277 4959 2490 5025 Νοητὴν
2533 4958 2723 5011 lati-28:.
2761 4973 2818 5006 σε
2854 4953 3096 5021 ἄνθρακα
3129 4952 3395 5020 φέρουσαν
3440 4950 3600 5010 Θεῖον,
3653 4948 3748 4998 τὸν

2211 5048 2273 5100 ἐκ
2300 5049 2406 5098 τῶν
2457 5050 2562 5099 σῶν
2604 5047 2845 5113 αἱμάτων
2881 5041 3276 5110 σωματωθὲντα
3332 5040 3472 5107 ὑπὲρ
3533 5038 3679 5100 νοῦν,
3715 5039 3746 5088 ὁ

2205 5140 2425 5209 Συμεὼν
2455 5142 2527 5202 ὡς
2556 5124 2762 5205 ἒϐλεψεέ
2789 5136 3114 5203 πινὰμωμε.
3150 5132 3351 5201 χαίρων
3380 5131 3744 5198 ἐμακάριζεν.

2284 5322 2338 5371 ’0
2364 5319 2502 5386 χειρὶ
2532 5317 2599 5368 τὰ
2625 5316 2800 5369 πάντα
2842 5314 3018 5380 φέρων
3055 5313 3113 5363 ὲν
3144 5310 3296 5378 χερσὶ
3342 5307 3746 5376 βασταζόμενος

2204 5412 2298 5475 τῆς
2339 5407 2739 5475 Ἀειπαρϐἐνου,
2793 5403 2992 5471 ταύτην
3025 5399 3285 5469 χερουϐὶμ
3339 5401 3738 5469 ἀπειργάσατο,

646 5587 795 5654 (30")
832 5587 869 5637 ll
899 5591 1000 5652 :jns
1023 5565 1256 5638 (lunonis
1285 5602 1340 5639 ac
1369 5603 1392 5639 δ
1417 5584 1639 5652 queritis
1669 5586 1884 5637 GIJILU‘J
1919 5592 2092 5642 textus
2123 5579 2456 5634 desideratur
2491 5577 2540 5630 in
2569 5575 2782 5630 Menaeis
2808 5570 3099 5642 impressis.
