3936 6304
187 356 325 420 1037

1566 343 1927 409 MARIALE.

3254 340 3388 404 1058

188 473 283 525 καὶ
322 469 565 541 σεραφὶμ
604 468 878 539 ἁνωτέραν
903 467 979 532 ὡς
1026 467 1348 538 γεννήτριαν
1391 464 1457 535 ἢν
1488 464 1738 534 ὑμνήσω-

1851 463 2118 533 seraphim
2153 463 2553 524 sublimiorem,
2580 470 2833 530 tanquam
2859 458 3175 530 genitricem
3211 468 3386 519 suam,

189 582 314 633 μεν,
351 563 444 616 καὶ
474 561 711 624 εὐσεϐῶς
744 561 1151 632 μακαρίσωμεν.

258 649 352 718 Μὴ
377 650 575 717 φλέξας
601 650 707 721 ,τὴν
740 650 954 719 μήτραν
987 665 1079 700 σου
1111 651 1141 701 6
1169 646 1327 717 φύσει
1360 643 1734 708 ἀναλλοίωτος,

191 741 482 808 ἄνθρωπος
521 740 674 810 ὤφθη
717 741 781 792 ὲκ
829 738 918 791 σοῦ
949 739 1279 806 τικτόμενος,
1326 737 1417 789 καὶ
1464 736 1587 798 τοὺς
1633 734 1738 786 ἀπ-

109 861 128 876 ο
185 829 466 894 ωσθέντας
502 833 568 900 τῇ
621 830 797 901 φθορᾷ
847 830 1052 892 πάντας
1081 826 1407 891 ἀνεσώσατο,
1459 823 1736 894 Θεομῆτορ

187 919 524 990 πανὰμωμε.

261 1010 537 1081 Θηρεῦσαί
567 1026 637 1080 με
679 1008 800 1062 καθ’
829 1008 1066 1078 ἑκάστην
1098 1006 1262 1078 ’ζητεῖ
1289 1007 1317 1058 6
1355 1005 1734 1075 παμπόνηρος,

188 1102 308 1156 ἀλλ’
340 1100 503 1154 αὑτοῦ
540 1113 608 1170 με
659 1099 767 1153 τῶν
805 1099 1046 1167 παγίδων
1090 1099 1412 1169 ὲξόρπασον,
1451 1095 1734 1156 Δέσποινα,

188 1192 288 1244 καὶ
314 1193 381 1260 τῇ
419 1190 537 1261 θεία
580 1190 755 1261 σκέπῃ
810 1189 916 1255 τῶν
959 1189 1242 1258 πτερύγιον
1300 1203 1392 1240 σου
1440 1186 1576 1238 σῶον
1614 1200 1736 1236 συν-

186 1283 451 1353 τήρησον.

261 1394 338 1446 Οὺ
371 1393 613 1455 κενώσας
634 1393 662 1445 6
692 1391 1058 1462 πληρέστατος
1105 1391 1196 1444 τδν
1223 1390 1489 1460 ἄχραντον
1534 1387 1736 1441 κόλπον

186 1483 285 1536 τοῦ
320 1483 516 1550 φύντος
545 1483 776 1552 Πατρός,
813 1482 905 1535 σοῦ
951 1484 1008 1534 ἐν
1037 1485 1150 1545 τοῖς
1194 1482 1435 1544 κόλποις,
1468 1476 1626 1547 ἁγνὴ,
1661 1477 1736 1538 ὡς

192 1573 394 1643 βρέφος
472 1571 777 1635 καθέζεται,
842 1571 1262 1641 ὲτοιμαζόμενος
1324 1565 1405 1631 οἷς
1471 1568 1735 1638 ἠθέλησεν

187 1665 545 1735 ὁμοιωθῆναι,
574 1665 832 1734 ἄχραντε,
868 1663 1019 1733 ἱερὰν
1041 1663 1226 1731 σαφῶς
1256 1661 1542 1730 καθέδραν.

276 1861 366 1924 Ὠς
396 1863 599 1931 κρίνον,
629 1861 705 1922 ὠς
731 1859 962 1932 εῦοσμόν
987 1879 1045 1915 σε
1069 1847 1240 1932 ῥόδον,
1271 1861 1344 1924 ὡς
1373 1860 1512 1914 θεῖον
1531 1859 1737 1928 όσφρά-

189 1954 307 2004 διον
329 1954 585 2023 ὲδρέψατο
604 1954 775 2020 Λόγος
799 1953 827 2005 6
861 1952 1144 2022 ύπέρθεος,
1174 1954 1412 2019 πάναγνε
1437 1950 1737 2020 Θεόνυμφε,

193 2045 291 2096 καί
325 2061 416 2095 σου
465 2043 564 2112 τὴν
602 2045 825 2113 ’μήτραν
861 2042 1078 2111 ᾤκησεν
1124 2041 1428 2106 εὐωδιάζων
1455 2041 1610 2110 ἡμῶν
1644 2039 1741 2109 τὴν

195 2134 364 2202 φύσιν
431 2133 692 2196 δυσωδίας
747 2133 1099 2202 πλησθεῖσαν,
1159 2134 1258 2204 τὴν
1314 2132 1373 2199 ἐξ
1426 2130 1738 2202 ρμαρτίας,

193 2226 385 2292 Μαρία
411 2225 657 2278 Θεοτόκε.

266 2337 530 2388 Φανεῖσαν
576 2335 804 2405 Μητέρα
856 2353 914 2388 σε
949 2334 1083 2388 Θεοῦ
1111 2336 1186 2398 ὡς
1226 2335 1433 2404 ἔϐλεψε,
1489 2333 1738 2397 Θεοτόκε,

191 2424 222 2473 6
256 2421 645 2496 πρεσὸύτατος,
696 2422 894 2490 ἔφησεν
942 2417 1138 2492 οἷάπερ
1189 2423 1488 2491 προφήτηςο
1533 2419 1660 2472 Ἰδοὺ
1715 2423 1743 2472 ό

197 2511 294 2572 σὸς
338 2509 460 2571 Υίὸς
503 2511 583 2573 είς
633 2510 926 2564 ἀνάστασιν
983 2511 1075 2563 καὶ
1130 2510 1334 2562 πτῶσιν
1379 2509 1484 2560 τῶν
1533 2507 1742 2561 πολλῶν

195 2601 400 2664 κεῖται,
431 2601 716 2666 Δέσποινα,
743 2601 839 2655 καὶ
859 2602 939 2664 εις
972 2602 1195 2671 σημεῖον
1225 2601 1672 2669 δυσερμήνευτον.

226 2820 314 2871 ιἰι
337 2817 440 2871 τοῦ
459 2820 720 2883 Κανόνος
740 2821 825 2884 εἷς
845 2819 945 2872 τὸν
973 2819 1142 2873 ὅσιον
1161 2819 1490 2882 Βουκόλον,
1510 2817 1744 2872 ἐπίσκο-

579 2902 696 2940 πον
733 2889 1026 2956 Σμύρνης.
1059 2889 1244 2957 ἡμέρᾳ
1274 2885 1346 2951 ς’.

282 3040 340 3091 ’0
373 3039 446 3108 τῷ
470 3039 639 3108 [Ia-cpt
685 3040 1041 3108 συνυπάρχων
1088 3023 1395 3106 Μονογενὴς
1426 3037 1564 3104 ὑπὲρ
1592 3034 1740 3099 νοῦν,

167 3106 259 3183 ’ἐν
291 3105 468 3200 μήτρᾳ
497 3105 596 3182 σου
634 3105 1308 3198 σαρκωθεὶῄςηθεοπρεπῶς,
1353 3105 1476 3189 τοὺς
1521 3127 1742 3195 βροτοὺς
1770 3105 1813 3173 c

197 3222 450 3289 ὲθέωσεν,
476 3222 631 3291 ἁγνὴ,
663 3222 748 3274 διὰ
773 3220 972 3291 πλῆθος
999 3220 1291 3290 οἰκτιρμῶν
1323 3221 1350 3272 6
1377 3217 1736 3289 ὑπεράγαθος.

268 3495 446 3565 Διμὴν
478 3495 632 3563 γενοῦ
659 3513 771 3564 μοι,
798 3493 887 3548 καὶ
909 3495 1160 3565 φρουρὸς,
1193 3496 1308 3556 ταῖς
1335 3493 1529 3557 δειναῖς
1556 3510 1742 3563 τρικυ-

200 3583 357 3655 piat;
404 3583 511 3636 τῶν
564 3583 747 3636 παθῶν
790 3583 1080 3645 ἁνενδότως
1125 3583 1502 3652 χειμαζομένῳ
1561 3583 1649 3636 ἀεὶ
1680 3583 1738 3634 ἐν

197 3676 464 3744 θαλάσσῃ,
493 3673 653 3743 ἁγνὴ,
689 3677 755 3744 τῇ
786 3674 881 3726 τοῦ
913 3673 1048 3742 βίου,
1075 3673 1208 3742 μόνη
1232 3674 1317 3725 ἀεὶ
1347 3673 1600 3744 παρθένε.

274 3765 535 3827 Γνωστῶς
563 3765 620 3816 ιν
651 3763 796 3835 βάτῳ
853 3779 912 3816 σε
951 3765 1152 3832 Μωσῆς
1180 3763 1423 3825 ἑώρακεν
1467 3763 1740 3834 ίερῶςτυ-

198 3855 497 3925 πουμένην,
530 3853 627 3924 τὴν
657 3857 747 3907 τοῦ
774 3855 941 3923 πυρὸς
967 3854 1260 3923 μέλλουσαν
1285 3854 1596 3924 λοχεύτριαν
1622 3855 1743 3906 ἀνα-
1781 3887 1785 3896 ι

201 3946 436 4014 φανῆναι
469 3945 764 4014 μυστικῶς,
792 3944 1016 3996 Θεοτόκε
1047 3944 1131 3996 ἀεὶ
1167 3945 1422 4013 παρθένε.

271 4035 485 4101 Νόμους
510 4035 604 4103 τῆς
627 4036 838 4102 φύσεως
879 4033 1083 4102 Ἰησοῦς
1112 4035 1140 4085 6
1167 4033 1588 4104 πανυπερούσιος
1612 4033 1743 4097 Θεδς

201 4124 532 4191 καινοτομεῖ,
562 4121 955 4191 παναμώμητε,
987 4122 1080 4173 σοῦ
1106 4123 1170 4174 ὲκ
1211 4123 1306 4190 τῆς
1334 4123 1524 4191 νηδύος
1557 4125 1742 4175 ἀποτι-

207 4212 470 4281 κτόμενος
497 4214 526 4264 6
556 4212 714 4282 μόνος
761 4213 1024 4275 ούσιώσας
1055 4222 1114 4265 το
1139 4213 1246 4267 πᾶν
1288 4213 1602 4284 βουλήματι.

288 4364 353 4440 Ἥ
403 4387 546 4457 πύλη
593 4389 690 4458 τῆς
720 4388 937 4458 χάριτος
991 4389 1025 4458 ἡ
1073 4388 1326 4456 ἀνοίξασα
1389 4392 1598 4461 βροτοῖς
1647 4354 1743 4464 τὴν

1762 1785 1810 1846 Β

1839 570 2002 624 quam
2039 555 2344 618 laudemus,
2373 564 2425 608 et
2453 557 2647 608 devote
2679 552 3070 606 beatiﬁcentns.

1909 644 2005 698 ille
2035 644 2127 713 qui
2161 654 2354 698 natura
2409 653 2492 697 est
2530 643 2904 707 immutabilis,
2939 641 3186 711 apparuit
3225 639 3388 692 homo

1839 742 2000 787 natus
2033 748 2094 787 ex
2126 743 2197 796 te,
2232 747 2332 786 nec
2376 743 2555 785 tamen
2591 743 2804 785 uterutn
2847 741 2996 784 tuum
3057 730 3382 789 combussit,

1838 836 2135 891 omnesque
2189 837 2220 875 a
2271 821 2620 891 corruptione
2660 832 2873 890 ereptos
2895 819 3164 883 liberavit,
3208 834 3242 873 ο
3290 817 3384 871 Dei

1836 912 2004 968 Mater
2039 912 2352 982 purissima.

1907 1005 2182 1060 Pessimus
2220 1002 2391 1057 hostis
2425 1001 2669 1072 qudtidic
2701 1015 2784 1054 me
2833 994 3024 1054 veneri
3065 998 3282 1064 studet;
3333 1007 3386 1053 at

1837 1106 1894 1152 tu
1925 1097 1994 1150 ab
2047 1091 2167 1166 eIus
2214 1092 2424 1162 laqueis
2455 1095 2754 1163 eripemc.
2808 1089 3067 1154 Domina,
3121 1097 3176 1143 et
3205 1087 3383 1142 divina

1837 1187 2167 1256 protectione
2196 1183 2402 1238 alarum
2445 1191 2659 1237 tuarum
2684 1182 2889 1236 salvum
2918 1193 3179 1235 conserva
3205 1193 3310 1234 me.

1905 1391 2000 1446 llle
2031 1391 2120 1460 qui
2150 1399 2264 1445 erat
2291 1390 2660 1459 plenissimus.
2691 1402 2801 1443 non
2829 1386 3099 1442 evacuans
3121 1385 3386 1440 immacu-

1836 1480 2002 1534 latum
2031 1480 2209 1534 sinum
2240 1479 2433 1540 Patris,
2465 1495 2494 1533 a
2522 1493 2630 1548 quo
2668 1488 2828 1533 natus
2851 1485 2990 1544 erat,
3029 1477 3083 1530 in
3117 1476 3236 1531 sinu
3267 1484 3382 1542 tuo,

1836 1585 1868 1624 ο
1901 1580 2049 1624 casta
2103 1579 2156 1624 et
2209 1569 2581 1633 immaculata,
2656 1577 2914 1637 tanquam
2971 1568 3154 1622 infans
3201 1567 3383 1632 sedet,

1835 1675 2146 1730 praeparans
2166 1661 2510 1733 illis,quibus
2538 1659 2705 1716 voluit
2733 1658 3049 1724 assimilari,
3075 1657 3386 1713 cathedram

1837 1766 2042 1808 sacram
2079 1751 2384 1806 manifeste.

1912 1862 2194 1931 Tanquam
2222 1863 2417 1927 lilium,
2455 1873 2710 1934 tanquam
2765 1862 3143 1919 suavissimam
3175 1872 3383 1930 rosam,

1841 1964 2098 2026 tanquam
2129 1956 2370 2010 divinum
2399 1955 2742 2011 olfactorium
2777 1956 2993 2028 collegit
3031 1965 3082 2012 te
3111 1957 3387 2011 divinissi-

1842 2064 1986 2102 mum
2022 2047 2280 2112 Verbum,
2317 2062 2350 2101 ο
2381 2048 2689 2103 castissima
2725 2048 2819 2101 Dei
2854 2063 3090 2117 sponsa;
3124 2057 3385 2116 tuumqtte

1841 2147 2055 2193 uterum
2094 2137 2438 2200 iubahitavit,
2461 2141 2627 2193 odore
2667 2139 2898 2208 implens
2932 2140 3084 2191 suavi
3133 2146 3384 2193 naturam

1840 2229 2053 2297 plenam
2091 2226 2262 2282 fetore
2285 2229 2523 2297 peccati,
2555 2229 2657 2298 61
2689 2245 2722 2284 ο
2751 2229 2915 2283 Maria
2936 2228 3183 2297 Dcipara.

1913 2337 2013 2392 Ubi
2051 2338 2268 2392 Simeon
2304 2353 2463 2394 senex
2497 2339 2628 2405 vidit
2663 2349 2733 2402 te,
2775 2355 2806 2394 ο
2834 2340 3085 2409 Deipara,
3118 2349 3238 2395 esse
3270 2339 3382 2393 Ma-

1844 2436 1980 2481 trem
2031 2427 2145 2493 Dei,
2203 2429 2338 2481 dixit
2392 2438 2646 2498 tanquam
2702 2429 2996 2498 "propheta:
3054 2429 3193 2482 Εο‹·ο
3245 2430 3386 2484 ﬁlius

1842 2530 1969 2570 tuus
2031 2518 2082 2570 in
2143 2521 2620 2585 resurrectionem,
2683 2529 2736 2573 et
2807 2522 3016 2574 ruinam
3095 2521 3382 2574 multorum

1843 2609 2052 2676 positus
2095 2617 2197 2670 est,
2242 2620 2274 2662 ο
2313 2608 2560 2675 Domina,
2605 2619 2657 2664 et
2699 2611 2752 2663 in
2791 2611 3000 2681 signum
3039 2609 3268 2666 ditlicilis
3304 2611 3386 2663 iu-

1844 2698 2265 2764 terpretationis.

1845 2817 1927 2872 Ea:
1985 2821 2193 2877 Conone
2249 2824 2303 2876 in
2356 2822 2414 2878 S.
2475 2820 2752 2946 Βιᾶςοιιὲηι,
2783 2826 3076 2893 episcopum
3123 2825 3381 2893 Smyrna,

2571 2909 2617 2946 se
2680 2931 2700 2946 .
3273 2922 3278 2927 -

2571 2909 2617 2946 ιε
2647 2909 2700 2947 ο.
3273 2922 3278 2927 ”

1915 3042 2232 3112 Unigenitus
2261 3044 2352 3112 qui
2378 3053 2460 3098 est
2475 3043 2635 3098 simul
2659 3059 2780 3097 cum
2807 3043 2986 3107 Patre,
3009 3044 3061 3097 in
3091 3052 3245 3099 utero
3269 3053 3383 3109 tuo,

1847 3147 1880 3186 ο
1916 3141 2088 3194 casta,
2122 3131 2460 3185 ineii‘ahiliter
2491 3131 2825 3198 incarnatus,
2863 3142 3021 3201 prout
3064 3132 3204 3186 Deus
3230 3134 3385 3187 dece-

1849 3220 1960 3284 bat,
2014 3220 2271 3276 mortales
2319 3220 2565 3275 homines
2611 3222 2896 3284 deificavit,
2942 3215 3161 3292 propter
3203 3223 3386 3277 multi-

1846 3307 2090 3362 tudinem
2122 3307 2528 3362 miserationum
2558 3323 2803 3375 suarum,
2837 3316 3090 3378 tanquam
3117 3310 3387 3379 benignis-

1847 3400 2039 3453 sinitis.

1918 3489 2114 3545 Portus
2159 3498 2279 3545 esto
2319 3487 2452 3544 mihi
2502 3499 2556 3544 et
2588 3487 2854 3555 custodia,
2889 3491 3221 3564 gravissimis
3261 3504 3384 3559 pas-

1849 3580 2061 3634 sionum
2089 3581 2338 3649 procellis
2371 3584 2487 3636 sine
2519 3582 2918 3635 intermissione
2947 3596 3156 3649 semper
3181 3581 3385 3649 jactato
3446 3637 3456 3644 ,

1848 3673 1900 3726 in
1933 3673 2065 3726 mari
2094 3673 2213 3726 vita:
2243 3672 2433 3739 hujus,
2468 3686 2500 3726 o
2530 3682 2675 3726 casta
2707 3674 2818 3727 sola
2853 3685 3063 3741 semper
3091 3673 3261 3740 virgo.

1917 3762 2194 3817 Manifeste
2243 3763 2295 3816 in
2341 3765 2472 3817 rubo
2508 3778 2600 3831 per
2636 3779 2850 3817 sacrum
2881 3773 3064 3832 typum
3097 3771 3146 3815 te
3186 3763 3382 3831 ﬁgura-

1850 3854 2119 3914 tamvidit
2141 3854 2370 3924 Moyses,
2404 3855 2634 3908 futuram
2665 3853 2873 3923 mystici
2892 3853 3027 3921 ignis
3049 3851 3378 3921 genitricem,

1847 3959 1879 3996 ο
1906 3943 2126 4010 Deipara
2151 3959 2360 4011 semper
2385 3945 2552 4011 virgo.

1919 4033 2132 4087 Natura:
2176 4034 2340 4102 leges,
2389 4032 2548 4087 .lcsus
2591 4032 2737 4103 omni
2787 4031 3086 4086 substantia
3139 4034 3384 4102 superior

1850 4121 2011 4185 Deus,
2046 4124 2341 4187 renovavit,
2371 4138 2434 4174 ex
2468 4132 2620 4176 utero
2652 4131 2742 4175 tuo
2777 4131 2956 4184 natus,
2991 4137 3023 4175 0
3055 4124 3199 4174 omni
3227 4122 3384 4174 laude

1848 4213 2164 4267 celebranda
2186 4255 2199 4277 ,
2234 4213 2322 4280 qui
2358 4212 2506 4266 soius
2533 4211 2657 4265 fecit
2681 4221 2736 4264 ut
2763 4219 2905 4265 esset
2929 4211 3106 4265 omnis
3132 4211 3385 4265 substan-

1849 4304 1918 4356 tia
1957 4306 2229 4354 voluntate
2258 4316 2375 4353 sua.

1920 4393 1963 4446 Ο
2019 4400 2168 4459 porta
2231 4393 2434 4460 gratim,
2487 4406 2607 4458 quae
2635 4391 2944 4444 hominibus
2996 4391 3118 4444 θα)ιὶ
3173 4397 3381 4455 portam

202 4479 380 4546 πύλην
401 4478 494 4546 τὴν
522 4478 786 4548 οὐράνιον,
813 4478 910 4547 τῆς
933 4481 1212 4548 μετανοίας
1234 4482 1403 4544 πύλας
1429 4501 1515 4550 μοι
1547 4485 1738 4550 τηλαυ-

1851 4482 2122 4549 aperuisti,
2157 4483 2299 4548 aperi
2325 4481 2475 4541 mihi,
2518 4481 2762 4543 Domina,
2794 4492 3034 4548 patenter
3057 4490 3240 4548 portas
3273 4492 3384 4546 pm-

199 4568 317 4640 γῶς
368 4569 644 4634 διάνοιξον,
685 4570 964 4632 Δέσποινα,
1000 4569 1092 4621 καὶ
1147 4571 1324 4623 πυλῶν
1371 4572 1462 4622 τοῦ
1517 4572 1740 4627 θανάτου

199 4661 591 4730 ὲλευθέρωσον.

273 4771 648 4840 Λυτρωοέντες
705 4770 803 4838 τῆς
836 4772 1066 4842 ἀρχαίας
1107 4774 1428 4842 ἀποφάσεως
1475 4775 1553 4844 τῷ
1603 4777 1743 4848 τόκῳ

201 4879 324 4922 σου,
356 4860 679 4928 πανάμωμε,
711 4859 1053 4929 ἁνυμνοῦμὲν
1075 4878 1132 4913 σε
1178 4865 1225 4913 oi
1256 4864 1532 4928 σωθέντες,
1585 4867 1740 4933 κόρη,

201 4953 294 5006 διὰ
327 4949 439 5011 σοῦ,
468 4950 695 5017 βοῶντες
732 4951 824 5002 καὶ
867 4950 1112 5018 λέγοντες
1167 4956 1397 5016 πιστῶς·
1436 4955 1743 5024 Εὐλογημέ-

199 5059 296 5107 νος
320 5045 347 5094 6
375 5040 580 5110 καρπός
608 5041 704 5110 τῆς
736 5037 1079 5110 σῆςικοιλίας,
1115 5044 1270 5112 ἁγνή.
1673 5031 1676 5034 ’

286 5149 463 5220 Ἰερῶς
492 5151 708 5219 ἐμυεῖτο
734 5148 803 5202 τὰ
854 5155 922 5203 σὰ
950 5155 1222 5221 μυστήρια
1269 5157 1577 5224 προφητῶν,
1611 5157 1742 5208 Θεο-
1807 5193 1811 5198 ι

201 5244 352 5304 τόκε,
393 5244 419 5294 6
447 5241 587 5302 θεῖος
611 5240 881 5307 σύλλογος,
935 5244 1213 5312 πόρρωθεν
1252 5246 1434 5313 μαθὼν
1471 5248 1561 5298 καὶ
1612 5265 1742 5314 τρα-

203 5336 313 5396 vii);
345 5333 685 5402 ἐκτιθέμενος
718 5332 812 5395 τὰς
852 5333 1148 5403 θεοσημίας
1189 5336 1280 5387 τοῦ
1333 5337 1474 5389 θείου
1526 5337 1743 5391 τοκετοῦ

204 5442 323 5477 σου.

274 5518 428 5585 Φωνῇ
480 5517 732 5584 ἀγγέλου,
767 5517 1006 5586 μεγάλης
1040 5517 1298 5584 ’Ἄγγελον
1345 5517 1555 5584 βουλῆς,
1587 5519 1741 5586 ἁγνὴ,

205 5609 440 5676 Χριστὸν
485 5610 825 5679 Ἐμμανουὴλ
857 5609 1326 5670 ἀποτέτοκας,τοῖς
1359 5609 1599 5673 ἀγγέλοις
1621 5611 1744 5670 τοὺς

205 5699 357 5750 κάτω
397 5699 747 5764 συνάπτοντα,
808 5701 941 5769 μόνη
994 5699 1322 5768 εὐλογημένη
1357 5740 1369 5761 ,
1427 5699 1560 5764 μόνη
1609 5715 1742 5751 παν-

1850 4575 2111 4638 ηἰιεηιίω,
2147 4583 2197 4626 ct
2225 4588 2254 4625 a
2285 4574 2453 4642 portis
2478 4573 2663 4626 mortis
2697 4573 2861 4626 libera
2893 4587 2996 4626 me.

1919 4779 2150 4833 Liberali
2191 4793 2283 4847 per
2329 4785 2541 4847 partum
2606 4781 2757 4829 tuum
2790 4775 2857 4828 ab
2894 4772 3124 4842 antiqua:
3159 4771 3383 4825 damna-

1850 4868 2012 4922 tionis
2043 4869 2328 4926 sententia,
2359 4881 2391 4919 o
2420 4865 2727 4934 purissima,
2755 4865 3033 4916 laudamus
3058 4873 3127 4923 te,
3157 4862 3380 4914 salutem

1850 4973 1944 5024 per
1971 4967 2021 5010 te
2051 4957 2347 5020 consecuti,
2387 4959 2704 5017 clamantes,
2736 4961 2788 5007 et
2818 4969 2938 5007 cum
2972 4953 3072 5006 [ide
3095 4953 3331 5006 dicentes
3365 4967 3378 5001 :

1852 5046 2171 5101 Benedictus
2203 5047 2409 5102 fructus
2437 5046 2638 5099 ventris
2665 5044 2760 5111 tui,
2790 5058 2822 5096 o
2851 5043 3213 5111 casta'puella.

1917 5160 2140 5214 Divinus
2188 5160 2566 5228 pr0phetarum
2626 5165 2797 5213 cactus
2858 5169 3009 5210 sacre
3074 5153 3384 5205 initialtatnr

1851 5251 2119 5320 mysteriis
2160 5250 2297 5314 tuis,
2324 5264 2356 5302 ο
2387 5247 2645 5318 Deipara,
2691 5249 2876 5316 procul
2915 5247 3157 5305 edoctus,
3191 5252 3243 5297 et
3272 5256 3385 5294 ma-

1851 5344 2043 5399 nifeste
2072 5357 2347 5412 exponens
2379 5341 2630 5395 vaticinia
2661 5341 2827 5395 divini
2859 5349 3040 5409 partus
3067 5337 3163 5389 tui.

1921 5523 2023 5575 Per
2058 5536 2240 5574 vocem
2273 5520 2469 5588 angeli,
2503 5523 2680 5588 magni
2705 5519 2912 5574 consilii
2953 5514 3212 5582 Angelum
3244 5529 3378 5566 con-

1850 5613 2057 5680 cepisti,
2083 5627 2114 5664 o
2135 5623 2302 5674 casta,
2322 5611 2595 5664 Christum
2622 5609 3040 5669 Emmanuelem,
3065 5607 3153 5673 qui
3177 5606 3380 5672 angelis

1851 5703 2094 5756 homines
2139 5701 2242 5770 62
2285 5701 2581 5769 conjunxit,
2629 5718 2660 5755 ο
2703 5701 2810 5753 sola
2855 5697 3146 5760 benedicta,
3189 5711 3218 5748 o
3265 5696 3377 5748 sola
