3936 6304
430 305 563 367 103‘.)

1527 299 1583 357 S.
1629 295 1938 356 JOSEPHI
1978 288 2527 355 ΠῩΜΝΟΟΠΑῘἮῙ

3497 275 3653 341 1060

429 415 576 466 (ιιιιιιί
609 412 764 466 laude
802 410 1116 480 dignissima
1148 410 1322 480 puclla
1355 407 1463 478 (51)
1488 448 1500 470 ,
1543 423 1576 461 ο
1613 410 1726 463 sola
1762 408 1980 471 deifiea-
2010 452 2022 471 Α

2128 422 2312 474 μνητε,
2366 404 2501 473 μόνη
2577 403 2609 469 ἡ
2665 397 2811 453 αἰτία
2873 396 2969 467 τῆς
3033 393 3210 465 ἡμῶν,
3271 391 3431 463 κόρη,
3511 388 3661 442 θεῶ-

431 505 594 556 tiunis
625 514 828 558 nostrae
856 517 1039 556 causa.

375 647 377 650 ‘
437 628 516 681 lia:
546 629 754 684 Canone
793 629 845 680 in
876 627 934 681 S.
965 626 1654 747 Paivlieuiztl'm,Tepiscopum
1680 621 1993 691 Lampsace-

980 743 988 747 .
1048 713 1192 747 num.
1227 714 1243 746 ι
1268 713 1310 747 te
1373 735 1386 747 .

980 743 995 751 χ
1048 713 1192 758 num,
1227 713 1310 747 uie
1346 713 1386 748 ι.

506 823 549 876 Ο
573 821 851 884 inviolata,
889 836 1008 889 quae
1040 822 1205 874 Deum
1244 822 1447 874 bonum
1481 803 1756 887 peperisti,
1789 817 1994 870 bonum

437 913 586 967 cflice
612 913 869 966 miserum
904 926 998 964 cor
1027 925 1206 963 meum
1233 912 1526 962 multarum
1550 907 1858 975 passionum
1887 921 1998 959 ma-

436 1003 554 1058 litia
599 1004 978 1072 depravatum;
1021 1011 1074 1055 et
1115 1002 1187 1054 da
1234 1002 1362 1053 mihi
1402 1001 1542 1053 vires
1574 1001 1637 1051 ad
1663 999 1995 1052 efﬁciendam

441 1096 779 1148 voluntatem
832 1094 1209 1161 Redemptoris
1259 1091 1452 1154 nostri,
1505 1090 1597 1160 qui
1648 1092 1763 1144 vult
1808 1105 1998 1147 omnes

442 1186 693 1240 homines
728 1184 910 1238 salvos
937 1183 1076 1238 tieri.

511 1300 655 1352 Inter
712 1297 964 1351 homines
1009 1303 1358 1351 conversatus
1412 1303 1495 1347 est
1556 1293 1848 1354 Dominus,
1909 1293 2000 1360 qui

445 1405 508 1444 ex
536 1399 598 1443 te
629 1377 849 1443 carnem
885 1387 1246 1456 inexplicabili
1277 1384 1438 1438 modo
1467 1385 1675 1452 accepit
1711 1403 1723 1436 :
1751 1383 2001 1437 eumdem

449 1495 579 1549 ergo
605 1480 915 1547 deprecare.
954 1476 1393 1540 olsanetissima,
1423 1485 1478 1527 ut
1515 1475 1839 1527 misereatur
1877 1472 2001 1537 mei,

449 1572 536 1638 qui
579 1585 608 1623 a
656 1567 925 1636 serpentis
995 1567 1194 1622 ictibus
1239 1568 1290 1619 in
1339 1566 1632 1620 certamine
1674 1577 1904 1632 supergr
1932 1575 2025 1632 aeq

449 1661 696 1728 dejicior.

2094 512 2247 558 σεως.

2105 624 2198 675 Ἐκ
2223 621 2328 675 τοῦ
2361 623 2627 684 Καιαόνος
2656 622 2741 683 εἰς
2788 616 2895 670 τὸν
2935 615 3103 668 ὅσιον
3134 609 3478 684 Παρρρνιον,
3507 608 3653 661 ἐπί-

2401 679 2634 743 σκοποᾶ
2661 679 3020 755 Λὰμψάκων,
3055 683 3240 752 ἡμέρᾳ
3267 679 3332 740 (’-

2177 820 2401 885 Ἀγαθὸν
2453 809 2702 886 κυήσασα
2747 814 2900 876 Θεὸν,
2929 813 3182 882 ᾶχραντε,
3221 807 3492 879 ἁγάθυνον
3546 805 3659 877 τὴν

2096 913 2153 965 ὲν
2176 910 2386 970 πολλοῖς
2437 904 2832 973 κεκακωμένην
2873 891 3068 956 πάθεσι
3103 899 3366 970 ταπεινὴν
3418 896 3657 965 καρδίαν

2101 1018 2224 1070 μου,
2248 999 2337 1052 καὶ
2361 998 2423 1050 τὸ
2451 996 2660 1064 Θὲλημα
2687 993 2918 1046 ἐκτελεῖν
2945 990 3317 1058 ἐνδυνάμωσον
3345 985 3436 1039 τοῦ
3471 985 3662 1054 σαιοῆ-

2098 1109 2186 1146 ναι
2211 1091 2416 1152 πάντας
2441 1087 2682 1148 Θέλοντος
2713 1084 3042 1154 ἀνθρώπους·
3059 1076 3325 1151 λυτρωτοῦ
3364 1078 3542 1149 ἡμῶν.

2183 1291 2470 1361 Ὦμιλησεν
2496 1287 2806 1358 ἀνθρώποις
2826 1288 2891 1338 ἐκ
2923 1283 3016 1338 σοῦ
3035 1285 3145 1354 τὴν
3183 1284 3358 1352 σάρκα
3391 1281 3419 1333 ὁ
3448 1281 3663 1350 Κύριος

2102 1385 2336 1452 φορέσας
2359 1380 2787 1450 ἀνερμηνεύτως’
2807 1376 2964 1430 αὑτὸν
2986 1373 3078 1429 οὗν
3101 1373 3509 1440 ἑκδυσώπησον,
3525 1387 3663 1422 παν·

2106 1472 2260 1538 αγία,
2318 1471 2410 1523 τοῦ
2439 1468 2776 1539 οἰκτειρῆσαί
2809 1484 2875 1538 με
2908 1464 3376 1532 καταπονούμενον
3421 1459 3663 1530 προσδο-

2103 1561 2218 1624 λαῖς
2239 1561 2330 1613 τοῦ
2355 1559 2528 1629 ὄφεως
2549 1560 2640 1612 καὶ
2664 1559 3019 1629 δωρούμενον.

519 1751 683 1815 Sana,
741 1767 775 1805 ο
826 1749 1013 1818 Virgo,
1067 1748 1296 1802 vulnera
1353 1747 1547 1800 anima:
1595 1758 1727 1800 meae
1773 1752 2007 1797 mentem

2179 1744 2260 1798 Τὰ
2296 1743 2581 1812 τραύματα
2620 1742 2720 1811 τῆς
2755 1742 2928 1812 ψυχῆς
2958 1758 3079 1812 μου,
3100 1741 3359 1810 Παρθένε,
3385 1739 3660 1808 θεράπευ-

451 1857 622 1897 meam
657 1857 686 1896 a
720 1841 1068 1911 passionibus
1111 1841 1487 1899 dilaceratam,
1538 1846 1591 1890 et
1628 1851 1655 1889 a
1700 1845 2007 1903 transgres-

453 1927 696 1987 sionibus
787 1933 1169 1986 mandatorum
1237 1929 1548 1990 Salvatoris,
1604 1927 2013 1982 obtcnebratam

455 2021 703 2091 pacifica.

492 2153 494 2156 '
523 2137 566 2188 A
603 2135 758 2188 malis
790 2134 1178 2189 inlmrentibus
1221 2133 1351 2186 milii
1384 2133 1452 2186 ob
1477 2131 1783 2185 invasiones
1814 2131 2012 2197 Alieni,

455 2238 511 2282 et
548 2244 575 2280 a
605 2228 890 2281 tormentis
930 2228 1148 2280 aeternis
1180 2225 1306 2278 milii
1350 2225 1640 2278 reservatis
1705 2225 1870 2277 libera
1902 2237 2010 2286 me,

458 2330 673 2386 precor,
715 2313 1202 2369 intercessionibus
1235 2313 1342 2365 tuis
1390 2311 1528 2380 apud
1571 2322 1868 2363 amatorem
1913 2310 2011 2364 lio-

457 2406 686 2460 minum.
1162 2421 1166 2424 ·

531 2496 607 2551 Ne
636 2504 844 2550 statuas
871 2509 978 2558 me,
1008 2495 1061 2547 in
1089 2494 1174 2549 die
1196 2492 1408 2564 judicii,
1428 2481 1569 2544 inter
1595 2491 1910 2554 damnatos;
1946 2505 2014 2544 ne

459 2583 756 2653 ignominia
815 2592 971 2650 notes
1026 2598 1130 2646 me,
1200 2583 1254 2634 in
1309 2581 1566 2633 omnibus
1623 2580 2012 2642 insensibilem,

471 2673 614 2726 Deus
640 2687 813 2735 meus,
838 2681 892 2726 et
921 2671 1092 2725 factor
1129 2686 1300 2734 meus,
1325 2685 1444 2724 cum
1476 2669 1678 2723 habeas
1701 2669 2013 2722 advocatam

463 2778 562 2831 pro
605 2779 691 2816 me
721 2762 1004 2818 Dominam
1038 2762 1207 2823 illam.
1238 2776 1358 2829 quae
1386 2760 1501 2822 sine
1530 2761 1738 2814 semine
1773 2759 2020 2828 concepit

467 2863 530 2906 a‘e
557 2853 767 2921 peperit
799 2862 875 2906 te.

538 2941 792 2995 Sanctior
854 2941 1106 3011 supernis
1175 2942 1536 3010 potestatibus
1590 2941 1918 3009 apparuisti,

2109 1855 2219 1901 σον,
2247 1836 2337 1889 τὸν
2359 1836 2479 1890 νοῦν
2513 1853 2615 1905 μου
2653 1837 2966 1905 εἰρὴνευσον
3001 1835 3318 1888 ὑπδπαθῶν
3345 1834 3662 1902 σπαραττό-

2114 1944 2289 1996 μενον,
2313 1925 2406 1979 xui
2439 1928 2554 1988 ταῖς
2577 1927 2913 1996 παραὸάσεσι
2939 1926 3047 1980 τῶν
3079 1926 3302 1980 ἐντολῶν
3341 1925 3436 1978 τοῦ
3470 1926 3660 1994 Σωτῆ-

2114 2035 2205 2088 ρος
2223 2017 2620 2094 φωτιζόμενον.

2195 2127 2324 2180 Ἀπὸ
2354 2125 2542 2180 παθῶν
2574 2126 2965 2197 ἀμαυρώσεως,
3000 2127 3158 2197 κόρη,
3197 2127 3305 2180 ἀπὸ
3335 2129 3651 2182 σκανδάλων

2083 2217 2214 2270 ιτῶν
2254 2217 2690 2286 προσγινομένων
2739 2218 2858 2277 ταῖς
2903 2216 3293 2288 ὲπηρείαιςτοῦ
3328 2216 3658 2287 ’Δλλοτρζοιη

2113 2309 2382 2378 μενουσῶν
2437 2324 2495 2362 τε
2553 2307 2798 2376 βασάνων
2843 2307 3072 2361 αἰωνίων
3124 2308 3258 2378 πρὸς
3312 2309 3404 2360 τὸν
3474 2309 3664 2377 φιλάνο

2113 2400 2327 2469 ορωπον
2358 2399 2518 2469 ῥῦσαί
2545 2416 2611 2468 με
2636 2403 2754 2461 ταῖς
2781 2402 2918 2464 σαῖς,
2937 2401 3189 2464 δυσωπῶ,
3219 2399 3658 2471 παρακλήσεων.

2179 2490 2270 2560 Μὴ
2301 2491 2504 2560 στήσῃς
2545 2507 2610 2560 με
2652 2492 2707 2543 ὲν
2737 2490 2916 2560 ἡμέρᾳ,
2951 2491 3048 2559 τῆς
3113 2490 3266 2561 δίκης
3309 2491 3660 2560 κατάκριτον,

2116 2583 2190 2653 μὴ
2216 2581 2565 2652 στηλιτεύσῃς
2593 2600 2658 2651 με
2689 2583 2782 2634 ἐπὶ
2823 2582 3040 2635 πάντων
3065 2581 3154 2633 τὸν
3184 2581 3525 2651 ἀναίσθητον,
3559 2581 3663 2635 Θεέ

2118 2690 2238 2742 μου,
2285 2673 2478 2741 ποιητά
2528 2690 2648 2741 μου,
2680 2672 2816 2741 ἔχων
2862 2671 3201 2725 ἱκετεύουσαν
3250 2672 3353 2741 τὴν
3396 2670 3663 2725 τεκοῦσαν

2116 2762 2368 2830 ἀσπόρως
2396 2779 2454 2814 σε
2479 2760 2794 2815 Δέσποιναν.
3330 2780 3333 2782 ·

2202 2939 2452 3010 Ὠράοης,
2499 2941 2825 3009 πανάμωμε.
2873 2940 3145 3008 ἀγιωτέρα
3202 2941 3308 2995 τῶν
3325 2935 3465 2995 ’ἄνω
3507 2938 3667 2995 δυνά·

465 3033 1000 3088 immaculatissima'
1055 3026 1224 3087 Deum
1281 3034 1426 3085 enim
1480 3033 1806 3100 corporasti,
1859 3045 2016 3102 quem

2128 3047 2266 3101 μεων
2294 3048 2316 3101 ,ο
2363 3031 2490 3083 Θεὸν
2520 3032 2626 3102 γὰρ
2659 3027 3046 3100 ἐσωμάτωσᾱς,
3076 3032 3134 3085 ὃν
3178 3032 3357 3096 τάξεις
3385 3030 3666 3101 ἀσώματοι

537 3230 647 3303 (5i)
683 3229 901 3303 Egregia
956 3230 1192 3297 Deiparac
1246 3229 1363 3284 laus
1428 3237 1529 3289 est,
1582 3230 1754 3298 ipsam
1818 3237 2019 3283 statum

470 3300 658 3371 gratiae
695 3300 840 3353 nullo
894 3314 1130 3366 unquam
1180 3305 1400 3371 peccato
1443 3306 1763 3371 temeratutn
1805 3312 2045 3365 semper-

471 3366 747 3439 ﬁabttisse,
770 3377 988 3439 etextra
1018 3366 1324 3439 communia
1350 3375 1555 3439 naturai
1576 3366 1868 3439 inquinata:
1897 3379 2021 3439 pro-

470 3434 558 3493 etii
589 3453 616 3491 a
653 3437 1032 3491 maledictioue
1083 3445 1136 3488 et
1189 3435 1526 3502 subjectione
1570 3435 1831 3489 daemonis
1879 3434 2023 3502 posi-

475 3518 586 3561 tam
622 3505 814 3560 fuisse.
843 3504 953 3559 llac
989 3505 1150 3572 igitur
1201 3504 1376 3566 laude,
1406 3519 1511 3570 qua
1544 3503 1659 3570 ipsa
1701 3504 2021 3571 dignissima

473 3587 580 3638 est,
618 3575 773 3627 debet
811 3575 879 3626 ah
921 3574 1173 3627 omnibus
1226 3573 1319 3640 qui
1356 3586 1472 3625 eam
1522 3573 1744 3625 laudare
1801 3574 2026 3639 cupiunt

470 3643 749 3700 celebrari.
784 3643 945 3697 Porro
974 3657 1094 3696 esse
1125 3641 1280 3695 istam
1309 3641 1566 3711 Deiparae,
1579 3641 1738 3711 laude
1758 3655 1806 3692 m
1855 3641 2024 3692 unde-

474 3712 992 3782 quaqueueximiam,
1025 3719 1172 3782 extra
1221 3724 1436 3782 omnem
1479 3710 1864 3764 dubitationem
1907 3722 2025 3782 esse

475 3776 654 3848 debet.
684 3779 750 3832 Ut
772 3781 999 3832 maxime
1029 3777 1331 3832 mirandum
1364 3779 1419 3830 fit
1446 3783 1791 3839 Abulensem,
1813 3776 2023 3829 tametsi

477 3855 546 3904 tle
575 3848 755 3902 Mariae
793 3850 1145 3915 conceptione
1192 3849 1393 3915 optime
1423 3849 1763 3908 sentientem,
1799 3859 2026 3913 eamque

481 3921 776 3972 immunem
806 3931 833 3970 a
866 3914 1088 3984 peccato
1115 3914 1280 3970 fuisse
1305 3914 1678 3979 afﬁrmantem,
1705 3923 1862 3980 atque
1889 3915 1937 3967 id
1973 3923 2026 3966 et

482 3988 650 4040 tutius
704 3996 757 4039 et
792 3987 946 4052 plane
978 3985 1265 4053 eligibilius
1315 3984 1927 4053 essegpronuntiantem,
1961 3995 2027 4035 eo

478 4055 693 4110 tandem
721 4054 1001 4106 devenisse
1020 4052 1073 4104 ut
1111 4054 1348 4106 diceret:
1388 4071 1410 4104 ,ι
1447 4052 1560 4105 Νοιι
1603 4053 1798 4104 mutari
1821 4053 1872 4102 in
1901 4052 2022 4115 hoc,

481 4126 562 4177 vel
604 4124 772 4176 minui
826 4121 1063 4188 Deipara!
1111 4121 1320 4173 laudem
1362 4135 1422 4173 ac
1455 4122 1702 4189 gloriam,
1729 4122 1771 4174 si
1818 4121 2029 4172 dicatur

483 4194 778 4246 incurrisse
803 4190 1065 4258 originale
1083 4200 1384 4256 peccatum,
1407 4201 1463 4240 ut
1485 4199 1673 4256 putant
1690 4189 1780 4256 qui
1806 4203 1908 4241 non
1939 4203 2028 4254 pe-

486 4270 967 4315 netrantnaturam
993 4260 1194 4325 peccati
1219 4259 1496 4324 originalis
1528 4275 1540 4309 :
1575 4275 1592 4307 ι
1626 4273 1748 4309 cum
1775 4272 1878 4308 non
1909 4272 2036 4323 par:

481 4343 549 4382 va
572 4330 740 4398 gloria
775 4329 863 4388 sit.
891 4327 1007 4398 Deo
1029 4327 1275 4398 similem
1294 4335 1548 4393 perpetuo
1577 4340 1716 4398 esse,
1745 4333 1799 4398 ct
1838 4327 2026 4398 habitu

484 4394 940 4452 dissimilitudinis
986 4395 1098 4456 Dei,
1137 4395 1280 4462 quod
1305 4404 1581 4462 peccatum
1624 4394 1884 4460 originale
1923 4402 2025 4452 est,
2071 4420 2073 4422 -

488 4468 701 4532 Semper
728 4464 989 4525 caruisse,
1019 4463 1310 4532 itidemque
1341 4463 1459 4515 labe
1487 4463 1690 4530 peccati
1717 4473 1906 4532 natura
1933 4475 2027 4532 sua

491 4530 914 4600 corruinpcntis,
949 4540 1003 4583 et
1034 4531 1340 4592 inficicntis,
1364 4531 1470 4584 imo
1501 4530 1871 4600 interficientis
1913 4531 2030 4582 ani-

492 4618 655 4665 mam,
680 4599 772 4654 Diei
820 4601 1077 4653 beneficio
1110 4601 1270 4652 eximi
1299 4617 1311 4651 :
1347 4602 1483 4652 sicut
1515 4615 1544 4652 e
1595 4599 1867 4652 contrario
1918 4615 2024 4652 non

491 4669 963 4740 minuiejuslans,
996 4670 1172 4740 quiea
1206 4671 1414 4740 macula
1442 4667 1659 4740 sordere
1690 4667 2028 4740 supponitur.

492 4739 624 4791 Vide
649 4738 962 4805 Velasquez,
988 4736 1063 4789 De
1089 4737 1260 4789 Maria
1281 4735 1609 4788 ini'maculute
1627 4745 1886 4802 conrepta,
1911 4735 2031 4789 libr.

491 4824 551 4869 ιι,
604 4808 873 4860 dissertat.
937 4805 996 4868 5,
1047 4815 1228 4858 annot.
1285 4807 1449 4869 l,ubi
1519 4806 1752 4858 ostendit
1809 4809 2036 4858 sanctis-

497 4879 688 4929 simam
731 4874 1004 4942 Virginem
1044 4889 1140 4942 pro
1169 4875 1427 4942 dignitate
1474 4874 1678 4926 laudari
1713 4889 1819 4924 non
1857 4888 2032 4939 posse,

495 4945 600 4998 nisi
649 4943 1028 4996 communibus
1081 4944 1317 5010 Deipara:
1372 4943 1621 4994 laudibus
1655 4944 1742 4992 illa
1784 4942 2031 5005 addatur,

503 5012 642 5082 quod
686 5011 940 5064 nint'iruin
978 5012 1516 5082 fueritimmaculatc
1547 5018 1822 5082 concepta.

571 5081 735 5132 Porro
772 5081 1088 5132 Ambrosius
1138 5081 1462 5132 Calliarinus
1515 5082 1566 5130 in
1629 5092 1727 5128 sua
1779 5078 2032 5145 disputat.

507 5148 609 5200 Pro
663 5149 1000 5200 immaculata
1030 5152 1379 5216 conceptione,
1427 5150 1548 5198 libr.
1578 5161 1616 5216 ι,
1645 5159 1806 5211 agens
1850 5159 2036 5200 contra

515 5219 806 5285 ionnullos,
838 5219 928 5285 qui
953 5215 1199 5271 dicebant
1229 5217 1545 5269 aid-laudem
1582 5215 1755 5285 Maria:
1783 5230 1885 5267 non
1915 5217 2039 5267 alti-

504 5283 627 5337 ner'e
657 5283 1027 5352 praeservatam
1080 5288 1245 5338 fuisse
1273 5301 1299 5336 a
1351 5289 1465 5336 labe
1509 5283 1708 5348 peccati
1739 5286 2034 5350 originalis.

512 5357 583 5404 ait
616 5355 752 5406 inter
793 5355 894 5407 alia
930 5374 942 5407 :
978 5375 992 5402 ι
1021 5354 1171 5416 Quod
1208 5354 1704 5421 insuperﬁdjicinnt
1736 5368 1920 5420 parum
1973 5355 2037 5404 ad

510 5424 717 5474 laudi-in
765 5422 998 5477 Dominae
1031 5426 1254 5474 attinere
1294 5425 1392 5474 hoc
1427 5423 1567 5487 qnod
1609 5421 1680 5472 illi
1720 5421 2038 5478 ascribimus

510 5491 842 5558 privdegium
901 5493 1336 5555 pra-servatioms
1387 5493 1453 5541 ab
1507 5489 1769 5555 originali,
1822 5507 2038 5560 prorsus

509 5561 831 5625 inopinabile
863 5572 960 5609 est.
999 5561 1097 5615 An,
1131 5574 1331 5622 qua-so,
1365 5573 1549 5625 parum
1585 5560 1702 5610 mali
1733 5560 2040 5611 existimant

509 5634 707 5695 peccati
744 5637 811 5679 Ιω
837 5631 1052 5688 iit-atem,
1087 5627 1173 5679 Dei
1209 5629 1339 5679 iram
1371 5641 1529 5694 atque
1556 5629 1909 5690 inimicitiam,
1933 5631 2039 5682 dia-

2126 3227 2230 3282 boli
2265 3227 2602 3290 servitutem,
2633 3236 2684 3281 et
2706 3227 2752 3282 si
2785 3229 2909 3297 quis
2937 3242 3104 3297 parvo
3130 3235 3403 3283 momento
3434 3227 3522 3283 his
3545 3237 3664 3284 tan-

2121 3301 2189 3350 tis
2224 3299 2380 3351 malis
2423 3297 2708 3351 teneatur?
2737 3296 2815 3349 At
2846 3296 2951 3350 non
2995 3296 3344 3366 ita'sentiunt
3368 3300 3460 3366 qui
3511 3301 3669 3366 spiri-

2124 3367 2353 3418 tualibus
2391 3366 2564 3419 oculis
2597 3381 2706 3419 rem
2739 3368 3084 3434 perspiciunt.
3111 3365 3289 3429 Quare
3315 3365 3512 3420 ab’hac
3535 3365 3667 3425 adeo

2121 3437 2319 3488 misera
2362 3437 2668 3488 conditione
2703 3437 2963 3504 singulari
2994 3437 3136 3488 dono
3174 3436 3450 3488 servatam
3500 3435 3668 3493 fuisse

2122 3518 2374 3571 magnum
2425 3518 2544 3557 esse
2589 3504 2940 3567 arbitrantur,
2976 3504 3116 3558 sicut
3146 3512 3200 3557 et
3250 3504 3338 3556 illa
3391 3504 3666 3569 exsultans

2123 3571 2176 3624 in
2207 3573 2396 3639 spiritu
2428 3571 2670 3640 professa
2700 3583 2781 3640 est
2812 3573 2945 3626 Luc.
2979 3588 2992 3624 ι
3021 3591 3035 3626 :
3076 3573 3213 3636 Quia
3241 3573 3364 3638 fecit
3387 3574 3518 3626 mihi
3552 3590 3666 3627 nta-

2121 3657 2221 3708 gna
2247 3641 2335 3708 qui
2355 3651 2532 3709 potens
2559 3649 2654 3693 est.
2685 3639 2838 3705 Quod
2873 3641 2916 3694 si
2947 3641 3165 3709 parvum
3198 3645 3359 3694 etiam
3390 3656 3455 3693 ex
3483 3656 3542 3695 se
3568 3643 3666 3698 hoc

2123 3707 2322 3782 donum
2352 3707 3038 3782 profil.eremur,_magnum
3080 3719 3284 3782 tamen
3307 3709 3545 3782 profecto
3571 3713 3664 3782 fie-

2124 3778 2225 3848 riet,
2257 3787 2368 3848 tum
2395 3781 2700 3848 praestantia
2743 3778 3037 3848 donatoris,
3067 3789 3177 3831 tum
3217 3779 3377 3832 etiam
3427 3778 3666 3848 singula-

2124 3847 2281 3901 ritate
2309 3847 2445 3915 ejus,
2481 3847 2568 3900 cui
2605 3848 2704 3900 soli
2738 3847 2991 3901 donatum
3021 3856 3139 3913 est;
3174 3862 3318 3908 nam,
3354 3856 3412 3901 ut
3448 3847 3664 3915 quidam

2124 3915 2333 3986 egregie
2381 3915 2536 3986 dixit,
2598 3929 2625 3966 a
2669 3918 2878 3986 magnis
2919 3916 3248 3986 principibus
3284 3915 3440 3969 etiam
3491 3919 3670 3970 minu-

2125 3985 2433 4056 tulis‘donis
2476 3988 2766 4056 honestari,
2793 4000 3043 4054 magnum
3064 3996 3125 4056 et
3159 3985 3667 4056 favorabile‘cense-

2126 4051 2233 4106 tur.
2260 4051 2498 4120 Denique
2538 4053 2580 4105 si
2605 4054 2805 4107 vir"ille
2833 4051 3190 4123 spiritualium
3231 4070 3411 4107 rerum
3439 4054 3667 4122 diligens

2126 4123 2460 4190 examinator
2500 4130 2660 4184 atque
2692 4123 2988 4177 aestimator
3034 4124 3267 4190 prudens
3312 4124 3664 4190 Augustinus,

2127 4205 2340 4247 carnem
2372 4189 2550 4242 Mariae
2570 4191 2678 4256 jam
2711 4189 3044 4245 demortuaui
3067 4207 3161 4260 pro
3182 4194 3375 4260 quovis
3404 4189 3665 4258 temporis

2127 4268 2324 4378 puncto
2378 4261 2660 4311 obnoxiam
2714 4261 3041 4327 eorruptioni
3117 4275 3219 4312 non
3290 4268 3498 4325 poterat
3552 4261 3668 4312 sine

2168 4341 2350 4378 orrore
2375 4328 2719 4378 coeitare’fut
2764 4330 2990 4378 ipsemet
3038 4331 3537 4378 testatuanuunto
3567 4329 3668 4378 hoc

2168 4341 2350 4379 orrore
2375 4328 2612 4396 cogitare
2630 4328 2719 4395 ’(nt
2764 4330 2990 4396 ipsemet
3038 4331 3309 4394 testatur),
3333 4338 3537 4396 quanto
3567 4329 3668 4382 hoc

2126 4404 2271 4448 certe
2295 4395 2472 4449 minus
2495 4396 2562 4448 de
2596 4395 2959 4450 sacratissima
2985 4398 3275 4450 anima'illa
3301 4395 3664 4463 cogitandum,

2130 4464 2270 4531 quod
2297 4476 2522 4533 peccato
2541 4474 2810 4531 corrupta,
2847 4467 2985 4533 quod
3023 4466 3217 4519 diaboli
3259 4467 3510 4533 potestati
3544 4467 3669 4518 sub-

2125 4533 2286 4600 jecta,
2322 4534 2464 4600 quod
2499 4531 2603 4586 Deo
2639 4531 3100 4601 tandem’inimica
3133 4531 3293 4591 etiam
3328 4550 3422 4600 pro
3473 4538 3664 4601 quovis

2135 4608 2405 4655 momento
2442 4616 2564 4654 vere
2601 4601 2704 4655 dici
2757 4603 3027 4669 potuerit?
3079 4600 3180 4654 Sed
3229 4603 3373 4668 _,qnid
3446 4600 3669 4655 ulterius

2141 4684 2321 4722 moror
2346 4669 2368 4721 ?
2395 4686 2515 4722 cum
2552 4678 2605 4723 et
2647 4673 2829 4723 hocin
2874 4671 2994 4725 loco
3031 4671 3115 4724 isti
3145 4686 3208 4724 ex
3236 4671 3498 4723 diametro
3548 4685 3665 4723 cum

2139 4740 2400 4808 sententia
2456 4739 3146 4808 B._Thom2ekdepugnent?
3195 4739 3328 4792 Nam
3379 4741 3521 4806 quod
3576 4739 3670 4807 ipsi

2138 4807 2273 4875 adeo
2319 4809 2464 4874 parvi
2505 4806 2724 4868 faciunt,
2757 4805 2990 4860 Thomas
3032 4808 3143 4875 ipse
3177 4817 3360 4860 contra
3399 4805 3535 4860 adeo
3563 4805 3672 4875 nia:
3719 4842 3724 4846 -

2137 4874 2377 4944 gnifacit,
2415 4885 2472 4929 ιιι
2533 4876 2732 4928 idcirco
2763 4885 2918 4942 neget
2974 4874 3151 4929 Maria
3196 4877 3502 4940 eonvcnirc,
3534 4874 3673 4944 quod

2139 4943 2300 4998 nimis
2343 4946 2612 4998 excelsum
2683 4944 2989 5013 videbatur,
3039 4958 3104 4997 eo
3163 4945 3301 5013 quod
3371 4960 3464 5011 per
3545 4944 3672 4996 illud

2137 5015 2338 5078 aequari
2388 5015 2656 5066 videretur
2684 5014 2918 5065 Christo.
2950 5012 3059 5066 Nos
3090 5012 3284 5076 tamen,
3314 5021 3369 5064 ut
3403 5013 3516 5065 suis
3549 5013 3672 5065 locis

2140 5081 2552 5140 declarabinius.
2588 5093 2640 5134 et
2668 5096 2915 5150 maguum
2939 5080 3331 5150 esselatemur,
3361 5096 3459 5133 nec
3496 5091 3671 5133 tamen

2091 5182 2094 5189 ς
2141 5150 2275 5203 adeo
2317 5165 2565 5216 magnum
2601 5160 2658 5203 ut
2691 5148 2995 5204 ad'Cbristi
3033 5148 3360 5216 Majestatem
3401 5150 3669 5202 ascendat.

2141 5217 2319 5280 Quare
2378 5220 2620 5271 frivolum
2663 5231 2744 5272 est
2806 5221 3020 5287 penitus
3053 5221 3192 5287 quod
3229 5217 3514 5280 addebant,
3546 5220 3672 5287 satis

2140 5304 2254 5338 eam
2303 5298 2358 5337 ut
2401 5289 2484 5338 llci
2545 5287 2766 5340 Matrem
2808 5285 3092 5351 celebrari,
3127 5289 3283 5355 idque
3331 5287 3502 5355 solum
3560 5285 3673 5338 loco

2143 5357 2317 5407 omnis
2351 5356 2557 5417 laudis;
2589 5370 2709 5408 nam
2747 5363 2844 5410 hac
2887 5358 3000 5424 ipsa
3039 5354 3242 5409 ratione
3273 5354 3672 5418 concluderent,

2144 5440 2210 5476 ne
2245 5426 2491 5475 laudetur
2545 5435 2600 5476 ut
2657 5424 2836 5492 Virgo,
2869 5441 2936 5478 ne
2970 5428 3178 5479 colatur
3222 5437 3278 5478 ut
3320 5424 3676 5489 sanctificata,

2144 5503 2380 5546 taceatur
2419 5504 2471 5544 et
2500 5494 2808 5560 Assumptio
2838 5497 2954 5561 ejus
2997 5496 3244 5561 gloriosa,
3269 5503 3323 5547 et
3353 5496 3438 5547 alii
3487 5510 3681 5561 praero-

2146 5563 2438 5682 {galivai'um
2477 5565 2635 5630 tituli,
2671 5564 2866 5631 quibus
2897 5565 3151 5622 ahtmdat,
3196 5584 3214 5616 ι
3250 5564 3338 5619 Sic
3357 5563 3680 5619 Catbarinus

2167 5646 2262 5682 oco
2296 5641 2477 5682 emito.
3558 5664 3564 5673 .

2167 5646 2262 5684 0C0
2296 5641 2477 5687 ειωιυ.
3558 5664 3564 5673 .
