3936 6304
175 333 308 396 i065
1597 329 1954 393 MARIALE.
3256 313 3389 385 1096

167 445 444 514 ἄφραστον
469 443 564 512 τῆς
594 443 794 514 σεπτῆς
822 443 1034 514 λοχείας
1063 461 1160 496 σου
1199 448 1292 516 τῆς
1336 445 1525 512 ἁγνῆς,
1555 462 1721 498 ποικι-

1837 449 2016 509 partus
2081 435 2154 489 tui
2200 418 2522 490 venerabilis
2573 444 2624 490 ct
2689 431 2862 498 casti;
2895 446 2989 502 per
3027 432 3205 485 varias
3257 435 3391 501 ligu-

166 537 450 605 λοτρόπως
475 536 547 599 ὡς
584 536 886 608 ἐχώρησαν,
922 535 1078 589 τοῦτο
1107 539 1495 609 προήγγειλαν.

1839 546 1950 594 ras,
1991 528 2449 598 quemadmodum
2513 543 2705 598 capere
2760 535 3083 595 powerant,
3141 540 3393 592 ιιῑαειιυιι-

1829 624 2102 678 tiavernnt
2127 620 2280 674 illud.

247 706 505 776 ’Δγίασον
558 707 656 780 τὴν
703 709 881 781 ψυχήν
932 728 1054 780 μου,
1087 710 1410 782 Παρθένε,ή
1453 713 1542 766 τὸν
1573 713 1727 781 ἅγιον
1782 773 1787 780 ι

1901 712 2196 768 Sanctiﬁca‘
2220 709 2456 765 animam
2482 726 2681 777 meam,
2709 727 2742 765 ο
2773 710 2957 781 Virgo,
2984 723 3106 780 quae
3136 716 3388 764 sanctum

161 799 424 867 κυήσασα
475 801 666 865 Λόγον,
700 800 789 852 τὸν
836 800 1049 870 ἀληθῶς
1104 804 1161 856 έν
1193 803 1388 871 ἁγίοις,
1425 804 1498 865 ὡς
1547 804 1715 872 θέμις1

1845 805 2070 859 Verbum
2098 801 2360 873 genuisti,
2393 801 2536 871 quod
2565 804 2618 855 in
2643 803 2844 858 sanctis
2859 803 2993 868 suis,
3026 802 3168 856 sicut
3184 817 3399 870 aaquum

164 887 589 957 ἀναπαυόμενον
627 889 786 957 μόνον
828 891 958 944 Θεὸν
993 893 1168 964 ἡμῶν,
1197 897 1291 948 καὶ
1341 896 1480 949 δίδου
1513 913 1604 966 μοι
1653 896 1718 959 ὡς

1845 908 1930 961 :st,
1969 897 2284 965 requiescit,
2308 894 2530 948 unicum
2569 895 2736 949 Deum
2775 905 3129 962 nostrum;et
3167 894 3233 947 da
3269 894 3399 946 mihi

163 978 387 1046 ἀληθῶς
420 983 765 1048 κατανύξεως
788 985 1044 1058 ὄμϐρους,
1088 989 1410 1060 πανάμωμε.

1842 1005 1974 1043 verre
2019 985 2461 1057 compunctionis
2528 985 2748 1047 imbres.
2794 1002 2827 1040 o
2870 985 3396 1040 immaculatissima.

238 1069 344 1122 Σοῦ
395 1073 490 1139 τὴν
520 1074 681 1140 νηδὺν
733 1076 807 1145 μὴ
855 1078 1197 1145 καταφλέξειν
1231 1083 1329 1150 τῆς
1380 1080 1630 1149 θεότητος
1667 1082 1727 1134 τὸ

1901 1080 2045 1151 lgnis
2083 1071 2325 1144 deitatis,
2369 1078 2460 1148 qui
2512 1077 2797 1132 universos
2822 1063 2977 1133 terra}
3027 1078 3161 1133 ﬁnes
3204 1077 3401 1131 divinis

169 1162 306 1234 πῦρ,
350 1165 785 1237 παρθενομῆτορ,
815 1169 1157 1239 σωματοῦται
1191 1173 1254 1226 ἐκ
1287 1171 1378 1224 σοῦ
1413 1175 1481 1227 τὰ
1521 1174 1723 1244 πέρατα

1845 1169 2524 1240 splendoribusilluminat,
2559 1182 2621 1220 ex
2660 1177 2812 1220 utero
2854 1177 2946 1220 tuo
2999 1182 3196 1231 corpus
3239 1182 3399 1220 acce-

165 1257 423 1321 φωτίζων
472 1261 592 1322 ταῖς
646 1259 854 1324 θεῖκαῖς
905 1261 1297 1333 λαμπρότησι·
1326 1266 1414 1320 διὰ
1463 1265 1619 1318 τοῦτό
1670 1282 1719 1317 σε

1848 1262 1928 1326 )it,
1963 1277 2059 1316 nec
2105 1272 2285 1316 tamen
2321 1261 2476 1314 illum
2534 1259 2837 1314 combussit.
2892 1277 2904 1310 :
2960 1269 3240 1328 propterea
3268 1269 3337 1324 te,
3371 1276 3402 1313 υ

167 1345 468 1416 ὑμνοῦμεν.

1837 1353 1999 1422 Virgo
2021 1353 2208 1417 Mater,
2240 1353 2639 1409 collaudamus.

251 1440 314 1493 '0
354 1440 604 1510 βουλήσει
664 1443 839 1498 πάντα
879 1445 1133 1508 ἐκτελῶν,
1159 1445 1467 1515 πανάμωμε
1505 1446 1731 1514 εὐλογη-

1906 1444 2008 1511 Qui
2070 1445 2351 1500 voluntate
2387 1461 2486 1500 sua
2533 1443 2765 1514 perfecit
2810 1443 3086 1507 universa,
3143 1443 3196 1495 in
3253 1453 3404 1496 utero

173 1526 336 1602 μένη,
371 1533 650 1603 βουληθεὶς
679 1535 772 1588 καὶ
809 1537 1020 1607 μήτραν
1059 1537 1156 1606 τὴν
1198 1537 1292 1607 σὴν
1326 1538 1727 1607 κατεσκήνωσε.

1851 1550 1950 1598 .υο,
2010 1550 2044 1592 o
2093 1546 2201 1590 tota
2247 1536 2598 1591 immaculata
2646 1551 2710 1590 ac
2752 1534 3063 1598 benedicta,
3109 1533 3405 1588 voluntarie

169 1623 267 1677 καὶ
291 1625 428 1696 σὰρξ
455 1624 664 1697 ὠράθη,
701 1629 792 1680 καὶ
823 1627 1024 1681 ὲθέωσέ
1075 1645 1140 1700 με
1193 1629 1470 1700 φθαρέντα
1503 1629 1563 1681 τὸ
1594 1628 1723 1697 πρό‹

1854 1627 2117 1694 rabitavit,
2175 1640 2228 1683 et
2253 1644 2380 1682 caro
2413 1628 2590 1684 factus
2621 1638 2723 1694 est,
2752 1643 2945 1696 meque
2973 1627 3124 1696 prius
3174 1626 3408 1695 pessimo

166 1730 329 1786 τερον
367 1717 461 1771 τοῦ
481 1718 794 1783 ἀπατεῶνος
831 1720 1063 1791 κακίστῃ
1098 1720 1419 1792 συμϐουλίᾳ.

1767 1787 1798 1792 _
1835 1719 2134 1789 deceptoris
2169 1720 2400 1774 consilio
2428 1721 2800 1789 depravatum,
2834 1716 3121 1772 deiﬁcavit.

238 1808 452 1878 Φρίττω
494 1826 609 1874 σου,
647 1810 774 1880 μόνε
816 1787 1062 1880 βασιλεῦ,
1087 1787 1184 1882 τὴν
1222 1787 1481 1881 δευτέραν
1526 1830 1733 1884 παρου-
1766 1787 1792 1842 Ε

1910 1809 2191 1876 Formido,
2259 1829 2292 1866 υ
2343 1811 2457 1865 Rex
2519 1813 2702 1875 unice,
2763 1794 3064 1866 secundum
3117 1809 3407 1867 adventum

170 1896 294 1948 σίαν
322 1898 414 1951 καὶ
439 1899 672 1964 δέδοικα,
726 1902 943 1972 ἄμετρα
997 1902 1229 1965 πταίσας
1288 1919 1390 1967 σοι,
1422 1904 1517 1956 καὶ
1566 1919 1724 1972 μετα·

1854 1919 2015 1968 .uum,
2050 1913 2104 1958 et
2141 1902 2330 1968 timeo,
2355 1919 2482 1958 cum
2519 1903 2786 1956 immensa
2813 1909 3037 1970 peccata
3071 1899 3205 1955 inte
3252 1915 3408 1971 como

168 1987 370 2054 γνώσει
399 1991 475 2061 μὴ
522 1991 895 2062 βελτιούμενος
924 2008 938 2022 ·
975 1992 1090 2047 ἀλλ’
1129 1994 1205 2056 ὡς
1246 1993 1509 2064 ὑπάρχων
1534 1995 1722 2061 ἀγαθὸς

1853 1994 2106 2059 miserim,
2153 1994 2299 2047 nulla
2337 2009 2431 2064 per
2478 1992 2858 2062 ptenitentiam
2916 1992 3059 2046 facta
3101 1993 3154 2045 in
3215 1991 3407 2046 melius

170 2076 522 2149 ὲπίστρεψον,
565 2079 739 2134 σῶσόν
772 2099 871 2151 με,
904 2082 1003 2152 τῆς
1050 2084 1330 2154 κυησάσης
1377 2101 1434 2136 σε
1483 2085 1724 2139 εὑποσδέ·

1855 2071 2168 2142 nutatiOne.
2205 2085 2312 2140 Sed
2340 2092 2394 2139 tu
2461 2092 2719 2153 tanquam
2753 2083 2863 2153 66
2907 2083 3082 2138 bonus
3130 2094 3409 2148 converte,

171 2183 347 2236 κτοις,
388 2172 582 2242 Ἰησοῦ,
604 2173 998 2245 παρακλήσεσι.
1660 2169 1674 2180 ’

1854 2191 1891 2235 ιι
1933 2168 2097 2236 salva
2138 2192 2246 2244 me,
2277 2193 2323 2247 ο¹
2349 2177 2497 2243 Jesu,
2533 2193 2627 2247 per
2688 2174 3098 2244 acceptissimas
3151 2175 3408 2230 interces-

769 2254 776 2264 ’
1458 2287 1460 2290 ·
1837 2275 2021 2328 siones
2068 2238 2345 2344 genitriJs
2377 2281 2500 2325 tuae.

183 2366 278 2421 Ἐκ
309 2368 415 2423 τοῦ
459 2372 714 2436 κανόνος
761 2375 982 2449 algida»
1027 2375 1199 2449 ᾷγιον
1237 2379 1572 2448 Πορφύριον
1604 2381 1725 2435 ἐπί-

1858 2380 1916 2434 Ex
1964 2397 2162 2435 canone
2211 2380 2340 2435 inS.
2377 2381 2728 2449 Porphyrium
2758 2381 3055 2448 episcopum
3106 2377 3412 2444 Caunum,

531 2457 768 2496 σκοπον
786 2443 976 2511 Γάζης
1011 2445 1199 2514 ’ἡμέρᾳ
1240 2443 1374 2510 κς⁵ί
1437 2443 1453 2448 ⁷
2486 2443 2596 2502 ’άῖε
2637 2450 2704 2502 26

243 2531 491 2601 Ὀμὸρον
537 2532 889 2605 είσδεξαμένη
930 2535 1024 2588 σοῦ
1057 2539 1114 2590 ὲν
1146 2542 1212 2608 τῇ
1255 2539 1406 2607 νηδύϊ
1441 2541 1530 2594 τὸν
1568 2543 1734 2613 οὐρά-

1913 2545 1954 2596 Ο
1985 2542 2150 2612 Virgo
2174 2542 2425 2611 Deipara,
2449 2540 2875 2606 cumcoelcstem
2910 2540 3136 2594 imbrem
3172 2541 3224 2593 in
3257 2552 3411 2595 utero

173 2637 311 2684 νιον,
346 2622 874 2696 Θεοτόκε,Παρθένε,
900 2629 1169 2699 ἁμαρτίας
1200 2630 1325 2693 τοὺς
1353 2631 1591 2703 ὄμϐρους
1613 2636 1727 2706 ἐξὴ-

1539 2652 1591 2698 υς
1613 2636 1738 2706 ὲξή-
1839 2621 1931 2688 tuo
1959 2634 2271 2703 suscepisti,
2303 2633 2511 2703 peccati
2548 2632 2749 2686 imbres
2784 2632 3093 2687 exsiccasti.

175 2725 366 2782 ρανας.

258 2800 448 2856 Ῥὖσαί
484 2821 550 2874 με
575 2805 892 2876 πρεσϐείαις
931 2825 1025 2860 σου
1055 2807 1164 2862 τῶν
1190 2810 1282 2864 τοῦ
1316 2812 1509 2884 ἐχθροῦ
1545 2814 1738 2884 βελῶν,

1913 2809 2105 2865 Libera
2157 2825 2264 2872 me,
2290 2825 2324 2864 ο
2381 2807 2670 2871 inviolata,
2705 2805 3199 2876 intercessionibus
3231 2807 3339 2861 tuis
3377 2823 3407 2861 a

172 2895 434 2965 ἄχραντε,
470 2897 563 2950 καὶ
581 2898 854 2969 λογισμῶν
882 2898 990 2954 τῶν
1016 2900 1473 2972 έπιεμϐαινόντων
1506 2907 1726 2975 ἀφειδῶς

1855 2903 2038 2964 ξοςυὶίε
2066 2903 2263 2967 hostis,
2301 2911 2355 2956 et
2389 2916 2418 2954 a
2471 2898 2895 2968 c0gitationibus
2932 2898 3132 2967 pravis,
3160 2914 3281 2969 quae
3330 2902 3409 2955 in-

171 2989 238 3056 τῇ
266 3005 337 3039 κα
345 2988 463 3058 ρδίᾳ
485 3007 610 3058 μου.

1841 3004 2050 3049 stanter
2073 2993 2468 3063 superveniunt
2503 2989 2656 3048 cordi
2692 3005 2832 3043 meo.
3199 2989 3203 2995 '

240 3076 607 3147 Νεκρωθέντα
654 3096 742 3145 με,
777 3081 1039 3150 πάναγνε,
1070 3084 1230 3136 πάλιν
1283 3085 1625 3155 ἀνεξὼωσας,
1661 3091 1735 3152 ὡς
1768 3144 1794 3155 η

1912 3085 1994 3140 Me
2031 3094 2307 3138 mortuum
2362 3082 2429 3138 ad
2469 3082 2633 3136 vitam
2685 3080 2975 3145 revocasti,
3007 3097 3040 3137 ο
3085 3081 3418 3146 castissima,

169 3168 424 3234 κυήσασα
457 3168 552 3236 τὴν
585 3169 729 3240 ζωὴν
763 3169 860 3241 τὴν
905 3173 1289 3239 ὲνυπόστατον,
1331 3176 1421 3229 τὸν
1456 3176 1581 3231 Υίὺν
1640 3182 1723 3232 καὶ

1866 3175 2036 3243 mippe
2067 3189 2187 3242 qua
2206 3174 2368 3225 vitam
2395 3171 2780 3225 subsistentem
2804 3172 3061 3240 genuisti,
3085 3171 3280 3226 Filium
3315 3176 3420 3228 sci-

173 3259 349 3323 Αόγον
374 3259 464 3312 τοῦ
496 3261 837 3332 Γεννήτορος.

1841 3267 1965 3320 licet
1995 3280 2058 3319 ac
2097 3263 2326 3317 Verbum
2356 3262 2654 3317 Genitoris.
3008 3251 3011 3254 ’

242 3349 432 3420 Μάνην
469 3351 670 3418 γενεῶν
698 3353 759 3403 ὲκ
788 3354 977 3406 πασῶν
1006 3373 1062 3407 σε
1083 3356 1362 3421 ἐξελέξατο
1383 3362 1409 3412 6
1431 3361 1735 3433 πλαστουρο

1909 3357 1985 3409 Te
2015 3357 2209 3416 solam,
2242 3370 2274 3408 o
2316 3353 2548 3421 Deipara
2601 3367 2812 3420 semper
2869 3351 3049 3422 Virgo,
3082 3370 3147 3408 ex
3196 3355 3413 3410 cunctis

176 3440 290 3506 γὺς,
327 3444 419 3495 καὶ
452 3443 780 3498 ἀναπλάττει
817 3446 963 3515 ἡμᾶς
1013 3449 1068 3500 ἐν
1101 3448 1186 3500 σο)⁸
1233 3449 1480 3521 οἰκήσας,
1512 3453 1730 3508 Θεοτόκε

1863 3447 2284 3515 ;cnerationibus
2309 3444 2470 3513 elegit
2492 3443 2739 3509 Creator,
2765 3456 2968 3500 etcum
3005 3445 3058 3498 in
3073 3455 3137 3500 -ιθ
3174 3447 3417 3501 habitas-

189 3533 560 3604 Ἀειπάρθενε.
651 3570 657 3574 -

1844 3551 1945 3603 set,
1975 3555 2073 3594 nos
2100 3539 2437 3594 reformavit.

245 3625 626 3696 Νεκροὺμενον
678 3627 772 3681 καὶ
823 3630 998 3703 φθορᾷ
1036 3634 1349 3705 ὑπαχθέντα
1379 3637 1470 3691 τὸν
1525 3640 1741 3710 πρωτό-

1915 3632 2322 3701 Protoplastum
2379 3641 2683 3694 mortuum,
2726 3639 2778 3684 et
2809 3631 3150 3700 corruptioni
3202 3631 3416 3698 subjec-

177 3716 434 3782 πλαστον,
475 3718 718 3790 Παρθένε
751 3722 961 3794 Μαρία,
991 3724 1080 3777 τὸν
1120 3729 1398 3798 νεκρωτὴν
1433 3729 1527 3782 τοῦ
1577 3731 1731 3784 θανάε

1858 3740 1980 3786 .um,
2021 3722 2086 3776 ad
2143 3722 2604 3776 immortalitatem
2654 3723 3008 3786 transtulisti,
3057 3738 3090 3777 o
3155 3724 3412 3776 inviolata

176 3829 270 3866 του
328 3815 586 3876 τεκοῦσα,
627 3816 707 3878 είς
764 3817 1077 3887 ἀφθαρσίαν
1123 3821 1453 3891 μετήγαγες,
1483 3807 1730 3893 ἄχραντε,

1858 3810 2232 3882 VirgoMaria,
2265 3826 2386 3865 cum
2421 3811 2612 3865 mortis
2646 3812 3093 3880 interemptorem
3127 3815 3412 3884 peperisti;

178 3907 281 3958 ut
301 3904 508 3970 ἔδειξας
538 3907 661 3970 τοὺς
709 3912 960 3979 γηγενεῖς
1018 3910 1321 3983 οὐρανίους,
1366 3913 1498 3967 Θεὸν
1555 3932 1732 3985 σωμα-

1854 3912 1897 3958 3t
1942 3905 2240 3974 terrigenas
2291 3903 2540 3958 ccelestes
2584 3902 2885 3969 reddidisti,
2921 3918 3046 3958 cum
3077 3905 3246 3960 Deum
3285 3923 3408 3962 cor-

178 3996 419 4052 τὼσασα.

1904 3993 2068 4046 irasti.
3452 4023 3458 4064 ί

248 4090 546 4161 υῐκτειρον,
565 4091 738 4146 σῶσόν
764 4109 852 4162 με,
886 4093 1152 4165 Παρθένε,
1185 4095 1274 4148 τὸν
1307 4097 1624 4169 οἰκτίρμονα
1655 4117 1741 4153 τε-

1917 4085 2170 4139 Miserere
2205 4085 2332 4147 mei,
2375 4094 2426 4139 et
2456 4085 2604 4140 salva
2639 4099 2746 4147 me,
2781 4099 2812 4138 0
2863 4083 3048 4155 Virgo,
3083 4102 3204 4155 qua:
3235 4087 3400 4144 Deum
3450 4072 3456 4138 ἐ

179 4180 348 4233 κοῦσα
379 4181 509 4234 Θεδν
538 4181 728 4250 Λόγον,
762 4185 856 4237 καὶ
884 4187 1026 4253 φωτὶ
1061 4185 1142 4256 τῷ
1178 4188 1238 4240 ὲν
1278 4189 1362 4241 σοὶ
1395 4191 1733 4259 καταύγασον

1858 4177 2085 4232 Verbum
2137 4177 2519 4232 miseratorem
2563 4177 2855 4246 peperisti;
2889 4187 2941 4231 ct
2974 4179 3112 4238 luce.
3155 4197 3274 4248 qua:
3329 4194 3412 4236 est

181 4271 388 4341 βοῶντα
409 4285 423 4300 ·
458 4271 857 4345 Εὐλογημένος,
896 4278 1160 4346 πάναγνε,
1190 4280 1219 4332 6
1267 4281 1476 4351 καρπὸς
1510 4283 1606 4353 τῆς
1644 4284 1735 4355 σῆς

1857 4283 1898 4321 ιιι
1940 4277 2011 4331 te,
2045 4267 2291 4321 illumina
2330 4282 2416 4320 me
2458 4267 2786 4322 clamantem
2817 4285 2832 4322 :
2871 4267 3220 4336 Benedictus,
3258 4287 3290 4326 ο
3320 4288 3411 4326 ca-

181 4364 408 4428 κοιλίας.

1846 4358 2107 4426 stissima,
2139 4359 2346 4413 fructus
2371 4360 2572 4413 ventris
2596 4360 2694 4413 tui.
2997 4356 3003 4366 ’

264 4459 353 4521 Ὧς
403 4460 678 4531 ἀνωτέραν
733 4477 794 4514 σε
842 4460 1060 4514 πάντων
1101 4461 1209 4515 τῶν
1266 4464 1606 4533 ποιημάτων,
1647 4467 1742 4520 καὶ
1778 4475 1818 4528 D

1919 4449 1993 4503 Te
2027 4455 2577 4518 tanquam‘creatuns
2629 4448 2885 4506 omnibus
2920 4452 3328 4518 sublimiorem,
3358 4469 3412 4513 et

183 4551 430 4621 οὐρανῶν
495 4551 856 4618 πλατυτέραν,
899 4554 1335 4624 παρθενομῆτορ,
1383 4556 1667 4626 ἠγάπησεν
1715 4561 1737 4616 ὀ

1861 4542 2006 4596 caelis
2051 4542 2182 4611 ipsis
2239 4541 2513 4605 latiorem,
2556 4541 2749 4596 dilexit
2798 4543 2941 4598 [ilius
2986 4554 3133 4609 tuus,
3162 4561 3196 4599 ο
3251 4545 3415 4618 Virgo

183 4643 294 4706 υἱός
333 4660 450 4706 σου,
477 4643 573 4696 καὶ
596 4644 774 4713 σάρκα
799 4646 864 4696 ἐκ
899 4644 993 4696 σοῦ
1039 4645 1354 4701 ὰνελάὸετο.
1849 4633 2038 4699 Mater.
2072 4643 2123 4688 θῑ
2149 4649 2368 4689 carnem
2405 4635 2644 4703 suscepit
2669 4651 2733 4688 ex
2771 4643 2841 4689 ιθ·

247 4737 436 4788 Φεϊσαί
463 4754 584 4806 μου,
615 4737 816 4807 Σῶτερ,
847 4738 875 4788 6
897 4737 1108 4806 τεχθεὶς
1145 4738 1238 4791 καὶ
1268 4738 1502 4807 φυλάξας
1529 4739 1625 4809 τὴν
1656 4759 1741 4793 τε-

1921 4726 2088 4780 l’aree
2153 4727 2309 4789 mibi,
2376 4728 2645 4790 Salvator,
2686 4727 2778 4796 qui
2824 4736 3023 4790 natus,
3070 4727 3404 4785 Genitricem

181 4828 382 4882 κοῦσάν
414 4844 473 4880 σε
520 4828 754 4897 ἄφθορον
789 4827 927 4897 μετὰ
959 4829 1060 4898 τὴν
1092 4826 1307 4897 κύησιν,
1344 4830 1468 4881 ὅταν
1515 4830 1735 4901 καθίσῃς

1858 4824 1998 4870 tuam
2041 4825 2164 4887 post
2197 4827 2411 4886 partum
2466 4818 2835 4886 incorruptam
2885 4822 3249 4884 conservasti,
3289 4838 3412 4875 cum

185 4920 371 4990 κρίναι
401 4921 468 4972 τὰ
505 4919 642 4990 ἔργα
663 4937 798 4989 μου,
831 4919 928 4982 τὰς
966 4920 1194 4989 ἀνομίας
1227 4921 1481 4990 παρορῶν
1513 4922 1607 4974 καὶ
1644 4923 1739 4984 τὰς

1857 4909 2059 4964 sederis
2081 4921 2139 4964 ut
2167 4911 2378 4980 judiees
2411 4926 2574 4979 opera
2613 4924 2727 4962 mea
2757 4927 2771 4964 :
2804 4909 3160 4965 dissimulans
3211 4914 3411 4982 iniqui-

181 5012 456 5081 ἁμαρτίας
491 5029 614 5081 μου,
650 5011 725 5075 ὡς
758 5011 1160 5083 ἀναμάρτητος,
1195 4994 1440 5080 ἐλεήμων
1477 5011 1551 5076 ὼς
1587 5013 1735 5079 Θεὸς,

1859 5011 1991 5057 Lalcs
2026 5020 2195 5066 meas,
2224 5014 2273 5058 et
2306 5012 2524 5072 peccata
2562 5011 2972 5070 mea,tanqnam
3015 5003 3413 5073 impcccabilis;

183 5106 270 5156 καὶ
316 5103 716 5174 φιλάνθρωπος.

1853 5096 2169 5150 misericors
2201 5106 2261 5149 ut
2291 5095 2453 5160 Deus,
2480 5101 2761 5148 etamator
2784 5092 3063 5148 horninur“

195 5217 288 5269 Ἐκ
317 5216 425 5269 τοῦ
469 5218 728 5278 κανόνος
774 5219 861 5280 είς
900 5215 1006 5270 τὸν
1036 5215 1210 5269 ὅσιον
1258 5218 1596 5282 Προκόπιον
1638 5222 1745 5274 τὸν
1851 5207 1957 5277 67
2016 5205 2099 5259 Ex
2155 5223 2348 5260 σαηοηε
2406 5207 2459 5259 ίη
2646 5203 2966 5284 Ρζθσορίηηι
3013 5205 3365 5269 [θιτείιιιοίῐίαιη
3398 5250 3410 5270 ι

561 5276 974 5354 Δεκαπολῖτην
1011 5287 1199 5356 ἡμέρᾳ
1250 5276 1354 5346 κζ’.
1875 5276 1882 5277 ί

1178 5303 1199 5354 μ
1250 5276 1354 5346 κξν,
1875 5276 1882 5277 ί
2539 5276 2621 5327 die
2644 5276 2732 5328 27.

254 5400 680 5473 Σεσαρκωμένον
701 5400 792 5452 τὸν
819 5402 989 5469 Λόγον
1032 5400 1350 5471 θεοπρεπῶς
1379 5373 1741 5469 συλλαϐοῦσα,

1829 5431 1833 5434 .
1922 5390 2057 5442 Cum
2089 5389 2347 5450 Verbum,
2381 5390 2525 5457 quod
2550 5399 2706 5442 antea
2740 5405 2768 5441 a
2806 5403 2968 5441 carne
3003 5398 3115 5438 erat
3138 5387 3377 5439 immune

189 5495 445 5563 πάναγνε,
478 5491 569 5546 τὸν
609 5491 738 5561 πρὶν
767 5491 1027 5561 ἄσαρκον,
1061 5494 1190 5563 ἡμῖν
1221 5493 1360 5564 ὑπὲρ
1394 5493 1555 5561 φύσιν
1595 5498 1743 5552 τέτο-

1860 5495 1914 5535 ex
1945 5491 1993 5534 te
2030 5482 2392 5541 incarnatum,
2427 5495 2490 5533 eo
2523 5481 2683 5532 modo
2711 5495 2817 5547 quo
2841 5478 2948 5529 Deo
2979 5477 3200 5540 dignum
3230 5492 3293 5529 ac
3323 5479 3414 5529 de-

186 5601 304 5652 κας,
360 5586 540 5655 ἁγνὴ,
602 5582 739 5653 μετὰ
784 5583 1035 5653 γέννησιν
1093 5585 1358 5654 παρθένος
1402 5586 1740 5657 διαμείνασα.

1862 5590 1982 5627 cens
2044 5583 2181 5636 erat,
2227 5575 2591 5640 concepisses,
2627 5589 2657 5625 o
2709 5570 3009 5625 castissima
3049 5567 3230 5636 Virgo,
3260 5570 3416 5622 nobis

1856 5682 2016 5734 supra
2062 5676 2270 5719 natura:
2321 5667 2566 5720 ordinem
2625 5663 2900 5735 peperisti.
2953 5676 3013 5714 ac
3051 5670 3168 5731 post
3201 5671 3430 5731 partum“

1858 5761 2005 5826 virgo
2029 5759 2409 5826 persevcrasti.
2658 5762 2660 5765 ’

442 5880 444 5882 τ
488 5846 745 5904 Ριτιιοι..
799 5846 916 5907 Gn.
963 5844 1084 5905 CV.

2873 5846 2945 5904 3't
