3936 6304
545 287 551 291 .
615 190 748 256 1067
1737 202 1798 260 S.
1842 200 2152 262 JOSEPHI
2192 200 2746 264 HYMNOGRAPIII
3710 206 3853 270 itif-3

679 303 816 374 (διο)
851 302 1068 358 Natura:
1104 303 1269 370 leges,
1303 302 1462 359 Jcsus
1489 306 1579 388 qui
1612 316 1694 362 est
1730 309 1872 365 Deus
1893 311 2042 364 omni
2071 309 2307 365 essentia
2333 311 2605 381 superior,
2637 313 2935 381 innovavit,
2967 329 3000 369 o
3039 313 3105 370 ab
3131 315 3280 372 omni
3311 316 3528 372 macula
3561 315 3849 380 immunis,

607 408 675 447 ex
702 401 857 446 utero
886 399 978 445 tuo
1013 400 1271 455 exortus;
1309 392 1404 460 qui
1433 393 1585 448 solus
1608 395 1774 451 rebus
1814 397 2087 452 universis
2111 399 2360 452 concedit
2394 413 2540 462 esse,
2573 401 2854 455 voluntate
2877 417 2997 458 sua.

679 478 725 534 Ο
747 487 900 548 porta
923 478 1128 547 gratiae,
1163 494 1284 546 quae
1310 479 1635 536 mortalibus
1658 482 1924 538 cmlorum
1946 491 2156 554 portam
2191 484 2449 553 aperuisti
2470 502 2484 552 ;
2505 485 2717 556 patefac
2741 488 2900 553 mihi,
2935 488 3185 552 Domina,
3208 489 3542 562 paenitentia:
3563 500 3766 560 portas,
3797 509 3852 547 et

611 584 638 622 a
669 567 840 638 portis
873 566 1065 620 mortis
1097 566 1264 620 libera
1301 582 1409 620 me.

678 656 760 710 Ab
788 655 1009 724 antiqua
1060 653 1463 709 maledictionis
1519 656 1790 710 sententia
1846 654 2104 726 redempti
2166 670 2261 725 per
2308 665 2528 726 partum
2558 667 2733 722 tuum,
2762 675 2795 716 o
2849 660 3262 720 inviolatissima
3294 664 3500 727 Puella,
3529 680 3594 719 ac
3653 680 3758 734 per
3797 679 3849 718 te

619 742 835 807 salvati,
871 749 922 794 te
975 739 1230 796 laudibus
1268 741 1607 808 extollimus,
1650 743 1949 799 clamantes
1979 749 2032 797 et
2061 757 2184 797 cum
2226 743 2333 800 [ide
2361 745 2606 802 dicentes
2649 765 2663 802 :
2693 746 2982 805 Benedicta
3032 757 3112 818 tu,
3146 767 3268 822 qua:
3293 752 3462 807 Deum
3494 753 3848 807 incarnatum

603 843 896 900 .peperisu.
1323 845 1328 849 '

680 917 932 970 Divinum
963 913 1360 983 Prophetarum
1390 917 1681 988 collegium
1744 918 2022 987 mysteriis
2056 918 2168 974 tuis
2203 933 2419 976 sacrum
2465 923 2518 978 in
2575 938 2786 979 morem
2840 925 3113 981 initiatum
3165 924 3291 992 fuit,
3318 943 3352 982 ο
3385 926 3637 997 Deipara,
3679 929 3844 998 longe

609 1015 733 1059 ante
757 1005 1033 1068 edoctum,
1072 1012 1125 1056 et
1163 1004 1312 1057 clare
1341 1019 1620 1075 exponens
1653 1003 1820 1057 divini
1851 1011 2041 1072 partus
2075 1004 2152 1058 tui
2188 1006 2404 1067 divinas
2430 1011 2850 1081 appellationes.
3387 1053 3390 1056 .

674 1092 753 1145 Ad
793 1106 974 1144 vocem
1005 1091 1204 1161 angeli,
1235 1093 1417 1161 magni
1453 1090 1669 1146 consilii
1702 1089 1968 1160 Angelum
2009 1089 2287 1149 Christum
2335 1095 2746 1155 Emmanuelem
2804 1101 2858 1156 in
2914 1115 3080 1157 carne
3129 1102 3416 1173 peperisti,
3455 1102 3546 1171 qui
3592 1104 3849 1158 homines

605 1178 1130 1322 angelisropulavit
1161 1196 1174 1244 ;
1211 1194 1242 1231 ο
1277 1178 1441 1248 Virgo
1471 1178 1650 1248 puella
1681 1177 1796 1232 sola
1829 1176 2138 1246 benedicta,
2174 1182 2291 1238 sola
2323 1186 2581 1244 omnibus
2611 1179 2866 1246 laudibus
2896 1189 3240 1259 celebranda,
3268 1191 3387 1247 sola
3439 1207 3606 1246 causa
3641 1200 3851 1246 nostra

643 1283 689 1322 ei
717 1269 991 1322 icationis.
3244 1285 3248 1289 λ

643 1267 796 1322 eilica
806 1267 991 1322 tionis.
3244 1285 3248 1289 ‘

606 1386 692 1441 Ea:
745 1404 944 1444 canone
974 1390 1026 1443 in
1068 1386 1141 1460 S._
1167 1386 1379 1440 Patrem
1410 1393 1646 1460 nostrum
1692 1386 2012 1443 Cassianum
2051 1404 2160 1443 con-

2294 1389 2395 1444 Ἐκ
2437 1387 2544 1443 τοῦ
2572 1391 2934 1460 κανόνος-,είς
2961 1390 3067 1444 τὸν
3087 1390 3262 1444 ὅσιον
3286 1391 3516 1458 Πατέρα
3544 1391 3719 1460 «ἡμῶν
3737 1395 3839 1446 καὶ

1011 1518 1025 1530 ,
1112 1458 1383 1527 fessorem,
1421 1457 1504 1511 dei
1535 1456 1625 1512 29.
2516 1456 3255 1546 ὁμολογητὴνΚασιανόγ,
3298 1456 3488 1530 ἠμέρᾳ
3520 1456 3631 1516 κθ.

677 1568 837 1626 Omni
875 1579 1123 1627 creatura
1174 1570 1377 1626 visibili
1413 1578 1577 1641 atque
1624 1569 1880 1626 invisibili
1924 1569 2175 1641 superior

2361 1571 2494 1623 ’Υπε
2507 1571 2672 1642 ρτέρα
2704 1572 2971 1644 πέφηνας,
3001 1571 3158 1643 ἁγνὴ,
3189 1573 3371 1643 πάσης
3398 1575 3630 1644 ἀοράτου
3659 1591 3721 1626 τε
3750 1576 3848 1627 καὶ

602 1665 920 1734 apparuisti,
946 1680 979 1720 ο
1004 1672 1152 1721 casta
1183 1679 1398 1734 semper
1420 1663 1614 1735 Virgo;
1639 1664 1836 1719 etenim
1857 1664 2156 1719 Creatoren

2301 1662 2498 1733 ηρατῆς,
2554 1663 2926 1734 ’Διιπάρθενε,
2967 1665 3237 1727 κτίσεως·
3291 1665 3383 1718 τὸν
3442 1665 3551 1733 γὰρ
3601 1665 3855 1731 κτίστην

601 1756 885 1824 pt-pel'lall,
917 1756 1006 1811 cui
1036 1755 1297 1826 placitum
1332 1754 1439 1810 fuit
1475 1754 1754 1811 incarnari
1792 1754 1846 1808 in
1870 1763 2024 1810 utero
2056 1765 2155 1808 tuo.

2293 1754 2520 1821 εέτοκας,
2549 1755 2623 1820 ὡς
2669 1756 2936 1827 ηὑδόκησε
2999 1756 3349 1828 σαρκωθῆναι
3408 1758 3468 1811 ὲν
3501 1758 3687 1829 μήτρᾳ
3724 1773 3847 1819 σου,

601 1847 862 1902 Eumdem
912 1863 1036 1902 cum
1085 1849 1197 1918 68
1237 1847 1433 1903 fiducia
1465 1863 1527 1902 ac
1581 1847 1834 1902 libertate
1881 1846 2155 1916 deprecart

2288 1846 2329 1901 ιν
2360 1848 2457 1902 σὺν
2476 1848 2754 1921 παρρησία
2773 1847 3039 1920 πρέσϐευσ
3068 1849 3303 1920 σωθῆναι
3329 1849 3426 1914 τὰς
3446 1849 3626 1920 ψυχὰς
3658 1847 3842 1919 ἡμῶν.

598 1954 695 2010 pro
733 1941 909 1994 salute
939 1940 1250 1994 animarum
1281 1949 1596 1994 nostrarum
2688 1923 2692 1928 ’

670 2031 836 2097 Sana,
865 2046 1078 2102 precor,
1117 2046 1150 2087 ο
1179 2030 1498 2101 purissima,
1533 2030 2025 2086 intercessionibus
2058 2028 2168 2085 tuis

2353 2018 2681 2101 Ἷάτρευσον,
2733 2033 3059 2104 παναμωμε,
3095 2032 3192 2103 τὴν
3237 2032 3414 2104 ψυχήν
3471 2049 3596 2102 μου,
3628 2031 3843 2102 δέομαι,

597 2127 838 2183 animam
895 2142 1096 2190 meam,
1130 2140 1250 2196 qua:
1303 2141 1331 2180 a
1380 2125 1730 2196 passionibus
1776 2133 1941 2194 atque
1987 2121 2151 2178 omni-

2289 2117 2666 2185 ιξασθενοῦσαν
2708 2123 2924 2190 πάθεσι,
2968 2125 3062 2176 καὶ
3104 2122 3386 2185 παντοίαις
3433 2123 3843 2176 ὲπαναστάσεσι

490 2285 500 2291 θ
596 2221 750 2289 genis
795 2220 1156 2290 pessimorum
1193 2219 1505 2274 daemonum
1560 2217 1865 2274 assultibus
1901 2230 2044 2287 Oppri

1924 2229 2172 2287 ippressa
2267 2215 2376 2270 τῶν
2408 2215 2684 2271 κακίστων
2717 2215 3007 2288 δαιμόνων,
3041 2219 3342 2288 μεσιτείαις
3363 2236 3478 2274 σου.

595 2312 918 2366 lananescit.

661 2327 918 2382 ngnescu.

661 2399 932 2469 Tempore
982 2408 1296 2470 ,carentem,
1353 2399 1458 2455 sub
1503 2407 1747 2469 tempore
1806 2398 2163 2462 constitutum

2333 2400 2440 2454 Τὸν
2487 2399 2717 2472 ἄχρονον
2757 2399 2864 2454 ὑπὸ
2919 2400 3108 2474 χρόνον
3143 2401 3438 2471 γενόμενον
3486 2402 3718 2466 τέτοκας
3745 2405 3839 2473 ἆῤ-

594 2493 944 2548 inell‘abiliter
975 2492 1259 2564 peperisti,
1290 2489 1885 2567 oinimaculatissima,
1915 2481 2010 2561 qui
2045 2490 2148 2546 luct

2285 2494 2466 2565 Sﬁ'rtoc,
2515 2495 2822 2565 πανάμωμε
2852 2533 2869 2559 ,
2917 2495 3008 2548 τὸν
3057 2494 3185 2558 τοὺς
3213 2495 3396 2558 ὁσίους
3452 2495 3839 2566 λαμπρύνοντα

591 2584 873 2656 perfundit
923 2595 1142 2639 sanctos
1181 2598 1331 2647 suos,
1352 2585 1444 2654 qui
1474 2585 1526 2638 in
1561 2584 1664 2638 ﬁde
1694 2583 1899 2653 Optime
1929 2598 1990 2639 se
2036 2597 2145 2654 ges‘

2284 2585 2446 2639 τίστει
2472 2585 2925 2656 ἀριστεύσαντας,
2962 2586 3173 2639 καὶτὸν
3228 2586 3535 2656 ἀρχέκακον
3568 2587 3694 2655 ὅφιν
3745 2603 3838 2638 τα-

589 2663 805 2742 serunt,
840 2687 892 2732 et
944 2678 1247 2747 principem
1292 2678 1558 2730 malorum
1608 2683 1918 2745 serpentem
1979 2672 2143 2728 humi-

1107 2678 1247 2746 ipetn
1292 2678 1558 2730 malorum
1608 2683 1918 2745 serpentem
1979 2672 2163 2728 hutni-
2266 2673 2660 2740 πεινώσαντας.

591 2771 796 2826 liavcru
807 2779 882 2824 nt.
2202 2748 2242 2802 Β

665 2868 786 2924 Vita
819 2885 879 2924 ex
935 2877 1006 2932 te,
1049 2883 1082 2922 0
1132 2865 1317 2936 Virgo,
1366 2879 1530 2934 supra
1581 2863 1782 2936 mentis
1838 2869 2165 2934 conceptum

2348 2859 2442 2912 Ἐκ
2490 2859 2644 2930 σοῦὴ
2683 2859 2796 2930 ζωὴ
2827 2860 2966 2930 ὑπὲρ
3011 2860 3156 2923 νοῦν,
3193 2859 3460 2931 Παρθένε,
3509 2860 3837 2914 ἁνατεί).ασα

589 2971 804 3023 εισι-ιο,
841 2959 1052 3015 hostem
1105 2957 1405 3020 interemit,
1450 2954 1542 3023 qui
1600 2969 1700 3010 nos
1747 2968 1938 3009 omnes
1977 2964 2143 3008 morti

2282 2949 2457 3020 εχθρὸν
2481 2950 2842 3016 ἐθανάτωσεν,
2872 2950 3117 3014 ἅπαντας
3140 2953 3171 3021 ἠ
3180 2953 3284 3022 μᾶς
3305 2951 3396 3004 τὸν
3425 2949 3836 3012 θανατώσαντα,

587 3053 874 3116 allecerat;
933 3060 988 3105 et
1032 3048 1297 3104 mundum
1333 3056 1385 3101 te
1444 3047 1782 3102 incessanter
1830 3044 2138 3100 laudantem

2082 3060 2161 3113 tn,
2263 3045 2360 3098 καὶ
2384 3042 2604 3109 ἑζώωσε
2635 3043 3154 3112 κόσμον-ἀπαύστως
3183 3043 3527 3113 ἀνυμνοῦντά
3555 3059 3636 3096 σε.

584 3145 897 3200 vivilicavit.
1139 3120 1166 3150 χ

654 3233 940 3304 Tanquam
994 3231 1276 3303 pulchram
1315 3244 1378 3285 ac
1426 3227 1732 3300 speciosam
1765 3227 2164 3299 concupiscens

2344 3221 2435 3285 Ὠς
2476 3220 2668 3293 καλὴν,
2719 3221 2793 3282 ὡς
2820 3221 3028 3292 ὡραίαν
3082 3221 3323 3291 ποθήσας
3372 3238 3431 3274 σε
3457 3221 3486 3272 ό
3513 3221 3837 3285 καλλοποιὺς

585 3335 637 3379 te
666 3317 1069 3396 pul‘clierrimus
1101 3320 1285 3386 Jcsus,
1312 3335 1344 3374 ο
1373 3319 1759 3385 mundissima,
1795 3334 1860 3372 ex
1885 3326 1938 3371 te
1965 3332 2134 3372 secun

2279 3312 2505 3383 Ἰησοῦς,
2529 3312 2931 3384 παναμὼμητε,
2961 3317 3023 3367 ὲκ
3057 3313 3150 3367 σοῦ
3178 3315 3341 3384 σαρκὶ
3368 3315 3720 3386 γεγέννηται,
3745 3316 3833 3367 καὶ

587 3417 717 3470 dum
756 3430 976 3469 carnem
1005 3425 1164 3467 natus
1193 3421 1298 3476 est,
1348 3421 1402 3466 et
1450 3426 1538 3466 me
1570 3419 1795 3482 propter
1832 3410 2141 3464 immensan

1584 3419 1795 3481 propter
1832 3410 2161 3464 immensam
2263 3404 2376 3457 θεοῖ
2401 3422 2469 3476 με
2499 3405 2566 3458 δι’
2603 3399 2782 3458 οἶκτον
2810 3406 3138 3477 ἀμέτρητον.

587 3503 1023 3560 misericordiam
1061 3518 1216 3559 suam
1248 3501 1546 3557 deilicavit.

664 3597 962 3652 Thalamus
998 3597 1088 3651 Dei
1119 3595 1304 3659 Verbi,
1342 3604 1395 3650 et
1419 3596 1654 3650 thronus
1693 3594 1814 3663 elus
1842 3591 2158 3664 ignil‘ormis

2333 3587 2556 3651 Παστάς
2583 3587 2958 3658 ὲχρημάτισας
2985 3589 3080 3643 τοῦ
3108 3589 3242 3642 Θεοῦ
3281 3590 3478 3659 Λόγου,
3505 3592 3601 3642 καὶ
3644 3591 3831 3660 θρόνος

581 3692 724 3747 facta
759 3706 838 3754 es,
870 3705 902 3743 0
955 3697 1102 3745 casta
1132 3707 1145 3743 :
1181 3689 1237 3741 in
1288 3702 1401 3757 quo
1447 3687 1589 3741 idem
1650 3683 1912 3752 Verbum,
1941 3693 2135 3755 proptet

2273 3680 2625 3750 πυρίμορφος,
2659 3681 2718 3733 ἑν
2755 3672 2798 3746 ᾧ
2845 3678 3264 3734 ὲπανεπαύσατο
3294 3681 3321 3733 ό
3368 3681 3539 3749 Λόγος
3592 3682 3827 3750 σαρκού-

583 3799 856 3839 summam
899 3781 1195 3836 bonitatem
1251 3793 1430 3844 suam,
1486 3778 1830 3833 incarnatum
1867 3775 2131 3846 requievit

2273 3789 2439 3838 aevoc,
2483 3771 2548 3825 δι’
2607 3770 2785 3843 ἄκραν
2836 3771 3148 3842 ἀγαθότητα
3179 3789 3192 3804 ·
3233 3772 3422 3827 τοῦτον
3467 3769 3558 3827 οὖν
3594 3772 3827 3835 ἱκέτευε,

585 3877 762 3946 Ipsum
819 3887 948 3943 ergo
977 3871 1296 3940 deprecare,
1345 3878 1404 3924 ut
1456 3869 1561 3923 mei
1604 3868 1953 3934 misereatur,
1990 3875 2139 3936 atque

1911 3882 1953 3934 r,
1990 3875 2156 3936 atque
2258 3851 2885 3936 ἁγνὴ.κατοικτειρῆσαι
2925 3865 3019 3919 καὶ
3039 3865 3259 3937 ἐλεῆσαι
3299 3867 3465 3938 ἡμᾶς.

583 3981 711 4036 erga
746 3980 831 4019 uie
870 3962 1121 4017 ostendat
1144 3962 1581 4034 compasslonem
1616 3974 1795 4014 suam.
2715 4009 2719 4020 ,
3265 4019 3269 4022 ν

655 4055 908 4112 Miseram
945 4055 1184 4109 animam
1217 4069 1395 4108 meam
1423 4053 1612 4108 multis
1643 4052 1810 4108 Belial
1846 4051 2154 4122 aggressio-
2182 4088 2209 4148 ί

2340 4046 2806 4120 Ἐξασθενήσασαν
2840 4046 3060 4113 πολλαῖς
3106 4047 3206 4120 τὴν
3251 4047 3444 4102 ἀθλίαν
3485 4064 3587 4118 μου
3627 4047 3823 4117 ψυχὴν,

582 4150 746 4204 nibus
772 4157 934 4219 atque
964 4148 1162 4203 ictibus
1193 4146 1544 4211 infirmatam,
1573 4147 1825 4216 precibus
1862 4146 1965 4200 tuis
1991 4145 2136 4200 robo-

2269 4140 2587 4212 Βεοκυῆτορ,
2619 4140 2944 4211 προσϐολαῖς
2985 4141 3078 4194 τοῦ
3121 4140 3336 4211 Βελίαρ,
3367 4143 3487 4202 ταῖς
3530 4142 3823 4211 ρωστικαίς

582 4241 871 4295 ratricibus
930 4255 1060 4294 sana
1115 4247 1279 4308 atque
1326 4237 1653 4293 incolumem
1710 4235 1882 4301 cﬂice,
1923 4251 1956 4291 ο
1991 4235 2136 4307 Virgt

2270 4251 2355 4287 που
2383 4234 2577 4298 λιταῖς,
2608 4235 2875 4304 Παρθένε,
2909 4235 3036 4305 ὑγιῆ
3064 4234 3402 4304 ὰπέργασαι,
3429 4233 3515 4285 ἵνα
3542 4248 3602 4284 σε
3618 4231 3824 4296 δοξάζω

585 4333 677 4386 Ιιοί
711 4316 969 4403 genitriit,
1009 4340 1067 4384 ut
1096 4342 1143 4384 te
1170 4330 1223 4383 in
1247 4331 1432 4383 omnia
1455 4329 1651 4384 saecula
1673 4327 1990 4400 gloriﬁccm.

1425 4329 1651 4384 istecula
1673 4327 1990 4400 gloriﬁccm.
2253 4327 2331 4390 είς
2359 4326 2566 4388 πάντας
2597 4327 2722 4390 τοὺς
2755 4327 2979 4390 αἰῶνας.

650 4422 910 4476 Naturam
961 4421 1119 4490 primi
1193 4421 1432 4491 parentis
1482 4431 1799 4491 corruptam
1853 4420 2147 4486 renovasti,

2325 4419 2628 4492 ⁴Ιδθαρετσαν
2676 4421 2956 4484 ἐκαίνισας
2989 4419 3088 4490 τὴν
3131 4418 3292 4488 φύσιν
3319 4417 3414 4471 τοῦ
3453 4404 3819 4488 προπάτορος,

575 4516 766 4584 enixa
795 4529 958 4582 supra
1011 4519 1223 4565 natura:
1280 4511 1530 4566 ordinem
1565 4554 1579 4578 ,
1619 4513 1886 4567 universae
1938 4522 2129 4566 natura

2265 4512 2394 4584 δπὲρ
2431 4512 2594 4582 φύσιν
2617 4511 2855 4566 τεκοῦσα
2877 4514 2970 4566 καὶ
2993 4509 3403 4583 παρθενεύουσα
3435 4509 3650 4577 φύσεως
3678 4511 3819 4561 ἀπά-

576 4607 944 4668 conditorem,
993 4613 1046 4658 et
1087 4603 1241 4672 virgo
1294 4617 1671 4674 perseverans,
1713 4619 1875 4672 quem
1909 4604 2036 4657 olim
2091 4603 2130 4656 ir

2259 4621 2356 4674 σης
2409 4605 2502 4658 τὸν
2537 4605 2803 4676 πλάστην,
2835 4603 2895 4657 ὃν
2923 4605 2980 4658 ὲν
3010 4601 3226 4673 σταυρῷ
3261 4602 3616 4672 κρεμάμενον
3648 4601 3813 4652 πάλαι

573 4715 737 4755 cruce
787 4698 1111 4768 pendentem
1157 4694 1376 4762 intuita,
1407 4694 1869 4760 lamentabaris,o
1916 4694 2127 4750 sanctis

2052 4694 2149 4750 tis—
2252 4695 2522 4767 ἡλάλαζες
2551 4696 2846 4767 βλέπουσα,
2887 4695 3128 4764 παναγία
3151 4692 3603 4765 Μητροπάρθενε.

577 4795 713 4849 sima
753 4790 918 4862 Virgo
952 4789 1144 4845 Mater.

1053 4903 1304 4960 MENSIS
1331 4898 1664 4955 MARTIUS.
2030 4889 2036 4895 ’

2030 4889 2036 4895 ’
2772 4901 2927 4955 MHN
2966 4899 3286 4956 ΜΑΡτιοΣ.

569 5022 682 5096 69
719 5026 802 5076 Ex
854 5038 1052 5076 canone
1089 5023 1141 5074 in
1168 5020 1225 5075 S.
1258 5018 1579 5086 Hesychium
1628 5023 1938 5086 martyrem,
1967 5015 2052 5104 die
2085 5015 2120 5069 2

2262 4997 2360 5050 Ἐκ
2385 4994 2492 5048 τοῦ
2515 4996 2770 5060 κανόνος
2789 4994 3002 5132 είςήἳέ
3019 4993 3186 5126 tia-gr
3209 4989 3480 5061 μάρτυρα
3508 4991 3811 5059 Ἡσύχιον.

2369 5112 2374 5118 .
2985 5081 3066 5131 ρᾳ
3147 5069 3179 5116 ’.

646 5186 771 5243 Post
805 5198 1020 5259 partum
1059 5188 1210 5253 virgo
1255 5174 1595 5251 permansisti
1628 5195 1773 5244 vere,
1808 5164 1989 5248 qualis
2020 5193 2146 5233 eras

2321 5180 2591 5251 Παρθένος
2610 5181 2886 5252 διέμεινας
2911 5180 3049 5250 μετὰ
3072 5179 3250 5246 τόκον,
3291 5179 3366 5242 ὡς
3402 5177 3510 5248 πρὸ
3534 5177 3633 5230 τοῦ
3665 5177 3808 5229 τόκον

571 5291 695 5337 ante
727 5291 944 5351 partum
980 5300 991 5334 :
1027 5280 1228 5345 quippe
1276 5275 1530 5346 peperisti
1593 5275 1933 5336 Creatorem,
1981 5287 2125 5341 qnen

2255 5272 2485 5340 ἀληθῶς,
2535 5273 2628 5325 τὸν
2681 5275 2923 5343 κτίστην
2964 5270 3220 5336 τεκοῦσα,
3249 5269 3309 5322 δν
3364 5272 3617 5338 alt-goat,
3651 5267 3809 5318 πανά-

503 5435 506 5440 ,
569 5376 881 5444 deprecare,
913 5391 944 5429 ο
1001 5367 1532 5432 immaculatlssima,
1573 5382 1670 5438 pro
1716 5365 1893 5423 salute
1938 5365 2057 5420 coll:

1737 5365 1893 5420 ;alutc
1938 5365 2142 5420 collau-
2254 5380 2435 5434 μωμε,
2470 5364 2711 5434 σωθῆναι
2733 5359 3180 5427 τοὺςιὺιινοῦντάς
3210 5376 3291 5416 σε.

569 5470 813 5526 dantium
833 5479 904 5521 te.

639 5626 770 5693 (Eil‘)
804 5623 1105 5687 Sequentes
1141 5620 1370 5690 stropha:
1405 5622 1455 5670 in
1488 5615 1704 5685 vulgato
1751 5626 1893 5670 textu
1923 5615 2251 5670 Menmorum
2287 5611 2689 5667 desiderantur.
