3936 6304
599 197 728 263 Ῑῠῖι

1715 189 1775 271 ὲ.
1815 210 2126 272 JOSEPHI
2166 212 2719 274 HYMNOGRAPHI

3682 216 3822 283 10ῗὲ

665 313 891 383 Deipara
945 314 1120 384 puella
1163 313 1363 386 praeter
1411 326 1616 373 natura:
1658 319 1821 391 leges,
1875 336 1938 376 ac
1984 336 2147 390 supra

2319 323 2583 394 Νομίμων
2613 341 2672 376 σε
2719 323 2943 378 ἄνευθεν
2993 325 3099 377 τῶν
3133 325 3231 396 τῆς
3278 325 3517 394 φύσεως,
3569 327 3782 399 Χριστὲ
3815 373 3828 392 ,

589 407 832 473 ejusdem
892 416 1100 461 natura:
1159 409 1428 473 ordinem,
1461 412 1668 480 peperit
1719 423 1789 480 te,
1823 427 1856 467 o
1907 413 2143 480 Christe,

586 496 678 565 qui
727 507 993 567 martyres
1029 497 1270 568 legitime
1297 514 1395 569 pro
1424 499 1528 555 fide
1575 512 1848 558 certantes
1881 516 2006 558 vere
2052 516 2146 557 co-

587 587 816 640 ronasﬁ.
948 583 954 591 ’

663 677 919 732 Volumen
962 681 1197 734 maxime
1247 695 1444 734 novum
1507 696 1586 749 es,
1631 699 1663 738 o
1714 685 1991 751 inviolata,
2026 701 2146 756 qua:

589 769 822 823 Verbum
856 770 910 823 in
936 779 988 825 te
1015 772 1275 840 scriptum
1308 772 1568 839 habuist.,
1600 775 1744 843 quod
1786 776 1836 829 in
1887 777 2025 831 libro
2059 777 2142 829 vi-

585 862 826 915 ventium
883 863 1096 916 divinos
1130 862 1378 918 Athletas
1422 881 1553 920 suos
1603 866 1905 934 descripsit,
1946 868 2034 936 qui
2083 881 2143 920 ea

585 970 706 1023 qua}
739 955 936 1024 scripta
968 948 1094 1009 sunt
1125 956 1470 1012 exactissime
1499 959 1946 1026 adimplevcrunt.
2021 948 2024 950 ’

655 1042 884 1096 Divinus
912 1045 1271 1114 archangelus
1316 1056 1569 1116 tanquam
1597 1047 1898 1100 divinarum
1937 1047 2146 1116 nuptia-

585 1151 705 1188 rum
745 1151 945 1204 auspex
974 1151 1239 1205 apparens
1265 1139 1380 1202 tibi,
1420 1154 1451 1192 ο
1473 1148 1618 1192 casta
1659 1147 1711 1191 et
1743 1137 2147 1204 inviolata,cla-

584 1225 750 1279 nutrit
783 1245 794 1279 :
825 1225 1004 1294 Salve,
1025 1243 1056 1281 ο
1084 1229 1234 1297 ignee
1268 1227 1357 1282 Dei
1391 1229 1600 1293 throne,
1623 1239 1919 1298 martyrum
1952 1230 2146 1283 trium-

583 1318 888 1385 phantium,
908 1320 1000 1389 qui
1029 1318 1195 1374 Deum
1222 1319 1274 1372 in
1299 1333 1459 1372 carne
1477 1317 1880 1373 manifestatum
1909 1317 2142 1373 confessi

583 1418 732 1474 sunt,
762 1413 1184 1465 firmamentum.

654 1502 699 1555 Ο
730 1501 869 1556 lucis
892 1502 1313 1571 receptaculum,
1345 1499 1455 1556 Deo
1474 1501 1823 1565 charissima,
1863 1499 2142 1554 illumina-

585 1593 708 1648 tivis
740 1593 908 1667 radiis
942 1594 1045 1649 tuis
1075 1593 1284 1647 illustra
1317 1608 1408 1646 cor
1439 1609 1642 1660 meum,
1672 1593 1935 1647 socordiae
1967 1592 2140 1646 nubes

2251 416 2544 486 ὑπερφυῶς
2601 415 2834 487 ἐκύησεν
2868 418 2901 486 ἡ
2933 416 3190 481 Θεοτόκος
3256 417 3394 488 κόρη
3446 419 3522 481 ὡς
3571 420 3825 487 ἀληθῶς,

2246 508 2491 576 νομίμως
2513 509 2636 571 τοὺς
2660 509 2943 578 μάοτυοας
2965 508 3368 581 ἐναθλήσαντας
3398 509 3581 563 πίστει
3616 528 3827 579 στεφα-

2245 615 2318 649 νω
2327 615 2513 651 σαντα.

2318 689 2514 758 Τόμος,
2549 690 2804 758 ἀχραντε,
2864 687 3178 753 καινότατος
3221 691 3564 762 ὑπάρχουσα,
3589 693 3691 747 τὸν
3723 695 3823 746 Λό-

2247 794 2341 846 γον
2373 780 2778 848 ἐγγραφόμενον
2804 781 2861 835 ὲν
2893 782 2974 833 σοὶ
2998 781 3255 852 ἔσχηκας,
3277 783 3366 835 τὸν
3389 785 3445 836 ὲν
3473 783 3648 853 βίϐλῳ
3683 773 3822 847 ζών-

2245 888 2353 923 των
2396 871 2518 934 τοὺς
2567 872 2733 926 αὑτοῦ
2784 876 3137 944 ἐγγράψαντα
3195 876 3371 940 θείους
3426 876 3698 948 ἀθλητὰς,
3757 879 3822 930 τὰ

2245 966 2602 1034 γεγραμμένα
2637 967 2890 1036 ἐμμελῶς
2918 967 3440 1037 ἀποπληρώσαντας.

2316 1057 2700 1128 Νυμφοστόλος
2727 1062 2914 1127 φανείς
2945 1078 3025 1113 σοι
3048 1059 3186 1124 θεῖος
3215 1062 3577 1132 ἀρχάγγελος·
3612 1064 3820 1132 Χαῖρε,

2246 1149 2436 1220 πύρινε
2472 1151 2625 1219 θρόνε
2678 1151 2834 1218 Θεοῦ,
2872 1153 2997 1204 ἐϐόα
3037 1169 3139 1216 σοι,
3181 1153 3411 1222 ἀχραντε
3443 1153 3616 1223 ἁγνὴ,
3656 1154 3823 1207 ἀθλο-

2246 1241 2426 1310 φόρων
2466 1241 2794 1313 κραταίωμα
2845 1243 3292 1314 ὁμολογησάντων
3325 1244 3456 1298 Θεὸν
3512 1247 3687 1316 σαρκὶ
3719 1264 3824 1314 φα-

2249 1331 2426 1385 νέντα.

2320 1509 2499 1574 Φωτὸς
2545 1508 2766 1580 δοχείον,
2801 1510 3178 1580 θεοχαρίτωτε,
3215 1515 3568 1580 φωτιστικαῖς
3612 1515 3818 1579 αὐγαῖς

2246 1622 2338 1658 σου
2383 1604 2482 1675 τὴν
2526 1603 2750 1673 καρδίαν
2801 1621 2902 1674 μου
2947 1603 3200 1672 φὼτισον,
3243 1605 3514 1682 ῥᾳθυμίας
3557 1607 3622 1659 τὰ
3675 1609 3817 1674 νέφη

584 1683 880 1752 depellens,
907 1699 969 1737 ac
1015 1683 1219 1752 peccati
1281 1684 1531 1739 tenebras
1560 1684 1884 1750 eliminans;
1918 1693 1998 1748 tu,
2026 1697 2146 1752 qua:

2266 1697 2533 1760 ἱιώκουσα,
2567 1696 2658 1748 καὶ
2693 1694 2752 1748 τὸ
2776 1696 2872 1764 τῆς
2901 1695 3172 1764 ἁμαρτίας
3205 1679 3391 1758 σκότος
3426 1696 3750 1768 ὲξαίρουσα,
3781 1699 3815 1767 ἡ

585 1777 754 1829 Deum
778 1776 922 1829 omni
946 1774 1153 1845 pecrati
1182 1774 1300 1828 labe
1331 1783 1604 1829 carentem
1633 1774 1910 1844 peperisti.

716 1914 821 1983 72
866 1911 949 1966 Ex
1004 1929 1202 1967 canone
1248 1912 1421 1967 inSS.
1466 1924 1717 1983 martyres
1746 1912 2035 1980 Basileum,

1084 1983 1350 2053 Ephrwm,
1380 1995 1504 2050 etc.,
1527 1986 1609 2038 die
1637 1986 1684 2037 7.

650 2098 960 2153 Primorum
1010 2109 1294 2168 parentum
1333 2114 1488 2167 prpna
1543 2099 1754 2154 sublata
1793 2107 1897 2162 est,
1931 2114 1963 2152 ο
1995 2107 2143 2153 casta

581 2201 637 2244 et
663 2191 943 2256 inviolata,
981 2190 1236 2244 ineffabili
1275 2200 1429 2259 partu
1465 2201 1592 2257 tuo;
1627 2201 1788 2260 atque
1826 2190 1932 2244 illis
1959 2189 2145 2259 pristi-

584 2298 691 2337 nus
719 2283 783 2336 ad
817 2281 1137 2334 Paradisum
1169 2282 1342 2350 patuit
1375 2282 1678 2350 ingressus,
1711 2281 2065 2351 quamobrem
2095 2289 2146 2335 te

584 2387 780 2440 magna
809 2383 941 2424 voce
971 2368 1372 2423 concelebrant.

655 2463 699 2514 0
738 2460 902 2529 Virgo
934 2465 1043 2513 tota
1074 2466 1221 2512 casta
1252 2466 1306 2512 et
1343 2457 1618 2524 inviolata,
1666 2457 1916 2528 peperisti
1960 2455 2152 2510 Domi-t

588 2567 714 2607 num
751 2552 902 2605 illum
952 2549 1412 2619 potentissimum,
1459 2551 1552 2618 qui
1590 2551 1836 2606 homines
1867 2551 1935 2604 ab
1975 2549 2146 2604 hostis

589 2652 849 2714 potestate
886 2643 1152 2697 liberavit.

659 2736 920 2790 Homines
977 2743 1228 2788 mortuos
1297 2734 1583 2788 viviticasti
1609 2773 1623 2799 ,
1656 2748 1690 2787 o
1720 2731 1886 2804 Virgo
1911 2719 1934 2799 ,’
1983 2746 2148 2802 supra

589 2828 768 2881 omnis
813 2823 1162 2895 cogitationis
1204 2833 1421 2894 captum
1458 2824 1617 2878 enixa
1664 2822 1941 2878 Christum
1979 2808 2147 2876 Deum

594 2929 865 2982 nostrum,
908 2917 1003 2987 qui
1050 2927 1272 2988 propter
1319 2931 1474 2972 suam
1517 2915 1948 2970 misericordiam
1985 2915 2148 2968 homo

590 3012 767 3066 factus
796 3018 880 3063 est

661 3106 857 3159 Beatus
886 3112 969 3156 est
1003 3101 1092 3155 ille
1121 3101 1368 3170 populus,
1403 3101 1491 3170 qui
1520 3099 1764 3169 agnoscit
1794 3108 1865 3162 te,
1895 3114 1926 3154 ο
1953 3098 2117 3153 imma

587 3197 942 3259 eulatissima,
968 3195 1210 3248 omnium
1230 3193 1443 3246 Domini
1469 3193 1711 3256 Matrem,
1735 3201 1928 3246 etcum
1954 3189 2149 3244 affectu

592 3298 641 3342 te
672 3287 966 3362 beatif‘wat.
1825 3355 1829 3357 _

661 3375 737 3428 Te
764 3373 896 3443 legis
934 3371 1159 3437 umbrtc,
1193 3380 1242 3425 te
1274 3370 1662 3440 prophetarum
1697 3370 1983 3439 mnigmata
2019 3382 2148 3437 pra:-

590 3467 919 3537 figurabant,
952 3480 984 3518 o
1015 3462 1179 3534 Virgo
1231 3463 1547 3532 purissima,
1610 3478 1730 3532 qua:
1779 3477 1873 3531 per
1918 3459 2149 3513 Verbum

591 3559 862 3616 ineﬂabile
918 3557 1068 3611 illum
1103 3556 1431 3623 conceptura
1474 3570 1536 3609 ac
1581 3557 1824 3624 paritura
1869 3566 2013 3613 eras,
2060 3549 2152 3620 qui

589 3655 791 3708 mundo
821 3651 1050 3704 salutem
1075 3648 1309 3702 afferret.

662 3747 751 3800 Dei
791 3742 1052 3806 Verbum,
1103 3739 1248 3810 quod
1296 3754 1459 3793 manu
1505 3753 1605 3793 sua
1657 3738 1822 3791 Evam
1875 3733 2152 3799 formavit,

591 3838 878 3892 universos
911 3833 1206 3888 reformare
1235 3832 1442 3894 volens,
1470 3846 1535 3884 ex
1564 3839 1714 3883 utero
1746 3838 1858 3893 tuo,
1889 3843 1921 3881 ο
1953 3827 2151 3897 puella,

593 3929 887 3982 humanam
927 3925 1153 3978 formam
1186 3923 1413 3990 accepit,
1449 3921 1714 3990 incipiens
1741 3935 1881 3986 esse,
1913 3935 2036 3973 cum
2070 3929 2151 3972 ta-

592 4036 715 4074 men
764 4017 908 4072 Patri
953 4032 1015 4071 ac
1050 4015 1277 4086 Spiritui
1331 4024 1521 4069 sancto
1574 4014 1645 4069 sit
1678 4021 2049 4078 coaeternum,
2099 4020 2152 4066 et

589 4110 888 4181 coaequale.

661 4204 803 4258 Deus
836 4201 1392 4271 supersubstautialis,
1426 4215 1488 4254 ex
1527 4195 1790 4264 te'natus,
1818 4197 2148 4263 oinviolata,

591 4296 759 4350 homo
797 4293 1069 4363 apparuit,
1123 4307 1247 4346 cum
1285 4292 1498 4346 duabus
1551 4291 1784 4354 naturis,
1821 4289 2151 4359 operationi-

2246 1788 2337 1839 τὸν
2367 1787 2747 1857 ἀναμάρτητον
2775 1788 2906 1841 Θεὸν
2930 1787 3308 1857 ἀποκυήσασα.

2249 1923 2360 1976 ’Ἕκ
2392 1921 2497 1975 τοῦ
2539 1920 2798 1984 κανόνος
2824 1923 2909 1984 είς
2937 1920 3075 1986 τοὺς
3117 1922 3326 1989 ἁγίους
3357 1921 3668 1990 μάρτυρας
3703 1924 3814 1974 Ba-

2463 1991 2718 2055 σίλειον,
2765 1992 3036 2060 Ἐφραίμ,
3061 2009 3117 2044 κ.
3149 2008 3200 2045 τ.
3230 1994 3316 2058 1.,
3342 1991 3530 2060 ἡμέρᾳ
3560 1991 3625 2055 ζ’.

2329 2106 2523 2176 Ἐλύθη
2568 2105 2676 2159 τῶν
2712 2085 3112 2175 προπατόρων,
3145 2107 3401 2176 ἀχραντε,
3430 2106 3492 2158 τὸ
3531 2104 3812 2173 ἐπιτίμιον

2246 2200 2310 2268 τῇ
2353 2198 2493 2266 ὑπὲρ
2532 2195 2655 2249 νοῦν
2706 2197 2896 2264 κυήσει
2942 2213 3056 2260 σου,
3109 2196 3269 2267 ἁγνὴ,
3300 2197 3392 2248 καὶ
3438 2195 3538 2267 τὴν
3583 2195 3812 2264 πρώτην

2246 2286 2519 2341 ἀπέλαϐον
2547 2285 2639 2338 τοῦ
2674 2285 3005 2353 Παραόείσου
3031 2285 3256 2351 εἴσοδον,
3291 2283 3690 2353 μεγαλοφώνως
3725 2286 3809 2336 εὑ·

2247 2395 2320 2448 φη
2331 2377 2556 2448 μοῦντές
2579 2394 2660 2430 σε.

2331 2467 2616 2536 Ῥυόμενον
2632 2466 2760 2529 τοὺς
2783 2465 3004 2537 βροτοὺς
3021 2464 3119 2535 τῆς
3137 2463 3455 2526 δυναστείας
3472 2462 3564 2515 τοῦ
3586 2460 3804 2532 ἐχθροῦ,

2248 2560 2512 2628 πάναγνε,
2554 2559 2645 2612 τὸν
2682 2557 2904 2613 δυνατὸν
2947 2559 3184 2629 Κύριον,
3233 2557 3470 2638 ἀχραντε
3519 2554 3805 2626 Παρθένε,

2249 2652 2504 2726 ὲκύησας.

2323 2742 2777 2812 Νενεκρωμένους
2829 2738 3080 2803 εζὼωσας
3114 2739 3239 2800 τοὺς
3295 2736 3635 2808 ἀνθρώπους,
3666 2735 3809 2804 ζωὴν

2251 2831 2348 2903 τὴν
2405 2830 2762 2883 ἐνυπόστατον
2809 2827 3058 2890 τεκοῦσα,
3112 2826 3375 2896 Παρθένε,
3435 2826 3576 2895 ὑπὲρ
3628 2827 3810 2878 πᾶσαν

2252 2923 2458 2974 ἔννοιαν
2488 2919 2721 2992 Χριστὸν
2753 2918 2842 2970 τὸν
2863 2918 2994 2972 Θεὸν
3013 2917 3192 2988 ἡμῶν,
3217 2917 3502 2988 ἄνθρωπον
3532 2917 3601 2968 δι’
3630 2912 3806 2969 οἶκτον

2173 3013 2218 3072 C
2250 3007 2558 3078 γενόμενον.

2321 3098 2604 3168 Μακάριος
2638 3099 2784 3151 ἐστιν
2807 3099 2835 3150 ὁ
2859 3097 2980 3160 λαὸς
3007 3099 3034 3151 ό
3057 3095 3340 3166 γινώσκων
3368 3112 3451 3161 σε,
3477 3096 3803 3166 Μνάμωμε,

2249 3193 2342 3246 τοῦ
2370 3194 2639 3246 Δεσπότου
2689 3193 2796 3246 τῶν
2823 3194 3078 3247 ἁπάντων
3114 3193 3346 3263 μητέρα,
3388 3193 3482 3244 καὶ
3511 3191 3661 3260 πόθῳ
3701 3207 3803 3258 μα-

2249 3285 2462 3355 καρίζει
2494 3301 2574 3338 σε.

2320 3375 2505 3443 Νόμου
2536 3392 2594 3428 σε
2624 3374 2680 3428 αί
2723 3375 2894 3436 σκιαὶ,
2935 3373 3230 3444 προφητῶν
3259 3390 3319 3426 τε
3350 3373 3650 3442 αἰνίγματα
3676 3387 3804 3440 προ-

2251 3466 2568 3532 διετύπουν,
2621 3465 2883 3540 Παρθένε,
2916 3466 3016 3535 τὴν
3053 3466 3277 3536 ἀρρήτῳ
3321 3465 3480 3533 Λόγῳ
3517 3463 3805 3531 κυοφορίαν

2251 3558 2545 3626 ἐσχηκυῖαν
2599 3553 2964 3619 διασώζουσαν
3011 3555 3235 3623 κόσμον,
3266 3553 3598 3623 πανάμωμε.

2331 3730 2390 3783 '0
2417 3728 2717 3792 διαπλάσας
2759 3727 2904 3800 χειρὶ
2927 3727 3023 3799 τὴν
3071 3726 3214 3780 Εῦαν
3247 3728 3419 3796 Λόγος
3451 3707 3607 3788 Θεοῦ,
3644 3725 3797 3795 κόρη,

2251 3823 2558 3878 ἀναπλάσαι
2602 3822 2845 3884 ἅπαντας
2874 3820 3171 3891 βουληθεὶς,
3205 3821 3267 3871 ὲκ
3294 3820 3528 3888 γαστρός
3551 3835 3645 3870 σου
3677 3820 3800 3871 ἀνα-

2252 3915 2544 3968 πλάττεται
2575 3913 2744 3984 ἀρχὴν
2793 3913 3102 3983 δεχόμενος,
3135 3913 3162 3964 ὁ
3186 3910 3262 3978 τῷ
3299 3910 3471 3981 Πατρὶ
3501 3910 3595 3963 καὶ
3632 3910 3797 3961 Πνεύ-

2255 4025 2383 4078 ματι
2414 3997 2716 4077 σύνθρονος.

2334 4191 2531 4262 Ὠρὰοη
2565 4189 2635 4252 ὡς
2655 4189 2932 4260 ἄνθρωπος
2961 4190 3022 4242 ὲκ
3047 4187 3137 4241 σοῦ
3155 4189 3571 4258 ἀποτικτόμενος
3601 4191 3627 4242 ό
3647 4189 3797 4257 ὑπερο

2255 4286 2456 4348 ούσιος,
2506 4283 2724 4346 διπλοῦς
2764 4285 2879 4346 ταῖς
2924 4282 3168 4351 φύσεσιν,
3218 4281 3471 4352 ἀχραντε,
3509 4283 3796 4352 ἐνεργείαις

591 4389 694 4445 bus
724 4395 777 4440 et
810 4384 1178 4438 voluntatibus
1205 4399 1219 4448 ;
1250 4384 1356 4438 illis
1384 4382 1673 4437 manifeste
1712 4397 2002 4451 apparens,
2032 4382 2147 4450 qui-

2266 4379 2348 4431 »ιαὶ
2397 4378 2682 4444 θελήσεσι·
2734 4369 2814 4436 οἷς
2873 4373 3129 4444 ὡμοιώθη
3184 4374 3464 4445 βουληθεὶς
3510 4375 3795 4445 ὲμφανιζό-

593 4479 698 4532 bus
731 4481 929 4544 sponte
960 4472 1155 4526 similis
1182 4471 1355 4525 factus
1381 4481 1485 4526 est.
1537 4472 1902 4537 Quamobrem
1937 4471 2012 4525 illi
2040 4471 2153 4525 cla-

591 4581 809 4624 mamus
842 4584 855 4620 :
889 4563 1085 4619 Omnia
1111 4577 1296 4632 opera,
1318 4563 1534 4617 laudate
1563 4562 1871 4617 Dominum.

659 4658 845 4712 Puella
883 4654 990 4708 Deo
1016 4653 1340 4708 charissima
1380 4651 1558 4708 ferens
1588 4653 1640 4705 in
1673 4653 1816 4706 ulnis
1850 4652 2149 4720 Christum,

590 4751 683 4820 qui
712 4764 874 4804 manu
903 4747 1004 4800 fert
1051 4745 1328 4808 universa,
1359 4755 1579 4813 stupore
1609 4743 1853 4813 perculsa
1887 4745 2157 4798 exclama-

593 4845 684 4897 hat
715 4842 902 4896 dicens
946 4857 958 4892 :
993 4836 1276 4903 Quomodo
1324 4847 1375 4892 te
1417 4846 1470 4891 et
1515 4837 1713 4890 Filium
1753 4845 1807 4891 et
1842 4835 2152 4890 Creatorem

593 4949 773 4988 meum
806 4931 983 4995 video,
1018 4945 1050 4984 ο
1077 4929 1643 5000 incomprehensibilis
1671 4929 1694 4981 ?

593 5068 696 5139 73
722 5066 800 5120 Ex
832 5081 1028 5118 canone
1052 5066 1106 5118 it;
1127 5063 1182 5120 S.
1211 5064 1565 5188 andggtum,
1592 5074 1637 5116 et
1671 5062 1840 5115 socios
1869 5070 2151 5131 martyres,

1293 5146 1338 5188 te
1439 5176 1450 5188 .

1293 5146 1338 5188 te
1369 5146 1450 5188 ιυ.

666 5249 708 5301 Α
731 5247 977 5302 sordibus
996 5247 1332 5318 passionum,
1356 5264 1383 5300 a
1408 5253 1722 5313 tempestate
1743 5245 2151 5315 cogitationum,

595 5357 621 5393 a
655 5341 851 5410 jaculis
886 5340 1131 5409 maligni,
1165 5343 1232 5394 ab
1264 5339 1413 5393 omni
1447 5338 1648 5405 impetu
1681 5337 1864 5391 hostili
1909 5338 2078 5398 salva,
2121 5353 2153 5389 0

598 5433 821 5501 Deipara
852 5432 1196 5485 immaculata
1232 5447 1293 5485 ac
1330 5440 1434 5483 tota
1473 5444 1626 5497 pura,
1667 5430 1875 5483 animas
1924 5429 2150 5482 laudan-

597 5528 732 5581 tium
762 5524 1086 5577 ineffabilem
1123 5535 1337 5593 partum
1371 5533 1547 5576 tuum.

663 5615 741 5670 Ns:
786 5615 1022 5668 cmlcstis
1089 5617 1304 5685 quidem
1361 5632 1511 5671 mens
1543 5617 1844 5687 explicare
1900 5616 2078 5681 valet,
2112 5630 2144 5668 ο

2259 4486 2453 4538 μενος,
2490 4462 2532 4535 ᾧ
2567 4466 2810 4536 βοῶμενο
2879 4467 3061 4520 Πάντα
3108 4465 3175 4533 τᾲ
3225 4467 3398 4537 ἔργα,
3449 4468 3663 4537 ὑμνεῖτε
3715 4468 3795 4518 τον

2257 4562 2479 4633 Κύριον.
3441 4591 3444 4596 .

2324 4655 2570 4724 Φέρουσα
2615 4651 2847 4720 Χριστὸν
2876 4653 2933 4703 ὲν
2962 4651 3228 4719 ἀγκάλαις
3279 4651 3424 4722 χειρὶ
3457 4651 3544 4703 τὸν
3575 4650 3796 4718 φέροντα

2253 4748 2320 4799 τὰ
2351 4747 2528 4799 πάντα
2554 4747 2586 4814 ἡ
2615 4745 3001 4814 θεοχαρίτωτος
3036 4745 3192 4814 κόρη,
3241 4744 3648 4813 ἑκπληττομένη
3677 4742 3795 4794 ἐθόα

2255 4837 2512 4904 λέγουσα·
2575 4837 2694 4897 Πῶς
2747 4837 2841 4888 καλ¹
2892 4837 3018 4889 mw
3064 4835 3313 4904 γνωρίζω
3342 4852 3400 4887 σε
3437 4837 3528 4888 καὶ
3575 4835 3795 4905 Ποιητήν

2259 4947 2380 4999 μου,
2418 4929 2764 4996 ἀκατάληπτε
2787 4946 2801 4994 ;

2268 5064 2361 5115 Ἐκ
2399 5061 2499 5134 τοῦ
2529 5062 2786 5126 κανόνος
2820 5065 2904 5128 είς
2944 5063 3084 5127 τοὺς
3111 5063 3316 5132 ἁγίους
3354 5064 3654 5134 μάρτυρας
3697 5070 3795 5121 Κό-

2430 5133 2665 5198 ὃρατον,
2694 5135 2789 5185 καὶ
2819 5134 2961 5198 τοὺς
2993 5134 3113 5185 σὺν
3152 5134 3327 5199 αὐτῷ,
3363 5137 3547 5204 ἡμέρᾳ
3583 5144 3636 5194 ι’.

2343 5241 2504 5306 ’ἰλύος
2528 5244 2592 5296 ὲκ
2628 5242 2836 5306 παθῶν,
2886 5243 3160 5312 λογισμῶν
3190 5246 3502 5315 τρικυμίας,
3543 5248 3607 5298 ὲκ
3641 5246 3795 5315 βελῶν

2257 5334 2346 5387 τοῦ
2386 5337 2641 5406 πονηροῦ,
2679 5339 2744 5390 ὲκ
2778 5338 2961 5407 πάσης
2996 5337 3298 5409 προσϐολῆς
3340 5341 3583 5402 ἐναντίας
3614 5340 3795 5394 διάσω-

2260 5446 2368 5492 σον,
2401 5429 2633 5499 ἄχραντε
2665 5431 2986 5501 Θεοκυῆτορ,
3021 5432 3116 5495 τὰς
3141 5432 3315 5503 ψυχὰς
3347 5435 3456 5487 τῶν
3500 5434 3798 5500 ὑμνούντων

2260 5538 2351 5572 σοι)
2385 5522 2473 5572 τὸν
2503 5523 2880 5590 ἀνέκφραστον
2910 5524 3085 5588 τόκον,
3117 5525 3377 5594 πάναγνε.

2331 5612 2470 5676 Νοῦς
2521 5613 2642 5667 οὐδὲ
2691 5614 2938 5684 οὐράνιος
2991 5617 3089 5687 τὴν
3123 5617 3261 5686 ὑπὲρ
3309 5615 3432 5672 νοῦν
3468 5633 3562 5670 σου
3594 5617 3800 5690 λοχείαν
