3936 6304
114 151 208 206 ﬂ"

75 457 218 518 1073

1515 460 1875 519 MARIALE.

3144 453 3204 512 tu
3244 452 3273 509 ί

71 572 492 640 διερμηνεῦσαι,
529 571 685 642 κόρη,
732 572 983 624 δύναταιο
1033 571 1124 624 νοῦ
1157 573 1262 640 γὰρ
1292 571 1384 623 τοῦ
1417 572 1631 640 πρώτου

1744 573 1908 640 puella
1942 580 2152 640 partum
2191 578 2363 631 tuum,
2399 572 2489 637 qui
2523 567 2846 622 transcendit
2880 581 3090 618 omnem
3121 583 3272 617 tuen-

73 665 137 714 ἐν
175 664 380 733 γαστρὶ
431 665 621 730 Λόγον,
657 664 814 733 ἁγνὴ,
871 663 1177 728 συνέλαὸες,
1224 663 1314 716 τὸν
1342 664 1410 716 τὰ
1459 664 1632 716 πάντα

74 753 228 820 λόγῳ
268 754 697 822 συστησάμενον.

163 839 231 891 Ἦ
255 841 385 907 ἁγία
404 841 679 903 Θεοτόκος,
704 842 768 910 ἢν
803 841 1021 910 οἰκῆσαι
1048 842 1341 911 ηὐδόκησεν
1361 843 1435 904 ῶς
1460 843 1634 912 εὐώδη

76 927 232 982 οἷκον
285 930 455 995 Λόγος
487 929 580 980 τοῦ
616 929 824 999 Πατρός
879 930 1178 999 όμοούσιος,
1209 933 1267 983 οὐ
1301 931 1635 1001 κατεφλέχθη

76 1020 182 1089 τὴν
213 1023 449 1090 μήτραν,
479 1021 578 1074 οὐκ
607 1021 831 1091 ὠδίνησε
852 1039 866 1054 ο
906 1022 1000 1075 καὶ
1042 1023 1146 1092 γὰρ
1177 1024 1393 1078 τέτοκεν
1429 1025 1636 1093 Ἐμμα-

78 1112 248 1182 νουὴλ
279 1113 369 1164 τὸν
394 1112 774 1182 Θεάνθρωπον.

169 1293 230 1346 Ὃ
271 1295 740 1368 πλαστουργὴσας,
778 1297 1032 1368 ἄχραντε,
1063 1299 1158 1368 τὴν
1204 1297 1346 1352 Εὕαν
1381 1300 1444 1351 ὲκ
1473 1298 1635 1352 πλευ-

81 1385 214 1451 ρᾶς,
240 1385 334 1437 σοῦ
358 1387 421 1436 ὲκ
448 1386 653 1455 νηδύος,
676 1389 836 1456 ἁγνὴ,
862 1390 1330 1456 πλαστουργεῖται,
1352 1389 1519 1442 σῶσαι
1549 1390 1636 1444 τὸν

92 1473 276 1543 ’Λδὰμ
336 1475 402 1528 δι’
473 1477 870 1548 εὐσπλαγχνίαν
924 1479 1239 1548 βουληθεὶς,
1311 1478 1382 1542 ὡς
1450 1480 1635 1548 φιλάν-

81 1559 110 1610 Θ
122 1577 332 1628 ρωπος.

157 1651 492 1721 Οὐράνωσας
547 1654 844 1722 γεωθεῖσαν
895 1657 993 1724 τὴν
1048 1657 1236 1724 φύσιν,
1298 1660 1633 1729 πανάμωμε,

81 1741 198 1794 τῶν
237 1742 558 1812 ἀνθρώπων,
593 1747 685 1798 καὶ
716 1745 1011 1814 φθαρεῖσαν
1044 1748 1210 1817 αὐτὴν
1237 1749 1600 1819 ἐθεούργησας
1621 1769 1634 1783 ο

80 1832 173 1884 διά
198 1834 355 1886 τοῦτο
387 1835 582 1898 πάντες
611 1837 892 1907 ἀσιγὴτοις
931 1840 1132 1907 φωναῖς
1164 1856 1222 1891 σε
1254 1840 1563 1910 δοξάζομεν.

155 2015 529 2086 Εὐλογημένος
557 2018 585 2069 ό
620 2019 825 2087 καρπὸς
860 2022 958 2090 τῆς
986 2019 1355 2091 εὐλογημένης
1401 2024 1635 2093 γαστρός

82 2121 203 2167 σου,
230 2105 292 2156 ὃν
324 2105 633 2172 εὐλογοῦσιν
665 2108 905 2175 οὐρανῶν
936 2110 990 2162 αι
1011 2110 1283 2179 δυνάμεις,
1335 2112 1540 2180 βροτῶν
1569 2115 1634 2166 τὰ

81 2196 432 2264 συστήματα,
465 2197 492 2248 ό
530 2197 673 2265 ἡμᾶς
702 2197 1116 2269 λυτρωσάμενος
1146 2203 1243 2270 τῆς
1269 2203 1512 2273 κατάρας
1539 2205 1636 2271 τῆς

79 2283 348 2351 ἀρχαίας,
378 2283 667 2352 εὐλογητὸς
698 2279 768 2336 εἴ.

156 2371 542 2440 Λυτρωθέντες
579 2373 674 2442 τῆς
716 2374 853 2444 ἀρᾶς
880 2375 978 2444 τῆς
1024 2358 1366 2446 π’ρομήτορος
1401 2377 1487 2430 διὰ
1544 2377 1635 2430 σοῦ

81 2460 187 2528 τῆς
223 2461 394 2530 ἁγνῆς
419 2462 774 2532 Θεομήτορος,
809 2465 1139 2536 εὐλογημένη
1175 2467 1456 2532 Δέσποινα,
1484 2468 1637 2521 εὐλο-

81 2549 295 2615 γοῦμεν
319 2569 376 2603 σε
409 2552 583 2605 πίστει
617 2555 707 2606 καὶ
733 2555 1095 2625 μελῳδοῦμεν,
1131 2559 1369 2626 παναγία
1401 2560 1638 2629 Παρθένε

83 2643 384 2712 θεόνυμφε.

155 2717 395 2785 Φανεῗσα
447 2733 541 2786 τοῦ
599 2737 812 2789 πάντων
879 2738 1102 2808 ποιητοῦ
1153 2738 1438 2809 λοχεύτρια
1497 2740 1636 2810 ὑπὲρ

85 2821 272 2874 πάντα
299 2822 443 2887 νοῦν,
475 2822 833 2894 ’πανάμωμε,
882 2827 989 2878 τῶν
1033 2827 1278 2896 οὐρανῶν
1335 2827 1638 2896 ὑψηλοτέρα

84 2910 358 2980 ἐδείιθης,
393 2913 486 2967 καὶ
523 2915 628 2964 τῶν
657 2915 791 2967 ὅλων
839 2914 1190 2978 δεσπόζουσα,
1229 2916 1471 2986 Παρθένε
1515 2915 1636 2968 θεο-

83 2999 215 3054 τόκε
268 3003 580 3072 πανύμνητε
600 3019 615 3033 ·
643 3004 764 3059 ὅθεν
787 3022 845 3057 σε
877 3008 1075 3069 πάντες
1107 3007 1498 3077 μεγαλύνομεν.

97 3184 200 3237 Ἐκ
238 3183 344 3238 τοῦ
380 3185 635 3249 κανόνος
672 3187 767 3254 ,εις
815 3185 920 3238 τὸν
974 3185 1146 3239 ὅσιον
1193 3188 1419 3254 Πατέρα
1472 3186 1641 3254 ἡμῶν

508 3252 878 3319 Βενεδικτον,
918 3255 1102 3323 ἡμέρᾳ
1147 3254 1225 3307 ιδ’.

157 3365 223 3416 Oi
259 3363 344 3416 διὰ
369 3363 460 3416 σοῦ
489 3364 588 3432 τὴν
610 3364 916 3435 ἀφθαρσίαν
945 3367 1368 3437 πλουτήσαντες,
1401 3337 1640 3440 Θεοκυῆ-

89 3474 184 3524 top
230 3459 491 3524 πάναγνε,
527 3457 718 3527 Χαῖρε,
752 3459 960 3527 βοῶμέν
1003 3478 1103 3526 σοι,
1140 3463 1175 3532 ἡ
1204 3465 1636 3532 κεχαριτώμένη,

85 3547 254 3602 ὁσίων
281 3551 372 3602 καὶ
395 3549 618 3604 δικαίων
651 3551 710 3604 τὸ
739 3551 1186 3622 ἑγκαλλώπισμα.

170 3728 233 3779 Ὀ
276 3728 433 3794 μόνος
481 3728 682 3796 ἀγαθὸς
734 3730 830 3801 τὴν
882 3730 978 3800 σὴν
1042 3730 1404 3800 σαρκούμενος
1451 3733 1636 3798 ὑπέδυ,

93 3817 490 3888 παναμώμητε,
540 3821 799 3890 γαστέρα,
846 3823 940 3873 καὶ
965 3821 1159 3890 βροτος
1185 3821 1372 3891 ὼράθη
1404 3823 1599 3886 τέλειος
1623 3840 1635 3854 ·

84 3912 145 3962 ὃν
175 3913 386 3965 ἱκέτευε
415 3911 586 3965 σῶσαι
619 3911 712 3973 τὰς
739 3911 914 3980 ψυχάς
950 3912 1130 3981 ἡμῶν.
1322 3909 1327 3918 ’

167 4089 260 4151 Ὧς
289 4088 488 4157 δμὸρος
537 4088 628 4139 ἐπὶ
672 4087 856 4148 πόκον,
905 4086 1173 4155 ἄχραντε,
1208 4090 1272 4156 τῇ
1324 4092 1491 4157 σεπτῇ
1546 4107 1638 4141 σου

87 4178 288 4247 γαστρὶ
324 4179 350 4229 ό
376 4177 545 4242 Λόγος
592 4175 826 4244 κατῆλθε
872 4174 1260 4244 σαρκούμενος,
1313 4178 1404 4230 καὶ
1433 4178 1639 4230 ἔπαυσε

93 4267 380 4328 πολυθεῖας
421 4266 602 4335 σαφῶς
649 4266 718 4317 τὰ
761 4265 1112 4335 ὀμϐρήματα,
1169 4266 1493 4337 πανάμωμε,
1549 4271 1640 4322 καὶ

91 4359 178 4411 τὸν
208 4357 407 4427 πικρὸν
439 4356 678 4426 χειμῶνα
704 4356 1067 4409 διεσκέδασεν.

1734 673 1838 716 tem
1873 679 1886 713 :
1917 662 2100 730 prima:
2161 660 2302 713 enim
2362 659 2556 711 mentis
2612 656 2842 709 Verbum
2893 655 2944 706 in
2983 664 3132 706 utero
3185 663 3276 706 tuo

1733 752 2049 820 concepisti,
2081 767 2112 805 ο
2138 760 2306 812 casta,
2346 750 2484 818 quod
2517 749 2698 801 omnia
2730 747 2891 800 verbo
2922 745 3191 812 produxit.

1807 843 2032 912 Deipara
2082 841 2444 902 sanctissima,
2489 841 2542 894 in
2580 855 2683 908 qua
2740 849 2993 905 tanquam
3031 838 3082 889 in
3117 838 3277 889 domo

1735 935 1885 988 suavi
1933 935 2098 988 odore
2151 933 2304 1001 plena
2349 932 2587 984 habitare
2627 930 2726 984 sibi
2770 928 3092 996 complacuit
3149 927 3275 978 Ver-

1735 1026 1861 1079 bum
1926 1022 2102 1078 Patris
2169 1006 2667 1083 consubstantiale',
2733 1035 2836 1072 non
2905 1019 3072 1070 sensit
3140 1015 3275 1067 uteri

1735 1115 2185 1176 combustionem,
2229 1129 2400 1181 neque
2433 1112 2645 1166 dolores
2679 1120 2864 1178 partus
2899 1118 3116 1176 experta
3149 1117 3229 1159 est
3261 1122 3276 1158 :

1735 1204 1939 1273 peperit
1973 1204 2114 1258 enim
2162 1203 2472 1255 Emmanuel
2509 1201 2673 1255 Deum
2709 1213 2759 1254 et
2792 1199 3083 1252 hominem.

1805 1292 1917 1356 Ille,
1944 1291 2033 1358 qui
2064 1290 2229 1344 Evam
2262 1305 2292 1343 e
2324 1298 2474 1344 costa
2507 1287 2777 1350 formavit,
2811 1302 2872 1340 ex
2903 1294 3053 1338 utero
3106 1294 3215 1345 tuo,
3245 1299 3277 1336 ο

1735 1391 1903 1447 casta,
1940 1380 2205 1435 formatus
2251 1389 2353 1442 est,
2393 1380 2580 1432 volens
2629 1372 2795 1432 Adam
2829 1377 3035 1431 salvare
3065 1383 3275 1444 proytcr

1736 1473 1988 1542 pietatem
2019 1487 2192 1536 suam,
2225 1480 2474 1540 tanquam
2500 1470 2777 1524 hominum
2806 1479 3035 1522 amator.

1806 1649 2094 1703 "ominum
2132 1658 2400 1711 naturam,
2433 1663 2551 1716 quae
2574 1657 2786 1702 terrena
2823 1647 2959 1700 facta
2993 1655 3130 1711 erat,
3166 1661 3279 1700 co:-

1736 1741 1921 1794 lestem
1957 1739 2206 1803 effecisti,
2253 1754 2286 1792 o
2321 1738 2853 1801 immaculatissima,
2888 1746 2937 1790 et
2968 1747 3278 1805 corruptam

1739 1831 1998 1885 deiﬁcasti
2031 1849 2043 1883 :
2076 1840 2352 1900 propterea
2385 1846 2571 1886 omnes
2605 1840 2655 1884 te
2685 1829 2990 1884 incessabili
3017 1844 3143 1883 voce
3167 1829 3281 1897 glo-

1668 1927 1709 1980 Β
1739 1923 2035 1976 rilicamus.

1806 2015 2125 2069 Benedictus
2163 2014 2366 2067 ventris
2430 2012 2695 2065 benedicti
2745 2009 2950 2062 fruetus
2977 2008 3088 2071 tui,
3121 2021 3281 2077 quem

1735 2106 2056 2160 benedicunt
2160 2105 2418 2158 caelorum
2471 2089 2802 2171 lpotestates
2894 2099 3283 2165 hominumque

1735 2205 1940 2260 coetus;
1981 2194 2071 2264 qui
2121 2209 2220 2247 nos
2250 2194 2317 2247 ab
2358 2193 2578 2262 antiqua
2624 2190 2999 2245 maledictione
3035 2187 3280 2242 redemit.

1801 2373 1845 2425 ,Α
1879 2373 2062 2441 prima:
2109 2372 2297 2426 matris
2330 2369 2706 2425 maledictione
2746 2385 2839 2436 per
2869 2378 2919 2422 te
2953 2379 3155 2423 castam
3192 2367 3280 2420 Dei

1736 2465 1955 2518 Matrem
1991 2464 2285 2532 redempti,
2320 2477 2440 2516 cum
2475 2463 2574 2516 [ide
2605 2474 2655 2516 te
2701 2461 3088 2523 benedicimus,
3121 2468 3282 2527 atque

1737 2555 1961 2608 canticis
1992 2553 2352 2614 celebramus,
2382 2565 2414 2604 ο
2447 2551 2670 2604 Domina
2708 2551 3006 2612 benedicta,
3052 2549 3284 2604 sanctis-
3366 2550 3375 2559 '

1740 2644 1879 2698 sima
1921 2641 2104 2710 Virgo,
2133 2657 2331 2708 sponsa
2358 2641 2474 2696 Dei.

1805 2733 1939 2787 Cum
1987 2733 2228 2787 omnium
2280 2733 2497 2788 factoris
2559 2732 2799 2786 Genitrix
2866 2745 3026 2798 supra
3069 2742 3284 2781 onmem

1737 2826 2113 2894 cogitationem
2138 2864 2152 2889 ,
2186 2840 2218 2878 ο
2245 2825 2564 2894 purissima,
2613 2823 2801 2884 lueris,
2855 2821 2994 2874 facta
3026 2836 3083 2874 es
3131 2819 3286 2873 caelis

1739 2917 2038 2979 sublimior,
2071 2925 2229 2984 atque
2255 2917 2498 2970 omnium
2534 2914 2887 2977 Dominatrix,
2929 2928 2962 2966 o
2988 2910 3144 2974 Virgo
3169 2910 3287 2963 Dei-

1738 3020 1867 3074 para
1901 3007 2045 3058 omni
2074 3006 2230 3060 laude
2255 3006 2568 3072 dignissima
2602 3024 2615 3060 :
2648 3005 2790 3058 unde
2821 3013 2871 3056 te
2899 3003 3134 3056 universi
3170 3017 3287 3053 ma—

1741 3095 2078 3163 gniﬁcamus.
2916 3130 2918 3132 τ
3105 3153 3116 3169 ,

1957 3185 2040 3237 Ea:
2065 3201 2258 3238 canone
2286 3186 2339 3238 in
2357 3185 2412 3238 S.
2445 3184 2508 3238 P.
2539 3182 2616 3237 Ν.
2635 3182 2992 3248 Benedictum,
3018 3184 3103 3236 die
3123 3181 3212 3237 14.

1809 3367 2036 3437 Nos'qui
2069 3382 2164 3437 per
2194 3376 2243 3421 te
2274 3367 2676 3435 incorruptione
2704 3368 2856 3422 ditati
2887 3382 3095 3431 sumus,
3126 3382 3158 3420 ο
3192 3366 3286 3420 Dei

1740 3460 1965 3528 genitrix
2002 3442 2328 3522 castissima,
2355 3460 2417 3512 ad
2450 3469 2498 3512 te
2525 3460 2820 3513 clamamus
2854 3477 2866 3512 :
2901 3458 3075 3522 Salve,
3109 3474 3140 3511 o
3169 3473 3290 3526 gra-

1740 3550 1809 3601 tia
1842 3549 2016 3615 plena,
2070 3554 2379 3602 sanctorum
2424 3549 2666 3601 omnium
2715 3563 2776 3602 ac
2804 3547 3072 3616 justorum
3121 3561 3286 3599 orna-

1740 3629 2003 3692 mentum.

1811 3731 1901 3784 Ille
1927 3731 2018 3799 qui
2051 3731 2198 3784 solus
2230 3731 2403 3783 bonus
2436 3739 2538 3792 est,
2573 3731 2848 3798 ingressus
2874 3740 2955 3783 est
2985 3731 3037 3782 in
3068 3741 3281 3782 uterum

1739 3830 1912 3882 tuum,
1934 3822 2023 3874 ubi
2049 3836 2264 3874 carnem
2288 3821 2548 3887 suscepit,
2567 3830 2619 3872 et
2640 3821 2797 3872 homo
2816 3819 3085 3888 perfectus
3112 3820 3287 3873 lactus

1740 3920 1819 3964 est
1841 3930 1852 3963 :
1877 3927 2032 3980 quem
2064 3921 2117 3964 tu
2148 3911 2453 3978 deprecare,
2474 3927 2504 3963 ο
2521 3911 2830 3979 purissima,
2853 3926 2947 3979 pro
2972 3911 3145 3966 salute
3171 3913 3290 3964 ani-

1741 4018 1950 4056 marum
1983 4011 2311 4055 nostrarum.

1813 4090 1968 4160 Velut
2018 4091 2188 4144 imber
2250 4105 2411 4158 super
2460 4091 2666 4154 vellus,
2720 4091 2996 4144 descendit
3052 4090 3284 4145 Verbum

1741 4197 1954 4236 carnem
1985 4197 2267 4236 assumens
2298 4183 2348 4234 in
2379 4183 2740 4235 venerandum
2788 4192 3000 4237 uterum
3053 4191 3224 4246 tuum,
3251 4200 3282 4235 ο

1741 4271 2014 4333 inviolata,
2055 4281 2108 4324 ct
2145 4271 2460 4325 idololatria:
2494 4272 2701 4340 pluvias
2737 4272 3021 4326 manifeste
3053 4272 3280 4335 sedavit,

1739 4372 1791 4415 et
1812 4363 2200 4430 amaruleutam
2233 4371 2599 4431 tempestatem
2633 4362 2930 4430 dissipavit,
2962 4378 2994 4414 0
3031 4362 3289 4416 inunacu-

1741 4453 2023 4506 latissima.

167 4537 236 4589 Ὀ
265 4537 531 4589 κατοικῶν
555 4538 811 4606 οὐρανοὺς
848 4537 943 4607 τὴν
973 4537 1068 4608 σὴν
1103 4539 1438 4608 πανάμωμον
1469 4539 1628 4606 νηδὺν

1803 4541 1902 4607 Qui
1936 4543 2138 4595 habitat
2166 4543 2217 4595 iu
2250 4544 2420 4607 caelis,
2454 4544 2504 4597 in
2539 4545 2827 4613 purissimo
2858 4553 3042 4597 ventre
3075 4554 3166 4598 tuo
3189 4545 3286 4598 ha-

94 4633 328 4701 1ιζυιιτισεν,
380 4632 526 4692 ὅπως
553 4633 697 4702 ἡμᾶς
741 4632 918 4694 οἴκους
959 4633 1055 4699 τῆς
1106 4633 1331 4702 Τριάδος
1385 4635 1639 4686 ἐναποτε-

87 4723 247 4792 λέσῃ,
286 4725 408 4784 τοὺς
437 4723 495 4790 σὲ
525 4723 780 4776 Θεοτόκον
808 4726 1192 4794 κηρύττοντας,
1220 4726 1471 4795 ἄχραντε.

169 4815 270 4868 Ἐκ
314 4814 544 4883 γαστρός
571 4832 663 4867 σου
700 4815 855 4882 ἁγίας
882 4817 1121 4868 ἀνέτειλε
1160 4817 1258 4883 τῆς
1290 4816 1634 4883 δικαιοσύνης

92 4904 394 4973 άνέσπερος
414 4903 582 4971 ἥλιος,
607 4905 698 4955 καὶ
718 4905 840 4966 τοὺς
872 4905 1092 4966 πιστοὺς
1125 4904 1372 4971 ἐφώτισε,
1406 4903 1630 4955 Θεοτόκε

99 4994 332 5063 παρθένε
366 4991 696 5061 πανύμνητε.

168 5088 352 5138 Ἰασαι
394 5083 491 5152 τῆς
532 5084 706 5152 ψυχῆς
758 5101 856 5152 μου
900 5085 968 5136 τὰ
1017 5084 1176 5150 πάθη,
1236 5085 1334 5151 τῆς
1375 5083 1636 5144 ἀπαθείας

92 5177 189 5244 τὴν
222 5175 406 5244 πηγὴν
431 5176 463 5244 ἡ
485 5175 838 5240 συλλαϐοῦσα,
866 5176 1122 5245 Παρθένε,
1169 5176 1260 5226 καὶ
1283 5177 1637 5239 ίκατανύξεως

95 5269 336 5337 ὄμϐρους
389 5267 662 5335 παράσχου
710 5283 798 5334 μοι
844 5267 1228 5335 προξενοῦντάς
1269 5285 1355 5335 μοι
1405 5268 1500 5337 τὴν
1538 5285 1638 5327 πατ

100 5361 362 5429 ρὰκλησιν
401 5359 533 5421 ἐκεῖ,
561 5358 689 5423 ἁγία
717 5358 964 5410 Θεοτόκε.

175 5538 309 5592 Ἰδοὺ
338 5537 650 5606 γεγέννηται
687 5538 748 5589 ὲκ
774 5536 887 5600 σοῦ,
922 5537 1142 5599 Ἡσαΐας
1172 5538 1444 5606 ἐμφανῶς,
1477 5541 1633 5609 ἁγνὴ,

97 5629 246 5694 ἐϐόα,
275 5629 453 5690 ὁΥἱὸς
494 5627 585 5679 τοῦ
639 5628 926 5696 Ὑψίστου,
977 5630 1068 5680 καὶ
1117 5629 1206 5689 σὸς
1256 5631 1444 5698 ὁρᾶται
1493 5632 1636 5695 Υἱὸς,

105 5720 364 5787 Ιιαρθένε,
394 5718 538 5778 υἱοὺς
572 5719 928 5788 ἐργαζόμενος
959 5719 1049 5771 τοῦ
1087 5720 1402 5789 ἐπουρανίου
1431 5723 1636 5791 Ματρὸς

100 5811 222 5872 τοὺς
256 5809 312 5861 σὲ
343 5808 663 5873 ὑμνοῦντας.

1741 4633 1947 4695 bitavit,
1991 4643 2048 4687 ut
2083 4631 2364 4687 Trinitatis
2415 4637 2607 4689 domos
2652 4636 2883 4688 emceret
2930 4651 3052 4699 nos,
3100 4637 3191 4705 qui
3235 4650 3284 4690 te

1741 4725 2018 4790 Deiparam
2060 4724 2435 4791 praedicamus,
2472 4740 2502 4779 ο
2538 4726 2812 4779 inviolata.

1810 4816 1885 4866 Ex
1919 4825 2074 4866 utero
2107 4826 2197 4866 tuo
2230 4826 2417 4868 sancto
2438 4824 2588 4869 ortus
2612 4828 2692 4869 est
2713 4817 2801 4869 Sol
2829 4817 3054 4886 iustitia:
3082 4817 3284 4870 inocci-

1738 4904 1897 4968 duns,
1933 4913 1984 4957 et
2009 4905 2187 4957 ﬁdeles
2236 4904 2576 4972 illuminavit,
2633 4921 2664 4958 ο
2695 4905 2919 4974 Deipara
2950 4905 3108 4975 Virgo
3135 4908 3280 4960 omni

1740 4993 1895 5045 laude
1927 4994 2265 5061 dignissima.

1809 5085 1972 5145 Sana,
2007 5099 2038 5137 ο
2071 5084 2256 5152 Virgo,
2307 5087 2497 5140 anima:
2537 5102 2665 5140 mea:
2717 5087 3024 5155 passiones,
3071 5098 3123 5139 tu
3162 5101 3280 5153 qua:

1739 5175 1939 5228 fontem
2005 5176 2450 5242 impassihilitatis
2533 5177 2858 5244 concepisti,
2910 5187 2962 5229 et
3014 5193 3273 5241 compun-

1738 5267 1930 5320 ctionis
1977 5269 2175 5321 imbres
2218 5271 2452 5322 concede
2502 5270 2630 5321 mihi
2658 5309 2671 5332 ,
2709 5284 2740 5320 ο
2777 5267 2995 5334 Deipara
3049 5276 3232 5318 sancta
3263 5307 3275 5327 ,

1739 5357 1829 5423 qui
1899 5355 2134 5408 futuram
2191 5357 2242 5408 in
2300 5357 2435 5410 cmlo
2501 5357 2925 5411 consolationem
2992 5355 3276 5421 acquiraut

1740 5447 1890 5500 mihi.

1811 5542 1945 5597 Ecce
1976 5556 2132 5598 natus
2157 5552 2316 5595 estex
2339 5551 2407 5606 te,
2439 5539 2886 5608 quemadmodum
2909 5537 3072 5588 lsaias
3095 5547 3276 5604 aperte

1739 5635 2022 5698 clamabat,
2083 5635 2346 5689 Altissimi
2402 5634 2589 5698 Filius,
2635 5644 2686 5687 et
2722 5631 2886 5685 Filius
2939 5639 3060 5680 tuus
3103 5629 3275 5681 laetus

1741 5739 1842 5789 est,
1882 5744 1913 5780 o
1945 5727 2106 5797 Virgo
2136 5737 2308 5791 easta,
2335 5729 2426 5796 qui
2473 5729 2610 5783 tilios
2652 5727 2821 5780 Patris
2854 5723 3090 5778 emit-stis
3119 5722 3275 5777 cllicit

1742 5837 1850 5884 eos,
1883 5820 1972 5889 qui
2008 5830 2056 5874 te
2085 5821 2410 5874 eollaudant.
