3936 6304
77 411 218 475 ῙΟἾΊ

1530 367 1894 472 nimam.

3193 413 3329 477 1078

71 524 427 596 πανάμωμε,
469 525 804 596 λάμπρυνον,
846 525 991 587 ὅπως
1025 523 1176 596 ὑμνῶ
1207 523 1299 577 καὶ
1337 524 1543 592 δοξάζω
1582 526 1651 579 τὰ

1783 524 1944 580 ιοὶπὶε
1975 524 2229 591 oﬂ'nsum,
2254 525 2374 581 lucc
2403 525 2761 596 pmnitentiae,
2810 535 2870 580 ut
2898 526 3112 582 laudem
3140 541 3192 583 et
3215 531 3330 600 glo-

74 617 361 685 μιγαλείἀ
387 636 502 674 σου.

1764 616 1972 672 riﬁcem
2008 617 2274 686 magnalia
2307 627 2420 673 tua.

935 763 1043 833 76
1084 761 1165 816 Ea:
1186 778 1382 817 canone
1406 763 1458 816 in
1485 760 1544 817 S.
1568 759 1771 830 Papam
1800 769 2107 828 martyrem,
2137 760 2223 813 die
2242 761 2304 814 16
2331 761 2489 830 (55').

152 901 455 974 Tanquam
485 902 691 974 angelis
721 903 963 958 sanctior
1005 903 1294 969 exsistens,
1329 902 1496 957 Deum
1529 918 1658 956 san-

76 1007 262 1061 ctum,
310 995 681 1058 sanctissima,
753 993 1092 1064 concepisti,
1157 994 1248 1063 qui
1316 995 1658 1048 sanctitatem

81 1089 330 1157 largitur
371 1089 627 1145 omnibus
675 1103 796 1144 sese
836 1089 1174 1143 incessanter
1207 1085 1659 1156 glorifica'ntibus,

78 1189 432 1250 sanctosque
463 1180 636 1249 ipsius
672 1190 941 1252 martyres
977 1177 1383 1235 venerantibus.

152 1272 388 1328 Canens
439 1274 703 1342 propheta
755 1272 919 1327 David
959 1280 1030 1338 te,
1081 1271 1171 1325 Dei
1203 1269 1412 1334 Mater,
1462 1269 1663 1323 montis

79 1361 318 1431 pinguis
392 1361 612 1415 nomine
672 1359 1115 1417 manifestissime
1181 1359 1662 1432 prasigniflcavit,

82 1470 148 1506 ex
177 1468 300 1522 quo
333 1452 555 1508 advenit
597 1452 852 1510 Christus
873 1493 889 1520 ,
919 1453 1012 1524 qui
1044 1451 1263 1508 malitiae
1290 1460 1508 1506 montes
1531 1465 1664 1505 con-

84 1544 268 1600 trivit.
343 1535 354 1545 ’

159 1633 464 1705 Templum
502 1646 751 1692 sanctum
787 1633 1109 1707 apparuisti,
1145 1649 1180 1691 ο
1213 1632 1380 1706 Virgo
1415 1633 1664 1705 innupta,

85 1730 241 1798 quod
274 1727 445 1786 Deum
481 1729 534 1785 in
561 1745 622 1786 se
667 1728 961 1792 continuit,
1006 1728 1279 1785 universis
1319 1727 1663 1783 sanctitatem

1764 901 1947 964 enixa,
1983 901 2238 972 abyssum
2291 903 2554 957 malorum
2584 919 2833 961 meorum
2867 906 3106 969 exsicca,
3148 921 3181 960 ο
3225 905 3334 960 Do-

1766 993 1914 1047 mina
1935 990 2303 1056 sanctissima,
2329 992 2719 1053 intercessione
2742 1007 2856 1063 tua,
2889 1006 2944 1053 et
2970 998 3334 1069 cogitationes

1765 1080 2206 1151 compunctionis
2239 1082 2479 1140 concede
2509 1087 2663 1141 mihi.
3120 1083 3127 1089 ’

1835 1175 2160 1232 Benedictus
2183 1175 2390 1233 fruetus
2417 1186 2543 1233 tuus
2566 1180 2714 1233 omni
2743 1180 3120 1238 benedictione
3144 1198 3330 1238 eumuo

1765 1266 2086 1335 latissimus,
2120 1281 2152 1322 ο
2181 1267 2625 1323 henedictissima
2670 1270 2910 1334 Domina,
2941 1288 3101 1341 quem
3139 1275 3331 1342 depre-

1767 1375 1913 1428 care,
1945 1369 2003 1416 ut
2032 1361 2318 1417 benedicat
2339 1360 2517 1426 nobis,
2547 1361 2639 1432 qui
2668 1370 2719 1416 te
2749 1373 2953 1417 castam
2984 1364 3076 1419 Dci
3104 1365 3330 1420 Matrem

1770 1451 2114 1521 agnovimus.

1838 1541 2024 1613 Dejice
2059 1543 2379 1600 fortitudine
2417 1554 2532 1610 tua,
2565 1540 2731 1614 Virgo
2779 1543 3062 1608 inviolata,
3111 1544 3332 1598 univcr-

1768 1649 1884 1690 sam
1913 1634 2086 1691 hostis
2119 1620 2514 1700 fortitudinem,
2553 1650 2763 1704 nosque
2788 1635 2986 1690 virtute
3012 1635 3330 1696 corrobora.

1769 1733 1829 1778 ut
1874 1724 2111 1780 divinam
2163 1725 2257 1780 filii
2308 1726 2387 1780 tui
2442 1725 2777 1779 voluntatem
2832 1724 3099 1795 perlicere
3150 1725 3333 1778 valea-

83 1819 440 1892 largientem,
480 1829 700 1891 propter
733 1820 1163 1876 misericordiam
1215 1835 1372 1875 suam
1416 1819 1662 1876 ineﬂabi-
1701 1811 1741 1866 Β
1771 1829 1913 1879 mus,
1972 1830 2006 1868 0
2042 1805 2357 1885 pl'wsidium
2411 1815 2761 1871 formidabile
2803 1829 2993 1870 eorum
3047 1814 3144 1885 qui
3181 1815 3335 1868 invo-

85 1912 220 1976 lem,
257 1923 318 1968 et
347 1915 604 1983 pietatem
638 1925 864 1984 prorsus
901 1911 1343 1968 inenarrabilem.

157 2001 264 2067 Te,
296 2018 330 2056 ο
351 2004 458 2056 Deo
487 2001 838 2068 charissima,
873 2001 1260 2071 Prophetarum
1291 2001 1497 2058 chorus
1525 2017 1663 2073 pra:-

87 2094 426 2149 monstravit
453 2092 568 2148 fore
609 2091 884 2149 Creatoris
923 2086 1174 2158 Matrem,
1206 2109 1366 2163 quem
1398 2094 1519 2150 sine
1550 2095 1658 2149 ulla

85 2185 509 2242 intermissione
555 2200 799 2257 precare,
865 2191 926 2241 ut
970 2186 1297 2242 misereatur
1349 2186 1660 2242 animarum

86 2288 436 2334 nostrarum.

153 2370 436 2442 Abyssum
456 2369 843 2447 misericordia:
880 2379 936 2426 et
953 2370 1364 2427 miserationum
1383 2369 1662 2428 Christum

97 2528 202 2582 Ἐκ
225 2526 341 2583 τοῦ
380 2526 634 2609 tardare;-
662 2501 751 2592 εἷς
781 2527 889 2609 Et}!
914 2527 1087 2609 ἅγιον
1120 2519 1394 2609 ξΑλέὲιον
1424 2527 1532 2581 τὸν
1559 2526 1662 2583 ἆν-

443 2601 678 2666 θρωπον
708 2597 813 2652 τοῦ
833 2595 999 2662 Θεοῦ,
1021 2595 1212 2666 ἡμέρᾳ
1233 2595 1319 2663 ιζ’.

173 2722 403 2778 ’08εοῦ
432 2725 776 2796 συνάναρχος
807 2725 934 2790 Υίδς
959 2726 1114 2799 ἔσχεν
1145 2727 1220 2793 ὡς
1251 2728 1430 2784 αίτίαν
1469 2747 1527 2784 σε
1559 2729 1660 2800 τῆς

85 2817 226 2886 πρὸς
256 2819 427 2887 ἡμᾶς,
448 2817 714 2890 Παρθένε,
743 2819 1059 2891 ὁμοιώσεως
1083 2823 1252 2892 μόνην
1271 2823 1412 2894 ὑπὲρ
1439 2826 1660 2878 ἃπασαν

86 2907 294 2972 κτίσιν,
344 2909 602 2980 ἇχραντε,
649 2909 895 2982 καθαράν
934 2907 1002 2964 ’σε
1051 2911 1385 2982 εὑράμενος
1438 2912 1560 2968 ὅθεν
1599 2931 1660 2968 σε

87 2999 370 3073 ὑμνοῦμιν
398 3003 569 3056 πᾶσαι
600 3002 784 3072 γενεαὶ
813 3003 908 3057 καὶ
937 3002 1337 3076 μακαρίζομεν.

1769 1913 1896 1958 cant
1930 1913 1982 1958 te
2001 1906 2014 1958 !

1840 1991 2002 2064 Virgo
2029 2004 2203 2058 casta,
2234 2004 2290 2050 et
2314 1994 2688 2058 immaculata,
2725 2010 2845 2065 qua:
2874 1993 2969 2049 Dei
3019 2001 3334 2062 receptacu-

1771 2082 1880 2137 lum
1915 2083 2254 2153 apparuisti,
2291 2099 2379 2137 me
2434 2083 2685 2152 plurimis
2717 2083 2955 2152 peccatis
3000 2083 3329 2136 maculatum

1769 2175 2027 2242 emunda,
2045 2190 2261 2246 precor,
2275 2191 2306 2229 ο
2331 2174 2928 2245 Deipara,purilicativa
2942 2175 3334 2230 intercessione

1769 2274 1903 2333 tua,
1954 2276 2009 2323 et
2067 2267 2126 2323 in
2177 2267 2267 2323 die
2311 2266 2506 2338 iudicii
2558 2281 2587 2322 a
2634 2267 3001 2333 damnationis
3065 2267 3335 2327 sententia

1769 2357 1939 2417 libera
1965 2374 2072 2416 me.

1769 2508 1885 2587 71~
1909 2507 1996 2564 Ea:
2037 2526 2237 2568 canone
2260 2513 2315 2568 in
2348 2513 2409 2569 S.
2438 2512 2684 2568 Alext'um
2710 2513 2969 2569 hominem
2998 2512 3116 2575 Dei.
3139 2514 3223 2576 die
3250 2516 3331 2570 l7.

1838 2715 1931 2772 Dei
1963 2716 2155 2783 Filius,
2192 2718 2270 2774 illi
2301 2730 2628 2788 coaeternus,
2669 2721 2863 2776 habuit
2893 2728 2965 2785 te,
2998 2735 3030 2774 ο
3060 2717 3226 2788 Virgo
3253 2720 3336 2773 in-

1769 2807 1989 2875 violata,
2043 2818 2304 2881 tanquam
2357 2827 2604 2876 causam,
2643 2828 2752 2882 qua
2797 2812 2996 2868 similis
3041 2810 3222 2866 factus
3252 2821 3338 2866 est

1768 2900 1955 2979 nobis,
1981 2915 2108 2957 cum
2148 2909 2199 2957 te
2231 2903 2402 2957 solam
2437 2919 2605 2973 super
2636 2919 2855 2958 omnem
2894 2914 3203 2958 creaturam
3254 2901 3336 2956 in-

1766 2990 2008 3045 venisset
2044 3007 2234 3061 puram
2275 2991 2389 3064 (56)
2420 3011 2432 3046 :
2470 2995 2614 3047 unde
2652 3008 2843 3048 omnes
2883 2993 3260 3064 generationes
3289 3003 3339 3048 te

1767 3082 2071 3152 laudamus,
2111 3100 2175 3140 ac
2205 3085 2420 3141 beatam
2453 3085 2807 3158 appellamus.

168 3178 234 3232 '0
269 3177 383 3232 ἄνω
423 3179 733 3252 ἀθεώρητος
762 3184 875 3245 τοϊς
902 3181 1178 3252 ἀγγέλοις,
1206 3141 1441 3255 ἄχραντε
1462 3229 1477 3253 ,
1513 3189 1663 3242 κάτω

1836 3174 1939 3242 Qui
1963 3178 2218 3247 superius
2241 3178 2295 3232 in
2327 3179 2469 3235 caelo
2494 3188 2579 3235 est
2619 3179 2828 3249 angelis
2853 3178 3164 3245 invisibilis,
3200 3178 3338 3234 infe-

90 3258 155 3323 ἑκ
196 3270 296 3324 σοῦ
347 3271 635 3342 γενόμενος
703 3272 1007 3344 καθορᾶται
1071 3275 1276 3340 τέλειος
1337 3275 1656 3349 ἄνθρωπος,

89 3360 464 3433 ἀπολλύμενον
489 3363 692 3423 κόσμον
719 3365 1127 3424 ἀνακτώμενος.

157 3541 454 3615 Θηλάσασα
498 3545 588 3599 τὸν
626 3545 848 3618 δοτῆρα,
896 3546 1171 3620 Παρθένε,
1216 3547 1310 3603 τοῦ
1363 3548 1659 3618 γάλακτος,

91 3634 366 3689 πεινῶσαν
403 3635 498 3690 καὶ
541 3637 831 3693 στένουσαν
871 3637 967 3691 νῦν
1013 3639 1111 3710 τὴν
1138 3639 1368 3710 καρδίαν
1417 3657 1520 3711 μου
1570 3641 1663 3694 κό-

94 3731 250 3794 ρσσον
280 3729 461 3798 πάσης
492 3729 839 3797 ἐπιγνώσεως
864 3731 958 3785 καὶ
983 3732 1325 3797 κατανύξεως
1349 3732 1522 3798 θείας,
1551 3734 1663 3786 ἱκε-

92 3833 233 3873 τευω
257 3836 341 3874 σε.

172 3905 231 3961 '0
261 3907 379 3977 φῶς
423 3907 688 3964 κατοικῶν
741 3910 839 3981 τὴν
890 3911 1051 3980 ἁγίαν
1089 3909 1303 3982 ᾧκησέν
1351 3928 1444 3965 σου
1478 3911 1661 3981 νηδὺν,

93 3999 253 4072 ἁγνή,
308 4000 513 4070 κόσμον
557 4001 931 4072 ἀπολλύμενον
972 4003 1154 4056 σκύτει
1203 4003 1476 4071 ἀγνωσίας
1528 4003 1660 4057 ἀνα-

97 4089 393 4157 κτώμενος,
419 4090 479 4144 ὃν
525 4091 734 4146 ἱκέτευε
772 4094 976 4158 πάντας
1001 4094 1235 4163 φωτίσαι
1266 4095 1388 4157 τοὺς
1431 4092 1663 4162 ὑμνοῦν-

97 4182 191 4245 τάς
223 4199 309 4237 σε.

165 4276 385 4347 Νόμους
412 4276 645 4345 φύσεως,
679 4277 916 4348 ἀχραντε
948 4279 1236 4340 Δέσποινα,
1270 4277 1660 4348 ὀΔημιουργδς

99 4368 517 4444 καινουργῆσας,
538 4366 638 4436 τῆς
662 4367 889 4428 κτίσεως
906 4368 970 4420 ὲκ
990 4365 1082 4420 σοῦ
1104 4367 1360 4438 ἀρρήτως
1387 4364 1658 4430 τίκτεται,

100 4459 190 4510 καὶ
219 4457 338 4511 θεοί
361 4475 428 4528 με
457 4458 523 4511 δι’
549 4461 786 4528 ἄμετρον
819 4457 989 4523 ἔλεος.

165 4640 420 4707 Μεγαλου
469 4637 714 4700 διάκονος
763 4631 834 4690 σίί
870 4635 1168 4707 μυστηρίου
1219 4633 1435 4703 ἐγένου,
1487 4631 1664 4684 πανὰο

103 4745 288 4798 μωμε·
322 4728 453 4781 Θεὸν
485 4728 594 4799 γὰρ
624 4729 995 4797 ὲσωμὰτωσας
1028 4726 1278 4796 μεγάλων
1305 4722 1490 4777 κακῶν
1515 4724 1662 4792 ἡμᾶς

100 4820 567 4893 ἁπολυτρούμενον
605 4821 731 4883 τούς
763 4838 820 4873 σε
848 4819 1269 4891 μεγαλύνοντας,
1303 4815 1460 4886 ἁγνὴ,
1508 4814 1662 4866 εὐλο-

101 4916 312 4986 γημένη
341 4914 721 4985 θεοχαρίτωτε.

179 5006 506 5074 Ῥεύσαντας
535 5007 681 5075 ἡμᾶς
713 5007 778 5076 τῇ
814 5004 979 5058 πάλαι
1018 5003 1327 5075 παραϐάσει
1372 5002 1660 5058 ἀνακαινί-

103 5097 203 5161 ζων
233 5100 264 5152 ὁ
290 5096 1010 5169 φιλάνθρωποςάρρεύστως
1035 5097 1380 5167 σεσάρκωται
1410 5096 1469 5160 ἐξ
1493 5095 1664 5165 ἀφθό-

170 5277 308 5347 (55‘)
339 5277 524 5332 Graeca
556 5280 752 5333 desunt
783 5276 836 5347 in
869 5277 1082 5341 Menaeis
1109 5274 1414 5347 impressis.
1475 5282 1484 5291 '

169 5343 432 5419 (56)'Non
473 5349 766 5403 invenisset
813 5346 902 5400 Dei
943 5347 1110 5419 Filius
1152 5344 1208 5398 Β.
1240 5343 1512 5419 Virginem
1564 5361 1658 5419 Aso-

104 5416 200 5474 lam
240 5416 389 5472 omni
417 5427 660 5472 creatura
689 5419 981 5482 puriorem,
1014 5419 1056 5471 si
1083 5417 1196 5470 haec
1236 5430 1344 5468 non
1374 5416 1536 5470 fuerit
1563 5416 1662 5470 im-

107 5489 283 5544 munis
349 5488 417 5541 ab
459 5485 710 5556 originali
761 5488 996 5552 macula,
1028 5502 1132 5555 qua
1191 5485 1348 5552 primi
1408 5494 1661 5554 parentes

102 5566 390 5615 caruerunt
428 5555 594 5612 creati
635 5560 688 5610 in
732 5559 943 5626 justitia
973 5569 1026 5611 et
1057 5555 1346 5611 sanctitate
1390 5556 1656 5611 veritatis.

105 5631 230 5682 Cum
263 5637 442 5683 autem
488 5627 659 5682 solam
691 5630 839 5682 omni
886 5638 1133 5681 creatura
1186 5626 1456 5693 puriorem
1508 5626 1660 5677 inve-

110 5699 292 5764 nisset,
334 5699 388 5752 in
421 5713 483 5751 ea
515 5697 704 5750 imbuit
742 5713 960 5752 causam
1016 5712 1120 5767 qua
1155 5695 1348 5749 similis
1369 5696 1658 5767 nobisho-

113 5780 204 5834 Μ,
232 5763 426 5838 nempe
451 5782 719 5822 summam
752 5763 1065 5836 puritatem]
1099 5768 1216 5822 sine
1234 5780 1344 5838 qua
1369 5764 1458 5838 Dei
1494 5763 1660 5818 Filius

50 5873 58 5882 ι
113 5839 164 5894 in
188 5854 252 5897 ea
277 5834 387 5897 non
410 5837 604 5895 fuisset
635 5834 969 5894 incarnatus.
997 5837 1113 5894 Non
1143 5838 1284 5894 enim
1315 5834 1535 5891 decebat
1558 5850 1658 5903 pu-

1766 3269 1882 3322 rius
1944 3267 1997 3322 in
2046 3276 2189 3323 terra
2221 3280 2382 3325 natus
2415 3285 2479 3324 ex
2510 3279 2585 3336 te,
2612 3286 2644 3324 ο
2667 3271 2955 3336 inviolata,
2981 3271 3050 3325 ab
3080 3271 3339 3325 omnibus

1760 3357 2097 3427 conspicitur
2150 3359 2423 3430 perfectus
2491 3361 2694 3428 homo,
2746 3361 3015 3432 perditum
3072 3361 3339 3418 mundum

1761 3458 2209 3517 recuperaturos.

1834 3539 1879 3594 Ο
1911 3537 2096 3610 Virgo,
2128 3557 2250 3612 quze
2281 3542 2522 3597 datorem
2558 3544 2717 3599 lactis
2746 3544 2987 3609 lactasti,
3018 3559 3116 3600 cor
3157 3561 3337 3600 meum

1763 3629 2071 3696 famescens
2097 3647 2159 3686 ac
2179 3649 2400 3704 gemens
2420 3635 2580 3702 satia,
2601 3651 2815 3706 precor,
2846 3638 2998 3691 omni
3031 3638 3340 3709 cognitione

1766 3738 1830 3780 ac
1852 3728 2274 3796 compunctione
2311 3727 2522 3787 divina.

1837 3905 1940 3972 Qui
1978 3886 2266 3962 habitatio
2298 3907 2440 3974 luce,
2508 3909 2562 3963 in
2588 3918 2781 3965 sancto
2819 3919 2975 3967 utero
2996 3920 3092 3966 tuo
3122 3910 3339 3966 habita-

1765 3999 1862 4062 vit,
1895 4008 2142 4063 ocasta,
2199 4010 2260 4054 ut
2301 4000 2566 4054 mundum
2613 4000 2669 4056 in
2717 4001 2955 4056 tenebris
3020 4003 3341 4072 ignorantia:

1765 4098 2086 4158 pereuntem
2147 4102 2533 4161 recuperaret;
2590 4093 2844 4149 eumdem
2903 4095 3223 4164 deprecare,
3280 4107 3339 4150 ut

1764 4195 1953 4236 omnes
1983 4193 2033 4236 te
2059 4166 2341 4237 laudantes
2372 4183 2661 4240 illuminct;

1836 4271 1970 4326 Cum
2010 4281 2388 4328 creaturarum
2439 4277 2689 4333 conditor
2752 4277 2959 4336 natura:
2990 4278 3134 4350 leges
3174 4281 3338 4335 inno—

1765 4375 1983 4432 vasset,
2023 4381 2054 4420 ο
2087 4365 2323 4448 Domina
2369 4368 2660 4433 inviolata,
2703 4386 2769 4424 ex
2799 4379 2852 4426 te
2882 4370 3142 4426 ineﬂabili
3174 4373 3339 4427 modo

1767 4466 1925 4512 natus
1952 4467 2053 4523 est,
2097 4469 2258 4514 etme
2301 4471 2522 4532 propter
2551 4463 2875 4518 immensam
2908 4464 3340 4519 miscricordiam

1693 4533 1743 4591 Ῑ)
1771 4565 1922 4604 suam
1948 4550 2236 4608 deiﬁcavit.

1842 4640 2018 4709 Magni
2049 4643 2292 4713 mysterii
2321 4644 2569 4699 ministra
2593 4644 2733 4700 facta
2757 4660 2815 4702 es
2846 4653 2929 4712 tu,
2960 4663 2993 4700 ο
3021 4646 3342 4713 immacula-

1767 4733 2010 4799 tissima;
2045 4735 2210 4789 Deum
2239 4735 2383 4790 enim
2415 4732 2742 4806 corporasti,
2769 4738 2861 4808 qui
2892 4753 2921 4792 a
2949 4739 3161 4808 magnis
3188 4739 3343 4793 malis

1768 4824 1997 4878 redemit
2015 4841 2134 4889 nos,
2154 4827 2311 4895 quite
2329 4827 2766 4898 magnificamus,
2784 4844 2816 4882 ο
2834 4837 3005 4893 casta,
3033 4829 3338 4896 benedicta,

1768 4910 1879 4966 Deo
1910 4913 2260 4970 charissima.

1839 5003 1969 5067 Nos,
2002 5007 2094 5075 qni
2145 5017 2364 5077 propter
2394 5007 2673 5077 antiquam
2699 5007 3201 5077 transgressionem
3237 5007 3334 5061 de-

1768 5092 2099 5153 fluxeramus
2146 5099 2200 5152 in
2258 5099 2706 5168 corruptionem,
2768 5100 2992 5154 Amator
3059 5100 3337 5154 hominum

1763 5278 1975 5351 ritatem
2003 5277 2276 5351 inﬁnitam
2301 5292 2364 5351 ex
2398 5278 2586 5351 Matre,
2613 5295 2734 5350 quae
2757 5281 3045 5351 aliquando
3067 5282 3336 5334 contami-

1767 5360 1891 5420 nata
1940 5347 2148 5413 fuisset,
2183 5347 2447 5418 progigni,
2476 5364 2602 5420 cum
2630 5347 3041 5420 praeteritarum
3091 5352 3335 5403 sordium

1769 5419 1884 5488 ipsa
1916 5432 2134 5539 tguoque
2160 5417 2422 5472 memoria
2468 5417 2740 5476 offendere
2784 5422 2971 5476 soleat.
3000 5418 3337 5487 QuaprOpter

1769 5489 1899 5539 dum
1975 5527 1987 5539 .
2014 5486 2284 5539 Josenhus
2316 5487 2596 5539 Deinaram
2630 5492 2801 5539 solam
2829 5506 2858 5539 ει
2897 5491 2998 5539 Deo
3022 5503 3187 5539 suner
3218 5505 3337 5539 om-

1768 5486 1899 5542 dum
1930 5486 1987 5540 S.
2014 5486 2284 5558 Iosephus
2316 5487 2596 5556 Deiparam
2630 5492 2801 5544 solam
2829 5506 2858 5542 a
2897 5491 2998 5540 Deo
3022 5503 3187 5558 super
3218 5486 3337 5541 om-

1767 5574 1863 5613 nes
1896 5556 2174 5612 creaturas
2219 5559 2451 5626 puritate
2504 5558 2795 5628 fulgentem
2831 5561 3102 5611 inventam
3132 5556 3324 5624 fuisse,

1765 5628 2065 5696 eademque
2093 5630 2159 5683 de
2195 5643 2360 5682 causa
2411 5628 2466 5682 in
2521 5628 2611 5683 Dei
2640 5629 2862 5682 Matrem
2918 5628 3146 5682 electam
3187 5628 3337 5682 afﬁr-

1768 5709 1899 5765 mat,
1924 5713 2138 5756 omnem
2163 5697 2233 5754 ab
2269 5699 2384 5770 ipsa
2414 5698 2760 5770 originariam
2782 5697 3069 5753 maculam
3111 5699 3335 5769 propul-

1767 5778 1868 5823 sat.
