3936 6304
461 291 594 355 1079

1586 300 1644 357 S.
1686 301 1996 360 JOSEPIII
2042 303 2347 364 HYMNOG
2360 306 2593 364 RAPIH

3553 296 3712 361 1080

458 409 854 463 renovaturus,
917 399 1400 470 incorruptibilitcr
1449 403 1764 462 incarnatus
1824 420 1904 463 est
1953 425 2016 463 ex

2158 428 2215 462 ου
2250 429 2363 472 σου,
2403 412 2732 479 πανάμωμε,
2774 409 2982 478 νηδύος,
3022 408 3114 462 καὶ
3144 407 3415 480 ἐρρύσατο
3443 407 3712 467 ἅπαντας

457 479 741 558 impolluta
781 499 939 543 utero
985 499 1097 557 tuo,
1131 507 1163 544 0
1198 493 1509 561 purissima,
1568 507 1730 568 atque
1776 515 1962 555 omnes
1992 515 2019 552 a

460 581 663 648 peccati
701 581 1051 650 corruptione
1097 583 1370 652 libera-vit,
1407 602 1439 641 0
1474 589 1732 646 immunis
1764 593 1829 646 ab
1874 593 2020 647 omni

460 671 670 724 macula
706 671 843 739 (57).

529 762 606 813 Ad
643 771 692 814 te
721 762 987 818 Gabrielis
1013 765 1236 822 vocibus
1278 767 1566 825 laetabundi
1595 773 1913 838 clamamus,
1940 774 2023 827 di-

412 913 416 924 1
459 862 643 907 centes
676 873 688 907 :
724 854 903 920 Salve,
933 872 964 910 ο
994 873 1120 926 ager
1151 859 1395 928 inarate;
1430 864 1598 930 salve,
1631 880 1663 918 0
1691 865 2026 920 maledictio-

411 930 417 970 ξ
462 947 548 1000 nis
580 947 806 1001 solutio:
836 950 1003 1014 salve,
1036 964 1068 1002 0
1093 949 1214 1005 fons
1245 968 1400 1022 aqua:
1429 956 1595 1021 vivze;
1635 957 1799 1018 salve,
1825 957 2024 1026 gloria-

465 1039 538 1090 tio
567 1049 879 1093 sanctorum
937 1040 1167 1111 Deipara
1197 1046 1618 1114 semper'Virgo.

463 1198 571 1268 73
611 1197 692 1252 Ea:
741 1217 939 1254 canone
984 1201 1035 1255 in
1083 1201 1185 1257 SS.
1242 1204 1662 1273 Chrysantlmm,
1711 1216 1762 1261 et
1805 1180 2026 1263 Darium

990 1283 1271 1342 martyres,
1297 1275 1378 1326 die
1414 1275 1501 1329 l9.

533 1418 636 1484 Qui
675 1420 973 1474 secundum
1005 1432 1252 1475 naturam
1292 1422 1530 1477 divinam
1561 1433 1645 1478 est
1674 1426 2027 1478 inaccessibi-

466 1508 553 1572 lis,
608 1505 943 1566 accessibilis
1000 1515 1250 1581 apparuit
1302 1515 1479 1575 mihi,
1532 1531 1595 1572 ex
1648 1525 1735 1579 te,
1782 1531 1813 1570 ο
1868 1507 2029 1586 Virgo

465 1618 628 1655 carne
676 1616 926 1672 suscepta
962 1624 972 1656 :
1004 1621 1164 1673 quem
1217 1607 1377 1660 Daria
1418 1608 1810 1677 concupiscens
1836 1649 1850 1671 ,
1895 1623 2029 1662 con-

465 1703 670 1748 stanter
713 1696 1044 1762 decertavil,
1092 1706 1147 1751 et
1192 1698 1242 1752 in
1290 1714 1506 1768 sponsae
1547 1715 1749 1758 morem
1788 1700 1853 1755 ad
1903 1715 2027 1754 eum

466 1789 697 1840 adducta
733 1775 834 1842 est.
1827 1844 1830 1847 .

537 1877 728 1945 Filius,
781 1881 871 1948 qui
899 1897 962 1941 ex
999 1891 1151 1936 utero
1203 1891 1319 1948 tuo,
1355 1899 1386 1936 o
1419 1881 1583 1953 Virgo
1628 1883 1907 1949 inviolata,
1941 1899 2029 1938 se-

465 1969 702 2022 cundum
724 1987 941 2025 carnem
969 1984 1132 2029 natus
1150 1985 1254 2039 est,
1279 1976 1625 2045 despOnsavit
1646 1977 1749 2031 sibi
1775 1993 2030 2047 sponsam

463 2069 670 2113 castam
711 2071 1004 2138 martyrem
1048 2064 1285 2120 Dariam.

538 2149 1112 2221 lncomprebcnsibilis
1140 2156 1229 2210 ille
1255 2156 1323 2210 ab
1356 2156 1501 2211 omni
1530 2156 1826 2221 intellectu,
1859 2159 1952 2227 qui
1983 2168 2033 2215 te

465 2252 589 2309 post
644 2254 858 2311 partum
909 2247 1172 2316 virginem
1242 2249 1620 2313 conservavit,
1675 2250 2030 2319 quemadmo-

466 2333 592 2386 dum
645 2335 827 2389 t'ueras
869 2347 991 2391 ante
1038 2347 1276 2406 partum,
1319 2354 1383 2392 ex
1434 2349 1504 2405 te,
1566 2356 1598 2394 ο
1635 2340 1913 2404 inviolata,
1953 2341 2034 2393 in-

464 2416 722 2478 earnatus
787 2434 906 2490 est,
969 2426 1187 2504 Dariam
1257 2439 1548 2498 martyrem
1608 2429 1710 2483 sibi
1774 2443 2030 2504 sponsam

466 2529 765 2571 ascrsccns.

537 2607 669 2670 Quis
700 2617 851 2660 tuum
889 2607 1063 2662 valeat
1103 2610 1378 2679 explicare
1412 2610 1754 2680 mysterium,
1782 2624 1815 2664 0
1841 2611 2036 2666 castis-
2061 2614 2074 2627 '

467 2696 648 2749 sima?
707 2696 887 2751 Deum'
927 2699 1071 2752 enim
1126 2697 1405 2764 Verbum,
1458 2714 1622 2768 supra
1689 2700 2036 2770 cogitationis

469 2785 726 2854 verbique
767 2801 1114 2855 conceptum,
1145 2788 1419 2857 duplicem
1447 2789 1501 2842 in
1530 2799 1725 2842 natura
1754 2789 2034 2856 peperisti.

540 2877 616 2932 Te
645 2885 900 2947 tanquam
935 2895 1134 2934 novum
1165 2895 1393 2949 puerum
1428 2877 1590 2950 Virgo
1621 2880 1849 2949 peperit,
1886 2888 2039 2934 ante-

470 2970 731 3024 saeculare
775 2969 1044 3034 Verbum,
1103 2971 1248 3038 quod
1314 2971 1506 3040 puellre
1562 2970 2034 3038 concupiscentes,

471 3071 730 3130 tanquam
778 3076 990 3130 sponsae
1025 3071 1146 3130 post
1173 3062 1318 3115 illam
1358 3063 1602 3134 adducta:
1629 3069 1757 3117 sunt
1790 3060 1885 3114 tibi
1919 3070 2038 3114 orn-‘-

471 3154 618 3205 nium
655 3152 807 3221 Regi.

542 3245 644 3310 Qui
692 3245 991 3299 secundum
1044 3245 1282 3299 divinam
1336 3246 1698 3300 substantiam
1743 3253 1825 3300 est
1872 3244 2040 3299 incir-

471 3335 858 3404 cumscriptus,
926 3336 978 3388 in
1033 3336 1156 3388 sinu
1211 3345 1345 3401 tuo,
1399 3350 1433 3390 0
1481 3335 1685 3404 Virgo,
1745 3333 1921 3388 factus
1959 3342 2042 3389 est

472 3426 666 3480 similis
726 3426 884 3480 nobis
937 3427 1235 3480 secundum
1293 3441 1509 3480 carnem
1572 3423 2038 3493 circumscriptus.

473 3516 763 3571 Benedicta
809 3533 865 3571 es
898 3527 951 3570 tu
983 3518 1123 3570 inter
1156 3516 1438 3581 mulieres,
1469 3530 1502 3568 ο
1533 3515 1754 3570 domina
1781 3514 2042 3568 immunis

475 3609 544 3661 ab
566 3609 713 3660 omni
743 3610 973 3662 macula.

547 3701 676 3755 Cum
711 3710 762 3755 te
793 3711 1048 3770 tanquam
1096 3715 1277 3756 rosam
1319 3700 1371 3753 in
1405 3699 1584 3753 medio
1635 3700 1914 3767 spinarum
1945 3697 2046 3750 hu-

471 3795 563 3865 jus
614 3796 770 3859 vitaz,
831 3794 1130 3848 invenisset
1184 3793 1323 3846 Deus
1374 3791 1778 3845 immaculatum
1834 3787 1981 3856 (58),
2012 3803 2046 3845 0

479 3886 814 3952 eaStissima,
871 3885 1136 3939 habitavit
1177 3886 1231 3939 in
1286 3895 1441 3938 utero
1495 3891 1588 3937 tuo
1643 3881 1944 3944 inviolato,
1991 3887 2045 3932 et

479 3978 707 4046 mystica
730 3978 1098 4031 suaveolentia
1126 3977 1345 4046 replevit
1372 3972 1636 4030 mundum
1671 3974 1998 4030 clamantem
2031 3989 2044 4024 :

479 4066 673 4122 Omnia
714 4082 898 4135 Opera,
936 4067 1148 4121 laudate
1187 4066 1504 4119 Dominum.
1607 4057 1620 4065 ’

550 4159 786 4214 Horrore
831 4159 1150 4228 quatiuntur
1199 4173 1353 4211 mens
1384 4168 1436 4211 et
1480 4172 1593 4220 cor,
1648 4157 1778 4212 dum
1830 4165 2041 4226 partum

482 4261 657 4310 tuum.
686 4266 718 4300 o
744 4252 941 4320 puella,
971 4252 1290 4321 recogitant.
1319 4249 1485 4303 Deum
1511 4249 1676 4312 enim,
1709 4263 1868 4318 quem
1895 4248 2043 4302 nulla

481 4344 737 4410 Cogitatio
789 4344 1246 4412 comprehendere
1299 4349 1507 4410 potest,
1569 4339 1893 4406 concepisti,
1949 4339 2042 4408 qui

2124 503 2395 573 ἁμαρτίας
2437 503 2802 572 καταφθορᾶς,
2833 501 3236 572 παναμώμητε.

2197 766 2382 834 Φωνήν
2421 783 2501 818 σοι
2545 765 2890 835 προσάγομεν
2931 765 3025 817 τοῦ
3072 764 3311 835 Γαϐριὴλ
3355 763 3708 834 γηθόμενοι·

2127 857 2318 925 Χαῖρε,
2368 855 2649 921 λέγοντες,
2705 855 2853 925 χώρα
2887 857 2919 924 ὴ
2955 854 3324 925 ἀγεώργητος,
3376 856 3559 924 χαῖρε.
3597 855 3710 920 τῆς

2129 949 2374 1018 κατάρας
2409 949 2441 1016 ἡ
2472 947 2643 1011 λύσις,
2672 951 2850 1017 χαῖρε,
2896 947 3046 1016 πηγὴ
3094 947 3281 1010 ὓδατος
3328 947 3422 1000 τοῦ
3467 947 3711 1011 ζῶντος,

2129 1037 2290 1089 ὁσίων
2325 1036 2384 1088 τὸ
2409 1036 2694 1106 καύχημα,
2715 1036 2956 1099 ,Θεοτόκε
2990 1035 3336 1105 ἁειπάρθενε.

2142 1194 2244 1248 Ἐκ
2274 1194 2380 1248 τοῦ
2409 1195 2665 1260 κανόνος
2690 1196 2778 1260 εἰς
2809 1195 2949 1262 τοὺς
2980 1196 3187 1263 ἁγίους
3218 1195 3516 1263 μάρτυρας
3546 1193 3712 1262 Χρύ-

2409 1268 2639 1321 σαν-θον
2672 1266 2769 1320 καὶ
2802 1267 3068 1335 Δαρείαν,
3108 1265 3294 1335 ἡμέρᾳ
3327 1264 3410 1318 ιϐ’.
3504 1288 3522 1296 -

2212 1423 2270 1474 '0
2293 1422 2452 1491 φύσει
2478 1425 2543 1492 τῇ
2581 1421 2735 1491 θεῖκῇ
2768 1421 3061 1492 ἀπρόσιτος
3105 1419 3358 1490 προσιτδς
3392 1419 3550 1488 ὤφθη
3581 1438 3711 1490 μοι,

2131 1516 2195 1567 lx
2228 1514 2318 1566 σοῦ
2337 1556 2350 1580 ,
2384 1512 2627 1586 Παρθένε
2647 1554 2659 1578 ,
2695 1515 2870 1583 σάρκα
2898 1513 3218 1580 προσλαϐών
3239 1529 3252 1543 ’
3285 1513 3343 1566 ὃν
3367 1511 3569 1583 Δαρεία
3606 1531 3715 1564 πο-

2135 1607 2345 1677 θήσασα
2393 1608 2734 1677 καρτερικῶς
2788 1607 3069 1677 ἑνήθλησε,
3120 1607 3212 1659 καὶ
3243 1607 3528 1675 νυμφικῶς
3553 1605 3715 1674 αὐτῷ

2135 1699 2520 1768 προσήνεκται.

2207 1875 2381 1946 Σαρκὶ
2413 1876 2623 1946 τεχθεὶς
2655 1879 2719 1930 ὲκ
2750 1876 2984 1948 γαστρός
3013 1893 3106 1930 σου
3136 1860 3537 1947 τῆξπαρθένου
3565 1876 3712 1940 υίὸς,

2138 1968 2394 2039 ἄχραντε,
2453 1970 2671 2040 νύμφην
2711 1971 2882 2042 ἁγνὴν
2938 1971 3193 2042 μάρτυρα
3238 1971 3418 2040 ἑαυτῷ
3470 1972 3717 2041 Δαρείαν

2141 2063 2522 2132 μνηστεύεται.

2212 2157 2562 2228 Συντηρήσας
2592 2175 2651 2211 σε
2674 2159 2964 2231 παρθένον,
2990 2159 3066 2224 ὡς
3098 2159 3203 2229 πρὸ
3228 2158 3323 2212 τοῦ
3349 2157 3533 2219 τόκου,
3567 2157 3715 2228 μετὰ

2138 2247 2231 2300 τὸν
2254 2248 2430 2313 τόκον,
2487 2249 2744 2319 ἄχραντε,
2777 2253 2841 2305 ὲκ
2878 2251 2972 2305 σοῦ
3014 2251 3302 2322 ὲσὰρκώθη
3349 2251 3377 2302 ὁ
3408 2251 3714 2318 ἀπερινὸηο

2139 2355 2262 2401 τος,
2309 2333 2538 2408 Δαρείαν
2581 2341 2680 2409 τὴν
2723 2341 2975 2412 μάρτυρα
3027 2341 3246 2413 νύμφην
3277 2340 3456 2410 ἑαυτῷ
3501 2341 3713 2408 ἑπαγός

2142 2446 2320 2499 μενος.

2211 2609 2306 2673 Τίς
2328 2609 2548 2663 δύναται
2580 2611 2639 2665 τὸ
2668 2611 2757 2664 σὺν
2784 2611 3115 2683 ἑρμηνεῦσαι
3155 2613 3479 2684 μυστήριον,
3504 2605 3551 2666 ὧ
3575 2614 3712 2667 πάν-

2141 2719 2304 2769 αγνε;
2329 2703 2462 2755 Θεὸν
2486 2703 2658 2775 Λόγον
2693 2704 2801 2775 γὰρ
2843 2704 2982 2774 ὑπὲρ
3009 2703 3132 2758 νοῦν
3158 2704 3251 2758 καὶ
3275 2705 3456 2774 λόγον,
3482 2703 3710 2758 διπλοῦν

2143 2796 2208 2862 τῇ
2240 2793 2400 2862 φύσει
2439 2795 2687 2858 τέτοκας.

2213 2884 2348 2937 Νέον
2383 2902 2440 2937 σε
2470 2885 2544 2947 ὡς
2574 2885 2784 2937 παιδίον
2818 2885 3091 2956 Παρθένος
3120 2885 3318 2957 ὲκύησε
3345 2886 3436 2939 τὸν
3466 2884 3704 2956 προαιώ-

2144 2993 2255 3028 νιον
2288 2977 2479 3041 Λόγον,
2513 2977 2572 3029 δν
2605 2975 2865 3030 ποθοῦσαι
2893 2979 3050 3047 κόραι
3083 2977 3284 3048 ταύτης
3318 2979 3496 3032 ὀπίσω
3522 2995 3603 3031 σοι
3631 2977 3712 3047 τῷ

2145 3067 2361 3120 πάντων
2396 3067 2604 3136 βασιλεῖ
2633 3067 2920 3138 νυμφικῶς
2952 3069 3357 3142 ἀπηνέχθησαν.

2227 3241 2286 3291 '0
2318 3241 2439 3292 κατ’
2472 3241 2658 3292 οὐσίαν
2691 3241 2790 3310 τὴν
2829 3223 3015 3312 θεῖκὴν
3044 3243 3120 3295 ὢν
3147 3244 3562 3314 ἀπερίγραπτος
3588 3246 3712 3298 κόλ-

2143 3349 2266 3392 ποις
2307 3347 2424 3390 σου,
2460 3330 2727 3400 Παρθένε,
2759 3332 2950 3399 γέγονε
2978 3333 3101 3386 καθ’
3126 3335 3272 3403 ἡμᾶς
3304 3339 3369 3404 τῇ
3414 3339 3579 3406 σαρκὶ
3611 3344 3733 3390 πεί

2147 3421 2567 3491 ριγραψόμενος.
2607 3423 2955 3496 Εὐλογημένη
2989 3426 3052 3478 σὺ
3078 3429 3132 3478 ὲν
3151 3427 3398 3496 γυναιξὶν
3420 3428 3708 3499 ὑπάρχεις,

2144 3513 2380 3581 πανάμω
2387 3530 2454 3584 με
2482 3514 2769 3568 Δέσποινα.

2131 3647 2156 3668 ,ρ

2227 3688 2314 3753 Ὠς
2344 3690 2496 3762 ῥόδον
2530 3673 2592 3743 ἐν’
2626 3691 2774 3760 μέσῳ
2821 3691 3072 3745 ἀκανθῶν
3115 3692 3208 3745 τοῦ
3250 3693 3387 3762 βίου,
3442 3694 3708 3762 πάναγνε,

2145 3782 2276 3845 Θεὸς
2298 3781 2599 3853 εὑράμενὸς
2620 3799 2677 3834 σε
2695 3782 2791 3853 τὴν
2808 3783 3126 3852 ἀμώμητον,
3146 3784 3330 3853 ᾠκησε
3353 3785 3452 3854 τὴν
3470 3786 3708 3852 γαστέρα

2148 3891 2241 3927 σου
2286 3874 2383 3944 τὴν
2431 3874 2720 3943 ἄχραντον,
2762 3876 2855 3927 καὶ¹
2898 3876 3125 3938 εὐωδίας
3177 3877 3448 3945 μυστικῆς
3507 3879 3709 3946 κόσμον

2147 3966 2466 4035 ἐπλήρωσεν
2506 3964 2783 4031 ἐκϐοῶντα
2811 3979 2826 3994 ⁶
2867 3965 3052 4020 Πάντα
3081 3968 3147 4020 τὰ
3174 3967 3337 4037 ἔργα,
3364 3968 3583 4037 ὑμνεῖτε
3619 3968 3710 4021 τὸν

2147 4056 2374 4126 Κύριον.

2214 4150 2429 4221 Φρίττει
2478 4148 2736 4217 λογισμὸς
2777 4147 2876 4200 καὶ
2916 4148 3109 4220 καρδία
3160 4148 3554 4212 κατανοοῦντες
3608 4151 3706 4221 τὴν

2147 4246 2362 4315 λοχείαν
2417 4244 2514 4313 τὴν
2560 4244 2948 4314 ἀκατανόητον,
3003 4245 3172 4314 κόρηο
3219 4242 3352 4295 Θεὸν
3389 4243 3497 4314 γὰρ
3543 4243 3708 4310 Λόγον

2149 4337 2523 4405 ἐκυοφόρησας
2564 4335 2654 4389 τὸν
2689 4336 2775 4389 διὰ
2812 4335 2905 4388 σοῦ
2939 4336 3199 4406 ῥυόμενον
3244 4334 3424 4405 πάσης
3467 4334 3706 4404 ἀνάγκης

481 4451 578 4504 per
609 4448 659 4488 te
692 4433 886 4488 liberat
917 4435 983 4488 ab
1027 4437 1175 4491 omni
1235 4431 1560 4489 necessitate
1589 4446 1684 4485 eos
1715 4430 1807 4498 qui
1860 4439 1911 4484 te
1948 4431 2036 4483 ho-

2158 4430 2268 4491 ιοὺς
2296 4427 2567 4497 τιμῶντὰς
2596 4443 2677 4481 σε.

479 4536 697 4582 ΠΟΙὮΙΙΙ.

549 4729 986 4801 (57)'Saepissime
1001 4726 1398 4801 SJosephusse
1414 4727 1683 4794 egregium
1703 4737 1797 4801 pro
1809 4723 2047 4790 [δείρῃ-ιε

2151 4722 2470 4800 signavit:_c
2514 4719 2676 4788 Virgo
2711 4721 2962 4800 gloriosa.
2987 4735 3110 4800 cum
3142 4718 3701 4800 esse't‘przedestinata

479 4793 822 4856 immunitate
861 4802 928 4853 ab
977 4793 1236 4871 originali
1269 4793 1893 4871 fidejussorenr.prrehet,
1917 4806 2037 4869 cum

479 4889 587 4926 non
619 4875 794 4926 solum
829 4873 935 4931 hic,
977 4862 1086 4925 sed"
1115 4869 1242 4921 alibi
1275 4862 1393 4920 eam
1441 4862 1866 4940 depraedicetfab
1893 4862 2040 4940 omni

481 4944 693 4997 macula
779 4952 833 4997 et
909 4941 1027 4994 labe
1083 4940 1397 4999 immunem,
1456 4937 1521 4986 ab
1584 4931 1732 4983 omni
1802 4931 1920 4983 labe
1990 4937 2042 4981 et

483 5013 692 5066 macula
739 5013 963 5065 liberam
995 5049 1008 5070 ,
1044 5012 1188 5062 omni
1235 5007 1348 5060 labe
1394 5015 1449 5077 et
1488 5002 1708 5077 macula
1743 5008 2039 5077 carentem,

481 5085 551 5137 ab
579 5083 726 5134 omni
757 5083 871 5135 labe
901 5095 1145 5135 vacuam.
1167 5081 1231 5130 ah
1258 5076 1404 5133 omni
1436 5074 1550 5125 labe
1577 5072 1873 5140 puram,ab
1896 5072 2040 5122 omni

483 5167 638 5205 naevo
664 5153 940 5214 mundam,
969 5166 1086 5218 quae
1134 5146 1572 5218 elogia‘absolute
1619 5141 1842 5218 prolata,
1880 5148 1937 5192 ut
1980 5151 2076 5196 ea,

485 5222 693 5290 profert
725 5223 781 5275 S.
814 5211 1097 5288 Josephus,
1122 5211 1593 5290 maculametiam,
1624 5211 1802 5290 labem
1835 5219 1889 5263 et
1921 5223 2030 5262 na:-

485 5281 609 5344 vum
645 5292 843 5361 peccati
872 5281 1148 5361 originalis
1174 5303 1201 5338 a
1245 5286 1302 5337 Β.
1343 5281 1858 5361 Virginoablegant.
1926 5350 1936 5361 .

565 5352 676 5431 (58-)
707 5363 761 5414 Si
816 5362 872 5417 Β.
906 5352 1066 5431 Virgo
1102 5367 1353 5431 tanquam
1411 5367 1528 5430 rosa
1563 5352 1614 5403 in
1654 5352 2037 5431 medions'pitta-

487 5419 606 5485 rum
660 5419 822 5497 hujus
858 5432 975 5482 vita:
1003 5419 1374 5479 immaculata
1431 5422 1640 5497 inventa
1678 5437 1782 5473 non
1822 5419 2035 5497 fuisset,

488 5501 541 5554 in
565 5517 626 5556 ea
660 5491 749 5554 Dei
797 5502 962 5554 Filius
1000 5514 1093 5563 per
1123 5498 1368 5548 humanm.
1402 5491 1578 5545 carnis
1611 5495 2036 5563 assumptionem

488 5588 594 5625 non
633 5561 1013 5624 inhabitasset.
1047 5566 1177 5618 Hinc
1224 5564 1476 5615 Nicolaus
1509 5563 1755 5615 Cusanus
1788 5561 1843 5613 S.
1883 5565 1942 5613 ll.
1979 5563 2036 5613 Ε.

487 5643 778 5695 carilinalis
825 5640 942 5689 lilrr.
978 5653 1026 5686 γ.
1069 5637 1252 5690 lbere.
1291 5633 1353 5685 ad
1397 5633 1480 5684 illa
1531 5633 1730 5684 verba:
1772 5632 1962 5682 Cretum
1995 5644 2039 5684 et

491 5725 633 5763 terra
665 5709 979 5770 transibunt,
1015 5707 1124 5759 han,
1159 5707 1452 5758 litterarum
1502 5702 1864 5755 monumentis
1912 5719 2040 5756 eon-

2140 4788 2260 4843 antc
2292 4791 2512 4854 saecula,
2538 4801 2594 4842 ut
2625 4806 2687 4842 ex
2716 4788 2830 4856 ipsa
2857 4791 3119 4858 reciperet
3142 4790 3234 4842 Dei
3263 4788 3432 4841 Filius
3458 4797 3700 4842 naturam
3737 4822 3744 4831 ι

2140 4861 2451 4924 humanam,
2493 4871 2545 4913 et
2593 4860 2683 4912 Dei
2718 4860 2887 4913 Filius
2938 4860 3088 4912 tieret
3139 4859 3280 4911 ﬁlius
3340 4858 3600 4919 hominis,
3635 4861 3702 4911 ita

2140 4941 2396 4999 concepta
2431 4939 2533 4986 est.
2570 4941 2625 4981 ut
2657 4930 2875 4999 dignum
2903 4929 2966 4981 ad
3002 4928 3512 4999 hochabitaculum
3539 4927 3701 4983 ﬁeret.

2141 4995 2364 5052 Induere
2388 5015 2444 5051 se
2473 4999 2660 5052 debuit
2709 4995 2849 5052 Dens
2906 4998 3241 5066 humanitate
3310 4995 3513 5059 Marize,
3545 5013 3703 5066 quare

2143 5071 2376 5123 humana
2410 5080 2599 5122 natura
2650 5068 2882 5138 Virginis
2936 5068 3095 5138 digna
3140 5065 3276 5138 facta
3303 5077 3388 5138 est
3433 5067 3501 5118 ab
3535 5065 3696 5120 initio.

2143 5140 2273 5193 Mm
2321 5141 2418 5192 etsi
2473 5141 2581 5206 ipsa
2609 5136 2866 5206 concepta
2933 5136 3033 5190 fuit
3062 5151 3128 5191 ex
3196 5137 3602 5206 viriliisemine
3626 5139 3699 5190 via

2145 5205 2545 5277 propagationis
2590 5210 2654 5260 ab
2702 5205 2893 5270 Adam,
2919 5217 2972 5260 et
3014 5216 3272 5274 quantum
3308 5205 3372 5259 ad
3411 5222 3568 5260 suum
3605 5208 3699 5258 ini-

2146 5281 2281 5334 tium
2329 5278 2555 5344 indiguit
2605 5279 2910 5341 liberatore,
2944 5279 3071 5345 quia
3106 5277 3158 5330 in
3203 5277 3390 5336 Adam,
3426 5277 3531 5330 nisi
3581 5277 3701 5328 libe-

2148 5358 2333 5404 rentur
2366 5357 2457 5399 aut
2491 5357 2902 5414 praiserventur,
2945 5362 3152 5406 omnes.
3179 5345 3510 5410 moriuntur,
3546 5355 3602 5397 ut
3649 5347 3695 5397 in

2148 5420 2363 5474 Christo
2386 5432 2576 5469 omnes
2610 5416 2984 5476 viviﬁcantur;
3018 5427 3194 5469 tamen
3221 5417 3359 5470 sicut
3382 5417 3564 5468 anima
3589 5415 3692 5480 ejus

2150 5487 2448 5546 rationalis,
2489 5489 2634 5540 nullo
2667 5498 2907 5553 tempore
2939 5488 3054 5547 fuit.
3091 5497 3381 5553 antequam
3416 5494 3560 5538 esset
3589 5501 3696 5537 cor-

2151 5560 2262 5626 pori
2313 5559 2481 5616 unita,
2521 5560 2587 5610 ita
2639 5558 2748 5624 ipsa
2795 5558 2920 5609 dum
2962 5566 3259 5616 crearetur.
3300 5563 3484 5626 sancta
3534 5568 3695 5608 creata

2153 5623 2269 5691 l'nit,
2306 5627 2383 5678 sic
2433 5631 2592 5679 etiam
2645 5623 2785 5695 quod
2830 5630 2972 5679 nulla
3031 5628 3314 5680 duratione
3355 5623 3472 5695 fuit
3529 5641 3695 5679 verum

2152 5700 2328 5752 dicere
2363 5699 2629 5767 Virginum
2663 5693 2844 5751 luisse
2880 5700 2981 5751 sub
3013 5708 3251 5766 peccato.
3293 5714 3309 5746 ι
3348 5693 3436 5750 Sic
3461 5696 3570 5750 illc.
