3936 6304
1546 367 1708 428 MAR

1843 366 1906 429 E.
2593 353 2601 359 ’
3205 353 3340 415 1082

98 375 227 439 1081

723 491 828 562 79
864 489 946 544 Ex
978 490 1186 544 Canone
1221 489 1272 541 in
1305 484 1651 556 S.-Cyrilium
1691 485 1988 553 episcopum
2015 479 2274 545 Cutaniw,
2316 477 2396 531 die
2427 477 2484 531 Η
2540 475 2698 546 (58⁸).
2753 446 2755 448 ί

165 611 453 667 Fortitudo
489 623 628 673 mea,
657 608 797 674 laus,
834 615 886 660 et
912 606 1060 659 salus
1109 621 1224 658 mea
1256 603 1509 658 Christus
1557 610 1660 665 est,
1694 588 1738 642 Α
1775 627 1778 630 ~
1837 603 1967 657 Esto
2004 600 2134 654 mihi
2167 597 2539 668 gubernatrix,
2574 612 2604 648 0
2630 594 2822 663 Virgo,
2856 591 2910 645 in
2942 589 3131 659 pelago
3169 594 3343 638 tenta-

94 722 125 758 ο
156 705 506 767 castissima;
554 702 645 770 qui
687 716 751 755 ex
793 710 843 753 te
887 710 1144 766 tanquam
1188 697 1348 750 homo
1401 703 1559 749 natus
1585 703 1668 749 est
1776 695 1983 748 tionnm
2035 691 2202 760 hujus
2258 689 2383 742 vita:
2432 683 2894 757 periculosissime
2945 675 3248 739 ﬂuctuanti,
3293 683 3345 728 et

96 799 244 850 circa
276 794 713 863 Corruptionem,
752 802 972 860 propter
1007 804 1162 843 suam
1199 788 1424 841 multam
1454 785 1670 841 miseri-
1776 785 1948 853 dirige
1976 797 2062 836 me
2089 782 2142 835 in
2173 788 2388 850 portum
2426 778 2640 840 salutis,
2664 787 2717 829 et
2747 775 2896 829 salva
2931 786 3037 826 me.

94 888 369 953 cordiam,
401 895 455 942 et
485 885 663 941 factus
692 893 776 938 est
803 883 947 953 quod
975 897 1079 936 non
1110 889 1249 936 erat.
1846 875 2079 929 Mentem
2128 886 2306 926 meam
2360 868 2717 939 plurimarum
2750 864 3091 936 {passionum
3154 857 3347 913 mOrbo

167 981 210 1037 Ο
239 985 562 1035 immensam
611 977 854 1048 mysterii
906 975 1329 1046 profunditatem
1364 993 1378 1029 :
1414 972 1558 1029 Deus
1590 973 1670 1026 in-
1777 975 2110 1038 peremptam
2140 961 2375 1026 vivifica,
2409 975 2442 1014 ο
2474 956 3008 1018 immaculatissiina;
3034 961 3086 1008 et
3112 951 3179 1005 da
3212 947 3344 1003 mihi

99 1085 366 1128 carnatur
417 1081 468 1126 et
501 1068 743 1125 nascitur
771 1084 838 1122 ex
870 1066 1046 1137 puella
1096 1067 1433 1135 incorrupta,
1469 1073 1519 1118 et
1546 1077 1674 1116 cor-
1781 1059 1943 1122 vires,
1977 1066 2036 1112 ut
2067 1057 2173 1110 Deo
2207 1053 2406 1125 placita
2454 1048 2666 1106 efﬁcere
2721 1048 2950 1117 possim,
3003 1053 3062 1100 ut
3102 1040 3348 1112 magnifi-

103 1168 414 1235 ruptionem
453 1161 704 1219 dissolvit
731 1176 825 1231 per
863 1161 1149 1230 passiones
1178 1173 1316 1229 quas
1354 1157 1500 1213 subit
1526 1157 1675 1211 solus
1779 1140 1896 1232 cem
1948 1159 2001 1205 te
2047 1148 2266 1204 fervens
2316 1141 2722 1216 patrocinium,
2765 1125 2831 1194 εί
2874 1151 3024 1208 spem
3078 1133 3348 1190 Christia-

103 1261 281 1312 bonus
311 1266 367 1311 et
397 1261 606 1308 amator
638 1250 942 1306 hominum.
1782 1255 2000 1296 norum.

169 1349 462 1419 Quomodo
492 1347 731 1402 Verbum
765 1344 1062 1414 peperisti?
1095 1343 1368 1414 quomodo
1400 1351 1524 1414 post
1553 1355 1678 1412 par-
1850 1331 2067 1389 Curasti
2121 1326 2503 1384 eontritionem
2558 1322 2689 1378 Adae
2741 1316 2969 1382 terreni,
3021 1316 3150 1371 dum
3185 1316 3353 1369 Deum

106 1452 219 1497 tum
257 1442 598 1509 incorrupta,
626 1435 805 1505 qualis
833 1443 958 1489 ante
991 1406 1195 1501 fueras,
1237 1406 1608 1505 permansisti,
1645 1443 1678 1483 ο
1786 1424 2120 1483 Salvatorem
2186 1419 2487 1491 peperisti,
2537 1427 2569 1471 ο
2619 1411 3009 1469 illihatissinia.
3091 1406 3352 1460 Eumdem

112 1533 277 1602 Virgo
316 1529 862 1586 immaculatissima?
889 1527 1174 1594 Quomodo
1207 1527 1452 1581 omnium
1500 1523 1679 1578 nutri-
1784 1531 1948 1571 exora
1993 1529 2093 1586 pro
2141 1511 2421 1567 curatione
2480 1510 2766 1579 plagarum
2807 1503 3004 1558 animae
3050 1513 3358 1573 memnquae

108 1637 284 1681 torem
316 1626 524 1690 aluisti,
547 1623 856 1679 voluntarie
879 1629 1225 1692 apparentem
1247 1619 1508 1674 infantem
1528 1630 1682 1669 man~
1785 1607 2075 1663 insanabili
2111 1606 2300 1660 morbo
2337 1604 2566 1657 laborat.
3132 1591 3134 1593 ’
3192 1609 3193 1614 ‘

107 1730 324 1774 suetum
371 1733 433 1773 ac
467 1717 777 1787 placidum?
816 1719 857 1770 υ
898 1714 1196 1771 novitatem
1249 1710 1505 1767 miraculi
1559 1707 1679 1774 tui,

110 1812 410 1879 purissima
430 1811 443 1862 l

1861 1701 1992 1755 Cum
2027 1699 2186 1753 ferret
2222 1707 2479 1766 tanquam
2508 1709 2700 1748 recens
2724 1700 2911 1745 natum
2937 1686 3200 1742 infantem
3227 1680 3362 1736 Ver—

1791 1793 1919 1849 bum
1966 1793 2108 1862 quod
2143 1799 2225 1845 est
2254 1762 2378 1844 ante
2408 1787 2606 1843 saecula
2634 1825 2648 1849 ,
2687 1783 2994 1838 veneranda
3027 1778 3204 1849 puella
3230 1762 3363 1832 'stu-

177 1901 342 1965 Salva
368 1917 474 1966 me,
499 1916 531 1956 o
557 1900 942 1966 mundissima,
966 1913 995 1952 a
1017 1894 1360 1967 gravissimis
1385 1891 1684 1962 periculis:
1725 1952 1761 1967 ﬁ
1790 1900 1923 1956 pore
1972 1881 2238 1954 perculsa.
2275 1880 2389 1949 80
2429 1878 2511 1933 Si.
2539 1875 2864 1945 loquebatur
2903 1870 3044 1926 iFili
3093 1869 3190 1947 mi.
3229 1883 3363 1937 ίμιο-

110 1995 261 2064 erige
319 2007 406 2049 me
441 2007 472 2046 a
504 1993 794 2047 libidinum
838 1981 1100 2046 mearum}
1143 1985 1525 2059 sterquilinio;
1574 1995 1626 2039 et
1657 2000 1688 2040 a
1724 1952 1762 2007 Β
1792 1977 1955 2034 modo
2001 1973 2116 2028 fero
2156 1982 2229 2036 te,
2275 1971 2365 2041 qui
2401 1979 2533 2024 nutu
2586 1967 2835 2023 contines
2885 1962 3183 2018 universa?
3225 1975 3363 2029 quo-

111 2083 448 2151 captivitate,
501 2090 557 2138 et
605 2083 893 2137 vexatione
957 2055 1688 2150 pessimorum‘daemonum
1793 2069 1956 2124 modo
1987 2077 2038 2122 te
2075 2065 2215 2120 lacte
2268 2063 2453 2136 nutrio
2505 2060 2850 2123 nutritorem,
2888 2055 3251 2119 Salvatorem,
3302 2067 3367 2108 ac

115 2174 285 2228 libera
319 2189 426 2240 me,
456 2173 581 2228 dum
609 2181 658 2228 te
687 2174 881 2229 devote
913 2171 1184 2227 collaudo.
1793 2159 2008 2215 Deum?

127 2266 228 2317 Ἐκ
295 2264 404 2318 τοῦ
455 2266 712 2329 κανόνος
749 2267 837 2328 εἰς
895 2263 1001 2316 τὸν·
1063 2263 1235 2331 ἅγιον
1300 2259 1690 2331 ἱερομὰρτυρα

1835 2253 1880 2308 .‘x
1927 2267 2127 2306 canone
2154 2241 2945 2331 inS.Baslliumpresbyterum
2973 2247 3021 2292 et
3057 2245 3362 2306 martyrem,

328 2313 668 2388 ὲώἱρὶὲιᾌί
684 2313 1122 2402 ἷτρέᾶὅῦέὲροῖί
1155 2313 1477 2401 ἧμέρξδιβδ.
1497 2313 1527 2329 τ
1552 2313 1557 2314 ί
1588 2313 1639 2330 Τ
2468 2315 2553 2369 die
2582 2313 2672 2366 22.

198 2425 259 2480 ’0
291 2425 370 2498 τῷ
420 2426 597 2499 [lath
629 2426 993 2497 συνυπάρχων
1037 2423 1359 2492 Μονογενὴς
1415 2420 1693 2493 βουληθεὶς

118 2516 411 2588 κατῴκησέ
462 2533 557 2569 σου
588 2516 686 2587 τὴν
715 2516 986 2587 ἄχραντον
1016 2514 1202 2585 νηδὺν,
1231 2515 1325 2567 καὶ
1352 2513 1542 2585 βροτὸς
1572 2513 1722 2582 ὲγέ-.

1863 2412 2210 2485 Unigenitus,
2243 2409 2338 2481 qui
2379 2408 2543 2464 simul
2576 2416 2660 2462 est
2706 2418 2831 2459 cum
2879 2403 3064 2466 Patre,
3127 2401 3369 2455 habitare

1794 2509 1966 2564 voluit
1999 2505 2318 2561 inviolatum
2374 2511 2588 2556 uterum
2624 2507 2799 2563 tuum,
2837 2510 2869 2551 ο
2899 2504 3084 2560 casta;
3118 2502 3171 2546 et
3208 2493 3370 2545 homo

120 2624 264 2673 νετο,
329 2609 491 2679 ἁγνὴ,
533 2609 704 2662 σῶσαι
761 2607 930 2661 Θέλων
991 2607 1116 2671 τοὺς
1171 2605 1399 2677 βροτοὺς
1443 2604 1508 2659 δι’
1556 2606 1696 2672 ἁγα-

120 2700 344 2772 θὸτητα.

193 2793 477 2865 Γνωρίσας
497 2790 782 2863 πόρρωθεν
802 2790 900 2863 τὴν
929 2789 1025 2860 σὴν
1060 2787 1323 2857 σύλληψιν
1355 2787 1584 2850 ΊΙσαῖας
1609 2785 1697 2840 διὰ

123 2887 459 2958 πνεύματος,
492 2885 652 2954 κόρη,
683 2883 1042 2953 διετράνωσεν
1066 2880 1238 2950 αὐτὴν
1269 2878 1408 2950 βοῶν
1428 2894 1443 2910 ⁸
1485 2879 1612 2932 Ἰδοὺ
1639 2881 1698 2932 ὲν

125 2978 326 3052 γαστρὶ
356 2978 390 3048 ή
422 2974 697 3046 Πάρθένος
729 2973 821 3028 τὸν
853 2972 985 3028 Θεὸν
1018 2970 1375 3043 συλλήψεται.

215 3155 406 3227 ’Υμνῶ
455 3169 539 3220 σε,
571 3153 863 3216 Δέσποινα,
895 3152 995 3222 τὴν
1035 3150 1416 3222 πολυύμνητον
1439 3166 1453 3180 ·
1493 3151 1700 3220 εὐλογῶ

131 3265 220 3311 σε,
273 3245 552 3317 Παρθένε,
596 3243 663 3297 δι’
707 3236 776 3314 ἧς
827 3241 1008 3312 βροτοὶ
1055 3242 1254 3304 πάντες
1304 3240 1696 3311 εὐλογήθημεν,
1730 3282 1774 3342 C

1794 2601 1972 2657 factus
2004 2605 2098 2653 est
2126 2606 2186 2652 ut
2233 2593 2481 2651 homines
2543 2600 2770 2662 propter
2840 2601 2994 2643 suam
3069 2583 3369 2639 bonitatem

1797 2694 1978 2750 salvos
1997 2691 2222 2745 faceret.

1867 2784 2004 2837 Cum
2054 2797 2085 2836 a
2130 2783 2292 2850 longe
2360 2775 2776 2846 conceptionem
2851 2781 3000 2828 tuam
3053 2769 3223 2826 Isaias
3275 2782 3372 2836 per

1811 2876 2062 2947 spiritum
2115 2871 2458 2942 agnovisset,
2493 2884 2525 2923 ο
2565 2867 2742 2937 puella
2771 2909 2785 2930 ,
2821 2867 2973 2920 clare
3004 2860 3374 2918 manifestavit

1802 2970 1952 3024 illam
1992 2967 2303 3024 exclamans
2342 2981 2357 3019 :
2394 2962 2532 3018 Ecce
2560 2959 2726 3031 Virgo
2764 2957 2934 3012 Deum
2967 2956 3020 3010 in
3053 2962 3211 3010 utero
3244 2966 3376 3007 con-

1803 3062 1986 3132 cipiet.
2908 3088 2913 3092 -

1872 3149 2060 3226 Laudo
2089 3157 2162 3209 te,
2199 3145 2450 3208 Domina,
2497 3143 2645 3199 omni
2687 3141 2845 3197 laude
2878 3139 3199 3210 dignissima
3231 3159 3245 3193 :
3281 3152 3374 3192 oe-

1807 3243 2000 3299 nedico
2033 3250 2104 3304 te,
2140 3236 2321 3307 Virgo,
2354 3251 2450 3306 per
2489 3250 2651 3306 quam
2687 3247 2880 3288 omnes
2927 3230 3177 3285 homines
3207 3230 3373 3283 bene-

130 3341 226 3394 κα“ι
267 3315 379 3408 τῆς⁷
419 3337 666 3407 κατάρας
736 3333 950 3404 ἀληθῶς
1007 3333 1104 3404 τῆς
1170 3333 1402 3404 ἀρχαίας
1467 3332 1702 3405 ὲλυτρώ·

1835 3336 1932 3393 iicti
1968 3347 2184 3395 sumus,
2239 3338 2405 3400 atque
2434 3329 2502 3383 ab
2538 3327 2762 3396 antiqua
2818 3315 3202 3379 maledictione
3249 3335 3375 3376 vere

132 3431 199 3502 θη
209 3447 334 3501 μεν.

201 3522 318 3593 Τὴν
370 3521 647 3591 ἀνωτέραν
695 3516 803 3571 τῶν
858 3514 1150 3587 χερουϐὶμ,
1214 3515 1314 3584 τὴν
1370 3513 1708 3586 ὑψηλοτέραν

132 3612 404 3684 οὐρανῶν,
448 3612 546 3682 τὴν
578 3609 889 3680 ὑπερτέραν
933 3608 1031 3676 τῆς
1081 3607 1335 3672 κτίσεως,
1373 3606 1480 3658 τῶν
1530 3606 1710 3674 σοφῶν

137 3705 437 3780 μαρτύρων
479 3703 538 3757 τὸ
584 3701 997 3774 περιτείχισμα,
1052 3700 1152 3768 τὴν
1211 3698 1381 3769 μόνην
1448 3698 1708 3751 Θεοτόκον

136 3801 484 3870 τιμήσωμεν.

219 3887 410 3958 Ὑμνῶ
441 3902 523 3949 σε,
551 3882 891 3954 πανύμνητε,
923 3881 988 3952 ἢν
1019 3879 1247 3951 ὑμνοῦσι
1274 3878 1526 3950 στρατιαὶ
1551 3881 1709 3933 ἔπους

143 3982 346 4055 ρανίων
371 3977 599 4043 τάξεων,
631 3976 726 4030 καὶ
753 3973 988 4029 δυσωπῶ
1021 3990 1102 4038 σε,
1149 3971 1297 4043 πάθη
1347 3989 1449 4042 μου
1481 3973 1578 4043 τῆς
1604 3974 1706 4041 ψυ-

141 4076 241 4145 χῆς
281 4072 585 4140 ίάτρευσον,
621 4068 877 4139 ᾶχραντε,
927 4065 1024 4119 καὶ
1073 4064 1241 4138 πυρὸς
1286 4064 1504 4118 αἰωνίου
1556 4064 1709 4116 ἐλευ.

142 4165 200 4220 θέ
210 4180 410 4236 ρωσον.

177 4229 524 4327 ”’ὶιαρθενίαν
581 4251 720 4324 μετὰ
767 4249 926 4304 τὼιον
981 4247 1347 4319 ἀδιάφθορον,
1430 4229 1711 4318 Παρθένε,

144 4346 512 4418 διαμένουσαν
558 4340 919 4406 κατανοοῦσα,
954 4339 1030 4411 τῷ
1063 4340 1128 4394 ἐκ
1158 4339 1252 4393 σοῦ
1281 4339 1526 4411 τεχθέντι
1572 4340 1714 4411 ὑπὲρ

141 4438 270 4493 νοῦν
298 4437 458 4500 ὲόόας
495 4435 705 4505 Σωτῆρι
731 4434 824 4488 καὶ
848 4431 986 4503 Θεῷ’
1024 4431 1330 4502 Εὐλογητὸς
1359 4426 1429 4498 εἷ,
1470 4434 1498 4485 6
1530 4432 1662 4497 Θεὸς
1687 4435 1715 4487 6

140 4531 254 4583 τῶν
282 4527 535 4598 πατέρων
563 4526 741 4596 ἡμῶν.
843 4576 852 4591 ,

217 4707 505 4780 Σωτηρῑαν
523 4702 845 4778 ἀνθρώπων
875 4705 1027 4771 γένος
1049 4703 1275 4775 ἠξίωται
1301 4702 1388 4756 διὰ
1431 4701 1546 4764 σοῦ,
1573 4719 1712 4756 παν-

151 4807 283 4872 αγία
337 4800 732 4870 θεοχαρίτωτε·
773 4797 906 4868 μόνη
969 4797 1079 4866 γὰρ
1143 4798 1275 4866 ἡμῖν
1324 4795 1412 4848 τὸν
1484 4793 1714 4864 Σωτῆρα

152 4895 396 4965 ἐκύησας
417 4931 432 4956 ,
461 4892 519 4944 ὃν
553 4887 935 4960 ὐπερυψοῦμεν
966 4889 1042 4950 εἰς
1074 4889 1280 4952 πάντας
1311 4887 1435 4950 τοὺς
1484 4885 1707 4949 αἰῶνας.

221 5071 457 5143 Φρικτδς
488 5072 515 5123 6
553 5068 750 5140 τρόπος
787 5067 814 5119 6
856 5066 953 5136 τῆς
1009 5062 1221 5134 λοχείας
1268 5079 1399 5116 σου·
1440 5063 1570 5126 Θεὸς
1609 5063 1715 5135 γὰρ

159 5163 221 5237 ἢν
239 5209 253 5232 ,
316 5162 557 5232 Παρθὲνε
578 5202 591 5225 ,
639 5158 939 5235 σαρκωθεὶς
968 5157 996 5209 6
1025 5155 1339 5225 τικτόμενος
1366 5193 1380 5219 ,
1415 5153 1474 5207 ὃν
1510 5154 1718 5206 ἱκέτευε

158 5256 401 5328 φρικτῆς
450 5253 723 5314 κολάσεως
759 5251 966 5310 πάντας
1017 5248 1140 5308 τοὺς
1193 5243 1502 5312 ἁδιστάκτῳ
1540 5245 1720 5297 πίστει

161 5345 438 5419 τιμῶντας
470 5360 551 5409 σε,
581 5346 756 5414 μῆτερ
788 5341 1131 5411 ἀπειρόγαμε
1163 5334 1356 5406 σεμνὴ,
1413 5336 1725 5407 ἀπολυτρώ-

160 5437 381 5493 σασΘαι.

179 5533 278 5586 Ἐκ
302 5527 413 5582 τοῦ
444 5527 704 5591 κανόνος
731 5530 817 5590 εὶς
851 5525 958 5577 τὸν
985 5525 1157 5576 ὅσιον
1180 5520 1408 5590 Πατέρα
1431 5517 1599 5588 ἡμῶν
1625 5519 1726 5573 Νί-

693 5611 873 5656 κωνα,
902 5594 1089 5662 ἡμέρᾳ
1119 5592 1227 5660 κγ’.

247 5693 309 5746 Ἤ
348 5689 489 5756 πύλη
517 5689 614 5756 τῆς
644 5688 778 5757 πρὸς
819 5688 963 5757 ἡμᾶς
995 5703 1109 5753 σου,
1134 5684 1323 5756 Κύριε,
1378 5682 1692 5752 συγκαταϐοἱ
1712 5713 1723 5721 -

241 5805 378 5876 (Ξα8’)
409 5804 596 5861 σίκερα
638 5801 1012 5856 desiderantur
1041 5801 1092 5853 in
1120 5801 1351 5853 Illengeis.

1806 3426 2038 3483 liberati.

1882 3517 2270 3573 Sublimiorem
2301 3511 2620 3577 Cberubim,
2652 3509 3006 3565 excelsiorem
3039 3504 3212 3571 caelis,
3235 3503 3374 3558 emi-

1810 3611 2109 3666 nentiorem
2143 3607 2291 3663 omni
2324 3615 2574 3661 creatura
2600 3643 2615 3669 ,
2674 3599 3203 3670 sapientissimorum
3236 3612 3381 3651 mar-

1809 3713 1989 3773 tyrum
2043 3700 2442 3754 munimentum
2495 3708 2558 3750 ac
2590 3693 2813 3760 vallum,
2869 3691 3043 3747 solam
3093 3687 3378 3757 Deiparam

1811 3792 2036 3864 hymnis
2075 3791 2437 3844 lionoremus.
2765 3852 2767 3856 τ

1883 3885 2068 3940 Laudo
2117 3895 2168 3939 te
2193 3924 2208 3946 ,
2245 3898 2276 3937 ο
2315 3894 2528 3936 summe
2581 3875 2868 3951 laudabilis
2893 3887 3111 3941 ,-quam
3161 3869 3383 3923 laudant

1813 3977 1956 4032 acies
1989 3974 2292 4030 caelestium
2326 3969 2702 4032 exercituum;
2732 3975 2786 4020 et
2817 3977 3008 4034 precor
3041 3970 3114 4026 te,
3147 3974 3178 4012 ο
3210 3958 3382 4012 invio-

1811 4069 1944 4133 lata,
1979 4075 2038 4122 ut
2065 4065 2260 4119 animae
2283 4077 2418 4116 mea:
2449 4057 2833 4115 affectionibus
2867 4050 3159 4113 medearis,
3186 4061 3381 4118 meque

1812 4159 1880 4216 ab
1908 4159 2032 4229 igne
2070 4156 2270 4210 liberes
2295 4151 2649 4220 sempiterno.
3175 4193 3178 4196 _

1883 4252 2018 4306 Cum
2068 4245 2428 4316 virginitatem
2469 4250 2616 4297 tuam
2663 4243 2788 4309 post
2851 4242 3066 4307 partum
3125 4231 3381 4286 incorru-

1813 4350 1962 4413 ptam
2016 4339 2382 4411 permansisse
2434 4335 2837 4403 cognosceres,
2906 4327 3296 4390 exclamabas,
3349 4343 3384 4382 ο

1815 4433 1998 4505 Virgo,
2042 4430 2306 4492 Salvatosi
2339 4443 2402 4484 ac
2428 4427 2559 4491 Deo,
2609 4423 2701 4494 qui
2743 4440 2807 4478 ex
2846 4431 2898 4476 te
2949 4435 3114 4491 Supra
3163 4435 3382 4474 omnem

1816 4525 2013 4582 mentis
2035 4533 2252 4592 captum
2286 4529 2447 4575 natus
2473 4525 2557 4573 est
2583 4534 2597 4571 :
2627 4515 2952 4571 Benedictus
2993 4528 3074 4580 es,
3112 4511 3253 4567 Deus
3280 4527 3380 4582 pa-

1748 4620 1791 4674 D
1820 4625 1963 4671 trum
2003 4623 2341 4668 nostrorum.

1889 4709 1992 4763 Per
2032 4715 2086 4762 te
2136 4706 2431 4758 humanum
2466 4715 2637 4772 genus
2681 4700 2854 4755 salute
2900 4697 3125 4767 dignun
3178 4694 3383 4750 factum

1820 4811 1922 4866 est,
1965 4814 1998 4854 ο
2034 4796 2378 4853 sanctissima
2424 4809 2486 4851 ac
2527 4793 2637 4847 Deo
2681 4791 3005 4847 charissima
3041 4805 3054 4842 :
3085 4789 3202 4842 sola
3239 4778 3385 4840 enim

1821 4894 1977 4948 nobis
2018 4889 2355 4945 Salvatorem
2388 4886 2664 4958 peperisti,
2713 4898 2874 4953 quem
2916 4879 3388 4950 superexaltamus

1822 4985 1875 5040 in
1903 4983 2084 5038 omnia
2121 4981 2343 5036 secula.

1891 5074 2182 5128 Pavendus
2227 5080 2311 5125 est
2341 5069 2530 5124 modus
2580 5075 2767 5135 partus
2817 5063 2915 5128 tui,
2943 5077 2974 5116 0
3007 5060 3210 5127 Virgo:
3250 5057 3390 5113 Dens

1823 5165 1969 5220 enim
2010 5163 2332 5217 incarnatus
2380 5175 2444 5213 ex
2495 5166 2545 5210 te
2585 5163 2747 5209 natus
2801 5163 2883 5209 est
2913 5171 2926 5207 :
2958 5166 3120 5222 quem
3162 5149 3387 5216 supplex

1827 5269 2012 5320 exora,
2042 5263 2099 5307 ut
2123 5267 2155 5306 a
2182 5249 2426 5322 pavendo
2450 5246 2717 5317 supplicio
2748 5245 2944 5314 eripiat
2979 5254 3188 5312 omnes,
3214 5238 3305 5305 qui
3338 5247 3389 5289 te

1831 5348 2154 5402 inconcussa
2214 5342 2317 5398 fide
2381 5349 2738 5406 venerantur,
2785 5353 2818 5394 ο
2864 5330 3164 5390 veneranda
3223 5328 3393 5382 Mater

1831 5440 2081 5506 innupta.
3363 5475 3366 5477 .

1900 5530 2004 5599 81
2039 5527 2122 5581 Ea:
2165 5541 2361 5580 canone
2384 5524 2436 5578 in
2470 5523 2528 5579 S.
2571 5522 2636 5578 P.
2676 5521 2748 5576 N.
2794 5521 3064 5582 Niconem,
3111 5515 3195 5568 die
3224 5513 3316 5568 25.

1900 5689 2061 5744 Porta
2090 5688 2199 5754 itta,
2242 5702 2334 5757 per
2386 5700 2546 5755 quant
2599 5683 2662 5739 ad
2700 5698 2816 5747 nos,
2860 5674 3106 5742 Domine,
3160 5672 3386 5729 descen-
