3936 6304
476 390 616 459 1083

1593 409 1657 470 S.
1695 411 2008 472 JOSEPHI
2046 414 2203 473 HYM
2212 414 2355 476 NOG
2369 418 2600 478 RAPHI

3553 422 3696 489 1084

469 502 616 570 disti,
640 505 1038 574 superantur-ali
1064 509 1221 563 modo
1240 509 1424 579 genuit
1450 512 1736 582 orientem,
1763 524 1815 570 et
1836 513 2017 581 solemI

2151 536 2289 584 πεως,
2324 522 2585 594 ἀνατολὴν
2610 525 2701 577 καὶ
2727 523 2878 595 ἣλιον
2912 525 3002 580 καὶ
3057 528 3173 596 φῶς
3235 531 3520 598 μυστικῶς
3553 551 3688 602 συγ-

468 602 548 645 ει.
584 591 758 644 lucem
817 596 1043 664 mystico
1080 596 1401 652 advocatam
1455 608 1618 668 atque
1670 601 2023 665 accersitam,

469 668 638 744 Deum
670 684 880 738 scilicet
929 695 979 740 et
1044 687 1340 758 hominem,
1389 701 1579 745 natura
1638 693 1837 762 duplici
1885 709 2026 763 prse-

467 774 656 828 ditum.
1402 790 1404 793 '

543 866 838 937 Martyrum
864 877 1040 925 ccetus
1072 869 1403 927 occisionem
1444 882 1614 940 tuam,
1637 873 1880 941 Domine,
1904 877 2027 932 imi-

468 963 615 1015 tatus
636 970 720 1014 est
764 971 927 1031 atque
975 960 1027 1014 in
1061 977 1118 1017 se
1146 965 1436 1031 expressit,
1465 981 1589 1021 cum
1634 972 1940 1038 agnovisset
1975 979 2028 1052 te

469 1063 534 1104 ex
570 1045 788 1120 Virgine
818 1052 1044 1120 innupta
1084 1063 1334 1109 exortum
1359 1072 1502 1113 esse.

539 1139 820 1213 Tanquam
881 1147 1027 1198 omni
1080 1139 1330 1203 creatura
1392 1149 1751 1219 superiorem,
1805 1151 2029 1206 Greater

468 1230 654 1290 dilexit
682 1240 753 1299 te,
787 1251 819 1289 ο
843 1233 1007 1307 Virgo
1032 1249 1224 1304 mater,
1263 1238 1466 1295 iaciens
1499 1250 1547 1295 te
1568 1241 1793 1296 Matrem
1830 1257 2022 1310 suam;

466 1315 630 1394 quam
689 1328 853 1382 etiam
923 1330 1284 1399 deprecantur
1326 1342 1622 1402 martyrum
1678 1335 1853 1390 turba:
1901 1350 2024 1390 cum

375 1433 382 1438 -
465 1413 612 1466 oumi
641 1413 846 1470 honore
869 1429 933 1471 ac
960 1417 1322 1473 veneratione.

537 1501 736 1568 Lucem
771 1506 914 1562 illam
940 1509 1059 1564 sine
1087 1519 1347 1579 tempore,
1371 1527 1492 1582 quae
1520 1520 1603 1568 est
1641 1515 1897 1584 splendor
1921 1517 2023 1572 Pa-

469 1595 595 1661 tris,
621 1600 875 1667 genuisti,
904 1615 935 1654 ο
965 1600 1493 1668 immaculatissima,
1529 1602 1724 1660 factam
1759 1607 1861 1663 sub
1891 1615 2028 1663 tem-

468 1699 617 1756 pore,
653 1698 873 1766 propter
900 1691 1117 1746 divitias
1147 1691 1410 1750 bonitatis
1435 1709 1570 1750 sua.

536 1774 819 1849 Templum
851 1789 904 1836 et
933 1780 1195 1851 palatium
1240 1782 1335 1840 Del
1377 1787 1676 1842 animatum
1724 1803 2028 1860 agnoscens

2133 612 2460 684 καλούμενον
2489 609 2782 685 ὑπερφυῶς
2809 617 3122 688 γεγέννηκε,
3147 619 3368 674 διπλοῦν
3400 623 3500 694 τὴν
3524 625 3692 694 φύσιν

2131 703 2223 756 τὸν
2250 703 2626 776 Θεάνθρωπον.

2202 878 2508 950 Μαρτύρων
2543 881 2713 951 δῆμος
2761 879 2860 952 τὴν
2891 880 2989 952 σὴν
3029 883 3412 940 ἀπεικονίσατο
3449 889 3694 958 σφαγὴν,

2131 974 2396 1038 Δέσποτα,
2420 971 2743 1042 ἐπεγνωκὼς
2769 976 2934 1046 κόρης
2976 991 3035 1027 σε
3065 977 3123 1044 ἑξ
3156 978 3535 1050 ἀπειρογάμου
3567 982 3698 1052 βλαο

2134 1065 2424 1134 στήσαντα.

2211 1155 2297 1219 Ὧς
2324 1156 2668 1228 ὑπάρχουσαν
2692 1157 2793 1230 τῆς
2827 1158 3056 1224 κτίσεως
3079 1161 3352 1232 ἀνωτέραν
3386 1165 3414 1216 ὁ
3454 1165 3693 1235 Ποιητὴς

2131 1246 2384 1318 ἠγάπησέ
2406 1265 2486 1311 σε,
2505 1249 2949 1321 Παρθενρμῆτορ,
2973 1249 3153 1314 δείξας
3175 1269 3233 1304 σε
3260 1254 3473 1324 μητέρα
3498 1254 3688 1317 αὑτοῦ,

2131 1342 2196 1412 ἢν
2227 1340 2320 1394 καὶ
2363 1339 2698 1395 λιτανεύουσι
2736 1341 2899 1411 δῆμοι
2944 1341 3192 1413 ἀθλητῶν
3244 1344 3690 1416 εὐπρεπέσταται.

2207 1513 2326 1580 Φῶς
2383 1515 2609 1585 ἄχρονον
2664 1516 2794 1586 ἡμῖν
2837 1515 2932 1570 τοῦ
2985 1517 3193 1587 Πατρὸς
3248 1518 3309 1572 τὸ
3353 1517 3693 1588 ἐπαύγασμα

2132 1607 2443 1678 ἐγέννησας,
2482 1606 2586 1662 ὑπὸ
2613 1607 2802 1678 χρόνον
2840 1607 3175 1680 ἀγαθότητος
3209 1608 3423 1681 πλούτῳ
3457 1609 3693 1682 γενόμε-
3776 1690 3780 1693 _

2130 1720 2239 1770 νον,
2271 1703 2598 1773 πανάμωμε.

2201 1793 2345 1850 Ναόν
2372 1813 2430 1849 σε
2458 1794 2550 1848 τοῦ
2569 1793 2701 1849 Θεοῦ
2725 1797 2818 1849 καὶ
2851 1794 3111 1849 παλάτιον
3133 1794 3373 1865 ἔμψυχον
3395 1795 3505 1849 τῶν
3526 1796 3695 1851 ἀθλο-

467 1875 521 1922 te
562 1879 860 1950 martyrum
891 1873 1344 1944 triumphantium
1401 1877 1625 1942 chorus,
1673 1890 1726 1936 te
1777 1881 2017 1949 Domina,

2151 1891 2312 1958 poptov
2367 1871 2552 1960 χορεία
2603 1883 3251 1955 ἐπιγνοῦσα,’Δέσποινα,
3313 1887 3583 1942 λιτανεύει
3621 1905 3687 1942 σι

466 1953 812 2031 deprecatur,
854 1980 979 2034 qua!
1023 1966 1138 2022 sola
1177 1968 1466 2024 mulierum
1509 1973 1860 2043 opprobrium
1905 1976 2031 2031 abs.

467 2049 661 2108 tulisti.

542 2139 773 2197 Verbum
803 2142 1003 2212 Patris,
1043 2145 1249 2218 absque
1280 2149 1388 2204 ulla
1417 2150 1744 2223 virginitatis
1775 2159 1879 2211 tua
1906 2171 2030 2212 cor-

465 2233 737 2303 ruptione,
779 2234 836 2308 in
882 2244 946 2326 ‘te
997 2239 1294 2308 habitavit;
1325 2254 1380 2297 et
1428 2245 1844 2301 celeberrimum
1881 2262 2028 2303 mar-

464 2332 643 2394 tyrum
679 2323 916 2394 chorum
934 2330 1175 2399 attraxit,
1210 2341 1262 2389 te
1305 2332 1593 2406 Deiparam
1624 2347 1854 2408 castam,
1884 2354 2026 2411 pra:-

462 2415 753 2472 dicantem.

533 2506 829 2580 Perrumpe
880 2510 1094 2581 pondus
1131 2530 1293 2584 grave
1343 2519 1609 2576 malorum
1665 2539 1937 2597 meorum,
1973 2547 2026 2597 ,ο

409 2587 412 2590 ’
465 2607 575 2652 tota
609 2609 758 2654 casta
805 2608 969 2672 atque
1009 2603 1290 2671 inviolata,
1347 2615 1402 2663 et
1441 2612 1590 2666 omni
1619 2613 1777 2671 laude
1815 2587 2027 2690 dignis-

460 2689 619 2756 sima,
648 2707 770 2763 qua:
798 2698 954 2764 partu
997 2707 1088 2752 tuo
1139 2698 1268 2755 Adae
1294 2698 1505 2772 lapsum
1537 2702 1803 2776 reparasti
1829 2729 1844 2778 ;
1875 2689 1930 2768 et
1963 2713 2027 2769 il-
2058 2783 2065 2792 θ

413 2851 416 2854 ν
458 2779 662 2836 lumina
696 2800 801 2851 me,
828 2796 887 2840 ut
917 2788 1156 2845 clamare
1183 2795 1387 2862 possim
1422 2803 1600 2854 mente
1650 2815 1819 2871 pura:
1852 2803 2026 2862 Bene-
2051 2783 2071 2854 δ’

458 2867 644 2936 dicite,
670 2872 852 2928 omnia
884 2889 1075 2945 opera,
1106 2875 1415 2936 Dominum.

411 2967 414 2970 ’
526 2955 689 3052 Lucis
711 2963 1080 3023 habitaculum
1114 2965 1257 3027 facta
1288 2988 1379 3038 es,
1417 2974 1564 3032 illius
1593 2979 1802 3038 scilicet
1821 2983 1914 3054 qui
1954 3000 2022 3041 ex

461 3058 516 3106 te
559 3059 775 3124 propter
803 3069 905 3114 nos
929 3071 1090 3116 natus
1119 3069 1234 3130 est;
1269 3075 1428 3136 quem
1466 3069 1586 3126 sine
1614 3073 2021 3134 intermissione

2131 1978 2227 2052 τὴν
2253 1979 2419 2052 μόνην
2449 1979 2721 2049 γυναικῶν
2749 1978 3032 2051 ἀραμένην
3068 1978 3128 2032 τό
3155 1979 3376 2044 ὄνειδος.

2197 2160 2290 2230 Μὴ
2319 2158 2635 2230 διαφθείρας
2663 2159 2762 2229 τὴν
2789 2157 3089 2230 παρθενίαν
3105 2158 3237 2222 ὅλως
3260 2159 3360 2230 τὴν
3389 2159 3491 2230 σὴν
3511 2161 3689 2228 Λόγος

2127 2249 2223 2303 τοῦ
2285 2249 2516 2321 Πατρδς,
2569 2247 2877 2320 ἐσκήνωσεν
2918 2248 3010 2302 ἐπὶ
3060 2249 3182 2311 σοὶ,
3237 2249 3333 2302 καὶ
3392 2251 3694 2321 μαρτύρων

2132 2342 2480 2396 ἐπεσπάσατο
2525 2340 2681 2414 χορὸν
2706 2340 2968 2411 ἀοίδιμον,
3001 2339 3261 2396 Θεοτόκον
3290 2343 3462 2415 ἁγνήν
3492 2360 3554 2398 σε
3583 2362 3684 2415 κη-

2129 2432 2413 2506 ρύττοντα.

2208 2521 2400 2598 Ῥῆξον
2417 2524 2524 2578 τῶν
2555 2521 2740 2580 κακῶν
2766 2544 2868 2597 μου
2897 2526 2955 2581 τὺ
2982 2527 3047 2599 βα
3058 2527 3121 2598 pii
3147 2529 3387 2601 φορτίον,
3418 2530 3686 2600 πάναγνε.

2125 2618 2159 2689 ἠ
2214 2617 2569 2690 ἁνδρθὼσασα
2618 2616 2790 2692 Ἀδὰμ
2829 2618 2934 2692 ,τὴν
2985 2619 3280 2686 ἔκπτωσιν,
3310 2621 3569 2691 ἇχραντε,
3616 2625 3689 2692 τῇ

2127 2711 2320 2780 κυήσει
2346 2723 2460 2776 σου,
2493 2710 2834 2782 πανύμνητε,
2868 2713 2962 2768 καὶ
3011 2711 3419 2792 φωταγώγηισον
3470 2712 3602 2790 βοᾷν
3628 2714 3693 2771 ὲν

2127 2804 2350 2876 καθαρῷ
2383 2804 2625 2878 λογισμῷ
2645 2820 2660 2836 ο
2719 2807 3027 2878 Εὑλογείτε,
3079 2810 3256 2870 πάντα
3288 2813 3358 2866 τὰ
3409 2811 3572 2882 ἔργα,
3597 2811 3692 2866 τὸν

2038 2915 2044 2926 ·
2126 2895 2352 2969 Κύριον.

2192 2990 2371 3055 thoro;
2397 2989 2712 3061 οἰκητήριον
2739 2990 2924 3062 ὤφθης
2954 2991 3046 3048 τοῦ
3080 2994 3146 3049 δι’
3175 2996 3324 3066 ἡμᾶς
3365 2997 3430 3051 εκ
3466 2997 3561 3052 σοῦ
3595 3015 3689 3052 τε-

2126 3079 2363 3152 χθέντος,
2393 3077 2452 3134 ὃν
2479 3078 2837 3146 ἀδιαλείπτως
2858 3081 3096 3138 δυσώπει
3130 3092 3540 3160 φωταγωγῆσαι
3561 3092 3692 3154 τοὺς

461 3144 754 3214 deprecare
789 3158 846 3202 ut
871 3151 1072 3207 lumine
1108 3169 1210 3208 suo
1251 3157 1546 3234 perfundat
1588 3178 1704 3228 eos,
1757 3167 1850 3236 qui
1889 3179 1958 3237 te,
1989 3188 2017 3228 ο

464 3235 762 3257 --_..__,__-
829 3235 885 3257 ιτ.
968 3239 1126 3257 _..-
1179 3252 1186 3257 .
1329 3241 1364 3257 ,κ
1455 3249 1469 3257 .
1745 3254 1769 3257 _

2151 3144 2497 3244 ινυμνοῦντάς
2534 3191 2613 3240 σε,
2669 3175 2764 3257 καὶ
2791 3144 3075 3246 όεοτόκον,
3124 3144 3690 3255 πάναγνίὴαρθενέ

458 3235 766 3292 castissima
829 3235 988 3313 Virgo
1022 3239 1224 3311 Mater,
1258 3241 1568 3307 coiiaudant
1628 3269 1695 3309 ac
1740 3235 2017 3328 Deiparam

2151 3235 2322 3334 ιῆτορ,
2362 3235 2851 3333 καταγγέλλοντας.
3060 3235 3074 3246 υ
3238 3262 3244 3270 ’

460 3329 812 3386 conﬁtentur.

464 3417 574 3491 82
627 3419 726 3477 Et.
759 3438 957 3479 canone
1000 3427 1055 3482 in
1086 3426 1344 3555 δῇηὲαξὲι
1401 3433 1707 3506 archangeli
1741 3438 2024 3507 Cabrielr’s,

527 3593 722 3658 Statim
754 3609 918 3675 atque
946 3599 1165 3665 Gabriel
1193 3611 1327 3668 vidit
1364 3623 1415 3670 te
1447 3623 1653 3675 castam
1707 3622 1856 3679 Omni
1901 3625 2023 3683 labe

453 3703 749 3764 carentem,
779 3697 976 3754 illustri
1015 3686 1146 3756 voce
1193 3703 1518 3763 exclamavit
1549 3728 1564 3766 :
1592 3713 1726 3779 Ave,
1767 3715 2019 3783 Domina.

452 3785 679 3846 thalami
708 3790 914 3856 nescia,
965 3793 1248 3851 hominum
1279 3797 1448 3866 salus;
1477 3803 1789 3874 angelorum
1820 3808 2019 3880 gloria-

452 3877 529 3933 tio
555 3889 609 3935 et
635 3888 908 3939 venustas.
1189 3944 1192 3947 .

524 3968 837 4040 Agnoscens
862 3975 1079 4033 Gabriel
1099 3972 1420 4050 mysterium
1451 3983 1581 4039 olim
1610 3984 2018 4059 absconditum,

452 4060 518 4111 ad
562 4066 611 4115 te
639 4060 987 4136 clamabat,o
1033 4068 1210 4138 puclla
1256 4089 1272 4126 :
1330 4072 1464 4142 Ave,
1501 4075 1620 4130 Dei‘
1646 4063 1926 4147 palatium,
1964 4081 2019 4138 in

450 4158 560 4219 quo
592 4151 1132 4222 inhabitans,omnes
1157 4162 1430 4230 homines,
1455 4149 1642 4223 utpote
1675 4171 2016 4242 misericors,

449 4241 743 4301 deiiicabit.

514 4335 648 4392 Cum
675 4349 724 4394 te
747 4346 914 4396 totam
938 4356 967 4395 a
992 4338 1200 4414 Spiritu
1230 4357 1422 4403 sancto
1447 4351 1808 4411 castiﬁcatam
1842 4357 2016 4416 vidis-

448 4434 529 4487 set
555 4430 796 4504 Gabriel,
828 4448 858 4488 ο
902 4434 1432 4508 immaculatissima,
1479 4443 1804 4504 exclamavit
1841 4451 1907 4506 ad
1952 4462 2006 4510 te

2140 3441 2237 3495 Ἐκ
2268 3440 2376 3496 τοῦ
2409 3442 2661 3527 κανρνος
2694 3416 3212 3527 geminent-Em
3233 3446 3337 3527 τοῦ
3362 3448 3686 3520 ἀρχιστραι
3753 3526 3756 3527 ν
3853 3493 3871 3504 ..

2473 3511 2655 3581 τήνου
2684 3512 2968 3580 Γαϐριὴλ,
2999 3513 3189 3584 ἡμέρᾳ
3217 3522 3332 3581 κς¹.

2202 3620 2400 3692 Ἀγνήν
2427 3638 2485 3674 σε
2532 3620 2871 3692 πανάμωμον
2905 3619 2950 3677 ό’
2976 3623 3216 3698 Γαϐριὴλ
3243 3625 3320 3691 ὡς
3350 3624 3584 3699 ἑώρακε,
3623 3630 3688 3685 τὸ

2119 3709 2312 3782 Χαῖρε,
2349 3708 2454 3778 σοὶ,
2507 3708 2793 3776 Δέσποινα,
2839 3709 3110 3783 λαμπρῶς
3151 3712 3399 3784 ἐϐόησεν,
3460 3717 3688 3789 ἀπειρό-

2115 3819 2284 3873 γαμε,
2323 3799 2584 3874 βροτῶνὴ
2622 3800 2885 3873 σωτηρία,
2912 3802 3161 3872 ἀγγέλων
3189 3803 3249 3858 τὺ
3279 3803 3544 3879 καύχημα
3585 3810 3684 3864 καὶ

2120 3911 2178 3947 σε
2186 3894 2416 3971 μνολόγη
2425 3910 2521 3965 μα.
2963 3903 2976 3917 ⁸
2999 3968 3002 3971 _

2186 3969 2470 4054 Γνωρίξων
2488 3982 2548 4037 τὸ
2572 3982 2737 4038 πάλαι
2757 3969 3138 4055 κεκρυμμένον
3173 3989 3493 4061 μυστήριον,
3518 3993 3681 4064 κόρη,

2119 4078 2201 4132 σοί
2226 4095 2354 4131 ποτε
2375 4079 2403 4130 ὁ
2435 4074 2672 4147 Γαϐριὴλ
2704 4076 3014 4147 ὲκραύγασε
3042 4094 3055 4108 ·
3100 4078 3292 4150 Χαῖρε,
3325 4080 3462 4136 Θεοῦ
3498 4084 3682 4138 παλά-

2114 4185 2248 4232 τιον,
2269 4171 2325 4222 ἐν
2359 4162 2402 4237 ᾧ
2427 4168 2654 4238 οἰκήσας
2681 4167 2926 4232 ἅπαντας
2954 4167 3180 4240 βροτοὺς
3210 4169 3406 4227 θεώσει
3448 4174 3524 4239 ὥς
3586 4175 3679 4230 εθ-

2117 4262 2442 4331 σπλαγχνος.
3540 4303 3543 4305 ,

2185 4351 2352 4424 Ὅλην
2402 4369 2462 4406 σε
2505 4352 2584 4424 τῷ
2618 4350 2898 4422 Πνεύματι
2937 4352 2966 4406 ό
2994 4352 3235 4427 Γαϐριὴλ
3282 4359 3679 4431 περιηγνισμέ-

2112 4465 2230 4518 νην,
2277 4448 2606 4517 πανάμωμε,
2642 4445 2987 4518 κατανοήσας
3032 4447 3199 4520 ἐκϐοᾷ
3249 4466 3332 4504 σοι
3383 4453 3676 4522 ἐμφανῶς·

448 4516 608 4577 claris
637 4525 859 4582 vocibus
892 4543 906 4579 :
942 4527 1076 4594 Ave,
1106 4529 1407 4606 redemptio
1437 4549 1468 4589 a
1501 4535 1886 4598 maledictione
1952 4558 2005 4602 et

2151 4516 2301 4612 ζαῖρε,
2333 4516 2469 4610 ἀρᾶς
2497 4541 2529 4612 ἡ
2552 4538 2841 4612 λύτρωσις,
2867 4516 2971 4593 καὶ
3003 4539 3113 4595 τῶν
3137 4516 3518 4614 π-ῳπατόρων
3549 4516 3681 4601 ἀνα-

446 4613 744 4687 prim‘orum
767 4618 1052 4684 parentum
1089 4623 1383 4678 revocatio.

514 4701 650 4757 Cum
679 4704 938 4773 templum
967 4707 1411 4768 sanctificationis
1439 4729 1612 4784 esses,
1644 4724 1677 4775 ο
1707 4719 2003 4780 intemera-

443 4793 679 4862 tissima.
728 4809 826 4864 per
861 4809 1048 4854 vocem
1111 4797 1378 4858 Gabrielis
1409 4797 1716 4881 archangeli
1750 4818 2003 4887 concepi-

441 4885 510 4942 sti
529 4902 673 4950 eum,
697 4888 789 4958 qui
821 4889 1115 4958 requiescit
1138 4892 1190 4946 in
1215 4896 1417 4951 sanctis
1438 4899 1574 4972 suis,
1595 4885 1998 4964 sanctissimum

440 4974 632 5042 Deum,
666 4977 756 5048 qui
787 4979 1070 5036 nnin-rsos
1103 4983 1404 5042 sanctiﬁcat
1446 5003 1511 5045 ac
1540 4989 1736 5048 liberat
1761 5011 1790 5049 a
1823 4998 2002 5055 malis.

512 5069 716 5125 Divinis
736 5069 1005 5128 Gabrielis
1038 5074 1220 5132 verbis
1257 5078 1524 5137 obediens
1559 5081 1730 5148 fuisti,
1766 5101 1798 5139 ο
1830 5099 2002 5156 casta,

436 5170 491 5216 et
519 5159 754 5217 Verbum
783 5174 1041 5220 aeternum
1087 5166 1143 5222 in
1166 5171 1332 5226 carne
1361 5175 1647 5244 perperisti
1677 5177 1819 5247 quod
1848 5195 2006 5236 muu-

435 5253 564 5308 dum
605 5254 672 5308 ab
699 5253 1112 5313 irrationalitate
1133 5258 1403 5338 liberavit.

509 5344 706 5402 Missus
739 5337 821 5402 est
846 5348 1100 5421 princeps
1143 5353 1351 5410 militiae
1392 5357 1631 5412 caelestis
1663 5360 1904 5430 Gabriel,
1938 5376 1999 5422 ut

434 5436 532 5492 tibi
584 5438 837 5509 gaudium
888 5442 1263 5511 annuntiaret,
1302 5463 1334 5500 ο
1374 5459 1520 5502 casta
1586 5448 1749 5523 Virgo
1797 5455 1988 5524 Mater,

438 5538 531 5600 per
556 5550 716 5605 quam
742 5552 867 5590 vere
893 5535 1112 5590 tristitia
1140 5541 1392 5605 cessavit,
1435 5553 1486 5595 et
1532 5546 1840 5606 maledictio
1884 5561 1996 5608 ste-

439 5625 553 5681 rilis
597 5625 739 5683 facta
792 5637 893 5690 est,
936 5641 1000 5680 ac
1054 5625 1236 5685 ﬂoruit
1283 5633 1589 5693 benedictio
1640 5641 1887 5699 ﬁdelibus
1941 5645 1995 5700 in

435 5717 655 5771 sazcula.

513 5809 793 5877 Tanquam
832 5811 1127 5881 jucundum
1177 5822 1340 5892 Regis
1392 5825 1670 5897 thronum,
1735 5834 1992 5902 tanquam

2112 4635 2322 4696 κλησις.

2255 4653 2267 4685 ι
2307 4671 2322 4688 ο

2179 4653 2325 4791 τίὲίέἷς
2371 4725 2709 4796 ἁγιάσματος
2761 4723 3100 4796 ὑπάρχουσα,
3144 4726 3474 4798 πανάμωμε,
3522 4733 3676 4802 φωνῇ

2110 4818 2348 4890 Γαϐριὴλ
2376 4816 2469 4889 τοῦ
2503 4815 2864 4888 ἀρχαγγέλου,
2887 4817 2980 4870 τδν
3009 4807 3066 4870 ἕν
3109 4816 3282 4886 ἁγίοις
3319 4821 3677 4891 ἀναπαυόμε.

2110 4931 2198 4966 νον
2229 4915 2453 4975 τέτοκας
2477 4911 2754 4980 ξπανάγιον
2784 4910 2939 4978 Θεὸν,
2978 4912 3187 4976 πάντας
3240 4912 3541 4982 ἁγιάζον-τα
3581 4917 3675 4970 καὶ

2108 5002 2295 5056 δεινῶν
2328 4999 2728 5071 ἐξαιρούμενον.

2188 5093 2474 5163 Ῥημάτων
2533 5091 2696 5145 θείων
2741 5091 3001 5162 ὑπήκοος,
3062 5089 3223 5162 ἁγνὴ,
3279 5091 3373 5146 τοῦ
3432 5094 3673 5166 Γαϐριὴλ

2109 5187 2501 5258 ἐχρημάτισας,
2532 5186 2626 5238 καὶ
2649 5183 2740 5238 τὸν
2771 5183 3117 5253 προάναρχον
3144 5183 3314 5250 Λόγον
3351 5188 3515 5256 σαρκὶ
3533 5189 3674 5241 απε-

2108 5278 2338 5349 κύησας,
2374 5278 2470 5346 τῆς
2501 5277 2725 5345 ἀλογίας
2759 5279 2962 5345 κόσμον
2986 5275 3488 5348 ἀπολυτρούμενον.

2190 5371 2489 5441 Ἀπεστάλη
2523 5369 2765 5442 Γαϐριὴλ
2795 5370 2824 5421 ὁ
2852 5369 3289 5439 ἀρχιστράτηγος
3335 5373 3514 5442 χαρὰν
3557 5389 3669 5442 μη..

2106 5463 2244 5517 νύων
2281 5480 2378 5525 σοι,
2408 5460 2834 5534 Παρθενομῆτορ
2879 5462 3040 5532 ἁγνὴ,
3073 5461 3142 5516 δι’
3177 5456 3247 5535 ἧς
3275 5463 3417 5534 λύπη
3451 5464 3670 5517 «tuac-

2103 5574 2214 5619 ται,
2247 5556 2338 5608 καὶ
2365 5556 2397 5624 ἡ
2429 5555 2537 5625 ἀρὰ
2581 5553 2796 5623 ἀληθῶς
2843 5554 3259 5626 ἀπεστείρωται,
3308 5557 3402 5610 καὶ
3442 5556 3666 5624 εὐλογία

2103 5651 2300 5721 ἦνθησε
2332 5651 2442 5712 τοῖς
2474 5651 2685 5710 πιστοῖς
2709 5649 2786 5711 είς
2821 5649 2944 5712 τοὺς
2966 5648 3190 5711 αίῶνας.

2187 5831 2272 5893 Ὠς
2314 5828 2498 5900 θρόνον
2548 5828 2640 5884 τὸν
2695 5827 3062 5901 πνευματικὸν
3105 5827 3201 5882 τοῦ
3245 5827 3543 5899 sunt“,
3591 5829 3670 5898 tit;
