3936 6304
135 416 282 484 1085

1569 414 1928 474 MARIALE.

3209 398 3346 464 τοδε

129 539 360 591 πάντων
378 536 484 588 τῶν
506 533 818 610 ποιημάτων
841 532 1224 605 ὑπερέχουσαν,
1255 532 1326 595 ὼς
1343 534 1434 586 τὸν
1456 529 1690 600 ὑπερού-

1801 526 2045 583 omnibus
2092 523 2359 580 creaturis
2404 520 2848 583 eminentiorem,
2900 508 3153 585 tanquam
3201 529 3340 576 eam,

133 647 256 683 σιον
302 629 462 700 μόνον
501 627 839 682 οὑσιὼσασαν
879 627 970 680 τὸν
1002 627 1126 688 τοὺς
1156 625 1376 694 βροτοὺς
1414 624 1692 676 Θεώσαντα

136 719 339 773 ἑνώσει
365 720 632 789 κρείττονι
657 722 958 788 γεννήσεως
988 719 1226 788 ἀρρήτου
1273 716 1364 770 καὶ
1391 716 1566 785 ξένης,
1596 714 1695 782 τὴν

134 813 510 881 εύλογημένην
557 811 882 881 ὑμνήσωμεν
905 809 1197 879 Παρθένον.

209 985 422 1054 Φέγγος
442 984 722 1065 ἀστραπῆς
753 983 846 1036 τοῦ
865 983 1025 1036 τόκου
1048 997 1139 1034 σου
1168 979 1406 1050 ἔλαμψεν
1435 978 1529 1030 καὶ
1561 994 1691 1029 κατ-

133 1079 431 1146 εφαίδρυνε
466 1079 645 1129 πᾶσαν
696 1075 796 1143 τὴν
831 1073 1075 1144 ὑφήλιυν,
1131 1072 1338 1132 καὶτὸν
1387 1069 1696 1140 προστάτην

134 1169 232 1221 τοῦ
279 1145 502 1231 σκότους
524 1167 714 1231 ὤλεσε,
740 1167 1108 1236 Θεογεννῆτορ
1142 1145 1407 1232 πάναγνε,
1448 1161 1695 1230 ἀγγέλων

136 1262 438 1330 καύχημα,
470 1261 562 1312 καὶ
590 1258 890 1330 ἀνθρώπων
925 1257 1141 1311 πάντων
1168 1257 1227 1309 τὸ
1261 1256 1561 1323 διάσωσμα.
1589 1251 1696 1304 τῶν

134 1351 445 1411 ἀπαύστοις
477 1351 679 1418 φωναῖς
707 1347 1097 1418 εὐφημούντων
1125 1363 1205 1401 σε.

150 1546 250 1600 Ἐκ
275 1546 383 1600 τοῦ
407 1546 662 1610 κανόνος
690 1547 775 1609 είς
795 1544 900 1598 τὸν
913 1544 1087 1598 ὅσιον
1102 1541 1327 1609 Πατέρα
1343 1540 1510 1610 ἡμῶν
1541 1542 1692 1596 Ἰλαο

485 1615 670 1683 ρίωνα
689 1615 793 1668 τὸν
821 1612 992 1678 Νέον,
1018 1614 1208 1682 ἡμέρᾳ
1233 1618 1335 1682 κη’.

209 1744 339 1798 Τῶν
363 1743 508 1812 ὲμῶν
531 1742 880 1813 πταισμάτων
901 1741 1000 1806 τὰς
1019 1741 1223 1812 σειρὰς,
1251 1741 1512 1809 πάναγνε,
1541 1739 1696 1812 διάρ-

1790 632 1908 689 qute
1935 616 2108 672 solum
2144 611 2722 683 supet-substantialetn
2756 607 3113 663 substantiam
3143 603 3343 666 effecit,

1790 707 1887 779 qnt'
1932 705 2376 777 pmstantissima
2410 702 2609 755 unione
2643 699 2928 753 inelfabilis
2950 693 3344 764 ac-peregrinm

1792 798 2158 871 generationis
2216 796 2466 850 homines
2504 792 2808 854 deilicavit,
2857 788 3129 858 Virginem
3182 787 3344 838 bene-

1790 892 1986 946 dictam
2005 889 2396 945 collaudemus.

1858 980 2026 1036 Jubar
2050 980 2272 1050 fulgoris
2306 985 2490 1047 partus
2518 975 2595 1030 tui
2625 972 2956 1036 coruscavit,
3008 979 3166 1039 atque
3215 967 3341 1022 uni-

1791 1087 2005 1128 versum
2061 1079 2324 1124 terrarum
2359 1068 2544 1120 orbem
2589 1067 2706 1118 laeta
2738 1063 2856 1117 luce
2889 1060 3156 1126 perfudit;
3193 1067 3342 1110 tene-

1794 1161 2123 1228 brarumque
2153 1157 2440 1228 praesidem
2502 1154 2825 1225 proﬂigavit,
2859 1168 2893 1206 ο
2953 1151 3044 1205 Dei
3100 1147 3341 1204 Gcnitrix

1793 1251 2116 1314 castissima,
2157 1249 2473 1319 angelorum
2526 1243 2793 1315 gloriatio,
2846 1241 2952 1311 83
2997 1250 3050 1296 et
3099 1239 3340 1292 omnium

1795 1342 2073 1396 hominum
2103 1339 2271 1402 salus,
2303 1337 2398 1407 qui
2432 1333 2483 1391 t'e
2520 1331 2936 1389 incessabilibus
2961 1315 3187 1383 vocibus
3214 1340 3343 1379 con-

1793 1431 2088 1487 celebrant.
2225 1426 2228 1429 ’

1763 1542 1879 1596 'Ea:
1929 1555 2128 1596 canone
2185 1538 2238 1590 in
2302 1533 2360 1591 S.
2413 1533 2474 1588 Ρ.
2542 1530 2992 1603 N;_Hilarionem
3045 1526 3340 1603 Juniarem,

2467 1604 2552 1656 die
2576 1601 2666 1655 ‘18.

1865 1741 2173 1808 Disrumpe,
2237 1752 2272 1791 ο
2325 1734 2651 1797 castissima,
2697 1737 3050 1808 peccatorum
3099 1740 3340 1782 meorum

142 1837 332 1905 ρηξον,
357 1799 447 1888 τὸν
480 1835 570 1888 σὸν
592 1799 720 1888 Υιδᾷ
766 1835 858 1887 καὶ
903 1799 1035 1887 Θεὸν
1095 1799 1446 1886 ίὸιαέύουσαλ
1476 1799 1572 1885 καὶ
1600 1799 1696 1901 τὴν

1801 1833 2037 1898 vincula,
2075 1833 2372 1899 deprecans
2396 1840 2493 1897 pro
2524 1839 2608 1878 me
2639 1822 2833 1876 Filium
2859 1836 2921 1875 ac
2956 1799 3118 1874 Detim
3154 1831 3339 1878 tuum;

135 1926 512 1999 τυραννοῦσάν
541 1945 630 1996 με,
669 1927 1034 1997 ’Λειπάρθενε,
1080 1927 1352 1997 ἁμαρτίαν
1400 1923 1688 1990 κατάϐαλε,

137 2022 293 2086 ὅπως
323 2027 382 2073 σε
411 2020 650 2091 γεραίρω
695 2017 952 2086 πάντοτε,
984 2018 1311 2090 πανάμωμε,
1365 2017 1688 2087 σωζόμενος.

218 2178 522 2264 Ἷάτρενσον
548 2191 624 2274 ’τὰ
654 2191 937 2262 τραύματα
963 2191 1071 2262 ,τῆς
1099 2189 1295 2274 ,ψυχῆς
1329 2207 1450 2262 μου,
1481 2190 1689 2260 δέομαι,

135 2287 236 2340 καὶ
261 2284 356 2337 τοῦ
388 2282 508 2346 νοὸς
537 2271 875 2360 κυϐέρνησον
898 2283 995 2344 τὰς
1037 2271 1277 2352 κινήσεις
1315 2281 1450 2352 πρὸς
1492 2280 1560 2334 τὰ
1602 2281 1690 2334 θεν

136 2373 362 2444 λήματα
386 2371 478 2438 τοῦ
505 2374 567 2425 ἐκ
597 2370 690 2424 σοῦ
721 2370 1113 2442 σαρκωθέντος,
1146 2372 1283 2441 κόρη
1312 2361 1578 2439 πάναγνε.

241 2553 284 2607 0
310 2551 514 2623 Κύριός
545 2550 604 2606 σε
635 2550 846 2624 Κυρίαν
875 2549 1128 2604 ἁπάντων
1148 2547 1243 2604 καὶ
1265 2547 1560 2602 Δέσποιναν
1573 2548 1696 2619 ἐίρ-

132 2643 371 2717 γάσατο,
395 2641 625 2716 ἄχραντε
651 2654 667 2670 °
700 2638 793 2692 σοῦ
838 2639 947 2710 γὰρ
989 2639 1054 2690 ὲκ
1089 2637 1302 2706 μήτρας
1353 2635 1694 2706 σεσάρκωται

139 2731 631 2803 κατακυριεύοντος
681 2728 846 2785 αὐτοῦ
897 2729 955 2782 τὸ
989 2727 1118 2784 ῐδιον
1146 2727 1369 2798 πλάσμα
1407 2726 1691 2797 λυτρωσά-

142 2840 324 2894 μενος.

224 2915 402 2985 ’ἰσχὺς
454 2911 560 2966 τῶν
617 2909 822 2964 πιστῶν
885 2909 979 2963 καὶ
1034 2908 1196 2964 ὁσίων
1243 2905 1495 2977 ’γέγονας
1560 2923 1699 2978 κρα-

142 3005 366 3075 ταίωμα
391 3021 405 3037 ο
430 3004 517 3058 διὰ
548 3001 642 3056 σοῦ
681 3001 810 3072 γὰρ,
855 3000 1118 3070 ἄχραντε,
1171 2998 1372 3052 ἅπασιν
1420 2999 1700 3066 ιπήγασας

139 3099 211 3151 τὰ
239 3096 545 3168 κρείττονα,
575 3095 670 3149 καὶ
701 3092 750 3148 οἱ
776 3094 878 3164 γῆν
904 3089 1283 3153 κατοικοῦντες
1314 3089 1447 3160 πρὸς
1469 3087 1698 3159 οὐρανὸν

144 3187 470 3259 βαδίζουσιν.
974 3232 977 3234 ,

216 3281 330 3350 Τὴν
364 3279 609 3332 παστάδα
660 3275 792 3330 Θεοῦ
843 3276 942 3345 τὴν
979 3274 1298 3345 ἀμόλυντον,
1355 3271 1544 3342 θρόνον
1601 3268 1694 3322 τὸν

146 3372 493 3441 πυρίμορφον
520 3367 613 3421 τοῦ
644 3367 1105 3437 Παντοκράτορος,
1140 3365 1240 3434 τὴν
1277 3362 1538 3416 Θεοτόκον
1555 3360 1696 3414 ᾶπα-

148 3478 240 3518 σαι
266 3462 448 3530 γενεαὶ
483 3459 685 3528 γενεῶν
712 3459 1126 3528 μακαρίσωμεν.

215 3551 512 3622 Συμϐόλοις
541 3565 599 3602 σε
621 3549 903 3620 πόρρωθεν
938 3542 1290 3618 προδιετύπον
1339 3545 1372 3615 ἡ
1406 3543 1564 3614 χάρις
1600 3541 1694 3596 τοῦ

145 3641 462 3711 Πνεύματος
487 3641 836 3710 προφητικοῖς
861 3637 1212 3707 χαρίσμασιν,
1234 3633 1357 3703 ὅρος
1375 3636 1496 3686 πίον
1519 3633 1692 3702 ἅγιον,

147 3731 344 3798 πύλην·
378 3730 662 3799 σωτήριον,
707 3727 870 3796 τόμον
913 3743 972 3779 τε
1017 3725 1354 3789 καινότατον,
1391 3722 1548 3794 ἁγνὴ,
1603 3722 1696 3775 καὶ

147 3819 380 3874 κιϐωτόν
407 3835 464 3871 σε
497 3816 959 3888 κατονομάζσυσα.

228 3998 431 4054 Ῥύπου
464 4014 530 4067 με
558 3997 764 4060 παθῶν,
785 3996 878 4049 καὶ
909 3994 1096 4048 σπίλον
1124 3991 1417 4065 ἁμαρτίας,
1447 3990 1694 4060 θεοχαρί-

146 4098 297 4145 curta
320 4088 641 4154 ἀπόπλυνον,
681 4087 773 4139 καὶ
811 4085 981 4148 πύλας
1036 4101 1124 4153 μοι
1159 4082 1364 4147 ἄνοιξον
1410 4080 1696 4150 μετανοίας

147 4180 520 4248 όλισθαίνοντι,
541 4177 632 4230 κα)⁸
660 4174 892 4245 συνεχῶς
915 4175 1025 4238 τοῖς
1049 4173 1400 4243 πταίσμασιν,
1437 4170 1693 4241 ἄχραντε,

148 4269 500 4332 συναντῶντι,
526 4267 618 4320 καὶ
655 4267 750 4320 τὸν
775 4267 904 4318 Θεὸν
939 4263 1344 4334 παροργίζοντι.

215 4362 405 4432 Φωνήν
453 4376 534 4413 σοι
585 4359 928 4429 προσάγομεν
965 4355 1059 4408 τοῦ
1089 4353 1327 4425 Γαϐριὴλ
1371 4351 1693 4422 γηθόμενοι·
1732 4377 1738 4382 ~

150 4453 348 4522 Χαῖρε,
386 4450 651 4518 λέγοντες,
689 4445 835 4511 οἵκος
883 4445 976 4500 τοῦ
1010 4445 1472 4515 Παντοκράτορος,
1520 4443 1694 4511 χαῖρε,

1791 1935 1847 1983 et
1873 1933 2173 1996 peccatum,
2208 1919 2350 1990 quod
2392 1914 2778 1995 me-tyrannice
2815 1912 3029 1980 premit,
3062 1910 3252 1978 dejice,
3285 1918 3345 1959 ut

1793 2018 2020 2075 salutem
2067 2020 2391 2069 consecutus
2438 2019 2490 2065 te
2518 2020 2729 2076 semper
2796 2005 3064 2068 honorare
3114 2002 3340 2062 valeam,

1792 2125 1826 2164 ο
1854 2122 2066 2178 semper
2097 2104 2257 2174 Virgo
2286 2102 2598 2172 purissima.

1811 2223 1816 2228 ·
1861 2199 2023 2263 Cura,
2073 2209 2286 2267 precor,
2318 2179 2540 2247 vulnera
2565 2193 2759 2247 animae
2798 2205 2950 2254 meae,
2981 2201 3013 2241 ο
3042 2181 3217 2256 puella
3246 2195 3339 2234 ea-

1793 2290 2068 2354 stlssima;
2100 2295 2151 2342 et
2183 2285 2379 2339 mentis
2415 2297 2550 2336 mea:
2597 2291 2775 2336 motus
2825 2292 2950 2348 rege
2980 2291 3046 2331 ac
3075 2275 3244 2342 dirige
3273 2269 3341 2323 ad

1792 2380 2122 2433 voluntatem
2165 2373 2282 2442 ejus
2326 2369 2647 2434 faciendam,
2687 2369 2778 2434 qui
2822 2383 2889 2422 ex
2941 2375 2991 2421 te
3031 2364 3345 2418 incarnatus

1792 2477 1895 2521 σει.

1869 2552 2127 2628 Dominus
2150 2549 2430 2607 constituit
2460 2557 2532 2614 te,
2565 2563 2600 2603 ο
2626 2545 2915 2625 ζὶιινὶοιιιιο,
2952 2542 3236 2598 Dominam
3278 2552 3343 2593 ac

1797 2645 2055 2715 Reginam
2081 2626 2450 2699 universorum
2483 2655 2586 2695 :ex
2620 2649 2771 2694 utero
2795 2620 2938 2691 enim
2968 2644 3060 2688 tuo
3104 2634 3349 2686 incarna-

1797 2747 1885 2791 tus
1917 2745 2016 2798 est,
2056 2743 2113 2789 ut
2135 2748 2292 2789 suum
2317 2732 2523 2802 plasma
2550 2730 2618 2786 ab
2652 2745 2740 2795 eo,
2766 2727 2857 2799 qui
2886 2726 3060 2780 eidem
3094 2722 3346 2779 domina-

1798 2827 1979 2892 batur,
2012 2825 2279 2881 liberaret.

1869 2916 2148 2973 Fortitudo
2194 2906 2431 2971 lldelium
2489 2922 2543 2969 et
2579 2901 2995 2968 flrtnam'entum
3030 2900 3338 2961 sanctorum

1800 3007 1942 3064 facta
1971 3023 2050 3070 es,
2072 3022 2105 3061 ο
2127 3006 2440 3060 intemerata
2483 3021 2497 3058 :
2538 3017 2634 3072 per
2674 3007 2727 3055 te
2753 2999 2896 3052 enim
2931 2995 3183 3050 omnibus
3211 3007 3347 3061 prrea

1802 3096 2259 3152 stantissimorum
2288 3094 2551 3148 bonorum
2586 3090 2707 3145 fons
2756 3086 3048 3150 emanavit,
3094 3093 3146 3138 et
3191 3082 3348 3136 habi-

1677 3225 1682 3231 -
1726 3175 1768 3232 (ἶ
1803 3189 2038 3245 tantibus
2068 3188 2121 3239 in
2160 3195 2300 3241 terra
2324 3184 2389 3238 ad
2421 3183 2614 3240 caelum
2648 3181 2748 3234 iter
2779 3175 3108 3248 patefactum
3143 3181 3244 3228 est.

1867 3275 2184 3330 Thalamum
2233 3272 2321 3326 Dei
2374 3269 2736 3340 impollutam,
2791 3264 3046 3318 thronum
3081 3259 3342 3327 Omnipo-

1793 3368 1959 3443 ‘tentis
2007 3364 2372 3436 igniformem,
2401 3361 2681 3430 Deiparatn
2722 3369 2912 3410 omnes
2966 3350 3346 3422 generationes

1795 3459 2201 3531 generationum
2251 3453 2639 3516 beatiticemus.
2867 3447 2870 3452 ’

1864 3547 2048 3604 Gratia
2085 3544 2320 3614 Spiritus
2351 3540 2524 3597 sancti
2569 3535 2894 3609 propheticis
2929 3528 3356 3588 charismatibus'

1799 3647 1852 3693 te
1877 3652 1906 3690 a
1939 3638 2098 3704 longe
2132 3647 2226 3701 per
2271 3630 2515 3702 symbola
2541 3624 2937 3698 prtetlgurabat,
2965 3637 2998 3676 o
3029 3631 3216 3684 casta;
3251 3632 3348 3672 no-

1797 3728 2014 3784 minans
2049 3734 2100 3778 te
2135 3731 2372 3777 montem
2407 3721 2657 3791 pinguem
2691 3732 2755 3771 ac
2813 3723 3078 3777 sanctum,
3137 3722 3344 3778 portam
3393 3754 3395 3756 .

1796 3819 2110 3881 salutarem,
2150 3813 2399 3868 volumen
2459 3823 2656 3865 novum
2702 3822 2767 3862 ac
2797 3791 3254 3863 recentissimum,
3297 3810 3350 3852 et

1795 3921 2000 3961 arcam.
3051 3914 3059 3920 '

1865 3995 2107 4050 Emunda
2132 4007 2235 4056 me,
2265 4008 2300 4046 ο
2333 3991 2444 4046 Deo
2472 3985 2820 4048 charissima,
2849 3999 2878 4037 a
2917 3981 3170 4037 sordibus
3217 3994 3342 4047 pas-

1797 4087 2031 4147 sionum,
2056 4091 2159 4136 eta
2185 4079 2411 4135 maculis
2457 4075 2682 4146 peccati,
2715 4082 2767 4126 et
2805 4071 3134 4142 paenitentiae
3168 4077 3350 4137 pot-tas

1796 4174 1944 4245 aperi
1971 4172 2123 4237 mihi,
2153 4185 2185 4224 ο
2215 4170 2420 4224 illibata
2445 4203 2462 4231 ,
2509 4163 2602 4236 qui
2628 4163 2785 4227 cado,
2816 4172 2869 4215 et
2899 4160 3116 4215 assidue
3149 4159 3198 4211 in
3227 4172 3350 4226 pec-

1796 4275 1916 4320 cata
1942 4264 2180 4324 incurro,
2211 4258 2485 4326 Deumque
2509 4266 2746 4324 provoco
2771 4252 2835 4305 ad
2874 4251 3030 4303 iram.

1868 4351 2069 4408 Vocem
2106 4346 2374 4404 Gabrielis
2412 4345 2476 4399 ad
2510 4353 2562 4398 te
2592 4357 2713 4397 cum
2756 4338 2952 4411 gaudio
3002 4335 3349 4407 proferimus,

1800 4444 2037 4499 dicentes
2069 4459 2084 4495 :
2115 4440 2246 4506 Ave,
2301 4438 2492 4492 domus
2519 4432 2917 4502 Omnipotentis
2951 4448 2965 4483 :
3019 4444 3137 4488 ave.
3177 4427 3347 4497 gloria

151 4502 348 4522 ηντκ,
611 4502 650 4512 .,
815 4502 832 4511 ,
1225 4502 1237 4515 .
1359 4502 1371 4512 .
1433 4502 1468 4506 --
1521 4502 1552 4511 ..
1615 4502 1626 4508 -
1680 4502 1688 4504 -

150 4544 256 4596 τῶν
282 4541 441 4594 ὁσίων
474 4542 507 4608 ἡ
541 4539 662 4602 δόξα
687 4540 779 4590 καὶ
805 4538 910 4590 τῶν
941 4536 1144 4590 πιστῶν
1175 4536 1386 4588 πάντων
1423 4531 1686 4602 σωτηρία,

1801 4528 2255 4602 sanctorum,“
2280 4540 2332 4585 et
2361 4529 2509 4582 salus
2531 4526 2772 4580 omnium
2793 4522 3053 4584 ﬁdelium,
3076 4535 3108 4573 ο
3130 4520 3352 4585 Deipara

149 4636 214 4688 δι’
232 4629 302 4705 ἦς
331 4613 656 4711 ἐθεῶθημεν,
686 4628 912 4681 Θεοτόκε
933 4624 1277 4695 άειπάρθενε.

162 4767 263 4820 Ἐκ
297 4763 400 4824 τοῦ
431 4765 682 4826 κανόνος
728 4763 812 4824 είς
839 4759 944 4812 τὸν
984 4759 1152 4828 ἅγιον
1177 4755 1418 4828 Μάρκον
1446 4753 1694 4806 ὲπίσκο·

465 4848 582 4885 ,πον
628 4825 1038 4898 Ἀρεθουσίων,
1064 4825 1252 4896 ἡμέρᾳ
1279 4825 1378 4877 κθν.

220 4972 385 5038 Ὄρος
417 4982 473 5018 σε
497 4963 786 5018 κατάσκιόν
815 4979 943 5015 ποτε
970 4963 997 5014 ὁ
1035 4959 1345 5027 Ἀὁὸακοὺμ
1367 4954 1696 5026 ὲλλαμφθεὶς

150 5057 641 5124 ὲθεάσατο,;Μῆτερ
689 5054 1049 5123 ἁπειρόγαμε,
1082 5051 1140 5116 ἐξ
1170 5046 1234 5121 ἧς
1270 5047 1401 5110 Θεὸς
1437 5063 1696 5116 σωματω-

152 5152 263 5212 θεὶς
306 5149 567 5217 ὲπέφανεν
621 5147 787 5215 ἀρετῇ
837 5143 1078 5212 καλύψας
1107 5142 1182 5204 ὡς
1233 5139 1445 5209 ἀληθῶς
1489 5138 1558 5192 τὰ
1604 5139 1694 5190 οὐ-

152 5239 335 5308 ράνια.

229 5331 293 5381 Ὀ
323 5329 476 5398 μόνος
522 5327 681 5380 οἰκῶν
734 5327 858 5387 τοὺς
906 5323 1165 5394 οὐρανοὺς
1204 5322 1301 5392 τὴν
1334 5321 1546 5391 μήτραν
1599 5335 1694 5371 σου

152 5419 472 5488 κατῴκησεν
514 5417 805 5487 ὑπερϐολῇ,
851 5415 1114 5482 Παρθένε,
1171 5412 1552 5482 χρηστότητος,
1601 5409 1696 5461 καὶ

154 5509 290 5576 σὰρξ
317 5506 500 5578 ὼράθη
534 5510 595 5559 ὲκ
629 5505 718 5558 σοῦ
756 5506 1064 5572 τικτόμενος
1092 5519 1106 5534 ·
1139 5503 1252 5556 ἀλλ’
1279 5502 1438 5553 αὐτὸν
1488 5501 1693 5553 ἱκέτευε

154 5603 330 5668 πάσης
359 5599 751 5669 περιστάσεως,
772 5598 1029 5664 παναγία,
1055 5593 1454 5662 ρυσθῆναιτοὺς
1481 5591 1693 5651 δούλους

157 5709 269 5746 σου.

229 5781 570 5835 Συλλαὸοῦσα
605 5778 876 5849 ἀφλὲκτως
921 5779 980 5830 τὸ
1017 5780 1123 5850 πῦρ
1157 5778 1254 5847 τῆς
1305 5777 1692 5845 Θεότητος,καὶ
1722 5752 1726 5758 ἱ

1798 4621 2217 4694 semper-Virgo,
2249 4635 2346 4690 per
2373 4632 2534 4689 quam
2559 4615 2791 4670 deificati
2826 4626 3034 4666 sumus.

1800 4756 1884 4810 Ea:
1925 4770 2123 4810 canone
2153 4756 2206 4806 in
2248 4751 2406 4806 Festo
2442 4749 2500 4804 S.
2553 4747 2724 4801 Marci
2764 4744 2995 4814 episcopi
3038 4741 3351 4796 Arethusia-

2375 4837 2509 4885 rum,
2546 4821 2628 4871 die
2669 4816 2760 4870 29.

1865 4960 2102 5013 Montem
2132 4952 2727 5022 umbrosum,quondam
2758 4948 3048 5003 Abbacucb
3075 4945 3351 4999 illumina-

1797 5061 1884 5105 tus
1920 5061 1970 5104 te
2003 5049 2152 5111 vidit,
2186 5059 2357 5102 mater
2397 5048 2645 5113 innupta,
2686 5057 2750 5096 ex
2787 5057 2890 5110 qua
2929 5039 3068 5093 Deus
3096 5041 3352 5103 incorpo-

1796 5151 1946 5196 ratus
2010 5142 2276 5210 apparuit,
2322 5123 2519 5192 virtute
2586 5134 2866 5190 occultans
2911 5131 3193 5186 verissime
3242 5117 3351 5181 ete-

1797 5233 1985 5289 lestia;

1867 5322 1934 5384 Is,
1970 5319 2058 5389 qui
2080 5318 2227 5373 solus
2259 5317 2523 5372 inhabitat
2567 5317 2752 5379 cmlos,
2785 5316 2838 5369 in
2884 5325 3034 5368 utero
3065 5321 3156 5363 tuo
3187 5310 3339 5362 babi-

1797 5413 1949 5476 tavit,
1982 5427 2014 5465 ο
2054 5409 2242 5480 Virgo,
2289 5408 2359 5463 ob
2393 5424 2673 5463 excessum
2709 5403 3079 5475 benignitatis,
3131 5411 3184 5453 et
3217 5416 3342 5453 caro

1797 5505 2043 5574 apparuit
2071 5513 2230 5556 natus
2263 5517 2327 5555 ex
2356 5511 2424 5556 te.
2455 5501 2535 5554 Tu
2574 5515 2703 5555 vero
2735 5501 2902 5567 ipsum
2935 5493 3249 5560 deprecare,
3305 5506 3337 5542 o

1797 5595 2160 5659 sanctissima,
2192 5602 2251 5647 ut
2284 5593 2471 5664 liberet
2497 5607 2680 5647 servos
2713 5601 2833 5643 tuos
2865 5587 2928 5639 ab
2955 5585 3105 5637 omni
3145 5586 3338 5636 adver-

1799 5687 1978 5742 sitate.
2593 5742 2595 5744 η

1867 5773 1994 5838 Quae
2025 5774 2310 5843 suscepisti
2340 5774 2542 5842 absque
2575 5771 2949 5829 combustiouc
2982 5769 3160 5839 ignem
3194 5763 3339 5819 Divi-
