3936 6304
475 311 608 374 1087

1583 329 1640 388 S-
1681 330 1987 390 JOSEPHI
2027 331 2578 396 HYMNOGRAPIII

3527 342 3679 407 1038

471 423 674 482 uitatis,
702 435 752 476 et
781 428 1027 494 peperisti
1057 431 1169 482 sine
1200 433 1405 487 semine
1441 433 1642 490 fontem
1680 439 1802 490 vita:
1833 439 2009 492 Domi-

2147 442 2344 495 εκοῦσα
2371 446 2630 514 ἁσπόρως-
2660 446 2839 514 πηγὴν
2871 446 3013 517 ζωῆς
3039 447 3129 499 τὸν
3164 447 3385 517 Κύριον,
3436 467 3678 517 κεχαρι-

473 527 622 573 ltum,
654 530 684 564 0
713 514 954 580 Deipara,
976 522 1149 583 gratia
1184 524 1359 590 plena,
1388 528 1535 580 salva
1573 529 1638 582 ab
1662 529 1807 582 omni
1843 543 2013 598 parte,

473 604 877 669 niagnificantes
911 618 978 661 te.
1995 660 2006 670 -

542 690 645 746 Nos
675 695 762 760 qui
798 706 939 750 tuam
977 703 1358 767 protectionem
1388 707 1743 774 possidemus,
1771 724 1802 762 0
1827 711 2018 763 imma-

473 783 669 844 calata,
703 794 752 836 ct
787 791 894 841 tuis
931 789 1406 847 intercessionibus
1443 811 1470 847 a
1515 798 1669 851 malis
1701 799 2014 865 liberamur,

474 887 502 924 a
535 889 696 926 cruce
723 875 840 930 Filii
872 880 944 930 tui
970 882 1020 930 in
1060 883 1313 937 omnibus
1358 886 1630 953 eustoditi,
1658 889 1777 955 jure
1816 899 1866 944 te
1898 906 2018 944 0m-

476 979 570 1017 nes
600 965 845 1035 religiose
877 973 1304 1039 magnilicamus.

548 1075 698 1132 Mons
727 1080 833 1143 ille,
889 1098 1046 1150 quem
1094 1073 1350 1155 propheta
1407 1089 1592 1145 Daniel
1642 1093 1790 1155 Vidit,
1819 1110 1880 1148 ex
1911 1111 2019 1166 quo

477 1165 608 1232 lapis
640 1167 889 1224 Christus
917 1172 1190 1228 abscissus
1236 1191 1313 1230 est
1345 1182 1462 1233 sine
1505 1197 1691 1246 manu,
1731 1165 2018 1243 conterens

479 1255 637 1320 idola,
670 1270 719 1312 et
742 1273 983 1315 evertens
1004 1265 1304 1321 daemonum
1325 1269 1544 1336 fastum,
1581 1283 1635 1327 tu
1666 1291 1743 1341 es,
1773 1292 1804 1330 ο
1832 1276 2014 1348 Virgo,

475 1357 755 1414 propterea
791 1361 840 1405 te
877 1352 1258 1419 gloriﬁcamus.

543 1459 830 1516 Adinirans
860 1468 1201 1522 sanctissima
1233 1484 1377 1534 eum,
1401 1474 1492 1542 qui
1533 1489 1598 1530 ex
1630 1491 1687 1530 se
1718 1486 1876 1533 natus
1901 1489 2017 1534 erat

477 1548 832 1619 inctfabiliter,
865 1566 1064 1611 terrore
1095 1563 1519 1627 concutiebatur,
1540 1577 1591 1621 et
1626 1569 2017 1636 magniﬁcabat,

478 1648 532 1690 et
580 1641 868 1708 clamabat,
901 1648 1183 1710 Quomodo
1233 1653 1285 1704 in
1335 1655 1476 1708 ulnis
1510 1657 1641 1712 meis
1691 1659 2018 1728 complector

480 1737 549 1790 te,
584 1730 702 1795 Fili,
737 1737 986 1792 universa
1017 1741 1482 1809 complectentem.

490 1847 492 1850 ’
549 1842 810 1899 Palatium
847 1849 934 1903 Dei
953 1854 1264 1919 apparuisti,
1300 1854 1545 1921 Domina,
1567 1860 1807 1913 omnium
1834 1877 2026 1930 regna-

481 1934 634 1998 toris,
668 1952 825 2005 quem
855 1941 1162 2008 deprecare,
1201 1954 1257 1998 ut
1310 1962 1394 2001 me
1445 1949 1706 2003 malorum
1757 1951 2024 2006 latronum

478 2021 832 2080 diversorium
871 2031 1069 2084 factum
1115 2046 1394 2102 expurget,
1431 2044 1485 2090 et
1518 2037 1686 2092 salvet
1710 2054 1816 2104 me,
1855 2055 1888 2093 ο
1921 2041 2025 2094 im-

481 2116 768 2170 maculata.
1365 2142 1372 2148 ’
1543 2159 1567 2184 ,

551 2227 868 2299 Segnitiem,
901 2250 1021 2302 quae
1050 2245 1130 2290 est
1189 2237 1239 2291 in
1273 2253 1376 2301 me,
1413 2241 1662 2307 Domina,
1714 2254 1767 2299 et
1801 2251 2060 2301 somno-‘

480 2318 698 2372 lcntiam
764 2337 980 2390 gravem
1028 2326 1373 2394 vigilantibus
1431 2334 1537 2386 tuis
1592 2343 1645 2387 et
1709 2338 2026 2391 venerandis

481 2410 733 2476 precibus
777 2413 915 2479 apud
953 2411 1136 2481 Deum,
1168 2417 1530 2483 immaculata,
1583 2424 1808 2491 expelle,
1841 2434 1894 2478 et
1919 2427 2023 2478 mi-

482 2513 659 2552 serere
690 2502 815 2566 mei,
847 2503 938 2570 qui
963 2519 1097 2559 cano
1136 2524 1149 2560 :
1198 2508 1304 2577 85
1332 2509 1636 2566 Laudabilis
1665 2523 1716 2567 et
1748 2516 2022 2585 sitperglo-

482 2589 662 2642 riosus
691 2589 828 2646 Deus
857 2603 1067 2662 patrum
1100 2609 1433 2654 nostrorum.

553 2700 847 2756 Contritam
887 2705 1164 2760 hominum
1191 2718 1436 2764 naturam
1473 2713 1689 2781 antiqua
1727 2725 2028 2785 transgres-

482 2791 654 2857 sione,
694 2793 1002 2850 refortitasti
1059 2813 1221 2866 super
1273 2811 1540 2866 naturam,
1581 2813 1633 2856 et
1686 2805 1965 2870 deiticasti,
1996 2821 2028 2859 0

483 2895 636 2948 pura,
695 2886 1011 2951 psallentem
1064 2889 1240 2956 partui
1295 2899 1386 2944 tuo
1435 2906 1451 2945 :
1496 2892 1819 2959 Benedicite,
1847 2896 2027 2949 omnia

485 2985 669 3039 opera,
709 2984 812 3028 etc.

2120 535 2354 606 τωμένη,
2399 524 2643 602 Θεοτόκε,
2673 537 2940 607 περίσωζε
2970 539 3092 600 τοὺς
3126 537 3184 590 σὲ
3236 538 3672 606 μεγαλύνοντας.

2192 711 2253 762 Οἱ
2287 711 2382 780 τὴν
2410 711 2506 781 σὴν
2537 715 2867 783 προστασίαν
2898 716 3242 785 κεκτημένοι,
3273 717 3530 785 ἄχραντε,
3564 718 3675 768 καὶ

2119 801 2239 860 ταῖς
2285 803 2402 862 σαῖς
2460 804 2681 867 ἱκεσίαις
2755 804 2862 856 τῶν
2928 805 3112 857 δεινῶν
3155 805 3527 874 λυτρούμενοι,
3591 807 3677 874 τῷ

2123 891 2337 960 σταυρῷ
2369 892 2459 944 τοῦ
2488 893 2615 946 Υιοῦ
2645 912 2736 946 σου
2770 898 2832 947 ὲκ
2860 897 3020 948 παντὶ
3043 897 3454 966 φρουρούμενοι,
3488 914 3676 950 κατα-

2121 981 2294 1052 χρέως
2326 999 2382 1034 σε
2417 983 2612 1047 πάντες
2645 985 2876 1048 εὐσεϐῶς
2909 987 3297 1056 μεγαλύνομεν.

2191 1089 2262 1144 Τδ
2289 1092 2429 1159 ὅρος,
2483 1097 2510 1146 ὁ
2562 1087 2843 1165 προ¹φήτης
2881 1097 3074 1166 Δανιὴλ
3099 1097 3127 1149 ὃ
3156 1098 3427 1165 τεθέαται,
3453 1097 3514 1162 ἐξ
3552 1091 3620 1151 οὗ
3646 1101 3678 1151 ὁ

2121 1178 2263 1241 λίθος
2286 1183 2314 1234 ὁ
2342 1183 2572 1251 Χριστὸς
2621 1185 2826 1254 ἐτμήθη
2863 1187 3084 1238 ἄνευθεν
3136 1187 3336 1256 χειρὸς,
3371 1188 3678 1257 συντρίψας

2119 1273 2187 1323 τὰ
2203 1272 2391 1324 εἴδωλα
2413 1275 2506 1328 καὶ
2537 1275 2774 1326 καθελὼν
2798 1275 2865 1328 τὰ
2891 1275 2995 1329 τῶν
3013 1277 3283 1346 δαιμόνων
3312 1277 3676 1346 φρυάγματα,

2121 1364 2186 1414 σὺ
2214 1359 2283 1427 εἴ,
2313 1363 2553 1432 Παρθένε
2578 1379 2592 1395 ο
2622 1364 2702 1416 διό
2730 1381 2785 1416 σε
2811 1364 3122 1434 δοξάζομεν.

2125 1505 2132 1512 -
2191 1474 2549 1542 Θαυμάζουσα
2569 1475 2658 1528 τὸν
2698 1478 2760 1528 ὲκ
2805 1475 3004 1546 ταύτης
3033 1477 3280 1547 ἀρρήτως
3328 1467 3673 1544 τικτόμενον,

2122 1565 2155 1632 ἡ
2185 1564 2450 1632 πάναγνος
2467 1565 2880 1634 κατεπλήττετο,
2904 1567 2995 1617 καὶ
3016 1565 3334 1634 ὲμεγάλυνε,
3369 1567 3464 1618 καὶ
3488 1565 3678 1634 βοῶσι

2121 1655 2269 1722 ἔλεγε
2298 1671 2311 1685 ·
2362 1655 2482 1719 Πῶς
2535 1657 2592 1708 ἐν
2648 1657 2911 1724 ἀγκάλαις
2946 1674 3004 1709 σε
3059 1657 3289 1728 κατέχω,
3336 1657 3545 1722 τέκνον,
3577 1657 3678 1710 τὸν

2053 1776 2096 1831 Β
2124 1748 2295 1798 πάντα
2326 1749 2617 1816 κατέχοντα
2639 1765 2654 1814 ;

2195 1857 2458 1910 Παλάτιον
2483 1857 2615 1910 Θεοῦ
2667 1859 2930 1927 ἐδείχθης,
2979 1859 3270 1923 Δέσποινα,
3306 1858 3401 1911 τοῦ
3452 1858 3676 1912 πάντων

2127 1947 2492 2015 βασιλεύοντος
2517 1966 2530 1978 ·
2564 1948 2621 2000 ὃν
2679 1949 2884 2002 ἱκέτευε
2923 1948 3136 2019 λῃστῶν
3167 1965 3233 2017 με
3281 1949 3530 2019 πονηρῶν
3566 1949 3673 2019 ἠδη

2127 2039 2382 2103 γεγονότα
2436 2037 2775 2106 καταγώγιον
2826 2039 3190 2108 ἀποκαθάραι,
3241 2039 3335 2090 καὶ
3376 2037 3546 2092 σῶσαί
3575 2056 3673 2106 με,

2126 2128 2191 2195 ἆχ
2199 2145 2373 2196 ραντε.

2195 2240 2302 2311 Τὴν
2336 2242 2392 2294 ἐν
2415 2243 2536 2311 spot
2582 2241 2868 2312 ρᾳθυμίαν,
2914 2241 3197 2305 Δέσποινα,
3237 2241 3325 2294 καὶ
3362 2238 3677 2307 νυσταγμδν

2125 2330 2212 2382 τὸν
2241 2331 2472 2399 χαλεπὸν
2504 2335 2621 2394 ταῖς
2673 2331 2967 2401 ἀγρύπνοις
2998 2349 3089 2382 σου
3121 2331 3254 2401 πρὸς
3282 2331 3414 2384 Θεὸν
3467 2331 3561 2382 καὶ
3585 2346 3678 2381 σε-

2127 2425 2290 2483 πταῖς
2322 2422 2596 2492 δεήσεσιν,
2623 2422 2874 2492 ἄχραντε,
2900 2423 3185 2483 ἀπέλασον,
3211 2422 3301 2472 καὶ
3336 2419 3676 2489 μελῳδοῦντά

2129 2527 2196 2578 με
2228 2510 2510 2580 οῐκτειρον’
2529 2510 2585 2562 '0
2611 2510 2818 2573 αἱνετδς
2846 2511 2951 2562 τῶν
2975 2509 3222 2579 πατέρων
3247 2506 3375 2569 Θεὸς
3395 2506 3675 2575 καὶὺπερ-

2130 2599 2354 2663 ένδοξος.

2200 2711 2576 2780 Συντριὸεἴσαν
2617 2711 2774 2779 φύσιν
2799 2710 2904 2762 τῶν
2954 2709 3161 2781 βροτῶν
3190 2712 3255 2778 τῇ
3287 2707 3454 2762 πάλαι
3494 2723 3675 2776 παρα-

2129 2801 2282 2852 ϐάσει
2321 2801 2628 2863 ἀνέπλασας
2664 2802 2802 2870 ὑπὲρ
2832 2800 3010 2867 φύσιν,
3065 2801 3158 2852 καὶ
3207 2798 3462 2862 ὲθέωσας,
3509 2797 3670 2865 ἁγνὴ,

2127 2889 2203 2957 τῷ
2252 2891 2395 2958 τόκῳ
2436 2907 2526 2942 σου
2573 2890 2892 2957 ψάλλουσαν·
2938 2890 3117 2942 Πάντα
3150 2890 3217 2942 τὰ
3249 2889 3404 2958 ἔργα,
3433 2887 3524 2939 τὸν
3557 2887 3673 2939 Κύ-

2130 2995 2243 3048 ριον
2294 2979 2529 3045 ὑμνεῖτε,
2595 2979 2688 3031 καὶ
2748 2977 3085 3049 ὑπερυψοῦτε
3141 2979 3220 3040 εἰς
3287 2977 3492 3040 πάντας
3547 2977 3673 3039 τοὺς

2131 3069 2346 3130 αἰῶνας.

553 3142 808 3196 Miserere
867 3146 1045 3213 populi
1086 3147 1185 3213 tui,
1220 3147 1460 3214 Domine,
1509 3160 1563 3205 et
1608 3151 1768 3219 hujus
1803 3152 2030 3208 hmredia

2202 3160 2383 3211 Φεῖσαι
2410 3158 2502 3211 τοῦ
2528 3157 2655 3211 λαοῦ
2691 3175 2804 3221 σου,
2854 3157 3042 3227 Κύριε,
3077 3157 3170 3211 καὶ
3198 3149 3264 3227 ἦς
3294 3152 3508 3226 ὲκτῆσω
3547 3155 3678 3208 ταύο

485 3232 612 3286 tatis
673 3243 797 3296 tua,
839 3251 1001 3303 quam
1070 3239 1379 3306 possedisti,
1421 3239 1592 3295 ﬂexus
1642 3243 1894 3310 precibus
1935 3259 2030 3312 pro

486 3325 642 3379 nobis
669 3326 865 3381 oblatis
893 3327 1182 3383 Genitricis
1214 3338 1316 3385 tua:
1349 3330 1438 3384 Dei
1470 3330 1639 3395 Filiae,
1687 3341 1745 3386 ut
1795 3344 1847 3387 te
1887 3335 2034 3389 velut

488 3415 776 3472 Dominum
807 3427 859 3472 et
891 3420 1462 3476 misericordissimum
1499 3423 1883 3493 gloriﬁeemns.

2135 3265 2232 3316 της
2258 3245 2614 3316 κληρονομίας
2648 3264 2760 3310 σου,
2803 3247 2921 3307 ταῖς
2969 3244 3107 3314 ὑπὲρ
3143 3245 3299 3315 ἡμῶν
3347 3243 3448 3314 τῆς
3488 3260 3547 3296 σε
3580 3260 3670 3298 τε-

2123 3331 2336 3406 κούσης
2385 3338 2660 3399 θεόπαιδος
2710 3337 3106 3406 παρακλήσεσιν
3165 3326 3669 3404 ἐπικαμπτόμενος,

2147 3430 2233 3482 ἵνα
2265 3447 2323 3482 σε
2355 3430 2430 3492 ῶς
2470 3431 2740 3481 Δεσπότην
2772 3431 2862 3481 καὶ
2895 3429 3318 3500 πανοικτίρμονα
3361 3426 3673 3498 δοξάζομεν.

1224 3555 1306 3609 Ex
1334 3575 1528 3612 canone
1562 3561 1613 3612 in
1650 3559 1749 3614 SS.
1787 3569 2040 3631 martyres
2059 3563 2242 3616 Ionam
2279 3574 2326 3618 et
2356 3564 2742 3628 Barachisium,
2783 3565 2864 3617 die
2891 3563 2979 3616 29.

1395 3675 1558 3743 (ldem
1593 3684 1675 3728 est
1706 3689 1828 3729 cum
1859 3676 2145 3744 superiori,
2180 3686 2233 3731 et
2262 3677 2382 3732 ideo
2408 3677 2754 3742 omittimus.)

909 3793 1018 3862 se
1056 3791 1304 3846 usssns
1332 3792 1628 3847 APRILIS.

2634 3794 2788 3846 MHN
2823 3793 3196 3846 ΑΠΡΙΛΛῘΟΣ.

1086 3927 1166 3981 Ea:
1187 3944 1381 3981 canone
1408 3929 1458 3980 iu
1493 3927 1592 3982 SS.
1627 3939 1880 3998 martyres
1911 3929 2236 3983 Theodulum
2257 3940 2303 3982 et
2327 3929 2728 4011 Agathopodem,
2754 3929 2836 3981 die
2865 3929 2897 3980 4
2916 3928 3094 3997 (58“).

569 4061 931 4126 Salvatorem,
991 4063 1249 4119 factorem
1297 4065 1575 4132 omnium,
1642 4081 1707 4121 ac
1755 4066 2042 4121 Dominum

495 4155 833 4223 concepisti,
892 4170 1050 4223 quem
1118 4154 1432 4225 Agathopus
1505 4171 1609 4209 una
1671 4172 1793 4212 cum
1849 4158 2043 4212 illustri

498 4245 777 4300 Theodulo
838 4245 1314 4314 praedicavit-esse
1360 4245 1528 4299 Deum
1584 4255 1635 4300 et
1685 4246 1981 4313 hominem,
2011 4263 2044 4302 o

507 4336 668 4406 Virgo
700 4337 886 4399 Mater,
923 4337 1068 4390 omni
1106 4335 1439 4390 beatitudine
1465 4336 1911 4391 cumulatissime.

572 4428 644 4480 Ex
675 4437 725 4481 te
749 4429 904 4502 salus
932 4428 1244 4481 hominibus
1272 4437 1455 4481 exorta
1487 4437 1587 4491 est,
1619 4443 1651 4481 ο
1679 4427 1773 4480 Dei
1803 4428 2044 4482 Genitrix

501 4519 804 4580 benedicta,
849 4527 1128 4584 prOptet‘ca
1173 4525 1223 4569 te
1255 4515 1534 4571 laudamus
1589 4516 1850 4570 universae
1882 4531 2044 4585 gene-

500 4615 757 4664 rationes.

575 4700 857 4768 Pcperisti,
915 4712 944 4750 0
1022 4698 1295 4762 inviolata,
1339 4697 1769 4766 Redemptorem,
1829 4700 1919 4768 qui
1979 4701 2046 4752 ab

505 4791 688 4844 hostili
727 4788 1038 4856 captivitate
1079 4788 1323 4842 homines
1351 4789 1617 4854 liberavit,
1665 4805 1828 4843 carne
1867 4799 2050 4843 nostra

505 4881 921 4935 circumdatum.

585 4971 944 5023 l’t‘tedicatttes
977 4968 1398 5022 incarnationem
1433 4968 1669 5027 Domini,
1696 4968 1784 5035 qui
1813 4985 1874 5023 ex
1904 4979 2057 5023 utero

514 5076 630 5127 tuo,
662 5063 884 5129 Deipara
926 5077 1240 5123 coruscans,
1275 5071 1496 5113 exortus
1527 5069 1627 5121 est,
1660 5060 1878 5129 gloriosi
1913 5078 2054 5114 mar—

512 5166 659 5225 tyrcs
693 5153 926 5205 salutare
952 5153 1194 5221 martyrii
1230 5135 1481 5219 poculum
1511 5151 1749 5204 laetantes
1783 5152 2054 5206 biberunt.

587 5246 630 5298 0
664 5245 830 5297 Mater
877 5243 990 5306 Dei,
1045 5244 1237 5295 anima:
1278 5258 1407 5295 mea:
1465 5242 1754 5307 pessimum
1811 5244 2057 5298 morbum

520 5353 670 5400 cura,
701 5346 754 5390 tu
807 5352 923 5402 quae
982 5334 1244 5401 optimum
1294 5332 1526 5386 Verbum
1592 5333 1865 5401 peperisti,
1919 5335 2061 5402 quod

521 5430 803 5483 universos
829 5428 987 5481 ellicit
1018 5427 1208 5479 bonos.

594 5519 803 5573 Metlere
831 5516 1171 5585 passionihus
1200 5514 1391 5568 animae
1419 5527 1570 5577 mem,
1600 5526 1632 5567 0
1673 5513 2058 5570 immaculatis-

585 5701 739 5766 (31'5")
764 5699 952 5751 Cra-ca
986 5697 1173 5750 desunt
1209 5697 1258 5749 in
1285 5695 1495 5750 Metztcis
1525 5694 1812 5765 imprCSsis.

2147 4050 2314 4131 sima,
2365 4080 2482 4134 qua:
2537 4063 2983 4132 impassibilitatis
3035 4062 3233 4117 fontem
3293 4062 3578 4130 peperisti,
3627 4074 3681 4119 et

2147 4171 2426 4226 compesce
2456 4154 2789 4224 tyrannidem
2823 4168 3028 4211 eorum,
3064 4166 3096 4204 0
3130 4150 3311 4219 Virgo,
3347 4151 3438 4221 qui
3459 4153 3680 4210 assidue

2146 4247 2471 4302 conturbant
2501 4259 2564 4299 ac
2591 4245 2696 4312 87
2730 4250 3031 4312 perterrent
3051 4256 3146 4295 eor
3181 4256 3378 4294 meum.

2217 4338 2351 4391 Cum
2386 4345 2459 4399 te,
2493 4350 2524 4388 0
2563 4343 2734 4394 easta,
2767 4334 3024 4384 virtutum
3060 4330 3341 4398 splendore
3371 4341 3679 4385 exornatam

2148 4428 2438 4482 invenisset
2487 4421 2925 4486 Verbum'illud,
2985 4419 3126 4489 quod
3181 4420 3347 4474 caelos
3399 4421 3681 4476 virtutibus

2146 4517 2381 4578 caelavit,
2412 4514 2664 4568 habitavit
2695 4513 2748 4564 in
2781 4520 2851 4574 te,
2878 4527 2909 4565 0
2951 4510 3259 4580 purissima,
3303 4519 3356 4564 et
3396 4511 3680 4564 humanam

2085 4593 2128 4647 Ῐ)
2159 4615 2402 4658 naturam
2436 4604 2486 4656 in
2511 4603 2780 4656 cwlestent
2813 4601 3092 4658 convertit.

2223 4695 2434 4761 Absque
2461 4691 2565 4744 ulla
2595 4699 2798 4743 naturae
2833 4704 2943 4742 suae
2996 4687 3289 4742 mutatione
3337 4704 3464 4741 vere
3516 4694 3679 4741 totum

2157 4786 2426 4838 hominem
2480 4797 2542 4835 ex
2591 4789 2641 4833 te
2694 4779 2833 4832 Deus
2865 4778 3171 4846 assumpsit,
3209 4793 3241 4830 0
3289 4777 3464 4830 divina
3522 4779 3684 4844 gratia

2159 4873 2582 4929 cumulatissima
2627 4870 2884 4932 Domina;
2917 4871 3066 4936 cujus
3098 4869 3402 4938 passionem
3438 4865 3684 4920 Theodu-

2162 4966 2243 5019 lus
2274 4973 2432 5034 atque
2453 4963 2762 5030 Agathopus
2794 4967 3258 5026 reprtesentantes,
3287 4967 3597 5011 constantes
3620 4973 3678 5008 ac

2162 5056 2328 5110 fortes
2355 5056 2653 5109 clamabant
2680 5051 2902 5105 :Omuia
2925 5065 3106 5117 opera,
3138 5050 3347 5103 laudate
3381 5050 3680 5104 Dominum.

2238 5149 2439 5204 lntima:
2478 5145 2692 5214 pietatis
2727 5154 2828 5196 tua:
2859 5143 3063 5212 fulgore
3095 5142 3350 5210 perfunde
3380 5153 3540 5210 atque
3572 5143 3685 5195 illu-

2165 5241 2311 5294 mina
2345 5253 2426 5290 me
2469 5237 2519 5288 in
2589 5235 2902 5304 ignorantiae
2934 5233 3160 5288 tenebris
3211 5232 3498 5301 jacentem,
3557 5248 3588 5285 0
3635 5244 3684 5286 tu

2167 5348 2284 5401 quae
2315 5328 2468 5381 unica
2504 5327 2639 5380 lucis
2679 5325 2916 5378 datorem
2966 5333 3018 5376 et
3053 5323 3455 5390 Redemptoretn
3487 5338 3551 5376 ac
3589 5322 3677 5377 θον

2166 5425 2368 5478 mitium
2411 5421 2460 5472 in
2493 5427 2642 5471 utero
2671 5427 2760 5471 tuo
2789 5425 3100 5488 conceptum
3143 5415 3412 5484 peperisti,
3445 5415 3538 5484 qui
3561 5430 3680 5470 salt-

2167 5527 2279 5569 ctos
2306 5513 2600 5566 coronavit.
