3936 6304
157 349 161 354 ,
226 279 371 343 1089

1663 280 2022 341 MARIALE.

3324 283 3456 339 1οἷἰο

233 390 348 462 Ἐκ
371 388 474 443 τοῦ
501 391 756 462 κανόνος
778 395 863 460 είς
882 391 1022 460 τοὺς
1048 395 1254 462 ἁγίους
1275 392 1577 461 μάρτυρας
1598 395 1791 446 Κλαύ-

1916 393 1982 446 Ex
2015 393 2228 446 Conone
2279 389 2456 462 ia_SS.
2509 404 2759 460 martyres
2812 391 3116 462 Claudium,
3149 389 3457 452 Diodorum,

318 460 472 522 ὄιον,
494 461 800 530 Διόδωρον,
838 460 1144 531 Οὺΐκτορὰ,
1181 460 1598 530 Οὺῒκτωρίνον,
1629 462 1795 531 Πάπ-

299 546 462 596 ator,
491 529 833 600 Νικηφόρον
861 535 957 587 καὶ
985 529 1353 600 Σεραπίωνα,
1380 529 1568 602 ἡμέρᾳ
1597 529 1658 586 ε’.

317 642 404 704 Ἐν
438 643 611 716 χρόνῳ
637 647 663 698 6
699 645 801 711 ἔξω
831 646 1036 716 χρόνων
1084 646 1284 716 Κύριος
1334 646 1398 698 ὲκ
1460 644 1552 698 σοῦ
1601 662 1808 715 σεσαρε

224 735 484 804 κωμένος
521 737 587 789 τὰ
617 737 725 789 τῶν
763 726 1255 806 βροτῶνῆδιέλυσεν,
1283 736 1442 807 ἁγνὴ,
1471 726 1796 808 πολυχρόνια

225 825 576 896 πταίσματα,
607 825 665 879 ὃν
702 827 934 892 ἐκτενῶς
964 828 1171 882 ἱκέτευε
1217 827 1311 881 τοῦ
1337 830 1671 900 οἱκτειρῆσαι
1700 829 1796 893 τὰς

223 915 408 986 ψυχὰς
440 917 618 987 ἡμῶν·

318 1009 603 1080 Ῥυόμενον
634 1011 758 1074 τοὺς
794 1011 1016 1082 βροτοὺς
1047 1011 1422 1082 αἰχμαλωσίας
1462 1016 1660 1084 νοητῆς
1711 1014 1796 1065 τὲ-

225 1115 418 1164 τοκας,
477 1100 568 1154 τὸν
621 1101 713 1154 τοῦ
760 1102 958 1165 παντὸς
1008 1104 1233 1173 Κύριον,
1273 1102 1508 1173 ἄχραντε
1554 1103 1795 1174 Παρθένε

225 1189 568 1262 πανύμνητε.

304 1283 523 1352 Νοερῶς
554 1299 614 1334 σε
659 1285 687 1335 6
717 1285 999 1354 προφήτης
1039 1285 1372 1355 προεθεώρει
1412 1271 1568 1355 νδρος,
1602 1284 1792 1354 σεμνὴ,

224 1376 552 1438 κατάσκιον,
583 1375 643 1439 ἐξ
669 1371 729 1430 οὗ
758 1377 784 1429 6
808 1377 1076 1446 Δεᾶπότης
1100 1376 1313 1447 ἀληθῶς
1339 1376 1574 1445 ἐπέφανε
1598 1378 1795 1448 σαρκὸς

225 1463 529 1534 ὁμοιότητι,
563 1463 748 1528 σώζων
773 1466 836 1519 ὲκ
868 1465 1070 1536 φθορᾶς
1095 1467 1156 1520 τὸ
1187 1465 1550 1537 ἀνθρώπινον.

302 1642 414 1714 Τὴν
453 1645 660 1698 πτῶσιν
685 1643 793 1698 τῶν
823 1644 1028 1716 βροτῶν
1061 1645 1486 1716 ὲπανώρθωσας,
1507 1646 1792 1712 Δέσποινα,

224 1731 321 1785 ἵνα
352 1734 598 1802 κυήσασα
617 1718 762 1786 ’Θεὸν
790 1735 962 1803 Λόγον
993 1734 1084 1787 τὸν
1137 1735 1261 1798 τοὺς
1312 1735 1790 1808 κατερῤαγμὲνους

224 1822 559 1893 ἐπανορθοῦν
585 1823 900 1894 δυνάμενον.

301 1915 590 1984 Νεύρωσον
621 1917 717 1984 τῆς
747 1916 926 1986 ψυχῆς
959 1935 1061 1986 μου
1107 1918 1195 1972 τὸν
1249 1920 1425 1985 τόνον,
1457 1921 1789 1992 πανάμωμε,

224 2007 297 2074 τῇ
331 2009 544 2075 συνεχεί
570 2007 799 2077 ἀμελείᾳ
829 2007 923 2060 καὶ
946 2011 1010 2079 τῇ
1055 2009 1302 2080 ἁμαρτίᾳ
1354 2011 1790 2082 κεχαυνωμένον,

226 2097 319 2151 ἵνα
350 2099 527 2151 πίστει
563 2099 655 2153 καὶ
685 2098 963 2178 προθυμίᾳ
986 2101 1175 2171 μέλπω
1205 2118 1261 2153 σε
1296 2102 1544 2158 πάντοτε.

319 2276 404 2338 Ὠς
429 2275 522 2328 τοῦ
580 2276 832 2346 Ὑψίστου
885 2280 1092 2347 θρονον,
1128 2271 1392 2349 Παρθένε,
1444 2280 1792 2351 ὐῂλὼτατον

226 2365 455 2428 πάντες,
484 2367 574 2418 καὶ
605 2366 809 2436 χρυσῆν
839 2367 1082 2436 λυχνίαν,
1117 2368 1210 2420 καὶ
1243 2367 1472 2422 κιϐωτὸν
1511 2369 1790 2437 ἀγιάσμα-

225 2473 322 2519 τος
351 2457 624 2527 ὑμνοῦμέν
655 2474 714 2510 σε
737 2473 750 2487 ·
783 2457 1131 2528 Εὐλογημένη
1174 2460 1236 2513 σὺ
1269 2461 1326 2512 ὲν
1357 2459 1590 2528 γυναιξὶ,
1623 2459 1790 2529 βοῶν·-

225 2563 344 2609 τες,
373 2548 698 2618 πανάμωμε.

303 2638 440 2700 Νοὸς
463 2641 490 2691 6
517 2639 741 2710 φρικτός
776 2657 867 2692 σου
901 2641 1122 2704 τοκετὸς
1150 2643 1276 2712 νικᾷ
1305 2642 1627 2714 κατάληψιν,
1675 2644 1791 2697 θεο-

227 2728 530 2797 χαρίτωτεσ
587 2731 720 2796 Θεὸς
788 2733 895 2806 γὰρ
955 2733 1210 2802 πέφυκεν
1250 2735 1484 2804 ἄναρχος
1535 2737 1790 2806 χρονικὴν

226 2819 408 2888 ἀρχὴν
435 2820 744 2892 δεξάμενος,
777 2823 864 2877 διὰ
918 2824 976 2877 τὸ
1029 2825 1200 2882 σῶσαι
1245 2827 1368 2889 τοὺς
1409 2827 1614 2891 πιστῶς
1644 2829 1791 2899 αὐτῷ

228 2911 679 2979 κραυγάζοντας·
721 2915 1005 2984 Εὐλογεῖτε
1060 2916 1235 2968 πάντα
1277 2917 1346 2970 τὰ
1393 2918 1528 2988 ἔργα
1581 2919 1788 2990 Κυρίου

225 3004 324 3054 τὸν
349 3001 570 3072 Κύριον.

1984 462 2261 524 Victorem,
2316 460 2660 531 Victorinum,
2707 463 2954 531 Papiam,
2989 460 3346 530 Nicephorum
3410 475 3458 514 et

1960 531 2321 600 Serapionem,
2359 531 2440 584 die
2473 530 2525 586 5.

1970 640 2027 693 ln
2059 649 2321 709 tempore,
2374 616 2637 693 Dominus
2670 641 2756 708 qui
2795 651 2879 694 est
2903 650 3052 695 extra
3092 648 3354 708 tempora,
3394 652 3459 692 ex

1900 741 1971 797 te,
2005 746 2037 785 ο
2072 732 2266 802 Virgo,
2317 732 2654 795 incarnatus,
2698 733 2977 806 hominum
3028 742 3250 803 peccata
3305 731 3457 784 multi

1899 823 2160 892 temporis
2209 823 2494 882 abolevit:
2536 837 2697 891 quem
2749 822 2990 890 impense
3043 825 3354 892 deprecare,
3402 828 3462 874 ut

1897 914 2202 967 animarum
2233 921 2546 967 nostrarum
2573 911 2917 966 misereatur.

1967 1001 2214 1058 Universi
2254 1003 2544 1058 Dominum
2592 1003 2864 1072 peperisti,
2894 1017 2924 1056 ο
2968 1001 3125 1072 Virgo
3179 1003 3454 1066 inviolata,

1896 1096 2041 1149 omni
2091 1096 2248 1150 laude
2307 1096 2663 1160 celebranda,
2717 1094 2808 1164 qui
2863 1094 3106 1150 homines
3155 1111 3184 1147 a
3231 1095 3457 1164 spiritali

1896 1188 2210 1254 captivitate
2232 1187 2502 1241 liberavit.

1966 1277 2218 1334 Praevidit
2282 1289 2333 1334 te
2394 1279 2836 1335 intellectualiter
2893 1278 3173 1348 propheta,
3224 1291 3455 1334 montem

1897 1369 2238 1437 umbrosum,
2286 1387 2319 1426 ο
2371 1374 2695 1435 veneranda,
2745 1388 2809 1425 ex
2862 1387 2970 1442 quo
3026 1371 3288 1426 Dominus
3339 1388 3460 1426 vere

1895 1461 2072 1517 illuxit
2099 1465 2151 1516 in
2188 1465 2547 1519 similitudine
2573 1465 2775 1530 carnis,
2810 1475 2868 1518 ut
2907 1465 3207 1519 humanum
3234 1479 3400 1534 genus
3431 1479 3460 1518 ιι

1896 1556 2244 1623 corruptione
2273 1555 2546 1611 liberaret.

1967 1643 2256 1698 Hominum
2310 1646 2522 1700 ruinam
2579 1645 2865 1716 reparasti,
2920 1661 2954 1701 ο
3000 1645 3251 1709 Domina,
3289 1644 3457 1700 Deum

1829 1727 1868 1781 Β
1897 1731 2132 1789 Verbum
2173 1736 2355 1799 enixa,
2395 1736 2488 1806 qui
2539 1738 2854 1792 contractos
2898 1752 2962 1792 ac
3000 1739 3240 1808 dejectos
3279 1749 3460 1809 potest

1899 1825 2060 1880 saluti
2096 1827 2408 1881 restituere.

1963 1916 2273 1971 Corrobora
2311 1918 2505 1975 animae
2535 1934 2667 1972 mea:
2698 1919 2960 1988 vigorem,
3006 1934 3038 1973 o
3069 1919 3458 1974 immaculatis-

1900 2005 2061 2069 sima,
2087 2007 2198 2076 88
2215 2006 2432 2061 assidua
2457 2007 2776 2076 negligentia
2800 2015 2850 2060 et
2875 2010 3110 2074 peccatis
3139 2008 3456 2074 relaxatum,

1901 2108 1955 2150 ut
1979 2113 2101 2151 cum
2137 2098 2240 2151 lide
2267 2105 2428 2177 atque
2454 2099 2737 2153 alacritate
2767 2097 3186 2168 semperlaudes
3217 2108 3336 2154 tuas
3365 2114 3457 2152 ca-

1899 2205 2029 2244 nere
2065 2192 2299 2259 possim.

1946 2279 2255 2350 Tanquam
2279 2281 2544 2336 Altissimi
2576 2281 2831 2334 thronum
2865 2281 3380 2348 eminentissimum,
3409 2296 3461 2338 et

1899 2371 2178 2426 lucernam
2228 2388 2468 2436 auream,
2523 2383 2687 2442 alque
2735 2388 2914 2426 arcam
2967 2374 3457 2436 sanctificationis,

1897 2463 2139 2520 universi
2175 2475 2244 2530 te,
2281 2480 2313 2518 o
2352 2464 2534 2535 Virgo,
2563 2463 3210 2528 laudamus,'clamantes
3246 2484 3258 2520 :
3290 2465 3458 2521 Bene-

1897 2557 2039 2610 dicta
2069 2566 2121 2609 tu
2157 2557 2299 2610 inter
2330 2557 2606 2622 mulieres,
2643 2571 2675 2610 ο
2705 2557 3140 2611 inviolatissima.

1967 2646 2308 2702 Tremendus
2344 2659 2534 2717 partus
2567 2658 2693 2704 tuus
2729 2649 2925 2703 mentis
2968 2658 3184 2717 captum
3213 2659 3456 2718 superat,

1898 2753 1931 2792 ο
1961 2737 2065 2793 Deo
2088 2739 2395 2808 gratissima
2426 2755 2438 2792 :
2466 2739 2607 2794 Deus
2632 2741 2775 2793 enim
2805 2740 2896 2808 qui
2921 2748 3006 2793 est
3027 2741 3145 2794 sine
3167 2740 3454 2809 principio,

1897 2829 2222 2898 principium
2282 2834 2546 2898 temporis
2581 2831 2790 2893 habuit,
2841 2839 2900 2884 ut
2937 2830 3171 2885 salvat-et
3206 2846 3320 2895 eos,
3363 2833 3456 2900 qui

1897 2935 2018 2973 cum
2043 2921 2143 2974 ﬁde
2170 2922 2407 2974 clamant
2428 2919 2492 2973 ad
2523 2921 2707 2974 illum:
2733 2920 3066 2989 Benedicite,
3092 2920 3273 2986 omnia
3295 2936 3458 2990 opera

1905 3011 2144 3078 Domini,
2181 3011 2430 3066 Domino.

299 3091 544 3160 Φέρουσα
575 3093 808 3164 Χριστὸν
858 3097 914 3149 ἐν
937 3096 1201 3165 ἀγκάλαις
1243 3096 1419 3166 σάρκα
1468 3099 1671 3170 θνητὴν
1724 3101 1788 3153 ὲκ

1966 3101 2009 3155 Ο
2042 3077 2226 3172 Virgo,
2256 3119 2375 3172 quat
2411 3103 2703 3168 Christum,
2739 3103 2828 3173 qui
2861 3120 2924 3158 ex
2955 3113 3004 3158 te
3026 3106 3305 3159 mortalem
3332 3121 3456 3161 ear-

230 3186 330 3239 σοῦ
351 3187 604 3253 λαϐόντα,
627 3189 813 3242 τοῦτον
840 3191 1161 3255 ἑκδυσώπει,
1197 3191 1457 3260 Παρθένε,
1495 3193 1792 3257 ἀθανασίας

225 3279 438 3345 τυχεῖν,
466 3278 796 3348 πανάμωμε,
820 3279 946 3341 τούς
977 3297 1040 3357 σε
1059 3281 1277 3358 ,πιστῶς
1300 3282 1674 3352 γεραίροντας,
1701 3287 1793 3338 καὶ

224 3372 490 3428 Θεοτόκον
523 3369 940 3442 μεγαλύνοντας.

1902 3209 2021 3247 nem
2061 3196 2289 3264 accepit,
2330 3195 2384 3248 in
2433 3196 2575 3250 ulnis
2623 3195 2729 3251 tuis
2778 3196 3018 3264 gestasti,
3061 3196 3309 3249 eumdem
3361 3196 3480 3250 de-.

1904 3299 2146 3353 precare,
2181 3300 2211 3337 o
2239 3286 2768 3351 immaculatissima,
2816 3295 2873 3338 ut
2916 3286 2988 3338 illi
3019 3286 3112 3355 qui
3147 3297 3197 3340 te
3229 3287 3456 3342 ﬁdeliter

1902 3376 2185 3445 honorant,
2220 3385 2272 3430 et
2326 3377 2612 3447 Deiparam
2657 3377 3023 3449 magniﬁcam,
3079 3380 3450 3436 immortalita-

1903 3475 2008 3519 tem
2042 3481 2465 3538 consequantur.
2689 3451 2699 3466 ’

890 3545 972 3598 Ex
1005 3561 1200 3599 canone
1244 3546 1298 3598 in
1330 3555 1564 3600 sanctam
1592 3561 1640 3603 et
1669 3552 2036 3611 admirabilem
2079 3559 2426 3627 Theodoram,
2455 3564 2538 3616 die
2562 3563 2593 3618 5
2623 3563 2830 3633 (58⁸⁸⁸).

308 3641 517 3696 Medere
542 3639 737 3694 anima:
772 3655 904 3693 mea:
956 3641 1160 3693 morbis
1196 3655 1260 3695 ac
1308 3643 1653 3712 passionibus
1690 3645 1793 3699 im-

229 3731 550 3792 moderatis,
583 3744 615 3785 ο
652 3727 813 3798 Virgo
838 3728 944 3782 Deo
979 3731 1301 3784 charissima
1324 3771 1337 3793 ,
1376 3742 1428 3785 et
1454 3733 1664 3786 salvum
1705 3750 1792 3788 me

235 3822 346 3883 fac.
380 3837 590 3887 precor,
613 3831 668 3874 tu
695 3835 816 3890 qttze
843 3817 1179 3874 Salvatorem
1213 3836 1276 3876 ac
1305 3820 1588 3877 Dominum
1628 3839 1791 3894 supra

227 3915 463 3969 rationis
495 3922 710 3982 captum
741 3927 969 3981 corpore
992 3912 1238 3968 induisti.

301 4003 525 4058 Matrem
567 4001 747 4066 Verbi,
777 4000 921 4070 quod
954 4010 1077 4055 ante
1105 4003 1298 4056 saecula
1325 4019 1388 4058 ex
1413 4002 1570 4059 Patre
1588 4006 1791 4076 absque
1831 4028 1838 4036 ·

224 4094 582 4162 corruptione
635 4106 935 4147 coruscans
963 4093 1257 4156 emanavit,
1287 4102 1338 4147 te
1366 4095 1537 4148 solam
1566 4099 1792 4165 agnovi-

227 4204 376 4252 mus,
406 4202 438 4239 o
468 4200 667 4254 sponsa
698 4185 790 4238 Dei
834 4183 1058 4237 illibata.
1107 4182 1394 4252 Propterea
1418 4187 1482 4239 ad
1513 4197 1561 4241 te
1590 4188 1792 4242 clama-

223 4294 352 4332 mus
377 4293 390 4334 :
415 4277 543 4340 Ave,
565 4292 596 4330 ο
629 4277 930 4331 benedicta.
948 4274 1130 4346 Teque
1146 4291 1450 4347 precamur,
1476 4287 1533 4332 ut
1565 4278 1788 4348 impleas

225 4367 430 4436 gaudio
461 4366 670 4421 animas
704 4368 941 4419 nostras.

305 4459 503 4511 Amore
529 4458 604 4511 tui
630 4457 839 4512 .allecta
875 4456 1104 4510 illustris
1151 4454 1458 4521 Theodora,
1500 4467 1617 4526 post
1653 4466 1722 4522 te,
1755 4472 1787 4512 o

225 4551 427 4619 Virgo,
477 4549 707 4603 adducta
745 4559 828 4601 est
860 4546 988 4614 Regi
1025 4563 1086 4600 ex
1138 4556 1291 4601 utero
1347 4558 1437 4602 tuo
1487 4550 1788 4615 incarnato,

223 4657 357 4696 cum
393 4641 585 4693 anima:
613 4637 977 4693 exsultatione
1009 4637 1333 4705 tripudians.

311 4730 623 4785 Voluntaria
650 4729 893 4782 attraltor
933 4735 988 4781 et
1029 4728 1240 4781 inescor
1270 4729 1532 4781 malorum
1564 4730 1786 4796 pulchro

226 4831 477 4888 aspectu,
507 4827 560 4876 et
598 4818 891 4888 coinquino
939 4817 1174 4870 animam
1233 4832 1405 4870 meam
1441 4835 1453 4869 :
1503 4829 1782 4888 propterea

223 4921 488 4968 converte
541 4926 628 4965 me
677 4908 1068 4966 intercessione
1108 4916 1229 4969 tua,
1288 4915 1340 4959 et
1387 4906 1531 4960 salva
1588 4924 1694 4975 me,
1752 4925 1784 4964 ο

223 5005 543 5078 purissima.

237 5101 347 5151 Ἐκ
375 5095 476 5149 τοῦ
505 5095 762 5160 κανόνος
791 5096 876 5159 είς
901 5093 1006 5146 τὸν
1049 5093 1215 5160 ἅγιον
1235 5089 1501 5161 μάρτυρα
1530 5077 1784 5145 Kalllo-

786 5179 920 5229 πον,
949 5163 1133 5232 ἡμέρᾳ
1164 5164 1226 5224 ζ’.

317 5280 376 5332 Ὀ
408 5279 635 5349 νεύματι
653 5276 828 5329 πάντα
858 5275 1204 5346 δημιουργῶν
1236 5277 1297 5327 ὲκ
1320 5275 1413 5328 σοῦ
1442 5276 1784 5345 σωματοῦται

228 5371 377 5440 ὑπὲρ
401 5371 579 5438 λόγον,
617 5369 807 5438 Μτῆτερ
833 5366 988 5428 Θεοῦ,
1019 5370 1045 5420 6
1077 5369 1165 5418 τὸν
1189 5367 1480 5435 ἀθλοφόρον
1511 5367 1784 5438 στεφανὼ-

234 5480 360 5526 σας,
393 5462 512 5531 μεθ’
544 5455 602 5514 οὗ
631 5458 835 5522 πιστῶς
864 5475 923 5510 σε
954 5458 1037 5510 ἀεὶ
1080 5457 1469 5528 μακαρίζομεν.

306 5682 479 5754 (58⁹·⁴>
517 5680 701 5736 Graeca
729 5681 941 5745 desunt.

1965 3650 2010 3706 Ο
2054 3654 2306 3718 Domina,
2357 3672 2479 3725 quae
2531 3657 2841 3723 Dominum,
2875 3658 3055 3712 lumen
3107 3657 3174 3712 de
3227 3657 3454 3723 lumine,

1900 3746 2176 3813 peperisti,
2213 3748 2323 3817 89
2353 3748 2592 3802 illumina
2620 3751 2857 3803 animam
2899 3766 3071 3803 meam
3121 3750 3459 3819 negligentiae

1900 3845 1951 3890 et
1991 3840 2436 3905 gravissimarum
2470 3841 2750 3908 culparum
2782 3841 3019 3894 caecitate
3053 3841 3408 3894 laborantem.

1965 3927 2332 3995 Cogitationes
2364 3940 2620 3997 tanquam
2655 3930 2884 3982 stamina
2914 3944 3034 3983 cum
3077 3930 3273 3998 gaudio
3321 3946 3454 3984 con-

1897 4016 2203 4082 glomerans
2228 4034 2290 4073 ac
2318 4035 2471 4083 nens,
2511 4019 2934 4087 pulcherrimum
2970 4017 3142 4073 Verbo
3165 4020 3456 4073 vestimen-

1893 4115 2006 4160 tum
2050 4109 2264 4161 texuisti
2324 4121 2385 4160 ex
2421 4107 2529 4161 tuis
2581 4108 2957 4175 sanguinibus,
3003 4123 3040 4162 ο
3080 4107 3264 4179 Virgo,
3305 4110 3453 4180 quod

1855 4259 1868 4267 _
1894 4198 2130 4265 gestabit
2160 4198 2209 4250 in
2241 4209 2525 4250 aeternum.

1957 4289 2201 4342 lnterlice
2232 4297 2508 4355 peccatum
2541 4297 2784 4342 nostrum
2815 4288 3018 4351 vivens,
3057 4299 3110 4343 tu
3143 4305 3260 4359 quae
3284 4291 3448 4344 vitam

1893 4394 2017 4434 vere
2049 4379 2394 4434 exsistentem
2434 4382 2710 4450 peperisti,
2741 4395 2774 4435 ο
2827 4382 2941 4435 sola
2988 4380 3153 4452 Virgo
3204 4398 3336 4451 pura
3389 4399 3452 4437 ac

1891 4471 2201 4534 benedicta,
2240 4480 2299 4524 ut
2327 4479 2375 4525 te
2412 4471 2698 4526 laudemus
2738 4487 2834 4540 per
2868 4473 3123 4528 universa
3162 4473 3381 4526 saecula.

1961 4562 2106 4616 Luce
2134 4563 2312 4616 vultus
2357 4563 2433 4616 tui
2483 4563 2730 4617 illumina
2770 4563 3037 4632 iacentem
3100 4565 3153 4618 in
3216 4564 3451 4618 tenebris

1891 4656 2232 4725 passionum,
2267 4669 2299 4708 o
2329 4664 2481 4722 porta
2528 4655 2663 4710 lucis
2704 4655 2983 4725 spiritalis.
3015 4653 3094 4710 Ne
3133 4671 3217 4710 me
3261 4657 3450 4724 depre-

1890 4748 2093 4801 hendat
2127 4756 2178 4800 et
2217 4747 2456 4801 involvat
2492 4762 2599 4802 nox
2643 4749 2856 4812 mortis,
2886 4764 2916 4801 o
2953 4757 3099 4802 casta
3142 4747 3384 4811 Domina,
3417 4764 3445 4802 a

1891 4853 1997 4908 qua
2031 4838 2226 4893 salutis
2257 4855 2390 4893 meae
2419 4854 2542 4909 spes
2577 4840 2792 4910 penitus
2825 4841 3193 4895 abscindatur.

1964 5099 2047 5153 Ea:
2095 5118 2289 5156 canone
2323 5104 2372 5156 in
2408 5103 2468 5158 S.
2511 5102 2806 5170 Calliopam
2833 5112 3133 5171 martyrem,
3173 5099 3253 5151 die
3289 5098 3336 5150 7.

1963 5277 2066 5343 Qui
2100 5288 2232 5332 nutu
2269 5279 2511 5333 condidit
2564 5276 2837 5342 universa,
2892 5293 2956 5330 ex
3014 5284 3062 5327 te
3104 5271 3444 5324 ineﬂ'ahiliter

1891 5381 2087 5434 corpus
2116 5369 2429 5437 assumpsit,
2458 5382 2488 5420 ο
2516 5366 2608 5420 Dei
2631 5364 2799 5422 Mater
2819 5408 2834 5432 ,
2864 5365 2950 5434 qui
2975 5370 3262 5429 martyrem
3285 5376 3441 5413 suum

1895 5458 2150 5512 victorem
2193 5460 2506 5522 certaminis
2533 5462 2830 5524 coronavit,
2865 5474 2983 5512 cum
3013 5470 3117 5523 quo
3149 5467 3362 5522 semper
3394 5461 3444 5508 te

1894 5547 2122 5603 ﬁdeliter
2147 5549 2555 5606 beatiﬁcamus.’
2589 5542 2592 5544 ’
