3936 6304
214 244 363 311 1093

1647 236 2009 299 MARIALE.

3322 233 3458 298 1074

210 385 298 423 σει
361 361 714 427 πεπτωκότας
788 360 1136 428 ἀνεζιὶκυσεν,
1194 357 1334 427 ἀγνη
1385 352 1783 424 ὰογεννῆτορί

1920 371 2006 410 sca
2071 368 2166 408 eos
2227 352 2320 423 qui
2375 365 2470 420 per
2523 367 2703 409 escam
2745 353 3080 417 ceciderant,
3132 366 3283 406 ιιυνω
3338 355 3459 408 vitae

283 539 355 601 Σὲ
399 543 729 616 προστασίαν
778 540 1010 613 ἔχοντες,
1042 538 1301 610 ἀχραντε,
1354 537 1404 590 ol
1447 534 1622 590 δοῦλοί
1663 553 1780 600 σου,

204 639 310 692 καὶ
339 637 474 708 πρὸς
499 635 589 690 τὸν
618 635 746 688 Υίόν
776 650 870 686 σου
930 633 1068 703 μετά
1097 630 1229 684 Θεὸν
1283 630 1507 700 μεσίτην
1549 627 1779 683 ἀκαται-

205 745 460 800 σχυντον,
525 724 788 781 κινδύνων
856 725 1003 794 ἡμᾶς
1093 721 1234 786 σῶζε
1288 722 1382 775 καὶ
1436 720 1777 792 πειρασμῶν,

205 821 415 891 σεμνὴ,
459 820 546 872 ῐνα
575 816 758 870 πίστει
794 817 889 870 καὶ
919 813 1071 885 πόθῳ
1104 815 1189 868 άεί
1222 832 1281 867 σε
1309 814 1640 884 δοξάζωμεν.

283 989 623 1060 Φλογοφόρος
647 988 721 1052 ὡς
751 987 908 1048 λασὶς
945 984 1188 1050 ύπεδέξω
1217 986 1274 1039 ἐν
1308 985 1505 1054 γαστρὶ
1534 982 1779 1050 ἄνθρακα

205 1081 307 1134 τὸν
343 1082 552 1152 νοητὸν,
585 1079 994 1149 καταφλέγοντα
1025 1077 1184 1149 ἡμῶν
1226 1076 1296 1129 τὰ
1329 1077 1498 1145 πάθη,
1545 1076 1638 1126 καὶ
1666 1091 1781 1142 φω-

208 1174 437 1248 τίζοντα
461 1160 560 1236 τὰς
588 1170 766 1242 ψυχάς
797 1170 975 1240 ήμῶν,
1005 1169 1100 1222 καὶ
1138 1169 1333 1222 λύοντα
1371 1167 1433 1219 τὸ
1466 1167 1654 1226 σκότος
1683 1165 1782 1250 τῆς

207 1264 631 1336 είδωλομανίις,
662 1264 900 1332 άχραντε
939 1259 1204 1333 Παρθένε,
1237 1259 1605 1329 πολυΰμνητε,
1650 1255 1697 1285 τ’

218 1490 325 1543 Ἐκ
347 1489 452 1544 τοῦ
473 1488 729 1554 κανόνος·
745 1489 830 1552 εις
852 1485 956 1540 τὸν
973 1485 1144 1555 ἅγιον
1156 1481 1426 1555 μάρτυρα
1447 1479 1780 1549 Εῠψιύχιον,

566 1559 670 1612 τὸν
692 1553 760 1611 ἐν
784 1553 1126 1625 Καισαρείᾳ,
1160 1555 1346 1623 ἡμέρᾳ
1374 1553 1439 1604 θ’.
1689 1555 1692 1560 ’

286 1674 498 1745 Σαρκδς
541 1672 844 1744 ὁμοιώματι
878 1668 1156 1739 γεννηθεὶς
1195 1670 1258 1721 ἐκ
1290 1665 1384 1720 σοῦ
1431 1667 1460 1718 ό
1507 1663 1782 1734 Δεσπότης
1813 1710 1855 1766 Β

206 1767 613 1838 ὲκαινούργησε
659 1765 755 1834 τὴν
786 1763 940 1834 ἡμῶν
973 1759 1456 1828 πεπαλαιωμένην,
1486 1756 1644 1828 κόρη,
1678 1755 1782 1825 φύ-

209 1877 325 1924 σιν,
358 1859 449 1911 καὶ
481 1859 604 1920 τοὺς
629 1856 857 1925 θνητοὺς
883 1852 1166 1924 οὐρανίους
1205 1851 1514 1922 εἰργάσατο.

291 1951 498 2020 ’Υμνον
539 1951 888 2020 χαριστήριον
925 1945 1032 1998 τῶν
1061 1943 1308 2015 ἀθλητῶν
1339 1941 1496 2013 χορὸς
1529 1940 1644 2013 ᾅδει
1679 1957 1779 2006 σοι,

208 2039 356 2109 κόρη
386 2037 579 2110 σεμνή,
609 2036 704 2090 σοῦ
739 2039 860 2099 ταῖς
888 2035 1132 2105 ὀδηγίαις
1151 2032 1444 2104 νικηφόρος
1471 2030 1781 2101 γενόμενος.

303 2213 613 2286 ’Υπερτέρα
640 2212 923 2284 δυνάμεων
951 2210 1061 2264 τῶν
1106 2207 1447 2278 ἐπουρανίων
1478 2207 1542 2260 σὺ
1566 2222 1782 2276 χρημα-

208 2309 436 2370 τίσασα,
474 2307 754 2380 σαρκικῶν
786 2302 976 2359 παθῶν
1008 2303 1305 2374 ὑπέρτερον
1329 2299 1422 2353 τὸν
1461 2299 1614 2369 ἐμὸν,
1637 2299 1786 2369 Παρο

212 2401 364 2463 Οένε,
394 2386 518 2454 νοῦν
552 2397 848 2463 ἀνάδειξον.

304 2493 476 2582 ’Υνπὲρ
498 2492 605 2544 τῶν
633 2491 712 2554 είς
747 2491 806 2542 σὲ
845 2488 944 2552 τὰς
972 2485 1215 2549 ἐλπίδας,
1252 2471 1784 2545 πάντωνΔὲσποινα,

216 2573 578 2653 κεκτῆμένων
638 2581 856 2636 πάντων
926 2577 1216 2649 πρέσϐευε,
1289 2577 1439 2639 ὅπως
1488 2573 1786 2644 μελλούσης

216 2673 589 2742 λυτρωθῶμεν
626 2667 1024 2742 κατακρίσεως.

309 2765 644 2835 ’Δνόρθωσον
675 2761 1074 2832 συμπτωθέντα
1102 2776 1167 2830 με
1200 2759 1343 2823 ὅλον,
1366 2756 1442 2820 ὡς
1472 2757 1584 2818 τοῖς
1620 2754 1790 2809 πάθεα

221 2873 312 2908 σιν
345 2856 631 2920 ἀνοίξαντα
665 2854 855 2928 θύραν,
889 2854 981 2907 καὶ
1019 2855 1087 2923 τῇ
1118 2853 1176 2904 ὲν
1207 2850 1290 2903 σοὶ
1331 2848 1508 2919 ἀγαθῇ
1545 2847 1792 2918 μεσιτεία

221 2948 366 3018 πρὸς
407 2947 696 3017 μετανοίας
721 2946 961 3007 είσόδους
989 2943 1275 3012 εἰσάγαγε,
1321 2941 1416 2993 καὶ
1447 2934 1619 2992 σῶσόν
1661 2956 1728 3010 με
1755 2939 1790 3008 ή

218 3039 319 3093 τοῦ
349 3038 546 3102 παντὸς
574 3038 667 3091 τὸν
690 3036 918 3109 Σωτῆρα
945 3035 1178 3088 τεκοῦσα
1207 3033 1299 3086 καὶ
1326 3032 1551 3102 Κύριον.

305 3219 468 3290 Ὄρος
501 3218 788 3288 προφήτης
815 3214 1016 3285 Δανιήλ
1054 3231 1113 3267 σε
1155 3212 1286 3282 θείῳ
1338 3209 1616 3280 Πνεύματι
1655 3207 1786 3261 ἑκά-

217 3306 370 3370 λεσε,
431 3306 699 3377 Παρθένε,
738 3304 797 3369 ἐξ
844 3300 905 3358 οὗ
941 3303 1087 3366 λίθος
1141 3300 1376 3371 Χριστὸς
1425 3300 1550 3352 ἄνευ
1609 3298 1790 3368 χειρὸς

219 3400 460 3469 ἐτμήθη,
495 3398 590 3452 καὶ
628 3395 922 3467 συντριόὴν
979 3395 1277 3464 εἰργάσατο
1306 3393 1418 3447 τῶν
1448 3391 1654 3458 ξοάνων
1690 3389 1790 3460 τῆς

219 3492 457 3560 ἀπάτης.

295 3581 595 3651 Συμπαθὴς
640 3579 922 3651 Παρθένε,
975 3577 1150 3649 ή·τδν
1195 3577 1644 3648 συμπαθέστατον
1702 3593 1792 3628 τε⁹

220 3672 398 3726 κοῦσα
427 3671 618 3740 Λόγον,
642 3672 742 3737 ,τδν
781 3669 1082 3740 ἀσυμπαθῆ
1106 3686 1173 3739 με
1198 3667 1408 3740 δωρεάν
1429 3667 1789 3737 οίκτείρησον,

220 3762 651 3832 ἀπεγνωσμένον
710 3762 1044 3830 πταίσμασιν
1088 3759 1369 3830 ἀμέτροις,
1406 3761 1498 3811 καὶ
1545 3757 1621 3828 μὴ
1672 3758 1792 3809 ἑπι-

223 3837 553 3923 στρέφοντα,
595 3853 709 3907 ἀλλ’
746 3856 804 3908 ὲν
848 3853 1092 3926 ῥᾳθυμίᾳ
1116 3853 1204 3906 τδν
1238 3852 1350 3923 βίον
1375 3849 1717 3904 δαπανῶντα.

298 4039 445 4094 Φωτὶ
475 4040 571 4107 τῆς
607 4036 894 4108 μετανοίας
922 4035 1178 4103 αὗγασον,
1204 4033 1466 4103 Ηαρθενε,
1489 4033 1585 4103 τῇ
1613 4032 1794 4103 ἀμαρ-

217 4133 349 4195 τίας
374 4131 527 4185 νυκτί
566 4147 632 4200 με
677 4129 1058 4199 σκοτούμενον,
1108 4127 1204 4181 καὶ
1269 4124 1543 4198 ῥᾳθυμίας
1595 4125 1791 4196 ὁμίχλῃ

222 4223 578 4292 συγκαλυπτό
585 4238 763 4292 μενον.

235 4362 346 4434 Ἑξι
374 4358 480 4413 τοῦ
518 4357 777 4434 κανόνος
826 4321 913 4419 είς
934 4353 1078 4434 Ξομξς
1106 4345 1315 4422 ἁγίους(
1351 4349 1658 4434 μᾴρτυρας
1699 4351 1793 4434 τε·
1821 4374 1874 4434 D

249 4417 902 4500 [λέντιον-,Πομπόκιοὴ
929 4417 1271 4492 Μάξιμονκ.
1302 4417 1444 4475 τξλ.
1478 4417 1665 4489 ἡμέρᾳ
1698 4425 1749 4470 ι’.

315 4561 501 4634 ’Υμνῶ
535 4578 616 4629 σε,
652 4560 921 4631 Παρθένε,
950 4561 1032 4613 ὅτι
1063 4557 1228 4623 Θεὸν,
1276 4554 1592 4626 πανύμνητε
1636 4554 1794 4624 μόνη.

221 4655 602 4722 ὲσωμάτωσας
634 4653 697 4705 ὲκ
730 4649 839 4704 τῶν
865 4651 1064 4722 τιμίων
1093 4649 1203 4702 σῶν
1228 4648 1499 4717 αἱμάτων,
1535 4645 1793 4713 παναγία,

224 4747 328 4801 καὶ
360 4745 500 4816 ὑπὲρ
538 4743 693 4813 λόγον
729 4742 970 4814 φρικτῶς
1008 4740 1352 4810 άπεκύησας.

307 4931 486 4984 Σῶσόν
507 4948 594 5000 με,
616 4930 868 4999 κυήσασα
890 4928 979 4981 τὸν
1001 4924 1347 4997 ύπεράγαθον
1370 4922 1595 4994 Κύριον,
1622 4921 1797 4993 μῆτερ

227 5023 402 5093 ἁγνὴ,
434 5021 640 5076 παῦσον
666 5022 763 5091 τῆς
794 5020 968 5092 ψυχῆς
1001 5037 1102 5091 μου
1135 5017 1504 5088 πολυτάραχον
1533 5015 1794 5069 κλύδωνα.

305 5203 396 5269 Σὲ,
428 5201 737 5272 πανάμωμε
769 5200 1056 5263 Δέσποινα,
1086 5197 1412 5268 πειρασμοῖς
1434 5195 1796 5266 κυκλούμενος

230 5298 318 5361 si;
368 5295 618 5367 βοήθειαν
657 5291 1118 5362 προσκαλοῦμαι·
1176 5288 1428 5354 σπεῦσον,
1480 5288 1651 5341 σῶσόν
1706 5305 1796 5358 με,

229 5390 330 5444 τὸν
360 5389 588 5457 Σωτῆρα
619 5387 790 5453 Λόγον
823 5387 854 5455 ἡ
882 5387 1154 5455 κυήσασα.

305 5479 684 5549 Λυτρούμενος
714 5476 1006 5544 ὲπέφανεν.
1042 5475 1300 5546 ἀχραντε,
1334 5474 1361 5525 ὁ
1400 5472 1525 5534 Υίός
1575 5490 1669 5525 σου
1705 5475 1800 5529 ἇν-

231 5572 459 5638 ῆρωπος
495 5571 786 5640 γενόμενος
841 5566 1160 5637 ἀνθρώπους
1184 5565 1412 5627 πάντας,
1465 5565 1796 5636 πανάμωμε.

310 5659 626 5715 Κατάσκιον
660 5655 915 5729 προεώρα
951 5674 1008 5710 σε
1043 5655 1168 5729 ὅρος
1213 5661 1242 5711 ὁ
1283 5653 1564 5726 προφήτης
1605 5655 1799 5711 ’Λύσα-

1889 448 2152 502 restituit.

1959 539 2097 594 Cum
2132 547 2202 603 te,
2234 555 2266 592 ο
2292 540 2634 602 intemerata,
2660 554 2761 594 nos
2787 539 2928 594 servi
2965 539 3042 592 lui
3078 538 3457 608 protectricem

1890 632 2031 701 apud
2063 630 2262 685 Filium
2292 638 2468 696 tuum,
2498 646 2563 686 ac
2608 631 3004 692 mediatrieem,
3040 648 3159 700 qum
3193 646 3299 684 non
3331 646 3460 684 con-

1892 721 2166 785 funditur,
2199 731 2322 791 post
2356 720 2522 775 Deum
2573 720 2868 776 habeamus
2904 737 2919 774 :
2957 722 3121 774 libera
3171 736 3269 773 nus
3300 735 3327 772 a
3363 736 3458 789 pe-

1889 814 2078 869 riculis
2111 823 2164 868 et
2197 814 2608 876 tentationibns,
2637 820 2695 865 ut
2725 821 2794 875 te,
2828 828 2860 866 0
2882 814 3214 875 veneranda,
3244 827 3459 880 semper

1892 919 2014 960 Cum
2048 905 2152 960 (ide
2173 915 2224 960 et
2251 905 2446 959 all'ectu
2488 903 2874 976 glorificemus.

1963 993 2242 1065 Tanquam
2278 995 2492 1065 forceps
2518 995 2842 1048 ﬂammifera
2883 996 3171 1064 suscepisti
3209 995 3260 1048 in
3299 1004 3460 1047 utero

1889 1088 2182 1142 carbonem
2204 1088 2628 1157 spiritalem,qui
2659 1088 2937 1156 passiones
2967 1098 3179 1141 nostras
3227 1088 3459 1139 combu-

1890 1175 1992 1238 rit,
2025 1177 2236 1231 animas
2267 1189 2480 1232 nostras
2522 1177 2814 1240 illuminat,
2854 1185 2907 1229 et
2959 1176 3270 1229 idololatriae
3312 1184 3458 1226 teneo

1889 1266 2018 1320 bras
2047 1267 2338 1332 dissolviti,
2386 1285 2417 1322 o
2437 1267 2601 1341 Virgo
2623 1269 2904 1333 inviolata,
2934 1267 3182 1336 plurimis
3212 1265 3460 1318 laudibus

1889 1359 2236 1415 celebranda.

1891 1489 1976 1544 Ea:
2029 1509 2227 1548 canone
2257 1495 2307 1548 in
2343 1493 2403 1550 S.
2446 1493 2803 1565 Eupsyrhium
2834 1502 3117 1566 martyrem
3158 1494 3457 1550 Caesarien-

2517 1583 2647 1630 sem,
2677 1567 2760 1619 die
2791 1567 2842 1621 9.

1960 1674 2226 1730 Dominus
2257 1675 2312 1729 in
2346 1677 2702 1732 similitudine
2726 1679 2906 1732 carnis
2928 1678 3146 1747 genitus
3182 1694 3244 1732 ac.
3273 1689 3454 1744 natus,

1886 1782 1919 1820 ο
1956 1767 2155 1836 puella,
2187 1777 2432 1821 naturam
2471 1779 2711 1822 nostram
2765 1771 3117 1823 inveteratam
3156 1773 3455 1838 renovavit,

1887 1866 2050 1925 atque
2089 1873 2205 1921 eos,
2232 1858 2320 1928 qui
2364 1860 2620 1913 mortales
2649 1869 2823 1922 erant,
2859 1861 3111 1914 caelestes
3139 1861 3338 1915 elTecit.

1958 1947 2230 2019 Hymnum
2265 1950 2317 2004 in
2344 1953 2642 2020 gratiarum
2684 1951 2954 2004 actionem
2989 1959 3286 2021 martyrum
3320 1952 3459 2006 Cho-

1887 2054 1983 2094 rus
2019 2040 2114 2094 tibi
2150 2041 2316 2104 canit.
2350 2056 2382 2094 ο
2414 2041 2590 2110 puella
2625 2041 2957 2107 veneranda,
3000 2057 3149 2108 nam,
3205 2050 3255 2095 te
3293 2041 3454 2109 duce,

1886 2131 2172 2185 victoriam
2199 2143 2534 2188 consecutus
2569 2143 2675 2188 est.

1911 2221 2061 2288 ~Tu,
2107 2239 2227 2294 quae
2274 2226 2576 2280 cmlestium
2631 2228 2962 2294 potestatum
3031 2227 3317 2282 sublimior
3373 2244 3453 2295 es,

1886 2315 2058 2376 eﬂice,
2095 2330 2129 2369 ο
2169 2313 2350 2386 Virgo,
2395 2325 2630 2369 mentem
2679 2306 2855 2370 meam
2885 2317 3198 2373 carnalibus
3256 2333 3456 2374 concu—

1887 2405 2169 2476 piscentiis
2209 2405 2571 2474 superiorem.

1957 2494 2001 2550 Ο
2034 2495 2279 2549 omnium
2308 2495 2553 2558 Domina,
2604 2492 2879 2547 intercede
2911 2508 3008 2563 pro
3050 2496 3329 2557 omnibus,
3365 2495 3458 2565 qui

1892 2585 1947 2638 in
1992 2593 2047 2639 te
2080 2601 2206 2654 spes
2238 2601 2367 2641 suas
2393 2585 2819 2650 collocaverunt,
2853 2592 2912 2638 ut
2953 2600 2982 2639 a
3015 2584 3194 2639 futura
3231 2586 3461 2640 damna-

1893 2675 2041 2728 tione
2077 2674 2396 2728 liberentur.

1963 2763 2124 2835 Erige
2169 2780 2274 2829 me,
2332 2764 2424 2834 qui
2481 2773 2627 2819 totus
2682 2764 2867 2832 lapsus
2913 2780 3057 2828 sum,
3115 2763 3315 2834 quippe
3368 2765 3461 2834 qui

1892 2855 2244 2926 passionibus
2279 2855 2504 2926 januam
2563 2855 2775 2925 aperui,
2839 2866 2892 2910 et
2928 2856 3313 2926 benignissima
3348 2873 3465 2911 me-

1893 2947 2133 3003 diatione
2191 2955 2283 3000 tua
2327 2947 2392 3001 ad
2444 2947 2552 3017 92
2591 2946 2926 3015 peenitcntiae
2963 2947 3244 3017 ingressus
3275 2949 3462 3015 induc

1814 3036 1858 3097 C
1901 3052 2008 3103 me,
2035 3044 2088 3090 et
2138 3036 2286 3092 salva
2324 3050 2410 3090 me
2459 3045 2536 3102 tu,
2573 3051 2694 3105 quae
2735 3036 2978 3090 omnium
3011 3035 3347 3091 Salvatorcm
3402 3052 3466 3092 ac
3567 3046 3573 3054 '

1894 3127 2185 3183 Dominum
2221 3125 2499 3197 peperisti.

1970 3219 2239 3287 Propheta
2275 3218 2462 3272 Daniel
2494 3217 2682 3271 divino
2723 3217 2928 3286 Spiritu
2958 3217 3190 3282 aillntus,
3219 3228 3478 3275 montem

1896 3321 1946 3366 te
1996 3312 2236 3376 vocavit,
2277 3326 2309 3366 ο
2341 3310 2531 3380 Virgo,
2574 3325 2638 3363 ex
2690 3325 2801 3378 quo
2854 3309 2988 3378 lapis
3042 3311 3295 3365 Christus
3345 3314 3464 3368 sine

1895 3396 2148 3452 manibus
2178 3396 2456 3451 abscissus
2499 3406 2602 3461 est,
2628 3398 2721 3465 qui
2754 3397 3046 3452 simulacra
3085 3400 3289 3454 erroris
3328 3416 3462 3454 cou-

1896 3489 2062 3542 trivit.

1963 3581 2006 3634 0
2031 3578 2195 3650 Virgo
2217 3580 2597 3650 compassione
2624 3589 2836 3644 ornata,
2857 3594 2976 3648 qua:
2997 3578 3228 3634 Verbum
3254 3596 3466 3635 summa

1895 3675 2278 3742 compassione
2339 3672 2559 3742 plenum
2631 3671 2912 3742 peperisti,
2966 3688 3052 3725 me
3086 3675 3468 3742 compassione

1893 3772 2174 3822 carentem
2198 3763 2609 3828 commiserare,
2633 3763 2701 3816 ob
2733 3763 3048 3816 innumeros
3072 3763 3256 3832 lapsus
3281 3764 3472 3839 despe-

1895 3865 2099 3920 ratum,
2132 3845 2184 3908 et
2225 3869 2569 3924 nequaquam
2598 3854 2666 3907 de
2702 3853 3064 3907 conversione
3109 3855 3465 3922 cogitantem,

1895 3948 1988 4005 sed
2025 3949 2076 4002 in
2115 3946 2435 4016 negligentia
2472 3947 2635 3999 vitam
2669 3946 3070 4001 absumentem.

1958 4040 2105 4095 Luce
2152 4038 2486 4109 ptenitentiac
2535 4037 2745 4091 illustra
2803 4051 2910 4099 me,
2945 4051 2978 4090 ο
3028 4035 3214 4104 Virgo,
3261 4036 3466 4106 peccati

1898 4141 2055 4184 nocte
2086 4127 2517 4192 obtenebratum,
2550 4136 2604 4182 et
2628 4127 2967 4197 negligentiae
2996 4125 3208 4181 nebulis
3243 4141 3470 4196 cooper-

1898 4231 2029 4276 tum.

1903 4355 1985 4410 Ex
2021 4354 2234 4409 Conone
2271 4355 2324 4407 in
2373 4351 2472 4407 SS.
2502 4351 2638 4406 Mill.
2712 4351 3035 4414 Terentium,
3087 4349 3460 4418 Pomponium,

2340 4422 2636 4477 Maximum
2674 4433 2796 4487 etc.,
2828 4424 2912 4474 die
2944 4423 3030 4475 10.

1975 4559 2162 4615 Laudo
2197 4565 2272 4622 te:
2304 4555 2517 4630 oVirgo
2551 4558 2662 4612 sola
2696 4558 2843 4613 omni
2878 4557 3038 4612 laude
3064 4556 3380 4626 dignissima
3406 4573 3469 4612 ac

1905 4650 2279 4714 sanctissima,
2311 4649 2574 4718 quoniam
2608 4647 2777 4703 Deum
2813 4661 2875 4702 ex
2905 4647 3159 4718 pretiosis
3191 4647 3471 4716 sanguini-

1906 4744 2004 4798 bus
2039 4743 2145 4796 tuis
2193 4741 2516 4810 corporasti,
2553 4749 2604 4796 et
2661 4755 2824 4808 supra
2871 4739 3099 4794 rationis
3149 4747 3468 4807 conceptum

1904 4837 2236 4893 formidabili
2284 4836 2496 4890 ratione
2525 4835 2806 4906 peperisti.

1981 4928 2137 4983 Salva
2169 4943 2278 4990 me,
2311 4925 2481 4980 Mater
2525 4935 2698 4990 casta,
2729 4939 2849 4994 qua:
2879 4921 3144 4992 optimum
3181 4919 3468 4972 Dominum

1911 5022 2208 5090 concepisti
2249 5038 2261 5073 :
2291 5020 2417 5074 seda
2446 5020 2638 5073 anima:
2668 5031 2800 5071 meae
2840 5015 3213 5086 multipliciter
3268 5013 3470 5064 tumul-

1906 5125 2144 5169 tuantem
2177 5112 2498 5183 procellam.

1979 5201 2075 5262 Te,
2125 5216 2157 5254 ο
2215 5200 2442 5255 Domina
2491 5208 2600 5253 tota
2652 5197 3020 5262 immaculata,
3084 5192 3470 5247 tenlalionibus

1904 5293 2350 5349 circumvallatus
2399 5293 2451 5346 in
2501 5290 2763 5345 auxilium
2824 5291 3030 5344 advoco
3082 5304 3094 5339 :
3143 5285 3360 5347 festina,
3413 5294 3468 5337 et

1906 5389 2052 5440 salva
2091 5401 2196 5449 me,
2235 5394 2288 5438 tu
2325 5400 2445 5452 quae
2478 5382 2713 5437 Verbum
2744 5381 3081 5434 Salvatorem
3122 5378 3393 5444 peperisti.

1975 5474 2018 5528 Ο
2045 5473 2322 5541 inviolata,
2353 5482 2415 5528 ac
2441 5483 2547 5528 tota
2573 5473 2939 5530 immaculata,
2967 5471 3106 5521 ﬁlius
3137 5476 3260 5520 tnus
3293 5466 3470 5520 factus

1908 5569 2073 5622 homo
2105 5567 2378 5636 apparuit,
2406 5575 2463 5620 ut
2491 5565 2774 5619 universos
2808 5562 3052 5616 homines
3084 5558 3360 5613 liberaret.

1980 5657 2219 5714 Montem
2250 5660 2566 5714 umbrosum
2613 5655 2857 5727 prazvidit
2895 5662 2945 5706 te
2976 5651 3237 5722 pr0pbcla
3289 5649 3473 5705 Abbe—
