3936 6304
519 217 653 284 109-5

1640 218 1700 278 S.
1743 215 2049 280 JOSEPHI
2091 214 2656 278 HYMNOGRAPHI‘

3629 210 3789 272 1036

515 353 636 400 cnc,
677 352 709 392 0
736 336 990 407 Deipara,
1020 352 1084 392 ex
1117 351 1226 407 quo
1277 335 1421 392 Deus
1449 336 1793 392 ineﬂ‘abiliter
1823 333 2088 404 processit

2225 334 2353 403 οὺμ,
2395 332 2648 393 Θεοτόκε,
2699 329 2764 382 ὲκ
2807 328 2902 381 σοῦ
2951 326 3079 390 Θεὸς
3119 327 3258 398 ὑπὲρ
3301 325 3459 395 λόγον
3523 325 3790 398 προῆλθε

520 429 858 493 incarnatus,
894 430 1268 500 mundumque
1301 430 1550 496 salvavit,
1593 428 1720 484 dum
1749 427 2086 498 'gravissima

521 533 868 592 peccatorum
905 523 1144 591 proceila
1175 521 1567 591 exagitarctur.

591 613 820 666 Humani
840 613 1056 683 generis
1079 614 1378 682 principes,
1403 614 1494 683 qui
1518 613 1646 668 olim
1677 613 1746 668 ob
1768 610 2087 668 fmdissimac

521 706 970 774 transgressionis
998 704 1103 774 93
1135 704 1390 759 delictum
1421 703 1777 766 deﬂuxerant,
1809 713 1885 767 tu,
1913 717 1945 756 ο
1967 701 2091 755 Dei-

2195 424 2635 495 σεσαρκωμένος,
2665 422 2758 476 καὶ
2789 422 2990 492 κόσμον
3020 419 3243 473 διέσωσε
3279 420 3355 489 τῷ
3387 419 3631 472 κλύδωνι
3677 419 3786 488 τῆς

2188 516 2428 587 χαλεπῆς
2457 511 2728 584 ἁμαρτίας
2751 513 2939 576 δεινῶς
2965 511 3337 583 συνεχόμενον.

2270 607 2601 671 Ῥεύσαντας
2664 605 2831 659 πάλαι
2883 607 3010 667 τοὺς
3070 604 3342 674 γενάρχας
3394 602 3790 672 παραδάσεως

2206 700 2406 754 ἀτόπου
2438 698 2807 770 πλημμελείᾳ,
2843 699 2902 750 ἐν
2947 698 3099 768 νηδύϊ
3132 695 3382 767 έΧριστὸν
3446 696 3792 766 egissemus;

522 813 673 866 para,
709 798 762 850 in
811 808 965 851 utero
1004 795 1285 851 Christum
1331 797 1447 853 sine
1477 796 1717 851 ﬂuxione
1755 794 2087 863 concipiens,

2229 790 2554 856 υλλαϐοὖσα,
2586 791 2719 861 πρὸς
2750 789 2847 862 τήν
2880 789 3022 860 ζωὴν
3062 790 3339 860 ἀνήγαγες
3368 790 3469 858 τὴν
3503 790 3788 858 ἀρχαῖσιν,

525 889 592 943 ad
622 889 784 942 vitam
817 888 1092 957 antiquam
1123 889 1417 944 revocasti.

592 979 842 1031 Animam
907 992 1085 1032 meam
1150 988 1423 1032 mortuam
1483 975 1725 1041 viviﬁca,
1795 976 2086 1045 collapsam

2191 883 2441 935 Θεοτόκε.

2262 973 2696 1044 Νενεκρωμένην
2739 974 2978 1038 ζώωσον,
3035 975 3389 1027 πεπτωκυῖαν
3435 974 3785 1042 ἀνάστησον,

521 1069 794 1122 exsuscita
823 1108 839 1136 ,
868 1068 1205 1122 vulneratam
1237 1084 1388 1134 sana,
1419 1081 1451 1120 ο
1496 1066 1934 1132 inviolatissima,
1977 1067 2092 1119 Ian-

2226 1065 2734 1138 ετραυματισμένην
2765 1066 2863 1137 τὴν
2901 1066 3081 1137 ψυχήν
3133 1083 3235 1136 μου
3272 1055 3426 1117 ίασαῖ
3469 1068 3536 1134 τῇ
3571 1066 3785 1134 λόγχῃ,

523 1175 615 1214 cea
647 1161 757 1225 illa,
785 1177 907 1230 qua:
942 1161 1162 1232 dignum
1206 1159 1504 1214 Salvatoris
1555 1175 1620 1213 ex
1653 1169 1807 1212 utero
1856 1167 1949 1213 tuo
1980 1158 2092 1213 nati

2193 1157 2522 1229 πανάμωμε,
2591 1161 2657 1228 τῇ
2710 1159 3018 1231 κεντησάσῃ
3065 1157 3213 1211 Θείαν
3282 1157 3524 1227 πλευράν
3569 1156 3666 1208 τοῦ
3723 1159 3790 1208 ὲκ

523 1248 664 1305 latus
693 1250 999 1305 vulneravit
1053 1266 1065 1302 :
1107 1265 1264 1318 quem
1323 1248 1475 1318 pueri
1506 1249 1869 1314 benedicunt,
1909 1263 2095 1302 sacer-

2225 1251 2429 1321 ἀστρός
2457 1268 2549 1304 σου
2585 1250 2964 1322 σαρκωθέντος
2999 1252 3272 1321 Σωτῆρος,
3301 1250 3359 1302 ὃν
3388 1249 3582 1312 παῖδες
3614 1247 3790 1300 εὐλο-

524 1341 680 1395 dotes
727 1341 969 1407 laudant,
1004 1344 1187 1412 populi
1241 1343 1648 1412 superexaltant
1678 1342 1730 1394 in
1767 1340 1949 1394 omnia
1988 1355 2091 1396 sae-

523 1433 669 1487 cula.

595 1523 866 1590 lllumina,
902 1538 934 1578 o
964 1534 1118 1595 porta
1153 1525 1314 1592 lucis,
1340 1527 1577 1582 animam
1612 1541 1786 1581 meam
1846 1524 2097 1596 gravissi-

523 1615 630 1671 mis
678 1618 1174 1686 transgressionum
1233 1619 1471 1675 tenebris
1514 1620 1855 1675 obscuratam
1916 1631 2094 1686 ac'pe-

525 1708 856 1763 riclitantem
891 1727 905 1763 :
936 1718 990 1764 et
1026 1709 1112 1765 fac
1144 1727 1229 1766 me
1260 1711 1458 1767 divinae
1510 1711 1613 1766 dici
1668 1712 2006 1781 participem,
2039 1719 2095 1765 ut

526 1798 822 1870 gloriﬁccm
861 1809 933 1868 te,
992 1819 1023 1857 ο
1066 1805 1432 1874 patrocinium
1487 1805 1748 1871 ﬁdelium,
1805 1805 1947 1876 quod
1992 1820 2097 1859 non

527 1893 899 1948 confunditur.

528 2005 614 2060 Ea:
684 2023 881 2062 canone
929 2007 983 2060 in
1031 2005 1088 2078 8ζ
1148 2007 1398 2078 Antipatri
1444 2006 1744 2078 martyrem,
1803 2009 2100 2077 episcopum

1055 2069 1318 2146 Pergami,
1357 2069 1438 2140 die
1483 2079 1566 2130 11.

597 2185 758 2242 Lucis
782 2198 885 2242 tua:
915 2188 1242 2258 fulgoribus,
1273 2190 1474 2244 irradia
1498 2207 1530 2245 ο
1560 2191 1736 2260 puella
1773 2191 2103 2246 innocentis-

530 2275 670 2330 sima
704 2277 842 2345 (59),
877 2293 969 2332 cor
1005 2295 1208 2360 meum,
1237 2281 1390 2350 quod'
1420 2282 1472 2334 in
1511 2290 1667 2336 nocte
1695 2284 2008 2351 passionum
2050 2290 2104 2335 et

528 2367 898 2421 calamitatum
964 2369 1273 2436 detinetur;
1319 2371 1379 2424 tu
1441 2373 1586 2426 enim
1644 2374 1870 2442 justitiae
1918 2371 2099 2427 Sblcm

529 2460 781 2514 omnibus
807 2460 1154 2516 ineﬂ‘abiliter
1189 2448 1319 2516 oriri
1351 2464 1547 2519 fecisti.

597 2550 1011 2623 Redemptorem
1044 2542 1324 2632 peperisti,
1359 2569 1392 2609 ο
1447 2555 1729 2624 inviolata,
1769 2555 1863 2624 qui
1899 2559 1965 2609 ab
2007 2557 2104 2610 lio-

530 2644 628 2698 stis
674 2646 987 2714 captivitate
1036 2648 1288 2702 homines
1335 2647 1628 2706 liberavit:
1682 2648 1826 2702 unde
1873 2656 1923 2702 te
1978 2647 2106 2702 reli-

529 2735 680 2804 giose
707 2737 1096 2805 gloriﬁcamus.
1125 2737 1136 2744 ’

602 2825 750 2884 Talis
797 2836 1124 2884 conservata
1175 2815 1236 2884 es
1290 2838 1413 2898 post
1477 2840 1714 2898 partum,
1770 2831 1947 2900 qualis
1985 2840 2106 2886 ante

535 2927 749 2985 partum
783 2917 988 2981 fueras,
1044 2917 1210 2988 Virgo
1268 2926 1438 2971 mater
1495 2909 1831 2988 incorrupta;
1893 2919 2102 2974 Etenim

2194 1344 2402 1414 γοῢσιν,
2459 1347 2621 1415 ἱερεῖς
2667 1346 2986 1417 ἀνυμνούσι,
3032 1346 3153 1400 λαοὶ
3213 1343 3631 1416 ὑπερυψοῦσιν,
3706 1344 3792 1405 εἰς

2197 1437 2405 1499 πάντας
2437 1438 2562 1499 τοὺς
2591 1437 2812 1501 αἰῶνας.

2265 1526 2522 1592 Φώτισον,
2571 1527 2713 1596 πύλη
2749 1529 2841 1581 τοῦ
2896 1530 3092 1598 φωτὸς,
3130 1530 3226 1600 τὴν
3256 1530 3436 1600 ψυχήν
3491 1546 3594 1598 μου
3659 1530 3788 1588 ταῖς

2199 1618 2395 1681 δειναῖς
2426 1618 2770 1688 ἀμαυρότησι
2811 1618 2918 1671 τῶν
2952 1619 3349 1690 παραϐάσεων·
3371 1621 3788 1686 ὲσκοτισμένην

2200 1711 2293 1763 καὶ.
2328 1709 2762 1776 κινδυνεύουσαν,
2813 1711 3037 1782 καὶτῆς
3086 1712 3300 1782 ἡμέρας
3363 1710 3619 1763 κοινωνὸν
3683 1711 3787 1776 τῆς

2201 1801 2349 1864 Θείας
2406 1801 2704 1868 ἀνάδειξον,
2748 1803 2895 1867 ὅπως
2920 1803 3128 1870 δοξάζω
3180 1820 3263 1869 σε,
3322 1803 3633 1874 προστασία
3671 1803 3784 1854 τῶν

2201 1895 2407 1948 πιστῶν
2439 1897 2860 1967 ἀκαταίσχυντε.
3109 1899 3112 1903 ’

2214 2011 2306 2062 Ἐκ
2348 2010 2450 2063 τοῦ
2492 2011 2749 2075 κανόνος
2779 2013 2862 2076 εις
2889 2010 2994 2063 τόν
3022 2011 3189 2078 ἅγιον
3214 2009 3608 2078 ἱερομάρτυρᾳ
3655 2007 3782 2061 ’Ar-

2353 2081 2553 2143 τίπαν,
2583 2081 2921 2133 ἐπίσκοπον
2951 2076 3276 2148 Περγάμου,
3305 2080 3491 2147 ἡμέρᾳ
3529 2076 3618 2131 ια’.

2273 2193 2453 2255 Φωτός
2521 2211 2612 2245 σου
2672 2194 2792 2256 ταῖς
2842 2195 3148 2264 ἀστραπαῖς
3198 2193 3570 2260 καταύγασον,
3602 2204 3604 2206 ’
3637 2192 3776 2261 κόρη

2205 2286 2544 2354 πανάμωμε,
2595 2286 2692 2355 τὴν
2742 2287 2799 2338 ὲν
2875 2287 3029 2338 νυκτὶ
3083 2286 3271 2338 παθῶν
3324 2285 3420 2338 καὶ
3477 2285 3778 2355 συμφορῶν

2205 2372 2559 2445 συσχεθέῖσαν
2584 2378 2811 2448 καρδίαν
2851 2395 2973 2448 μου,
2999 2377 3341 2446 δικαιοσύνης
3390 2378 3550 2448 ἥλιον
3608 2379 3781 2431 πᾶσιν

2203 2468 2456 2538 ἀρρήτως
2488 2469 2836 2523 ἀνατείλασα.

2286 2559 2580 2629 Ῥυόμενον
2609 2563 2735 2624 τοὺς
2765 2561 2988 2632 βροτοὺς
3015 2559 3392 2631 αἰχμαλωσίας
3421 2561 3515 2613 τοῦ
3547 2559 3773 2630 ἐχθροῦ,

2205 2645 2465 2716 ἀχραντε,
2495 2648 2585 2699 τὸν
2629 2648 2907 2720 λυτρωτὴν
2941 2651 3203 2714 τέτοκας·
3245 2650 3369 2703 ὅθεν
3419 2650 3661 2713 εὐσεϐῶς
3719 2665 3774 2701 σε

2205 2739 2518 2808 δοξάζομεν.

2277 2830 2430 2883 Μετά
2463 2831 2620 2884 τόκον
2658 2833 2732 2894 ὡς
2757 2831 2863 2902 πρὸ
2895 2832 3052 2885 τόκου
3084 2832 3467 2904 διεφυλάχθης,
3500 2835 3774 2904 Παρθενο-

2210 2924 2381 2990 μῆτορ
2432 2921 2635 2991 ἅφθορε
2662 2937 2674 2952 ·
2718 2922 2808 2974 τὸν
2864 2924 3205 2993 Δημιουργὸν
3254 2925 3361 2994 γὰρ
3395 2925 3612 2978 πάντων
3641 2927 3774 2978 ἀπε-

533 3007 782 3060 omnium
821 3007 1172 3061 Conditorem
1202 3006 1477 3075 peperisti,
1505 3007 1596 3075 qui
1629 3023 1693 3061 ex
1727 3018 1776 3061 te
1807 3009 2099 3062 humanum

2225 3011 2413 3080 ιύησας
2442 3013 2505 3063 ἐκ
2550 3011 2665 3077 σοῦ,
2701 3012 2760 3064 τὸ
2794 3013 3137 3083 ἀνθρώπινον
3172 3015 3328 3082 σῶμα
3366 3015 3627 3079 ἑκουσίως
3675 3032 3771 3084 φοι

533 3112 731 3164 cornus
762 3098 1068 3150 voluntarie
1104 3097 1364 3164 suscepit.

599 3187 993 3242 Divinissimus
1019 3188 1111 3241 ille
1138 3187 1421 3254 Dominus,
1451 3186 1542 3256 qui
1571 3196 1684 3242 erat
1711 3186 1765 3242 in
1785 3187 1957 3242 forma
1983 3189 2095 3255 Dei,

532 3280 795 3334 habitavit
821 3280 874 3333 in
906 3290 1092 3334 ventre
1126 3287 1243 3344 tuo,
1282 3295 1312 3333 ο
1346 3282 1662 3349 purissima,
1710 3281 2012 3351 suscipiens
2041 3297 2101 3336 ac

467 3437 473 3450 ι
529 3379 748 3441 gestans
774 3371 1003 3425 formam
1030 3387 1229 3425 meam.

606 3462 845 3517 Sanctus
878 3474 962 3517 est
988 3463 1076 3517 ille
1103 3465 1389 3527 Dominus,
1421 3464 1511 3533 qui
1540 3461 1606 3517 in
1639 3471 1795 3518 utero
1830 3472 1921 3517 tuo
1950 3463 2104 3518 babi-

535 3556 687 3615 tavit,
717 3571 749 3608 o
783 3553 948 3625 Virgo
989 3556 1204 3624 puella;
1253 3565 1306 3611 et
1362 3556 1661 3626 requiescit
1691 3557 1745 3610 in
1780 3557 2004 3621 sanctis,
2053 3565 2106 3611 et

533 3643 800 3714 glorificat
821 3658 914 3698 eos
947 3644 1041 3713 qui
1078 3645 1255 3711 ipsum
1307 3659 1434 3697 vera
1465 3659 1593 3698 cum
1642 3643 1745 3699 ﬁde
1778 3644 2101 3714 glorilicant.

567 3720 681 3790 ‘Ex
728 3736 985 3806 virgineis
1055 3736 1413 3806 sanguinibus
1474 3737 1580 3790 tuis
1629 3736 1971 3792 incarnatum
2026 3746 2108 3792 est

538 3827 772 3883 Verbum
796 3828 906 3900 94
935 3838 1266 3884 comternum
1299 3828 1465 3893 Patri,
1509 3838 1567 3882 ut
1595 3830 1976 3884 contritionem
2010 3845 2108 3883 no-

535 3928 704 3973 stram
738 3928 1090 3974 restauraret.
1123 3918 1414 3974 Benedicta
1462 3935 1520 3975 es
1557 3928 1611 3973 tu
1664 3921 1717 3976 in
1759 3921 2105 3986 mulieribus,

537 4023 569 4063 ο
604 4009 829 4063 Domina
861 4010 1365 4065 intemeratissima.
1901 4062 1905 4063 ,

607 4099 886 4170 Tanquam
920 4103 1088 4157 Mater
1126 4102 1402 4159 Creatoris
1432 4105 1698 4170 omnium,
1730 4113 1984 4175 tanquam
2021 4104 2108 4159 di-

535 4194 721 4249 vinum
748 4198 1008 4266 templum
1050 4197 1473 4266 Omnipotentis,
1517 4207 1774 4267 tanquam
1817 4207 1959 4252 terra
1989 4199 2107 4251 ina-

536 4297 675 4353 rata,
725 4304 840 4357 quze
888 4290 1096 4358 spicam
1158 4290 1388 4342 culturae
1432 4297 1703 4358 expertem
1760 4290 2104 4359 germinavit,

2201 3101 2456 3173 ρέσαντα.

2283 3190 2569 3260 ’Υπόιρχων
2599 3191 2656 3242 ὲν
2700 3195 2878 3262 μορφῇ
2906 3191 3001 3243 τοῦ
3050 3191 3183 3244 Θεοῦ
3229 3194 3256 3245 ὁ
3301 3192 3570 3263 ὕπέρθεος
3612 3194 3772 3263 ἐσχή-

2203 3295 2371 3331 νωσεν
2433 3281 2489 3330 ὲν
2524 3279 2721 3348 γαστρί
2759 3295 2875 3344 σου,
2922 3280 3020 3347 τὴν
3067 3280 3283 3349 μορφήν
3329 3297 3429 3349 μου
3466 3280 3703 3350 φορέσας
3743 3285 3768 3332 ό

2205 3365 2429 3435 Κύριος,
2455 3368 2784 3436 πανάμωμε.

2281 3457 2473 3523 ’Ἄγιος
2518 3458 2544 3509 ὁ
2579 3457 2956 3525 σκηνώσας.ὲν
3003 3458 3186 3528 μήτρᾳ
3231 3474 3325 3510 σου
3382 3457 3589 3528 Κύριος
3626 3458 3654 3508 ό
3712 3458 3768 3510 ὲν

2205 3547 2417 3615 ἁγίοις,
2485 3548 2753 3618 Παρθένε,
2813 3547 3325 3618 ὲπαναπαυόμενος,
3379 3550 3475 3602 καὶ
3533 3549 3766 3614 δοξάζων

2205 3642 2329 3705 τοὺς
2359 3640 2536 3694 πίστει
2568 3640 2760 3710 ἀληθεῖ
2782 3640 2994 3706 τοῦτον,
3033 3642 3187 3712 κόρη,
3215 3642 3560 3706 δοξάζοντας.

2282 3734 2558 3800 Αξμάτων,
2611 3735 2767 3804 κόρη,
2823 3734 3167 3804 παρθενικῶν
3224 3752 3316 3788 σου
3374 3733 3761 3806 σεσάρκωτάιό

2208 3824 2398 3892 Λόγος,
2425 3825 2453 3874 ὁ
2478 3825 2654 3893 Πατρὶ
2681 3825 3012 3895 συνάναρχος
3040 3827 3137 3895 τὴν
3176 3826 3307 3896 ἡμῖν
3343 3829 3630 3896 συντριὸὴν
3671 3832 3761 3880 ἑπ-

2208 3915 2603 3986 ανορθούμενος
2623 3932 2637 3948 ο
2668 3917 3006 3989 εὐλογημένη
3039 3919 3101 3972 σὺ
3133 3920 3190 3971 ὲν
3216 3919 3458 3989 γυναιξὶν
3484 3920 3757 3990 ὑπάρχεις,

2209 4010 2353 4062 πανά
2362 4027 2445 4078 μω
2453 4026 2520 4078 με
2563 4009 2846 4062 Δέσποινα.

2291 4102 2377 4162 Ὠς
2406 4102 2603 4171 Μήτηρ
2631 4101 2724 4153 τοῦ
2751 4104 2966 4156 πάντων
2999 4102 3250 4171 Ποιητοῢ,
3279 4103 3353 4166 ὡς
3379 4102 3520 4156 θεῖον
3549 4103 3756 4173 τέμενος

2210 4193 2304 4246 τοῦ
2353 4193 2818 4263 Παντοκρᾴτορος,
2864 4195 2937 4257 ὡς
2967 4195 3038 4264 γῆ
3079 4195 3336 4264 ἀνήροτος
3368 4194 3604 4265 ἄστηαχυν
3634 4197 3754 4260 ἀγε-

2213 4285 2460 4356 ώργητον
2510 4284 2880 4356 βλαστήσασα,
2919 4287 3362 4356 Παρθενομῆτορ,
3405 4288 3527 4348 τοὺς
3559 4287 3749 4346 πιστῶς

539 4380 718 4433 salvos
742 4379 848 4443 fac,
881 4395 913 4433 ο
941 4380 1108 4450 Virgo
1140 4379 1330 4443 Mater,
1361 4396 1475 4447 eos,
1502 4381 1593 4452 qui
1616 4382 1834 4436 assidue
1853 4397 1977 4436 cum
2001 4381 2101 4438 ﬁde

2225 4350 2316 4431 hei
2349 4350 2788 4448 κραυγάζοντας·
2835 4350 3141 4448 Εὐλογεῖτε,
3165 4350 3444 4433 ’πάντατά
3477 4378 3630 4449 ἔργα,
3671 4378 3751 4430 τὶν

541 4473 782 4528 clamant
816 4490 830 4525 :
863 4470 1192 4536 Benedicite,
1228 4472 1413 4525 omnia
1443 4477 1750 4542 opera,'etc.

611 4565 728 4618 Lux
760 4564 919 4618 nobis
946 4571 1132 4618 exorta
1161 4570 1265 4627 est,
1287 4577 1319 4617 ο
1358 4565 1554 4631 puella,
1581 4581 1646 4619 ex
1678 4565 1904 4620 lucifero
1948 4575 2104 4621 utero

540 4667 655 4723 tuo,
689 4654 948 4710 conditor
979 4654 1133 4718 solis,
1175 4662 1229 4708 et
1257 4654 1554 4719 stellarum,
1579 4664 1633 4709 et
1662 4657 1924 4712 universae
1953 4672 2107 4711 crea-

541 4761 673 4803 turae
707 4766 718 4799 :
756 4762 916 4816 quem
962 4745 1122 4800 enixe
1153 4760 1377 4815 precare
1412 4756 1470 4800 ut
1503 4761 1618 4810 eos,
1665 4746 1755 4814 qui
1816 4755 1866 4800 te
1901 4747 2108 4800 collau-

541 4842 691 4904 dant,
725 4838 1015 4893 illuminet.

2209 4474 2437 4544 Κύριον.

2279 4565 2399 4628 Φῶς
2424 4566 2554 4637 ἡμῖν
2603 4564 2862 4630 ἀνέτειλε,
2896 4565 3054 4635 κόρη,
3099 4553 3163 4618 ἐκ
3195 4565 3507 4633 φωτοφόρου
3542 4580 3629 4616 σου
3665 4579 3751 4629 νη-

2207 4657 2352 4720 δύος,
2382 4659 2408 4708 ὁ
2441 4655 2780 4728 Δημιουργδς
2813 4656 2905 4709 τοῦ
2935 4657 3107 4726 ήλῖου,
3137 4657 3229 4709 καὶ
3252 4658 3358 4708 τῶν
3381 4656 3635 4724 ἀστέρων,
3666 4654 3750 4705 καὶ

2214 4747 2397 4819 πάσης
2436 4748 2688 4813 κτίσεως,
2722 4749 2780 4802 ὃν
2830 4749 3060 4814 ἐκτενῶς
3115 4749 3325 4801 ἱκέτευε
3365 4747 3746 4816 φωταγωγῆσαι

2212 4839 2338 4903 τοὺς
2372 4839 2674 4910 ὑμνοῦντάς
2711 4857 2794 4895 σε.

1116 4956 1199 5011 Ea:
1240 4973 1436 5012 canone
1486 4957 1538 5009 in
1597 4953 1698 5008 SS.
1731 4964 1780 5009 et
1815 4956 2152 5012 admirabiles
2186 4958 2396 5012 Dimum
2427 4969 2475 5012 et
2520 4958 2852 5024 Protionum,
2889 4959 2970 5012 die
3011 4961 3074 5012 12
3106 4956 3260 5025 (59‘).

612 5075 808 5129 Totum
857 5073 1094 5143 seipsum
1123 5071 1351 5128 Creator
1377 5071 1720 5139 cxinanicns,
1749 5072 2105 5141 quemadmo-

618 5229 728 5301 (59)
769 5232 845 5284 An
877 5231 1168 5293 insontem,
1195 5231 1274 5282 vel
1308 5231 1647 5301 innocentem
1681 5226 1951 5297 appellare
1990 5240 2115 5295 pos-

550 5299 737 5360 sumus
778 5301 1071 5365 hominem,
1103 5301 1192 5366 qui
1216 5301 1461 5368 quamvis
1494 5299 1664 5350 multo
1693 5309 1934 5366 tempore
1967 5307 2113 5351 recte

549 5373 757 5435 vixerit,
805 5372 1095 5441 aliquando
1149 5372 1286 5423 inter
1338 5378 1541 5431 sontes,
1571 5377 1823 5441 nocentes
1853 5368 1954 5441 .vel
1988 5381 2110 5420 reos

549 5451 862 5495 numeratus
897 5435 1018 5494 est?
1061 5440 1341 5504 Quomodo
1395 5452 1521 5505 ergo
1571 5436 1629 5489 Β.
1657 5436 1816 5502 Virgo
1853 5435 2110 5488 innocen-

551 5514 779 5574 tissima,
811 5513 854 5564 si
880 5510 1197 5562 innocentia:
1235 5509 1511 5575 originalis
1555 5507 1909 5576 praerogativa
1945 5507 2017 5557 illi
2055 5505 2106 5557 in

550 5591 812 5646 conceptu
856 5579 1068 5631 deluit?
1131 5579 1332 5632 Favere
1394 5578 1602 5630 videtur
1650 5585 1916 5644 perpetua:
1955 5576 2110 5627 inno-

552 5651 744 5705 centiae
764 5648 819 5701 Β.
853 5647 1085 5713 Virginis
1113 5651 1177 5703 ab
1208 5649 1450 5715 originali
1483 5648 1721 5701 Ecclesia
1753 5646 1959 5708 ϐαλέω,
1980 5649 2103 5699 dum

2213 5074 2340 5128 dum
2378 5073 2482 5128 sibi
2517 5071 2865 5142 complacuit,
2900 5088 2964 5125 ex
3007 5080 3160 5124 utero
3205 5080 3297 5124 tuo
3326 5068 3593 5140 processit
3627 5069 3746 5122 ami-

2223 5227 2274 5281 in
2307 5227 2694 5295 Exsequiarum
2738 5224 2922 5290 Ollicio
2963 5226 3132 5279 eidem
3201 5225 3258 5280 Β.
3301 5224 3498 5296 Virgini
3536 5227 3744 5281 occinit:

2226 5297 2343 5348 Non
2393 5310 2466 5348 est
2508 5307 2694 5362 prwter
2733 5307 2778 5349 te
2823 5298 3062 5348 innocens
3101 5298 3378 5365 quispiam,
3433 5299 3746 5352 immaculata

2228 5366 2317 5416 Dei
2347 5365 2608 5418 (.‘enitrisc.
2641 5366 2747 5420 Nec
2779 5382 2883 5418 non
2921 5365 2975 5418 S.
3008 5368 3306 5420 Bernardus
3337 5382 3500 5419 serm.
3530 5367 3581 5419 in
3613 5367 3748 5421 Salve

2219 5434 2432 5506 Regina,
2475 5436 2601 5487 dum
2655 5436 2738 5487 liis
2791 5436 2969 5489 verbis
3021 5435 3073 5487 Β.
3123 5435 3388 5504 Virginem
3445 5437 3746 5506 alloquitur:

2224 5503 2470 5556 lnnocens
2504 5506 2653 5574 [tristi
2700 5506 2763 5556 ab
2802 5506 3142 5574 originalibus
3180 5503 3235 5570 cf
3273 5503 3590 5573 uctualibus,
3622 5523 3750 5563 nemo

2217 5576 2289 5624 ita
2318 5585 2502 5639 pm'ler
2535 5573 2625 5637 Te,
2657 5573 2900 5628 Domina.

2292 5631 2422 5716 (59‘)
2461 5631 2645 5698 (ἔτειρε
2687 5645 3059 5701 desiderantur
3093 5646 3144 5698 in
3179 5645 3332 5701 libris
3361 5631 3659 5717 impressis.
