3936 6304
130 354 271 426 1091

1554 364 1913 423 MARIALE.

3228 368 3363 433 1093

123 473 256 519 cum
313 461 496 531 cat‘ne,
550 480 588 540 ο
648 459 1149 523 immaculatissima
1194 469 1452 536 Domina;
1504 484 1558 526 nt
1593 476 1693 527 im-
1727 503 1768 552 Α
1868 476 1911 531 0
1944 476 2105 544 Virgo
2149 482 2316 537 casta,
2356 473 2609 541 nuptialis
2639 471 2862 525 thalami
2891 473 3105 547 nescia,
3131 481 3361 536 assiduis

129 556 490 612 mortalitatis
523 557 720 612 fontem
754 557 1063 613 hominibus
1093 561 1463 628 copiosissime
1493 562 1692 617 faceret

126 659 412 700 emanare.

201 737 516 790 Laudamus
539 745 610 797 te,
647 735 811 804 Virgo
836 738 1201 803 sanctissima,
1247 741 1503 808 quoniam
1541 742 1689 793 illum

128 825 368 894 genuisti
403 825 494 894 qui
533 825 599 877 ab
645 826 896 880 omnibus
946 828 1209 883 creaturis
1245 828 1463 882 assidue
1492 829 1691 898 gloriti-

129 924 311 967 catur.

206 1002 462 1056 Thronus
493 1001 605 1065 Dei,
631 1015 664 1055 ο
691 1003 998 1070 purissima,
1033 1004 1173 1058 facta
1203 1019 1280 1069 es,
1313 1014 1366 1059 et
1397 1005 1695 1075 pyeclaris-

131 1093 337 1144 simum
369 1093 646 1161 palatium,
682 1109 744 1147 ac
772 1094 1019 1158 lectulus,
1057 1096 1109 1148 in
1139 1112 1247 1165 quo
1273 1097 1536 1154 Dominus
1570 1114 1692 1153 om-

123 1184 289 1236 nium
321 1184 612 1238 reclinatus
648 1193 750 1249 est,
784 1196 836 1239 ut
871 1188 1107 1255 primum
1159 1199 1434 1257 parentem
1486 1191 1692 1244 excita-

134 1283 220 1327 ret
251 1290 317 1327 ac
347 1275 623 1329 relevaret.

210 1363 528 1433 Promptum
574 1383 637 1420 ac
695 1380 940 1436 paratum
1000 1370 1306 1432 auxilium,
1371 1387 1560 1425 eorum
1605 1374 1692 1442 qui

135 1456 362 1516 cadunt,
403 1457 750 1523 erectionem,
825 1459 1045 1513 Matrem
1099 1461 1189 1514 Dei
1239 1462 1428 1524 nostri,
1486 1464 1695 1531 hymnis

135 1543 466 1608 perennibus
496 1548 922 1615 magnilicemus.
961 1557 968 1563 '

213 1631 290 1686 Ex
323 1647 477 1688 utero
511 1648 733 1704 paterno
786 1648 906 1690 ante
941 1639 1227 1694 luciferum
1269 1652 1490 1695 exortus
1536 1657 1689 1695 corn-

137 1726 330 1785 scasti,
360 1725 451 1793 qui
497 1737 708 1780 uterum
763 1731 1346 1795 immaculatissimum,
1385 1744 1442 1785 ut
1493 1745 1692 1801 corpus

139 1831 476 1883 assumeres,
515 1819 797 1889 ingressus
830 1820 1001 1874 fuisti.

150 1952 252 2007 Ἐκ
291 1955 394 2007 τοῦ
426 1956 694 2029 Κανόνος
725 1957 823 2029 Δεἰς
852 1957 959 2029 τὸν
995 1958 1164 2027 ἅγιον
1191 1962 1504 2029 Μαρτίνον
1533 1959 1702 2012 πάπα

639 2025 880 2095 Ῥώμης.
919 2025 1108 2096 mem
1130 2028 1218 2096 ιγ’.

222 2135 284 2189 Ὀ
315 2138 454 2191 κατὰ
483 2137 641 2205 φύσιν
673 2138 771 2208 τὴν
820 2138 969 2192 θείαν
1011 2140 1240 2209 ἀόρατος
1274 2141 1462 2212 ὼράθη
1509 2144 1702 2213 βρέφος

137 2227 210 2280 ὲκ
269 2226 362 2279 σοῦ
414 2227 700 2299 ἄνθρωπος
740 2231 1063 2300 γενόμενος,
1113 2232 1302 2295 διπλᾶς
1356 2236 1431 2297 ὼς
1489 2237 1701 2305 ἀληθῶς

139 2318 392 2388 Θελήσεις
421 2322 698 2389 ὲνεργείας
724 2338 781 2373 τε
807 2312 1135 2392 προσφαίνον
1159 2323 1455 2377 ὑποστάσει
1484 2328 1540 2379 ὲν
1564 2329 1662 2395 μιᾷ
1687 2342 1700 2354 ·

139 2403 190 2475 ᾧ
229 2410 516 2480 πρέσϐευε,
547 2414 875 2483 πανάμωμε,
907 2414 1080 2467 πάντα
1114 2415 1259 2484 ἡμᾶς
1285 2415 1550 2480 σώζεσθαι
1579 2419 1702 2480 τοὺς

141 2501 298 2572 πόθῳ
331 2520 389 2555 σε
419 2505 797 2574 γεραίροντας.

214 2595 394 2664 Πατρὶ
449 2597 539 2648 τὸν
596 2597 854 2668 ὁμότιμον
884 2600 977 2652 καὶ
1026 2599 1310 2670 σύνθρονον
1349 2599 1489 2669 ὑπὲρ
1536 2601 1703 2668 Λόγον

142 2683 464 2754 ἐγέννησας,
489 2688 768 2757 ἐνεργείας
793 2689 884 2741 δύο
914 2692 1148 2760 φέροντα
1177 2691 1270 2742 καὶ
1298 2689 1389 2743 δύο
1415 2692 1508 2754 τὰς
1549 2691 1704 2762 θελή-

144 2789 287 2836 σεις,
315 2776 555 2851 παναγία
591 2779 766 2850 Κόρη.

229 2866 321 2918 Ἐν
370 2866 460 2918 δύο
526 2868 734 2932 οὐσίαις
775 2870 1113 2940 ,θεανδρικῶς
1165 2874 1558 2944 γνωριζόμενα)
1608 2874 1706 2942 τῆς

143 2953 378 3021 Τριὰδος
420 2956 510 3006 τὸν
547 2954 642 3008 ἕνα
677 2955 912 3024 ὲκύησας
935 2958 1065 3010 Θεὸν
1093 2961 1226 3028 ὁμοῦ
1271 2965 1361 3013 καὶ
1400 2962 1703 3031 ἄνθρωπον,

145 3040 279 3109 θελή
294 3058 403 3103 τεις
435 3042 665 3111 φέροντα
706 3045 1057 3114 καταλλήλως
1085 3047 1192 3099 τῶν
1241 3049 1432 3102 τούτου
1466 3050 1701 3118 φύσεων,

145 3131 398 3199 Παρθενί
428 3133 769 3202 πανάμωμε.

1795 568 2065 637 precibus,
2103 579 2266 618 exora
2297 564 2598 624 Christum,
2642 579 2804 632 quem
2864 563 3100 631 genuisti
3151 578 3208 621 ut
3246 575 3363 624 ani-

1796 659 1993 712 mabus
2025 655 2227 710 nostris
2248 669 2367 707 sese
2392 654 2682 722 prOpitium
2724 653 3004 722 largiatur.

1865 769 2039 820 Divini
2075 766 2354 837 sanguinis
2381 767 2695 833 aspersione
2718 765 3000 833 redempti,
3032 765 3123 818 Dei
3160 769 3356 832 nostri,

1793 863 1884 929 qui
1916 862 2023 930 95
2070 877 2133 914 ex
2165 871 2316 914 utero
2345 870 2459 921 tuo,
2490 875 2522 913 ο
2551 859 2733 927 Virgo,
2783 861 2902 913 sine
2948 861 3153 914 semine
3198 871 3356 918 astus

1793 962 1894 1016 est,
1964 952 2029 1005 ad
2073 961 2122 1005 te
2174 951 2474 1004 clamamus
2522 949 2921 1003 cumGabriele
2981 952 3288 1005 venerando
3336 970 3351 1005 :

1795 1047 1925 1106 Ave,
1953 1060 1985 1097 ο
2013 1043 2192 1097 divina
2223 1043 2392 1112 gratia
2427 1041 2765 1108 plenissima.

1865 1156 2037 1225 Supra
2069 1156 2296 1209 rationis
2335 1164 2550 1222 captum
2587 1153 2818 1206 Verbum
2841 1153 3134 1222 concepisti
3182 1162 3233 1207 et
3260 1168 3352 1220 pe-

1799 1249 2003 1315 peristi,
2051 1256 2105 1300 et
2151 1245 2315 1313 Virgo
2350 1256 2498 1298 casta
2564 1252 2728 1311 atque
2768 1242 3078 1311 incorrupta
3142 1244 3288 1295 fuisti
3335 1261 3348 1296 :

1799 1337 1917 1389 ideo
1948 1347 1997 1389 te
2037 1351 2132 1404 pro
2167 1336 2347 1389 debito
2378 1334 2616 1387 assiduis
2643 1331 2894 1384 laudibus
2919 1332 3277 1385 celebramus.

1867 1444 2062 1514 Fulgor
2095 1445 2353 1497 radiantis
2412 1444 2549 1497 lucis
2583 1459 2646 1495 ex
2706 1451 2755 1496 te
2801 1443 3127 1504 coruscavit,
3161 1457 3193 1494 0
3226 1441 3348 1496 Dei-

1797 1549 1946 1602 para,
1998 1542 2159 1601 atque
2199 1534 2479 1586 universas
2528 1546 2616 1585 res
2682 1539 2894 1584 creatas
2923 1529 3104 1582 divino
3154 1529 3348 1584 lumine

1797 1625 2037 1693 replevit,
2064 1634 2224 1693 atque
2243 1624 2534 1692 impietatis
2562 1631 2773 1676 noctem
2797 1622 3094 1676 eliminavit
3117 1639 3128 1675 :
3154 1638 3344 1691 quam-

1798 1715 1981 1769 obrem
2013 1722 2064 1768 te
2092 1714 2311 1768 vocibus
2344 1713 2700 1767 concordibus
2730 1713 3153 1781 magnilicamus.

1875 1958 1960 2010 Ea:
1987 1957 2195 2010 Canone
2219 1959 2270 2009 in
2306 1956 2362 2010 S.
2403 1957 2690 2010 Martinam
2720 1957 2834 2011 PP.
2871 1967 2919 2010 et
2959 1957 3057 2022 M.,
3085 1961 3164 2012 die
3193 1960 3276 2012 15.

1872 2133 1984 2197 Ille,
2009 2135 2098 2203 qui
2122 2133 2418 2189 secundum
2446 2134 2678 2186 divinam
2715 2142 2962 2187 naturam
2997 2144 3077 2188 est
3110 2135 3348 2190 invisibi-

1805 2227 1890 2291 lis,
1932 2227 2078 2280 visus
2111 2235 2194 2280 est
2232 2226 2434 2286 infans,
2479 2241 2544 2278 ex
2581 2235 2630 2279 te
2661 2225 2833 2280 iactus
2860 2227 3037 2291 homo,
3067 2226 3270 2281 habens
3297 2228 3347 2279 in

1805 2317 1962 2369 unica
1994 2315 2266 2385 hypustasi
2315 2331 2437 2368 vere
2477 2315 2612 2369 duas
2659 2315 2957 2370 voluntates
2993 2327 3046 2371 et
3085 2317 3354 2384 operatio-

1803 2422 1919 2461 nes.
1956 2404 2110 2460 Hunc
2142 2417 2218 2470 tu,
2255 2421 2285 2459 ο
2335 2406 2652 2474 purissima,
2706 2406 2998 2475 deprecare
3047 2423 3141 2475 pro
3185 2409 3354 2462 salute

1803 2497 2045 2549 omnium
2089 2496 2180 2564 qui
2210 2505 2260 2550 te
2293 2510 2415 2549 cum
2450 2495 2640 2548 allecto
2677 2507 3023 2550 venerantur.

1875 2585 2158 2654 Equalem
2212 2586 2355 2640 Patri
2402 2586 2456 2639 in
2515 2587 2722 2640 honore
2766 2601 2829 2640 ac
2880 2588 3073 2640 throno
3105 2587 3353 2642 ineﬂabili

1805 2677 1966 2731 modo
2004 2679 2291 2745 generasti,
2327 2694 2358 2730 o
2387 2678 2729 2731 sanctissima
2773 2678 2970 2744 puella,
2999 2679 3134 2732 duas
3163 2677 3356 2732 volun-

1809 2777 1941 2821 tates
1968 2783 2032 2820 ac
2063 2768 2197 2822 duas
2225 2770 2566 2835 operationes
2600 2767 2907 2821 habentem.

1877 2856 1933 2910 In
1961 2859 2170 2912 duabus
2196 2859 2516 2912 substantiis
2561 2860 2742 2914 divina
2765 2871 2820 2912 et
2848 2861 3081 2911 humana
3119 2858 3360 2912 notiﬁca-

1810 2958 1922 3004 tum
1955 2966 2122 3005 unum
2153 2951 2431 3004 Trinitatis
2463 2936 2742 3020 peperisti,
2772 2967 2804 3001 υ
2834 2933 2996 3018 Virgo
3015 2930 3138 3002 'tuta
3174 2951 3363 3002 imma-

1807 3043 2008 3104 culata,
2067 3041 2233 3096 Deum
2282 3043 2444 3095 simul
2484 3051 2537 3095 et
2575 3040 2866 3116 hominem,
2905 3041 3190 3093 habentem
3229 3040 3363 3092 duas

1806 3133 2108 3187 voluntates
2132 3133 2286 3201 juxta
2324 3117 2592 3200 duplicem
2629 3132 2799 3199 ipsius
2826 3140 3098 3184 naturam.

233 3220 629 3290 Ἀπειρόγαμος
668 3222 929 3290 Παρθένε,
962 3227 994 3294 ἡ
1024 3226 1115 3278 τὸν
1146 3227 1554 3296 ὰπερίγραπτον
1579 3231 1705 3284 Θεὸν

1878 3224 1923 3279 0
1950 3223 2132 3293 Virgo,
2161 3231 2282 3291 qua?
2318 3223 2434 3277 sine
2464 3223 2602 3275 virili
2639 3221 2965 3274 commercio
2989 3219 3153 3273 Deum
3194 3219 3363 3274 incir-

150 3309 321 3376 σαρκὶ
369 3312 640 3379 κυήσασα,
687 3314 786 3380 τῆς
816 3316 1015 3382 σαρκός
1054 3334 1155 3383 μου
1187 3319 1258 3368 τὰ
1295 3319 1436 3386 πάθη
1474 3320 1712 3372 θανάτω-

151 3417 251 3453 σον
272 3415 285 3427 ·
327 3399 547 3462 ςὼωσον
571 3401 624 3453 δὲ
650 3401 744 3471 τὴν
768 3402 943 3471 ψυχήν
976 3421 1077 3472 μου
1098 3409 1509 3479 νενεκρωμένην
1537 3410 1716 3480 πλημέ

149 3490 292 3561 μιλή
302 3507 482 3560 μασιν.

225 3580 641 3668 Νόμοινφύσεως
675 3584 732 3636 ὲν
783 3585 865 3636 σοὶ
896 3583 1282 3644 καταλύονται·
1317 3591 1572 3661 ἀρρήτως
1608 3592 1714 3661 γὰρ

149 3669 358 3733 τίκτεις
403 3672 491 3723 τὸν
524 3672 896 3741 Πλαστουργὸν
943 3675 1051 3726 τῶν
1109 3676 1266 3741 ὅλων,
1316 3679 1540 3733 Θεοτόκε
1577 3700 1713 3733 παν-

151 3759 384 3829 ύμνητε,
419 3760 493 3824 ὡς
522 3761 651 3814 Θεόν
676 3779 734 3815 τε
772 3766 863 3816 καὶ⁹
891 3764 1080 3835 βροτὸν
1113 3767 1209 3820 δύο
1251 3768 1498 3841 θελήσεις
1537 3773 1593 3824 δὲ
1623 3790 1712 3825 κε-

151 3852 430 3920 κτημένον
463 3853 555 3904 καὶ
581 3854 663 3906 tv:
675 3855 881 3922 ργείας,
904 3857 1352 3928 Μητροπάρθενε.

243 4026 300 4080 Ὀ
325 4027 574 4098 θελήσεσι
602 4028 694 4082 δύο
717 4031 808 4084 καὶ
834 4031 986 4086 δυσὶν
1020 4037 1323 4104 ἑνεργειαις
1360 4039 1422 4088 ὲκ
1448 4038 1561 4101 σοῦ,
1583 4055 1713 4091 παν·

159 4134 381 4189 υμωμε,
413 4119 624 4188 τεχθεὶς
659 4121 1111 4192 ἀνερμηνεύτως,
1157 4127 1279 4188 τοὺς
1305 4125 1444 4178 οὕτω
1476 4143 1718 4197 συμφρο-

148 4209 386 4273 νοῦντας
424 4212 678 4276 διασώζει
718 4214 1126 4285 κραυγάζοντας
1151 4235 1166 4250 ·
1221 4217 1278 4270 '0
1320 4219 1426 4270 τῶν
1465 4220 1718 4291 πατέρων

153 4304 318 4374 ἡμῶν
343 4307 635 4378 εὐλογητὸς
661 4305 729 4373 εἴ,
758 4310 908 4372 Θεὸς.

239 4396 544 4466 ’Δγιωτέρα
563 4400 668 4450 τῶν
697 4399 806 4451 ἀνω
843 4400 1282 4470 στρατευμάτων,
1309 4402 1400 4452 καὶ
1440 4404 1718 4473 Χερουϐὶμ

1812 3317 2293 3396 cumscriptibilem
2329 3315 2580 3383 peperisti
2631 3315 2681 3364 in
2715 3326 2899 3375 carne,
2937 3311 3200 3364 mortiﬁca
3242 3327 3364 3380 pas-

1814 3406 1996 3460 siones
2027 3405 2208 3458 carnis
2251 3420 2400 3467 meae,
2454 3415 2506 3457 et
2541 3405 2776 3456 animam
2826 3417 2997 3455 meam
3047 3402 3361 3456 delictorum

1816 3505 1987 3549 morte
2020 3504 2349 3563 peremptam
2386 3502 2546 3560 atque
2579 3491 2900 3544 exstinctam
2940 3490 3170 3542 vivitica.

1886 3585 2100 3639 Naturae
2124 3585 2268 3651 leges
2289 3583 2340 3636 in
2377 3592 2427 3636 te
2451 3581 2840 3642 dissolvuntur,
2867 3579 3208 3632 ineti‘ahiliter
3223 3578 3365 3631 enim

1814 3678 2124 3731 Creatorem
2177 3676 2418 3728 omnium
2446 3674 2612 3743 paris.
2649 3688 2679 3725 0
2718 3671 2938 3739 Deipara
2970 3671 3219 3724 omnibus
3250 3671 3370 3723 lan-

1815 3769 1973 3820 dibns
2002 3766 2343 3829 celebranda,
2377 3764 2544 3818 Mater
2589 3773 2642 3817 et
2669 3761 2827 3831 Virgo
2854 3780 2865 3815 :
2897 3771 3149 3830 tanquam
3205 3761 3368 3814 Deum

1815 3858 2365 3936 etaliominem,',duas
2408 3855 2716 3908 voluntates
2751 3855 2998 3922 duasque
3027 3853 3370 3922 operationes

1819 3950 2126 4023 habentem.

1888 4041 1997 4110 96
2024 4039 2126 4104 Qui
2174 4053 2295 4092 cmn
2330 4036 2529 4106 duplici
2568 4036 2867 4097 voluntate,
2906 4050 2969 4088 ac
3000 4033 3202 4101 duplici
3247 4046 3372 4100 ope-

1820 4135 2028 4185 ratione
2054 4147 2118 4183 ex
2155 4141 2204 4183 te
2248 4127 2594 4180 ineﬂabiliter
2638 4134 2800 4178 natus
2835 4134 2941 4185 est,
2971 4139 3002 4176 ο
3057 4123 3368 4190 purissima,

1819 4238 1934 4286 eos,
1963 4221 2053 4288 qui
2097 4222 2197 4274 hoc
2238 4220 2378 4271 idem
2414 4219 2676 4280 sentiunt,
2710 4215 2887 4268 salvat
2914 4214 3249 4269 clamantes:
3279 4211 3374 4265 Be-

1820 4311 2066 4366 nedictus
2097 4308 2235 4362 Deus
2263 4316 2500 4376 patrum.
2952 4351 2954 4353 .

1892 4386 2144 4458 Sanctior
2186 4396 2438 4466 supernis
2491 4393 2840 4456 exercitibus,
2871 4400 2922 4444 et
2957 4390 3246 4443 Cheruhim
3283 4404 3376 4440 sn-

153 4485 458 4555 ὖπερτέρα,
504 4489 693 4557 Μῆτερ
733 4489 889 4553 Θεοῦ,
930 4491 1338 4562 ὲχρημάτισαςο
1383 4491 1462 4544 διὸ
1510 4491 1705 4564 βλάϐης

1831 4491 2035 4545 υιίιηίυι·
2067 4489 2205 4541 facta
2232 4503 2309 4551 es,
2345 4503 2377 4538 ο
2417 4485 2506 4538 Dei
2535 4485 2743 4538 Mater:
2782 4492 3066 4551 propterea
3105 4481 3376 4547 passioni-

154 4574 351 4626 παθῶν
388 4593 454 4642 με
483 4576 783 4648 ὑπέρτερον
817 4582 1060 4648 ποίησον.

225 4666 437 4728 Φωναῖς
468 4667 722 4735 Πατέρων
751 4671 1082 4737 πειθόμενοι,
1111 4671 1200 4724 δύο
1223 4674 1278 4724 ἐν
1300 4673 1524 4736 οὐσίαις,
1556 4674 1714 4742 ἁγνὴ,

154 4758 252 4808 καὶ
285 4756 532 4826 θελήσεσι
561 4759 649 4810 τὸν
678 4751 771 4812 ἕνα
794 4765 890 4831 τῆς
931 4763 1151 4830 Τριάδος
1188 4766 1249 4815 ὲκ
1276 4765 1366 4816 σοῦ
1405 4763 1718 4834 τικτόμενον

153 4849 370 4912 πιστῶς
421 4850 806 4922 ὁμολογοῦμεν,
870 4837 963 4905 καὶ
1031 4856 1109 4918 σὲ,
1157 4855 1426 4924 ιῐαρθένε,
1483 4855 1717 4925 μεγαλύ-

153 4957 344 4996 νηπεν.

1825 4585 1925 4636 bus
1954 4581 2132 4635 noxiis
2168 4595 2252 4633 me
2281 4580 2610 4647 superiorem
2639 4576 2807 4630 eliice.

1897 4675 2118 4728 Patrum
2153 4669 2380 4724 vocibus
2427 4667 2762 4728 obedientes,
2799 4665 2852 4716 in
2887 4663 3096 4715 duabus
3122 4655 3376 4713 substan-

1828 4766 1916 4818 tiis
1949 4779 2011 4817 ac
2047 4759 2416 4813 voluntatibus
2444 4773 2609 4810 unum
2638 4755 2919 4808 Trinitatis
2954 4769 3015 4805 ex
3045 4761 3114 4813 te,
3140 4765 3170 4801 ο
3205 4757 3374 4812 casta,

1829 4865 2034 4917 natum,
2077 4850 2300 4903 titleliter
2332 4847 2748 4908 confitemur,et
2782 4853 2852 4906 te,
2883 4858 2913 4894 ο
2953 4839 3134 4910 Virgo,
3175 4834 3381 4904 magni-

1825 4947 2071 4997 ticamus.

308 5053 390 5106 Ea:
446 5055 656 5110 Canone
689 5059 742 5110 in
781 5057 885 5112 SS.
922 5058 1282 5111 Aristarchum
1337 5058 1543 5111 l’udam
1578 5070 1622 5111 et
1667 5057 2008 5125 Trapliimum
2051 5074 2111 5110 ex
2151 5055 2418 5119 discipulis
2443 5053 2795 5118 septuaginta,
2829 5046 2910 5099 die
2963 5045 3026 5098 14
3062 5040 3238 5113 (59").

234 5171 306 5226 Ut
345 5188 438 5227 eos
485 5175 575 5242 qui
611 5175 899 5230 inferiores
960 5185 1113 5228 erant
1168 5193 1310 5229 nunc
1349 5178 1721 5244 superioribus

159 5265 521 5335 conjungeret
566 5265 705 5321 Deus
734 5269 801 5320 ob
843 5285 1125 5322 excessum
1181 5269 1564 5320 llllSCl'lCtH‘tilLB
1593 5283 1721 5329 Suae,

161 5355 658 5425 carncm'susccpit
693 5375 758 5411 ex
812 5370 879 5422 lc,
937 5377 967 5410 u
1022 5359 1299 5419 inviolata,
1342 5369 1393 5410 et
1431 5360 1726 5424 permansit

163 5447 237 5504 id,
271 5449 412 5513 quod
443 5459 575 5510 erat,
609 5450 769 5501 etiam
808 5460 927 5517 post
962 5449 1405 5502 incarnationem.

232 5539 399 5593 Lacte
437 5541 612 5592 nutris
640 5541 954 5594 nutritorcm
996 5543 1178 5594 mundi
1223 5540 1481 5603 universi,
1543 5551 1724 5594 nutum

241 5701 396 5770 (59“)
436 5698 620 5752 Grteea
657 5700 864 5758 desunt.

492 5793 758 5850 PnnoL.
800 5799 911 5853 (in.
962 5792 1084 5850 CV.

1828 5177 1944 5229 sine
1978 5177 2185 5230 semine
2232 5191 2296 5228 ex
2341 5171 2621 5241 impolluto
2672 5177 2824 5220 utero
2872 5174 2981 5224 tuo,
3015 5162 3102 5229 qui
3137 5157 3378 5210 homines

1829 5266 2179 5333 corruptione
2214 5264 2417 5332 peccati
2453 5259 2718 5313 contritos
2751 5254 3038 5323 reparavit.

1900 5358 2032 5409 Cum
2076 5359 2168 5414 sis.
2202 5372 2233 5410 ο
2272 5355 2544 5413 inviolata,
2573 5352 2746 5404 virtus
2784 5363 2921 5408 mea,
2971 5351 3023 5394 et
3072 5335 3380 5405 przesidium

1833 5464 2033 5511 meum,
2079 5462 2373 5515 murusque
2420 5439 2867 5510 inexpugnabilis,
2918 5443 2968 5485 et
3020 5428 3158 5495 apud
3214 5427 3379 5478 Deum

1832 5540 2059 5605 oratrix,
2092 5542 2158 5594 ab
2191 5537 2406 5592 aeternis
2442 5536 2700 5604 gehennze
2740 5525 2962 5584 ﬂammis
2995 5520 3167 5574 libera
3199 5533 3302 5570 me.

2960 5765 3037 5824 35
