3936 6304
514 360 646 422 1099

1628 363 1688 422 S.
1731 363 2035 422 JOSEPHI
2077 363 2644 453 IIYMNOGRAPIIl

3595 362 3741 428 ιιου

469 508 483 514 -
579 469 742 525 Sacer
769 471 896 524 olim
937 471 1104 525 lsaias
1145 473 1514 528 sacratissime
1562 489 1592 528 a
1642 476 1826 530 divino
1861 475 2062 543 Spiritu
2090 480 2140 539 Α
2164 491 2312 542 suos,
2349 487 2603 546 tanquam
2629 477 2736 546 97
2764 460 2952 534 divina.
2979 479 3187 551 fulgura
3215 494 3309 548 per
3336 479 3602 534 mundum
3632 482 3740 531 mi-

503 560 837 616 illuminatns
867 563 1115 615 clamavit
1140 582 1152 615 :
1180 563 1316 616 Ecce
1349 561 1506 633 Virgo
1535 565 1870 620 incarnatum
1890 565 2058 619 Deum

503 652 554 703 in
586 661 736 704 utero
767 653 1001 714 habebit,
1043 661 1264 721 propter
1315 653 1917 724 incomprehensibilem
1955 655 2059 710 mi-

500 741 849 794 scricordiam
884 742 1076 810 ipsius.

568 871 883 939 Peregrinus
917 881 1016 938 est,
1050 887 1083 928 ο
1112 875 1311 944 puella,
1347 887 1646 947 conceptus
1687 886 1848 943 tuus;
1898 892 2054 946 pere-

497 963 682 1029 grinus
720 963 945 1018 horrore
978 968 1276 1021 venerabili
1316 956 1525 1036 plenus
1559 979 1744 1038 partus
1781 977 1923 1031 tuus,
1958 967 2050 1037 qui

466 1065 467 1069 ‘
495 1055 777 1108 universos
809 1070 839 1107 a
881 1056 988 1109 Deo
1033 1060 1347 1127 peregrinos
1380 1057 1577 1124 factos,
1608 1061 1781 1114 eidem
1807 1059 2051 1114 reconci-

495 1149 606 1213 liat,
644 1164 708 1202 ac
740 1149 1024 1218 pristinam
1054 1153 1516 1220 pulchritudinem
1551 1155 1876 1222 impertitur.

559 1277 602 1330 Ο
633 1279 806 1344 beata,
842 1295 903 1334 ac
951 1286 1279 1349 veneranda,
1317 1287 1491 1362 magni
1540 1285 1754 1339 consilii
1787 1285 2049 1355 Angelum

493 1386 554 1422 rx
588 1370 791 1439 Spiritu
825 1387 1014 1428 sancto
1037 1377 1357 1444 corporasti,
1391 1377 1481 1445 qui
1514 1377 1723 1431 divinos
1757 1377 2053 1447 discipulos

561 1508 642 1561 Ea:
673 1508 883 1564 Conone
905 1511 956 1563 in
988 1510 1044 1565 S.
1077 1509 1400 1566 Crescentem
1434 1523 1740 1584 martyrem,
1770 1515 1854 1569 die
1891 1516 1970 1569 l5.

557 1684 871 1738 incarnatus
900 1691 1230 1753 est/propter
1272 1700 1553 1740 excessum
1589 1685 1942 1756 benignitatis
1979 1701 2042 1740 ex

489 1783 539 1826 te
570 1774 828 1827 Dominus
854 1817 865 1840 ,
898 1783 950 1827 et
983 1786 1201 1845 propter
1231 1791 1328 1829 nos
1355 1776 1548 1831 similis
1573 1777 1729 1830 nobis
1762 1777 2041 1845 apparuit,

483 1865 575 1932 qui
609 1873 799 1918 natura
839 1875 954 1918 erat
990 1866 1405 1930 inaccessibilis,
1437 1881 1597 1934 quem
1630 1866 1787 1919 enixe
1823 1880 2046 1934 precare

484 1969 581 2022 pro
618 1956 795 2019 nobis,
825 1968 858 2009 ο
889 1957 1047 2025 Virgo
1078 1957 1393 2024 purissima.

555 2045 720 2109 Illam,
753 2061 873 2113 quae
900 2048 1012 2098 sola
1044 2047 1187 2099 inter
1210 2048 1462 2102 mulieres
1489 2049 1647 2103 modo
1675 2047 2044 2115 inexplicabili
2091 2046 2093 2048 ’

484 2135 650 2190 Deum
691 2136 934 2204 peperit,
988 2137 1226 2191 universi
1270 2137 1552 2192 Dominam
1599 2139 1770 2194 sacris
1823 2138 2044 2192 vocibus

483 2225 834 2277 ltonorcmus.

551 2317 776 2370 Domina
802 2318 888 2370 illa
908 2317 1233 2378 castissima,
1257 2332 1377 2385 quae
1401 2326 1772 2371 creaturarum
1797 2322 2040 2372 omnium

480 2405 821 2462 Comlitorem
857 2407 1340 2474 stipernaturaliter
1376 2409 1534 2461 enixa
1581 2418 1684 2472 est,
1735 2408 1804 2484 ob
1839 2410 2040 2463 beneﬁ-

478 2495 618 2550 cium
653 2495 852 2564 pruprii
885 2495 1186 2564 plasmatis,
1222 2495 1490 2565 condigne
1521 2495 1878 2550 beatilicatur.

549 2585 864 2639 Laudamus
887 2595 960 2650 te,
1000 2600 1033 2639 ο
1067 2583 1293 2654 Deipara
1327 2585 1476 2639 omni
1509 2586 1665 2641 laude
1695 2587 2033 2656 dignissima,

477 2690 571 2746 per
621 2671 783 2743 quam
819 2690 848 2728 a
897 2675 1245 2744 corruptione
1290 2675 1503 2728 liberati
1549 2691 1771 2740 sumus,
1808 2686 1862 2731 et
1891 2677 1956 2730 ad
1988 2686 2037 2730 te

473 2768 770 2826 clamamus
799 2784 810 2818 :
837 2763 971 2830 Ave,
1005 2775 1303 2834 martyrum
1341 2765 1652 2820 exsultatio.

549 2855 828 2922 Tanquam
876 2855 1225 2924 ignifermem
1271 2855 1525 2909 thronum
1561 2855 1774 2910 Domini
1822 2855 2034 2910 univer-

473 2959 656 2998 sorum
685 2943 968 2998 laudamus
993 2953 1061 3005 te,
1098 2957 1129 2996 o
1155 2941 1339 2998 Puella
1367 2944 1659 3012 inviolataf,
1694 2955 1746 2998 et
1777 2955 2030 3014 tanquam

467 3034 766 3102 jucundum
795 3034 1070 3103 palatium,
1104 3043 1156 3088 et
1182 3035 1588 3098 candelabrum,
1627 3046 1679 3091 et
1711 3038 2029 3101 thalamum,

468 3133 520 3178 et
543 3139 781 3177 mensam
817 3123 908 3176 Dei
945 3123 1296 3192 receptricem
1326 3126 1682 3181 celebramus.

537 3213 790 3268 Sanctior
818 3213 1107 3268 Cherubim
1157 3213 1300 3270 facta
1329 3231 1408 3281 es,
1439 3232 1473 3271 ο
1502 3217 2023 3285 immaculatissima,

466 3303 642 3359 Verbo
680 3303 992 3374 concipiens
1044 3304 1276 3360 Verbum
1318 3304 1524 3374 Patris,
1573 3309 1718 3379 quod
1747 3311 2027 3366 laudantes

463 3397 760 3450 clamamus
799 3414 810 3448 :
840 3396 1120 3450 Benedicta
1149 3384 1208 3450 es
1241 3399 1381 3452 inter
1410 3399 1668 3455 mulieres
1688 3440 1701 3463 ,
1732 3416 1765 3454 0
1799 3400 2026 3455 Domina

463 3488 962 3541 intemeratissima.

532 3578 644 3646 98
692 3577 734 3630 0
791 3577 1144 3633 miraculum!
1200 3580 1486 3645 Quomodo
1544 3581 1708 3637 Deum
1771 3585 2023 3653 peperisti

462 3670 738 3722 hominem
773 3668 996 3732 factum,
1031 3686 1064 3724 ο
1096 3669 1204 3725 Deo
1243 3673 1605 3728 charissima?
1636 3677 1908 3745 quomodo
1939 3677 2022 3730 in-

462 3759 741 3812 combusta
788 3762 1168 3826 perseverasti,
1217 3777 1340 3816 cum
1396 3765 1573 3833 ignem
1630 3765 2020 3821 intolerabilem

460 3849 869 3903 continuisses?
900 3849 1084 3905 Merito
1109 3860 1160 3906 te
1184 3855 1352 3922 gratis
1377 3856 1597 3911 vocibus
1629 3857 2019 3926 gloriﬁcamus,

458 3952 508 3992 et
537 3942 832 3994 clamamus
868 3959 880 3993 :
914 3941 1106 3996 Omnia
1141 3960 1326 4010 onera,
1357 3957 1460 4000 etc.

526 4027 640 4083 Lux
672 4031 827 4085 nobis
866 4043 1054 4087 exorta
1100 4045 1203 4097 est,
1235 4051 1266 4088 ο
1297 4037 1503 4103 Puella,
1533 4052 1600 4092 ex
1631 4048 1782 4092 utero
1809 4047 1903 4093 tuo
1934 4039 2020 4093 ιιι-

457 4118 643 4185 cil'ero,
675 4119 937 4176 Conditor
993 4125 1122 4180 solis
1169 4138 1223 4181 ct
1251 4128 1393 4182 lunae
1438 4129 1688 4182 Christus
1723 4130 2017 4194 Dominus,

455 4226 613 4276 quem
663 4213 902 4281 impense
958 4231 1196 4283 precare,
1257 4229 1315 4272 ut
1374 4219 1586 4275 animas
1616 4230 1832 4276 nostras
1884 4222 2018 4276 lucis

455 4315 564 4354 sua:
591 4302 796 4372 fulgore
820 4306 1144 4373 aperiundat.

2171 568 2260 627 sit,
2304 577 2361 620 ut
2392 567 2576 621 ﬁdeles
2605 567 2953 624 illuminaret.

2241 657 2540 711 Humanam
2594 667 2841 712 naturam
2892 661 3266 716 contristatam
3330 669 3499 716 totam
3561 676 3740 715 reno-

2165 749 2322 812 vasti,
2365 763 2398 800 ο
2441 746 2622 816 Virgo,
2674 764 2816 804 novo
2848 762 3006 819 partu
3053 762 3179 817 tuo,
3213 761 3421 807 natura:
3450 751 3672 821 legibus
3705 765 3737 803 ι

2163 847 2216 891 te
2253 853 2416 906 supra
2469 846 2715 893 naturam
2767 839 3060 908 innovatis,
3115 857 3148 898 ο
3202 843 3370 912 gratia
3420 844 3576 912 plena
3646 841 3734 894 vi-

2163 928 2334 981 ventis
2359 926 2446 979 Dei
2479 927 2668 982 Mater.

2229 1017 2417 1073 Libera
2441 1033 2525 1073 me
2555 1036 2582 1072 a
2603 1018 2814 1076 ﬂamma
2846 1024 3120 1090 gehennae,
3147 1030 3202 1075 tu
3231 1037 3350 1092 qua:
3377 1036 3549 1076 iucem
3574 1028 3736 1074 into-

2158 1109 2430 1163 lerabilem
2462 1125 2627 1179 supra
2651 1111 2847 1166 mentis
2871 1119 3188 1180 conceptum
3218 1113 3494 1182 peperisti,
3518 1119 3570 1165 et
3597 1112 3735 1164 ani-

2159 1216 2300 1254 mam
2323 1215 2496 1253 meam
2530 1203 2764 1256 aceende
2790 1200 3064 1256 desiderio
3088 1210 3141 1256 et
3163 1187 3360 1257 ‘aﬂ'éctu
3388 1202 3734 1272 cognitionis

2161 1290 2304 1344 illius
2331 1291 2421 1358 qui
2458 1291 2633 1358 ignem
2674 1292 2820 1346 venit
2864 1291 3080 1346 mittere
3114 1293 3168 1346 in
3204 1304 3435 1360 terram,
3465 1308 3499 1348 ο
3535 1292 3734 1366 puella

2161 1381 2435 1445 inviolata,
2468 1383 2651 1436 divina
2683 1383 2853 1466 gratia
2880 1384 3334 1441 cumulatissime.

2166 1519 2263 1571 Ἐκ
2307 1519 2408 1572 τοῦ
2440 1520 2705 1584 Κανόνος
2740 1523 2827 1584 εὶς
2883 1519 2989 1572 τὸν
3014 1519 3209 1590 fartor
3255 1519 3523 1590 μάρτυρα
3568 1521 3732 1590 Κρέ-

2629 1605 2874 1657 σκεντα,
2911 1587 3098 1658 ἡμέρᾳ
3132 1587 3208 1644 ιε’.

2216 1699 2523 1769 Σαρκοῦται
2567 1695 2836 1773 ὑπερϐολῇ
2885 1703 3252 1773 χρηστότητος
3311 1705 3375 1757 ἐκ
3411 1703 3504 1757 σοῦ
3536 1706 3564 1756 ὁ
3595 1705 3727 1756 K6-

2077 1828 2117 1882 Β
2151 1807 2282 1858 ριος,
2335 1792 2429 1844 καὶ
2477 1792 2544 1844 δι’
2593 1794 2736 1862 ἡμᾶς
2785 1795 2976 1863 ὁρᾶται
3029 1794 3150 1846 καθ’
3194 1795 3341 1863 ἡμᾶς
3373 1795 3402 1847 ὁ
3447 1797 3513 1864 τῇ
3550 1793 3726 1862 φύσει

2147 1880 2455 1949 ἀπρόσιτος,
2487 1881 2545 1934 ὃν
2593 1883 2825 1946 ἐκτενῶς
2880 1884 3088 1936 ἱκέτευε
3149 1884 3288 1955 ὑπὲρ
3333 1884 3511 1955 ἡμῶν,
3566 1885 3722 1953 ἁγνὴ

2147 1972 2452 2041 πανὰμωμε
2463 2013 2474 2024 .
3099 2011 3103 2014 ι

2215 2061 2323 2130 Τὴν
2369 2061 2536 2130 μόνην
2575 2061 2630 2113 ἐν
2675 2063 2920 2129 γυναιξὶν
2975 2062 3393 2134 ἁνερμηνεύτως
3447 2064 3536 2116 τὸν
3573 2063 3720 2116 Θεὸν

2142 2148 2393 2213 τέξασαν,
2423 2150 2522 2219 τὴν
2551 2149 2645 2202 τοῦ
2692 2151 2890 2214 παντὸς
2924 2151 3224 2207 Δέσποιναν
3278 2150 3604 2221 ίερολογίαις
3632 2166 3721 2203 τις

2145 2240 2425 2307 μήσωμεν.

2222 2328 2284 2380 'H
2319 2329 2408 2380 τὸν
2447 2328 2686 2399 κτίστην
2739 2331 2993 2384 ἁπάντων
3038 2333 3145 2386 τῶν
3188 2333 3509 2402 ποιημάτων
3535 2333 3717 2401 ὑπερ-

2139 2417 2288 2485 φυῶς
2317 2419 2586 2488 κυήσασα,
2638 2422 2724 2472 ἐπ’
2753 2421 3041 2493 εὐεργεσίᾳ
3071 2424 3163 2476 τοῦ
3197 2423 3328 2477 ίδίου
3361 2424 3707 2494 πλάσματος,

2137 2509 2168 2576 ἡ
2210 2508 2481 2574 πάναγνος
2504 2511 2769 2564 Δέσποινα
2799 2512 3147 2583 ἀξιοπρεπῶς
3179 2515 3562 2586 μακαρίζιται.

2221 2596 2532 2668 ’Υμνοῦμέν
2553 2617 2633 2663 σε,
2671 2601 2737 2654 δι’
2789 2596 2858 2672 ἧς
2911 2606 3009 2674 τῆς
3056 2605 3260 2675 φθορᾶς
3291 2604 3708 2676 ὲλυτρὼθημιν,

2139 2689 2455 2757 πανὺμνητε
2485 2689 2737 2758 Θεοτόκε,
2769 2692 2862 2745 καὶ
2887 2692 3097 2763 βοῶμέν
3130 2711 3229 2747 σοι·
3264 2696 3457 2765 Χαῖρε,
3487 2696 3710 2766 μαρτύ-

2139 2795 2247 2848 ρων
2279 2779 2611 2849 ὰγαλλίαμα.
3043 2782 3054 2793 ⁸

2217 2870 2301 2932 Ὦς
2353 2871 2541 2940 θρόνον
2589 2872 2682 2926 τοῦ
2718 2875 2988 2928 Δεσπότου
3027 2875 3135 2928 τῶν
3179 2874 3314 2930 ὅλων
3356 2876 3709 2946 πυρίμορφον

2135 2959 2531 3030 ὑμνολογοῦμέν
2569 2979 2649 3029 σε,
2693 2965 2866 3034 Κόρη,
2899 2965 2992 3018 καὶ
3021 2966 3249 3036 τερπνὸν
3286 2967 3568 3031 παλάτιον,
3603 2967 3710 3021 καὶ

2132 3050 2367 3120 λυχνίαν,
2408 3054 2498 3107 καὶ
2529 3057 2794 3122 παστάδα,
2818 3058 2910 3111 καὶ
2941 3057 3240 3122 θεόδεκτον,
3271 3059 3532 3129 ἄχραντε,
3564 3058 3706 3128 τρά-

2050 3144 2093 3200 C
2131 3141 2317 3206 πεζαν.

2209 3232 2506 3305 ’Δγιωτέρα
2571 3255 2679 3290 των
2734 3240 3014 3311 Χερουϐὶμ
3074 3241 3282 3312 ὤφθης,
3355 3230 3701 3310 πανάμωμε,

2130 3324 2287 3393 Λόγῳ
2318 3325 2654 3381 συλλαϐοῦσα
2675 3329 2845 3397 Λόγον
2875 3331 2966 3383 τὸν
2995 3333 3090 3384 τοῦ
3124 3330 3357 3402 Πατρὸς,
3385 3332 3444 3384 δν
3464 3331 3702 3400 ὑμνοῦν-

2128 3432 2216 3476 τες
2241 3417 2624 3489 ἀνακράζομεν
2645 3435 2657 3449 ·
2693 3420 3038 3494 Εὐλογημένη
3061 3425 3125 3477 σὺ
3155 3425 3213 3476 ἐν
3237 3423 3483 3491 γυναιξὶν
3516 3423 3701 3493 ὑπάρ-

2127 3524 2260 3575 χεις,
2297 3509 2602 3579 πανάμωμε
2630 3511 2917 3567 Δέσποινα.

2196 3589 2266 3646 Ὦ
2314 3595 2531 3664 θαῦμαί
2570 3598 2686 3661 πῶς
2732 3600 2957 3662 τέτοκας
2990 3600 3120 3654 Θεὸν
3161 3601 3351 3672 βροτὸν
3374 3603 3696 3676 γενόμενον,

2126 3680 2517 3752 θεοχαρίτωτε;
2574 3687 2689 3749 πῶς
2725 3687 3133 3757 ἀκατάφλεκτος
3181 3690 3425 3760 ἔμεινας,
3484 3691 3594 3762 πῦρ
3628 3692 3698 3746 τὺ

2123 3771 2384 3825 ἄστεκτον
2437 3776 2763 3844 χωρήσασα;
2821 3779 3208 3849 Χαριστηρίοις
3234 3797 3294 3832 σε
3334 3783 3535 3850 φωναῖς
3564 3780 3696 3834 ὅθεν

2121 3860 2432 3931 δοξάζομεν,
2465 3866 2557 3916 καὶ
2585 3864 2795 3936 βοῶμεν
2818 3882 2833 3899 ⁸
2862 3867 3043 3921 Πάντα
3071 3871 3139 3922 τὰ
3169 3871 3328 3940 ἔργα,
3355 3889 3410 3925 κ.
3445 3888 3495 3924 τ.
3528 3870 3578 3924 λ.

2190 4039 2308 4104 Φῶς
2339 4043 2469 4111 ἡμῖν
2500 4042 2759 4110 ἀνέτειλε,
2804 4045 2986 4116 Κόρη,
3023 4047 3086 4099 ὲκ
3116 4049 3429 4120 φωτοφόρου
3459 4066 3551 4102 σου
3587 4066 3689 4118 νη-

2121 4131 2243 4194 δύος
2288 4133 2315 4185 ὁ
2360 4134 2696 4205 Δημιουργὸς
2729 4134 2820 4189 τοῦ
2863 4135 3013 4207 ἠλίόυ
3045 4138 3263 4207 καὶτῆς
3297 4140 3526 4211 σελήνης
3552 4141 3689 4210 Χρι-

2124 4224 2246 4286 στὸς
2271 4224 2299 4276 ὁ
2351 4225 2552 4295 Κύριος
2577 4240 2602 4301 Ἀ
2632 4228 2690 4281 ὃν
2727 4229 2956 4296 ἐκτενῶς
2998 4230 3226 4296 ἱκέτευε,
3277 4236 3689 4303 φωταγωγῆσαι

2120 4314 2216 4376 τὰς
2241 4314 2412 4384 ψυχὰς
2440 4319 2614 4387 ἡμῶν.

452 4430 538 4484 Ea:
581 4432 794 4486 Conone
830 4435 881 4488 in
937 4435 1064 4528 SISL
1099 4439 1344 4528 muliere}.
1393 4441 1640 4528 agapem,
1689 4442 1915 4510 Irenem,
1966 4455 2014 4499 et

2165 4449 2233 4499 Ex
2266 4448 2370 4501 τοῦ
2404 4452 2671 4528 Κρνόγος
2698 4454 2782 4517 εἰς
2815 4453 2931 4528 ιζὰςΔ
2955 4454 3127 4528 ἁγίας
3175 4456 3462 4528 γυναῖκας
3525 4457 3687 4528 Ἀγά·

969 4504 1263 4570 Chionium,
1291 4511 1374 4562 die
1409 4504 1492 4564 f6.

519 4608 674 4664 Paris
715 4610 1086 4677 incﬂ‘abiliter,
1127 4629 1160 4668 ο
1196 4614 1444 4682 Domina,
1480 4619 1628 4672 illum
1664 4636 1823 4689 quem
1854 4624 2013 4678 Pater

446 4700 568 4756 sine
617 4702 826 4756 semine
879 4706 1174 4773 generavit,
1224 4717 1277 4763 et
1311 4710 1572 4764 uberibus
1611 4714 1786 4769 nutris
1838 4715 2010 4782 illum,

445 4793 536 4860 qui
566 4793 734 4845 nutrit
769 4793 1044 4849 universa.

515 4880 724 4950 llumpc
770 4894 1112 4951 peccatorum
1163 4903 1410 4944 meorum
1453 4891 1675 4948 crudele
1725 4894 2009 4966 chirogra-

443 4973 626 5039 phum,
655 4987 686 5025 ο
719 4974 968 5042 Domina,
1006 4995 1127 5046 qua:
1157 4979 1513 5036 immaculato
1537 4991 1692 5051 partu
1731 4993 1823 5040 tuo
1871 4986 2010 5042 inle-

443 5076 621 5115 rorum
655 5064 867 5121 vincula
899 5068 1218 5126 dissolvisti.

510 5150 792 5208 Dominum
855 5159 1231 5214 universarum
1286 5172 1708 5230 creaturarum,
1752 5166 2003 5235 Domina,

438 5242 775 5297 incarnatnm
806 5251 1059 5317 peperisti
1097 5271 1109 5305 :
1146 5268 1306 5320 quem
1356 5254 1670 5322 deprecare,
1701 5272 1733 5311 ο
1774 5262 2006 5316 sanctis-

438 5331 599 5392 sima,
639 5344 693 5386 ut
718 5338 784 5388 ab
824 5341 980 5394 hoste
1012 5342 1328 5397 dominante
1357 5346 1549 5400 liberet
1581 5363 1703 5402 nos.

503 5417 778 5480 Intercede
807 5445 902 5497 pro
928 5449 1031 5496 me,
1062 5448 1094 5486 0
1121 5433 1325 5500 Puella,
1358 5447 1413 5490 ut
1442 5439 1698 5494 adveniat
1727 5442 1855 5496 mihi
1884 5445 2007 5500 linis

434 5511 644 5576 bonus;
683 5527 737 5569 ut
790 5522 1006 5574 lituram
1059 5527 1332 5582 cruciatus
1378 5546 1657 5601 nunquam
1705 5534 2004 5603 finiendos,

434 5603 528 5671 qui
562 5620 778 5660 tnanent
813 5628 914 5673 me,
951 5624 1001 5664 ct
1035 5614 1216 5670 salvus
1245 5620 1389 5673 tiam.

498 5694 739 5756 Tunicas
779 5705 965 5757 mortis
1025 5708 1271 5774 pelliccas
1306 5714 1570 5785 abjiciens
1617 5719 1786 5774 Adam
1840 5737 1867 5775 a
1919 5738 1998 5788 se,

2275 4532 2416 4584 πην,
2442 4521 2707 4588 Εἰρήνην
2749 4523 2847 4573 καί
2882 4525 3146 4588 Χιονίαν,
3181 4521 3373 4593 me”
3428 4521 3524 4592 ις’.

2187 4627 2398 4693 Τίκτεις
2437 4633 2854 4704 ἀνερμηνεύτως
2893 4637 2952 4690 ὃν
3004 4639 3188 4708 Πατὴρ
3227 4640 3546 4711 ἀρρεὑστως
3577 4644 3682 4694 ἁπ-

2120 4719 2402 4790 εγέννησε,
2437 4723 2531 4774 καὶ
2590 4725 2779 4793 μαζοῖς
2826 4727 3134 4799 διατρίψεις
3167 4730 3258 4782 τὸν
3290 4731 3360 4783 τὰ
3393 4732 3688 4802 σύμπαντα

2118 4809 2404 4878 τρέφοντα,
2435 4812 2718 4870 Δέσποινα.

2203 4902 2388 4970 Ῥῆξον
2423 4905 2529 4956 τῶν
2548 4906 2917 4979 πταισμάτων
2947 4929 3046 4982 μου
3080 4913 3251 4965 δεινὸν
3294 4913 3684 4983 χειρόγραφον.

2115 4991 2402 5058 Δέσποινα,
2454 4996 2486 5066 ἡ
2515 4997 2582 5050 τὰ
2616 4999 2788 5071 δεσμὰ
2833 5002 3040 5057 λύσασα
3082 5003 3171 5055 τοῦ
3207 5003 3333 5074 ᾅδου
3364 5006 3428 5074 τῇ
3461 5006 3684 5076 ἀσπόρῳ
3717 5035 3722 5047 ε

2113 5085 2301 5152 κυήσει
2339 5101 2454 5141 σου.

2185 5175 2614 5246 Σωματούμενον
2649 5181 2850 5254 Κύριον
2881 5183 3086 5248 ἔτεκες,
3117 5187 3314 5257 κυρία,
3361 5189 3544 5259 πάσης
3582 5190 3683 5257 τῆς

2110 5267 2371 5332 κτίσεως,
2403 5268 2460 5322 ὅν
2503 5272 2712 5326 ίκέτευι
2744 5277 3008 5346 ρυσθῆναι
3039 5280 3255 5350 ἐχθροῦ,
3288 5285 3553 5350 παναγία,
3586 5299 3680 5334 κυ-

2115 5357 2403 5425 ριευοντος.

2183 5449 2346 5510 Τέλος
2367 5467 2457 5518 μοι
2481 5455 2717 5523 χρηστὸν
2747 5461 3159 5528 προσγενέσθαι,
3189 5465 3364 5532 Κόρη,
3385 5463 3680 5535 τρέσσευε,

2108 5540 2254 5600 ὅπως
2285 5539 2433 5606 φοδῶ
2469 5545 2567 5607 τὰς
2597 5547 2860 5614 μενούσας
2885 5569 2956 5622 με
2984 5554 3373 5625 ἀτελευτήτους
3411 5558 3681 5628 τιμωρίας

2109 5632 2199 5682 καὶ
2231 5631 2583 5706 σωθήσωμαι.

2182 5722 2518 5795 Νεκρὼσεως
2545 5729 2903 5802 δερματίνους
2931 5738 3165 5808 χιτῶνας
3189 5741 3219 5792 ὁ
3260 5739 3430 5811 ’Δδὰμ
3471 5741 3682 5797 ἀποσα-
