3936 6304
533 348 666 411 1103

1647 353 1711 411 S.
1757 352 2069 412 JOSEPHI
2115 354 2670 415 lIYMNOGHAl‘HI

3639 352 3784 416 1104

525 456 841 524 ignorantiae
860 457 1096 510 tenebris
1119 466 1435 526 occupatam
1458 466 1546 524 ;ut
1563 457 1799 513 divinam
1825 471 2099 515 assecutus

2230 465 2612 534 ερατούμενον,
2645 467 2801 527 ὅπως
2855 465 3029 542 τυχὼν
3063 465 3204 518 Θείου
3249 461 3533 534 φωτιτμοῦ
3575 463 3648 517 τὰ
3683 479 3784 532 με·

525 547 966 610 illusuationem,
1019 549 1286 617 magnalia
1328 556 1418 602 tua
1471 552 1814 615 annuntiem,
1857 567 1888 605 o
1936 551 2097 621 Virgo

528 649 812 708 perpetua.

2205 556 2398 622 γαλεἰά
2427 574 2519 609 σου
2552 555 2924 624 καταγγέλλω,
2972 556 3342 627 Ἀειπάρθενε.

1157 756 1239 811 Ex
1287 758 1502 814 Canane
1563 763 1612 813 in
1661 760 1719 817 S.
1781 761 2028 814 Acacium
2079 765 2375 833 episcopum
2452 758 2725 835 Melitimc,
2764 770 2846 822 die
2882 769 2946 820 l7
2979 767 3133 838 (60‘).

597 871 700 936 Tu,
729 887 848 940 qua:
875 886 1074 925 arcano
1098 882 1260 941 atque
1290 873 1548 929 inellahili
1581 876 1738 929 modo
1768 876 1874 929 Deo
1903 890 2098 943 corpus

529 964 748 1026 dedisti,
803 973 853 1017 ct
893 981 987 1016 nos
1022 964 1266 1031 repulsos
1312 975 1475 1034 alque
1528 967 1757 1034 rejectos
1796 967 1970 1019 eidem"
2013 981 2097 1020 rc-

526 1055 852 1115 conciliasti,
875 1070 904 1106 0
932 1065 1076 1106 easta
1112 1055 1256 1105 omni
1290 1053 1449 1108 laude
1477 1055 1819 1123 dignissima,
1862 1052 2097 1118 medere,

527 1160 730 1214 quaeso,
761 1145 1104 1213 passionibus
1140 1145 1321 1197 cordis
1350 1145 1453 1198 mei
1493 1144 1746 1212 passione
1789 1144 1879 1195 ﬁlii
1915 1143 2014 1207 tui,
2050 1154 2103 1197 et

526 1238 734 1291 salvum
763 1252 847 1290 me
875 1235 957 1288 fac.
1000 1239 1315 1305 psallentem
1349 1236 1588 1304 quotidie
1620 1254 1630 1288 :
1668 1233 1918 1289 Gloriose
1948 1236 2090 1288 enim

527 1330 857 1398 gloriﬁcatus
887 1345 965 1390 cs,
992 1342 1094 1382 ete.

594 1419 639 1474 0
672 1433 844 1490 porta,
879 1438 974 1490 per
1008 1438 1166 1490 quam
1211 1418 1339 1472 nulli
1379 1419 1641 1471 transitus
1687 1426 1870 1486 patet,
1917 1419 2092 1487 poeni-

525 1513 708 1564 tentia:
742 1521 949 1580 portas,
984 1527 1014 1564 0
1054 1523 1220 1575 casta,
1250 1509 1397 1579 aperi
1430 1511 1586 1576 mihi,
1613 1520 1666 1564 et
1695 1511 1745 1561 in
1777 1511 1893 1564 vias
1921 1521 2098 1564 rectas

525 1603 697 1672 dirige
730 1619 835 1658 me.
1809 1671 1812 1674 _

598 1693 843 1758 Vivilica,
889 1693 1136 1759 Domina,
1174 1710 1258 1747 me
1299 1703 1574 1749 mortuum
1614 1702 1712 1748 :et
1755 1693 1809 1747 in
1856 1706 2093 1746 errorem

525 1787 806 1841 inductum
875 1787 1125 1840 celeriter
1165 1796 1418 1839 converte
1463 1800 1567 1848 me,
1601 1794 1655 1837 tu
1689 1799 1807 1852 quae
1835 1797 1893 1836 es
1920 1782 2001 1835 via
2036 1782 2103 1835 ab
2134 1797 2175 1850 Β

523 1876 673 1928 omni
709 1892 891 1929 errore
917 1877 1106 1940 libera,
1135 1885 1295 1944 atque
1322 1875 1567 1928 omnium
1611 1873 1984 1926 manuductio.

594 1967 696 2032 Qui
738 1967 884 2020 nullo
943 1969 1101 2019 modo
1142 1966 1414 2020 Genitoris
1463 1968 1639 2019 sinum
1680 1979 1907 2018 vacuum
1961 1962 2088 2016 reli-

527 2069 740 2130 querat,
768 2060 912 2113 omni
939 2059 1242 2113 substantia
1269 2058 1536 2125 superior,
1562 2057 1614 2109 in
1644 2055 1767 2109 sinu
1799 2065 1892 2108 tuo
1918 2052 2096 2107 infans

525 2152 796 2208 contineri
829 2151 980 2205 visus
1009 2159 1114 2213 est,
1143 2167 1176 2204 ο
1205 2150 1402 2219 Virgo;
1436 2148 1705 2217 accipiens
1731 2146 1832 2201 sibi
1869 2143 2098 2214 panper-

528 2252 691 2297 tatem
722 2257 922 2306 meam,
958 2243 1026 2297 ob
1048 2257 1330 2296 excessum
1362 2241 1676 2295 divitiarum
1710 2238 2101 2309 misericordia:

527 2350 669 2389 suae.

2268 883 2464 938 Mentis
2499 901 2633 939 mete
2683 885 3032 948 mutationes,
3079 891 3132 936 et
3173 883 3354 938 cordis
3391 882 3793 937 ﬁuctuationcs

2197 990 2499 1044 compesce,
2516 992 2722 1041 precor,
2752 993 2782 1029 ο
2803 975 2988 1046 Virgo,
3010 975 3374 1029 misericordia
3407 983 3522 1039 tua,
3544 983 3594 1027 et
3617 988 3791 1042 apec—

2196 1077 2338 1132 cato,
2369 1085 2477 1138 quo
2508 1071 2753 1123 ιΙοιίηροι·
2795 1070 3012 1138 ligatus,
3047 1067 3218 1121 libera
3251 1082 3359 1131 me,
3396 1066 3491 1135 qni
3549 1075 3603 1120 te
3651 1069 3793 1118 tide-

2201 1159 2322 1212 liter
2364 1161 2573 1214 beatam
2603 1162 2834 1230 appello.

2269 1271 2364 1338 Te,
2396 1283 2455 1327 ut
2485 1289 2701 1327 causam
2755 1282 2952 1326 nostra:
2994 1271 3208 1334 salutis,
3265 1284 3456 1324 omnes
3508 1269 3663 1323 servi
3712 1269 3790 1321 tui

2205 1365 2448 1433 quotidie
2474 1366 2783 1427 laudamus,
2817 1380 2849 1418 ο
2879 1363 2991 1417 Deo
3033 1355 3389 1429 charissima,
3423 1370 3475 1415 et
3503 1377 3636 1415 cum
3689 1360 3795 1412 ﬁde

2207 1457 2415 1511 beatam
2445 1457 2799 1526 appellamus,
2825 1457 3100 1510 dicentes:

2274 1571 2317 1624 0
2365 1573 2562 1641 puella,
2613 1587 2732 1638 quae
2778 1587 2836 1624 es
2886 1569 3306 1637 incorruptionis
3351 1567 3648 1628 ﬂuentum,
3705 1581 3793 1618 me

2200 1663 2558 1731 plurimorum
2584 1674 2926 1732 peccatorum
2971 1659 3415 1713 inundationibus
3432 1665 3790 1725 corruptum,

2205 1754 2425 1823 dignum
2463 1754 2547 1808 fac
2579 1754 2858 1807 curatione
2885 1762 2996 1815 tua,
3022 1768 3054 1805 ο
3081 1751 3262 1820 Virgo.

2272 1880 2433 1936 Lucis
2468 1882 2635 1947 illius,
2663 1898 2782 1950 qua:
2809 1882 3135 1935 illuminavit
3171 1882 3443 1944 universa,
3471 1881 3790 1948 jucundum

2202 1973 2633 2038 propitiatorium
2677 1990 2859 2027 revera
2900 1974 3224 2043 apparuisti,
3255 1990 3286 2026 0
3333 1973 3496 2042 Virgo
3535 1982 3654 2026 tota
3701 1972 3791 2023 lu-

2203 2064 2355 2126 cida;
2390 2075 2670 2132 propterea
2700 2066 2850 2134 101
2891 2066 3132 2118 illumina
3180 2081 3266 2119 me
3310 2074 3668 2133 peccatorum
3708 2071 3791 2114 te-

2203 2153 2389 2206 nebris
2420 2153 2742 2219 involutum,
2791 2164 2846 2207 ut
2888 2164 2938 2209 te
2975 2169 3093 2208 cum
3129 2154 3232 2208 lide
3262 2153 3610 2222 magniﬁcare
3650 2165 3792 2220 p05-

2204 2261 2325 2298 Slﬂl.

1435 2448 1517 2499 Ea:
1544 2447 1756 2501 Catiane
1780 2446 1832 2498 in
1866 2443 1922 2501 S.
1959 2439 2286 2500 Theodorum
2314 2460 2614 2520 martyrem,
2656 2454 2740 2503 die
2773 2452 2854 2504 l9.

597 2574 686 2627 Ille
712 2572 825 2641 qui,
860 2567 1157 2624 secundum
1193 2575 1466 2628 naturam,
1501 2566 1674 2618 lucem
1709 2564 1917 2618 habitat
1949 2563 2097 2617 inac-

524 2665 859 2724 ccssibilem,
898 2676 1019 2713 cum
1064 2661 1364 2713 habitasset
1402 2658 1456 2710 in
1504 2666 1659 2710 utero
1693 2667 1818 2717 tuo,
1855 2669 1887 2705 ο
1920 2655 2097 2722 puris-

526 2758 684 2817 sima,
720 2753 974 2807 ineffabili
1013 2750 1386 2804 misericordia
1417 2764 1514 2801 sua
1557 2745 1698 2800 fecit
1722 2761 1822 2798 nos
1854 2743 2100 2798 Paradisi

525 2848 888 2904 habitatores,
949 2857 1012 2895 ex
1065 2857 1175 2910 quo
1228 2850 1448 2907 propter
1493 2836 1759 2904 serpentis
1805 2834 2135 2895 invidiam,‘

523 2938 799 2993 amandati
835 2946 997 3004 atque
1027 2935 1184 3004 ejecti
1212 2934 1512 2988 fueramus.

595 3029 690 3082 ille
723 3027 814 3096 qui
853 3027 1153 3080 secundum
1190 3040 1343 3078 suam
1383 3031 1630 3076 naturam
1669 3022 1926 3075 immunis
1956 3031 2038 3075 est
2067 3036 2096 3073 a

2198 2659 2404 2713 ollicina
2459 2678 2471 2714 :

2270 2569 2405 2624 Ecce
2461 2585 2618 2624 mons
2668 2580 2890 2625 sanctus
2932 2587 2945 2623 :
2997 2581 3122 2624 ecce
3168 2568 3496 2622 aromataria
3549 2566 3792 2636 spiritus

2551 2677 2675 2715 ecce
2730 2677 2884 2730 pons,
2937 2662 3026 2729 qui
3085 2675 3272 2715 omnes
3326 2670 3668 2728 transportat
3721 2659 3792 2712 ad

2201 2753 2391 2816 Deum,
2429 2751 2520 2804 Dei
2549 2752 2718 2805 Mater
2752 2752 2962 2822 puella;
2989 2767 3149 2821 quam
3183 2750 3393 2804 beatam
3429 2751 3712 2805 dicamus.

2272 2863 2708 2932 Pr0pitiatorium
2758 2872 2873 2917 esto
2912 2863 3078 2928 mihi,
3108 2878 3140 2916 ο
3189 2862 3547 2917 illibatissima
3572 2899 3586 2923 .
3630 2862 3790 2930 apud

2203 2970 2325 3009 eum
2358 2956 2446 3024 qui
2475 2971 2537 3008 ex
2570 2966 2618 3008 te
2653 2964 2810 3010 natus
2836 2964 2938 3018 est,
2969 2956 3212 3024 gravium
3245 2956 3546 3009 debitorum
3575 2954 3787 3007 remis-

2206 3046 2412 3100 sionem
2465 3047 2762 3115 impetrans
2795 3047 2960 3110 mihi,
3007 3055 3059 3099 et
3087 3047 3328 3100 divinum
3361 3047 3514 3116 regni
3557 3044 3655 3100 Dei
3693 3048 3786 3099 in-

524 3135 785 3223 tempo-l-e,
817 3127 974 3172 natus
1004 3127 1153 3216 exite
1182 3117 1233 3168 in
1267 3112 1888 3223 similitudinemfarnis
1924 3111 2097 3223 factus
2124 3169 2165 3223 C
2206 3152 2449 3204 gressum
2473 3178 2486 3203 ’
2522 3148 2575 3192 οι
2620 3138 2930 3193 deliciarum
2966 3137 3283 3193 frumonem
3309 3179 3322 3204 ν
3353 3138 3595 3207 lucisque
3631 3152 3785 3192 com

522 3223 604 3265 est
633 3214 734 3264 sub
767 3219 1040 3275 tempore,
1077 3206 1364 3274 ignoscetis
1418 3202 1806 3271 temporalibus
1855 3202 2094 3271 peccatis

523 3304 658 3357 meis
698 3311 914 3370 propter
957 3295 1284 3351 ineﬁabilcm
1321 3295 1573 3365 pietatem
1617 3309 1796 3354 suam,
1837 3308 1868 3348 ο
1899 3293 2093 3346 imma-

521 3393 877 3448 culatissima.

591 3489 722 3541 Sine
752 3494 941 3554 partus
966 3481 1251 3535 doloribus
1279 3477 1468 3543 Deum,
1496 3477 1589 3546 qui
1614 3489 1840 3543 corpore
1856 3474 2094 3536 carebat,

498 3579 774 3650 peperisti
803 3617 815 3641 ,
853 3590 885 3628 ο
916 3573 1094 3642 puella
1142 3590 1154 3625 :
1186 3570 1278 3639 qui
1310 3569 1475 3622 Evam
1526 3567 1755 3636 primam
1813 3573 2039 3617 matrem
2069 3579 2097 3616 a

521 3671 801 3726 doloribus
848 3675 1039 3737 partus
1072 3661 1364 3723 liberavit,
1401 3669 1458 3712 et
1495 3674 1528 3711 a
1571 3655 1854 3710 doloribus
1903 3653 2099 3708 inferni

521 3763 751 3818 redemit
775 3775 889 3820 cos,
920 3758 1010 3827 qui
1039 3756 1199 3808 vitam
1231 3749 1512 3806 doloribus
1541 3759 1703 3818 atque
1732 3746 1964 3800 miseriis
1990 3745 2100 3814 ple-

525 3872 649 3910 nam
675 3853 958 3921 degebant.

588 3942 634 3998 0
668 3940 961 4011 purissima
990 3979 1002 4000 ,
1039 3951 1158 4005 quae
1210 3931 1325 3988 sola
1356 3930 1587 4001 proprie,
1615 3943 1678 3983 ac
1713 3941 1835 3982 vere
1870 3940 1928 3981 es
1969 3926 2092 3980 Dei-

524 4053 674 4108 para,
721 4033 1009 4088 corrobora
1043 4043 1124 4081 me
1163 4034 1220 4078 ut
1253 4025 1594 4094 passionum,
1636 4035 1867 4090 quarum
1905 4032 2094 4072 servus

516 4129 699 4182 factus
723 4140 865 4187 sum,
890 4120 1157 4177 dominari
1184 4116 1411 4187 possim,
1437 4123 1705 4183 quatenus
1727 4112 1893 4165 libera
1916 4119 2095 4164 mente

519 4220 763 4291 gaudens
789 4225 838 4271 te
859 4212 1185 4275 beatiﬁcem,
1217 4223 1248 4263 ο
1274 4208 1422 4262 salus
1448 4205 1709 4260 ﬁdelium.

2203 3229 2455 3282 sortium.

2275 3343 2319 3398 0
2350 3344 2635 3399 ineﬁabilis
2667 3345 2905 3414 mysterii
2945 3344 3393 3413 profunditatem!
3428 3343 3475 3398 ls
3508 3345 3597 3414 qui
3638 3345 3782 3398 olim

2207 3451 2368 3489 manu
2399 3435 2684 3508 plasmavit
2707 3436 3003 3498 hominem,
3037 3435 3334 3502 plasmatur
3360 3449 3577 3488 carnem
3605 3449 3782 3489 assu-

2209 3541 2360 3580 mens
2415 3513 2626 3578 ulerum
2664 3523 2897 3593 Virginis
2933 3535 3202 3593 perpetua:
3245 3525 3546 3596 ingressus,
3577 3535 3633 3579 et
3664 3527 3780 3582 sal-

2206 3625 2298 3671 vat
2326 3633 2430 3684 mc,
2472 3632 2594 3671 cum
2625 3616 2818 3670 timore
2843 3618 3186 3672 clamantem.

2285 3751 2437 3820 102
2472 3750 2715 3804 lllumiua
2743 3766 2954 3819 semper
2986 3752 3172 3805 oculos
3203 3751 3396 3804 animae
3427 3766 3578 3814 meat,
3608 3766 3645 3806 ο
3683 3751 3778 3808 Dei

2207 3844 2439 3913 genitrix
2499 3861 2511 3896 :
2554 3858 2618 3896 ne
2662 3858 2748 3895 me
2796 3840 3232 3910 profundissimat
3280 3843 3482 3909 peccati
3534 3845 3778 3898 tenebrat

2201 3933 2692 4002 comprehendant;
2746 3949 2918 4002 neque
2954 3932 3349 4000 desperationis
3397 3932 3628 4002 abyssus
3675 3936 3776 3988 ab-

2200 4025 2414 4078 sorbeat
2445 4041 2528 4078 me
2560 4043 2571 4077 :
2605 4025 2697 4079 sed
2724 4034 2778 4078 tu
2813 4040 2894 4078 me
2920 4024 3090 4088 salva,
3119 4033 3172 4077 et
3206 4024 3466 4094 guberna,
3498 4025 3772 4094 protectio

2205 4118 2467 4181 ﬁdelium,
2502 4133 2622 4187 qum
2661 4133 2766 4171 non
2804 4117 3174 4173 confunditur.

1611 4321 1694 4374 Ex
1724 4322 2014 4391 Cattone_in
2049 4319 2107 4373 S.
2141 4316 2486 4380 Theodorum,
2517 4316 2601 4368 die
2632 4316 2722 4371 20.

598 4477 710 4531 Nos
741 4489 836 4543 per
870 4483 920 4525 te
942 4512 954 4534 ,
987 4486 1019 4524 ο
1053 4472 1228 4539 puella
1256 4512 1269 4534 ,
1307 4467 1533 4531 saivati;
1566 4475 1617 4519 te
1649 4458 2095 4518 immaculatissi»
2130 4466 2175 4521 D

527 4582 671 4622 mam
723 4568 862 4616 inter
916 4565 1206 4626 mulieres,
1262 4559 1464 4627 Deique
1503 4558 1832 4610 Genitricem
1888 4551 2101 4622 hymnis

528 4666 740 4716 beatam
773 4671 1155 4723 nuncupamus
1179 4695 1192 4717 ,
1224 4662 1278 4707 et
1311 4652 1440 4705 Illud
1477 4649 1763 4712 Gabrielis,
1793 4650 1923 4712 Ave,
1953 4646 2018 4698 ad
2055 4655 2103 4696 te

528 4754 848 4808 clamamus.
893 4751 1024 4812 Ave,
1067 4762 1099 4800 ο
1151 4759 1316 4799 causa
1353 4742 1756 4796 reformationis
1806 4741 2100 4806 primorum

527 4851 833 4912 parentum.

598 4934 674 4988 Te
706 4935 800 4986 Dei
837 4929 1164 4985 Genitricem
1209 4927 1574 4983 castissimam
1608 4921 1839 4991 puellam
1887 4929 2107 4974 sancto-

531 5045 649 5083 rum
679 5026 913 5094 populus
949 5036 1250 5093 agnoscens
1274 5060 1288 5084 ,
1325 5035 1357 5073 o
1389 5016 1735 5073 sanctissima
1759 5054 1771 5075 ,
1807 5011 2108 5079 splendoris

534 5121 609 5174 tui
643 5118 762 5170 luce
796 5116 1083 5169 irradiatus
1107 5123 1207 5176 est,
1241 5122 1470 5178 etpnunc
1510 5111 1561 5162 iu
1595 5106 1748 5159 oculis
1785 5115 1832 5158 te
1857 5107 2108 5177 depreca-

536 5223 642 5270 tur,
673 5186 905 5261 i’erbum
940 5223 1004 5260 ex
1037 5216 1085 5258 te
1112 5213 1359 5258 exortum
1393 5217 1516 5257 cum
1550 5198 1745 5267 gaudio
1772 5196 2105 5266 glerilicans,

535 5323 566 5352 υ
591 5301 752 5354 Maria
776 5314 968 5368 sponsa
998 5299 1111 5351 Dei.

608 5393 903 5445 Thalamus
951 5386 1379 5442 immortalitatis
1414 5390 1599 5434 venter
1629 5389 1752 5433 tuus
1790 5380 1960 5432 factus
1997 5389 2098 5439 est,

545 5484 700 5548 γίνεςο
747 5481 1038 5542 inviolata;
1097 5493 1160 5529 ex
1214 5491 1321 5545 quo
1371 5486 1597 5540 sponsus
1661 5470 1922 5522 Dominus
1978 5484 2098 5520 cum

539 5572 822 5644 splendore
859 5567 1176 5637 procedens,
1210 5573 1521 5620 sanctorum
1562 5561 1790 5630 p0pulos
1820 5558 2061 5612 attraxit.

2275 4458 2328 4511 lu
2359 4458 2489 4511 hora
2522 4455 2797 4510 tremenda
2822 4454 3012 4524 judieii
3046 4455 3193 4509 salva
3223 4471 3329 4518 me,
3353 4465 3406 4509 ct
3432 4456 3634 4510 redime
3667 4472 3772 4522 me,

2207 4566 2237 4601 ο
2264 4550 2603 4604 sanctissima
2634 4589 2646 4612 ,
2681 4558 2733 4602 et
2761 4561 2786 4599 a
2823 4549 3065 4616 gehenna
3100 4549 3247 4617 eripe
3283 4565 3399 4612 me;
3435 4560 3491 4602 ut
3521 4559 3572 4603 te
3601 4551 3778 4604 beati-

2211 4643 2385 4705 ﬁcem,
2416 4651 2467 4696 et
2493 4639 2700 4694 meritis
2727 4639 2977 4694 laudibus
3011 4640 3294 4703 honorem,
3319 4657 3351 4694 0
3383 4642 3775 4695 immaculatis-

2208 4738 2365 4788 sima.

2283 4825 2359 4878 Tu
2391 4826 2526 4887 sola,
2556 4839 2588 4878 ο
2618 4823 2893 4881 inviolata.
2921 4822 3084 4876 vitam
3110 4822 3490 4877 subsistentem
3516 4821 3774 4890 genuisti,

2212 4916 2468 4970 factorem
2503 4915 2746 4970 omnium
2779 4929 2840 4968 ac
2869 4912 3181 4978 Dominum,
3211 4928 3366 4982 quem
3398 4927 3584 4966 amans
3613 4927 3776 4966 sanc-

2214 5018 2387 5059 torum
2423 5005 2641 5058 Patrum
2684 5001 2973 5056 multitudo
2995 5040 3009 5064 ,
3043 5003 3183 5070 piam
3224 5010 3576 5070 sanctamque
3606 5001 3775 5056 vitam

2217 5096 2472 5151 traduxit.

2281 5189 2562 5255 'l'anquam
2591 5187 2892 5256 pulchram,
2925 5197 3182 5253 tanquam
3214 5185 3511 5255 speciosam
3539 5186 3776 5240 Verbum

2212 5278 2514 5346 speciosum
2562 5289 2611 5330 te
2657 5278 2876 5341 dilexit,
2926 5292 2957 5330 ο
3007 5277 3228 5340 illibata,
3264 5288 3524 5347 tuumque
3562 5288 3776 5330 uterum

2213 5370 2552 5434 inhabitavit,
2586 5371 2653 5422 ub
2678 5382 2918 5422 nostrum
2951 5369 3186 5422 ﬁdelium
3219 5370 3670 5438 redemptionem.

2285 5462 2463 5515 Innuit
2512 5471 2560 5515 te
2601 5463 2768 5514 rubus
2799 5461 2904 5523 ille,
2939 5477 2970 5514 ο
2999 5461 3495 5523 intemeratissima,
3530 5461 3623 5530 qui
3659 5460 3781 5528 igne

2212 5553 2581 5609 circumdatus
2618 5553 2759 5606 nulla
2803 5568 2864 5606 ex
2899 5553 3532 5623 partecomburebatur:
3576 5553 3778 5607 etenim

608 5749 742 5820 (60‘)
775 5746 958 5799 Graeca
989 5743 1146 5814 huius
1173 5739 1393 5794 canonis
1415 5748 1466 5792 et
1490 5738 1718 5793 duorum
1751 5733 2091 5804 sequentium
2135 5732 2510 5787 desiderantur
2545 5726 2594 5779 in
2624 5725 2837 5780 Menaeis
2869 5727 3167 5796 impressis.
