3936 6304
159 274 344 357 1105,

1615 286 1980 346 ΜΑΒιΑιΕ.

3259 282 3407 358 ιισσ

153 396 467 451 divinitatis
491 397 665 468 ignem
695 399 936 470 gestasti,
963 400 1054 467 qui
1085 408 1154 464 te,
1177 416 1210 453 υ
1235 400 1417 467 Virgo,
1450 401 1567 455 sine
1588 417 1733 455 com-
1764 409 1808 463 Α
1839 400 2129 472 peperisti;
2188 404 2333 471 quod
2396 419 2494 474 pro
2520 407 2677 462 nobis
2735 401 2817 463 ne
2858 420 3039 462 cesses
3102 406 3400 478 deprecari.

156 490 423 545 bustione
458 492 733 556 servavit,
763 498 817 547 et
843 499 964 560 post
988 499 1202 560 partum
1239 489 1509 560 Virginem
1545 490 1729 544 incor-

155 594 382 651 ruptam
416 583 730 638 custodivit.

239 673 397 744 103
474 673 726 742 Speciosa
803 672 971 726 facta
1025 671 1358 726 ornamentis
1439 672 1732 735 virtutum,

155 773 217 818 et
272 780 560 819 aurearum
633 764 970 818 ﬁmbriarum
1038 764 1294 818 varietate
1358 765 1732 825 circumdata.

159 869 197 909 ο
238 853 421 926 Vigo,
457 855 757 923 speciosum
791 871 952 924 super
996 870 1184 910 omnes
1212 854 1459 908 homines
1501 852 1734 907 Verbum

1911 493 2072 547 Lucis
2122 493 2489 551 habitaculum
2527 482 2712 555 uterus
2743 508 2872 555 tuus
2908 500 3085 554 factus
3127 508 3242 564 est,
3281 515 3403 570 quas

1843 583 2111 640 mundum
2131 584 2428 641 divinitatis
2447 589 2827 658 splendoribus‘
2847 591 3174 647 illuminavit
3198 610 3212 645 :
3249 601 3402 662 porta

1842 674 1973 730 solis
2003 673 2214 742 gloriae,
2246 675 2639 742 gratiosissitna
2667 680 2816 742 inter
2846 674 3105 737 mulieres
3130 719 3145 744 ,
3181 689 3374 738 sancto

1842 781 1963 820 rum
1996 765 2268 835 gloriatio,
2296 769 2634 824 sanctissima
2663 781 2821 842 atque
2849 774 3073 844 optima.

175 1015 287 1068 Ἐκ
333 1013 439 1089 τοᾷ
479 1012 741 1089 Κανόνος
793 1015 881 1089 είς
926 1011 1033 1089 τόν
1083 1011 1254 1089 ἅγιον
1285 1011 1579 1089 έιῆρτυραΔ
1621 1011 1735 1064 Ἰα-

1858 1007 1918 1062 Ex
1963 1006 2176 1063 Canone
2226 1007 2281 1060 in
2319 1007 2378 1064 S.
2419 1010 2775 1089 Januarinm,
2805 1022 2852 1068 et
2890 1017 3058 1070 socios
3106 1025 3398 1087 martyres,

279 1082 586 1150 νουὰριον,
615 1083 713 1136 καί
752 1083 891 1148 τοὺς
921 1082 1042 1135 σὺν
1071 1081 1252 1146 αὐτῷ,
1283 1081 1470 1150 ἡμέρῃ
1503 1087 1606 1134 κα.

244 1218 527 1286 Μακάριός
577 1218 721 1270 ἐστιν
772 1219 799 1269 6
828 1217 973 1279 λαὸς,
1027 1216 1279 1280 Θεοτόκε,
1331 1215 1626 1282 ὁδοξάζων
1676 1234 1732 1269 σε

165 1307 312 1360 Θεοῦ
344 1307 566 1376 Μητέρα
584 1306 788 1376 ἀψευδῆ
807 1308 898 1359 καὶ
921 1305 1005 1358 ἀεὶ
1025 1303 1344 1375 μακαρίζων
1370 1321 1448 1368 σε,
1471 1305 1728 1374 άχραντε,

2520 1081 2604 1135 die
2627 1083 2718 1139 21.

1907 1212 2104 1270 Beatus
2131 1216 2384 1286 populus,
2417 1231 2449 1271 ο
2481 1215 2731 1286 Deipara,
2759 1218 2852 1288 qui
2883 1226 2932 1274 te
2958 1234 3142 1273 veram
3170 1219 3262 1274 Dei
3285 1219 3398 1274 Ma-

1840 1307 1970 1353 trem
2019 1302 2322 1371 glorilicat,
2361 1319 2682 1375 semperque
2717 1306 3006 1371 beatificat,
3046 1309 3398 1376 quemadmo-

167 1396 359 1458 καθὼς
422 1399 688 1466 προεῖπας
761 1395 918 1468 ίερῶς
981 1393 1418 1465 προφητεύουσα,
1502 1393 1738 1463 ὁπηνίκα

1858 1389 1983 1454 lum,
2025 1407 2057 1446 o
2093 1393 2436 1448 immaculata
2464 1408 2483 1459 ,·
2513 1388 2934 1467 praedixisti'per
2959 1412 3174 1452 sacrum
3200 1392 3400 1454 vatici-

166 1487 410 1556 Χριστὸν
440 1486 586 1540 ἔνδον
616 1486 832 1556 ἔφερες.

258 1577 444 1647 Ῥῆξον
470 1579 569 1640 τὰς
595 1579 800 1648 σειράς,
825 1578 1126 1647 Θεόνυμφε,
1161 1573 1266 1627 τῶν
1294 1575 1574 1645 ἁμαρτιῶν
1612 1591 1734 1644 μου,

166 1671 203 1738 ὴ
234 1669 307 1724 τά
337 1669 504 1740 δισμά
525 1669 861 1742 διαρρήξασα
895 1669 962 1722 τά
990 1669 1082 1721 τοῦ
1110 1667 1236 1738 ᾅδου
1282 1666 1357 1736 τῷ
1385 1665 1589 1736 τοκετῷ
1620 1682 1734 1731 σου,

170 1763 274 1814 καὶ
296 1763 466 1832 χαρᾶς
499 1761 677 1815 πάντα
713 1760 1071 1830 πληρώσασα.
1399 1804 1407 1810 .

247 1851 652 1919 Μεγαλύνωμεν
683 1851 780 1918 τὴν
813 1850 978 1918 μόνην
1017 1847 1413 1917 εὐλογημένην,
1445 1845 1512 1899 δι’
1541 1841 1607 1917 ἦς
1637 1863 1734 1916 με-

171 1942 358 2009 γάλως
385 1942 587 2004 πάντας
635 1941 997 2010 ὲπευλόγησεν
1020 1941 1184 2002 ὅντως
1220 1941 1248 1992 6
1278 1938 1735 2009 πανυπεράγαθος

174 2034 244 2086 ὲκ
273 2033 473 2101 ταύτης
499 2035 886 2104 σαρκούμενος.

261 2123 567 2194 ’Υμνοῦμέν
615 2141 697 2187 σε,
728 2124 793 2176 δι’
820 2117 888 2194 ἧς
929 2123 1039 2182 τοῖς
1085 2121 1144 2176 ὲν
1172 2122 1351 2175 σκότει
1395 2122 1510 2191 φῶς
1546 2121 1736 2175 άδυτον

175 2212 444 2274 ἀνέτειλε,
488 2213 735 2280 Θεοτόκε,
770 2215 796 2267 6
818 2212 924 2267 τῶν
960 2212 1095 2267 ὅλων
1133 2212 1428 2282 Δεσπότης,
1466 2211 1560 2264 καὶ
1589 2211 1735 2281 πόθῳ

182 2302 582 2373 μακαρίζομεν.

263 2393 380 2445 Ἐπ’
422 2393 707 2465 εὐεργεσίᾳ
755 2393 862 2447 τῶν
900 2392 1221 2464 ἀνθρώπων,
1284 2392 1390 2446 σῶν
1444 2392 1502 2456 ἐξ
1554 2392 1734 2460 ἁγνῶν

180 2481 431 2549 αἱμάτων
463 2482 849 2550 σεσωμάτωται
897 2480 1029 2544 Θεὸς
1075 2483 1101 2533 6
1141 2480 1331 2548 Λόγος,
1375 2479 1433 2534 ὃν
1481 2479 1733 2543 ἐκτενῶς,

182 2571 488 2641 Θεομῆτορ,
546 2571 764 2642 αττησαι
814 2571 904 2624 τοῦ
940 2572 1176 2641 σωθῆναι
1226 2571 1324 2634 τάς
1359 2570 1534 2640 ψυχὰς
1560 2569 1734 2639 ἡμῶν.

257 2750 550 2821 Νέκρωσόν
582 2768 682 2820 μου
733 2751 828 2812 τάς
880 2751 1139 2820 κινήσεις,
1189 2749 1443 2819 ἀχραντε,
1491 2750 1586 2812 τάς
1641 2751 1739 2818 τῆς

188 2841 413 2912 σαρκὸς,
460 2840 604 2911 ζωήν
629 2842 662 2911 ἡ
688 2842 955 2912 κυήσασα,
990 2839 1226 2904 ζὼωσον,
1259 2840 1417 2908 ἁγνή,
1445 2843 1543 2909 τήν
1565 2840 1740 2909 ψυχήν

197 2948 299 2998 μου
355 2931 760 3000 νενεκρωμένην
814 2931 1004 2985 πάθεσι
1080 2932 1173 2983 καὶ
1230 2931 1440 2994 πολλοῖς
1491 2933 1739 3002 ἁμαρτή-

189 3036 376 3090 μασιν.

1837 1479 1984 1533 nium
2015 1497 2138 1536 cum
2170 1484 2448 1540 Christum
2485 1486 2537 1539 in
2570 1487 2728 1541 u'tero
2763 1485 3002 1542 ferebas.

1907 1571 2117 1642 Rumpe
2175 1583 2395 1631 catenas
2455 1586 2798 1646 peccatorum
2865 1593 3145 1644 meorum,
3206 1591 3240 1631 ο
3305 1575 3397 1634 Dei
3466 1571 3475 1577 ’

1839 1673 2058 1728 sponsa,
2088 1681 2206 1734 quae
2231 1667 2425 1721 inferni
2456 1669 2668 1724 vincula
2696 1670 2982 1756 perrupisti
3009 1678 3167 1740 partu
3199 1678 3314 1734 tuo,
3346 1678 3399 1725 et

1768 1755 1810 1810 Β
1842 1751 2089 1808 universa
2125 1757 2321 1824 gaudio
2354 1759 2648 1828 replevisti.

1905 1841 2309 1913 Magniﬁcemus
2342 1850 2556 1905 unicam
2586 1851 2921 1906 benedictam
2945 1893 2960 1916 ,
2996 1867 3091 1921 per
3117 1866 3278 1921 quam
3311 1850 3398 1905 ille

1841 1935 1932 2004 qui
1966 1937 2113 1990 omni
2158 1938 2397 1994 bonitate
2437 1950 2517 1995 est
2551 1943 2796 2011 superior
2822 1958 2887 1997 ex
2924 1943 3013 1996 illa
3061 1944 3395 2004 incarnatus,

1842 2026 2124 2083 universos
2160 2045 2280 2084 vere
2306 2033 2586 2101 magniﬁce
2617 2033 2910 2104 benedixit.

1916 2114 2220 2172 Laudamus
2249 2129 2317 2183 te,
2348 2136 2380 2174 ο
2407 2121 2651 2190 Deipara,
2674 2136 2769 2190 per
2801 2138 2962 2191 quam
2993 2123 3082 2176 lux
3116 2122 3396 2178 inoccidua

1843 2205 1911 2259 iis
1937 2207 2026 2274 qui
2059 2207 2114 2261 in
2149 2209 2384 2263 tenebris
2416 2210 2772 2264 versabantur
2801 2220 2987 2266 exorta
3013 2220 3125 2274 est,
3156 2211 3396 2264 omnium

1842 2298 2046 2352 scilicet
2084 2299 2379 2368 Dominus;
2419 2309 2576 2372 teque
2608 2317 2730 2356 cum
2781 2302 2973 2356 allecto
3009 2301 3396 2371 gloriﬁcamus.

1902 2388 1956 2444 ὐ
1966 2399 1983 2441 ι
2007 2388 2319 2444 hominibus
2336 2387 2635 2446 beneficum
2659 2408 2777 2446 sese
2799 2379 3126 2455 ostenderet.
3144 2386 3206 2446 ex
3232 2393 3396 2446 castis

1842 2480 2189 2549 sanguinibus
2213 2481 2321 2534 tuis
2344 2488 2540 2552 corpus
2560 2485 2766 2553 accepit
2791 2485 2928 2538 Deus
2954 2485 3206 2548 Verbum,
3230 2499 3406 2553 quem-

1841 2569 2018 2630 enixe,
2056 2585 2088 2622 ο
2134 2571 2220 2625 Dei
2249 2570 2417 2626 Mater
2439 2611 2455 2637 ,
2485 2589 2704 2642 precare
2748 2590 2845 2644 pro
2878 2575 3051 2630 salute
3089 2574 3393 2628 animarum

1845 2668 2173 2713 nostrarum.
2685 2673 2687 2676 ’

1913 2747 2193 2812 Mortiﬁca,
2216 2765 2248 2804 ο
2272 2751 2553 2814 inviolata,
2575 2754 2753 2808 carnis
2778 2771 2906 2808 mea:
2935 2763 3112 2811 motus
3141 2773 3153 2808 :
3190 2766 3244 2809 tu
3273 2773 3394 2826 quin

1848 2837 2007 2889 vitam
2050 2839 2311 2906 genuisti,
2343 2841 2549 2895 viviﬁca
2570 2881 2586 2906 ,
2626 2857 2658 2896 ο
2692 2854 2838 2898 casta
2861 2885 2876 2908 ,
2918 2847 3152 2901 animam
3182 2864 3394 2914 meam,

1846 2925 2184 2992 passionibus
2216 2927 2503 2998 multisque
2525 2933 2759 2999 peccatis
2791 2932 3184 3011 interemptam.

271 3090 330 3141 Ὀ
364 3089 645 3160 σκηνὼσας
679 3089 969 3159 ἀφράστως
1014 3089 1070 3140 ιν
1103 3089 1285 3158 μήτρᾳ
1318 3105 1410 3141 σου
1441 3090 1632 3142 ἑαυτοῦ
1664 3091 1737 3174 oi:

1913 3100 2012 3166 Qui
2055 3102 2395 3158 incﬂ'abiliter
2431 3104 2481 3158 in
2524 3116 2677 3160 utero
2708 3118 2820 3170 tuo,
2867 3124 2899 3162 ο
2932 3109 3215 3174 inviolata,
3241 3112 3412 3165 habi-'

189 3182 452 3250 κητήριον
509 3179 675 3244 ἔδειξε
731 3180 855 3241 τοὺς
932 3177 1204 3242 εύσεὸεἶς,
1274 3180 1645 3248 πανάχραντεο
1700 3172 1743 3245 ᾧ

191 3269 403 3339 βοῶμεν
445 3269 735 3332 ἀπαύστως
758 3284 770 3298 ·
836 3269 1014 3322 Πάντα
1062 3269 1128 3321 τά
1164 3269 1317 3337 ἔργα,
1352 3269 1617 3336 εὐλογεῖτε
1654 3269 1744 3322 τὸν

191 3359 413 3429 Κύριον.
500 3414 504 3415 ν

262 3449 446 3512 Φωτὲις
468 3447 560 3501 τοῦ
593 3449 650 3501 ὲν
677 3449 759 3500 σο)⁸
788 3445 1616 3518 μαρμαρυγαῖςοτυφλώττουσαν
1649 3448 1746 3514 τὴν

191 3537 374 3608 ψυχήν
426 3554 525 3605 μου
581 3536 1005 3605 φωταγώγησον,
1049 3535 1142 3588 καὶ
1191 3535 1601 3608 χειραγῶγησόν
1657 3552 1744 3603 με,

195 3627 374 3695 Κόρη,
403 3626 554 3686 ὁδοὺς
605 3624 965 3694 σωτηριώδεις
1014 3625 1358 3693 πορεύεσθαι,
1403 3625 1496 3677 καὶ
1540 3624 1746 3693 πλάνης

194 3718 453 3784 ἐκφυγεῖν
498 3717 566 3769 τὰ
608 3713 1028 3786 προσκόμματα,
1063 3717 1206 3778 ὅπως
1250 3717 1305 3767 έν
1359 3716 1538 3767 πίστει
1571 3732 1746 3785 μακα-

199 3801 335 3878 ῥίζω
377 3824 456 3860 σε.

209 3967 315 4020 Ἐκ
355 3965 461 4017 τοῦ
502 3965 762 4030 Κανόνος
813 3967 896 4027 εἰς
931 3965 1035 4016 τὸν
1079 3965 1250 4016 ὅσιον-
1299 3964 1527 4026 Πατέρα
1578 3961 1746 4031 ἡμῶν
1781 3960 1788 3967 ’

376 4035 673 4102 Θεόδωρον
700 4034 806 4086 τὸν
834 4033 1164 4100 Συκεώτην,
1191 4033 1379 4100 ἡμέρᾳ
1404 4033 1506 4100 κβ’.

280 4188 341 4240 '0
384 4189 728 4257 ἀγεώργητος
776 4188 965 4257 βότρυς
1013 4205 1103 4238 σου
1147 4187 1207 4238 ὲκ
1236 4185 1468 4255 γαστρὸς
1509 4185 1744 4255 ἤνθησε,

199 4281 642 4350 Παρθενομῆτορ,
688 4280 998 4347 γλυκασμὸν
1045 4278 1456 4332 ἀναὸλυστάνων
1505 4276 1747 4342 ἀφέσεως

1848 3193 1996 3255 tavit,
2053 3194 2437 3248 habitationem
2491 3211 2641 3251 suam
2696 3197 2821 3252 fecit
2874 3214 2965 3252 eos
2999 3201 3087 3267 qui
3138 3202 3386 3270 pietatem

1847 3282 2030 3336 colunt
2065 3300 2076 3333 :
2127 3284 2298 3337 eidem
2347 3286 2503 3356 104
2541 3301 2637 3339 nos
2675 3287 3005 3348 incessanter
3047 3293 3386 3347 clamamus:

1848 3370 2035 3424 Omnia
2051 3388 2233 3439 opera,
2257 3375 2553 3428 benedicite
2586 3376 2832 3431 Domino.
2968 3386 2972 3394 ‘

1853 3517 1856 3520 _
1919 3459 2076 3514 Lucis
2106 3461 2157 3512 in
2195 3471 2243 3514 te
2285 3462 2574 3518 habitantis
2611 3467 2988 3532 splendoribus
3021 3470 3386 3524 caecutientem

1849 3549 2084 3602 animam
2112 3566 2286 3630 luteam
2320 3553 2582 3617 illumina,
2614 3570 2645 3608 ο
2679 3554 2881 3621 Puella,
2909 3566 2961 3611 et
2991 3573 3148 3611 manu
3178 3559 3280 3614 duc
3306 3575 3390 3613 me.

1849 3649 1907 3691 ut
1937 3654 2031 3707 per
2059 3641 2172 3693 vias
2200 3642 2390 3696 salutis
2420 3643 2685 3706 incedam,
2719 3655 2770 3698 et
2799 3647 3127 3701 seductionis
3160 3657 3215 3703 et
3239 3663 3414 3703 erro-'

1848 3728 1922 3780 ris
1951 3728 2267 3785 offendicula
2303 3731 2562 3800 devitem,
2589 3744 2648 3788 ut
2680 3751 2797 3789 cum
2830 3737 2932 3791 ﬁde
2977 3747 3026 3792 te
3057 3739 3265 3793 beatam
3299 3755 3413 3810 ap~'

1846 3819 2058 3886 pellem.

1848 3972 1929 4026 Ea:
1955 3972 2158 4026 Cano'ne
2185 3973 2238 4026 in
2265 3971 2321 4027 S.
2348 3973 2408 4028 Ρ.
2441 3973 2512 4027 Ν.
2542 3974 2858 4030 Theodorum
2885 3978 3178 4048 Syceolam,
3202 3983 3412 4040 die22...

1923 4188 2112 4242 Butrus
2136 4191 2240 4251 ille,
2267 4191 2356 4259 qni
2387 4192 2606 4246 cultoris
2633 4207 2846 4261 operam
2874 4197 3071 4250 nullam
3092 4198 3297 4263 habuit,
3324 4216 3387 4255 ex

1848 4286 2001 4331 utero
2030 4289 2120 4331 tuo
2144 4279 2393 4343 ellloruit,
2417 4297 2448 4335 ο
2480 4281 2640 4350 Virgo
2661 4280 2830 4337 Mater
2858 4285 3385 4355 immaculatissima;

201 4373 296 4425 καὶ
326 4372 649 4440 ἀφροσύνης,
695 4372 1054 4447 πανάχραντε,
1097 4369 1266 4422 ἅπασι
1293 4370 1403 4430 τοῖς
1437 4368 1499 4420 ὲκ
1527 4367 1623 4437 τῆς
1651 4366 1740 4436 μέ-

1858 4385 1910 4420 ex
1944 4384 2049 4436 qnn
2085 4369 2425 4437 indulgentiae
2463 4381 2517 4424 et
2546 4372 2742 4426 laetitiae
2773 4374 3000 4428 dulcedo
3034 4376 3235 4430 emnxit
3281 4393 3390 4430 0n:-

198 4461 299 4531 6ης
329 4460 434 4513 τῶν
461 4460 642 4513 δεινῶν
673 4462 1168 4530 παραφρονήσουσι.

256 4633 431 4702 Νόμοι
456 4635 514 4685 ὲν
531 4635 612 4687 σοὶ
632 4635 730 4702 τῆς
756 4635 986 4703 φύσεως,
1005 4633 1265 4704 Παρθένε,
1293 4628 1741 4685 καινοτονοῦνταιο

198 4724 404 4787 τίκτεις
444 4728 548 4795 γὰρ
591 4727 727 4798 ὑπὲρ
775 4726 930 4792 λόγον
971 4727 1062 4778 καὶ
1113 4725 1405 4792 Δεσπότην,
1438 4722 1494 4771 ὃν
1517 4718 1746 4781 ἐκτενῶς

200 4813 409 4887 ἱκέτευε
438 4815 667 4884 σωθῆναι
689 4815 813 4877 τοὺς
838 4813 1052 4874 δούλους
1085 4830 1198 4865 σου.

270 4902 526 4970 Μακαρία
547 4904 608 4954 ὲκ
648 4902 847 4968 γενεῶν
879 4900 1065 4954 πασῶν
1098 4900 1356 4968 ἐδείχθης,
1392 4896 1621 4966 Χριστὸν
1651 4913 1739 4948 τε·

199 4992 375 5045 κοῦσα
401 4994 678 5063 μακαρίως
693 4993 1052 5062 ἐργαζόμενον
1076 4996 1195 5054 τοὺς
1216 4992 1360 5059 αὐτῷ
1380 4990 1740 5052 δουλεύοντας,

199 5081 643 5152 Παρθενομῆτορ,
676 5084 904 5150 άχραντε
933 5082 1211 5134 Δέσποινα.

286 5170 517 5221 Ῥαννίσι
539 5172 629 5223 τοῦ
657 5172 834 5233 ἐλέους
862 5188 951 5224 σου
975 5171 1354 5239 κατάρδευσον,
1386 5171 1742 5240 πανάχραντε,

198 5262 299 5331 τὴν
330 5263 643 5314 ὲκτακεῐσὰν
675 5280 775 5331 μου
807 5263 1037 5315 διάνοιαν
1075 5260 1296 5330 φλογμῷ
1330 5261 1425 5335 τῆς
1455 5261 1742 5329 ἁμαρτίας,

199 5356 294 5406 καὶ
321 5352 410 5404 τὸν
449 5351 768 5421 ὲσϐεσμένον
800 5369 900 5422 μου
926 5355 1021 5422 τῆς
1049 5350 1270 5420 καρδίας
1305 5350 1504 5418 ἀναψον
1531 5350 1740 5419 λύχνον,

201 5445 342 5517 πύλη
378 5446 471 5500 τοῦ
495 5447 689 5515 φωτός.

275 5537 470 5590 Παθῶν
502 5554 568 5605 με
608 5537 871 5608 τρικυμία
910 5534 1283 5603 συνταράσσει,
1314 5531 1470 5600 βυθὸς
1501 5531 1746 5598 ἀπογνώι

208 5644 344 5688 σεως
386 5628 636 5699 χειμάζει
680 5647 779 5699 μου
821 5627 919 5702 τήν
957 5627 1209 5698 καρδίαν·
1243 5623 1572 5692 κυϐερνήτην
1611 5625 1746 5694 κυή-

1847 4459 2023 4516 nibus.
2060 4459 2148 4526 qui
2181 4475 2242 4513 ex
2271 4459 2532 4513 malorum
2560 4461 2816 4515 ebrietate
2847 4465 3142 4532 prudentia:
3170 4481 3386 4521 sensum

1840 4547 2160 4601 amiserunt.

1915 4636 2128 4690 Naturte
2155 4640 2295 4706 leges
2330 4641 2380 4692 in
2414 4651 2485 4704 te,
2512 4657 2545 4694 ο
2578 4641 2763 4712 Virgo,
2795 4645 3159 4711 innovantur;
3187 4649 3386 4703 etenim

1845 4741 2005 4794 supra
2044 4728 2270 4780 ratimtis
2312 4738 2663 4796 conceptum,
2699 4730 2982 4785 Dominum
3018 4733 3198 4800 paris,
3229 4747 3387 4802 quem

1845 4817 2077 4869 connixe
2103 4819 2392 4885 deprecare
2418 4833 2513 4886 pro
2535 4819 2705 4873 salute
2729 4820 3026 4874 animarum
3055 4830 3384 4876 nostrarum.

1916 4906 2074 4959 Beata
2099 4921 2161 4960 ex
2187 4908 2435 4961 omnibus
2461 4908 2894 4974 generationibus
2920 4909 3283 4964 demonstrata
3306 4927 3385 4971 es.

1844 5011 1875 5049 ο
1919 4995 2078 5064 Virgo
2124 4995 2291 5049 Mater
2327 4997 2580 5049 inviolata
2631 4998 2872 5059 Domina,
2922 4997 3194 5053 Christum
3242 5001 3384 5054 enim

1847 5086 2122 5154 peperisti.
2155 5088 2244 5154 qui
2277 5087 2376 5140 sibi
2408 5087 2702 5140 servientes
2731 5088 2914 5142 beatos
2941 5089 3085 5142 Facit.

1834 5211 1836 5213 -
1916 5175 2218 5229 Stillicidiis
2271 5176 2656 5230 misericordiae
2702 5187 2802 5232 tua:
2841 5179 3020 5248 irriga.
3069 5194 3100 5230 ο
3143 5177 3386 5231 illibatis-

1845 5266 1979 5322 sima
2007 5307 2020 5325 ,
2056 5276 2284 5319 mentem
2321 5281 2492 5323 meam
2540 5269 2741 5334 peccati
2795 5271 3040 5323 inCendio
3078 5268 3382 5334 liquescen-

1847 5368 1984 5423 tem;
2019 5365 2071 5411 et
2100 5358 2417 5410 exstinctam
2450 5358 2629 5412 cordis
2669 5363 2772 5414 mei
2807 5362 3071 5414 lucernam
3115 5360 3382 5423 accende,

1845 5460 1878 5498 o
1909 5456 2059 5513 porta
2089 5444 2240 5499 lucis.
2322 5461 2327 5466 ·
2651 5439 2655 5446 ’

1916 5533 2234 5589 Passienum
2274 5542 2562 5602 tempestas
2611 5539 2892 5592 conturbat
2931 5550 3015 5588 me
3065 5552 3076 5586 :
3127 5534 3378 5601 despera—

1851 5623 2010 5678 tionis
2039 5621 2363 5691 proi’undum
2386 5625 2617 5694 exagitat
2641 5643 2733 5682 cor
2761 5642 2932 5681 meum
2958 5644 2970 5679 :
3000 5642 3032 5681 ο
3054 5624 3231 5696 Virgo,
3264 5642 3382 5694 quas
