3936 6304
558 296 697 368 ιιστ

1685 311 1743 369 s.
1784 296 2096 370 JOSEPHI
2138 313 2695 378 HYMNOGRAPHI

3655 328 3793 397 1108

443 454 450 460 .
550 409 965 479 gubernatorem
1016 419 1070 466 et
1123 404 1460 467 Salv'atorem
1498 412 1778 469 Christum
1824 419 2080 487 peperisti

2223 436 2359 477 σασα
2418 426 2670 497 Χριστὸν,
2715 429 2993 500 Παρθένε,
3039 434 3131 487 καὶ
3174 434 3434 508 Σωτῆρα,
3485 440 3656 509 ῥῦσαι
3697 448 3793 500 καὶ

546 502 717 557 libera
750 519 857 569 me,
888 518 1097 573 precor,
1117 510 1170 558 et
1198 506 1344 559 salva
1377 520 1483 587 me.

616 596 864 664 Speciem
892 593 1060 650 Jacob
1094 605 1142 648 te
1171 595 1333 664 elegit
1374 596 1538 664 Deus,
1563 610 1596 653 ο
1636 596 1803 670 Virgo
1843 598 2109 669 Deipara;

545 685 599 738 in
628 693 680 739 te
711 685 993 750 habitavit,
1020 696 1074 737 et
1108 691 1160 738 te
1184 696 1303 753 post
1330 696 1547 754 partum
1591 690 1854 761 virginem
1884 705 2109 747 consero

542 771 717 835 vavit,
752 773 931 841 qualis
955 772 1137 828 fueras
1169 782 1295 828 ante
1327 786 1567 845 partum.

613 947 792 1002 Sacrae
820 948 1207 1018 prophetarum
1239 965 1402 1009 voces
1426 959 1499 1020 te,
1530 970 1565 1010 ο
1596 953 1780 1027 Virgo,
1809 955 2108 1027 symbolice

540 1042 834 1109 pradicant
869 1051 1081 1113 portam
1104 1086 1120 1111 ,
1155 1054 1420 1114 montem,
1465 1060 1519 1105 et
1557 1050 1969 1107 tabernaculum
1993 1093 2008 1118 ,
2042 1067 2107 1108 ac

537 1141 779 1188 sanctam
814 1134 952 1191 lueis
987 1136 1219 1203 nubem,
1257 1154 1320 1193 ex
1358 1154 1464 1211 qua
1506 1140 1822 1198 sedentibus
1854 1143 1909 1198 in
1957 1154 2106 1200 tene-

536 1219 649 1275 bris
672 1230 725 1276 et
749 1221 963 1289 umbra,
998 1234 1221 1283 exortus
1248 1236 1332 1283 est
1361 1229 1442 1285 sol
1472 1228 1722 1287 Christus
1752 1232 1891 1288 lucis
1922 1232 2101 1289 dator.

606 1402 764 1474 105
794 1403 1143 1461 Bevercndus
1170 1414 1355 1477 partus
1387 1415 1512 1461 tuus
1535 1413 1641 1475 est,
1674 1422 1707 1460 ο
1735 1406 1965 1478 Deipara
1992 1407 2105 1465 Ma-

532 1500 613 1547 ter
643 1494 758 1558 Dei,
788 1508 1071 1567 propterea
1112 1506 1164 1553 te
1210 1513 1424 1568 semper
1467 1498 1681 1554 beatam
1735 1499 2009 1567 dicimus,
2048 1510 2104 1557 et

530 1584 765 1641 ﬁdeliter
789 1587 1156 1661 gloriﬁcamus
1190 1590 1567 1660 generationes
1599 1592 2012 1662 generationem
2044 1592 2099 1647 in

529 1676 750 1730 saecula.
778 1678 973 1731 Amen.

2220 516 2394 570 σῶσόν
2428 535 2517 589 με,
2546 519 2755 591 δέομαι.

2289 605 2401 676 Τὴν
2448 608 2712 679 καλλονὴν
2758 610 2953 665 Ἰακώϐ
2998 631 3057 668 σε
3099 616 3229 681 Θεὸς
3259 618 3562 687 ἐξελέξατο,
3605 625 3670 676 ὲν
3708 631 3795 681 σοὶ

2216 696 2621 768 κατεσκήνωσε,
2676 702 2772 756 καὶ
2821 703 2880 756 σὲ
2928 704 3237 780 διετήρησε,
3293 711 3383 764 καὶ
3424 716 3561 782 μετά
3604 716 3790 783 τόκον,

2217 788 2512 871 Παρθένον,
2553 790 2742 865 ῶσπερ
2777 789 2844 863 ἧς
2878 798 2983 864 πρὸ
3014 799 3107 853 τοῦ
3145 804 3326 867 τόκου,
3372 804 3615 876 Παρθένα
3651 809 3757 863 Θεο

2213 880 2360 936 τόκε.

2294 972 2455 1043 Ἱεραί
2484 990 2543 1029 σε
2570 976 2677 1030 τῶν
2704 979 2999 1049 προφητῶν
3024 982 3354 1054 κηρύττουσι
3379 990 3554 1057 φωναὶ
3578 991 3794 1061 συμϐο-

2213 1062 2379 1127 λικῶς
2418 1064 2613 1137 πύλην,
2658 1068 2752 1121 καὶ
2791 1068 2936 1138 ὅρος,
2965 1071 3060 1125 καὶ
3092 1073 3319 1146 σκηνὴν,
3369 1079 3463 1132 καὶ
3490 1081 3591 1149 τὴν
3617 1081 3790 1149 ἀγίαν

2212 1154 2390 1222 φωτὸς
2417 1157 2666 1230 νεφέλην,
2695 1160 2752 1226 ἐξ
2800 1154 2868 1231 ἦς
2914 1163 3025 1227 τοῖς
3056 1164 3114 1217 έν
3147 1165 3329 1219 σκότει
3357 1168 3452 1221 καὶ
3485 1173 3613 1241 σκιᾷ
3646 1172 3790 1224 καθ-

2210 1246 2434 1316 ημένοις
2468 1249 2743 1305 ἀνέτειλεν
2767 1252 2937 1323 ἥλιος,
2975 1255 3241 1327 Παρθένε,
3270 1258 3508 1331 Χριστὸς
3552 1264 3580 1315 ό
3602 1279 3790 1330 φωτο-

2206 1339 2389 1411 δότης.
3260 1404 3286 1415 -

2278 1430 2483 1502 Φρικτή
2520 1450 2614 1487 σου
2638 1435 2672 1505 ἡ
2692 1434 2893 1506 λοχεία,
2926 1437 3155 1494 Θεοτόκε
3189 1441 3381 1517 Μῆτερ
3406 1445 3573 1519 Θεοῦ·
3605 1449 3696 1503 διό
3728 1466 3793 1505 σι

2207 1524 2590 1613 μακαρίζομεν
2625 1529 2712 1581 ἀεὶ
2756 1532 2852 1583 καὶ
2895 1530 3190 1603 δοξάζομεν
3221 1540 3461 1608 πιστῶς,
3495 1544 3554 1595 αἱ
3592 1546 3791 1613 γενεαὶ

2207 1612 2315 1667 τῶν
2343 1616 2544 1683 γενεῶν
2568 1619 2649 1682 είς
2675 1621 2801 1685 τοὺς
2827 1622 3051 1688 αἰῶνας.
3091 1627 3284 1698 Ἀμήν.

531 1764 617 1819 Ea:
640 1766 846 1825 Canens
864 1768 916 1821 in
945 1768 1005 1824 S.
1035 1767 1259 1878 Πρω-ειη
1288 1772 1526 1878 ηοξιιφαοὺιέ
1563 1773 1796 1829 Elisabet
1826 1771 2093 1832 Thauma-

2222 1793 2339 1878 ‘Ex_
2352 1794 2474 1878 ,τοῦ
2523 1797 2796 1878 ἕανόηος
2825 1800 2925 1878 -εις
2955 1799 3071 1867 τὴν
3106 1804 3289 1878 ὁσίαν
3321 1806 3559 1878 ῌητέρα
3590 1807 3793 1878 ﬁmi»-

1090 1850 1317 1909 turgam,
1351 1844 1437 1897 die
1455 1843 1547 1900 24.

600 1948 696 2015 Te,
724 1951 1078 2020 opnrissima,
1105 1968 1226 2022 quae
1251 1968 1414 2024 supra
1438 1957 1639 2014 mentis
1666 1969 1990 2029 conceptum
2018 1959 2104 2015 in-

528 2042 833 2113 separabile
879 2041 1060 2098 Patris
1094 2044 1331 2101 Verbum
1366 2048 1659 2118 peperisti,
1713 2049 2103 2107 ardentissimo

526 2149 736 2191 amore.
766 2151 1108 2208 prosequens
1132 2139 1504 2219 celeberrima
1545 2141 1818 2210 Elisabet,
1852 2142 2103 2216 .Spiritus

490 2264 497 2271 ι
525 2226 702 2283 sancti
733 2229 1141 2299 receptaculum
1172 2229 1313 2286 facta
1345 2240 1430 2288 est
1458 2233 1655 2289 divinis
1681 2234 1981 2291 virtutibus
2011 2249 2100 2291 re-

524 2312 764 2384 fulgens.

594 2404 672 2461 Te
702 2408 893 2474 solam,
919 2408 1275 2479 purissimum
1297 2412 1654 2482 .Virginitatis
1684 2416 1946 2485 templum
1978 2416 2097 2485 glo-

522 2498 823 2555 riosissima
856 2498 1095 2556 Elisabet
1124 2515 1250 2557 cum
1284 2503 1390 2560 lide
1414 2504 1757 2571 desiderans,
1795 2522 1828 2561 ο
1855 2516 1965 2563 tota
1991 2509 2100 2562 im-

524 2592 811 2661 tusculata,
840 2593 1038 2663 gaudet
1062 2593 1292 2651 adducta
1324 2596 1435 2654 lilio
1463 2605 1559 2654 tuo
1591 2599 1843 2669 religiose
1865 2589 2095 2670 vestigia

522 2690 614 2737 tua
646 2683 962 2739 subsecuta.

594 2771 723 2827 Sola
755 2772 923 2829 Deum
960 2774 1307 2833 incarnatum
1340 2775 1449 2834 fers
1486 2778 1541 2833 in
1570 2788 1749 2845 utero,
1776 2781 1869 2851 qni
1894 2786 2098 2853 praebet

520 2879 646 2921 esse
678 2867 948 2942 universis
970 2906 991 2934 ,
1016 2884 1179 2939 quem
1207 2869 1449 2927 Elisabet
1478 2887 1544 2928 ex
1572 2873 1754 2929 animo
1784 2878 2097 2948 concupivit

520 2963 577 3011 et
605 2956 827 3023 amavit,
859 2958 1037 3014 eidem
1067 2960 1425 3030 spiritualiter
1463 2963 1787 3033 desponsata
1822 2984 1835 3020 :
1871 2981 1905 3021 ο
1934 2967 2097 3040 Virgo

519 3040 753 3119 Deipara
775 3088 790 3116 ,
818 3052 1136 3121 angelorum
1171 3055 1496 3110 miraculum
1518 3096 1533 3123 ,
1562 3066 1616 3111 et
1642 3057 1945 3113 daemonum
1978 3063 2094 3116 vul-

521 3154 648 3205 nus,
678 3149 790 3197 tota
814 3142 1175 3201 admirabilis.

590 3228 853 3301 Superior
874 3235 1126 3301 supernis
1160 3235 1520 3305 potestatibus
1547 3235 1687 3292 facta
1715 3252 1772 3294 es
1792 3280 1808 3305 ,
1839 3254 1872 3295 ο
1901 3238 2085 3311 Virgo,

521 3318 753 3377 Verbum
786 3321 935 3377 Patri
966 3333 1297 3379 coaeternum
1336 3338 1393 3381 et
1438 3329 1715 3398 coaquale
1745 3332 1905 3385 enixa
1947 3350 1960 3385 :
1996 3347 2090 3386 cu-

511 3412 604 3485 jus
627 3413 1012 3483 splendoribus
1043 3415 1283 3471 Elisabet
1313 3418 1527 3475 Deifera
1558 3420 1851 3483 illustrata,
1881 3422 2090 3491 passio-

515 3519 647 3559 num
679 3504 910 3561 nebulas
938 3505 1245 3576 dissipavit.
2071 3518 2076 3525 '

584 3596 899 3667 Concepiin
934 3597 989 3652 in
1032 3608 1192 3654 utero
1234 3600 1388 3661 illum
1418 3602 1512 3674 qui
1556 3611 1641 3659 est
1676 3613 1802 3659 ante
1841 3607 2035 3662 saecula
2074 3626 2089 3662 :

514 3687 779 3756 peperisti
803 3688 859 3743 in
892 3703 1059 3745 carne
1079 3704 1203 3745 eum
1233 3691 1327 3758 qui
1362 3703 1553 3749 natura
1582 3702 1667 3750 est
1692 3695 2048 3766 incorporeus
2075 3717 2088 3752 :

514 3780 791 3838 nntrivisti
824 3781 962 3838 lacte
995 3797 1120 3837 eum
1150 3784 1245 3853 qui
1279 3786 1453 3840 nutrit
1479 3785 1765 3852 universa;
1791 3801 1825 3841 o
1851 3787 1951 3842 Dei‘
1975 3786 2091 3843 Ma-

513 3880 595 3928 ter
619 3872 847 3943 innupta
871 3883 927 3929 et
946 3874 1225 3933 inviolata.

584 3962 743 4032 Vide,
768 3981 802 4020 ο
823 3964 1014 4036 Virgo,
1040 3968 1440 4024 tribulationem
1470 3984 1669 4036 meam,
1692 3986 1853 4041 quam
1878 3972 2091 4027 induxit

514 4055 811 4112 multitudo
868 4059 1137 4113 malorum
1178 4075 1448 4125 meorum,
1490 4070 1544 4114 et
1573 4062 1641 4116 ab
1676 4064 1796 4132 igne
1830 4064 2089 4134 gehennae

514 4145 665 4216 eripe
699 4162 787 4201 me
824 4148 1146 4205 clamantem
1199 4168 1211 4203 :
1249 4150 1574 4207 Benedictus
1597 4193 1612 4217 ,
1667 4167 1701 4206 ο
1748 4153 2083 4221 castissima,

511 4236 725 4295 fructus
750 4242 958 4297 ventris
989 4243 1089 4313 tui.

579 4330 822 4403 Corpore
854 4334 1110 4388 amictum
1148 4333 1445 4403 peperisti,
1477 4344 1531 4389 et
1578 4336 1723 4390 ulnis
1770 4337 2014 4407 gestasti,
2057 4351 2089 4391 ο

2326 1860 2784 1970 Ἐλισάϐετβὴιξ
2814 1860 3288 1942 θαὺματουρτὸν,
3544 1860 3648 1932 κδίξ

2272 1976 2342 2030 Σδ
2407 1977 2509 2050 τὴν
2569 1979 2837 2037 τεκοῦσαν
2889 1983 3030 2053 ὑπὲρ
3081 1984 3231 2054 νοῦν,
3281 1991 3632 2061 πανάμωμε,
3690 1994 3789 2046 τὸν

2204 2070 2510 2143 ἀδιαίρετον
2554 2071 2690 2127 Θεοῦ
2727 2074 2940 2145 Πατρός
2981 2077 3156 2147 Λόγον
3186 2078 3435 2153 διαπύρῳ
3469 2083 3633 2155 ἔρωτι
3678 2104 3782 2138 πο-

2204 2160 2431 2233 θοῦσαή
2471 2162 2714 2235 ἀοίδιμος
2750 2166 3052 2232 Ἐλισάσετ,
3092 2169 3296 2241 δοχεῐον
3324 2174 3479 2241 ἀγίου
3516 2175 3778 2246 Πνεῦμα-

2200 2253 2567 2325 τοςγέγονεν,
2598 2256 2773 2323 θείαις
2795 2259 3018 2330 ἀρεταῖς
3048 2262 3451 2334 διαλάμπουσα.

2270 2426 2579 2499 Παρθενίας
2603 2446 2663 2485 σε
2696 2432 2862 2504 μόνην
2882 2432 2945 2488 τὸ
2970 2435 3210 2508 καθαρὸν
3234 2437 3482 2509 τέμενος,
3506 2441 3543 2511 ἠ
3569 2458 3778 2495 πανευ-

2200 2516 2365 2590 κλεὴς
2397 2518 2678 2597 Ἐλισάόιτ
2699 2524 2881 2579 πίστει
2895 2526 3200 2599 ποθήσασα,
3217 2530 3422 2603 χαίρει,
3438 2533 3771 2605 πανάμωμε,

2196 2608 2274 2679 τῷ
2313 2608 2392 2681 σῷ
2426 2612 2541 2685 Υίῷ
2576 2616 2948 2688 προσαχθεῖσα
2977 2618 3152 2675 ὀπίσω
3190 2638 3287 2676 σου
3330 2624 3776 2695 ἀκολουθήσασα.

2266 2788 2423 2861 Μόνη
2451 2790 2587 2844 Θεὸν
2620 2793 2804 2864 φέρεις
2838 2795 2896 2847 ἐν
2939 2796 3122 2868 μήτρα
3152 2799 3544 2869 σαρκούμενον,
3587 2791 3683 2855 τὸν
3714 2804 3778 2857 τὸ

2197 2874 2337 2935 εῖναι
2372 2883 2507 2936 πᾶσι
2546 2883 2951 2954 παρεχόμενον,
2995 2886 3055 2941 δν
3090 2889 3429 2959 ἔπεπόθησεν
3476 2892 3541 2943 ὲκ
3567 2891 3772 2962 ψυχῆς,

2194 2970 2373 3041 τούτῳ
2416 2973 2840 3045 μνηστευθεὶςίἠ
2876 2976 3160 3031 Ἐλισάσετ
3197 2980 3256 3033 ιν
3292 2980 3594 3050 Πνεύματι,
3620 2983 3775 3052 Παρ-

2194 3063 2315 3117 θένε
2347 3064 2600 3132 Θεοτόκε,
2630 3067 2739 3121 τῶν
2771 3066 3019 3137 ἀγγέλων
3047 3070 3107 3123 τὸ
3139 3070 3343 3143 θαῦμα,
3374 3074 3472 3126 καῖ⁵
3495 3074 3773 3145 δαιμόνων

2194 3152 2253 3205 τὸ
2278 3151 2520 3223 τραῦμα,
2543 3154 2957 3225 πανθαύμαστε.

2278 3244 2590 3317 Ὑπερτέρα
2636 3248 2747 3303 τῶν
2802 3249 2915 3305 ἀνω
2951 3250 3203 3321 πέφυκας
3245 3252 3566 3323 δυνάμεων,
3598 3258 3778 3324 Λόγον

2194 3336 2446 3408 κυήσασα
2475 3338 2569 3392 τοῦ
2595 3340 2807 3411 Πατρός
2826 3381 2841 3406 ,
2872 3344 3136 3413 Παρθένε,
3176 3345 3269 3399 τὸν
3300 3348 3639 3420 συνάναρχον
3679 3350 3774 3404 καὶ

2196 3426 2502 3496 συναῖδιον,
2548 3423 2611 3483 οῦ
2654 3434 2773 3496 ταῖς
2808 3436 3182 3506 φρυκτωρίαις
3226 3440 3260 3508 ἠ
3305 3439 3565 3511 θεοφόρος
3595 3442 3774 3511 αὐγα-

2196 3517 2389 3573 σθεῖσα
2414 3518 2523 3574 τῶν
2557 3520 2750 3577 παθῶν
2778 3524 2875 3595 τὴν
2900 3525 3127 3599 ὀμίχλην
3156 3529 3419 3586 διέλυσεν.

2264 3612 2563 3678 Συνέλασες
2591 3614 2652 3669 ἐν
2673 3616 2873 3687 γαστρὶ
2898 3618 2988 3671 τὸν
3017 3621 3365 3689 προαιώνιον,
3389 3625 3649 3695 ἀχραντε,
3678 3628 3774 3681 καὶ

2194 3702 2423 3768 τέτοκας
2456 3706 2517 3761 ιν
2547 3709 2710 3777 σαρκὶ
2739 3708 2832 3762 τδν
2861 3708 3020 3777 φύσει
3050 3712 3369 3782 ἀσώματον,
3409 3714 3504 3769 καὶ
3536 3717 3771 3784 γάλακτι

2194 3794 2429 3867 ἔθρεψας
2458 3798 2548 3853 τὸν
2570 3799 2777 3870 τροφέα
2807 3801 3046 3867 πάντων,
3081 3802 3368 3877 Θεομῆτορ
3397 3807 3766 3880 ἀπειρόγαμε.

2269 3971 2374 4025 Ἴδε
2419 3973 2518 4042 τὴν
2564 3972 2743 4043 θλίψιν
2795 3991 2936 4045 μου,
2971 3976 3252 4048 Παρθένε,
3294 3980 3362 4050 ἢν
3407 3980 3658 4051 ἐπήγαγε
3708 3983 3767 4035 τδ

2191 4061 2398 4132 πλῆθος
2429 4063 2538 4118 τῶν
2568 4065 2752 4118 κακῶν
2789 4083 2913 4135 μου,
2946 4068 3041 4120 καὶ
3070 4070 3295 4139 γεέννης
3326 4073 3495 4143 πυρὸς
3526 4073 3770 4145 έξάρπα-

2198 4171 2288 4208 σον
2324 4154 2532 4226 βοῶντα
2558 4174 2571 4187 ·
2614 4158 2992 4229 Εὐλογημένος
3013 4200 3027 4225 ,
3060 4162 3301 4227 πάναγνε
3321 4203 3336 4227 ,
3373 4164 3403 4214 ὁ
3434 4166 3641 4233 καρπὸς
3665 4167 3768 4237 τῆς

2195 4248 2294 4317 σῆς
2324 4246 2551 4311 κοιλίας.

2262 4339 2658 4409 Σωματοφόρον
2686 4341 2934 4405 τέτοκας,
2981 4341 3073 4395 καὶ
3111 4342 3377 4411 ἀγκάλαις
3420 4345 3760 4412 ἐϐάστασας,

513 4418 681 4492 Virgo
714 4422 992 4489 inviolata,
1031 4422 1321 4478 Dominum
1362 4421 1570 4485 Jesum,
1605 4425 1697 4494 qui
1742 4433 1924 4495 portat
1967 4426 2084 4479 uni-

2222 4430 2442 4506 ὶχραντξ
2469 4432 2739 4503 Παρθένε,
2793 4433 3002 4501 Ἰησοῦν
3044 4433 3135 4488 τὸν
3166 4434 3407 4506 Κύριον,
3451 4438 3544 4491 τδν
3587 4440 3768 4493 πάντα

512 4527 670 4568 versa
693 4522 828 4569 nutu
849 4528 950 4569 suo
969 4514 1348 4584 omnipotenti.
1368 4492 1805 4580 Quamobremte
1825 4524 2088 4586 tanquam

2222 4492 2535 4586 ια’στάζῦντα
2553 4492 2957 4595 ’παντοδυνάμῳ
2990 4526 3219 4597 νεύματι
3240 4492 3409 4583 ’.ὅθεν
3437 4530 3513 4591 ὡς
3544 4492 3681 4585 Θεοῦ
3709 4548 3767 4585 σε

502 4598 858 4681 ,Βείυοιι-οιη
882 4602 1279 4666 collaudamus,
1304 4602 1598 4658 clamantes
1624 4620 1747 4658 cum
1771 4606 2085 4675 praeconiis:

507 4688 867 4758 ,Saeerdotes,
881 4691 1122 4748 benedici
1132 4700 1183 4747 te
1199 4709 1213 4758 ;
1246 4692 1403 4763 106
1420 4694 1674 4763 populus,
1693 4698 2089 4765 superexaltate

504 4778 832 4837 tDominum.

583 4875 751 4939 Parce
779 4874 937 4941 mihi,
967 4874 1234 4941 Salvator,
1264 4876 1356 4946 qui
1384 4885 1561 4941 natus,
1588 4875 1917 4934 Genitricem
1937 4889 2081 4935 tuam

514 4967 883 5036 incorruptam
917 4967 1252 5024 conservasti
1286 4976 1407 5037 post
1436 4976 1651 5037 partum
1676 5007 1693 5031 ,
1723 4983 1843 5022 cum
1870 4970 2084 5024 sedebis

512 5067 572 5109 ut
602 5054 815 5125 judices
848 5071 1012 5133 opera
1055 5072 1209 5124 mea,
1256 5058 1611 5113 dissimulans
1653 5058 1991 5128 iniquitates,
2032 5069 2085 5116 et

510 5155 731 5213 peccata
785 5164 900 5206 mea
948 5155 1206 5221 tanquam
1258 5152 1721 5221 benignissimus,
1769 5152 2091 5220 miserator,

510 5238 671 5305 bone,
697 5249 747 5301 et
776 5250 987 5297 amator
1010 5243 1317 5298 hominum.

510 5350 596 5405 ΕΞ
654 5352 863 5409 Conone
914 5357 970 5410 in
1018 5356 1076 5410 S.
1136 5356 1406 5481 stiieguﬁm
1456 5358 1751 5425 episwpum
1796 5363 2079 5427 Amasec,

1225 5444 1270 5481 te
1377 5467 1393 5481 .

1225 5444 1270 5482 ιε
1300 5444 1393 5481 '20.

573 5527 619 5586 0
653 5530 817 5605 Virgo
846 5542 1127 5603 perpetua,
1154 5537 1419 5607 refugium
1451 5538 1710 5605 ﬁdelium,
1747 5552 1801 5595 et
1836 5540 2072 5595 validum

506 5622 768 5677 auxilium
798 5625 1193 5681 recurrentium
1229 5628 1295 5682 ad
1326 5638 1408 5693 te,
1443 5630 1509 5684 ab
1543 5632 1692 5687 omni
1748 5634 2077 5691 necessitate

502 5723 560 5769 et
589 5714 789 5770 damno
818 5714 997 5768 hostili
1035 5718 1210 5774 salvos
1244 5719 1326 5773 lac
1360 5736 1491 5789 nos.

2196 4615 2540 4686 ἀνυμνοῦμεν
2564 4617 2813 4688 Μητέρα,
2830 4616 3060 4687 βοῶντες
3088 4619 3148 4671 ὲν
3176 4621 3404 4673 αἰνέσευ
3444 4622 3649 4692 Ἱερεῖς,
3678 4623 3769 4675 εύ-

2194 4704 2421 4774 λογεττεο
2458 4706 2607 4771 λαὸς,
2628 4707 2971 4780 ὑπερυψοῦτε
2998 4708 3091 4762 τὸν
3114 4708 3342 4781 Κύριον.

2261 4884 2447 4937 Φεϊσαί
2494 4896 2596 4953 μου
2621 4924 2637 4949 ,
2679 4884 2882 4957 Σῶτερ,
2932 4887 2962 4940 ὁ
2992 4885 3209 4958 τεχθεὶς
3252 4888 3347 4941 καὶ
3393 4888 3635 4957 φυλάξας
3666 4888 3764 4961 τήν

2187 4976 2450 5031 τεκοῦσάν
2482 4995 2541 5032 σε
2570 4977 2806 5050 ἄφθορον
2836 4977 2976 5049 μετά
2997 4981 3096 5050 τὴν
3117 4978 3313 5052 κύησιν
3330 5021 3346 5047 ,
3373 4981 3503 5034 ὅταν
3530 4983 3761 5057 καθίσῃς

2191 5068 2375 5138 κρίναι
2404 5069 2473 5122 τά
2499 5069 2635 5139 ἔργα
2673 5087 2804 5140 μου,
2837 5070 2936 5135 τὰς
2966 5072 3195 5141 ἀνομίας
3216 5071 3508 5142 παρορῶν,
3539 5076 3632 5128 καὶ
3666 5076 3764 5139 τάς

2190 5161 2461 5231 ἁμαρτίας
2498 5180 2623 5231 μου,
2654 5164 2729 5226 ὡς
2750 5163 3124 5233 ὕπεράγαθος,
3163 5164 3435 5235 ἐλεήμων,
3469 5167 3637 5235 ἀγαθὲ
3666 5171 3756 5223 καὶ

2187 5250 2529 5321 φιλάνθρωπε
2540 5291 2552 5305 .
3081 5312 3090 5322 ,

2196 5367 2300 5419 Ἐκ
2327 5365 2433 5442 τοῦ
2471 5368 2739 5442 Kay-ere
2764 5372 2851 5435 εις
2878 5370 2985 5442 res:
3015 5370 3185 5440 ἅγιον
3210 5372 3599 5442 ἱερομὰρτυρα
3643 5376 3761 5427 Ba—

2317 5437 2570 5504 σίλειον,
2598 5434 2936 5494 ἐπίσκοπον
2977 5434 3281 5511 Ἅιὶασίωςῖ,
3519 5434 3639 5506 κςα.

2266 5546 2327 5599 Ἦ
2372 5549 2579 5605 πιστῶν
2621 5552 2947 5622 καταφυγὴ,
3006 5555 3395 5627 Ἀειπάρθενε,
3442 5556 3477 5624 ἡ
3521 5558 3759 5625 κραταιά

2183 5638 2402 5709 βοήθεια
2431 5641 2538 5694 τῶν
2578 5644 3019 5713 προστρεχόντων
3053 5663 3134 5699 σοι
3165 5647 3272 5699 ἀπὸ
3301 5648 3484 5717 πάσης
3508 5648 3758 5720 ἀνάγκης

2182 5731 2272 5783 καὶ
2311 5730 2514 5803 βλάϐης
2537 5734 2783 5798 ἐναντίας
2814 5737 2962 5805 ἡμᾶς
2989 5736 3273 5793 διάσωσον.
