3936 6304
190 285 335 354 1109

1620 296 1987 358 MARIALE.

3279 289 3416 356 1110
3463 319 3473 330 ν

268 403 542 474 Ἐκύησας
569 404 657 458 τὸν
686 405 920 475 ἄναρχον
954 406 1179 475 βασιλέα
1214 408 1279 460 ὲκ
1312 408 1405 461 σοῦ
1427 446 1442 471 ,
1477 408 1736 478 Παρθενο-

1918 406 2176 478 Peperisti
2206 422 2382 476 regem
2406 407 2807 476 mternunuqui
2842 423 2905 461 cx
2939 414 3009 471 lc,
3044 406 3203 475 Virgo
3229 406 3415 473 Mater,

183 495 389 567 μῆτορ,
428 496 600 567 ἀρχὴν
642 496 899 549 λαϐόντα·
936 496 1098 551 αὑτὸν
1128 492 1219 550 οὖν
1264 497 1340 561 ὡς
1373 497 1748 567 φιλάνθρωπον

178 586 494 641 ικδυσώπει
534 586 704 640 σῶσαι
745 586 871 649 τοὺς
913 585 1133 651 δούλους
1181 594 1293 641 σου,
1325 589 1503 660 πάσης
1548 592 1610 643 ἐκ
1640 589 1749 644 θλί-

177 676 337 745 ψεως
368 679 459 732 καὶ
488 678 695 749 ἐχθρῶν
720 675 991 744 ἁλώσεως,
1024 680 1418 750 παναμώμητε.

254 856 578 926 Πανύμνητε
605 895 620 921 ,
659 855 765 910 τῶν
805 853 1105 925 ἀνθρώπων
1152 857 1341 926 ἑτοίμη
1381 858 1598 929 βοήθεια
1622 899 1637 923 ,
1681 857 1750 909 τά

171 949 351 1017 ἄγρια
399 947 616 1016 κύματα
666 946 775 999 τῶν
822 947 1139 1019 πειρασμῶν
1183 950 1595 1018 καταπράῦνον,
1641 948 1749 1001 σώο

172 1037 356 1103 ζουσα
379 1039 503 1101 τοὺς
521 1036 738 1100 δούλους
767 1053 862 1090 σου
894 1037 992 1107 τῆς
1026 1036 1133 1091 τῶν
1159 1037 1372 1109 ἐχθρῶν
1400 1038 1745 1109 προσδοκίας.

250 1129 416 1191 Πόλις
439 1125 594 1192 Θεοῦ,
628 1128 756 1196 περὶ
780 1122 847 1197 ἦς
875 1126 1109 1197 ιλαλήθη
1136 1126 1517 1197 δεδοξασμένα,
1545 1130 1747 1198 ταύτην

176 1230 280 1269 σου
319 1216 417 1286 τήν
450 1216 602 1267 πόλιν
636 1215 731 1268 καὶ
760 1215 939 1267 πᾶσαν
972 1213 1155 1283 χώραν
1188 1212 1295 1265 ἀπὸ
1328 1213 1586 1267 κινδύνων
1608 1254 1623 1279 ,
1657 1213 1749 1265 καὶ

171 1304 367 1373 λιμοῦ,
406 1306 496 1357 καὶ
526 1304 849 1374 βαρϐάρων,
880 1302 1110 1356 Θεοτόκε
1150 1302 1390 1373 Παρθένε
1411 1345 1425 1369 ,
1450 1302 1769 1372 λύτρωσαι,

178 1395 323 1462 μόνη
349 1392 650 1464 προστασία
685 1392 891 1446 πιστῶν
920 1390 1336 1461 ἀκαταίσχυντε.
1757 1399 1764 1409 ’

253 1505 503 1572 Παναγία
530 1501 769 1575 Παρθένα
798 1503 1091 1574 θεόνυμφε,
1120 1506 1152 1575 ἡ
1187 1503 1325 1574 μετὰ
1351 1503 1483 1557 Θεὸν
1510 1521 1749 1574 προστα-

176 1598 277 1650 σία
307 1597 414 1650 τῶν
440 1595 642 1650 δούλων
670 1612 762 1648 σου
780 1634 797 1661 ,
828 1593 1168 1667 βαρϐαρικῆς
1196 1594 1471 1661 ἁλώσεως,
1503 1597 1596 1650 καὶ
1634 1612 1749 1648 κινο

171 1687 353 1739 δύνων
380 1688 527 1756 ἡμᾶς
558 1685 965 1756 ἀπολύτρωσαι.

1850 512 1971 552 esse
2002 496 2166 565 cmpit
2195 496 2247 548 in
2282 506 2541 565 tempore.
2576 498 2757 567 ipsum
2791 513 2920 562 ergo
2952 507 3208 565 tanquam
3246 498 3421 551 homi-

1853 603 1981 644 num
2022 596 2316 641 amatorem
2358 602 2552 651 axora,
2594 599 2652 643 ut
2709 589 2880 643 salvet
2933 603 3120 643 servos
3176 598 3297 641 tuos
3352 588 3421 640 ab

1850 676 1997 731 omni
2031 674 2395 739 tribulatione,
2441 685 2601 745 atque
2630 678 2698 731 ab
2729 676 2962 732 hostium
2994 675 3416 745 expugnatione,

1849 784 1881 822 ο
1917 765 2418 821 intemeratissima.

1919 855 1963 911 Ο
2010 856 2160 911 omni
2199 855 2359 909 laude
2389 855 2729 926 dignissima,
2782 864 3086 925 promptum
3136 856 3418 910 hominum

1852 946 2135 1012 auxilium,
2165 946 2309 1001 feros
2333 946 2531 1001 fluctus
2561 947 2915 1001 tentationum
2949 947 3237 1016 tranquilla
3260 986 3274 1011 ,
3310 947 3419 1000 sal-

1849 1055 1980 1094 vans
2024 1053 2211 1093 servos
2246 1046 2367 1092 tuos
2402 1037 2469 1089 ab
2500 1037 2734 1091 hostium
2768 1039 3187 1105 exspectatione.

1916 1129 2119 1185 Civitas
2145 1128 2258 1192 Dei,
2283 1129 2348 1182 de
2369 1143 2474 1198 qua
2500 1127 2734 1198 gloriosa
2762 1128 2902 1181 dicta
2927 1137 3073 1191 sunt,
3102 1129 3243 1181 hanc
3267 1134 3418 1181 tuam

1848 1218 2118 1275 civitatem
2178 1232 2509 1287 omnemque
2543 1217 2814 1289 regionem
2855 1233 2885 1271 a
2943 1218 3217 1286 periculis,
3252 1216 3416 1281 fame,

1847 1318 1898 1364 et
1934 1309 2294 1363 Barbarorum
2326 1310 2495 1363 armis
2519 1309 2711 1373 libera,
2742 1322 2775 1361 ο
2802 1307 3027 1377 Deipara
3054 1307 3233 1379 Virgo,
3261 1308 3417 1361 unica

1848 1400 2113 1469 protectio
2134 1399 2393 1465 fidelium,
2426 1415 2547 1470 quae
2581 1415 2688 1453 non
2725 1398 3098 1453 confunditur.

1916 1506 1959 1561 Ο
1994 1505 2154 1577 Virgo
2184 1508 2531 1562 sanctissima
2563 1506 2653 1561 Dci
2686 1520 2886 1576 sponsa
2908 1545 2922 1568 ,
2958 1520 3077 1573 quae
3106 1512 3227 1573 post
3254 1502 3417 1554 Demn

1847 1612 1906 1652 es
1929 1598 2235 1674 praesidium
2269 1613 2549 1654 servorum
2584 1608 2825 1661 tuorum,
2854 1612 2883 1650 a
2922 1594 3218 1649 Barbarica
3248 1607 3417 1661 expu-

1850 1690 2102 1760 gnatione
2126 1706 2189 1745 ac
2220 1689 2479 1760 periculis
2508 1690 2678 1745 libera
2707 1704 2828 1743 nos.

267 1776 333 1830 Ἦ
368 1748 500 1847 μόνη
542 1778 694 1842 ἐλπὶς
729 1748 822 1833 καὶ
854 1779 1073 1849 βοήθεια
1103 1778 1331 1842 πιστῶν,
1362 1777 1736 1847 Θεογεννῆτορ,

1859 1748 1879 1760 ³
1920 1781 1965 1835 0
1998 1796 2119 1851 spes
2146 1748 2304 1836 unica
2346 1790 2399 1836 et
2439 1781 2699 1835 auxilium
2734 1778 2969 1834 fidelium
2997 1817 3011 1841 ,
3044 1776 3132 1830 Dei
3163 1773 3416 1844 genitrix,

173 1862 451 1931 σπεῦσον,
483 1866 666 1936 βοήθει
708 1870 822 1931 τοῖς
854 1866 1058 1931 ἱκέταις
1097 1883 1190 1919 σου
1222 1866 1592 1937 βυθιζομένοις
1629 1870 1749 1930 ταῖς

174 1953 397 2020 θλίψεσι
422 1996 438 2020 ,
492 1958 585 2010 καὶ
616 1958 984 2028 ἡπορημένοις
1004 1997 1020 2022 ,
1060 1956 1303 2028 Παρθένε
1322 1996 1338 2022 ,
1368 1956 1459 2011 καὶ
1491 1957 1549 2010 ὲν
1591 1956 1746 2028 ὀδύνῃ

174 2045 513 2115 ὑπάρχουσι,
541 2046 635 2099 καὶ
663 2045 1098 2115 καταφεύγουσιν
1127 2046 1207 2107 εις
1247 2044 1307 2097 σὲ
1341 2046 1399 2097 ιν
1428 2044 1747 2115 πεποιθήσει

170 2134 379 2204 ψυχῆς.
1424 2153 1427 2155 '

250 2223 555 2294 Καταφυγὴ
604 2225 980 2294 Χριστιανῶν,
1025 2226 1248 2296 βοήθεια
1297 2224 1406 2279 τῶν
1457 2226 1515 2278 ὲν
1556 2224 1747 2287 δεινοῖς

173 2314 572 2384 συνεχομένων,
605 2316 847 2385 παναγία
877 2317 1119 2387 Παρθένε
1146 2355 1162 2381 ,
1198 2316 1285 2388 μὴ·
1309 2316 1570 2389 ὑπερίδῃς
1598 2316 1746 2384 ἡμᾶς

173 2406 447 2469 κινδύνοις
472 2406 863 2477 κλονουμένους
885 2408 1137 2473 πάντοτε,
1165 2408 1260 2461 καὶ¹
1288 2407 1511 2470 πολλαῖς
1535 2405 1745 2475 ἐφόδοις

170 2494 286 2547 τῶν
317 2495 568 2566 πονηρῶν
594 2495 898 2567 βαρϐάρων.

243 2671 605 2742 Φωτοκυῆτορ
631 2670 873 2742 Παρθένε
897 2713 913 2738 ,
944 2675 1078 2743 μετὰ
1109 2675 1219 2728 τῶν
1250 2675 1553 2746 ἀσωμάτων
1578 2675 1742 2744 ἀγγέ-

166 2758 305 2824 λων,
334 2761 666 2826 ἀποστόλων,
687 2764 999 2834 προφητῶν,
1019 2765 1309 2837 ίεραρχῶν,
1327 2766 1639 2836 ἅθλοφόρων
1675 2783 1735 2818 τε

170 2852 269 2903 καὶ
314 2852 476 2904 ὁσίων
530 2852 817 2919 ἁπάντων,
868 2855 958 2908 τὸν
1014 2845 1175 2926 μόνον
1223 2856 1564 2927 ύπεράγαθον
1610 2854 1743 2910 Θεδν

167 2939 476 2993 ὲκδυσώπει
508 2941 771 3013 ρυσθῆναι
800 2943 1053 2997 κινδύνων
1083 2943 1181 3006 τὰς
1210 2944 1387 3016 ψυχας
1417 2945 1595 3016 ἡμῶν.

1848 1870 2041 1928 festina
2066 1912 2081 1936 ,
2121 1872 2314 1942 adjuva
2347 1872 2620 1941 supplices
2665 1879 2787 1926 tuos
2827 1868 3275 1925 tribulationibus
3316 1865 3417 1919 im-

1848 1975 2061 2017 mersos
2081 2002 2097 2029 ,
2128 1971 2181 2017 et
2207 1961 2419 2016 consilii
2456 1962 2756 2029 auxiliique
2782 1960 2972 2028 inopes
2992 2000 3006 2022 ,
3039 1972 3101 2013 ac
3131 1965 3423 2027 propterea

1847 2048 1901 2101 in
1935 2048 2123 2103 dolore
2164 2057 2448 2104 versantes
2500 2056 2553 2102 et
2590 2049 2658 2104 ad
2703 2057 2755 2103 te
2783 2063 2908 2102 cum
2940 2045 3106 2101 animi
3140 2045 3416 2101 confiden-

1846 2137 1920 2193 tia
1953 2139 2354 2209 confugientes,
2390 2153 2423 2193 ο
2463 2136 2645 2209 Virgo.

1916 2226 2208 2299 Refugium
2247 2229 2705 2293 Christianorum,
2748 2226 2985 2297 adjutrix
3013 2241 3206 2282 eorum
3238 2224 3330 2294 qui
3361 2225 3414 2277 in

1844 2319 2113 2387 angusﬁis
2157 2318 2485 2383 detinentur,
2522 2317 2687 2388 Virgo,
2715 2317 3061 2373 sanctissima
3084 2356 3097 2381 ,
3141 2331 3209 2370 ne
3238 2314 3417 2383 despi—

1844 2410 1959 2466 cias
1989 2425 2089 2465 nos
2129 2411 2283 2481 107
2317 2410 2554 2466 assiduis
2576 2410 2831 2480 periculis
2857 2409 3155 2479 perculsos,
3197 2406 3415 2461 multis-

1843 2517 1948 2572 que
1974 2500 2338 2555 Barbarorum
2375 2501 2735 2571 pessimorum
2767 2499 3144 2555 lnvaslonibus
3168 2499 3412 2569 exagita-

1910 2683 1955 2737 Ο
1988 2682 2150 2755 Virgo
2186 2684 2421 2754 genitrix
2455 2682 2622 2747 lucis,
2652 2698 2777 2739 cum
2805 2682 3015 2753 angelis
3051 2682 3410 2750 incorporeis,

1842 2776 2105 2844 apostolis
2126 2816 2140 2840 ,
2174 2776 2482 2845 prophetis,
2517 2775 2899 2845 pontiﬁcibus,
2944 2774 3279 2845 martyribus
3301 2814 3316 2838 ,
3350 2790 3412 2827 ac

1843 2866 2048 2922 sanctis
2074 2866 2349 2929 omnibus,
2393 2867 2611 2921 unicum
2638 2866 3087 2933 benignissimum
3121 2868 3290 2920 Deum
3318 2865 3412 2920 de-

1842 2972 2086 3026 precare,
2125 2965 2183 3011 ut
2216 2972 2245 3011 a
2281 2956 2535 3024 periculis
2567 2957 2760 3013 liberet
2794 2956 3007 3012 animas
3034 2966 3269 3011 nostras.

183 3068 285 3125 Ἐκ
311 3072 423 3149 τοῦ,
448 3072 703 3136 κανόνος
738 3075 823 3162 είς·
854 3074 973 3155 τότε
996 3074 1164 3162 circa?
1194 3076 1580 3162 ἱερςμιξρτυρρ
1623 3082 1736 3134 Συ-

1859 3089 1924 3143 Ex
1957 3090 2168 3145 Conone
2200 3092 2254 3145 in
2296 3091 2352 3145 S.
2383 3091 2678 3162 Simeonem
2709 3104 3015 3162 martyrem,
3044 3094 3132 3162 qui
3174 3091 3276 3159 fuit
3320 3106 3409 3144 co-

307 3139 509 3206 μεῶνα
533 3141 839 3210 συγγενιὴν
869 3142 975 3198 τοῦ
1006 3139 1252 3211 Κυρίου,
1277 3139 1465 3213 ἡξμέρᾳ
1492 3139 1593 3211 κζ’.

256 3287 345 3351 Ὠς
369 3283 502 3342 οὖσα
522 3290 618 3360 τῆς
644 3291 871 3355 κτίσεως
892 3290 1136 3362 άνωτέρα
1160 3291 1360 3362 πάσης,
1387 3292 1477 3345 τὸν
1498 3294 1735 3366 Κτίστην

168 3380 264 3433 καὶ
298 3378 431 3431 Θεὸν
457 3379 515 3431 ἐν
560 3381 741 3451 μήτρᾳ
772 3380 1045 3451 συνέσχες,
1081 3381 1345 3452 Παρθένε,
1377 3382 1472 3436 καὶ
1497 3382 1734 3453 ἑκύησας

168 3469 382 3540 βροτῶν
407 3471 485 3535 είς
511 3470 905 3544 ἀπολύτρωσιν.

241 3581 427 3644 ’Ἅπας
460 3580 769 3651 ἑγκωμίων,
803 3582 1068 3650 πάναγνε,
1103 3582 1264 3653 νόμος
1289 3582 1384 3637 νῦν
1412 3583 1641 3654 ήττᾶταί
1674 3601 1734 3638 σε

164 3673 450 3740 ἀνυμνεῖν,
477 3672 780 3742 Θεόνυμφε,
809 3674 980 3743 Λόγον
1021 3674 1153 3729 Θεὸν
1191 3675 1426 3731 τεκοῦσα
1447 3716 1461 3742 ,
1493 3678 1587 3730 καὶ
1631 3678 1742 3742 ἀγ-Δ

165 3761 359 3831 γέλους
385 3760 786 3832 ὐπερὸέύηκας.

236 3936 599 4008 Μεμνημένος
623 3938 712 3992 τὸν
739 3939 895 3993 τόκον
925 3956 1038 4005 σου,
1065 3942 1092 3993 ό
1123 3943 1405 4014 προφήτης
1431 3961 1490 3996 σε
1533 3943 1730 3996 Ἀδδα-

164 4029 313 4096 κοὺμ
336 4028 641 4097 προγράφει
668 4030 963 4084 κατάσκιον
989 4029 1133 4101 δρος,
1162 4032 1334 4103 Κόρη,
1358 4034 1387 4085 ό
1415 4034 1545 4098 Θεὸς
1575 4034 1729 4106 ήμῶν

162 4118 225 4182 ἐξ
252 4112 314 4171 οὗ
344 4118 505 4188 ὲπεδή
515 4135 703 4188 μησεν.

242 4231 416 4299 ’Υπὲρ
444 4230 601 4300 ήμῶν
647 4230 963 4301 δυσώπησον
995 4234 1227 4302 Χριστὸν
1252 4234 1340 4288 τὸν
1376 4236 1440 4289 ἐκ
1482 4237 1589 4291 τῶν
1624 4239 1728 4291 σῶν

162 4323 346 4388 ἁγνῶν
371 4321 619 4391 αἱμάτων
640 4363 653 4386 ,
684 4322 842 4405 ἁγνὴ,
867 4323 1094 4377 Θεοτόκε
1119 4365 1133 4386 ,
1179 4325 1356 4395 σάρκα
1399 4326 1584 4399 ύλικήν
1623 4331 1729 4399 ἠμ-

162 4411 479 4481 φιεσμένον,
512 4415 605 4465 καὶ
635 4412 854 4482 βροτοὺς
875 4413 1279 4468 ἀναπλάσαντα.

245 4520 547 4589 ’ἰάτρευσον
576 4521 641 4574 τὰ
668 4521 859 4573 ἀνίατα
883 4522 1047 4592 πάθη,
1083 4523 1388 4591 Θεόνυμφε,
1414 4525 1513 4592 τῆς
1542 4527 1718 4595 ψυχῆς

160 4629 287 4680 μου,
337 4611 516 4680 ἰατρὸν
548 4612 643 4664 καὶ
682 4612 908 4683 Σωτῆρα
959 4614 1205 4683 κυήσασα
1250 4613 1357 4665 τῶν
1404 4613 1606 4684 βροτῶν
1648 4618 1716 4670 τὰ

156 4702 308 4770 πάθη
341 4704 450 4765 τοῖς
479 4701 642 4755 αὐτοῦ
677 4701 1046 4772 θεραπεύοντα
1080 4703 1324 4758 πάθεσιν.

224 4810 655 4882 Παρθενομῆτορ
704 4810 879 4880 ἁγνὴ,
910 4811 971 4863 τὸ
1016 4812 1121 4865 τῶν
1160 4814 1424 4883 δαιμόνων
1474 4818 1711 4888 τραῦμα,

154 4906 247 4957 καὶ
270 4903 381 4956 τῶν
405 4902 703 4973 ἀνθρώπων
727 4904 785 4955 τὸ
807 4901 1107 4972 διάσωσμα,
1129 4907 1372 4972 ἀγγέλων
1393 4909 1713 4979 εὐπρέπεια,

154 4994 255 5061 τὴν
290 4993 550 5061 ταπεινήν
579 5009 678 5062 μου
718 4991 892 5061 ψυχὴν
929 4992 1123 5063 ἐχθροῦ
1161 4996 1256 5062 τῆς
1290 4996 1497 5067 πλάνης
1532 4998 1711 5071 ῥῦσαι.

226 5092 349 5142 ἰνα
373 5108 431 5142 σε
454 5094 676 5158 φωναῖς,
701 5092 861 5160 ἁγνὴ,
885 5093 1257 5163 χαριστηρίοις
1286 5096 1383 5165 τὴν
1413 5098 1715 5168 χαριτώσα-

157 5197 255 5233 σαν
286 5180 443 5247 ἡμῶν
468 5181 526 5233 τὸ
550 5182 704 5248 γένος
730 5182 1094 5252 ἀνυμνοῦμεν,
1122 5183 1287 5236 σκέπε
1309 5188 1403 5237 καὶ
1425 5180 1725 5260 περιφρούῖ

156 5288 243 5338 ρει
270 5272 439 5340 ἡμᾶς,
468 5270 768 5341 Θεόνυμφε,
808 5276 871 5326 ὲκ
904 5272 1079 5342 πάσης
1110 5274 1333 5343 βλάῦης.

223 5372 370 5424 Φωτι
404 5388 470 5441 με
505 5374 845 5441 καταύγασον
871 5378 947 5446 τῷ
978 5379 1138 5449 θείῳ,
1173 5382 1347 5449 φωτὸς
1378 5360 1711 5456 οἰκητήριον,

158 5462 425 5531 Παρθένε,
460 5461 566 5514 τῶν
596 5462 782 5517 παθῶν
809 5484 907 5536 μου
941 5468 1005 5521 τὸ
1042 5470 1228 5533 σκότος
1254 5512 1266 5533 ,
1299 5472 1390 5524 καὶ
1414 5474 1509 5544 τὴν
1555 5478 1715 5545 βαθυ-

158 5551 328 5621 τάτην
386 5554 552 5614 ὅντως
595 5554 765 5609 νύκτα
811 5561 931 5623 σαῖς
986 5562 1319 5631 μεσιτείαις,
1371 5566 1711 5641 Θεοκυῆτορ,

160 5642 557 5696 ἀπελαύνουσα.

2282 3171 2471 3230 gnatus
2504 3161 2740 3223 Domini,
2764 3164 2848 3215 die
2870 3161 2960 3214 27.

1906 3315 2182 3386 Tanquam
2210 3318 2359 3372 omni
2390 3327 2641 3373 creatura
2671 3318 2941 3386 superior,
2969 3318 3278 3374 Creatorem
3343 3333 3405 3373 ac

1837 3404 2005 3458 Deum
2041 3407 2094 3460 in
2130 3418 2281 3460 utero
2309 3409 2641 3477 concepisti,
2676 3423 2709 3463 ο
2743 3407 2940 3479 Virgo,
2978 3418 3032 3464 et
3056 3410 3316 3479 peperisti
3348 3411 3401 3465 in

1836 3494 2259 3563 redemptionem
2290 3496 2593 3550 hominum.

1904 3603 2094 3659 Omnis
2149 3607 2525 3661 encomiorum
2562 3606 2643 3662 lex
2681 3605 2917 3661 vincitur
2948 3622 3111 3673 nunc,
3147 3623 3179 3662 ο
3212 3608 3405 3662 ουδεὶς-

1834 3696 1970 3750 sima
2004 3695 2093 3750 Dei
2129 3712 2329 3765 sponsa
2354 3738 2367 3762 ,
2404 3698 2456 3751 in
2490 3696 2746 3753 laudibus
2779 3697 2922 3763 tuis;
2953 3696 3048 3751 Dei
3080 3699 3223 3751 enim
3268 3698 3403 3753 Ver-

1833 3785 1960 3838 bnm
1993 3786 2272 3856 peperisti,
2301 3796 2354 3841 ct
2376 3787 2688 3855 angelorum
2715 3786 3098 3841 sublimitatem
3126 3795 3405 3841 transcen-

1831 3873 1981 3928 disti.
2150 3946 2153 3951 ἡ

1902 3963 2145 4017 lnitiatus
2176 3963 2446 4034 mysteriis
2480 3971 2667 4033 partus
2698 3964 2777 4017 tui
2811 3966 3073 4035 propheta
3110 3966 3396 4028 Abbacuc.

1830 4070 1863 4108 o
1903 4053 2111 4116 Puella.
2138 4054 2397 4109 describit
2439 4063 2490 4109 te
2533 4061 2775 4109 montem
2818 4055 3155 4122 umbrosum,
3184 4072 3251 4111 ex
3290 4075 3399 4126 quo

1746 4178 1753 4193 ρ
1830 4144 1972 4201 Deus
2005 4156 2191 4201 noster
2213 4145 2446 4199 advenit.

1900 4259 2197 4329 Deprecare
2228 4275 2325 4330 pro
2359 4260 2515 4316 nobis
2550 4259 2859 4322 Christum,
2896 4273 2929 4314 ο
2955 4267 3104 4315 casta
3143 4260 3389 4331 Deipara,

1828 4350 1920 4420 qui
1966 4365 2029 4405 ex
2078 4351 2233 4421 puris
2278 4353 2632 4421 sanguinibus
2680 4352 2787 4408 tuis
2845 4353 3179 4408 materialem
3216 4353 3418 4409 induit'

1823 4456 2063 4505 carnem,
2096 4451 2150 4496 et
2175 4442 2420 4497 homines
2454 4443 2789 4498 reformavit.

1892 4553 2031 4609 Sana
2079 4555 2410 4611 insanabiles
2450 4557 2645 4612 animae
2681 4572 2815 4611 mea}
2860 4559 3179 4627 passiones,
3225 4575 3258 4615 o
3298 4559 3390 4615 Dei

1820 4646 2053 4717 Sponsa,
2086 4662 2208 4716 qua:
2236 4648 2503 4703 medicum
2538 4658 2591 4703 et
2623 4649 2956 4704 Salvatorem
2990 4643 3269 4721 peperisti,
3296 4652 3389 4722 qui

1817 4738 2167 4805 passionibus
2224 4740 2456 4811 prapriis
2502 4740 2783 4795 hominum
2828 4741 3115 4811 passiones
3154 4743 3384 4797 curavit.

1888 4850 2054 4920 Virgo
2082 4851 2250 4908 Mater
2283 4860 2466 4919 casta,
2501 4854 2809 4909 daemonum
2842 4854 3071 4916 vulnus,
3103 4854 3382 4908 hominum

1817 4943 1985 5007 salus,
2027 4945 2340 5014 angelorum
2374 4945 2559 5010 decus,
2629 4945 2798 5000 libera
2841 4944 3093 4999 miseram
3143 4944 3379 4997 animam

1817 5048 1993 5088 meam
2017 5050 2045 5089 a
2079 5036 2396 5091 seductione
2419 5036 2645 5091 inimici.

1896 5119 1965 5174 Ut
2001 5133 2050 5175 te
2072 5125 2239 5193 gratis
2263 5126 2504 5187 vocibus,
2531 5140 2564 5178 ο
2585 5136 2759 5189 casta,
2786 5141 2906 5195 quae
2938 5141 3107 5197 genus
3134 5134 3378 5178 nostrum

1817 5213 1986 5281 gratia
2021 5216 2311 5284 replevisti,
2342 5216 2625 5272 laudemus
2646 5257 2662 5284 ,
2697 5229 2913 5289 protege
2940 5228 2993 5272 et
3019 5216 3242 5270 defende
3284 5233 3379 5269 nos

1816 5303 1885 5355 ab
1912 5306 2059 5359 omni
2090 5308 2307 5369 damno,
2337 5323 2370 5362 ο
2405 5309 2619 5378 Sponsa
2651 5310 2765 5366 Dei.

1888 5394 2081 5450 Divina
2113 5398 2234 5451 luce
2268 5398 2529 5465 perfunde
2563 5416 2671 5467 me,
2709 5418 2742 5455 ο
2775 5402 2953 5467 Virgo,
2987 5399 3123 5450 lucis
3158 5396 3373 5450 habita-

1814 5482 1995 5536 culum
2025 5527 2039 5550 9
2083 5488 2391 5554 passionum
2459 5505 2700 5546 mearum
2754 5491 3020 5549 tenebras,
3059 5496 3113 5541 et
3157 5488 3374 5555 penitus

1818 5562 2294 5639 Profundissimam
2320 5578 2479 5649 108
2505 5592 2737 5649 noctem,
2767 5577 3245 5636 intercessionibus
3267 5580 3370 5633 tuis

1813 5665 2125 5735 dispellens,
2155 5685 2186 5724 ο
2217 5668 2311 5724 Dei
2333 5668 2597 5727 Genitrix.
