3936 6304
551 319 679 390 1111

1667 337 1726 396 s.
1765 335 2076 400 JOSEPHI
2110 291 2664 398 trnmoempm

3653 324 3799 390 1112

1565 431 1650 487 Ea:
1686 435 1895 488 Canouc
1922 437 1972 486 in
2002 434 2056 488 S.
2092 433 2378 500 Zosimam,
2407 437 2490 490 die
2517 437 2584 489 27
2608 435 2764 506 (60⁸).

621 538 1031 606 γρνιηιπιέῑιιη
1080 552 1433 606 mutationem
1481 552 1820 606 incarnatum
1871 555 1920 604 in
1971 561 2109 603 terra
2140 556 2462 610 Amortuos
2509 554 2632 607 vita:
2687 552 2954 616 restituit;
2994 552 3138 606 unde
3189 564 3289 605 nos
3329 549 3519 604 fideles
3563 552 3802 606 vocibus

547 643 802 710 peperisti
847 643 895 694 in
934 642 1372 695 reformationem
1407 629 1719 705 hominum,
1759 644 1847 710 qui
1884 655 1931 694 te
1961 642 2110 693 voci-

549 733 648 784 bus
683 732 1096 785 incessahilihus
1132 734 1464 799 ln-atificant,
1495 751 1528 788 0
1561 751 1683 789 vere
1725 736 1904 788 divina
1939 734 2111 786 felici-

549 831 654 874 tate
682 824 1132 877 cumulatissima.

620 911 783 979 Virgo
819 914 1151 982 incorrupta.
1187 931 1219 965 o
1252 924 1423 978 casta,
1462 925 1582 984 post
1614 923 1825 984 partum
1858 929 2113 982 perman-

548 1005 690 1062 sisti,
747 1007 1056 1074 concipiens
1108 1010 1268 1060 modo
1324 1008 1751 1076 inexcogitabili,
1807 1005 1959 1060 illum
2018 1007 2112 1076 qui

547 1097 766 1150 abstulit
796 1100 1200 1167 corruptionem
1238 1117 1250 1150 :
1300 1110 1579 1168 prepterea
1611 1113 1800 1153 omnes
1834 1106 1886 1153 te
1919 1100 2115 1154 merito

547 1187 754 1242 beatam
786 1189 1036 1254 dicimus,
1068 1206 1100 1242 ο
1133 1189 1380 1258 Deipara.

618 1279 912 1334 Thalamus
937 1291 1080 1337 totus
1110 1284 1347 1346 lucidus.
1396 1281 1780 1337 candelabrum
1816 1289 1984 1335 totum
2017 1298 2114 1334 au-

547 1386 698 1424 reum
718 1413 733 1436 ,
764 1373 915 1426 locus
945 1374 1391 1429 sanctificationis
1417 1374 1642 1427 thronus
1667 1373 1760 1426 Dei
1793 1374 2110 1437 altissimns,

545 1471 597 1514 et
632 1463 888 1529 palatium
936 1465 1330 1532 amplissimum
1371 1464 1506 1520 facta
1543 1481 1620 1527 es,
1663 1481 1694 1518 o
1722 1465 1884 1533 Virgo
1930 1464 2111 1516 divina

547 1554 717 1619 gratia
753 1555 1207 1610 cuntulatissima.
1885 1572 1887 1575 '

623 1643 870 1698 Sanctior
904 1647 1196 1730 Cherubim
1247 1648 1432 1712 fuisti,
1477 1664 1508 1702 ο
1541 1649 1909 1702 laudatissima
1933 1691 1946 1714 ,
1987 1649 2112 1702 dum

549 1731 717 1786 Deum
747 1735 1116 1804 inexplicabili
1148 1739 1358 1795 ratione
1388 1741 1647 1810 genuisti,
1683 1741 1770 1809 qui
1801 1742 1969 1794 voluit
2004 1742 2112 1796 sal-

548 1838 675 1878 vare
708 1826 997 1881 humanum
1028 1844 1220 1899 genus,
1256 1835 1521 1900 serpentis
1548 1831 1674 1885 dolo
1704 1845 2021 1902 corruptum
2053 1849 2116 1889 ac

545 1925 906 1982 peremptum.

617 2000 793 2056 Vitam
826 2006 1100 2072 peperisti,
1134 2023 1165 2060 υ
1193 2001 1522 2069 castissima,
1549 2023 1669 2076 qua:
1693 2008 1762 2062 ob
1789 2009 1934 2078 pomi
1968 2024 2118 2062 esum

2218 646 2511 712 gratiarum
2537 645 2766 699 actionis
2795 654 2845 697 te
2872 644 3083 697 beatam
3117 643 3520 713 proclamamns
3545 680 3559 704 ,
3592 657 3688 710 per
3726 653 3800 705 te,

2218 752 2250 790 ο
2279 738 2525 790 laudibus
2556 737 2738 808 digna,
2773 736 2985 792 salvati.

2291 829 2396 882 Lex
2445 829 2625 882 divina
2658 838 2709 882 et
2743 810 3127 896 prepbetarum
3173 827 3460 896 aenigmata
3521 838 3805 894 praemon—

2219 928 2529 976 straverunt
2559 928 2628 984 te,
2665 935 2698 973 ο
2734 930 2842 974 tota
2876 919 3241 978 immaculata.
3263 919 3567 986 parituram
3601 915 3801 970 Jesum

2219 1013 2495 1067 Christum
2532 1010 2937 1065 Emmanuelem
2987 1011 3038 1064 in
3074 1011 3315 1063 omnimn
3371 1011 3665 1061 hominum
3705 1021 3800 1060 re-

2219 1102 2678 1165 conciliationem,
2723 1093 2972 1164 salute'm,
3017 1101 3180 1155 vitam
3244 1111 3296 1154 et
3335 1099 3802 1164 redemptionem.

2289 1193 2640 1262 Negligentim
2670 1192 3053 1246 dormitatione
3083 1199 3383 1260 gravatum,
3419 1187 3806 1258 profundissi—

2220 1301 2343 1339 mus
2399 1284 2604 1354 peccati
2657 1299 2822 1351 50por
2875 1298 2960 1338 me
3020 1281 3288 1350 oppressit
3353 1300 3365 1334 :
3427 1278 3802 1345 quamobrem

2219 1375 2394 1430 clamo
2412 1375 2476 1428 ad
2507 1385 2576 1436 te,
2604 1385 2662 1429 ut
2690 1388 2903 1442 semper
2927 1372 3278 1441 vigilantibus
3312 1369 3569 1439 precibus
3594 1367 3705 1421 tuis
3734 1365 3806 1419 ad

2219 1466 2547 1535 poenitentia:
2580 1467 2752 1520 lucem
2784 1466 2987 1534 excites
3031 1479 3136 1518 me.

2288 1558 2433 1614 Voce
2466 1558 2761 1628 gratiarum
2795 1557 3027 1611 actionis
3046 1555 3110 1609 ad
3133 1565 3181 1609 te
3210 1556 3511 1609 clamamus
3550 1571 3564 1605 :
3605 1551 3800 1610 Salve,

2215 1651 2514 1721 jucundum
2569 1665 2633 1704 ac
2678 1647 3084 1707 sanctissimum
3147 1645 3237 1700 Dei
3303 1644 3729 1698 tabernaculum
3787 1655 3804 1692 :

2219 1745 2384 1809 salve,
2410 1742 2574 1797 totius
2604 1741 2761 1811 109
2796 1739 2980 1794 mundi
3004 1739 3184 1794 salus:
3215 1737 3382 1801 salve,
3403 1751 3434 1789 ο
3461 1733 3760 1788 benedicta
3788 1748 3803 1782 :

2221 1835 2386 1897 salve,
2421 1849 2453 1888 o
2485 1834 2551 1886 ab
2571 1834 2717 1888 omni
2750 1831 2959 1886 macula
2987 1831 3264 1892 immunis,
3302 1844 3396 1897 per
3429 1842 3593 1897 quam
3623 1839 3654 1877 a
3685 1837 3808 1877 cor-

2145 1921 2195 1979 B
2223 1927 2470 1996 ruptione
2498 1941 2562 1979 ac
2588 1924 2936 1978 damnatione
2964 1922 3175 1976 liberati
3202 1932 3412 1975 sumus.

1482 2143 1565 2197 Ea:
1598 2144 1806 2199 Canone
1832 2146 1884 2198 in
1913 2146 1971 2201 S.
2007 2146 2254 2200 Jasonem
2294 2149 2605 2216 apostolum,
2651 2146 2737 2201 die
2759 2149 2848 2202 28.

616 2259 816 2318 Puellae
846 2263 1019 2317 virum
1050 2265 1339 2320 nescientis
1373 2267 1622 2335 apparuit
1646 2265 1787 2320 filius
1819 2281 1981 2320 carne
2011 2268 2117 2320 cir-

546 2353 836 2407 cumdatus
867 2363 1087 2424 propter
1113 2341 1339 2410 multam
1366 2371 1519 2410 suam
1551 2355 1976 2411 misericordiam
2007 2343 2132 2416 ille:

546 2442 638 2512 qui
679 2444 826 2496 nulla
860 2445 1057 2498 mentis
1106 2445 1314 2499 ratione
1373 2445 1756 2514 comprehendi
1816 2443 2022 2514 potest;
2059 2457 2116 2499 ut

545 2549 640 2588 eos
685 2535 774 2603 qui
824 2535 1168 2602 passionibus
1220 2535 1399 2590 carnis
1453 2535 1646 2589 misere
1693 2536 2114 2601 succubuerant,

548 2628 612 2678 ad
656 2625 1145 2694 impassibilitatem
1199 2624 1484 2680 manifeste
1529 2625 1813 2678 reduceret
1853 2641 1945 2694 per
1989 2642 2113 2694 pasa

547 2716 752 2769 sionem
780 2716 960 2770 carnis
990 2732 1121 2778 suae,
1148 2715 1228 2769 cui
1260 2717 1326 2768 de
1357 2730 1503 2769 more
1531 2716 1820 2783 psallentes
1843 2716 2112 2771 dicimus:

549 2806 797 2861 Cloriose
830 2808 973 2860 enim
1002 2807 1334 2876 glorificatus
1365 2819 1468 2870 est,
1502 2800 1605 2860 etc.
1697 2828 1701 2832 ·

598 2897 890 2963 interfice,
924 2912 955 2950 o
985 2897 1296 2965 purissima,
1341 2895 1553 2949 viviflca
1603 2894 1988 2948 intercessione
2027 2907 2117 2950 tua

551 2999 830 3060 peccatum
864 2990 1008 3058 quod
1042 2989 1171 3041 vivit
1199 2989 1250 3041 in
1278 3003 1382 3048 me,
1410 2997 1462 3040 tu
1491 3002 1609 3054 qua;
1639 2986 1800 3040 vitam
1826 2989 2079 3055 genuisti.

623 3078 667 3133 0
713 3077 957 3139 Domina,
1000 3078 1219 3131 thalami
1257 3077 1510 3145 nuptialis
1566 3077 1766 3138 nescia,
1808 3078 1951 3129 salva
1995 3094 2112 3141 me,

555 3168 889 3220 Salvatorem
926 3164 1157 3218 Verbum
1194 3165 1348 3218 enixa
1371 3205 1383 3228 ,
1418 3175 1468 3216 et
1495 3179 1523 3216 a
1556 3163 1808 3232 periculis
1861 3173 2018 3234 atque
2049 3165 2116 3217 ab

552 3265 750 3317 eterna
789 3257 1137 3310 damnatione
1166 3256 1331 3309 libera
1369 3269 1473 3309 me.

2300 2267 2452 2322 Sicut
2494 2269 2672 2338 pluvia
2709 2269 2762 2321 in
2806 2267 3013 2328 vellus,
3070 2262 3307 2318 Verbum
3356 2258 3712 2314 salutiferum
3750 2256 3806 2310 in

2219 2359 2429 2412 vulvam
2475 2368 2620 2411 tuam
2653 2359 2950 2420 descendit,
2993 2365 3043 2410 et
3089 2356 3253 2408 homo
3283 2369 3348 2406 ex
3392 2360 3443 2405 te
3476 2350 3657 2405 factus
3694 2358 3803 2412 est,

2219 2459 2277 2504 ut
2308 2454 2539 2503 salvaret
2561 2466 2666 2514 me,
2697 2466 2728 2501 o
2763 2449 2966 2508 Puella,
2998 2445 3323 2499 mediatiooe
3353 2450 3468 2495 tua.

2283 2542 2361 2593 Tu
2394 2553 2512 2611 quae
2539 2541 2813 2594 Christum
2851 2540 2903 2592 in
2935 2538 3076 2591 ulnis
3111 2538 3237 2598 tuis,
3272 2545 3524 2600 tanquam
3554 2536 3804 2583 thronus

2224 2632 2529 2702 iguiformis
2577 2631 2818 2699 gestasti,
2865 2643 3030 2683 exora
3082 2623 3352 2685 eumdem,
3393 2637 3426 2674 o
3454 2619 3804 2673 innocentis-

2227 2723 2385 2784 sima,
2431 2729 2615 2788 utpote
2649 2718 2840 2772 Filium
2872 2726 3020 2769 tuum
3051 2730 3112 2768 ac
3138 2712 3450 2770 Dominum,
3500 2719 3559 2762 ut
3595 2722 3802 2776 pacem

2227 2813 2487 2881 largiatur
2515 2807 2719 2863 mundo
2740 2807 2993 2862 clamanti
3025 2824 3037 2860 :
3061 2803 3380 2859 Benedictus
3408 2799 3546 2852 Deus
3570 2806 3803 2867 patrum

2228 2913 2560 2958 nostrorum.

2297 2995 2529 3056 Fornax,
2586 2999 2771 3059 partus
2824 2988 2896 3042 tui
2953 2986 3191 3056 symbola
3255 2984 3380 3038 olim
3431 2980 3710 3038 referens,
3771 2993 3803 3029 o

2227 3081 2390 3148 Virgo
2428 3079 2616 3143 Mater,
2655 3078 3028 3133 adolescentes
3083 3089 3191 3128 non
3231 3071 3550 3134 combussit,
3591 3081 3805 3136 quem-

2226 3173 2511 3226 admodum
2541 3187 2641 3225 nec
2673 3171 2812 3240 ignis
2839 3168 3132 3223 divinitatis
3161 3173 3372 3218 uterum
3411 3172 3583 3215 tuum.

2289 3259 2451 3314 Mater
2486 3260 2623 3314 facta
2655 3258 3024 3311 Emmanuelis
3067 3255 3119 3308 in
3168 3262 3321 3306 utero
3357 3262 3446 3304 tuo
3475 3248 3761 3302 incantati
3788 3287 3801 3308 ,

623 3351 872 3404 Sanctior
918 3348 1214 3403 Cherubim
1278 3347 1594 3417 apparuisti,
1654 3347 1783 3400 dum
1842 3347 1895 3400 in
1973 3321 2188 3401 terrac
2225 3350 2525 3412 deificasti,
2581 3365 2612 3402 ο
2662 3346 3098 3408 inviolatissima,
3149 3355 3397 3395 naturam
3446 3340 3802 3392 humanam:

550 3443 794 3495 omnium
826 3439 1113 3493 Dominum
1161 3452 1387 3505 corpore
1432 3436 1677 3501 induisti,
1711 3453 1743 3489 ο
1781 3436 2006 3489 Domina
2040 3439 2120 3490 in-

550 3535 771 3598 violata,
803 3532 948 3586 omni
983 3530 1140 3583 laude
1169 3529 1510 3597 dignissima.

2229 3449 2528 3507 propterea,
2568 3454 2600 3493 ο
2651 3437 2992 3493 sanctissima
3051 3434 3142 3491 Dei
3194 3432 3458 3495 Genitrix,
3490 3440 3543 3484 te
3575 3431 3803 3484 beatam

2232 3544 2510 3584 vocamus.

1540 3665 1697 3735 110
1731 3663 1814 3718 Ea:
1846 3664 2055 3720 Canone
2083 3668 2136 3720 in
2169 3666 2225 3722 S.
2263 3666 2607 3731 Memnonem,
2637 3665 2719 3718 die
2741 3664 2828 3718 29.

621 3816 756 3870 Cum
793 3809 931 3864 Deus
960 3824 1024 3862 ex
1075 3816 1125 3861 te
1161 3806 1439 3860 hominem
1484 3802 1876 3871 assumpsisset
1905 3811 2113 3870 propter

553 3926 707 3966 suam
736 3908 1057 3969 bonitatem,
1083 3918 1116 3957 o
1143 3903 1460 3955 intemerata
1485 3897 1668 3967 Virgo,
1705 3896 1970 3965 processit
2000 3907 2119 3947 cum

555 4001 755 4069 duplici
790 3995 1099 4064 operatione
1144 4001 1198 4045 et
1226 3999 1452 4054 natura;
1480 4004 1640 4057 quem
1691 4001 1906 4055 semper
1933 3986 2094 4053 deprc

555 4107 703 4152 care,
748 4095 806 4141 ut
829 4097 879 4140 te
906 4086 1188 4138 laudantes
1215 4079 1499 4134 illuminet.
1664 4121 1668 4125 .
2030 4129 2034 4134 η

626 4179 862 4234 Verbum
899 4175 989 4228 Dei
1040 4171 1319 4241 impolluta
1379 4168 1584 4222 viscera
1643 4177 1735 4220 tua
1775 4164 2116 4230 inhabitavit,

553 4291 585 4328 ο
621 4270 915 4330 inviolata,
946 4277 1107 4336 atque
1136 4265 1387 4318 universa
1428 4260 1708 4314 hominum
1758 4270 1975 4327 peccata
2019 4259 2118 4310 eli-

503 4389 511 4397 ·
554 4364 802 4420 minavit.

627 4455 882 4510 Animam
923 4465 1097 4503 meam
1150 4451 1204 4501 in
1255 4444 1581 4515 profundum
1635 4441 1934 4496 carnalium
1971 4441 2120 4494 volu-

553 4554 765 4615 ptatum
810 4543 1116 4595 demersam
1166 4537 1446 4599 contirma,
1503 4543 1553 4587 te
1585 4547 1794 4602 precor,
1846 4531 2118 4584 interven-

2227 3802 2418 3857 mortis
2457 3813 2870 3870 peremptorem,
2918 3805 2972 3851 et
3025 3797 3147 3848 vitae
3201 3795 3444 3847 datorem
3491 3791 3804 3860 concepisti

2226 3899 2279 3942 et
2306 3888 2562 3958 peperisti
2595 3888 2754 3942 modo
2781 3885 3036 3940 ineffabili
3084 3892 3247 3952 atque
3299 3881 3740 3950 inexcogitabili,
3767 3896 3804 3935 ο

2224 3979 2551 4035 castissima.

2291 4071 2336 4123 A
2370 4069 2777 4134 tempestatibus
2809 4067 3193 4121 immensorum
3233 4071 3579 4132 peccatorum
3618 4061 3799 4116 libera

2225 4176 2332 4222 me.
2367 4176 2398 4213 ο
2423 4159 2630 4224 Puella,
2683 4173 2800 4228 quae
2847 4158 2957 4211 sol-t
2997 4156 3353 4209 fortissimum
3406 4168 3464 4206 es
3504 4153 3800 4206 miserabi-

2229 4249 2746 4318 liumadjutorium.
2780 4261 2831 4302 et
2884 4256 3223 4317 peccatorum
3267 4243 3730 4315 prepitiatorium,
3762 4259 3802 4297 ο

2230 4344 2509 4398 benedicta
2538 4345 2588 4394 in
2615 4341 2930 4396 mulieribus
2955 4340 3243 4408 purissima
3279 4337 3527 4391 Domina.

2298 4434 2548 4487 Miseram
2576 4433 2810 4487 animam
2845 4446 3040 4495 meam,
3072 4427 3407 4498 gravissimis
3438 4427 3792 4496 malis'a-gro-

2231 4534 2430 4578 tantem
2487 4533 2539 4577 et
2587 4523 2998 4592 periclitantem,
3061 4520 3278 4588 dignam
3313 4517 3419 4578 fac.
3474 4532 3507 4570 ο
3561 4516 3792 4570 Domina

554 4641 700 4692 tione
726 4647 834 4701 tua,
859 4650 890 4687 ο
914 4633 1004 4686 Dei
1032 4629 1283 4702 genitrix,
1310 4643 1429 4696 qum
1453 4627 1564 4680 sola
1589 4627 1852 4680 bonorum
1879 4625 2119 4679 omnium
2156 4661 2199 4715 Β
2233 4621 2339 4673 Deo
2373 4617 2718 4680 charissima,
2749 4614 3054 4668 visitatione
3080 4622 3188 4674 tua,
3224 4620 3278 4663 et
3308 4607 3678 4664 omnimodam
3713 4607 3792 4660 illi

555 4736 796 4787 datorem
832 4731 1000 4782 Deum
1030 4733 1274 4780 nostrum
1309 4721 1560 4791 genuisti.
1611 4739 1617 4750 ~

628 4821 793 4875 Deum
811 4815 1085 4885 peperisti,
1101 4823 1154 4867 et
1171 4813 1320 4881 virgo
1335 4809 1701 4879 pet-mansisti,
1721 4823 1752 4860 ο
1771 4806 1977 4874 Sponsa
1995 4807 2119 4871 Dei;

558 4920 838 4984 propterea
871 4923 1061 4961 omnes
1108 4905 1392 4959 hominum
1443 4902 1638 4970 linguae
1669 4908 1717 4951 te
1752 4914 1873 4951 cum
1926 4899 2122 4965 gaudio

555 5008 765 5060 beatam
799 5002 1006 5055 dicunt.

622 5092 905 5154 Mortif‘tcn,
940 5106 970 5144 o
1003 5089 1183 5157 Virgo,
1223 5086 1403 5140 carnis
1439 5096 1567 5136 meae
1609 5078 1969 5148 prudentiam.
2003 5092 2122 5146 quae

1085 5215 1335 5272 MENSIS
1355 5211 1592 5267 MAIUS.

561 5338 711 5407 111
771 5335 852 5392 Ea:
882 5335 1189 5407 'Canonein
1235 5329 1334 5383 SS.
1377 5336 1629 5407 monili-es
1668 5325 2015 5387 Timotheum,
2069 5331 2118 5375 et

1108 5402 1371 5460 Mauram,
1411 5399 1492 5449 die
1522 5399 1571 5450 3.

628 5539 1156 5609 Supersubstantiale
1180 5535 1420 5591 Verbum
1459 5534 1760 5597 substantia
1803 5532 2002 5588 factum
2051 5548 2116 5586 ex

2227 4709 2650 4762 incolumitatem
2677 4706 2915 4768 restitue,
2944 4703 3070 4756 dum
3107 4702 3326 4755 clamat.

2291 4797 2432 4852 Voce
2482 4795 2786 4864 archangeli
2836 4794 2901 4847 ad
2956 4802 3005 4846 te
3039 4789 3326 4845 la-tabundi
3375 4789 3702 4851 clamamus,
3755 4802 3792 4841 ο

2220 4889 2382 4957 Virgo
2416 4908 2428 4942 :
2462 4890 2593 4950 Ave,
2631 4885 3027 4940 maledictionis
3061 4883 3279 4944 solutio,
3309 4889 3620 4933 sanctorum
3647 4893 3786 4932 coo-

2200 4981 2482 5053 fessorum
2529 4981 2728 5048 gloria,
2780 4979 2997 5030 Patrum
3047 4976 3333 5045 gloriatio,
3390 4972 3775 5042 prophetarum

2222 5073 2548 5142 prredicatio,
2575 5081 2737 5140 atque
2767 5071 3048 5125 hominum
3081 5067 3246 5122 salus.

2795 5206 2948 5258 MHN
2982 5201 3211 5258 ΜΛΙΟΣ.

2240 5323 2330 5374 Ἐκ
2358 5321 2460 5374 τοῦ
2491 5323 2756 5384 Κανόνος
2783 5324 2867 5385 εὶς
2893 5317 3032 5382 τοὺς
3057 5316 3260 5385 ἁγίους
3281 5312 3587 5385 μάρζυρας
3624 5310 3788 5378 TIM-

2579 5398 2716 5447 θεον
2736 5381 3127 5455 ΒιαϊΜαύρανέ,
3153 5383 3338 5454 ἡμέρᾳ
3362 5381 3431 5452 γ’.

2309 5527 2655 5598 ’Υπερούσιος
2691 5525 2862 5591 Λόγος
2900 5520 3180 5584 obeuntia;
3221 5519 3279 5583 ὲξ
3308 5516 3493 5584 ἁγνῶν
3541 5513 3790 5583 αἱμάτων

631 5711 763 5788 (60')
800 5711 900 5768 Hic
931 5727 1106 5768 canon
1139 5729 1258 5771 cum
1298 5710 1509 5768 duobus
1543 5709 1895 5789 sequentibus
1939 5709 2121 5765 Graece
2163 5721 2268 5761 non
2304 5714 2478 5761 exstat
2508 5705 2561 5759 in
2590 5702 2743 5758 libris
2771 5701 2952 5757 editis.
