3936 6304
147 303 295 374 1113

1579 300 1945 363 MARIALE.

3265 277 3398 343 1111

147 441 251 477 σου
283 417 650 488 ἑθεοὺργησεν
688 394 832 488 ἡμᾶς
863 413 957 468 καὶ
990 412 1191 483 φθορᾶς
1225 411 1510 484 ὲρῤύσατο,
1541 412 1680 481 ἁγνή
1703 428 1716 440 ·
1750 460 1756 474 α

1872 409 1988 466 iStis
2022 401 2382 474 sanguinibus
2424 399 2557 466 tuis,
2593 396 2864 454 deiﬁcavit
2889 408 3011 458 nos,
3040 404 3102 446 ac
3151 372 3418 443 liberavit

145 514 242 568 διὰ
265 512 425 565 τοῦτό
457 527 516 563 σε
543 511 746 572 πιστῶς
782 509 867 561 disi.
893 503 1207 574 δοξάζομεν.

239 693 534 762 ’Υπάρχων
578 691 737 758 φύσει
771 686 985 756 ἀπαθὴς
1022 688 1049 738 ὁ
1095 686 1218 748 Υἱός
1263 702 1354 738 σου
1380 725 1394 748 ,
1448 681 1724 755 Παρθένε,

1828 518 1927 557 nos
1961 515 1990 553 a
2022 495 2374 564 corruptione
2401 509 2414 545 :
2451 502 2729 562 propterea
2759 501 2808 545 te
2835 501 3047 557 semper
3072 498 3196 539 cum
3227 480 3348 545 title,
3370 494 3406 539 o_

1830 591 2146 663 purissima,
2180 584 2566 656 gloriﬁcamus.

1900 684 2072 738 Filius
2124 690 2272 740 tuus,
2316 694 2440 733 cum
2498 686 2641 731 esset
2686 684 2876 728 natura
2920 667 3296 740 impassibilis,
3343 679 3408 719 ex

150 758 526 854 προσελάϐετο
556 781 733 847 σάρκα
772 777 828 842 ἐξ
868 778 1113 847 αἱμάτων
1143 794 1236 829 σου
1267 774 1448 842 ἁγνῶν
1472 813 1486 837 ,
1522 767 1617 826 καὶ
1643 773 1731 826 διὰ

1872 777 1984 832 uris
2021 771 2386 841 sanguiuibus
2432 770 2540 823 tuis
2593 782 2812 823 carnem
2868 763 3127 831 suscepit,
3172 775 3205 813 o
3245 758 3411 826 Virgo

153 877 367 937 πάθους
399 872 633 943 σταυροῦ
668 871 775 922 τῶν
810 869 995 923 παθῶν
1026 887 1115 939 με,
1148 869 1404 937 ἄχραντε,
1439 863 1727 936 ἐρρύσατο.

243 1054 498 1123 Ἀγνείας
545 1051 842 1120 σκήνωμα,
874 1048 1292 1117 κατοικητήριον
1323 1042 1418 1095 τοῦ
1461 1041 1732 1123 Δεσπότου

157 1147 274 1199 τῶν
305 1146 439 1198 ὅλων
459 1185 474 1209 ,
505 1144 612 1195 τῶν
643 1140 934 1212 προφητῶν
968 1137 1184 1189 πάντων
1226 1134 1572 1204 περιήχημα,
1613 1121 1734 1183 θεο-

157 1237 435 1307 χαρῑτωτε
465 1234 580 1299 ναὲ,
614 1233 738 1294 τοὺς
762 1227 1065 1303 ὑμνοῦντας
1098 1241 1156 1278 σε
1187 1225 1552 1293 οἰκτεξρησον.

234 1418 346 1487 Τὴν
383 1413 670 1481 καταιγίδα
703 1413 809 1466 τῶν
853 1393 1159 1480 λογισμῶν,
1200 1409 1300 1469 τὰς
1346 1406 1740 1464 ἐπαναστάσεις

157 1506 274 1559 τῶν
304 1505 512 1569 παθῶν,
546 1502 652 1558 τῶν
681 1501 1003 1572 πειρασμῶν
1046 1501 1105 1552 τδ
1134 1497 1447 1558 κλυδώνιον,
1477 1496 1740 1556 κόπασον,

159 1595 418 1665 Παρθὲνε
458 1593 854 1664 θεοχαρίτωτε,
908 1591 1002 1644 καὶ
1049 1589 1221 1642 σῶσόν
1257 1604 1324 1658 με
1373 1585 1646 1656 ὑμνοῦντα
1674 1581 1744 1636 τὰ

165 1685 436 1755 μεγαλεῖὰ
465 1702 576 1737 σου.

1835 865 2182 922 immaculata
2202 862 2346 933 (6|),
2395 869 2450 914 ct
2471 875 2566 930 per
2585 857 2868 928 passiones
2891 853 3091 919 crucis,
3117 865 3204 904 me
3234 866 3261 902 a
3288 862 3413 916 pas-

1836 960 2087 1016 sionibus
2114 956 2388 1012 liberavit.

1907 1048 1951 1105 0
2002 1045 2272 1103 castitatis
2313 1039 2765 1103 tabernaculum,
2809 1034 3144 1090 domicilium
3199 1031 3414 1086 Domini

1839 1140 2251 1201 universorum,
2325 1135 2712 1205 prophetarum
2795 1128 3040 1182 omnium
3108 1124 3412 1185 resonatio,

1843 1231 2101 1300 templum
2140 1227 2250 1284 Deo
2285 1217 2692 1298 gratissimum,
2715 1222 2975 1276 miserere
3007 1233 3194 1272 eorum
3230 1215 3322 1285 qui
3364 1224 3418 1268 te

1842 1322 2173 1377 Collaudant.

1914 1413 2317 1485 Cogitationnm
2349 1407 2666 1480 procellam,
2702 1403 3021 1475 passionum
3076 1399 3422 1464 insurgentes

1845 1504 2077 1567 ﬂuctus,
2127 1501 2489 1558 tentationum
2535 1502 2915 1564 tempestatem
2969 1489 3124 1552 seda,
3172 1503 3206 1542 ο
3258 1485 3426 1556 Virgo

1847 1596 2025 1650 divina
2053 1596 2226 1664 gratia
2258 1589 2712 1652 cumttlatissima,
2742 1595 2795 1642 et
2826 1584 3038 1640 salvum
3086 1581 3171 1636 [ac
3199 1595 3285 1634 me
3309 1577 3428 1633 lau-

1849 1663 2074 1740 dantem
2097 1684 2366 1755 magnalia
2398 1692 2510 1735 tua.
2665 1672 2668 1676 ’
2695 1663 2700 1667 ’

240 1774 530 1840 Πανὰγαθε
573 1773 872 1835 Δέσποινα,
923 1770 1012 1823 τὸν
1059 1768 1370 1835 πανάγαθον
1423 1767 1556 1819 Θεὸν
1603 1766 1638 1834 ἡ
1689 1764 1747 1816 ὲν

1921 1774 2078 1830 Omni
2117 1773 2356 1827 bonitate
2386 1767 2610 1839 prmdita
2641 1765 2888 1826 Domina,
2915 1777 3036 1833 qua:
3067 1761 3234 1815 Deum
3277 1756 3426 1812 omni

167 1865 338 1931 σαρκὶ
384 1865 668 1932 κυήσασα,
724 1860 1116 1929 κεκακωμένην
1170 1859 1365 1910 πάθεσι
1421 1858 1519 1926 τὴν
1566 1854 1745 1924 ψυχὴν

165 1957 312 2024 ἐμὴν
333 1953 427 2007 νῦν
448 1952 736 2021 ἁγάθυνον,
761 1951 846 2004 ἵνα
869 1951 1050 2003 πίστει
1069 1948 1162 2003 καὶ
1186 1948 1335 2018 πόθῳ
1358 1945 1643 2018 μεγαλύνω
1661 1961 1742 1998 σε.

257 2140 638 2210 Ὕπερύμνητε
661 2136 929 2208 Παρθένε,
956 2137 1057 2190 ὑπε
1067 2135 1129 2207 ρύ
1139 2153 1338 2206 μνητον
1354 2135 1485 2187 Θεὸν
1505 2131 1749 2201 ἀποκυή-

172 2249 344 2295 σασα,
380 2233 504 2295 τοὺς
540 2231 843 2300 ὑμνοῦντας
883 2246 942 2282 σε
988 2229 1278 2291 κοινωνοὺς
1317 2225 1597 2290 ἀνάδειξον
1634 2242 1748 2292 φω-

167 2324 291 2387 τὸς,
328 2324 420 2376 καὶ
455 2321 614 2393 ῥῦσαι
647 2322 869 2390 γεέννης
897 2320 992 2373 καὶ
1021 2319 1216 2388 φλογὸς
1239 2357 1254 2382 ,
1286 2317 1380 2372 καὶ
1407 2317 1589 2386 πάσης
1621 2314 1748 2384 βλά-

172 2413 281 2484 ϐης
312 2412 403 2466 τοῦ
436 2411 629 2484 ἐχθροῦ
659 2413 777 2474 ταῖς
809 2410 1038 2473 ἱκεσίαις
1072 2426 1187 2463 σου.

265 2504 606 2575 Ὠραιώθης,
664 2502 947 2572 Παρθένε,
1002 2501 1364 2572 ἀποκυήσασα
1417 2499 1750 2570 ὡραιότατον

175 2596 367 2648 κάλλει
406 2596 636 2665 Χριστὸν
687 2595 775 2647 τὸν
825 2593 1068 2663 Κύριον,
1120 2593 1295 2654 θείαις
1348 2593 1469 2654 τοὺς
1526 2592 1753 2660 πιστοὺς

175 2687 431 2754 ἀγλαΐαις
457 2686 836 2756 φαιδρύνοντα,
866 2684 925 2738 ὃν
955 2682 1235 2754 ὑπερυψοῦ
1247 2701 1365 2753 μεν.

251 2868 394 2920 Φωτὶ
419 2867 496 2938 τῷ
528 2868 604 2936 σῷ
633 2884 700 2937 με
720 2906 737 2931 ,
770 2867 1131 2938 θεοχαρίτωτε
1164 2867 1220 2918 ὲν
1251 2864 1464 2932 γυναιξὶ
1491 2862 1756 2934 Παρθένε,

180 2958 676 3028 καταλάμπρυνον,
710 2958 926 3027 δέομαι,
963 2957 1059 3009 καὶ
1109 2957 1281 3024 πυρὸς
1309 2957 1527 3009 αἰωνίου
1565 2972 1631 3024 με
1667 2954 1760 3008 λύ-

178 3065 413 3118 τρωσαι,
449 3048 594 3111 ὅπως
626 3064 684 3100 σε
718 3047 1004 3116 μεγαλύνω
1032 3088 1047 3114 ,
1082 3049 1226 3109 ὅπως
1257 3046 1463 3111 δοξάζω
1496 3063 1576 3111 σε,
1610 3047 1757 3109 ὅπως

182 3139 491 3207 καταχρέος
519 3137 740 3207 ἀνυμνῶ
768 3137 835 3191 τὰ
862 3138 1128 3208 μεγαλεῖά
1158 3156 1274 3192 σου.

194 3294 302 3347 Ἐκ
331 3293 744 3362 τοῦίΚανόνος
780 3295 868 3358 εις
900 3296 1005 3346 τὸν
1041 3295 1214 3362 ἅγιον
1249 3296 1594 3348 ἀπόστολον
1633 3297 1762 3349 Ἀν-

433 3361 714 3429 δρόνικον
754 3363 852 3416 καὶ
891 3361 1173 3431 Ἰουνίαν,
1209 3364 1398 3434 ἡμέρᾳ
1429 3365 1512 3428 ιζ’.

263 3514 560 3585 Ὄμϐρισὸν
587 3531 699 3585 μοι,
723 3514 987 3584 Παρθένε,
1023 3517 1241 3570 πάντων
1261 3518 1371 3571 τῶν
1401 3520 1763 3589 πταισμάτων

183 3605 588 3674 ἀπολύτρωσιν,
612 3603 705 3657 καὶ
733 3603 1016 3674 διόρθωσιν
1044 3604 1182 3674 βίου,
1217 3607 1282 3676 τῇ
1313 3607 1371 3658 ὲν
1402 3607 1484 3658 σοὶ
1512 3606 1761 3678 μεσιτείᾳ

184 3697 284 3752 καὶ
311 3697 510 3766 χάριτι.

261 3789 375 3842 Οὐκ
406 3785 547 3841 ἐστιν
580 3787 844 3857 ἄχραντος
875 3787 1016 3858 πλήν
1056 3805 1171 3854 σου,
1204 3791 1500 3854 Δέσποινα,
1536 3789 1631 3842 καὶ
1659 3789 1759 3843 οὐκ

289 3967 380 4039 61)
413 3968 516 4039 Per
567 3965 781 4022 titulum
821 3965 1166 4039 immaculata
1209 3967 1452 4039 additum
1485 3965 1758 4039 ‘,Virgini‘,

187 4037 426 4109 exprimi
468 4037 584 4104 ejus
625 4037 1053 4109 immacula_tam_
1079 4038 1514 4109 conceptionem,
1548 4037 1765 4092 videtur

187 4105 412 4166 suaderi
458 4119 613 4178 pqsse
648 4121 712 4178 ex
762 4107 965 4178 synodo
1013 4105 1512 4178 Trideiitinatqug:
1543 4122 1767 4178 sess.,v,

192 4180 263 4234 ad
303 4178 459 4229 tinem
505 4175 712 4229 Decreti
759 4174 825 4227 de
870 4174 1092 4243 peccato
1145 4174 1420 4243 originali,
1465 4174 1524 4228 B.
1558 4174 1766 4243 Virgini

189 4245 727 4317 apposuitepitheton
749 4246 1133 4317 immaculata,
1161 4254 1216 4298 ut
1237 4245 1372 4317 forte
1393 4248 1538 4317 hunc
1553 4245 1767 4300 titulum

190 4314 473 4388 Proprium
501 4329 633 4388 esse-
650 4314 889 4388 mysterii
912 4315 1765 4388 ρρηοβριίοηίε-ίιιιεηίκθτθητυεν

191 4383 250 4442 et
285 4383 338 4439 in
387 4383 746 4453 appellatione
780 4383 1014 4452 Virginis
1054 4385 1411 4439 immaculata:
1444 4383 1764 4439 immacula-

1781 3097 1829 3161 C

1848 1866 2088 1920 bonitate
2120 1863 2363 1932 plenum,
2394 1861 2447 1912 in
2476 1873 2642 1912 carne
2669 1856 2949 1925 peperisti,
2977 1853 3210 1907 animam
3249 1863 3426 1903 meam

1850 1955 2201 2027 passiouibus
2239 1953 2380 2005 male
2426 1952 2673 2006 aﬂ'ectam
2721 1964 2784 2002 ac
2810 1948 3180 2014 depravatam,
3228 1940 3429 1995 bonam

1849 2049 2018 2114 eﬂice,
2055 2055 2112 2098 ut
2135 2060 2258 2099 cum
2294 2044 2397 2097 [ide
2429 2052 2482 2096 et
2515 2041 2711 2095 aﬂ‘ectu
2746 2036 3083 2106 magniticem
3112 2044 3184 2088 te.

1920 2137 1964 2192 Ο
2021 2137 2187 2205 Virgo
2241 2132 2732 2202 superlaudabilis,
2774 2143 2895 2196 qua:
2934 2121 3430 2194 superlaudabilem

1851 2231 2017 2286 Deum
2059 2227 2354 2298 peperisti,
2388 2241 2483 2280 eos
2525 2224 2618 2293 qui
2657 2232 2709 2277 te
2737 2219 3053 2276 collaudant
3084 2214 3234 2270 etiice
3260 2213 3434 2283 parti-

1852 2322 2001 2391 cipes
2047 2321 2206 2383 lucis,
2244 2330 2297 2373 et
2346 2319 2513 2372 libera
2572 2330 2666 2384 eos
2725 2307 3208 2372 intercessionibus
3260 2304 3369 2360 tuis
3403 2318 3434 2357 a

1851 2415 2096 2487 gehenna
2133 2420 2186 2466 et
2208 2410 2421 2464 ﬂamma
2445 2452 2460 2475 ,
2490 2416 2543 2463 et
2570 2408 2636 2460 ab
2664 2404 2813 2459 omni
2848 2401 3072 2457 laesione
3103 2397 3336 2453 inimici.

1925 2505 2181 2575 Speciosa
2218 2501 2355 2555 facta
2385 2515 2463 2561 es,
2493 2514 2525 2553 o
2569 2496 2755 2566 Virgo,
2791 2509 2914 2548 cum
2959 2491 3267 2560 peperisses
3308 2499 3428 2556 spe-

1852 2594 2064 2652 ciosum
2107 2591 2283 2646 forma
2332 2589 2604 2642 Christum
2661 2585 2976 2646 Dominum,
3012 2580 3211 2635 divinis
3250 2578 3432 2648 splen-

1855 2688 2079 2744 doribus
2110 2684 2294 2738 ﬁdeles
2354 2668 2734 2742 “lustrantem,
2772 2690 2932 2746 quem
2978 2688 3078 2728 uos
3112 2668 3427 2742 super-exal-

1861 2786 2063 2833 tamus.

1934 2869 2091 2937 112
2120 2866 2264 2919 Luce
2291 2872 2380 2918 tua
2410 2863 2618 2917 illustra
2653 2875 2759 2924 me,
2791 2873 3006 2928 precor,
3039 2871 3070 2908 o
3103 2855 3269 2923 Virgo
3293 2853 3438 2906 inter

1859 2974 2051 3014 omnes
2088 2957 2343 3011 mulieres
2377 2953 2482 3008 Deo
2514 2952 2866 3014 charissima,
2901 2960 2953 3002 et
2983 2948 3051 3002 ab
3079 2948 3200 3014 igne
3223 2941 3445 3000 :etenno‘

1859 3051 2066 3104 redime
2098 3064 2202 3113 me,
2235 3056 2295 3100 ut
2344 3057 2394 3100 te
2435 3046 2797 3115 magniﬁcem,
2833 3052 2893 3096 ut
2937 3051 2990 3096 te
3021 3039 3339 3111 gloriﬁcem,
3382 3043 3442 3092 ut

1861 3156 1960 3212 pro
1988 3139 2174 3194 debito
2203 3138 2418 3191 laudem
2458 3135 2728 3206 magnalia
2758 3145 2870 3188 tua.

1859 3294 1945 3349 Ex
1975 3292 2187 3352 Conone
2217 3295 2272 3348 in
2305 3292 2364 3346 S.
2399 3292 2756 3413 Andrzuicit?
2787 3288 3085 3359 apostolum
3119 3297 3166 3341 et
3194 3284 3439 3351 Iuniam,

2584 3378 2628 3413 te

1936 3519 2136 3588 Deplue
2184 3532 2348 3588 super
2388 3532 2494 3582 me,
2519 3532 2551 3570 ο
2578 3508 2762 3583 Virgo’.
2820 3511 3064 3566 omnium
3097 3518 3446 3578 peccatorum

1866 3612 2293 3680 redemptionem
2336 3616 2392 3664 et
2412 3607 2844 3663 emendationem
2870 3603 3015 3669 vitae,
3037 3599 3365 3655 mediatione
3390 3605 3445 3654 et

1866 3703 2038 3772 gratia
2074 3696 2206 3754 tua;

1935 3792 2128 3848 Nullus
2176 3799 2260 3850 est
2308 3788 2698 3846 immaculatus
2735 3792 2934 3857 przeter
2973 3792 3047 3848 te,
3099 3796 3132 3836 ο
3171 3779 3445 3836 Domina:

1867 3967 2201 4028 nominetur,
2235 3966 2280 4022 si
2325 3976 2504 4020 autem
2547 3966 2650 4019 sub
2675 3965 2795 4033 lege
2827 3960 3108 4033 originalis
3140 3975 3248 4033 non
3294 3977 3447 4016 com-

1906 4037 2260 4102 rehendatur,
2289 4037 2496 4105 optime
2545 4034 2868 4105 bujusmodi
2897 4034 3057 4088 titulo
3102 4032 3310 4105 absque
3335 4033 3446 4105 ulla

1891 4106 2196 4168 imitatione
2272 4102 2524 4172 insigniri
2569 4115 2798 4176 potest.
2850 4104 3024 4176 Nemo
3060 4102 3446 4176 conciliarium

1863 4177 2135 4230 actionum
2151 4190 2352 4244 gnarus
2368 4170 2633 4246 suspicari
2653 4182 2830 4246 potest
2848 4172 3211 4246 immaculata!
3228 4170 3444 4246 titulum

1866 4246 1978 4300 illic
2000 4241 2350 4315 expressum.
2380 4241 2953 4315 hic-prmermissum,
2980 4241 3187 4310 absque
3229 4243 3446 4315 maturo
3507 4247 3512 4250 ⁴

1864 4314 2098 4370 Consilio
2125 4327 2178 4370 et
2212 4315 2474 4383 singulari
2503 4314 2696 4383 aliquo
2725 4314 3010 4383 mysterio,
3042 4327 3163 4366 cum
3209 4327 3274 4364 ex
3305 4314 3446 4366 scri-

1867 4386 1970 4455 ptis
2001 4385 2242 4450 Patrum,
2273 4387 2364 4454 qui
2397 4386 2632 4441 coucilio
2667 4384 3054 4455 interfuerunt,
3085 4389 3328 4455 constet_
3352 4399 3445 4437 ca-

193 4467 310 4511 tam
371 4433 782 4524 cdnrceptionem
811 4433 1014 4506 includi
1045 4468 1481 4522 agnosceremus.
1511 4472 1528 4504 ‹
1569 4454 1762 4510 Decla-
1792 4433 1839 4492 D
1869 4433 2039 4510 Inones
2082 4467 2136 4509 et
2168 4433 2382 4510 ἀεὶῖρῆ
2401 4433 2863 4524 'é'ié’r‘iiié's'iﬁii's’
2879 4433 3164 4524 deputans
3199 4433 3447 4507 coniecta

192 4535 306 4585 rat,
337 4524 528 4589 inquit,
560 4523 672 4575 haec
701 4522 816 4591 ipsa
859 4531 1044 4576 sancta
1085 4525 1324 4592 synodus
1355 4539 1460 4577 non
1497 4540 1618 4578 esse
1654 4542 1768 4580 su:e

193 4592 518 4648 intentionis
553 4592 1017 4658 comprehendere
1053 4592 1105 4645 in
1145 4593 1247 4646 hoc
1280 4592 1525 4655 Decreto.
1561 4596 1651 4647 ubi
1700 4597 1765 4648 de

231 4673 423 4719 eccato
483 4661 730 4729 originali
775 4661 970 4730 agitur,
1023 4662 1229 4716 beatam
1264 4672 1314 4716 et
1360 4664 1762 4718 immaculatam

252 4737 478 4802 irgiuem
516 4730 738 4802 lllai'iam
775 4729 865 4783 Dei
896 4729 1242 4802 Genitricem.
1280 4751 1297 4783 ι
1325 4732 1492 4800 Cujus
1522 4734 1764 4787 declara-

195 4801 367 4862 tionis
408 4801 687 4869 perSpicua
720 4801 1005 4870 sententia_
1038 4809 1138 4862 est,
1177 4801 1353 4870 inquit
1396 4805 1766 4854 Armamenta-

195 4876 340 4925 rium
372 4868 713 4938 Seraphicum
743 4884 836 4937 pro
869 4870 951 4923 tit.
978 4868 1348 4923 Immaculata:
1375 4871 1760 4938 Canceptionis,

196 4956 326 5010 pag.
358 4940 490 4993 1501
531 4958 548 4990 ι
591 4939 807 4992 Beatam
845 4938 1115 5010 Virginem
1150 4939 1370 4992 Mariam
1401 4941 1456 4993 in
1488 4943 1766 4996 communi

198 5009 322 5078 lege
368 5011 570 5076 peccati
617 5009 925 5063 necessario
966 5023 1075 5062 non
1118 5010 1541 5076 comprehendo,
1578 5015 1670 5064 sed
1709 5023 1766 5066 ut

197 5082 275 5134 ab
302 5078 448 5131 omni
477 5080 686 5133 macula
719 5079 944 5133 liberam
978 5081 1063 5147 pie
1101 5095 1131 5132 a
1165 5079 1414 5133 ﬁdelibus
1445 5081 1764 5135 immacula-

198 5163 314 5228 tam
338 5147 482 5228 dici,
517 5149 761 5217 exemplo
786 5148 977 5203 doceo.
1009 5148 1378 5228 Hzcc_concilii
1399 5220 1409 5228 .
1431 5165 1582 5228 mens
1611 5153 1767 5205 valde

199 5221 508 5272 illustratur
531 5233 597 5270 ex
639 5233 776 5273 sess.
821 5234 892 5282 vr,
927 5235 1049 5273 can.
1085 5218 1194 5272 ‘23:
1232 5217 1286 5271 Si
1320 5220 1442 5286 quis
1487 5219 1763 5274 hominem

200 5286 373 5358 semel
397 5286 750 5351 justiticatum
781 5288 977 5342 dixerit
1005 5305 1161 5358 posse
1185 5289 1236 5341 in
1265 5297 1372 5341 tota
1403 5290 1510 5341 vita
1547 5300 1764 5354 peccata

199 5357 412 5418 omnia,
441 5358 602 5410 etiam
659 5358 906 5421 venialia,
940 5357 1130 5423 vitare,
1165 5360 1265 5411 nisi
1300 5374 1363 5411 ex
1411 5360 1632 5424 speciali
1672 5360 1764 5414 Dei

201 5426 509 5497 privilegio,
543 5427 999 5495 quemadmodum
1035 5429 1099 5481 de
1132 5427 1189 5480 Β.
1225 5427 1442 5496 Virgine
1490 5438 1634 5483 tenet
1667 5431 1764 5484 Ec-

204 5496 394 5557 c1esia,
430 5496 728 5550 Anathema
765 5499 851 5550 sit.
893 5498 988 5550 Hic
1037 5514 1140 5551 non
1174 5501 1391 5551 auditur
1435 5498 1624 5552 titulus
1662 5504 1764 5554 im-

205 5565 520 5643 maculatae,
549 5569 672 5635 quia
730 5568 936 5635 puritas
991 5568 1057 5643 ab
1115 5571 1258 5622 omni
1296 5577 1514 5643 peccato
1566 5571 1763 5624 actuali

209 5652 318 5691 non
350 5634 934 5715 suilieitmtupcrsona
984 5638 1182 5715 aliqua__
1211 5634 1519 5715 orn—nimode
1564 5640 1616 5691 in
1651 5649 1762 5694 tota

190 5705 460 5768 uocabuli
497 5705 779 5762 latitudine
804 5716 858 5763 et
899 5722 992 5778 per
1017 5705 1386 5772 excellentiam
1421 5709 1764 5766 immaculata

1870 4528 1922 4580 in
1955 4525 2469 4594 congregationibus
2495 4522 2640 4591 legi.
2671 4535 2725 4576 et
2757 4525 2894 4576 adeo
2928 4522 3180 4594 districto
3201 4524 3446 4594 examini

1870 4591 2085 4662 subjici,
2120 4591 2180 4648 ut
2224 4595 2294 4648 ob
2341 4595 2502 4648 unius
2532 4594 2704 4656 vocis,
2749 4594 2858 4646 imo
2912 4592 3086 4657 apicis
3132 4591 3446 4646 collocatio-

1870 4681 1992 4720 nem
2047 4680 2188 4733 saepe
2233 4665 2298 4718 ad
2354 4665 2735 4731 deputatorum
2792 4664 3044 4717 incudem
3100 4673 3444 4733 revocentur,

1867 4735 2038 4787 donec
2069 4731 2349 4788 communi
2383 4734 2595 4802 judicio
2642 4733 2862 4802 probari
2901 4741 3230 4785 mereantur.
3268 4731 3443 4797 Quam

1867 4804 2223 4870 diligentiam,
2275 4804 2319 4858 si
2357 4801 2600 4871 unquam
2642 4801 2798 4867 alias,
2838 4803 2891 4855 in
2933 4803 3164 4855 articulo
3203 4801 3270 4854 de
3312 4817 3435 4855 con-

1867 4873 2116 4945 ceptione
2149 4872 2389 4945 Virginis
2412 4874 2841 4945 exquisitissime
2873 4872 3172 4924 adhibitam
3208 4885 3438 4945 necesse

1866 4941 1948 4998 est
2010 4941 2212 5010 fateri,
2253 4941 2646 4998 'controversia
2701 4944 2912 5009 vigente
2967 4951 3019 5010 et
3080 4941 3443 5009 praesentibus

1869 5013 2157 5082 utriusque
2200 5009 2482 5083 opinionis
2530 5011 2935 5083 defensoribus.
2988 5009 3044 5062 Si
3086 5026 3214 5077 ergo
3253 5009 3441 5062 titulus

1868 5082 2258 5138 iminaculaue
2287 5101 2347 5138 ex
2404 5098 2594 5150 magna
2641 5082 2826 5149 aliqua
2877 5096 3041 5135 causa
3085 5083 3322 5132 tributus
3361 5087 3444 5130 est

1868 5150 2098 5220 Virgini,
2132 5169 2256 5206 cum
2307 5153 2481 5208 solum
2530 5153 2914 5206 declarabatur
2949 5151 3001 5203 in
3060 5150 3242 5216 regula
3277 5163 3441 5214 gene-

1868 5223 1968 5276 rali
2000 5223 2066 5275 de
2116 5225 2322 5290 peccati
2370 5221 2652 5291 originalis
2685 5221 3060 5276 contractione
3099 5234 3204 5270 non
3255 5231 3441 5269 neces-

1868 5293 2012 5346 sario
2064 5293 2451 5362 comprehendi
2491 5309 2504 5346 :
2543 5301 2598 5346 et
2648 5292 3074 5362 praetermissus.
3137 5302 3259 5340 cum
3316 5295 3436 5362 tan-

1868 5376 2028 5431 quam
2058 5357 2266 5416 certtim
2301 5362 2558 5416 Ecclesiae
2584 5357 2780 5433 dogma
2825 5360 3162 5415 statuebatur
3187 5357 3441 5433 omnibus

1867 5424 2169 5486 ienialibus
2217 5434 2461 5486 caruisse
2511 5451 2522 5485 :
2563 5424 2825 5486 aut'Im-c
2875 5443 3041 5482 causa
3099 5424 3433 5492 assignanda

1867 5510 1968 5563 est,
2010 5502 2088 5555 vel
2119 5501 2525 5558 concedendum
2568 5517 2748 5558 veram
2785 5515 2905 5554 esse
2952 5509 3171 5548 causam
3219 5509 3246 5546 a
3281 5493 3436 5548 nobis

1867 5572 2156 5692 grolatam.
2183 5573 2390 5626 scilicet
2419 5587 2513 5640 per
2551 5572 2763 5626 titulum
2803 5565 3161 5622 immaculata:
3191 5564 3434 5618 additum

1919 5642 2073 5692 iraini
2099 5643 2329 5692 exnrimi
2356 5647 2437 5692 tut
2467 5657 2566 5692 ego
2601 5640 2852 5692 arbitror)
2882 5637 3001 5692 eius
3032 5635 3434 5691 immaculatam

1919 5642 2073 5710 irgini
2099 5643 2329 5721 exprimi
2356 5635 2437 5709 (ut
2467 5657 2566 5714 ego
2601 5640 2852 5706 arbitror)
2882 5637 3001 5707 ejus
3032 5635 3436 5691 iimnaculatam

1867 5723 2300 5782 conceptionem.
