3936 6304
170 313 322 385 1111

1581 260 1583 265 Δ
1619 310 1983 371 MARIALE.

3270 309 3408 375 1118

252 429 465 503 Νοητδν
491 427 800 501 ἱλαστήριον
818 427 1087 497 πέφυκας,
1126 425 1223 489 τὰς
1251 424 1506 489 ἁπάντων
1528 424 1738 496 δεήσεις

1912 408 2171 496 Spiritale
2222 423 2655 495 propitiatorium
2716 424 2857 481 facta
2913 438 2993 489 es,
3045 436 3075 474 a
3133 434 3239 484 quo
3296 436 3415 473 om-

168 522 495 590 δεχόμενον,
523 519 716 589 καὶτῷ
746 517 857 589 Υίῷ
887 535 1004 578 σου,
1035 517 1296 583 πάναγνε,
1322 516 1614 587 ἀναφέρεις
1664 518 1743 579 είς

169 611 378 682 λύτρον
404 611 509 666 τῶν
540 609 924 682 μελῳδούντων
948 625 963 641 ο
998 607 1307 676 Εὑλογεϊτε,
1355 607 1423 660 τά
1459 607 1615 676 ἔργα,
1652 606 1745 660 τὸν

174 703 415 771 Κύριον.

257 770 449 865 φωνήν
481 809 563 846 σοι
608 791 788 844 πιστοὶ
835 788 1149 859 περιχαρῶς
1212 770 1591 859 προσφέρομεν
1651 788 1743 839 τοῦ

174 882 445 949 ἀγγέλου,
483 879 884 949 Θεονύμφευτε·
924 880 1115 947 Χαῖρε,
1146 877 1367 947 βοήθεια
1425 878 1747 948 ἀνθρώπων,

176 970 506 1040 μαρτύρων,
576 969 891 1022 ἀποστόλων
951 969 1308 1039 κραταίωμα,
1374 968 1471 1021 καὶ
1531 968 1747 1023 πάντων

175 1058 485 1131 προφητῶν
512 1060 853 1131 περιήχημα,
884 1058 1252 1129 Θεογεννῆτορ
1282 1059 1676 1129 παναμώμητε.

194 1224 307 1281 Ἕκ
332 1225 439 1281 τοῦ
454 1226 720 1291 Κανόνος
749 1228 837 1290 είς
878 1224 987 1279 τὸν
1013 1223 1469 1294 ᾄτιονμάρτυρα
1524 1227 1750 1278 Caus.

710 1294 906 1358 λαῖον,
930 1292 1117 1362 ἡμέρᾳ
1153 1292 1223 1347 κ’.
1282 1292 1292 1294 ⁷
1334 1330 1340 1359 ,

258 1405 566 1476 Κυριοτόκε
622 1403 885 1475 Παρθίνε,
930 1404 1039 1457 τῶν
1085 1403 1326 1456 εὐσεϐῶν
1379 1403 1660 1474 καύχημα,
1716 1406 1749 1473 ἡ

175 1497 298 1551 τῶν
324 1497 573 1565 ἀγγέλων
621 1496 893 1568 χαρμονὴ,
950 1496 1293 1566 Χριστιανῶν
1344 1496 1404 1549 τὸ
1444 1496 1747 1566 διάσωσμα,

177 1590 611 1659 ἁμαρτανόντων
637 1588 927 1659 ἐξιλασμα,
964 1588 1180 1658 γέφυρα
1209 1590 1271 1654 ἐκ
1306 1589 1408 1658 γῆς
1441 1588 1750 1658 μετάγουσα

172 1683 312 1746 τοὺς
329 1682 554 1745 πιστοὺς
581 1684 660 1746 είς
692 1682 942 1751 οὐρανὸν,
970 1681 1108 1747 σῶζε
1127 1682 1343 1745 δούλους
1376 1698 1491 1735 σου.

1848 518 1999 573 nium
2033 530 2222 589 preces
2249 516 2646 586 suscipiuntur,
2679 534 2815 587 quas
2867 516 2980 570 ﬁlio
3010 525 3105 568 tuo
3158 511 3344 572 oll‘ers,
3383 527 3415 565 ο

1847 610 2177 672 castissima,
2205 607 2259 661 in
2278 608 2511 677 pretium
2539 609 2929 678 redemptioois
2958 620 3147 661 eorum
3174 604 3265 673 qui
3289 619 3418 656 suu-

1850 704 1986 756 viter
2011 712 2214 756 canunt
2241 718 2255 756 :
2292 700 2614 764 Beneilicite,
2636 717 2817 771 opera,
2850 700 3158 754 Dominum.

1923 792 2068 855 Tibi,
2093 807 2127 847 o
2154 791 2249 845 Dei
2287 789 2523 861 Sponsa,
2555 807 2737 846 vocem
2760 792 2933 858 angeli
2963 805 3060 855 nos
3096 788 3281 842 fideles
3326 787 3388 839 be

1849 878 2420 935 tabundioﬂ'erimus:
2472 880 2605 943 Ave,
2673 893 2705 932 ο
2764 878 3045 931 hominum
3115 874 3373 928 auxilium

1812 971 1825 984 ⁸
1849 982 2147 1044 martyrum
2211 972 2658 1042 etapostolorum
2693 969 2876 1032 robur,
2902 968 3256 1033 omniumque
3288 978 3383 1031 pro

1851 1065 2135 1132 phetarum
2199 1065 2497 1125 resonatio,
2554 1061 2646 1115 Dei
2706 1060 2951 1115 Genitrix
3015 1056 3407 1113 imniacnlatis-

1851 1154 2005 1207 sima.
2658 1162 2664 1171 '
2788 1146 2803 1164 ‘

1854 1243 2011 1315 114
2062 1242 2143 1296 Ex
2191 1241 2404 1297 Canone
2450 1241 2504 1293 in
2538 1238 2780 1315 festos.
2828 1236 3093 1291 T/mllelaei
3142 1235 3414 1305 martyris,

2513 1311 2599 1363 die
2645 1308 2737 1363 20.

1922 1426 2271 1496 Domlnlpara
2294 1424 2481 1496 Virgo,
2522 1424 2737 1493 piorum
2769 1419 3045 1491 gloriatio,
3105 1416 3417 1486 angelorum

1851 1516 2586 1587 gaudium,Christianorum
2614 1513 2785 1575 salus,
2823 1510 3166 1579 peccantium
3227 1506 3419 1575 expia-

1852 1608 1948 1669 tio.
1980 1622 2117 1677 pons
2137 1617 2335 1663 eterra
2376 1606 2714 1661 transferens
2746 1603 2930 1657 lideles
2961 1602 3012 1655 in
3038 1600 3261 1659 coelum,
3314 1597 3419 1652 sal-

1853 1712 1950 1752 vos
1978 1698 2065 1753 fac
2096 1714 2280 1755 servos
2311 1710 2453 1752 tuos.

254 1770 484 1841 Δάμψον
518 1788 609 1842 μοι
632 1772 766 1841 φῶς,
801 1772 1065 1842 Παρθένε,
1128 1773 1437 1841 μετανοίας’
1475 1774 1535 1823 ἐν
1570 1769 1749 1824 σκότει

1929 1790 2128 1844 lrradia
2153 1804 2314 1859 super
2342 1802 2527 1872 me”;0
2551 1784 2734 1858 Virgo,
2771 1786 2891 1839 luce
2939 1784 3272 1854 pmnitentiaa
3324 1797 3339 1845 ;
3366 1782 3419 1832 in

174 1863 298 1934 γάρ
336 1863 670 1932 κατάκειμαι
724 1865 822 1933 τῆς
888 1864 1164 1933 ἁμαρτίας
1210 1861 1613 1933 φρενοϐλαϐῶς,
1664 1862 1758 1913 καὶ

178 1952 473 2023 παράσχου
498 1969 587 2023 μοι
610 1952 710 2022 τὴν
729 1952 884 2007 λύσιν
910 1954 1017 2007 τῶν
1048 1953 1450 2021 ὶπταισμένων,
1490 1953 1638 2015 ὅπως
1697 1969 1757 2005 σε

174 2042 415 2110 δοξάζω,
452 2044 781 2116 πανάμωμε.

270 2134 428 2204 Ἰεροὶ
478 2137 753 2207 προφῆται
819 2136 919 2207 τὴν
970 2137 1068 2207 σὴν
1123 2136 1337 2209 λοχείαν
1392 2136 1560 2191 πάλαι
1621 2154 1758 2207 προ-τ

177 2228 515 2297 ανεφώνουν,
542 2229 668 2299 ὅρος
701 2229 844 2300 μέγα
868 2231 962 2284 καὶ
988 2230 1302 2299 κατάσκιον,
1351 2231 1526 2300 πύλην
1580 2248 1639 2284 τε
1663 2247 1758 2285 κα-

176 2318 403 2385 λοῦντες
428 2337 508 2385 σε,
538 2322 607 2375 δι’
632 2317 700 2394 ἧς
731 2320 956 2395 Κύριος,
981 2323 1117 2395 μόνη
1148 2322 1308 2391 ἁγνὴ,
1337 2320 1647 2377 διώδευσεν.

261 2498 426 2561 Υίοὺς
445 2498 621 2568 φωτὸς
653 2499 946 2567 ἀπίδειξας
967 2503 1094 2565 τοὺς
1130 2501 1512 2564 σκοτισθέντας
1532 2501 1751 2567 πάθεσι,

178 2591 402 2662 Πατρὸς
430 2591 770 2664 ἀπαύγασμα
791 2594 1039 2663 κυήσασα
1055 2595 1289 2664 Χριστὸν
1308 2596 1397 2648 τὸν
1423 2596 1751 2665 φωτοδότην,

179 2682 436 2751 παναγία
473 2682 741 2738 Δέσποινα
767 2700 782 2715 ⁸
840 2685 930 2739 διὰ
991 2684 1147 2739 τοῦτο
1206 2685 1357 2757 πόθῳ
1413 2704 1472 2739 σε
1517 2689 1752 2758 μακαρί-

182 2772 378 2843 ζομεν.

264 2864 624 2928 Ἔλυσαςτῶν
645 2864 864 2936 δεσμῶν
920 2882 988 2935 με
1014 2866 1114 2936 τῆς
1168 2868 1465 2939 ἁμαρτίας,
1520 2869 1756 2923 τεκοῦσα

181 2955 281 3009 τδν
306 2955 529 3027 Κύριον,
547 2956 639 3009 τὸν
656 2955 889 3010 λύσαντα
916 2957 984 3010 τά
1008 2958 1102 3011 τοῦ
1131 2959 1280 3031 ᾅδου,
1311 2962 1560 3027 Θεοτόκε,
1601 2962 1754 3031 βασί-

179 3045 332 3110 λεια,
357 3047 453 3099 καὶ
485 3047 695 3111 πάντας
746 3047 1149 3120 συνὰσμοῦντα
1195 3051 1333 3122 πρὸς
1386 3052 1486 3119 τὴν
1547 3055 1754 3109 οἰκείαν

181 3137 503 3203 ἀπίγνωσιν.

259 3227 355 3291 Είς
389 3228 487 3298 τὴν
532 3229 780 3300 βοήθειαν
828 3231 1007 3301 ἡμῶν,
1064 3232 1424 3301 θεοχαρίτωτε
1450 3234 1627 3305 Κόρη,
1681 3236 1744 3287 σὲ

178 3316 546 3389 δυωποῦμεν
576 3319 785 3389 σαφῶς,
837 3322 1099 3391 ἀνάστηθι
1143 3323 1241 3375 καὶ
1290 3322 1563 3393 λύτρωσαι
1610 3326 1755 3395 ἡμᾶς

180 3409 516 3481 πειρασμῶν
542 3412 777 3465 αίωνίων
810 3414 905 3466 καὶ
940 3412 1121 3481 πάσης
1145 3414 1399 3484 ἀπειλῆς.

266 3504 515 3575 Ὶλασμδν
542 3505 652 3559 τῶν
706 3508 1089 3576 ἐπταισμένων
1153 3525 1267 3577 μοι,
1306 3509 1548 3579 παναγία
1593 3511 1754 3581 άγνὴ,

180 3599 429 3666 αῐτησαι,
458 3596 549 3649 καὶ
596 3596 683 3658 δός
717 3614 807 3667 μοι
852 3600 1009 3669 χεῖρα
1043 3600 1102 3651 ἐν
1148 3600 1375 3668 πελάγει
1434 3602 1543 3654 τῶν
1566 3602 1756 3655 δεινῶν

179 3688 376 3750 δεινῶς
428 3687 833 3758 χειμαζομένῳ,
860 3691 947 3743 ἵνα
985 3707 1043 3742 σε
1099 3691 1410 3760 μακαρίζω,
1440 3693 1526 3745 ἴνα
1550 3696 1758 3756 πιστῶς

183 3779 447 3849 κηρύττω
465 3779 563 3850 τὴν
593 3782 691 3849 σὴν
724 3780 947 3851 βεϐαίαν
976 3783 1332 3852 προστασίαν.

258 3965 439 4030 me;
470 3965 677 4037 δοχεῖον
705 3966 1022 4035 γεγένησαι,
1044 3966 1306 4035 Παρθένε,
1327 3968 1421 4020 καί
1448 3966 1637 4037 θρόνος
1658 3968 1754 4021 τοῦ

180 4059 591 4123 παντάνακτος,
621 4059 877 4128 ἄχραντε,
907 4058 965 4111 ὲν
1004 4049 1047 4125 ᾧ
1098 4058 1342 4127 καθήσας
1372 4058 1465 4111 τοῦ
1526 4060 1755 4113 παλαιοῦ

183 4148 482 4219 πτώματος
512 4148 730 4219 ἥγειρεν
758 4148 925 4217 ἡμᾶς,
969 4147 1063 4199 καὶ
1084 4150 1148 4217 τῇ
1192 4147 1473 4219 συνεδρείᾳ
1529 4151 1593 4219 τῇ
1638 4147 1757 4221 θείᾳ

180 4242 420 4311 ιτίμησε
442 4240 567 4303 τοὺς
596 4238 655 4292 ὲν
686 4237 867 4291 πίστει
901 4239 997 4291 καὶ
1043 4238 1192 4308 πόθῳ
1220 4255 1280 4292 σε
1332 4239 1752 4310 μεγαλύνοντας.

200 4455 301 4508 Ἐκ
326 4452 432 4507 τοῦ
452 4451 718 4517 Κανόνος
734 4453 820 4517 είς
847 4450 952 4504 τὸν
971 4451 1143 4519 ἅγιον

691 4535 867 4585 Uxor,
889 4521 1078 4591 ἡμέρᾳ
1098 4520 1179 4585 κβ
1202 4521 1237 4574 ¹.

258 4635 433 4689 Πόιιον
450 4634 703 4705 προεώρα
726 4633 928 4687 Γεδεὼν
944 4633 1045 4703 τὴν
1074 4632 1339 4702 ἄχραντον
1365 4632 1603 4701 γαστέρα
1633 4649 1749 4695 σου,

183 4729 377 4798 δρόσον
393 4727 491 4793 τὴν
512 4720 779 4796 οὐράνιον,
813 4726 1077 4796 Παρθένε,
1125 4725 1440 4796 δεξαμένην,
1486 4725 1753 4788 θαλάσσας

186 4821 570 4902 ξηραίνουσαν,
589 4818 760 4889 Κόρη,
788 4819 886 4888 τῆς
901 4816 1125 4902 ἡάθεῖας,
1154 4818 1247 4870 καὶ
1278 4818 1534 4881 τακείσας
1553 4818 1749 4889 ἀρδεύ-

188 4930 358 4967 ουσαν
382 4900 607 4981 φρένας.

262 5002 488 5072 Εὖροιμί
520 5020 601 5067 σε,
642 5001 909 5069 πάναγνε,
940 4997 1394 5072 χειραγωγοῦσάν
1432 5015 1499 5067 με
1521 4998 1753 5052 πάντοτε

185 5094 324 5161 πρὸς
350 5092 569 5159 ἀρετὰς,
601 5094 695 5148 καὶ
726 5093 861 5164 πρὸς
890 5092 1177 5164 μετανοίας
1191 5089 1301 5154 ιτάς
1323 5092 1475 5156 ὀδοὺς
1516 5091 1747 5161 ἐμϐιϐάα

182 5185 406 5250 ζουσαν.

249 5274 329 5328 ’⁸0
353 5276 526 5346 Πατρὶ
550 5276 831 5346 ὁμοούσιος
866 5276 1022 5348 ῶφθη
1054 5276 1194 5332 κατά
1220 5277 1393 5329 πάντα
1419 5276 1603 5344 ὅμοιος
1657 5276 1750 5327 ἀν-

181 5371 452 5439 θρώποις,
482 5370 804 5436 σαρκωθεὶς,
836 5370 1015 5432 καθὼς
1048 5370 1370 5437 ηὐδόκησεν,
1404 5369 1466 5419 ἐκ
1494 5367 1601 5421 τῶν
1645 5368 1752 5421 σῶν

180 5458 457 5529 αἱμάτωχ,
502 5458 899 5529 παναμώμητε.

259 5477 405 5527 ματω
441 5499 457 5523 ,
502 5477 899 5529 παναμωμητε.

259 5477 471 5618 Σαρές
502 5551 559 5601 ὲν
604 5548 903 5621 ὁμοιώματι
938 5550 1187 5615 τέτοκας,
1214 5552 1463 5615 Θεοτόκε,
1491 5549 1579 5603 τὸν
1602 5553 1748 5606 ’ἀκα-

181 5638 449 5708 τανόητον
484 5640 578 5691 καὶ
610 5640 974 5711 ἀπερίληπτον
1002 5642 1231 5710 Κύριον.

263 5729 648 5799 Συντρίμματα
673 5730 765 5801 τῆς
793 5732 977 5795 ἀθλίας
996 5731 1171 5803 ψυχῆς
1192 5752 1314 5804 μου,
1349 5732 1443 5789 καὶ
1465 5732 1532 5787 τὰ
1558 5733 1746 5803 χρόνια

1860 1882 2096 1937 tenebris
2124 1881 2266 1934 enim
2298 1870 2475 1947 iaceo"
2500 1879 2709 1948 peccati
2755 1880 2826 1930 ob
2861 1890 3035 1928 meam
3089 1870 3374 1927 stultitiam
3402 1884 3418 1932 ;

1857 1979 1911 2030 ei
1940 1973 2175 2029 concede
2202 1972 2336 2025 mihi
2368 1970 2746 2025 remissionem
2769 1976 3111 2038 peccatorum
3150 1976 3418 2023 meorum,

1858 2076 1917 2121 ut
1942 2074 1993 2120 te
2028 2065 2344 2132 glorificem,
2374 2077 2408 2116 ο
2442 2076 2636 2117 carens
2666 2058 2816 2114 omni
2846 2056 3083 2123 macula.

1926 2160 2213 2230 Propheta:
2240 2159 2381 2213 sacri
2423 2162 2638 2227 partum
2677 2164 2831 2209 tuum
2866 2150 2997 2206 olim
3033 2146 3421 2219 prmclamave-

1859 2264 2006 2319 runt,
2043 2252 2376 2322 appellantes
2411 2259 2461 2305 te
2490 2256 2731 2304 montem
2753 2258 3032 2315 magnum,
3084 2248 3247 2309 atque
3304 2253 3424 2290 um-

1857 2348 2103 2408 brosum,
2127 2355 2182 2402 et
2209 2354 2416 2415 portam
2449 2357 2546 2412 per
2568 2355 2731 2411 quam
2787 2337 3051 2415 Dominus
3082 2330 3353 2391 transivit,
3390 2342 3423 2381 ο

1856 2440 1969 2497 sola
2002 2446 2169 2493 casta.

1925 2530 1969 2585 Ο
2002 2530 2246 2592 Domina,
2287 2528 2433 2583 omni
2463 2526 2754 2581 sanctitate
2804 2521 3099 2581 cumulata,
3141 2524 3197 2571 tu
3239 2513 3420 2568 eﬂ'ect-

1855 2624 1922 2677 sti
1952 2621 2092 2687 lilios
2124 2619 2258 2672 luris
2288 2634 2384 2673 eos
2414 2617 2503 2686 qui
2537 2616 2589 2668 in
2622 2613 2937 2682 passionum
3000 2605 3244 2662 tenebris
3298 2616 3419 2654 ver-

1821 2714 2136 2781 _sabantur,
2166 2710 2347 2765 Patris
2376 2708 2716 2778 splendorem
2754 2700 3249 2764 enixa,'Cliristum
3284 2691 3424 2746 lucis

1855 2805 2097 2859 datorem
2130 2810 2446 2871 :propterea
2481 2814 2603 2854 cum
2638 2797 2829 2851 all'ectu
2862 2804 2914 2848 te
2962 2790 3349 2859 glorificamus.

1928 2899 1970 2950 Α
2005 2897 2237 2951 vinculis
2262 2893 2466 2964 peccati
2500 2907 2583 2945 me
2612 2889 2914 2944 dissolvisti
2942 2901 3064 2939 cum
3120 2880 3415 2936 Dominum

1856 2985 2133 3055 peperisti,
2170 2993 2391 3046 ocasta,
2425 2984 2517 3051 qui
2553 2980 2749 3035 inferni
2781 2992 2942 3048 regna
2980 2970 3254 3031 dissolvit,
3305 2984 3426 3020 om-

1781 3106 1825 3163 ε
1857 3090 2066 3145 aesque
2092 3075 2309 3145 colligat
2349 3073 2413 3126 ad
2442 3071 2815 3142 cognitionem
2857 3068 2987 3122 sui,

1924 3245 2167 3317 Exsurge
2194 3245 2370 3315 palam
2403 3245 2455 3298 in
2511 3242 2773 3297 auxilium
2810 3247 3081 3301 nostrum,
3124 3242 3179 3289 te
3230 3247 3419 3303 preca-

1855 3354 1999 3403 mur,
2042 3354 2075 3393 o
2099 3338 2283 3392 Puella
2306 3337 2417 3391 Deo
2434 3336 2740 3406 gratissima
2766 3349 2782 3396 ;
2802 3340 2855 3386 et
2875 3330 3081 3384 redime
3114 3340 3214 3381 nos
3236 3340 3265 3378 a
3304 3332 3427 3377 tend

1859 3429 2156 3483 tationibus
2185 3437 2239 3482 et
2258 3426 2775 3482 comminationibus
2806 3419 3177 3488 sempiternis.

1926 3518 2143 3574 Postula
2177 3520 2329 3583 mihi,
2356 3533 2387 3571 ο
2413 3515 2756 3583 sanctissima
2788 3523 2957 3574 casta,
2986 3510 3420 3579 pr0pitiationrm

1857 3622 2202 3683 peccatorum
2260 3624 2531 3669 meorum,
2598 3616 2652 3661 et
2702 3582 2941 3658 ἠιοιιιιιη
3008 3612 3157 3655 tuam
3212 3602 3424 3670 porrige

1859 3706 1991 3758 mihi
2023 3705 2074 3757 in
2102 3704 2292 3774 pelago
2312 3702 2663 3756 alllictio'mm
2684 3700 2915 3769 graviter
2941 3696 3253 3759 ﬂuctuanti;
3283 3708 3336 3747 ul
3373 3705 3425 3746 te

1856 3796 2183 3858 beatiiicem,
2212 3805 2270 3847 ut
2302 3795 2529 3848 lldeliter
2566 3792 2853 3861 praedicem
2905 3787 3275 3842 ﬁrmissimum
3334 3803 3425 3855 pa-

1856 3886 2154 3941 trocinium
2188 3895 2361 3938 tuum.
2844 3892 2851 3900 ο

1925 3975 2087 4030 Lucis
2123 3974 2521 4043 receptaculum
2563 3971 2705 4024 facta
2730 3986 2809 4031 es,
2836 3985 2867 4023 ο
2926 3969 3090 4038 Virgo
3147 3968 3416 4020 immacu-

1856 4068 1982 4131 lata,
2012 4077 2064 4121 et
2096 4068 2320 4119 thronus
2346 4064 2506 4134 Regis
2534 4062 2797 4121 universi,
2828 4062 2878 4113 in
2908 4077 3017 4129 quo
3043 4058 3166 4113 cum
3222 4074 3419 4113 conse-

1854 4158 2041 4215 disset.
2074 4157 2142 4209 ab
2174 4158 2396 4224 antiquo
2428 4168 2556 4208 casu
2609 4152 2867 4207 excitavit
2906 4167 3025 4211 nos,
3058 4158 3113 4203 et
3180 4150 3245 4201 ad
3277 4149 3414 4200 divi-

1856 4264 1983 4302 num
2049 4261 2365 4303 consessum
2414 4244 2733 4315 praeparavit
2785 4258 2881 4298 eos
2929 4243 3023 4312 qui
3077 4256 3202 4295 cum
3234 4240 3338 4294 ﬁde
3364 4249 3418 4293 ct

1857 4341 2051 4397 aﬂ’eclu
2088 4340 2431 4409 magnificam
2469 4346 2543 4393 te.

1190 4450 1460 4525 μάρτυρα
1506 4453 1748 4506 Βασιλί-

1873 4454 2018 4525 ιιε
2044 4454 2127 4507 Ex
2185 4452 2397 4507 Conone
2428 4451 2482 4504 t'n
2508 4450 2681 4525 “festo
2704 4449 2763 4505 S.
2821 4449 3076 4504 Basilisci
3138 4447 3418 4517 martyris,

2482 4520 2568 4575 die
2620 4522 2712 4576 22.

1928 4638 2040 4693 Sub
2060 4637 2275 4692 velleris
2303 4645 2428 4707 typo
2451 4636 2697 4707 pmvidit
2729 4635 2949 4690 Gedeon
3007 4634 3416 4688 immaculatum
3529 4676 3532 4679 Α

1856 4742 2068 4788 uterum
2099 4741 2320 4794 tuum,o
2355 4728 2517 4799 Virgo
2551 4729 2749 4798 puella,
2782 4728 3053 4783 cmlestcm
3086 4740 3261 4779 rorem
3322 4740 3415 4776 ex-

1854 4823 2159 4893 cipientem,
2192 4837 2255 4876 ac
2283 4822 2452 4875 maria
2481 4819 2807 4875 infidelitatis
2829 4821 3216 4881 exsiccantem,
3270 4831 3416 4869 mcu-

1852 4926 2046 4983 tesque
2068 4912 2320 4967 iucendio
2350 4913 2711 4982 liquescentes
2732 4912 3067 4981 irrigmnem.

1920 5003 2193 5058 Inveniam
2227 5012 2279 5057 te
2302 5018 2402 5072 ego
2440 5016 2674 5070 semper,
2709 5018 2739 5052 υ
2770 5001 3093 5063 castissima,
3146 5000 3412 5049 manudu-

1852 5104 2061 5153 centeni
2087 5111 2171 5149 me
2189 5095 2256 5149 ad
2288 5095 2534 5160 virtutes,
2562 5102 2618 5147 et
2646 5092 2711 5146 ad
2740 5092 3067 5161 pwiiitcntia:
3103 5090 3215 5141 vias
3253 5090 3414 5141 indu-

1851 5198 2081 5244 centem.

1922 5281 2405 5337 Consubs'tantialis
2435 5279 2601 5341 Patri,
2642 5277 2894 5346 apparuit
2948 5290 3041 5344 per
3104 5271 3286 5324 omnia
3347 5270 3415 5323 si-

1854 5373 1993 5427 milis
2026 5372 2358 5435 hominibus,
2401 5371 2734 5432 incarnatus,
2800 5369 2953 5436 juxta
3018 5363 3416 5427 bcneplacitum.

1852 5477 2029 5525 suum,
2052 5475 2115 5513 ex
2150 5460 2501 5529 sanguinibus
2530 5457 2657 5522 tuis,
2685 5477 2719 5511 υ
2747 5467 2853 5509 tota
2881 5450 3244 5507 immaculata.

1919 5552 1975 5605 ln
1992 5552 2172 5607 carnis
2198 5551 2603 5606 similitudinem
2634 5548 2887 5618 peperisti
2927 5559 2959 5596 ο
2994 5542 3238 5609 Deipara.
3304 5539 3408 5595 Do-

1850 5643 2053 5699 minum
2085 5641 2528 5713 inintelligihilem
2564 5649 2617 5695 et
2672 5634 3306 5703 incompl‘ehcnsibilem.

1918 5734 2284 5789 Contritioncs
2324 5733 2636 5788 miserrima:
2688 5731 2879 5784 animo?
2934 5743 3086 5793 meae,
3124 5735 3174 5781 ct
3206 5736 3409 5795 tempu-
