3936 6304
561 325 697 389 1119

1674 317 1734 375 S.
1775 312 2084 377 JOSEPHI
2124 305 2680 371 HYMNOGRAPHI

3646 297 3794 362 1120

527 472 529 474 -
558 438 700 493 rales
723 437 1000 508 passiones
1030 451 1183 501 sana,
1209 450 1241 490 ο
1262 422 1442 501 Virgo,
1462 447 1583 504 qua
1599 432 1901 486 animarum
1921 437 1971 484 et
1995 443 2114 483 cor-

2258 428 2500 497 ῑιτρευσον
2555 422 2721 508 πάθη,
2751 419 2840 474 τὸν
2870 419 3052 492 ἰατρὸν
3083 417 3191 472 τῶν
3216 418 3403 488 ψυχῶν
3454 417 3549 470 καὶ
3599 416 3801 475 amaui-

560 545 752 599 porum
782 530 1046 583 medicum
1074 528 1433 596 inexplicabili
1490 527 1699 580 ratione
1751 521 2002 594 genuisti,
2061 531 2114 574 et

563 621 708 676 salva
747 637 848 683 me,
887 636 919 674 ο
976 620 1504 684 innnaculatissima,
1543 617 1635 688 qui
1664 631 1786 687 spes
1807 628 1953 670 meas
1988 613 2115 666 inte

566 713 802 780 reposui.

635 805 770 856 Ecce
798 801 977 869 Virgo,
1016 817 1176 870 quam
1215 815 1442 869 magnus
1464 798 1627 853 Isaias
1660 798 1712 850 in
1741 797 1944 866 Spiritu
1980 810 2116 865 prae-

563 893 721 954 dixit,
755 893 918 944 Deum
946 894 997 944 in
1032 903 1183 943 utero
1231 891 1475 958 concepit
1513 904 1576 942 ac
1614 889 1841 958 peperit,
1865 886 1951 942 cui
1989 901 2116 940 sua-

562 982 698 1037 viter
727 985 970 1036 canimus
996 999 1008 1034 :
1051 982 1275 1035 Domine
1301 983 1464 1045 Deus,
1495 980 1805 1033 benedictus
1833 993 1911 1032 es.

634 1072 817 1142 Latior
846 1073 997 1126 coelis
1065 1045 1600 1142 apparuisti,'Deum
1657 1070 1708 1122 in
1743 1077 1898 1122 utero
1969 1083 2118 1121 com-

455 1203 468 1212 .-
565 1167 926 1236 prehendens,
959 1182 990 1216 ο
1019 1165 1199 1218 Puella
1229 1172 1337 1217 tota
1371 1170 1556 1216 saneta
1586 1176 1601 1223 ;
1628 1159 1720 1227 qui
1759 1174 1788 1212 a
1817 1159 2117 1227 perniciosa

563 1255 808 1325 angustia
835 1255 1084 1309 liberavit
1112 1269 1204 1308 eos
1232 1254 1323 1321 qui
1368 1250 1695 1304 concinunt:
1731 1247 1972 1303 Laudate
2024 1248 2119 1304 Do-

564 1348 791 1407 minum.
823 1358 876 1398 et
910 1344 1301 1413 superexaltate
1332 1341 1382 1393 in
1407 1341 1588 1393 omnia
1623 1341 1839 1393 saecula.

634 1433 834 1487 Natura
862 1435 1075 1502 quidem
1104 1433 1238 1486 Deus
1301 1445 1398 1494 es;
1436 1431 1527 1484 sed
1553 1429 1854 1484 sustinuisti
1891 1429 2122 1484 circum-

565 1522 676 1575 dari
706 1533 897 1577 natura
932 1523 1188 1580 humana.
1223 1521 1436 1574 vulvam
1463 1522 1864 1600 immaculatam
1929 1530 2122 1588 sponte

563 1613 854 1680 ingressus,
898 1627 930 1665 ο
953 1620 1161 1664 amator
1191 1611 1472 1665 hominum
1504 1627 1522 1664 :
1565 1612 1702 1666 unde
1727 1612 1862 1666 duas
1899 1620 2122 1664 natura-

566 1694 644 1747 les
673 1698 972 1750 voluntates
1001 1697 1053 1749 in
1089 1704 1139 1750 te
1173 1707 1551 1766 agnoscentes,
1588 1707 1637 1753 te
1689 1699 2117 1768 magniﬁcamus,

567 1784 788 1839 Matrem
825 1796 969 1840 tuam
1004 1789 1232 1842 ﬁdeliter
1258 1789 1642 1843 beatiﬁcantes.
1737 1840 1740 1843 Α

569 1896 728 1966 116
753 1899 835 1949 Ex
873 1897 1081 1950 Conone
1114 1900 1167 1951 in
1189 1899 1318 1966 [esto
1343 1900 1404 1954 S.
1438 1901 1675 1969 Apostoii
1702 1902 1882 1970 Carpi,
1924 1905 2007 1957 die
2031 1903 2121 1985 26.

636 2069 857 2125 Pariens
892 2071 1053 2143 Virgo
1109 2074 1541 2139 ineﬁ'abiliter,et
1598 2086 1804 2132 naturae
1864 2079 2126 2136 innovans

568 2161 749 2230 leges.
777 2162 911 2218 facta
941 2178 1000 2219 es
1051 2174 1226 2219 mater
1283 2181 1496 2237 semper
1530 2168 1713 2238 Virgo,
1745 2178 2028 2238 pr0pterea
2069 2181 2118 2225 te

574 2251 969 2306 beatiﬁcamus.
1528 2249 1532 2254 ’

648 2343 858 2396 Novum
906 2351 1159 2412 tanquam
1213 2361 1436 2414 puerum
1493 2349 1741 2417 peperisti
1804 2351 1977 2415 illum,
2038 2353 2128 2420 qui

570 2438 695 2484 ante
722 2431 915 2485 sacula
951 2447 980 2484 a
1002 2431 1160 2485 Patre
1196 2445 1419 2489 exortus
1443 2445 1523 2489 est
1559 2436 1921 2502 ineﬂ'abiliter,
1967 2452 1998 2490 o
2031 2439 2125 2492 Dei

569 2519 813 2576 Genitrix
842 2539 854 2574 :
895 2511 1014 2575 ideo
1049 2532 1098 2576 te
1121 2523 1511 2590 gloriﬁcamus.

643 2612 1081 2667 lntellectualite‘r
1111 2615 1240 2667 vidit
1275 2625 1344 2676 te,
1379 2632 1410 2669 ο
1464 2615 1554 2669 Dei
1611 2615 1874 2680 Genitrix,
1926 2599 2127 2685 Puella,

571 2705 827 2772 propheta
853 2703 1096 2758 Deilcrus
1131 2714 1366 2759 montem
1403 2722 1663 2773 magnum
1689 2717 1746 2761 et
1793 2709 2129 2776 umbrosum,

573 2809 639 2848 ex
668 2810 775 2864 quo
799 2793 937 2848 Deus
968 2805 1152 2849 noster
1176 2795 1226 2848 in
1259 2812 1420 2849 carne
1447 2798 1681 2852 advenit.
2101 2791 2111 2800 ’

647 2888 690 2939 Δ
723 2886 974 2940 sordibus
1011 2889 1204 2940 mentis
1235 2897 1287 2941 et
1322 2889 1567 2956 corporis
1597 2890 1828 2943 emunda
1859 2906 1942 2944 me
1961 2907 2155 2955 nunc,

575 2993 611 3032 ο
647 2977 942 3042 benedicta,
975 2987 1106 3030 nutu
1137 2988 1227 3030 tuo
1263 2987 1423 3045 atque
1459 2980 1808 3034 inclinatione
1833 2981 1985 3049 plena
2030 2982 2133 3034 mi-

2212 533 2320 570 των
2347 501 2782 584 ἀνερμηνεύτως,
2836 510 3099 581 Παρθένε,
3128 506 3428 577 κυήσασα,¹
3462 508 3556 560 καὶ
3615 507 3802 559 σῶαέρν

2219 624 2284 676 με
2337 606 2427 658 τὸν
2465 605 2555 657 ἐπὶ
2585 604 2666 656 σοὶ
2694 603 2789 666 τὰς
2816 601 3053 665 ἐλπίδας,
3081 601 3408 669 πανὰμωμε,
3435 599 3688 666 θέμενον.

2290 783 2506 853 Ἴδε,,ῆν
2543 782 2710 853 ἔφησε
2756 781 3030 851 Παρθένον
3081 780 3138 832 έν
3171 779 3245 848 τῷ
3275 751 3556 842 Πνεύματι
3597 778 3629 828 6
3688 777 3794 844 μέ-

2218 875 2609 944 γαςἮσαῖας,
2660 875 2716 926 ὲν
2751 872 2952 942 γαστρὶ
2983 871 3071 924 τὸν
3105 871 3236 923 Θεὸν
3269 869 3529 922 συνέλαϐε
3585 867 3690 918 καὶ
3715 865 3800 919 τί-

2171 1041 2180 1048 _
2218 985 2354 1030 κτει,
2385 958 2429 1033 ᾧ
2461 964 2800 1035 μελῳδοῦμεν
2820 976 2834 990 ·
2868 961 3037 1033 Κύριε
3057 964 3084 1013 ὁ
3116 961 3270 1025 Θεὸς,
3303 959 3591 1030 εὐλογητὸς
3621 952 3700 1012 εἳ.

2296 1059 2502 1127 Ὠφθης
2559 1056 2868 1127 πλατυτέρα
2916 1053 3158 1124 οὐρανῶν
3211 1053 3507 1122 χωρήσασα
3563 1049 3710 1103 Θεὸν
3743 1050 3802 1102 ἐν

2221 1151 2404 1219 μήτρα
2447 1145 2540 1200 τὸν
2572 1146 2929 1215 στενοχωρίας
3004 1144 3244 1212 πονηρᾶς
3301 1142 3603 1212 ῥυσάμενον
3663 1140 3801 1202 τοὺς

2222 1239 2609 1310 μελῳδοῦνταςι
2635 1235 2875 1304 παναγία
2901 1235 3056 1305 Κόρη
3077 1253 3090 1266 ο
3108 1235 3355 1302 ’Υμνεϊτε
3407 1234 3496 1285 τὸν
3552 1231 3799 1301 Κύριον,

2220 1330 2667 1400 καὶύπερυψοῦτε
2700 1331 2778 1390 είς
2801 1327 3007 1390 πάντας
3039 1327 3259 1390 αἰῶνας.

2290 1421 2452 1475 Φύσει
2483 1420 2580 1490 μὲν
2613 1420 2862 1488 πέφυκας
2900 1418 3048 1481 Θεὸς,
3073 1417 3186 1470 ἀλλ’
3210 1417 3438 1486 ἠνέσχου
3467 1411 3803 1482 περιθέσθαι

2218 1514 2308 1566 τὸν
2329 1513 2632 1583 ἄνθρωπον,
2682 1512 2892 1580 μήτραν
2916 1509 3213 1580 ἀμώμητον
3236 1507 3550 1569 ἐθελουσίως
3576 1502 3798 1565 εἰσδὺς,

2219 1602 2565 1673 φιλάνθρωπε
2596 1618 2608 1630 ·
2639 1601 2759 1653 ὅθεν
2788 1599 2979 1660 διπλᾶς
3021 1599 3118 1660 τὰς
3146 1599 3376 1665 φυσικάς
3395 1597 3593 1657 εἰδότες
3627 1594 3800 1662 θελή-

2224 1711 2334 1756 σεις
2370 1710 2484 1754 σου,
2520 1692 2577 1743 σὲ
2608 1676 3126 1762 μεγαλύνομενβὴν
3153 1687 3379 1756 Μητέρα
3417 1703 3532 1764 ἓν
3578 1683 3802 1745 πιστῶς

2153 1755 2195 1809 Β
2230 1755 2640 1854 μακαρίζοντες.

2239 1894 2341 1948 Ἐκ
2365 1893 2471 1946 τοῦ
2501 1893 2767 1957 Κανόνος
2792 1893 2876 1956 είς
2901 1889 3007 1944 τὸν
3036 1889 3204 1956 ἄτιον
3265 1888 3610 1943 ἀπόστολον
3643 1886 3804 1953 Κάρ-

2389 1967 2394 1972 ’
2783 1974 2918 2026 πον.
2960 1960 3144 2027 ἡμέρα
3170 1964 3283 2023 κε’.

2297 2076 2514 2130 Κύουσα
2549 2075 2816 2145 Παρθένος
2835 2075 3248 2149 ἀνερμηνεύτως
3268 2073 3361 2126 καὶ
3400 2073 3524 2134 τούς
3556 2072 3664 2139 τῆς
3692 2069 3799 2139 φύ-

2232 2184 2367 2231 σεως
2399 2167 2629 2238 θεσμοὺς
2662 2154 2976 2230 καινίζουσα
3006 2165 3251 2232 πέφυκας
3283 2164 3482 2234 Μήτηρ
3513 2163 3598 2215 ἀεὶ
3633 2162 3795 2234 Παρ-

2230 2259 2400 2322 θένος,
2431 2259 2509 2312 διό
2535 2276 2594 2312 σε
2623 2258 3019 2328 μακαρίζομεν.

2301 2351 2436 2402 Νέον
2465 2350 2539 2412 ὼς
2571 2348 2779 2402 παιδίον
2811 2349 3034 2410 τέτοκας
3067 2348 3155 2402 τὸν
3180 2349 3284 2418 πρὸ
3322 2348 3429 2401 τῶν
3459 2346 3680 2400 αἰώνων
3736 2359 3802 2398 εκ

2229 2440 2322 2493 τοῦ
2355 2439 2566 2509 Πατρὸς
2605 2439 2955 2492 άνατείλαντα
3001 2439 3348 2510 άπορρήτως,
3396 2437 3796 2504 Θεογεννῆτορ·

2229 2532 2316 2586 διὰ
2345 2530 2499 2584 τοῦτό
2524 2547 2582 2582 σε
2613 2529 2927 2600 δοξάζομεν.

2298 2617 2515 2689 Νοερῶς
2554 2618 2882 2690 ὀΘεοφόρος,
2916 2619 3298 2689 Θεογεννῆτορ,
3330 2619 3453 2689 ὅρος
3505 2635 3564 2670 σε
3597 2616 3799 2685 βλέπει

2236 2710 2377 2779 μέγα
2428 2709 2740 2773 κατάσκιον,
2786 2707 2962 2784 Κόρη,
3018 2707 3078 2770 ἐξ
3096 2702 3159 2761 οὗ
3209 2708 3525 2777 ἐπεδήμησε
3580 2705 3803 2775 σαρκὶὸ

2233 2800 2362 2861 Θεὸς
2395 2798 2571 2869 ἡμῶν.

2315 2884 2514 2938 Ῥύπου
2543 2883 2720 2953 ψυχῆς
2767 2883 2859 2936 καὶ
2885 2883 3135 2954 σώματος
3198 2884 3491 2952 καθάρισόν
3553 2900 3622 2953 με
3677 2882 3800 2943 νῦν,

2235 2977 2591 3047 εὐλογημένη,
2613 2975 2965 3045 εὐσπλάγχνῳ
2998 2991 3090 3027 σου
3127 2977 3287 3044 ῥοπῇ,
3321 2977 3469 3038 ὅπως
3513 2992 3573 3027 σε
3633 2974 3800 3044 ὐμνῶ

577 3069 885 3123 seriem-dia:
905 3085 919 3127 ;
938 3078 993 3120 ut
1020 3080 1068 3122 te
1094 3085 1189 3136 pro
1208 3070 1386 3122 debito
1419 3069 1626 3122 laudem
1651 3085 1714 3123 ac
1769 3071 2126 3139 magniﬁcem,

2258 3069 2327 3121 ιαὶΙ
2362 3065 2646 3137 μεγαλύνω
2663 3065 2983 3134 καταχρέος,
3008 3065 3340 3136 πανύμνητε.

579 3174 612 3212 0
633 3160 777 3212 omni
806 3160 958 3212 laudc
983 3159 1317 3224 dignissima.

644 3249 934 3318 Peperisti,
973 3267 1002 3300 ο
1027 3249 1552 3313 iimnaculatissima,
1581 3251 1697 3305 sine
1732 3251 1917 3306 dolore
1972 3253 2134 3308 Creao

575 3349 770 3401 torem,
806 3342 896 3409 qui
931 3339 1107 3392 aufert
1157 3339 1375 3392 dolores
1408 3349 1459 3392 et
1504 3340 1716 3394 labores
1775 3354 2028 3406 nostros,
2082 3351 2135 3396 et

575 3415 783 3486 deliciis
823 3430 969 3484 omni
999 3430 1184 3484 dolore
1232 3430 1542 3485 carentibus
1601 3431 1823 3500 dignum
1857 3433 1984 3488 facit
2036 3434 2137 3487 liu-

579 3536 801 3576 manum
823 3534 1014 3588 genus.

649 3607 929 3677 Tanquam
957 3607 1107 3662 coelis
1139 3607 1316 3672 latior,
1348 3598 1625 3678 excepisti,
1644 3626 1675 3665 ο
1699 3610 1879 3682 Virgo,
1911 3614 1963 3667 in
1987 3623 2137 3669 utero

584 3709 676 3756 tuo
710 3700 937 3753 Verbum
967 3699 1111 3767 quod
1143 3713 1171 3752 a
1204 3699 1348 3752 nulla
1380 3715 1436 3753 re
1460 3702 1575 3769 capi
1629 3711 1830 3771 potest,
1886 3714 1938 3759 et
1992 3706 2134 3772 quod

580 3791 794 3848 redimit
816 3791 881 3843 ab
907 3789 1053 3843 omni
1089 3790 1341 3859 angustia
1382 3806 1547 3859 genus
1583 3792 1887 3848 hominum.

648 3880 855 3935 leum
893 3880 1031 3934 facta
1055 3894 1132 3942 es,
1166 3896 1197 3933 ο
1229 3881 1544 3947 Deiparens,
1598 3897 1660 3934 ex
1699 3899 1804 3950 quo
1855 3895 2004 3940 ortus
2054 3897 2136 3941 est

582 3971 737 4026 nobis
772 3971 865 4024 Sol
891 3970 1132 4038 iustitiae,
1167 3971 1256 4039 qui
1291 3970 1562 4024 illuminat
1593 3988 1690 4028 nos
1717 3975 1833 4029 luce
1881 3977 2136 4045 cognitio.

584 4060 690 4124 nis,
721 4075 754 4113 ο
787 4059 1109 4125 ῡοὶεζεηίιτὶχ
1143 4073 1311 4115 casta.

656 4150 848 4207 Vocem
882 4151 974 4205 tibi
1009 4151 1270 4206 Gabrielis
1301 4154 1638 4219 exhibemus,
1668 4170 1699 4209 ο
1733 4156 1913 4224 Virgo,
1955 4156 2135 4209 excla-

585 4250 794 4295 mantes
821 4259 833 4294 :
861 4242 988 4304 Ave,
1043 4241 1210 4295 nubes
1242 4242 1406 4308 levis;
1463 4258 1584 4306 ave,
1615 4252 1775 4308 terra,
1835 4230 1954 4311 quas
2020 4245 2136 4297 sine

586 4332 833 4401 agricolae
882 4332 1090 4386 cultura
1156 4333 1358 4401 spicam
1418 4334 1717 4402 speciosam
1775 4332 2132 4399 fructiﬁcasti,

589 4423 905 4476 nutritorem
935 4422 1137 4476 scilicet
1172 4423 1410 4477 omnium
1442 4434 1833 4479 creaturarum.

596 4512 749 4581 117
773 4511 850 4564 Ea:
870 4529 1061 4566 canone
1081 4514 1132 4565 in
1147 4514 1274 4578 festo
1305 4513 1360 4568 S.
1383 4514 1629 4585 Eulychis
1651 4516 1922 4584 martyris,
1942 4515 2025 4568 die
2041 4515 2132 4570 28.

636 4685 693 4740 In
714 4687 890 4740 carnis
909 4685 1255 4740 similitudine
1271 4703 1533 4756 apparens
1549 4700 1758 4760 amator
1779 4691 2058 4745 hominum
2073 4706 2138 4745 ex

595 4788 667 4844 te,
687 4795 720 4833 ο
765 4790 870 4832 tota
895 4778 1259 4841 immaculata,
1295 4780 1552 4833 mundum
1578 4780 1800 4834 salvnvit
1824 4791 2140 4848 pereuntem

593 4881 754 4938 atque
813 4870 982 4923 errori
1027 4869 1349 4937 subjectum,
1391 4871 1532 4924 unde
1579 4881 1631 4923 te
1703 4872 2031 4926 honoramus
2080 4887 2143 4926 ac

598 4960 990 5014 heatiﬁcamus.

665 5047 857 5102 Mentis
877 5063 1008 5103 meae
1041 5049 1310 5110 tenebras,
1349 5065 1380 5102 ο
1406 5048 1654 5116 Deipara,
1696 5049 1816 5103 luce
1864 5058 1970 5113 tua,
2019 5067 2145 5118 pre-

601 5147 715 5195 cor,
757 5141 1012 5201 tanquam
1061 5135 1470 5204 benignissima,
1522 5135 1744 5203 dissipa,
1779 5147 1832 5191 et
1877 5139 2148 5193 intercedc

602 5239 699 5292 pro
724 5239 826 5287 me,
850 5237 906 5279 ut
933 5243 1023 5294 per
1041 5227 1412 5295 paenitentiam
1441 5226 1678 5282 melioris
1712 5229 1833 5282 vita:
1883 5230 2145 5285 rationem

602 5315 914 5381 instituam,
948 5327 1004 5370 ut
1035 5335 1156 5372 cum
1185 5319 1285 5371 ﬁde
1322 5327 1376 5370 te
1408 5317 1720 5386 gloriﬁcem.

672 5406 1055 5474 Prophetarum
1091 5408 1370 5475 collegium
1405 5408 1620 5477 scripsit
1653 5419 1798 5474 ante,
1837 5419 1887 5464 te
1917 5425 2036 5466 esse
2057 5426 2150 5465 vo-

603 5500 802 5564 lumen,
831 5517 862 5555 o
885 5499 1043 5570 Virgo
1073 5500 1417 5552 immaculata
1447 5499 1550 5553 Deo
1582 5500 1926 5568 desponsata,
1957 5501 2009 5555 in
2042 5517 2149 5572 quo

607 5587 839 5641 Verbum
887 5587 1061 5643 Patris
1110 5587 1279 5655 digito
1331 5589 1588 5659 scriptum
1635 5597 1738 5655 cst,
1768 5590 1906 5656 quod
1967 5589 2149 5645 ﬁdeles

613 5677 866 5743 tie-scribit
896 5679 946 5732 in
978 5680 1114 5734 libro
1138 5679 1275 5734 vitae.

2317 3249 2587 3319 Ἐκύησας
2610 3247 2894 3310 ἀνωδύνως
2933 3247 3023 3301 τὸν
3044 3248 3322 3317 Πλάστην,
3343 3247 3803 3317 πανάμωμε,’τάς

2235 3339 2422 3400 ὀδύνας
2451 3339 2544 3390 καὶ
2583 3339 2710 3399 τοὺς
2726 3337 2922 3398 πόνους
2952 3336 3107 3406 ἡμῶν
3135 3337 3555 3406 ἀφαιρούμενον,
3585 3341 3688 3390 καὶ
3707 3340 3803 3410 τῆς

2237 3430 2505 3484 ἁνωδύνου
2530 3429 2783 3493 ἀξιοῦντα
2811 3430 3023 3500 τρυφῆς
3046 3430 3106 3483 τὸ
3131 3429 3484 3500 ἀνθρώπινον.

2317 3602 2406 3666 Ὠς
2471 3600 2775 3670 πλατυτέρα
2833 3596 2968 3654 οὖσα
3023 3598 3132 3653 τῶν
3213 3600 3454 3671 οὐρανῶν
3487 3602 3546 3654 ὲν
3609 3603 3804 3673 μήτρᾳ

2237 3693 2401 3757 ἐδέξω
2426 3692 2595 3760 Λόγον
2641 3691 2729 3745 τὸν
2759 3690 3060 3760 ἀχώρητον,
3115 3691 3377 3760 Παρθένε,
3433 3693 3803 3762 λυτρούμενον

2238 3782 2592 3852 στενοχωρίας
2623 3781 2804 3850 πάσης
2841 3780 2900 3832 τὸ
2925 3781 3082 3847 γένος
3102 3780 3210 3832 τῶν
3237 3780 3558 3850 ἀνθρώπων.

2307 3871 2510 3941 Ὠφθης
2541 3870 2784 3942 οὐρανὸς,
2829 3870 3150 3942 Θεοκυῆτορ,
3176 3869 3591 3934 ἑξανατέλλουσα
3665 3874 3800 3942 ήμΐν

2233 3964 2321 4016 τὸν
2353 3962 2453 4030 τῆς
2481 3960 2821 4030 δικαιοσύνης
2849 3960 3058 4026 Ἥλιον,
3117 3961 3414 4029 φωτίζοντα
3459 3963 3601 4031 ἡμᾶς
3658 3966 3802 4031 φωτὶ

2235 4052 2597 4121 ἐπιγνώσεως,
2617 4051 2977 4119 Θεογεννῆτορ
3004 4051 3164 4120 ἁγνή.

2302 4143 2488 4212 Φωνήν
2514 4158 2593 4194 σοι
2615 4140 2979 4210 προσάγομεν,
2999 4141 3260 4211 Παρθένε,
3278 4141 3378 4212 τὴν
3401 4140 3494 4194 τοῦ
3518 4143 3784 4214 Γαϐριὴλ,

2235 4234 2584 4294 ἀναϐοῶντες·
2615 4233 2802 4302 Χαῖρε,
2841 4232 3015 4301 κούφη
3038 4231 3255 4301 νεφέλη,
3279 4235 3452 4302 χαῖρε,
3484 4234 3555 4302 γῆ
3579 4235 3798 4305 ἀγεώρ-

2235 4339 2416 4390 γητος,
2453 4321 2651 4389 στάχυν
2674 4319 2871 4390 ὡραῖον
2896 4320 3316 4391 καρποφοροῦσα
3343 4322 3434 4374 τὸν
3472 4325 3673 4393 τροφέα
3698 4324 3800 4392 τῆς

2170 4413 2212 4467 D
2243 4414 2488 4474 κτίσεως.

2249 4506 2341 4558 Ἐκ
2365 4504 2468 4557 τοῦ
2493 4505 2757 4571 Κανόνος
2781 4503 2995 4641 exigar
3017 4505 3182 4593 ἄηιον
3213 4503 3480 4573 μάρτυρα
3503 4506 3795 4574 Εὐτυχὰι,

2910 4591 2987 4640 pa
3009 4591 3117 4641 κη-

2910 4591 2987 4640 ριι
3009 4591 3117 4641 κητ-

2309 4683 2517 4753 Σαρκὸς
2562 4680 2867 4752 ὁμοιώματι
2927 4681 3253 4749 ὲπιφανεὶςό
3300 4683 3675 4754 φιλάνθρωπος
3731 4689 3798 4740 ἐκ

2243 4777 2356 4839 σοῦ,
2399 4776 2726 4844 πανάμωμε,
2756 4775 2957 4844 κόσμον
2993 4774 3248 4828 διέσωσεν
3278 4775 3664 4845 ἀπολλύμενον,
3699 4779 3798 4832 καὶ

2244 4869 2417 4938 πλάνῃ
2441 4866 2800 4936 ὐπαρχθέντα,
2825 4867 2904 4918 διό
2937 4883 2995 4917 σε
3021 4867 3345 4937 γεραίρομεν
3374 4867 3470 4919 καὶ
3503 4869 3801 4936 μακαρίζο-

2249 4977 2366 5029 μεν.

2315 5050 2449 5111 Νοός
2486 5066 2583 5116 μου
2608 5047 2668 5100 τὸ
2701 5046 2906 5110 σκότος,
2936 5042 3184 5109 Θεοτόκε,
3213 5046 3348 5114 φωτὶ
3367 5047 3443 5117 τῷ
3471 5050 3528 5101 ὲν
3561 5050 3662 5113 σοὶ,
3716 5053 3795 5112 ὡς

2249 5138 2447 5206 ἀγαθὴ,
2496 5136 2808 5197 ὲκδυσωπῶ,
2871 5136 3141 5201 διάλυσον,
3201 5138 3293 5190 καὶ
3334 5139 3613 5208 μετανοίας
3671 5142 3797 5210 τρό-

2250 5244 2370 5290 ποις
2399 5243 2466 5295 με
2493 5226 2841 5296 βελτιωθῆναι
2874 5225 3165 5296 πρέσϐευε,
3201 5227 3344 5291 ὅπως
3373 5231 3430 5281 έν
3475 5230 3650 5282 πίστει
3713 5230 3801 5282 δο-

2253 5318 2396 5381 ξάζω
2435 5333 2514 5371 σε.
3183 5320 3186 5321 ⁷

2321 5408 2494 5475 Τόμον
2571 5424 2629 5460 σε
2680 5406 2987 5477 προέγραψε
3039 5408 3144 5461 τῶν
3189 5409 3505 5479 προφητῶν,
3567 5409 3799 5478 ᾶχραντε

2255 5497 2510 5567 Παρθένε,
2540 5499 2568 5551 6
2598 5495 2873 5564 σύλλογος,
2902 5499 2958 5550 ὲν
3066 5499 3314 5569 δακτύλῳ
3348 5504 3673 5571 κατεγράφη
3701 5500 3793 5556 τοῦ

2254 5588 2462 5660 ῐιατρὸς
2493 5591 2522 5641 ὁ
2552 5588 2742 5655 Λόγος,
2783 5590 3252 5662 Θεόνυμφε,βί6λῳ
3273 5591 3369 5660 τῆς
3426 5591 3576 5665 ζωῆς
3633 5613 3800 5651 κατα-

2255 5680 2476 5750 γράφων
2509 5679 2747 5742 πιστούς.
