3936 6304
516 354 651 417 1123

1632 349 1691 408 S.
1732 348 2041 409 JOSEPHI
2083 348 2639 409 HYMNOGRAPHI

3601 352 3752 413 1194

577 462 739 517 Lacte
768 461 1023 515 divinitus
1057 461 1229 513 nutris
1252 473 1373 513 eum
1406 460 1497 526 qui
1551 466 1685 512 nutu
1741 459 1914 512 nutrit
1937 460 2058 511 uui-

2242 460 2503 532 Θηλάξεις
2523 461 2842 531 θεοπρεπῶς
2870 463 2956 514 τὸν
2972 462 3196 531 νεύματι
3215 465 3416 528 πάντας
3444 467 3747 538 τρέφοντα.

508 568 719 615 versos;
756 551 896 604 ulnis
927 551 1172 603 contines
1197 558 1249 602 et
1279 549 1672 616 complecteris,
1703 564 1733 603 o
1777 550 2064 616 purissima

510 644 754 703 Domina,
786 655 908 693 eum
934 641 1024 709 qui
1060 640 1298 691 continet
1354 640 1576 693 omnia:
1608 641 1959 708 quamobrem
2003 650 2053 692 te

506 732 730 785 ﬁdeliter
761 744 853 799 pro
900 729 1081 783 debito
1130 728 1515 797 gloriﬁcamus.

574 821 825 889 Speciosa
878 818 1015 873 facta
1064 832 1165 880 es,
1225 832 1258 872 ο
1312 817 1497 886 Virgo,
1530 819 1836 888 speciosum
1888 818 2060 873 forma

501 912 777 966 Christum
800 913 979 974 enixa,
1012 911 1102 977 qui
1132 910 1325 964 similis
1359 910 1534 965 factus
1572 919 1655 965 est
1684 911 1863 975 nobis,
1897 921 2061 979 atque

502 1020 693 1063 omnes
741 1005 1024 1063 contritas,
1087 1002 1152 1054 ad
1207 1001 1369 1055 vitam
1401 1000 1722 1055 reformavit
1771 1016 1786 1055 :
1825 1001 1964 1056 unde
2012 1011 2061 1055 te

498 1112 716 1165 semper
746 1095 973 1148 ﬁdeliter
998 1093 1215 1162 hymnis
1240 1092 1629 1161 gloriﬁcamus.

573 1187 753 1239 Latior
786 1186 937 1240 cmlis
968 1184 1109 1239 facta
1174 1201 1251 1248 es,
1281 1200 1313 1238 ο
1348 1184 1525 1252 Virgo.
1568 1198 1689 1235 cum
1725 1184 2059 1240 continueris

499 1276 553 1327 in
587 1285 740 1329 utero
766 1274 972 1340 Deum;
1002 1290 1166 1343 quem
1209 1288 1423 1341 semper
1451 1287 1640 1335 exora,
1674 1282 1732 1326 ut
1759 1274 1945 1327 liberet
1976 1288 2059 1327 me

502 1381 646 1420 nunc
672 1374 962 1435 apeccato,
999 1381 1027 1419 a
1059 1380 1165 1433 quo
1222 1379 1367 1417 nunc
1401 1363 1454 1416 in
1489 1364 1767 1431 angustias
1822 1364 2054 1432 redigor,

500 1465 555 1510 ut
582 1456 793 1524 pietatis
823 1456 1077 1523 operibus
1100 1454 1379 1515 dilatatus,
1405 1460 1456 1505 te
1476 1451 1702 1507 ﬁdeliter
1733 1453 2054 1509 beatiﬁeem.

569 1546 732 1607 Deus,
760 1545 855 1613 qui
884 1546 1113 1612 gestavit
1153 1557 1258 1601 me,
1304 1543 1656 1610 processitex
1698 1550 1778 1605 te;
1822 1543 2054 1596 induens

501 1650 586 1688 me
603 1635 925 1687 vestimento
958 1632 1408 1701 incorruptionis,
1442 1647 1564 1685 cum
1586 1632 1655 1686 ob
1683 1647 1876 1701 pravas
1910 1647 2057 1687 meas

500 1724 853 1793 cogitationes
910 1719 1095 1775 divina
1131 1720 1269 1775 stola
1324 1720 1559 1775 nudatus
1610 1720 1870 1786 fuissem;
1902 1735 1935 1775 ο
1964 1720 2056 1775 Dei

2170 552 2438 619 ἀγκάλαις
2496 555 2868 622 περικρατεῖς,
2926 554 3230 622 πανάμωμε
3290 555 3580 621 Δέσποινα,
3648 558 3753 610 τὸν

2170 642 2375 702 πάντας
2402 640 2698 711 κατέχοντα
2729 657 2744 673 ο
2766 641 2854 695 διὰ
2876 642 3031 697 τοῦτο
3075 643 3253 697 πίστει
3315 648 3620 715 καταχρέος
3690 665 3751 699 σε

2170 730 2489 797 δοξάζομεν.

2250 818 2569 890 Ὠραιώθης,
2597 820 2861 890 Παρθένε,
2893 820 2984 873 τὸν
3007 823 3065 875 ὲν
3091 823 3275 876 κάλλει
3320 823 3525 894 ὡραῖον
3576 827 3725 896 Χρι-

2169 912 2291 963 στὸν
2322 912 2573 981 κυήσασα
2607 913 2739 983 ⁴ἡμῖν
2756 911 3106 982 ὁμοιωθέντα,
3154 914 3249 966 καὶ
3293 916 3498 978 πάντας
3525 933 3751 987 συντρι-

2168 1002 2357 1066 ϐέντας
2381 1003 2516 1072 πρὸς
2545 1004 2691 1074 ζωὴν
2712 1002 3115 1057 ἀναπλάσαντα·
3151 1004 3273 1058 ὅθεν
3301 1007 3506 1070 πιστῶς
3525 1023 3587 1059 σε
3652 1010 3750 1061 ἀεὶ

2165 1093 2456 1163 δοξάζομεν
2488 1096 2546 1148 tv
2576 1094 2782 1164 ὕμνοις.

2238 1185 2443 1254 Ὠφθης
2466 1186 2771 1257 πλατυτέρα
2815 1186 3084 1257 οὐρανῶν,
3151 1188 3449 1256 χωρήσασα
3488 1188 3624 1241 Θεὸν
3682 1188 3747 1242 tv

2169 1273 2444 1343 μήτρᾳ,ὃν
2472 1274 2561 1326 ἀεὶ
2587 1273 2822 1327 δυσώπει
2878 1276 2977 1345 τῆς
3020 1275 3455 1344 στενοχωρούσης
3519 1293 3590 1341 με
3640 1277 3747 1328 νῦν

2164 1368 2439 1437 ἁμαρτίας
2482 1366 2772 1436 ῥύσασθαι,
2822 1368 3083 1439 Παρθένε,
3139 1368 3287 1429 ὅπως
3328 1367 3747 1437 πλατυνόμενος

2166 1455 2346 1525 ἔργοις
2374 1457 2653 1521 εὐσεϐείας
2706 1460 2912 1521 πιστῶς
2937 1476 2995 1512 σε
3034 1460 3339 1530 μακαρίζω.
3764 1468 3767 1469 ⁷

2233 1547 2468 1615 Φορέσας
2508 1565 2575 1618 με
2606 1550 2845 1619 προῆλθε
2874 1551 3002 1613 Θεὸς
3033 1544 3099 1603 ἐκ
3136 1552 3231 1603 σοῦ
3289 1551 3601 1621 ἀφθαρσίας
3651 1553 3746 1603 tv-

2164 1633 2301 1687 δύων
2340 1651 2407 1704 με
2458 1635 2659 1705 ἔνδυμα
2706 1639 2796 1689 τὸν
2852 1640 3063 1707 πονηρᾷ
3120 1640 3310 1709 γνώμῃ
3371 1641 3740 1707 γυμνωθέντα

2165 1724 2310 1788 Θείας
2336 1726 2545 1790 στολῆς,
2571 1728 2933 1799 Θεογεννῆτορ
2991 1731 3278 1793 Δέσποινα,
3334 1732 3555 1783 πάντων
3614 1732 3739 1783 τῶν

498 1814 746 1870 Genitrix
807 1814 1059 1877 Domina,
1105 1813 1348 1866 omnium
1387 1810 1673 1865 hominum
1735 1811 2005 1881 refugium
2038 1850 2054 1877 ,

2188 1816 2457 1887 ινθρώπων
2508 1819 2818 1888 καταφυγὴ,
2867 1818 3167 1889 μαρτύρων
3199 1820 3558 1890 στεφηφόρων
3587 1836 3738 1889 κρα-

500 1916 798 1977 martyrum
837 1920 1046 1969 murus,
1073 1914 1126 1958 et
1158 1902 1324 1959 robur
1363 1917 1391 1956 a
1456 1917 1565 1971 quo
1612 1912 1963 1970 coronantur,
2013 1915 2058 1961 el

2188 1911 2399 1979 ταίωμα,
2430 1910 2525 1964 καὶ
2563 1912 2762 1979 τεῖχος,
2812 1912 2907 1962 καὶ
2953 1910 3058 1963 τῶν
3096 1898 3341 1978 ἀγγέλων
3389 1910 3738 1981 ἀγαλλίαμα.

498 1999 807 2064 angelorum
842 1993 1157 2048 exsultatio.

924 2104 1082 2173 120
1114 2100 1360 2157 MENSIS
1400 2100 1663 2158 JUNIUS.

501 2213 585 2269 Ex
614 2213 819 2271 Conone
846 2216 902 2270 in
930 2216 1059 2285 festo
1101 2214 1163 2338 Si.
1187 2215 1438 2340 Βρνὲιήεὲ
1492 2214 1791 2283 martyris,
1834 2216 2064 2285 episcopi

1166 2302 1265 2340 rm.
1332 2302 1377 2338 re
1440 2325 1453 2338 .

1165 2302 1265 2355 νη,
1295 2302 1377 2338 are
1400 2302 1453 2340 ο.

571 2418 768 2486 Deplue
816 2433 978 2485 super
1013 2432 1116 2481 me,
1146 2433 1177 2469 o
1205 2416 1389 2486 Virgo,
1413 2432 1629 2487 precor,
1672 2416 2059 2486 compunctio-

2650 2103 2803 2155 MHN
2865 2102 3158 2155 ΙΟΥΝΙΟΣ.

2177 2212 2271 2266 Ἐκ
2305 2214 2408 2267 τοῦ
2426 2214 2694 2279 Κανόνος
2723 2217 2808 2277 εἰς
2845 2214 2949 2266 τὸν
3002 2214 3171 2278 ἅγιον
3215 2213 3485 2281 μάρτυρα
3548 2215 3739 2282 Δωρό-

2298 2286 2465 2351 θεον,
2523 2284 2857 2337 ἐπίσκοπον
2916 2285 3121 2350 Τύρου,
3194 2283 3381 2350 ἡμέρᾳ
3432 2289 3499 2335 s’.

2241 2415 2544 2485 Ὀμῦρισόν
2597 2414 2978 2483 μοι,[]αρθένε,
3006 2413 3190 2482 δέομαι
3216 2414 3448 2481 σταγόνα
3496 2413 3737 2467 κατανύ-

500 2507 585 2561 nis
617 2507 839 2569 stillam,
898 2521 1017 2575 quae
1052 2506 1371 2579 inhaerentes
1424 2506 1554 2559 mihi
1609 2505 1797 2560 sordes
1854 2505 2058 2559 abster-

2188 2508 2319 2569 ζεως.
2349 2506 2439 2558 τὸν
2465 2505 2650 2557 ἐνόντα
2710 2522 2797 2572 μοι
2858 2503 3027 2573 ῥύπον
3072 2503 3510 2567 ἀποπλύνουσαν,
3566 2504 3719 2565 ὅπως

497 2611 608 2666 gat,
644 2606 700 2649 ut
736 2596 1024 2664 gIOI-iﬁcem
1048 2606 1116 2649 te.

572 2686 770 2739 Totum
822 2701 917 2740 cor
966 2701 1144 2739 meum
1180 2686 1394 2740 illustra
1442 2686 1563 2741 luce
1604 2686 1810 2753 divina,
1840 2701 1873 2741 ο
1911 2697 2063 2757 porta

496 2777 661 2849 lucis,
690 2778 893 2845 peccati
916 2775 1166 2829 tenebras
1199 2776 1533 2846 depellenda.

575 2953 617 3000 Δ
673 2947 1084 3014 tentationihus,
1113 2960 1273 3018 atque
1321 2965 1350 3003 a
1386 2951 1666 3005 mortifera
1703 2952 1823 3007 vita:
1858 2963 2068 3023 tempe-

502 3044 641 3090 state
671 3035 817 3090 salva
852 3052 955 3100 me,
984 3028 1041 3089 ut
1067 3054 1187 3091 cum
1222 3038 1322 3092 ﬁde
1344 3049 1395 3094 te
1421 3039 1794 3104 beatiﬁcem,o
1817 3042 2055 3095 sanctis-

501 3126 640 3179 sima
664 3125 845 3178 Puella
862 3127 1034 3179 Mater
1069 3126 1249 3195 Virgo.

570 3213 763 3267 Oriens
783 3215 942 3275 Solis.
971 3216 1061 3284 qui
1092 3225 1216 3268 ante
1246 3215 1551 3270 Luciferum
1578 3220 1901 3284 coruscavit,
1922 3217 2060 3272 facta

498 3319 578 3370 es,
607 3320 639 3357 ο
683 3306 1058 3371 immaculata;
1096 3322 1188 3374 per
1236 3322 1394 3376 quem
1432 3310 1506 3362 illi
1550 3326 1643 3380 qui
1707 3311 1759 3364 in
1824 3311 2062 3367 tenebris

500 3398 763 3447 malorum
786 3400 1162 3463 versabantur,
1200 3398 1375 3453 lucem
1410 3401 1709 3456 viderunt.—

541 3560 545 3564 1
576 3482 764 3549 Deum,
793 3500 948 3553 quem
989 3488 1241 3555 peperisti
1274 3489 1547 3542 hominem
1588 3490 1791 3553 factum
1840 3490 2062 3560 supplex

501 3585 613 3635 ora,
647 3590 680 3629 o
722 3573 910 3643 vv'irgo,
952 3586 1009 3629 ut
1053 3579 1240 3632 liberet
1264 3594 1356 3647 me
1408 3580 1475 3632 ab
1519 3580 1642 3648 igne
1691 3590 1745 3635 et
1775 3591 2062 3636 tormento.

575 3663 619 3718 Ο
649 3664 736 3719 Dei
769 3665 1035 3732 Genitrix,
1069 3669 1214 3737 eripe
1243 3685 1273 3722 a
1306 3669 1537 3724 vinculis
1566 3672 1770 3738 peccati
1797 3670 2064 3724 infelicem

502 3760 735 3809 animam
766 3748 1054 3826 meam;et
1085 3761 1353 3813 mediante
1386 3762 1624 3830 perfecta
1660 3762 1865 3816 Christi
1921 3762 2054 3816 cha-

503 3849 661 3901 ritate
688 3849 907 3903 liberam
930 3848 1093 3903 redde
1121 3864 1266 3913 eam,
1301 3858 1359 3904 ut
1394 3859 1467 3915 te,
1498 3867 1529 3904 ο
1549 3850 1799 3921 Deipara,
1834 3850 2063 3906 ﬁdeliter

503 3939 557 3992 iu
589 3939 781 3994 saecula
811 3940 1126 4010 gloriﬁcent.

573 4030 979 4095 Speciosissima
1011 4030 1146 4084 facta
1166 4046 1246 4095 es,
1270 4046 1301 4083 ο
1319 4030 1501 4102 Virgo,
1525 4031 1985 4101 speciosissimum
2005 4030 2059 4085 in

507 4129 659 4172 utero
683 4120 995 4188 concipiens
1022 4136 1086 4173 ac
1131 4121 1310 4174 ferens
1342 4121 1595 4186 Verbum,
1623 4122 1709 4176 cui
1733 4121 2015 4191 psallimus
2043 4139 2057 4176 :

494 4208 823 4273 Benedicite,
850 4213 1029 4263 nnmia
1062 4227 1255 4278 opera,
1291 4211 1597 4265 Dominum.

570 4297 614 4353 0
645 4314 797 4366 pura,
829 4315 949 4367 quae
971 4301 1220 4353 manibus
1239 4302 1460 4367 portasti
1484 4301 1777 4366 Christum,
1808 4304 2058 4358 universa

500 4388 685 4442 divino
730 4398 863 4442 nutu
915 4399 1255 4457 portantem;
1303 4390 1550 4444 eumdem
1598 4391 1813 4445 assidue
1866 4394 2057 4462 depre-

502 4492 651 4541 care,
688 4488 744 4530 ut
776 4478 975 4547 dirigat
1032 4480 1364 4534 elevationes
1432 4494 1690 4533 manuum
1746 4492 2054 4535 nostrarum

504 4576 759 4635 tanquam
801 4568 1093 4637 thymiama
1121 4570 1175 4622 in
1207 4580 1498 4639 conspeCtu
1541 4574 1659 4625 suo.
1767 4587 1779 4603 '

507 4701 659 4771 12].
692 4699 776 4754 Ex
842 4700 1052 4755 δαηοηε
1102 4701 1316 4775 infesto
1460 4703 1713 4775 Theodoti
1764 4706 2055 4775 Ancyram,

1030 4840 1033 4843 _
1054 4771 1329 4839 martyris,
1352 4774 1434 4824 die
1458 4774 1509 4825 7.

572 4906 650 4960 0b
677 4920 959 4961 excessum
1015 4905 1404 4961 misericordiae
1426 4906 1597 4961 Filius
1652 4907 1744 4961 Dei
1784 4909 2057 4965 inclinavit

502 4997 690 5061 caelos,
720 5006 773 5050 et
804 4996 1104 5060 descendit,
1138 5006 1301 5064 atque
1346 5012 1411 5050 ex
1465 5007 1514 5050 te
1546 4996 1854 5050 incarnatus
1902 5008 2003 5061 est,
2026 5014 2057 5053 ο

503 5099 674 5153 easta,
718 5099 777 5142 ut
814 5089 1046 5143 salvaret
1076 5089 1327 5143 homines
1357 5104 1387 5150 a
1420 5088 1740 5142 seductioue
1770 5093 2055 5157 serpentis.

572 5262 805 5317 lntuitus
853 5279 883 5316 a
942 5263 1097 5333 longe
1143 5262 1603 5330 diviniloqubrum
1674 5263 2055 5330 prophetarum

504 5353 701 5406 chorus
725 5352 1149 5422 profunditatem
1200 5353 1439 5422 mysterii
1475 5352 1571 5413 tui,
1633 5353 2056 5408 multiformibus

508 5443 753 5514 vocibus,
786 5453 835 5497 te
866 5443 953 5497 Dei
990 5443 1212 5495 Matrem
1264 5452 1469 5495 castam
1514 5442 1842 5509 praedicavit,
1895 5459 1927 5496 ο
1964 5458 2057 5498 ca-

505 5532 743 5586 stissima
766 5532 971 5599 Sponsa
1010 5532 1119 5585 Dei.

574 5610 710 5673 Cum
740 5624 961 5675 Creutor
986 5632 1360 5674 conservasset
1389 5629 1436 5674 te
1462 5631 1582 5691 post
1622 5631 1833 5691 partum
1896 5625 2057 5695 virgi-

509 5727 633 5765 nem
690 5712 1079 5777 incorruptam,
1108 5714 1282 5782 qualis
1332 5712 1507 5769 fueras
1533 5727 1666 5770 ante
1698 5723 1929 5783 partum,
1963 5717 2056 5769 ha-

2162 2594 2370 2659 δοξάζω
2404 2612 2483 2647 σε.
2662 2655 2665 2661 γ

2238 2688 2409 2757 Ὅλην
2442 2688 2544 2755 τὴν
2576 2686 2801 2753 καρδίαν
2838 2703 2939 2758 μου
2969 2684 3042 2755 τῷ
3100 2684 3265 2755 θεῑκῷ
3295 2685 3437 2754 φωτὶ
3476 2686 3733 2755 λάμπρυσ

2165 2793 2276 2839 νον,
2306 2775 2448 2849 πύλη
2484 2774 2658 2845 φωτὸς
2689 2776 2779 2827 τὸν
2808 2774 2907 2842 τῆς
2958 2774 3230 2844 ἁμαρτίας
3277 2774 3591 2842 σκοτασμδν
3637 2775 3732 2827 ὲκ-

2165 2868 2451 2921 διώκοντα.

2236 2956 2558 3025 Πειρασμῶν
2587 2972 2651 3025 με
2679 2956 2959 3017 διάσωσον,
2992 2954 3085 3006 καὶ
3112 2953 3205 3005 τοῦ
3230 2953 3576 3023 ψυχοφθόρου
3619 2952 3716 3005 τοῦ

2168 3048 2286 3116 βίου
2320 3044 2606 3109 κλύδωνος,
2642 3046 2790 3106 ὅπως
2820 3044 2999 3096 πίστει
3047 3042 3333 3111 μακαρίζω
3366 3059 3448 3106 σε,
3483 3042 3727 3110 παναγία

2095 3132 2137 3188 C
2171 3137 2306 3205 κόρη
2323 3133 2774 3204 Μητροπάρθενε.

2244 3223 2502 3294 ’Δνατολὴ
2547 3223 2728 3275 Ἡλίου
2755 3223 2860 3291 πρὸ
2898 3219 3204 3289 Ἑωσφόρου
3234 3219 3729 3287 ικλάμψαντοςγέ-

2163 3332 2342 3384 γονας,
2395 3313 2462 3368 δι’
2513 3309 2573 3366 οῦ
2620 3314 2733 3381 φῶς
2789 3314 2838 3363 oi
2881 3312 2939 3363 tv
2989 3309 3190 3374 σκότει,
3241 3309 3500 3378 ἄχραντε,
3536 3309 3729 3363 δεινῶν

2164 3404 2477 3458 ἐθεάσαντο.
3246 3399 3251 3403 ’

2237 3494 2499 3564 Παρθένε,
2536 3493 2594 3545 ὃν
2642 3493 2877 3563 ὲκύησας
2905 3492 3037 3545 Θεὸν
3089 3491 3371 3561 ἄνθρωπον
3405 3490 3723 3557 γενόμενον,

2164 3580 2349 3634 τοῦτον
2382 3584 2588 3633 ἱκέτευε
2624 3580 2965 3651 λυτρωθῆναί
2997 3598 3063 3649 με
3100 3582 3268 3648 πυρὸς
3301 3580 3393 3631 καὶ
3425 3578 3722 3640 κολάσεως.

2246 3671 2429 3725 Ῥῦσαι
2459 3672 2670 3741 δεσμῶν
2701 3672 2795 3740 τῆς
2826 3672 3099 3739 ἁμαρτίας
3133 3671 3230 3739 τὴν
3252 3669 3441 3721 ἀθλίαν
3469 3685 3570 3737 μου
3615 3668 3723 3736 ψυ-

2162 3760 2281 3831 χὴν,
2311 3761 2690 3830 Θεογεννῆτορ,
2710 3762 2802 3813 καὶ
2815 3762 2999 3830 ἀγάπῃ
3031 3760 3164 3812 Θεοῦ
3195 3757 3486 3823 ὑπόξευξον
3514 3759 3722 3828 τελείᾳ,

2163 3852 2251 3907 ἵνα
2282 3852 2484 3914 πιστῶς
2511 3852 2717 3917 δοξάζω
2749 3868 2830 3916 σε,
2862 3851 3113 3913 Θεοτόκε,
3143 3851 3222 3913 είς
3248 3849 3469 3912 αἰῶνας.

2240 4027 2576 4100 Ὦραιοτάτη,
2610 4026 2872 4095 Παρθένε,
2901 4007 3210 4094 ἀνεδείχθης
3251 4041 3341 4078 τον
3382 4023 3719 4095 ὡραιότατον

2158 4119 2329 4187 Λόγον
2358 4115 2715 4186 κυοφοροῦσα,
2742 4106 2787 4181 ᾧ
2813 4113 3105 4183 ψάλλομεν·
3136 4112 3439 4181 Εὐλογεῖτε,
3458 4112 3524 4165 τὰ
3553 4112 3716 4180 ἔργα,

2158 4210 2383 4279 Κύριον.

2229 4300 2473 4368 Φέρουσα
2507 4298 2738 4369 Χριστὸν
2762 4296 2821 4349 tv
2843 4296 3001 4366 χερσὶ
3029 4296 3264 4368 φέροντα
3289 4292 3360 4347 τὰ
3390 4292 3567 4345 πάντα
3590 4294 3717 4348 νεύ-

2163 4404 2292 4456 ματι
2327 4385 2405 4456 τῷ
2442 4385 2591 4455 θείῳ,
2616 4385 2772 4453 ἁγνὴ,
2805 4384 2967 4437 αὑτὸν
2997 4385 3083 4438 ἀεὶ
3108 4382 3348 4437 δυσὼπει
3379 4382 3485 4434 τῶν
3513 4381 3716 4450 χειρῶν

2161 4475 2317 4547 ἡμῶν
2378 4474 2487 4538 τὰς·
2522 4474 2779 4544 ὲπάρσεις
2837 4473 3055 4527 εὐθῦναι
3116 4473 3305 4526 τούτου
3355 4470 3429 4533 ὡς
3465 4470 3717 4541 θυμίαμα

2157 4567 2405 4619 ἐνώπιον.

2172 4704 2271 4756 Ἐκ
2297 4702 2403 4756 τοῦ
2429 4703 2694 4767 Κανόνος
2725 4704 2811 4767 εις
2856 4701 2963 4756 τὸν
2993 4701 3163 4770 ἅγιον
3196 4698 3277 4768 μά
3319 4715 3465 4765 τυρα
3501 4695 3713 4751 Θεόδο-

2549 4788 2655 4824 τον
2689 4772 2995 4827 Ἀγκύρας.
3026 4770 3212 4827 ἡμέρα

2549 4788 2655 4824 τον
2689 4772 2995 4840 Ἀγκύρας,
3026 4770 3212 4839 ἡμέρᾳ
3249 4770 3314 4827 ζ’.

2239 4905 2539 4976 ’Υπερόολῇ
2589 4905 2987 4975 εὐσπλαγχνίας
3038 4905 3164 4967 τοὺς
3216 4902 3474 4971 οὐρανοὺς
3526 4901 3711 4963 κλίνας

2158 4996 2531 5067 καταόἐῦηκεν
2550 5000 2577 5050 ὀ
2606 4996 2730 5060 Υίδς
2773 4997 2802 5049 ό
2828 4997 2922 5049 τοῦ
2961 4993 3115 5058 Θεοῦ,
3153 4995 3244 5047 καὶ
3273 4996 3337 5046 ὲκ
3391 4991 3485 5045 σοῦ
3515 4993 3712 5061 σεσάρ-

2157 5104 2347 5153 κωται,
2396 5088 2554 5156 ἁγνὴ,
2592 5087 2870 5151 διασώζων
2918 5086 3043 5149 τοὺς
3092 5085 3313 5155 βροτοὺς
3360 5084 3568 5153 πλάνης
3610 5083 3710 5137 τοῦ

2153 5179 2350 5246 ὕφεως.

2240 5270 2382 5322 Ἰδών
2414 5287 2505 5321 σου
2547 5267 2827 5338 πόρρωθεν
2884 5266 3041 5337 χορὸς
3093 5265 3384 5335 προφητῶν
3432 5263 3712 5333 θεηγόρων

2162 5360 2457 5429 μυστηρίου
2513 5360 2572 5411 τὸ
2603 5359 2785 5427 βάθος,
2818 5357 3174 5427 πολυτρόποις
3213 5359 3271 5408 tv
3333 5357 3535 5423 φωναῖς
3570 5352 3710 5406 Θεοῦ

2158 5449 2380 5517 Μητέρα
2398 5448 2566 5514 ἁγνήν
2601 5464 2657 5497 σε
2690 5447 2967 5516 κηρύττει,
2988 5446 3227 5511 πάναγνε
3262 5443 3563 5509 Θεόνυμφε.

2226 5620 2466 5685 Φυλάξας
2507 5620 2741 5691 ᾶφθορόν
2770 5637 2827 5671 σε
2864 5621 3000 5689 μετά
3024 5619 3240 5687 κύησιν,
3282 5617 3354 5679 ὡς
3390 5617 3499 5686 πρὸ
3544 5617 3710 5669 τόκου

2162 5711 2449 5781 παρῦένον,
2499 5716 2526 5765 ὁ
2566 5711 2935 5781 πλαστουργὸς
2991 5709 3206 5780 ᾤκησεν
3260 5709 3316 5761 ὲν
3365 5708 3545 5777 μήτρα
3592 5722 3710 5771 σου,
