3936 6304
135 308 289 372 1125

1566 325 1923 388 MARIALE.

3184 341 3317 404 1126

126 418 239 471 καὶ
304 420 428 482 τοὺς
490 421 789 493 φθαρέντας
822 426 888 495 τῇ
942 423 1115 495 πλάνῃ
1154 412 1573 500 ἑκαινούργησεν
1618 433 1662 486 ὡ

1794 436 1981 491 bitavit
2012 438 2066 490 in
2095 446 2249 493 utero
2271 446 2396 505 tuo;
2424 448 2477 495 et
2503 451 2755 512 tanquam
2786 444 2973 515 plenus
3004 448 3310 505 misericor-

124 505 525 579 εὔσπλαγχνος.

202 681 619 751 Σωματωθέντα
642 685 730 736 τὸν
763 658 935 755 ἀληθῆ
958 686 1125 755 Λόγον
1147 688 1242 742 τοῦ
1261 689 1468 757 [ἰατρὸς
1491 691 1555 743 ὲκ
1578 692 1680 745 τῶν

123 772 371 837 σεπτῶν,
404 775 542 842 ἁγνὴ
568 775 828 843 Παρθένε,
854 777 1094 845 αἱμάτων
1120 796 1229 844 σου,
1262 780 1481 843 τέτοκας
1505 784 1561 835 ἑν
1590 782 1681 836 δύο

121 860 369 924 τελείαις
425 861 636 931 φύσεσι,
676 864 775 931 μιᾷ
826 862 879 916 δὲ
938 866 1251 931 ὑποστάσει,
1300 864 1674 937 θεοχαρίτωτε.

104 1097 123 1106 _
211 1032 279 1085 '0
329 1033 508 1103 πάσης
568 1035 818 1090 ἐπέκεινα
852 1040 1140 1110 νοουμένης
1182 1042 1393 1113 ἀληθῶς
1424 1046 1514 1097 κα)⁸
1538 1045 1675 1115 όρω-

124 1121 308 1192 μένης
344 1124 572 1186 κτίσεως
619 1127 827 1197 μήτραν
852 1128 950 1197 τὴν
999 1130 1095 1200 σὴν
1125 1132 1287 1187 ὑπέδυ
1337 1134 1675 1205 παναληθῶς,

123 1214 227 1266 καὶ
284 1212 420 1281 σάρξ
480 1216 833 1285 ἐχρημάτισε,
863 1220 985 1283 τοὺς
1039 1221 1259 1291 βροτοὺς
1304 1226 1677 1292 ἀναπλάττων,

136 1302 230 1354 ’Δε
241 1302 522 1371 ιπάρθενε.

201 1390 355 1442 Μίαν
387 1392 618 1463 φέροντα
652 1393 944 1448 ὑπόστασιν
969 1394 1205 1465 ἐκύησας
1232 1397 1319 1449 τὸν
1346 1399 1533 1468 Λόγον,
1553 1403 1676 1471 Mq-

124 1479 491 1551 τροπάρθενε,
541 1483 732 1546 διπλάς
794 1485 984 1554 ἔχοντα
1032 1488 1129 1549 τὰς
1171 1486 1412 1556 θελήσεις
1466 1491 1557 1543 καὶ
1611 1491 1682 1545 τά

126 1569 338 1635 φυσικά
375 1571 535 1625 αὑτοῦ
580 1571 845 1642 ίδιώματα
875 1574 1079 1643 σαφῶς·
1116 1574 1247 1638 Θεὸς
1286 1577 1393 1647 γάρ
1430 1579 1544 1631 ἐστι
1587 1581 1680 1633 καὶ

125 1658 323 1728 βροτὸς
349 1663 376 1714 ὁ
401 1661 466 1714 δι’
497 1663 642 1732 ἡμᾶς
668 1666 982 1735 σαρκωθείς.

1782 523 1890 588 dia,
1925 539 2019 578 eos
2084 525 2176 592 qui
2224 524 2411 579 fraude
2438 526 2635 583 diaboli
2682 534 2917 608 corrupti
2968 533 3205 601 fuerant,
3235 537 3317 591 in-

1787 612 2050 666 stauravit
2085 627 2149 667 ac
2168 616 2461 669 renovavit.

1852 697 2045 752 Verum
2074 700 2247 756 Patris
2266 701 2517 769 Verbum,
2540 718 2603 758 ex
2630 706 2944 762 venerandis
2966 708 3314 777 sanguinibus

1781 788 1906 852 tuis,
1938 803 1970 841 ο
1994 788 2155 857 Virgo
2171 799 2340 854 casta,
2372 803 2707 861 corporatum
2731 799 2979 865 peperisti
3009 800 3063 851 in
3104 800 3313 853 duabus

1780 875 2028 943 perfectis
2064 882 2291 947 naturis,
2348 884 2503 938 unica
2554 894 2729 940 autem
2779 888 3089 957 bypostasi,
3123 905 3154 943 ο
3204 889 3313 944 Dco

1770 966 2117 1023 charissima.

1847 1055 1955 1120 ille,
1983 1058 2075 1127 qui
2107 1074 2229 1114 vere
2257 1070 2341 1114 est
2389 1076 2549 1132 supra
2592 1080 2803 1121 omnem
2833 1078 3152 1136 creaturam,
3184 1088 3305 1141 quae

1780 1143 1997 1214 intelligi
2034 1157 2125 1201 aut
2154 1150 2327 1204 videri
2383 1155 2590 1220 possit;
2616 1157 2891 1211 verissime
2920 1170 3126 1213 uterum
3162 1171 3311 1215 tuum

1778 1234 2050 1304 ingressus
2071 1247 2173 1303 est,
2194 1246 2246 1293 et
2278 1255 2403 1295 caro
2430 1243 2603 1299 factus
2636 1254 2736 1310 est,
2765 1256 2825 1300 ut
2848 1246 3093 1302 homines
3141 1250 3311 1305 refor-

1782 1332 1973 1389 maret,
2004 1339 2037 1379 o
2062 1324 2224 1397 Virgo
2252 1340 2527 1398 perpetua.

1852 1411 2085 1469 Verbum
2144 1417 2354 1472 unicam
2413 1419 2615 1476 habens
2668 1422 3022 1494 bypostasim,
3076 1426 3314 1496 duasque

1778 1501 2097 1563 voluntates.
2127 1512 2181 1559 et
2207 1509 2471 1562 naturalia
2498 1512 2667 1578 ipsius
2689 1513 2963 1580 idiomata,
3006 1516 3310 1578 manifeste.

1778 1593 2051 1659 peperisti,
2075 1609 2107 1648 ο
2140 1595 2304 1651 Mater
2331 1597 2493 1666 Virgo
2524 1619 2536 1655 :
2589 1601 2728 1659 Deus
2756 1605 2897 1659 enim
2925 1615 3009 1661 est
3039 1617 3092 1661 et
3122 1609 3306 1672 homo,

1778 1681 1869 1749 qui
1897 1693 2113 1751 propter
2146 1700 2243 1739 nos
2265 1686 2576 1745 incarnatus
2604 1702 2703 1747 est.

208 1747 607 1819 Ῥητορεύουσα
667 1752 883 1819 γλῶσσα
951 1754 1044 1807 τοῦ
1101 1758 1395 1828 μυστηρίου
1456 1775 1548 1811 σου
1614 1758 1667 1812 τὸ

1796 1747 1809 1749 -
1844 1747 2050 1839 Lingua
2082 1776 2425 1841 quantumvis
2453 1778 2709 1847 eloquens
2735 1795 2797 1836 ac
2825 1783 3027 1838 diserta
3051 1801 3155 1839 non
3197 1802 3297 1855 po-

121 1837 442 1907 ἀτυόρῤητον
460 1838 620 1907 βάθος
642 1844 813 1896 εἰπεῖν
842 1844 901 1897 ού
942 1845 1179 1899 δύναται.
1207 1848 1376 1915 Λόγον
1403 1851 1508 1920 γάρ
1541 1850 1673 1904 Θεὸν

121 1928 269 1997 ὑπὲρ
292 1929 447 1997 λόγον
482 1931 739 2001 ὲκύησας,
774 1935 1010 2005 πάναγνε
1050 1936 1307 2006 Παρθένε,
1351 1942 1428 2004 είς
1460 1942 1674 1998 πάντων

127 2021 429 2090 σωτηρίαν.

193 2110 348 2180 Φωνῇ
403 2110 631 2179 ἀγγέλου
672 2114 897 2180 τέτοκας
949 2118 1038 2171 τὸν
1089 2119 1319 2189 ἄναρχον
1364 2120 1530 2189 Λόγον
1578 2121 1674 2174 λα-

121 2197 287 2251 ϐόντα
324 2200 502 2269 σάρκα
542 2203 721 2257 ἔννουν
749 2223 805 2258 τε
840 2208 931 2260 καὶΙ
962 2208 1217 2279 ἔμψυχον,
1248 2212 1486 2281 Παρθένε
1537 2229 1673 2265 παν-

120 2288 277 2354 αγία,
329 2291 392 2343 ὲκ
414 2292 526 2345 τῶν
550 2294 802 2367 καθαρῶν
829 2300 1072 2368 αἱμάτων
1101 2317 1213 2365 σου,
1237 2302 1329 2354 καὶ
1352 2303 1475 2364 τοὺς
1503 2303 1672 2372 ἀσάρ-

120 2395 252 2441 κους
278 2381 504 2451 ἐχθροὺς
546 2386 968 2455 καταδαλλόντα,
994 2390 1087 2441 καὶ¹
1109 2390 1354 2444 σώσαντα
1378 2393 1520 2461 ἡμᾶς
1539 2393 1669 2445 πάν-

121 2484 224 2531 τας
254 2472 380 2533 τοὺς
406 2472 575 2544 ἀληθῆ
609 2476 864 2531 Θεοτόκον
890 2480 1282 2548 ὁμολογοῦντάς
1308 2498 1386 2533 σε.

134 2623 236 2676 Ἐκ
258 2625 363 2678 τοῦ
385 2628 641 2702 κανόνος
663 2632 904 2702 εις-,τοὺς
926 2633 1129 2701 ἁγίους
1142 2628 1443 2702 μάρτυρας
1473 2637 1670 2701 Ἀλέξ-

366 2696 585 2763 ανδρον
613 2702 712 2751 καὶ
757 2696 1123 2768 Ἁντωνῐναν,
1365 2712 1417 2758 ι’.

206 2821 265 2872 ’0
290 2822 690 2894 δημιουργήσας
734 2828 809 2893 ὡς
851 2828 981 2895 Θεὸς
1012 2832 1108 2897 τὰς
1138 2834 1398 2904 ἀοράτους
1415 2835 1668 2905 δυνάμεις

123 2909 444 2980 βουλήματι,
486 2916 640 2985 ἔσχεν
662 2916 736 2980 ώς
754 2920 932 2972 αίτίαν
958 2937 1015 2973 σε
1039 2923 1137 2989 τῆς
1165 2924 1299 2994 πρὸς
1325 2925 1493 2993 ἡμᾶς,
1517 2926 1666 2995 Παρ-

1776 1864 1879 1911 test
1896 1857 2215 1913 ineﬂ'abilem
2235 1865 2467 1931 mystcrii
2491 1867 2565 1919 tui
2584 1867 2996 1934 profunditatem
3012 1877 3303 1944 explicare:

1774 1944 2003 1999 Verbum
2029 1948 2169 2001 enim
2193 1949 2283 2003 Dei
2324 1962 2484 2021 supra
2530 1956 2753 2009 verbum
2806 1963 3056 2028 genuisti,
3090 1980 3121 2017 ο
3147 1964 3308 2035 Virgo

1773 2034 2095 2102 castissima,
2119 2038 2174 2091 in
2204 2038 2432 2093 salutem
2463 2042 2858 2098 universorum.

1805 2122 2069 2179 Mediante
2090 2140 2219 2181 voce
2240 2129 2411 2197 angeli
2434 2130 2683 2197 peperisti
2699 2130 2935 2187 Verbum
2959 2150 3148 2191 carens
3164 2138 3311 2205 prin-

1772 2214 1931 2281 cipio,
1970 2215 2112 2283 quod
2134 2230 2349 2270 carnem
2378 2220 2579 2287 accepit
2599 2231 2773 2275 mente
2796 2233 2955 2292 atque
2977 2225 3156 2279 anima
3181 2244 3313 2294 pra:-

1770 2301 1937 2356 ditam
1962 2318 2029 2357 ex
2074 2306 2176 2359 tuis
2204 2307 2353 2373 puris
2386 2308 2762 2375 sanguinibus,
2797 2325 2827 2365 ο
2867 2311 3030 2381 Virgo
3082 2316 3312 2368 sanctis-

1769 2390 1935 2454 sima;
1976 2391 2265 2460 hostesque
2316 2393 2497 2446 carnis
2552 2406 2800 2463 expertes
2855 2398 3067 2461 devicit,
3109 2414 3311 2468 nosque

1770 2490 1956 2533 omnes
1989 2479 2232 2543 salvavit,
2264 2479 2355 2549 qui
2386 2489 2435 2533 te
2460 2496 2639 2535 veram
2670 2481 2951 2552 Deiparam
2975 2487 3306 2540 conﬁtemur.

1775 2627 1929 2696 122
1952 2627 2034 2681 Ea:
2064 2627 2273 2682 Conone
2292 2630 2353 2703 in‘
2379 2630 2509 2703 festo
2536 2629 2631 2684 SS.
2677 2644 2964 2703 martyrum
2992 2637 3305 2701 Alexandri,

2232 2708 2281 2751 et
2320 2698 2616 2764 Antonium,
2644 2702 2727 2755 die
2755 2698 2839 2773 ω.

1840 2832 1943 2897 Qui
1970 2833 2171 2887 creavit
2196 2841 2453 2903 tanquam
2481 2834 2624 2891 Deus
2663 2838 2960 2895 invisibiles
3008 2852 3303 2910 potestates

1768 2922 1981 2978 decreto
1998 2937 2116 2989 suo,
2145 2924 2331 2979 habuit
2354 2935 2404 2979 te
2428 2935 2680 2996 tanquam
2716 2944 2935 2984 causam
2967 2930 3311 2988 reformatiov

122 2997 265 3061 θένε,
297 3003 669 3069 ἀνακλάσεωςο
705 3007 890 3063 τοῦτον
928 3005 1022 3064 οὖν
1056 3010 1291 3064 δυσώπει
1335 3014 1425 3066 τὸν
1462 3013 1665 3084 κόσμον

1773 3011 1848 3065 nis
1872 3021 2089 3077 nostrae,
2124 3028 2155 3065 ο
2181 3012 2365 3083 Virgo.
2400 3015 2553 3069 Hunc
2601 3032 2733 3088 ergo
2764 3035 2951 3085 exora,
2972 3023 3307 3077 ointemera-

122 3084 320 3149 σῶσαι,
353 3091 677 3162 παναμωμε.

1773 3101 1995 3164 tissima.
2031 3118 2129 3171 pro
2156 3078 2343 3158 mundi
2371 3108 2569 3161 salute.
3042 3188 3045 3189 ν
3323 3186 3327 3189 ὶ

189 3177 462 3244 Παρθένος
498 3185 745 3255 κυήσασα
781 3186 911 3239 Θεὸν
939 3188 1155 3260 ὡράθιης
1193 3191 1329 3261 μετά
1385 3193 1661 3263 γέννησιν,

1832 3192 1967 3246 Cum
1996 3192 2161 3247 Deum
2204 3196 2505 3263 genuisses,
2536 3206 2655 3265 post
2681 3208 2891 3266 partum
2920 3188 3083 3269 Virgo
3134 3216 3302 3270 appa-

120 3266 213 3317 καὶ
240 3266 335 3318 σοῦ
380 3271 439 3319 τὸ
465 3269 624 3336 θεῖον,
660 3274 913 3342 ἀχραντε,
948 3277 1236 3345 πρόσωπον
1276 3281 1425 3349 χοροὶ
1460 3281 1665 3350 παρθι-

1773 3280 1941 3346 rulsti,
1966 3296 1997 3333 ο
2020 3281 2330 3350 impolluta;
2360 3283 2714 3354 divinumque
2743 3287 2948 3340 vultum
2975 3266 3125 3342 tuum
3148 3266 3302 3345 έιιότί

120 3370 224 3405 νων
244 3354 340 3407 νῦν
372 3356 725 3427 λιτανεύουσι,
765 3364 884 3433 μεθ’
918 3360 992 3419 ὧν
1040 3367 1169 3436 ἡμῖν
1196 3368 1411 3438 αίτησαι
1445 3370 1666 3439 ἱλασμὸν

1773 3370 2033 3439 virginum
2078 3385 2218 3424 nunc
2277 3371 2655 3440 deprecantur,
2691 3390 2812 3429 cum
2859 3367 3054 3445 quibus
3098 3381 3307 3447 pustula

118 3446 210 3497 καὶ
235 3444 402 3511 ἕλεος,
434 3450 526 3502 καὶ
550 3451 736 3505 δεινῶν
765 3456 996 3526 παντελῆ
1024 3458 1417 3527 ἀπολύτρωσιν.

1773 3475 1860 3529 pro
1898 3460 2055 3515 nobis
2080 3462 2511 3531 propitiationem
2571 3472 2625 3516 et
2653 3444 3112 3543 miscricordiam,
3129 3477 3181 3521 et
3196 3481 3310 3520 oni—

613 3557 625 3577 '
1765 3551 2038 3604 nimodam
2070 3568 2099 3605 a
2132 3552 2290 3606 malis
2308 3552 2704 3606 liberationem.

198 3621 286 3684 Ὠς
315 3622 531 3692 ἔχουσα,
560 3627 896 3699 πανύμνητε,
926 3632 1077 3699 ἰσχύν
1117 3649 1176 3684 σε
1206 3634 1300 3685 καὶ
1337 3635 1663 3705 στήριγμαή

1833 3639 1966 3692 Cum
1997 3641 2266 3694 Antoniua
2292 3641 2511 3693 haberet
2541 3652 2610 3704 te,
2643 3657 2675 3694 o
2700 3642 2845 3696 omni
2889 3644 3043 3698 laude
3101 3645 3309 3714 dignis-

128 3710 435 3779 ’Avrwviva,
486 3722 742 3786 καρτερεῖ
786 3721 854 3771 τὰ
896 3721 1133 3793 δυσαχθῆ
1180 3726 1271 3776 καὶ
1299 3723 1542 3795 θλισερά,
1572 3726 1663 3778 καὶ

1773 3728 1919 3792 sima,
1951 3727 2314 3783 fortitudinem
2348 3744 2411 3783 ac
2437 3725 2831 3796 fulcimentum,
2851 3732 3093 3785 toleravit
3120 3710 3309 3801 aspera

116 3800 303 3863 ῥίπτει
332 3802 421 3856 τὸν
466 3805 726 3875 τύραννον
758 3810 850 3862 καὶ
881 3814 1151 3881 συμπατεί
1198 3813 1355 3866 ποσὶν
1410 3814 1654 3884 ὡραίοις,

116 3890 181 3955 τῇ
212 3890 393 3957 χάριτι
422 3893 512 3945 τοῦ
540 3897 603 3946 ἐκ
659 3896 847 3965 νηδύος
881 3914 974 3950 σου
1035 3899 1207 3951 Λόγου
1264 3900 1659 3970 ἐκλάμψαντος.

187 4073 474 4129 Κατάὸαλε
497 4078 622 4140 τοὺς
644 4079 729 4131 ἀεὶ
751 4080 1116 4151 πολεμοῦντας
1156 4101 1222 4154 με
1266 4084 1545 4154 δαίμονας,
1570 4087 1663 4139 καὶ

116 4162 390 4232 ἄπρακτον
413 4166 509 4237 τὴν
528 4167 719 4239 βουλὴν
746 4172 922 4225 αὐτῶν
946 4174 1188 4241 ποίησον,
1216 4176 1471 4245 ἀχραντε,
1486 4178 1663 4249 ἀτρωο

115 4254 202 4307 τόν
274 4273 342 4325 με
390 4258 633 4321 σώζουσα
670 4262 766 4331 τῆς
828 4265 1149 4333 προσδοκίας
1204 4268 1428 4332 τούτων,
1484 4269 1656 4338 Κόρη,

114 4344 259 4408 ὅπως
289 4348 376 4398 ἀεὶ
407 4350 691 4418 μακαρίζω
718 4368 799 4407 σε.

181 4434 541 4507 Νενέκρωμαι
568 4440 751 4512 ψυχὴν,
788 4447 903 4507 ταῖς
940 4447 1329 4518 παραϐάσεσιν,
1370 4450 1659 4519 ἐπίσκεψαι

109 4514 203 4592 με,
238 4525 475 4589 ζώωσον,
526 4531 623 4599 τὴν
669 4531 813 4605 ζωὴν
857 4514 1212 4607 ἀποκυήσασα
1240 4541 1492 4608 Χριστὸν,
1524 4514 1588 4593 ὃν⁷
1609 4542 1658 4593 oi

114 4616 351 4678 εὐκλεεῖς
397 4622 875 4694 μεγαλομάρτυρες
932 4628 1147 4681 πάντων
1206 4629 1359 4695 Θεὸν,
1390 4628 1657 4699 Παρθενο-

118 4707 310 4778 μῆτορ,
345 4711 823 4783 καθωμολόγησαν.

183 4894 396 4962 Ὥσπερ
422 4900 543 4959 τοὺς
567 4901 713 4967 τρεῖς
736 4895 926 4961 πᾶἰδας
976 4900 1036 4951 οὺ
1086 4900 1380 4968 κατέφλεξε
1433 4900 1657 4972 κάμινος

120 4984 150 5051 ἡ
178 4983 486 5054 Χαλδαῖκὴ,
516 4988 709 5053 οὕτως,
734 4990 989 5059 ἀχραντε,
1021 4990 1119 5060 σὴν
1148 4992 1305 5061 νηδὺν
1338 4992 1447 5062 πῦρ
1474 4992 1533 5044 τὸ
1562 4994 1657 5061 τῆς

116 5074 363 5142 θεότητος
403 5076 663 5143 ἄφλεκτον
692 5063 973 5150 ἐτήρησεν,
1010 5082 1151 5134 ἀλλὰ.
1202 5080 1310 5151 βοῶ
1341 5099 1441 5135 σοι·
1474 5082 1655 5136 Κατά-

116 5162 303 5227 φ).εξον
338 5161 467 5234 ὕλην
492 5167 692 5237 πικρὰν
712 5168 819 5221 τῶν
849 5170 1031 5223 παθῶν
1066 5188 1189 5241 μου,
1220 5171 1378 5241 ἁγνὴ,
1406 5172 1551 5235 ὅπως
1584 5171 1661 5223 δο-

113 5252 256 5316 ξάζω
288 5272 368 5310 σε.

195 5347 594 5419 Ἀπειράνδρως
617 5351 841 5412 τέτοκας
855 5353 984 5405 Θεὸν
996 5354 1126 5423 ἡμῖν
1143 5354 1487 5423 ὁμοιωθέντα,
1514 5356 1660 5423 Παρ-

118 5435 253 5501 θένε,
286 5437 345 5489 ὃν
380 5439 706 5507 ὲκδυσώπει,
751 5445 1148 5514 παναμώμητε,
1192 5445 1277 5497 ἀεὶ
1310 5445 1479 5501 σῶσαι
1537 5448 1661 5509 τοὺς

118 5528 516 5598 κραυγάζοντας
538 5549 552 5563 ⁸
588 5532 890 5603 Εὑλογεῖτε,
928 5536 1101 5589 πάντα
1132 5536 1198 5589 τὰ
1229 5536 1383 5607 ἔργα,
1437 5537 1657 5606 Κύριον.

1760 3833 1825 3871 ac
1848 3812 1989 3872 °dura
2025 3819 2289 3887 supplicia
2312 3818 2573 3887 ;projecit
2603 3829 2912 3889 tyrannum,
2941 3824 3307 3876 conculcavit-

1762 3923 1867 3977 que
1893 3923 2015 3962 eum
2053 3907 2275 3977 pedibus
2310 3908 2593 3977 speciosis,
2627 3912 2897 3965 mediante
2942 3913 3112 3982 gratia
3161 3913 3306 3967 illius

1763 3998 1942 4063 Verbi,
1979 4000 2122 4067 quod
2154 4014 2217 4052 ex
2254 4009 2406 4052 utero
2433 4008 2526 4053 tuo
2549 4002 2875 4054 coruscavit.

1831 4088 2031 4158 Dejicc,
2055 4105 2087 4143 ο
2117 4090 2485 4156 immaculata,
2514 4092 2800 4157 daemones,
2832 4095 2923 4162 qui
2944 4109 3028 4148 me
3049 4103 3308 4163 perpetuo

1761 4189 2092 4248 oppugnant,
2128 4190 2177 4234 et
2200 4180 2409 4233 irritum
2434 4182 2592 4235 redde
2609 4182 2892 4235 consilium
2911 4198 3129 4247 eorum;
3153 4200 3306 4237 serva

1760 4285 1845 4324 me
1868 4270 2091 4323 illmsum
2116 4285 2143 4321 a
2165 4270 2402 4335 vulnere,
2430 4280 2620 4338 praeter
2640 4288 2786 4340 spent
2810 4289 3019 4337 eorum,
3042 4289 3074 4327 ο
3098 4274 3299 4335 Puella,

1691 4391 1738 4449 Β
1763 4370 1822 4415 ιιι
1858 4369 1907 4414 te
1932 4376 2143 4429 semper
2165 4362 2485 4415 beatiticem.

1829 4452 2077 4505 Animam
2107 4454 2620 4521 transgressionibus
2653 4455 3029 4524 interemptam
3063 4472 3126 4510 ac
3157 4472 3304 4509 mor-

1758 4549 1905 4594 tuam
1968 4542 2138 4596 habeo
2171 4560 2184 4595 :
2229 4544 2383 4596 visita
2418 4553 2471 4597 et
2520 4546 2730 4599 vivifica
2762 4562 2867 4608 me,
2902 4557 2955 4600 tu
2993 4563 3110 4615 quae
3143 4552 3306 4600 vitam

1758 4632 2035 4686 Christum
2066 4636 2345 4702 peperisti,
2372 4651 2529 4703 quem
2566 4636 2801 4691 illustres
2845 4638 3130 4706 magnique
3160 4652 3304 4690 mar-

1760 4727 1904 4789 tyres
1938 4721 2181 4775 omnium
2231 4720 2399 4776 Deum
2460 4738 2583 4777 esse
2609 4723 2843 4781 confessi
2873 4734 3028 4786 sunt,
3081 4740 3112 4778 ο
3140 4723 3305 4793 Virgo

1756 4807 1947 4863 Mater.

1828 4900 2291 4965 Quemadmodum
2329 4913 2436 4959 tres
2484 4919 2677 4974 pueros
2708 4918 2815 4957 non
2866 4904 3162 4958 combussit
3202 4906 3306 4959 for-

1757 5005 1860 5043 nax
1891 4990 2175 5046 Chaldaica
2199 5031 2213 5054 ,
2256 4993 2326 5046 ita
2361 5004 2570 5047 uterum
2604 5003 2776 5058 tuum,
2800 5007 2832 5046 0
2865 4994 3145 5057 inviolata,
3168 4996 3304 5045 divi-

1760 5080 1941 5135 nitatis
1974 5082 2114 5149 ignis
2146 5083 2541 5137 incomhustum
2567 5084 2819 5137 servavit.
2854 5082 2963 5155 Ego
2982 5099 3107 5138 vero
3136 5085 3306 5135 clamo

1758 5169 1824 5222 ad
1850 5179 1899 5223 te
1929 5188 1941 5221 :
1979 5170 2249 5225 Combure
2290 5188 2527 5225 amaram
2560 5173 2765 5242 sylvam
2796 5175 3107 5244 passiOnum
3155 5189 3303 5226 nica-

1760 5275 1903 5325 rum,
1935 5276 1966 5314 o
1987 5272 2156 5325 casta,
2191 5273 2246 5316 ut
2276 5272 2325 5315 te
2361 5263 2677 5331 gloriﬂcem.

1827 5351 2041 5419 Absque
2066 5352 2167 5405 viri
2193 5354 2518 5421 experientia
2542 5354 2708 5408 Deum
2749 5358 3017 5425 peperisti,
3056 5370 3087 5407 ο
3118 5354 3302 5419 Virgo,

1761 5439 1960 5494 factum
1993 5442 2224 5496 similem
2266 5443 2460 5510 nobis;
2488 5460 2648 5513 quem
2690 5448 2997 5515 suppliciter
3018 5461 3175 5496 exora
3216 5461 3305 5495 us-

1764 5533 1938 5596 sidue,
1972 5549 2004 5585 o
2037 5532 2206 5587 libera
2239 5533 2305 5587 ab
2340 5536 2486 5587 omni
2529 5538 2763 5598 macula,
2804 5546 2859 5587 ut
2888 5537 3056 5588 satvct
3079 5549 3190 5595 vos,
3219 5534 3305 5599 qui

1764 5622 1994 5678 clamant
2017 5643 2029 5677 :
2074 5623 2407 5690 Benedicitc,
2428 5626 2581 5697 123
2594 5629 2773 5683 omnia
2795 5640 2975 5694 onera,
3000 5624 3302 5680 Dominum.
