3936 6304
615 346 748 415 1127

1745 359 1805 419 S.
1846 358 2158 419 JOSEPHI
2196 361 2748 423 HYMNOGRAPHI

3701 375 3807 440 tm

674 456 719 513 Ο
747 460 1082 522 castissima,
1110 460 1245 513 oriri
1276 460 1360 516 iac
1393 464 1527 517 mihi
1559 481 1703 522 nunc
1734 469 1787 521 in
1813 469 2048 524 tenebris
2080 485 2163 524 so-

2347 477 2465 539 Φῶς
2493 494 2580 547 μοι
2607 476 2682 544 τῷ
2710 478 2976 548 κειμένῳ,
3006 477 3265 548 πάναγνε,
3290 481 3347 536 ἐν
3376 482 3641 553 ἀμελείας
3662 493 3806 546 σκύτει

604 549 804 602 eordiae
832 549 1058 617 jacenti,
1090 550 1289 614 lucem,
1340 568 1448 620 qua
1476 556 1744 613 dissolvas
1775 560 1967 622 nubes,
1998 575 2170 615 excae-

603 647 789 691 cautes
839 649 1071 691 mentem
1126 655 1297 692 meam
1335 681 1349 704 ,
1390 658 1452 697 ac
1521 657 1782 714 perpetuo
1845 649 2167 702 altissimam

607 727 837 795 quietem
867 742 1165 795 pacemque
1200 733 1468 787 concedas
1496 736 1692 790 anima:
1729 752 1878 800 mete,
1911 747 1969 791 ut
1999 738 2170 806 glori-

606 817 764 870 ﬁcare
793 819 995 885 possim
1031 828 1101 880 te,
1129 834 1160 872 ο
1193 823 1575 880 mundissima.

2277 566 2371 618 νῦν
2427 566 2784 632 ὲξανάτειλον,
2820 569 2890 622 τὰ
2953 570 3255 639 τυφλοῦντά
3302 590 3405 641 μου
3456 575 3551 628 τὸν
3584 577 3807 650 λογισμὸν

2277 656 2411 723 νέφη
2441 654 2661 719 λύουσα,
2692 659 2786 710 καὶ
2841 661 3067 731 είρήνην
3114 661 3356 732 βαθεῖαν,
3396 666 3720 737 πανάμωμε,
3745 675 3808 726 ἀεὶ

2275 744 2616 816 ἐργαζομένη
2644 750 2701 800 ὲν
2729 751 2793 818 τῇ
2822 749 2963 820 ψυχῇ
2993 769 3116 820 μου,
3144 753 3238 806 τού
3270 753 3515 818 δοξάζειν
3548 772 3630 811 σε.

1056 932 1139 985 Ea:
1162 935 1372 990 Canone
1412 939 1464 991 in
1493 939 1596 993 SS.
1618 951 1900 1009 martyres,
1945 941 2237 1010 Meletium,
2265 943 2587 1012 Stephanum
2627 955 2673 1011 et
2706 944 2983 1010 Joannem,
3016 948 3100 1001 die
3130 950 3374 1022 10(65⁶¹).

676 1016 1050 1079 Venérandum
1091 1029 1426 1098 virginitatis
1467 1043 1902 1099 monumentum,
1939 1032 2183 1091 montem'

587 1132 726 1169 'vere
749 1132 775 1169 a
797 1118 1037 1186 lapicidas
1072 1136 1234 1174 manu
1282 1124 1562 1189 intactum,
1601 1124 1831 1192 Spiritus
1863 1115 2178 1182 sancti‘tbu-

603 1207 863 1270 ribulum,
890 1207 982 1260 Dei
1009 1221 1261 1274 matrem,
1292 1213 1720 1269 orthodoxorum
1750 1216 2001 1284 gloriam,
2043 1219 2175 1274 ﬁde-

604 1298 678 1351 les
708 1300 947 1354 universi
990 1302 1379 1359 beatilicemus.

675 1390 1033 1460 Corporatum
1069 1392 1242 1450 Patris
1281 1395 1805 1454 Verbum-inell'abili
1837 1403 2047 1456 ratione
2073 1418 2166 1472 ge-

605 1482 792 1546 nuisti,
822 1501 852 1536 ο
877 1499 1008 1551 pura
1045 1483 1296 1553 Deipara,
1335 1489 1546 1541 unitum
1578 1490 1894 1547 hominibus
1925 1503 2164 1563 propter

604 1587 872 1625 summam
905 1573 1203 1628 bonitatem
1234 1590 1422 1640 suam;
1457 1581 1600 1647 quod
1651 1582 1810 1636 enixe
1837 1598 2080 1652 precare,
2106 1594 2164 1639 ut

597 1675 782 1715 servos
813 1671 935 1716 tuos
960 1679 987 1715 a
1020 1664 1276 1731 periculis
1309 1667 1529 1735 eripiat.
1910 1678 1914 1682 “

2281 1037 2724 1100 temeratissima,
2765 1047 2816 1090 tu
2857 1054 2976 1106 quae
3015 1040 3178 1094 vitam
3219 1045 3498 1112 peperisti,
3533 1060 3588 1100 et
3634 1053 3808 1118 passio-

2277 1145 2404 1183 num
2443 1136 2812 1196 tempestatem
2848 1131 2898 1182 in
2937 1134 3376 1200 tranquillitatem
3412 1152 3711 1214 commuta,
3739 1157 3805 1193 al-

2273 1235 2378 1288 que
2407 1230 2523 1273 esto
2556 1220 2688 1272 mihi
2717 1219 2975 1287 adjutrix,
3002 1223 3067 1276 ab
3095 1225 3258 1293 hujus
3288 1226 3410 1280 vitae
3437 1231 3698 1295 periculis
3718 1239 3802 1289 eri-

2270 1311 2432 1379 piens
2453 1326 2558 1364 me.

2342 1400 2556 1457 Peccati
2612 1407 2723 1461 luto
2776 1426 2858 1463 me
2886 1429 3032 1469 nunc
3067 1417 3293 1470 inﬁxum
3325 1418 3494 1487 erige,
3551 1432 3584 1471 0
3626 1418 3804 1486 Sponsa

2270 1494 2382 1560 Dei,
2423 1500 2536 1550 sola
2574 1498 2664 1552 Dei
2704 1501 2975 1569 Genitrix,
3029 1516 3082 1560 et
3120 1509 3289 1580 dirige
3325 1511 3388 1563 ad
3422 1511 3805 1578 impassibilita-

2269 1593 2397 1647 tem,
2429 1586 2639 1641 intense
2672 1592 2829 1663 124
2855 1594 3196 1660 clamantem,
3226 1611 3332 1653 etc.

2345 1674 2732 1748 Praeligurabat
2751 1691 2802 1735 te
2824 1685 2992 1739 rubus
3021 1687 3128 1752 ille,
3159 1690 3249 1757 qui
3277 1692 3405 1744 olim
3439 1691 3613 1764 Moysi
3645 1705 3804 1748 osten-

665 1748 834 1816 Leges
861 1762 1068 1806 natura:
1108 1754 1160 1806 in
1195 1763 1247 1807 te
1277 1754 1612 1811 innovantur
1641 1778 1654 1825 ;
1689 1777 1814 1815 nam
1848 1762 1980 1832 legis
2008 1763 2164 1817 dato‘
2199 1772 2239 1826 Β
2269 1782 2363 1821 sus
2400 1777 2503 1833 est,
2538 1770 2665 1824 dum
2711 1775 2946 1840 arderet,
2982 1786 3034 1830 et
3077 1794 3184 1832 non
3212 1782 3634 1838 combureretur
3663 1804 3674 1838 :
3702 1803 3804 1840 vere

597 1854 708 1893 rem
746 1855 867 1894 vere
896 1843 1172 1909 peperisti,
1206 1845 1298 1913 qui
1324 1848 1592 1903 universis
1623 1851 1746 1904 vita:
1779 1853 1924 1921 leges
1959 1855 2163 1908 consti-

597 1930 717 1995 tuit,
753 1939 806 1984 et
831 1943 1176 2000 peccatorum
1201 1946 1390 1990 contra
1415 1939 1584 2008 legem
1604 1945 2022 1998 commissorum
2059 1945 2162 1999 llu-
2191 1984 2198 1988 -

595 2021 715 2074 vios
738 2024 1020 2089 repressit,
1055 2038 1087 2076 ο
1117 2023 1284 2092 Virgo
1316 2030 1464 2082 omni
1496 2046 1559 2084 ex
1583 2043 1734 2100 parte
1763 2034 1987 2100 illibata,
2017 2051 2162 2091 mar-

542 2177 543 2180 η
598 2120 777 2179 tyrum
821 2113 1015 2181 gloria,
1042 2122 1095 2167 et
1129 2115 1368 2171 ﬁdelium
1410 2120 1562 2174 salus
1602 2131 1655 2174 et
1677 2123 1945 2191 gloriatio.

673 2202 1070 2257 Solidissimam
1123 2206 1384 2274 gloriam,
1419 2212 1600 2278 regale
1656 2225 2016 2286 sanctumque
2066 2232 2162 2272 ve-

540 2286 543 2290 ’
602 2289 865 2355 hiculum,
921 2294 1219 2348 thalamum
1269 2296 1397 2363 Dei,
1434 2310 1673 2366 pontem,
1711 2306 2160 2361 transmittentem

597 2397 788 2434 omnes
813 2385 876 2435 ad
912 2383 1299 2440 immateriales
1341 2392 1652 2445 mansiones
1677 2432 1690 2454 ,
1727 2397 1954 2458 mundix
1975 2401 2160 2467 propi-

598 2475 895 2538 tiatorium,
931 2476 1201 2543 Virginem
1239 2476 1463 2530 Mariam
1514 2480 1767 2536 laudibus
1798 2485 2154 2540 celebremus.

661 2565 923 2619 Mortiﬁca
982 2568 1166 2621 carnis
1201 2584 1331 2622 meae
1378 2570 1724 2625 lascivientes
1754 2586 1955 2639 motus,
1993 2591 2024 2629 o
2067 2577 2151 2629 in-

595 2722 677 2777 EJ:
707 2722 915 2778 Canone
961 2727 1015 2777 in
1066 2726 1196 2793 {esto
1258 2727 1316 2781 S.
1351 2730 1586 2797 Acylinw
1625 2736 1898 2802 martyris,
1947 2736 2032 2787 die
2071 2736 2156 2790 15.

666 2919 767 2984 Qui
798 2935 919 2974 cum
974 2921 1132 2976 Patre
1158 2924 1411 2993 principii
1447 2938 1669 2995 experte
1701 2929 1863 2983 simul
1906 2931 2160 3002 intelligi-

2271 1857 2436 1921 enim,
2473 1872 2506 1911 o
2542 1860 2867 1928 castissima,
2911 1865 3212 1922 divinitatis
3238 1870 3413 1937 ignem
3449 1876 3702 1940 portasti,
3731 1879 3804 1944 qui

2271 1959 2322 2006 te
2340 1952 2484 2006 nulla
2502 1968 2566 2007 ex
2584 1963 2736 2022 parte
2758 1956 3054 2013 combussit
3076 1976 3090 2024 ;
3116 1961 3203 2013 cui
3225 1962 3472 2030 cum_lide
3492 1964 3802 2020 clamamus:

2269 2039 2449 2109 Pueri,
2469 2043 2914 2112 benedicite,fetc.

2340 2134 2526 2188 Amica
2583 2135 2848 2190 bonorum
2901 2137 3083 2208 Virgo,
3127 2157 3246 2210 qua
3284 2144 3485 2198 bonum
3545 2145 3802 2200 Dominum

2273 2238 2337 2277 ac
2382 2224 2778 2279 dominatorem
2831 2230 3116 2297 peperisti,
3170 2232 3408 2286 animam
3458 2249 3638 2287 meam
3685 2251 3805 2289 nunc

2271 2314 2614 2368 multitudine
2645 2317 2910 2370 malorum
2945 2321 3206 2384 vitiatam,
3241 2331 3495 2391 tanquam
3542 2323 3678 2377 bona
3720 2325 3798 2378 bo-

2268 2418 2391 2455 nam
2424 2403 2592 2467 eliice,
2625 2414 2678 2458 et
2707 2421 2737 2458 a
2789 2407 2988 2463 duritie
3012 2426 3115 2479 qua
3143 2428 3288 2466 nunc
3317 2413 3614 2475 detinetur,
3665 2415 3802 2467 libera

2264 2505 2382 2545 cam
2423 2493 2678 2560 precibus
2706 2496 2838 2565 tuis,
2871 2507 2931 2554 ut
2961 2507 3012 2554 te
3037 2501 3153 2556 sine
3181 2503 3800 2572 cessationemagniﬂeet.

2279 2742 2379 2794 Ἐκ
2401 2742 2506 2794 τοῦ
2539 2745 2804 2810 Κανόνος
2837 2748 2920 2810 εἰς
2952 2746 3266 2820 τὴν-ἁγίαν
3280 2751 3556 2820 μάρτυρα
3596 2754 3798 2805 Ἀκυλλ-

2806 2830 2940 2880 ww.
2971 2816 3157 2884 ἡμέρᾳ
3186 2820 3270 2886 ιγ’-

2349 2942 2405 2994 'O
2437 2943 2514 3011 τῷ
2561 2945 2781 3014 ἀνάρχῳ
2818 2949 2989 3017 Πατρὶ
3035 2949 3418 3019 συννοούμενος
3481 2952 3652 3004 ὑπέδυ
3709 2953 3797 3024 μή·

604 3018 714 3074 tur,
757 3011 1036 3080 ingressus
1071 3025 1153 3068 est
1190 3024 1401 3067 uterum
1433 3027 1605 3082 tuum,
1643 3035 1673 3073 ο
1707 3020 1874 3074 Maria
1930 3021 2039 3075 Deo
2061 3009 2156 3077 lde-

2269 3049 2388 3099 τραν
2442 3009 2537 3102 την
2596 3009 3017 3103 σὴνῃάνθρωπος
3069 3009 3358 3108 γενόμενος
3389 3009 3412 3104 ,⁷
3470 3045 3568 3094 καί
3621 3009 3798 3095 ἔσωσεν

603 3106 884 3163 sponsata,
916 3098 1092 3153 factus
1125 3101 1309 3162 homo,
1348 3113 1398 3155 et
1433 3104 1657 3157 salravit
1693 3121 1813 3171 nos,
1848 3108 1937 3176 qui
1968 3125 2163 3163 succu-

597 3185 892 3241 bueramus
940 3189 1181 3250 malitiae,
1215 3198 1268 3243 et
1301 3195 1442 3244 servi
1493 3192 1617 3248 facti
1650 3197 1925 3254 fueramus
1968 3201 2163 3255 seduc-

593 3275 740 3328 tione
784 3276 987 3330 inimici
1020 3294 1034 3331 :
1071 3287 1235 3348 atque
1292 3281 1411 3334 ideo
1473 3292 1523 3336 te
1578 3300 1698 3338 cum
1739 3288 1843 3343 ﬁde
1878 3301 1929 3344 et
1969 3291 2160 3345 all'ectu

594 3366 980 3434 gloriﬁcamus.

666 3454 741 3508 Te
769 3473 1025 3524 sponsam
1059 3460 1362 3528 innttptam,
1407 3478 1714 3534 purumque
1746 3467 2021 3525 Creatoris
2074 3481 2155 3526 ta-

592 3545 979 3612 bernaeulum,‘
1008 3558 1061 3603 et
1084 3549 1409 3606 Cherubinis
1433 3557 1785 3624 sanctiorem,
1813 3574 1846 3614 o
1877 3570 2043 3629 casta,
2075 3579 2164 3618 co-

595 3639 903 3704 gnovimus.

665 3726 1056 3782 Dormitatione
1091 3730 1428 3800 negligentia:
1457 3752 1684 3792 somnus
1716 3742 1920 3808 peccati
1941 3741 2160 3810 depres-

595 3818 666 3870 sit
701 3834 783 3884 me
818 3835 830 3871 :
867 3828 920 3871 tu
954 3819 1194 3888 vigilanti
1222 3822 1613 3880 intercessione
1639 3837 1728 3882 tua
1759 3830 2031 3884 exsuscita
2075 3846 2160 3886 me

594 3907 659 3961 ad
690 3910 1104 3976 paenitentiam:

659 3999 766 4054 Nos
807 4017 997 4055 omnes
1057 4018 1086 4056 a
1120 4002 1472 4059 damnatione
1518 4007 1820 4074 primorum
1872 4020 2155 4079 parentum

587 4089 850 4158 redempti
887 4107 982 4160 per
1011 4103 1225 4160 partum
1256 4102 1433 4158 tuum,
1459 4097 1524 4148 ad
1562 4109 1611 4150 te
1644 4099 1986 4154 clamamus:
2026 4100 2155 4163 Ave,

591 4182 762 4247 gratia
799 4183 977 4250 plena,
1013 4185 1166 4237 omni
1197 4185 1356 4239 laude
1386 4186 1733 4252 dignissima.

665 4270 736 4326 Ut
772 4273 935 4326 homo
972 4275 1124 4328 ﬁeret
1180 4275 1343 4341 Deus,
1378 4277 1520 4330 Deus
1544 4281 1692 4332 visus
1725 4289 1807 4334 est
1830 4281 1895 4334 ab
1927 4282 2160 4334 homini-

2263 3125 2410 3192 ἡμᾶς
2442 3124 2608 3193 κακίᾳ
2631 3126 3032 3196 ὑποκύψαντας,
3082 3131 3177 3182 καὶ
3225 3130 3397 3201 πλάνῃ
3462 3133 3800 3195 δουλωθέντας

2263 3215 2355 3267 τοῦ
2388 3215 2602 3285 ἐχθροῦ,
2633 3219 2818 3288 Μαρία
2866 3220 3243 3291 Θεονύμφευτε
3276 3240 3291 3256 ο
3330 3223 3419 3276 διὰ
3456 3224 3618 3277 τοῦτο
3646 3227 3799 3278 πίστει

2267 3321 2324 3355 σε
2350 3307 2443 3358 καὶ
2467 3307 2614 3376 πόθῳ
2652 3310 3046 3380 μακαρίζομεν.

2335 3483 2569 3553 Νύμφην
2599 3500 2656 3536 σε
2689 3485 3051 3555 ἀνύμφευτον,
3076 3487 3168 3540 καὶ
3195 3487 3454 3554 καθαρὸν,
3491 3489 3653 3558 ἁγνὴ,
3685 3489 3794 3556 σκή-

2265 3593 2420 3645 νωμα
2470 3577 2562 3629 τοῦ
2595 3577 2824 3646 Ποιητοῦ
2878 3578 2971 3631 καὶ⁵
3026 3578 3327 3648 ἁγιωτέραν
3378 3579 3661 3650 Χερουϐὶμ
3697 3583 3793 3632 ἑπι-

2265 3665 2528 3733 στάμεθα.
2757 3680 2762 3688 ·
2970 3686 2986 3695 ·
3077 3701 3082 3705 ι

2331 3753 2642 3823 Νυσταγμῷ
2672 3755 2928 3823 ἀμελείας
2977 3771 3043 3824 με
3075 3754 3236 3819 ὕπνος
3297 3755 3597 3826 ἁμαρτίας,
3646 3755 3790 3823 Κόρη.

2263 3843 2545 3908 κατέλαϐε,
2571 3846 2636 3914 τῇ
2665 3844 2924 3914 ἀγρύπνῳ
2970 3845 3149 3916 ἱκεσίᾳ
3205 3859 3297 3897 σου
3346 3844 3703 3913 διανάστησὸν
3741 3859 3792 3913 με

2263 3933 2400 4003 πρὸς
2433 3932 2742 4001 μετάνοιαν.

2333 4024 2741 4091 Λελυτρωμένοι
2776 4023 2975 4086 πάντες
3034 4023 3363 4093 προγονικῆς
3393 4025 3695 4094 καταδίκης
3729 4025 3791 4091 τῷ

2259 4112 2402 4180 τόκῳ
2439 4129 2554 4178 σου,
2578 4111 2768 4181 Χαῖρε,
2797 4109 2879 4164 σοὶ
2918 4112 3361 4183 προσφωνοῦμεν,
3402 4115 3792 4184 κεχαριτωμένη

2261 4201 2596 4273 πανύμνητε.

2337 4295 2448 4346 Ἵνα
2479 4295 2610 4358 Θεὸς
2655 4298 2682 4349 ὁ
2709 4294 2992 4364 ἄνθρωπος
3025 4297 3270 4366 γένηται,
3332 4295 3464 4360 Θεὸς
3497 4297 3683 4367 ὡράθη
3721 4298 3793 4349 ἀν·

590 4364 712 4425 bns,
744 4375 902 4418 natus
946 4381 1013 4418 ex
1055 4367 1360 4420 visceribus
1404 4370 1531 4430 tuis,
1567 4386 1597 4421 ο
1653 4367 1836 4439 Virgo,
1867 4372 2156 4440 inexplica-

2269 4373 2520 4452 θρώποις,
2545 4383 2806 4454 Παρθένε,
2823 4388 2886 4438 ὲκ
2903 4385 3010 4438 σῶν
3043 4364 3282 4452 λαγύνων
3299 4364 3714 4454 ἀνερμηνεύτως
3732 4402 3792 4437 τε-

594 4455 688 4505 Μιί
725 4457 952 4518 ratione,
979 4469 1030 4510 et
1062 4473 1390 4526 permanens
1418 4459 1472 4513 id
1501 4462 1644 4530 quod
1672 4474 1787 4516 erat
1814 4464 2019 4531 absque
2054 4463 2158 4515 ulla

593 4557 909 4600 1111118110118.

663 4637 946 4701 l’eperisti,
976 4652 1008 4691 ο
1058 4637 1242 4708 Virgo,
1275 4641 1516 4710 eumqui
1555 4657 1655 4695 nos
1706 4644 1773 4696 ab
1829 4646 1976 4698 omni
2031 4662 2158 4700 cor-
2218 4675 2221 4677 -

591 4729 844 4797 ruptione
894 4730 1149 4794 redemit,
1191 4739 1470 4800 propterea
1522 4725 1759 4788 universi
1791 4744 1842 4789 te
1887 4738 2156 4806 gloriﬁca-

592 4836 732 4873 lllUS.

655 4915 846 4982 Augeli
884 4930 1016 4968 voce
1042 4914 1106 4966 ad
1132 4924 1201 4977 te,
1230 4915 1608 4979 ocastissima,
1640 4917 1940 4973 clamamus
1971 4939 1982 4973 ε
2015 4924 2147 4986 Ave,

587 5020 619 5055 o
648 5007 890 5059 omnium
927 5008 1204 5060 hominum
1243 5008 1494 5068 salvatio,
1529 5019 1582 5061 et
1634 5010 2146 5076 gloriosissimorum

590 5108 888 5168 martyrum
934 5116 1132 5162 corona
1155 5102 1342 5179 divina

595 5231 748 5300 125
781 5233 860 5287 Ex
893 5229 1100 5291 Canone
1132 5239 1181 5290 in
1210 5240 1336 5359 ferito
1460 5237 1716 5306 Tycltonis
1768 5239 2144 5307 tlmumatnrgi,

1300 5328 1341 5360 Ιε
1441 5347 1453 5360 ο

1300 5328 1341 5361 ιε
1371 5328 1453 5360 ιυ.

657 5414 888 5471 Erexisti
923 5434 1040 5483 nos,
1064 5435 1095 5472 o
1123 5432 1288 5482 casta,
1327 5421 1415 5487 qui
1453 5421 1502 5471 in
1569 5420 1883 5490 perditionis
1919 5420 2169 5490 profun-'

590 5511 714 5566 dum
747 5513 970 5581 collapsi
1001 5529 1237 5576 eramus,
1265 5529 1385 5566 cum
1429 5514 1701 5569 Christum
1735 5532 1797 5570 ex
1832 5515 2147 5571 immacula-

657 5701 815 5769 (63”)
854 5699 1010 5754 Dccst
1036 5701 1087 5756 in
1115 5700 1323 5756 alt-nmis
1357 5702 1650 5772 impressis.

2265 4475 2432 4543 χθεὶς,
2468 4477 2560 4529 καὶ
2597 4477 2730 4546 ὅπερ
2758 4473 2825 4548 ἦν
2856 4477 3039 4548 μείνας
3064 4474 3430 4538 ἀναλλοίωτος.

2331 4652 2430 4703 Τὸν
2458 4621 2802 4718 καταφθορᾶς
2833 4654 2976 4721 ἡμᾶς
3010 4652 3187 4721 πάσης
3216 4652 3688 4722 ἀπολυτρούμενον
3720 4652 3793 4703 τέ-

2257 4757 2439 4803 τοκας·
2459 4742 2546 4794 διὰ
2572 4741 2724 4794 τοῦτό
2759 4760 2815 4794 σε
2855 4743 3071 4809 πάντες,
3104 4743 3368 4813 Παρθένε,
3392 4743 3705 4812 δοξάζομεν.

2327 4923 2510 4989 Φωνήν
2539 4938 2622 4972 σοι
2651 4921 2741 4974 τοῦ
2777 4922 3028 4989 ἀγγέλου,
3059 4924 3318 4989 πάναγνε,
3354 4921 3593 4991 βοῶμεν·
3622 4923 3786 4991 Χαῖρε,

2258 5012 2555 5081 ἀνθρώπων
2581 5015 2831 5069 ἁπάντων
2854 5016 3155 5084 διάσωσμα,
3187 5015 3278 5067 καὶ
3312 5013 3652 5078 πανενδόξων
3673 5029 3790 5083 μαρ-

2255 5103 2431 5172 τύρων
2470 5105 2607 5157 Θεῖον
2640 5108 2985 5176 στεφάνωμα.

2268 5237 2358 5288 Ἐκ
2386 5238 2486 5291 τοῦ
2503 5243 2766 5305 Κανόνος
2805 5245 2889 5306 εὶς
2917 5242 3022 5294 τὸν
3057 5241 3224 5309 ἅγιον
3252 5241 3346 5294 καί
3365 5239 3789 5308 θαυματοιφῖῦν

2749 5314 3008 5378 Τύχωνα,
3042 5311 3231 5379 ἡμέρᾳ
3258 5309 3353 5373 ις’.

2339 5423 2690 5495 ’Λνώρθωσας
2728 5427 2872 5495 ἡμᾶς
2894 5426 3161 5490 ἀπωλείας
3189 5426 3266 5486 είς
3289 5425 3424 5493 βάθη
3460 5423 3787 5479 πεπτωκότας

2266 5515 2354 5566 τὸν
2386 5515 2618 5585 Χριστὸν
2650 5519 2921 5587 κυήσασα,
2948 5518 3104 5589 ἁγνὴ,
3133 5518 3193 5582 ἐξ
3235 5517 3520 5588 ἀχράντων
3575 5515 3786 5583 λαγόνων
