3936 6304
138 375 280 439 1133

1569 373 1926 432 MARIALE.

3195 388 3330 444 1134

130 490 318 559 ψυχήν
349 505 450 560 μου
475 488 759 559 ἀγάθυνον,
794 490 828 559 ή
853 489 945 542 τὸν
978 486 1288 555 πανάγαθον
1316 486 1484 551 Λόγον
1519 487 1669 554 capaci

1785 502 1955 540 meam
1984 488 2185 555 peccati
2215 486 2410 539 malitia
2436 486 2802 555 dcpravatam,
2836 498 2891 543 tu
2920 504 3037 559 qum
3098 490 3328 547 Verbum

130 580 410 649 κυήσασα.

1794 576 1938 629 omni
1974 576 2213 631 bonitate
2244 578 2523 644 praeditum
2558 576 2609 630 in
2634 593 2793 632 carne
2824 580 3093 647 peperisti.

758 694 914 763 129
952 693 1032 746 Ea:
1072 693 1280 749 Canone
1308 696 1363 747 in
1393 694 1522 762 [esto
1563 690 1619 745 S.
1666 690 1935 744 Michaelis
1970 690 2297 759 archangeli,
2329 690 2413 743 die
2442 690 2513 742 22
2542 689 2718 760 (64“).

205 822 253 876 Ο
296 821 491 894 Virgo,
538 825 806 879 universis
852 825 1170 879 celebranda
1206 826 1487 890 laudibus,
1522 839 1684 893 ange-

130 913 315 967 lorum
338 915 524 978 decus,
554 915 831 970 hominum
864 917 1147 983 auxilium,
1176 925 1230 969 tu
1260 916 1389 969 mihi
1419 915 1684 969 auxiliare

129 1003 190 1057 in
253 1005 440 1074 pelago
496 996 809 1073 ﬂuetuauti,
863 1018 918 1063 et
968 1016 1310 1077 peccatorum
1368 1017 1683 1077 tempestate

132 1097 360 1150 assidua
382 1097 603 1165 jactato,
634 1108 794 1169 atque
822 1099 1169 1169 periclitanti.

202 1186 303 1241 llle
334 1188 426 1255 qui
457 1189 836 1244 immateriales
870 1200 1074 1245 mentes
1101 1191 1374 1245 voluntate
1400 1203 1496 1243 sua
1538 1203 1686 1242 erea-

127 1276 229 1340 vit,
279 1277 330 1331 in
378 1286 531 1332 utero
566 1287 658 1335 tuo
702 1280 965 1335 materiali
995 1281 1300 1335 voluntarie
1338 1279 1621 1340 habitarit,
1651 1295 1684 1333 ο

124 1366 197 1420 ab
223 1368 374 1422 omni
407 1370 528 1425 labe
566 1371 895 1440 purissima;
941 1387 1065 1427 cum
1098 1374 1151 1426 in
1182 1387 1343 1427 carne
1371 1380 1681 1427 cerneretur

125 1456 173 1510 is
204 1459 302 1526 qui
332 1469 451 1513 erat
480 1460 784 1517 invisibilis.

196 1546 396 1626 Partus
429 1552 506 1604 tui
538 1552 890 1619 paradoxum,
920 1567 954 1607 ο
986 1552 1170 1623 Virgo,
1202 1553 1523 1623 signiﬁcavit
1550 1552 1675 1606 olim

122 1639 565 1699 intellectualiter
590 1661 869 1701 sacrorum
899 1647 1279 1717 mysteriorum
1312 1633 1586 1714 magister.
1623 1645 1678 1697 in

121 1733 326 1814 spiritu
356 1746 591 1791 montem
623 1738 934 1793 umbrosum
965 1739 1230 1815 aspiciens
1256 1746 1307 1792 te
1344 1737 1675 1792 manifestis-

120 1823 289 1888 sime,
322 1839 388 1879 ex
415 1842 526 1896 quo
558 1828 704 1883 venit
736 1837 960 1883 sanctus
989 1828 1131 1883 Deus
1158 1828 1493 1882 incarnatus.

194 1915 648 2007 Intellectualium
689 1919 998 1999 angelorum
1039 1918 1409 1973 sublimiorem
1453 1927 1503 1972 te
1532 1917 1675 1972 Deus

118 2007 385 2069 ostendit,
416 2008 720 2077 ingrediens
749 2009 800 2062 in
829 2018 1037 2063 uterum
1063 2018 1236 2071 tuum,
1263 2024 1295 2062 ο
1316 2008 1591 2074 inviolata,
1622 2019 1675 2064 et

1860 820 2054 874 Beatus
2075 821 2325 889 papulus,
2350 824 2440 891 qui
2471 838 2677 891 semper
2705 823 2971 879 beatiﬁcat
2999 835 3070 889 te,
3098 843 3128 880 ο
3154 830 3327 892 beata,

1788 926 1910 980 qua
1960 913 2172 965 beatum
2231 913 2395 967 Deum
2435 915 2751 983 perperisti,
2782 916 2873 984 qui
2928 927 3144 986 prepter
3173 935 3326 974 suam
3408 926 3413 935 ‘

1789 1000 2507 1057 misericordiam'bomines
2536 1002 2790 1057 inell’abili
2816 1005 3014 1060 unione
3042 1008 3326 1063 deiticavit.

1840 1090 2050 1145 .Mentis
2082 1107 2287 1163 magnae
2331 1091 2562 1147 Verbum
2602 1102 2858 1148 aeternum
2894 1096 3079 1150 videns
3113 1097 3327 1151 Gabriel

1788 1181 2144 1251 archangelus
2174 1184 2226 1235 in
2265 1190 2316 1235 te
2344 1196 2489 1247 vere,
2524 1199 2556 1237 o
2594 1183 2791 1251 puella,
2825 1184 3158 1239 inhabitasse
3193 1186 3328 1241 inef-

1787 1270 2020 1342 fabiliter
2069 1287 2133 1325 ac
2186 1273 2468 1342 stupende,
2525 1274 2847 1333 exclamavit
2898 1292 2912 1327 :
2966 1277 3094 1342 Ave,
3137 1279 3329 1334 throne

1784 1338 2074 1427 Altissiini,
2105 1376 2137 1415 o
2166 1338 2462 1417 benedicta.

1853 1451 2174 1521 Nuptiarum
2210 1443 2498 1523 sequester~
2528 1455 2744 1512 divinus
2778 1457 3131 1529 archangelus
3178 1471 3328 1515 stans

1782 1541 2105 1596 exclamavit
2138 1544 2231 1597 tibi
2258 1557 2274 1598 :
2305 1546 2438 1610 Ave,
2464 1558 2497 1597 ο
2521 1544 2731 1613 Sponsa
2776 1546 2865 1603 Dei
2895 1550 3115 1611 illibata.
3158 1566 3326 1622 ange-

1783 1631 1956 1685 lorum
1993 1633 2183 1703 gloria,
2216 1635 2695 1701 hominum‘salus,
2724 1647 2777 1693 et
2807 1640 3220 1697 munimentum.

1848 1725 1927 1777 Λίι
1963 1740 2144 1779 vocem
2194 1727 2365 1795 angeli
2408 1726 2706 1793 Gabrielis,
2759 1732 3088 1800 concepisti,
3128 1749 3161 1786 ο
3216 1741 3327 1787 tota

1703 1809 1749 1868 B
1778 1814 1896 1870 sine
1927 1816 2034 1870 ulla
2072 1818 2313 1883 macula,
2364 1819 2530 1873 Deum
2568 1818 2837 1885 Verbum,
2873 1824 2966 1892 qui
3003 1824 3169 1879 verbo
3215 1836 3329 1879 θοι-ι

1778 1907 1937 1963 lestes
1992 1910 2257 1963 exercitus
2304 1910 2530 1976 creavit,
2589 1923 2642 1966 et
2688 1913 2909 1967 verbum
2953 1925 3170 1991 prastat
3217 1930 3327 1984 quo

1778 1995 1993 2050 laudare
2021 1999 2293 2066 possimus
2327 2008 2566 2053 sanctam
2607 2000 2779 2070 ipsius
2806 2003 3229 2058 humiliationem
3262 2021 3326 2060 ac

120 2096 196 2149 ab
227 2097 377 2152 omni
407 2098 614 2153 macula
642 2099 897 2153 immunis
930 2116 943 2151 :
970 2113 1126 2167 quem
1158 2098 1393 2155 assiduis
1423 2100 1669 2169 precibus

1780 2080 2320 2155 demissionem,qu:e
2345 2097 2429 2141 est
2457 2101 2619 2155 super
2651 2104 2810 2144 omne
2841 2090 3060 2144 verbum
3101 2102 3154 2146 et
3181 2094 3326 2162 cogi-

122 2186 412 2256 interpella
441 2200 535 2256 pro
564 2186 737 2243 salute
764 2189 1066 2246 animarum
1102 2198 1429 2243 nostrarum.
1508 2226 1513 2231 ρ
1610 2204 1613 2207 ·

130 2356 243 2413 Ἐκ
292 2360 399 2431 τοῦ
424 2361 699 2431 Κανόνας
742 2364 827 2428 εις

266 2430 441 2483 Δαόὶδ
479 2430 584 2483 τσῦ
619 2430 688 2485 ἐν
727 2434 1140 2501 Θεσσαλονίκῃ
1162 2473 1176 2499 ,
1207 2430 1396 2503 ἡμέρᾲ
1423 2432 1532 2497 κς’.

200 2538 411 2609 Ὠφθης
449 2540 760 2613 ὡραῖσμένη
788 2542 870 2613 ,τῷ
900 2534 1089 2599 κάλλει
1132 2545 1240 2599 τῶν
1278 2546 1488 2615 ἀρετῶν
1510 2586 1525 2612 ,
1578 2549 1675 2601 καὶ

115 2626 360 2696 Χριστὸν
386 2630 475 2683 τὸν
520 2631 737 2701 ὡραῖον,
788 2633 1048 2702 Παρθένε,
1089 2635 1406 2713 ἀπεκύησας
1452 2636 1673 2705 βροτοὺς

114 2722 436 2791 ὼρατσαντα
459 2725 566 2785 τοῖς
596 2724 815 2794 ὡραίοις
873 2726 1090 2780 κάλλεσι
1118 2725 1217 2795 τῆς
1245 2727 1530 2799 Θεότητος,
1555 2731 1670 2782 ἀει-

116 2810 387 2877 πάροενε.

202 2898 476 2967 Ἀγγέλων
504 2905 811 2972 ,τιμιωτέρα
839 2903 1024 2976 ὤφθης
1052 2909 1299 2978 κυήσασα
1334 2908 1426 2960 τδν
1455 2908 1667 2973 αὐτοὺς,

117 2989 390 3059 Παρθένε,
425 2992 930 3063 δημιουργήσαντα·
970 2994 1093 3049 ὅθεν
1135 2998 1359 3051 ἱκετεύω
1392 2986 1666 3069 σε,ίάγνὴ,

117 3083 355 3148 ἁγίασον
383 3084 471 3136 τὸν
504 3085 626 3137 νοῦν
663 3103 784 3155 μου,
816 3088 909 3140 καὶ
941 3089 1039 3156 τήν
1077 3089 1299 3159 καρδίαν
1335 3090 1671 3161 φωταγώγη-

118 3189 237 3234 σον,
270 3173 408 3242 νέφη
435 3172 541 3226 τῶν
568 3175 755 3229 παθῶν
778 3177 1130 3232 ὲκδιώκουσα.

202 3262 512 3333 ’Υμνοῦμέν
554 3281 636 3329 σε,
684 3267 997 3336 πανύμνητε
1030 3269 1310 3335 Δέσποινα,
1360 3271 1449 3323 τὸν
1503 3272 1668 3341 ὑπερο

116 3351 361 3421 ὑμνητον
384 3354 514 3406 Θεὸν
547 3356 957 3425 ἀνερμήνεύτως
988 3359 1286 3427 κυήσασαν,
1309 3359 1405 3429 τὴν
1424 3362 1550 3421 τοὺς
1581 3377 1670 3429 χο-

115 3444 248 3509 ροὺς
271 3441 382 3492 τῶν
403 3442 646 3510 ἀγγέλων
675 3443 748 3511 τῷ
770 3444 953 3498 κάλλει
981 3446 1321 3514 ἁσυγκρίτως
1345 3448 1662 3516 νικήσασαν.

190 3613 398 3667 ’ἰθυνον
436 3615 527 3667 τὸν
556 3610 669 3684 βίον
715 3634 817 3686 μου
838 3653 852 3679 ,
879 3618 973 3671 καὶ
1000 3616 1069 3671 τὰ
1113 3620 1385 3689 κινήματα
1422 3620 1521 3690 τῆς
1547 3621 1663 3681 δια-

110 3703 298 3770 νοίας,
348 3705 484 3775 ἁγνὴ
517 3707 785 3776 Παρθένε,
833 3709 967 3779 πρὸς
1010 3708 1068 3761 τὸ
1104 3709 1243 3762 Θεῖον
1291 3709 1534 3780 βούλημα
1571 3708 1664 3762 τοῦ

112 3796 184 3846 ἐκ
221 3794 317 3846 σοῦ
350 3797 603 3866 ἀρρήτως
632 3798 760 3867 ἡμῖν
789 3798 1241 3867 ἐπιδημήσαντος.

200 3881 294 3946 Ἐξ
318 3882 493 3950 ἁγνῶν
522 3885 765 3953 αἱμάτων
799 3902 893 3937 σου
917 3885 1185 3954 ὲξυφάνθη
1219 3885 1352 3954 σὰρξ
1378 3886 1666 3956 ὑπερφυῶς

108 3972 195 4042 τῷ
231 3972 691 4045 δημιουργήσαντι
734 3976 825 4029 τὸν
875 3975 1192 4047 ἄνθρωπον,
1229 3976 1492 4029 Θεοτόκε·
1543 3976 1664 4029 ὅθεν

110 4064 287 4130 ἀξίως
319 4066 589 4135 ὑμνοῦμέν
619 4082 698 4119 σε.

187 4154 424 4207 Δέλυται
447 4156 523 4225 τῷ
563 4157 705 4226 τόκῳ
741 4174 833 4209 σου
867 4158 1001 4227 ἀρᾶς
1035 4158 1095 4209 τὸ
1127 4156 1460 4225 ἀνθρώπινον
1482 4196 1497 4221 ,
1531 4157 1665 4227 μόνη

111 4246 553 4317 παντευλόγητεο
596 4248 673 4301 διό
705 4266 763 4301 σε
790 4249 1081 4318 δοξάζομεν
1121 4250 1193 4312 ὡς
1229 4240 1665 4319 κεχαριτωμένη,

109 4339 369 4403 Θεοτόκε,
400 4342 489 4401 εἰς
509 4339 725 4402 αἰῶνας.

868 2363 974 2416 τὸν
1017 2363 1188 2417 ὅσιον
1233 2363 1461 2432 Πατέρα
1506 2363 1676 2432 ἡμῶν

1770 2176 2055 2237 talionem.

1780 2351 1936 2422 130
1968 2352 2051 2405 Ea:
2078 2353 2288 2407 Conone
2319 2356 2371 2407 in
2428 2355 2583 2408 Festo
2635 2355 2691 2411 S.
2738 2357 2918 2413 Patria
2957 2360 3124 2414 David
3162 2360 3323 2415 Thes-

2250 2424 2589 2479 salonicensis
2606 2464 2619 2491 ,
2647 2428 2730 2480 die
2757 2428 2847 2482 26.

1841 2532 2153 2600 Apparuisti
2191 2533 2441 2591 decorata
2484 2535 2886 2604 pulchritudine
2923 2539 3181 2594 virtutum
3204 2579 3219 2605 ,
3266 2551 3320 2605 et

1772 2619 2046 2677 Christum
2070 2623 2349 2689 decorum,
2374 2640 2406 2678 ο
2432 2611 2615 2693 Virgo,
2642 2628 2922 2695 peperisti,
2949 2630 3041 2697 qui
3073 2630 3319 2685 homines

1772 2710 2050 2765 decoravit
2102 2711 2315 2767 decoris
2369 2713 2866 2782 pulchritudinibus
2919 2717 3233 2785 divinitatis,
3284 2737 3319 2774 υ

1773 2801 1921 2870 virgo
1956 2811 2236 2871 perpetua.

1841 2892 2058 2965 Angelis
2092 2896 2457 2951 honorabilior
2489 2897 2628 2952 facta
2670 2915 2758 2964 es,
2806 2916 2839 2955 ο
2877 2900 3062 2971 Virgo,
3105 2904 3317 2971 pariens

1772 2983 1946 3051 illum,
1978 2986 2068 3054 qui
2101 2987 2244 3055 ipsos
2271 2978 2473 3042 creavit
2505 3007 2517 3043 :
2564 2992 2913 3059 quamobrem
2953 3009 3143 3060 precor
3185 3005 3254 3068 te,
3281 3012 3316 3050 υ

1771 3082 1942 3137 casta,
1986 3077 2262 3131 sanetitica
2299 3088 2531 3133 mentem
2565 3095 2775 3143 meam,
2810 3093 2862 3137 et
2900 3099 2996 3137 cor
3032 3099 3211 3138 meum
3247 3086 3313 3139 il-.

1696 3150 1739 3209 (ἶ
1771 3165 1995 3233 lumina,
2026 3168 2297 3237 depellens
2351 3171 2521 3225 nubes
2551 3174 2884 3239 passionum.

1839 3257 2146 3314 Laudamus
2181 3269 2251 3325 te,
2281 3275 2316 3314 ο
2338 3263 2484 3314 omni
2522 3262 2677 3317 laude
2710 3263 3023 3333 dignissima
3063 3265 3311 3329 Domina,

1767 3363 1888 3417 quae
1932 3350 2079 3403 omni
2139 3351 2295 3405 laude
2362 3353 2694 3419 superiorem
2750 3353 2916 3406 Deum
2973 3355 3313 3410 inell'ahiliter

1768 3439 2024 3507 genuisti,
2048 3446 2102 3495 et
2122 3441 2432 3510 angelorum
2460 3442 2655 3495 choros
2679 3442 3075 3511 pulchritudine
3104 3444 3312 3497 incom-

1767 3529 2078 3598 parabiliter
2111 3531 2397 3601 superasti.
2570 3604 2573 3605 ν

1840 3620 2017 3691 Dirige
2060 3621 2224 3675 vitam
2276 3637 2473 3686 meam,
2526 3632 2576 3677 et
2628 3632 2805 3678 motus
2840 3623 3036 3677 mentis
3084 3638 3234 3689 mete,
3277 3639 3311 3678 ο

1772 3706 1934 3777 Virgo
1962 3718 2129 3773 casta,
2169 3703 2235 3763 ad
2266 3710 2506 3765 divinum
2541 3712 2830 3766 consilium
2864 3712 3008 3766 illius
3038 3712 3130 3782 qui
3161 3729 3225 3767 ex
3260 3723 3310 3769 te

1768 3798 1832 3850 ad
1867 3814 1965 3851 nos
1999 3799 2154 3853 modo
2185 3786 2547 3869 inexplicabili
2578 3802 2862 3870 processit.

1836 3888 1913 3941 Ex
1966 3871 2271 3957 purissimis
2300 3891 2671 3959 sanguinibus
2711 3893 2851 3954 tuis,
2902 3902 3309 3961 supra‘natura:

1768 3992 1973 4032 morem
2007 3988 2286 4046 compacta
2324 3990 2407 4035 est
2437 3996 2563 4036 caro
2598 3982 2671 4035 illi
2693 4021 2709 4045 ,
2741 3980 2833 4050 qui
2863 3982 3131 4037 hominem
3160 3999 3310 4038 crea-

1769 4065 1881 4129 vit;
1914 4067 2054 4120 unde
2081 4075 2152 4129 te,
2180 4082 2212 4121 o
2240 4067 2466 4136 Deipara
2498 4080 2595 4136 pro
2626 4069 3203 4136 dignitatelaudamus.

1838 4153 2148 4208 Liberatqu
2184 4165 2263 4209 est
2299 4172 2392 4225 per
2432 4166 2642 4226 partum
2674 4152 2823 4211 unum
2864 4174 2890 4209 ιι
2942 4159 3309 4213 maledictione

1768 4246 2061 4299 humanum
2094 4262 2292 4315 genus,
2323 4261 2357 4302 o
2382 4249 2495 4302 sola
2531 4249 2678 4302 omni
2709 4249 3079 4303 benedictione
3117 4264 3309 4302 eumu-

1769 4336 1910 4402 lata;
1972 4348 2249 4405 propterea
2301 4349 2377 4413 te.
2415 4338 2780 4408 glorificamus
2825 4347 3078 4408 tanqamm
3136 4340 3306 4406 gratia

1769 4426 2003 4494 plenam,
2034 4441 2066 4478 ο
2095 4425 2339 4495 Deipara,
2369 4427 2422 4481 in
2448 4429 2663 4483 saecula.

186 4514 388 4584 Σὲντὴν
422 4516 683 4584 καλλονὴν
719 4494 811 4569 τοῦ
877 4517 1066 4570 Ἰακὼϐ
1106 4519 1385 4587 τιμῶμεν,
1437 4518 1567 4580 Θεὸς
1599 4519 1665 4587 ἢν

1838 4514 1914 4568 Te
1974 4494 2426 4582 pulchritudinem
2491 4516 2656 4572 Jacob
2718 4519 3076 4584 honoramus,
3144 4532 3303 4586 quam

106 4608 422 4674 ἠγάπησεν,
462 4608 527 4676 ῆν
573 4607 867 4672 ἐξελέξατο,
918 4609 1130 4670 πάντως
1174 4609 1247 4670 ὡς
1279 4609 1445 4678 μόνην
1494 4608 1659 4677 ἁγνὴν

106 4698 486 4766 εὐλογημένην
568 4700 1033 4769 ἁνυμνολογοῦμεν
1100 4702 1177 4762 εἰς
1255 4702 1461 4761 πάντας
1534 4702 1659 4761 τοὺς

105 4787 341 4848 αἰῶνας.

180 4879 500 4948 Φωτοφόρον
549 4878 720 4948 πύλην
770 4897 827 4932 σε
874 4880 1124 4950 προεώρα
1168 4880 1447 4948 Ἐζεκιὴλ,
1493 4878 1559 4931 δι’
1588 4873 1651 4950 ἦς

102 4969 302 5038 διῆλθε
353 4970 412 5020 τὸ
462 4969 574 5037 φῶς
604 4970 663 5021 τὸ
706 4969 955 5037 ἀληθινὸν
994 4971 1224 5040 Χριστὸς
1254 4974 1281 5020 ὁ
1321 4970 1447 5031 Θεὸς
1478 4970 1652 5038 ήμῶν.

100 5062 166 5113 ὃν
226 5061 458 5122 ἐκτενῶς
499 5061 733 5130 αἰτήσαι,
786 5061 943 5130 ἁγνὴ,
988 5062 1085 5130 τῆς
1132 5060 1413 5129 μετανοίας
1454 5077 1543 5128 μοι
1580 5060 1655 5111 δι-

104 5155 323 5219 ανοῖξαι
359 5156 528 5216 πύλας
555 5156 761 5225 δέομαι.

113 5270 226 5322 Ἐκ
281 5267 387 5319 τοῦ
420 5269 681 5332 Κανόνος
729 5270 814 5331 εις
858 5269 961 5319 τὸν
1007 5266 1177 5319 ὅσιον
1222 5264 1447 5329 Πατέρα
1488 5262 1653 5330 ἡμῶν

355 5337 725 5404 άμψονατὸν
755 5336 1093 5403 ξενοδόχον,
1133 5334 1317 5402 ἡμέρᾳ
1345 5335 1447 5394 κζ’.

180 5454 247 5504 Σὲ
288 5451 379 5501 τοῦ
416 5450 548 5502 Θεοῦ
572 5451 667 5519 τὴν
695 5451 831 5518 ὑπὲρ
866 5448 1017 5515 λόγον
1051 5446 1381 5515 λοχεῦτριαν,
1411 5445 1485 5506 ὡς
1521 5461 1653 5511 κρα-

101 5545 271 5597 ταιὰν
300 5540 581 5608 ἀντίληψιν
618 5541 830 5593 πάντων
850 5580 865 5603 ,
899 5538 1198 5607 πανὰμωμε
1223 5576 1237 5600 ,
1269 5535 1374 5599 τῶν
1421 5551 1655 5585 καταπο-
1694 5594 1699 5597 ι

176 5718 346 5782 (64⁸⁸)
376 5718 571 5771 Menam
604 5702 859 5781 impressa
894 5733 997 5770 non
1030 5717 1244 5769 habent.

1767 4603 1909 4658 Deus
1956 4606 2176 4670 amavit,
2209 4613 2264 4658 et
2302 4607 2464 4676 elegit
2508 4625 2523 4661 :
2572 4610 2793 4663 omnino
2836 4619 3085 4678 tanquam
3134 4608 3305 4661 solam

1764 4706 1969 4748 castam
2021 4703 2074 4748 et
2108 4694 2445 4750 benedictam
2492 4705 2543 4752 te
2586 4696 2866 4753 laudamus
2901 4698 2953 4751 in
2991 4697 3169 4751 omnia
3204 4710 3306 4751 sa:-

1760 4783 1901 4835 cuia.

1831 4871 2136 4931 Luciferam
2203 4888 2411 4947 portam
2463 4879 2709 4948 praevidit
2763 4891 2814 4934 te
2867 4878 3147 4942 Ezechiel,
3213 4896 3304 4947 per

1762 4978 1921 5029 quam
1986 4968 2236 5020 transivit
2290 4972 2378 5022 lux
2440 4986 2562 5025 vera
2603 4970 2849 5024 Christus
2906 4969 3046 5027 Deus
3086 4981 3297 5030 noster.

1760 5069 1916 5122 quem
1967 5057 2207 5126 impense
2253 5076 2505 5128 precare,
2537 5076 2570 5114 ο
2618 5071 2787 5125 casta,
2825 5072 2875 5115 te
2915 5076 3048 5123 oro,
3084 5070 3140 5112 ut
3167 5062 3295 5111 mihi

1763 5148 2092 5230 pmnitentize
2118 5165 2299 5219 portas
2316 5157 2540 5222 aperiat.

1765 5264 1913 5333 131
1949 5261 2031 5317 E5
2074 5263 2280 5317 Εαηοηε
2306 5263 2365 5333 ὺῑ
2410 5260 2631 5333 [ἔδεσκε.
2790 5261 3089 5327 Sumpsouis
3123 5258 3296 5309 Xeno-

2312 5332 2462 5384 doc/ri
2482 5372 2497 5394 ,
2531 5332 2613 5384 die
2659 5332 2723 5391 2'7

1829 5446 1903 5499 Te
1942 5445 2035 5499 Dei
2074 5444 2411 5499 incﬂ‘abililer
2463 5443 2784 5499 Genitricem
2809 5485 2822 5507 ,
2866 5453 3115 5507 tanquam
3165 5436 3299 5489 vali-

1761 5536 2037 5591 dissimam
2091 5535 2455 5591 defensionem
2520 5536 2757 5590 onmium
2804 5535 2890 5600 qui
2946 5528 3127 5581 labore
3176 5541 3302 5595 pre-
