3936 6304
631 387 766 450 1135

1734 375 1789 432 S.
1836 373 2145 432 JOSEPIH
2190 375 2739 435 l'IYMNOGRAI’HI

3676 379 3776 440 1136

637 510 874 561 mnntur,
910 495 1270 565 gloriﬁcamus
1306 489 1660 549 incessanter,
1700 495 1751 538 et
1782 485 2167 547 beatilicamus,

2275 502 2543 555 νουμενιυν
2586 488 2873 554 δοξάζομεν
2918 488 3222 551 ἀπαύστως,
3253 490 3370 539 (καὶ
3420 489 3774 557 μακαρῗζομει.

638 609 663 645 a
696 590 1058 645 mundissima.

700 684 903 735 Animae
926 677 1226 744 mentisque
1258 687 1387 728 tuere
1413 671 1662 725 tenebras
1684 668 1928 736 dispelle,
1957 681 1987 718 ο
2014 680 2167 734 pura,

638 782 685 827 et
715 775 778 845 da
807 770 959 833 mihi,
991 779 1049 821 ut
1074 768 1213 821 sicut
1240 766 1293 820 in
1324 765 1430 826 die,
1467 766 1690 815 honeste
1714 757 2171 829 ambulem'atque

636 875 939 925 converser,
966 875 1028 911 ac
1058 858 1312 911 salutaria
1345 863 1604 922 przecepta
1637 865 1922 918 exsequar.

702 952 810 1014 Te,
846 940 901 1005 lo
960 961 1068 1003 tota
1132 949 1329 999 munda
1396 944 1657 1005 Domina,
1718 940 1955 993 lucidum
2011 939 2170 993 Verbi

636 1044 886 1112 palatium
940 1038 1152 1109 hymnis
1205 1037 1570 1094 celebramus,
1622 1046 1683 1085 ac
1720 1031 1931 1085 beatam
1986 1031 2168 1098 appel-

635 1135 823 1188 lamus.

703 1224 795 1289 Te,
836 1240 869 1277 ο
927 1221 1266 1277 sanctissima
1302 1226 1448 1271 casta
1475 1257 1489 1282 ,
1524 1218 1755 1286 speciem
1803 1213 1998 1276 Jacob,
2049 1212 2169 1265 ﬁdei

638 1314 824 1369 divina:
850 1313 1070 1367 vocibus
1091 1311 1393 1371 laudamus,
1420 1323 1536 1376 qua:
1560 1305 1788 1375 genuisti
1820 1302 1976 1357 nobis
2004 1301 2167 1357 Deum

635 1418 845 1457 carnem
878 1401 1131 1456 ferentem
1156 1439 1170 1463 ,
1203 1413 1361 1464 quem
1394 1396 1573 1449 omnia
1605 1392 2047 1448 contremiscunt.

700 1492 906 1546 Caelum
941 1490 1169 1544 sublime
1220 1486 1460 1540 omnium
1507 1485 1648 1553 regis
1683 1484 1773 1537 Dei
1828 1483 1966 1535 iacta
2014 1496 2105 1543 es,
2137 1495 2170 1534 0

601 1581 991 1649 .ondequaque
1042 1578 1362 1647 purissima;
1422 1576 1791 1643 mundumque
1844 1575 1983 1649 illius
2025 1574 2170 1641 pala-

630 1674 787 1733 tium,
820 1678 871 1724 et
902 1670 1170 1723 thalamus
1201 1668 1378 1721 divina
1413 1667 1580 1733 gratia
1611 1646 1924 1718 coruscans.

704 1757 885 1813 Vellns
949 1757 1074 1810 olim
1143 1755 1463 1823 prmnotavit
1526 1754 1888 1807 castissimum
1961 1761 2166 1804 uterum

2306 704 2311 707 τ
2348 669 2537 737 Ψυχῆς
2580 686 2678 737 μου
2710 671 2798 722 καὶ
2826 668 2943 729 νοὸς
2964 708 2977 729 ,
3010 668 3166 737 ἁγνὴ,
3200 670 3466 721 ἀπέλασον
3498 670 3560 720 τὸ
3595 670 3775 732 σκότος,

2279 762 2370 812 καὶ
2396 760 2559 825 δίδου,
2597 761 2671 821 ὡς
2701 761 2757 812 ἐν
2789 760 2985 829 ἡμέρᾳ,
3029 761 3372 829 εὐσχημόνως
3418 761 3777 823 πολιτεύεσθαι,

2277 851 2345 903 τὰ
2375 852 2616 920 σωτήρια
2640 850 2943 918 πράττοντα
2979 853 3391 920 προστάγματα.

2346 943 2433 1003 Σὲ,
2482 944 2787 1011 πανάμωμε
2827 942 3118 1004 Δέσποινα,
3156 943 3215 992 τὸ
3255 942 3512 1009 φωτεινὸν
3563 943 3779 996 παλάτιον

2276 1034 2368 1085 τοῦ
2403 1034 2573 1099 Λόγου
2609 1031 3075 1101 άνυμνολογοῦμεν
3106 1034 3198 1084 καὶ
3228 1033 3619 1101 μακαρίζομεν.

2347 1210 2445 1273 Σὲ,
2497 1208 2735 1275 παναγία
2787 1207 2963 1275 ἁγνὴ,
2999 1206 3094 1275 τὴν
3138 1206 3392 1272 καλλονὴν
3445 1206 3537 1259 τοῦ
3592 1208 3777 1267 Ἰακὼϐ,

2278 1300 2510 1361 πίστεως
2544 1300 2714 1361 θείαις
2743 1301 2942 1366 φωναῖς
2973 1296 3334 1365 ἁνυμνοῦμεν,
3366 1298 3643 1365 κυήσασαν
3680 1300 3781 1367 ἡμῖν

2276 1392 2405 1467 Θεὸν
2435 1392 2768 1462 σαρκοφόρον
2796 1390 2853 1442 δν
2883 1390 3073 1457 τρέμει
3096 1390 3163 1441 τὰ
3198 1390 3508 1457 σύμπαντα.

2352 1484 2412 1535 Ὀ
2440 1483 2663 1545 οὐρανὸς
2687 1480 2885 1550 ὑψηλὸς
2915 1481 3282 1549 ἐχρημάτισας
3310 1480 3402 1531 τοῦ
3435 1480 3781 1547 παμϐασιλέιινις

2275 1574 2444 1637 Θεοῦ,
2498 1574 2905 1641 παναμώμητε,
2959 1574 3051 1623 καὶ
3097 1571 3330 1639 καθαρὸν
3381 1570 3667 1634 παλάτιον,
3713 1575 3780 1621 xz':

2276 1666 2483 1727 παστὰς
2518 1664 2745 1732 φωτεινὴ
2779 1663 2895 1732 θείᾳ.
2923 1665 3120 1732 χάριτι.

2274 1754 2415 1824 ιίό
2446 1754 2607 1815 πόκος
2643 1753 2771 1805 ποτε
2807 1752 3099 1822 προεδήλου
3130 1752 3227 1819 τὴν
3266 1751 3452 1821 ἁγνὴν,
3487 1752 3679 1820 σεμνὴν
3704 1770 3781 1818 γα·

634 1861 821 1913 ttmm,
857 1864 899 1900 ο
945 1846 1283 1908 veneranda,
1338 1845 1429 1913 qui
1484 1848 1694 1912 excepit
1734 1845 1785 1895 in
1833 1859 1889 1896 se
1929 1843 2169 1896 divinum

2272 1845 2435 1913 στέρα
2480 1862 2573 1897 σου
2620 1844 3004 1912 είσδεξαμίνην
3054 1844 3152 1912 τὴν
3198 1843 3449 1913 οὐράνιον
3495 1844 3679 1912 δρόσον
3711 1849 3784 1909 τὴν

633 1954 808 1995 rorem
842 1938 1165 1991 irrorantem
1198 1934 1503 1998 universos,
1532 1933 1622 2000 qui
1666 1932 1749 1985 siti
1784 1933 1983 2000 peccati
2028 1933 2173 1985 labo-

634 2041 775 2093 rant,
798 2044 830 2080 ο
860 2027 1007 2081 omni
1062 2025 1218 2078 laude
1246 2023 1405 2092 digna
1436 2022 1826 2085 acbesedicta,
1857 2037 1974 2090 qum
2007 2021 2171 2076 Deum

634 2120 688 2172 in
721 2130 882 2171 carne
917 2112 1191 2183 peperisti.

704 2208 843 2261 Seda
908 2220 1050 2259 nunc
1088 2217 1299 2273 gravem
1344 2202 1653 2270 passionum
1696 2216 1933 2254 mearum
1975 2212 2171 2271 tempe-

629 2307 851 2360 statem,
889 2311 922 2350 ο
960 2303 1106 2350 casta
1143 2293 1527 2360 benedictaque
1565 2292 1773 2360 puclla;
1823 2302 1876 2345 ct
1925 2307 2171 2362 oppugna

628 2403 823 2444 omnes
849 2389 1194 2453 incorporeos
1230 2384 1431 2449 bosres,
1457 2384 1550 2451 qui
1581 2382 1889 2436 immaniter
1916 2383 2174 2437 lnsultant

629 2478 936 2549 paupertati
965 2490 1114 2541 mea},
1149 2484 1207 2531 ut
1236 2473 1463 2527 ﬁdeliter
1500 2484 1549 2526 te
1578 2473 1811 2528 laudem.

702 2566 1075 2621 Lucidissimis
1129 2563 1464 2630 lampadibus
1510 2561 1654 2614 illius
1687 2561 1869 2630 quies
1916 2574 1965 2616 te
2010 2577 2172 2631 supra

637 2659 831 2712 mentis
854 2666 1070 2725 captum
1104 2654 1417 2706 incarnatus
1449 2662 1549 2716 est,
1597 2652 1939 2707 sanctissima
1987 2650 2170 2720 Virgo,

630 2747 1001 2802 illuminemur
1046 2758 1164 2806 nos,
1213 2744 1305 2810 qui
1344 2755 1394 2796 te
1431 2741 1710 2810 Deiparam
1748 2744 1975 2796 tideliter
2012 2759 2174 2811 agno-

636 2841 874 2901 scimus,
920 2845 968 2889 et
1008 2850 1039 2889 a
1092 2834 1402 2903 passionum
1464 2833 1730 2891 tenebris.
1765 2842 1925 2902 atque
1954 2850 1982 2887 a
2034 2834 2173 2902 peri-

634 2930 779 2984 culis
813 2926 1130 2994 cunctisque
1158 2926 1279 2999 vitte
1312 2924 1726 2978 adversitatibus
1758 2924 2067 2979 liberemur.

639 3112 793 3184 132
838 3111 919 3164 Ea:
967 3109 1174 3163 Conone
1298 3108 1429 3188 [esto
1467 3108 1796 3188 'receptionis
1833 3108 2169 3188 reliquiarum

852 3191 1150 3233 sanctorum
1185 3174 1337 3244 Cyri,
1369 3184 1418 3228 et
1452 3174 1672 3228 Joannis
1692 3215 1707 3239 ,
1742 3177 1825 3228 die
1857 3174 1943 3230 28;

706 3422 982 3492 Tanquam
1013 3434 1095 3483 es,
1126 3433 1245 3487 quae
1265 3418 1335 3471 ob
1368 3416 1625 3470 bonitatis
1642 3430 1921 3471 excessum
1952 3416 2044 3470 tibi
2072 3432 2170 3472 nos

623 3512 929 3568 “familiares
959 3508 1112 3572 facis,
1143 3524 1175 3562 ο
1211 3507 1539 3570 castissima,
1586 3505 1801 3575 Deoque
1838 3505 2165 3575 gratissima,

622 3603 705 3657 ~ab
728 3600 871 3653 omni
902 3596 1251 3660 obscuritate,
1281 3602 1594 3683 tempe/state
1618 3610 1683 3647 ac
1717 3595 1956 3663 periculo
2002 3594 2168 3648 libera

626 3692 941 3746 universos.

706 3796 868 3867 Virgo
922 3794 1314 3857 illibatissima,
1379 3807 1499 3863 qua:
1549 3794 1802 3862 peperisti
1879 3794 2028 3847 illum
2079 3798 2166 3863 qui

638 3885 776 3939 tollit
820 3885 1036 3938 morbos
1078 3878 1390 3947 hominum,
1425 3882 1685 3935 medicam
1722 3882 1915 3937 adhibe
1950 3898 2166 3936 manum

637 3973 1049 4030 contritionibus
1099 3972 1291 4024 animae
1322 3987 1489 4034 mem,
1533 3972 1817 4040 carnisque
1850 3986 1979 4025 mea:
2016 3971 2169 4023 inllr-

640 4063 931 4124 n.itatibus.

706 4150 998 4221 Opulentas
1036 4150 1437 4205 misericordias
1471 4157 1589 4203 tuas
1614 4165 1834 4220 asperge
1862 4165 2021 4219 super
2048 4165 2164 4212 nos,

639 4258 671 4294 ο
708 4241 892 4311 Virgo,
929 4242 1081 4309 juxta
1112 4240 1555 4295 consuetudinem
1594 4249 1762 4303 tuam,
1814 4244 1991 4295 varios
2024 4256 2167 4294 mor-

641 4332 736 4384 bos
768 4344 962 4384 curans
998 4330 1296 4383 animarum
1348 4329 1560 4381 illorum
1590 4330 1679 4396 qui
1728 4345 1848 4382 cum
1888 4329 1991 4383 ﬁde
2019 4330 2084 4382 ad
2118 4339 2167 4382 te

640 4422 932 4481 accedunt,
982 4436 1101 4486 qua:
1147 4434 1205 4471 es
1251 4433 1414 4471 causa
1460 4418 1752 4481 bonorum,
1794 4433 1827 4470 ο
1878 4419 2163 4486 plurimum

638 4510 923 4563 iaudanda.

716 4618 1210 4672 IErumnosissimre
1239 4603 1588 4671 animaemezn
1632 4618 1827 4671 ﬂuctus
1862 4619 2165 4685 tranquilla,

633 4709 895 4769 obsecro;
942 4716 994 4759 et
1041 4707 1248 4760 dolores
1312 4708 1491 4760 carnis
1544 4722 1675 4761 mea:
1712 4708 1858 4771 seda,
1891 4722 2009 4774 qua:
2057 4712 2168 4760 sola

639 4798 840 4864 absque
869 4794 1143 4849 doloribus
1176 4793 1336 4847 Deum
1368 4804 1709 4863 corporatmn
1742 4796 2013 4863 peperisti.

2273 1938 2477 1998 πάντας
2534 1934 2881 2005 δροσίζουσσν
2924 1935 3047 1995 τοὺς
3100 1935 3540 2003 κεκρατημένους
3578 1936 3639 2001 τῇ
3684 1934 3783 2001 δὶύτ,

2270 2028 2367 2096 τῆς
2388 2026 2679 2097 ἁμαρτίας,
2708 2026 3020 2093 πανύμνητε
3048 2024 3405 2092 εὐλογημένη,
3434 2025 3467 2091 ἡ
3491 2022 3625 2075 Θεὸν
3650 2025 3784 2092 σαρκὶ

2273 2120 2537 2187 κυήσασα.

2342 2209 2541 2278 Στῆσον
2569 2206 2751 2259 παθῶν
2784 2224 2880 2275 μου
2913 2206 2972 2258 τὸ
3010 2205 3178 2258 δεινὸν
3207 2202 3301 2257 νῦν
3328 2203 3613 2257 κλυδώνιον
3631 2242 3645 2265 ,
3670 2203 3784 2270 ἁγνὴ

2271 2301 2636 2369 εὐλογημένη,
2691 2299 2781 2349 καὶ
2828 2297 3131 2367 πολέμησον
3169 2296 3374 2358 πάντας
3410 2296 3538 2355 τοὺς
3585 2294 3784 2362 άφειῆ

2271 2393 2334 2459 τῇ
2387 2392 2491 2459 ἐμῇ
2538 2388 2807 2457 πτωχείᾳ,
2847 2371 3478 2456 κόρη,ὲπεμ6αίνοντας
3529 2384 3782 2452 δυσμενεῖς

2270 2481 2558 2549 ἁσάρκους,
2594 2480 2737 2540 ὅπως
2769 2478 2970 2538 πιστῶς
2999 2478 3149 2545 ὐμνῶ
3180 2492 3259 2527 σε.

2338 2568 2711 2629 Φαεινοτάταις
2754 2566 3121 2636 λαμπάσιτοῦ
3164 2569 3228 2618 ὲκ
3273 2565 3362 2617 σοῦ
3404 2566 3779 2636 εαρκωθέντος,

2272 2661 2509 2731 Παρθένε
2552 2658 2823 2725 παναγία,
2864 2657 3002 2726 ὑπὲρ
3043 2656 3185 2721 νοῦν,
3226 2660 3273 2709 οἱ
3312 2657 3573 2709 Θεοτόκον
3611 2658 3781 2717 ειδότες

2272 2770 2330 2804 σε
2360 2751 2700 2821 φωτιζόμεθα
2749 2750 2961 2813 πίστει,
3004 2752 3093 2801 καὶ
3141 2750 3361 2811 σκότους
3404 2747 3781 2818 ἑχλυτρούμευι

2270 2840 2456 2892 παθῶν
2477 2882 2490 2904 ,
2524 2840 2617 2891 καὶ
2646 2840 2902 2892 κινδύνων
2926 2840 3018 2891 καὶ
3046 2838 3259 2890 πάντων
3288 2839 3380 2889 τοῦ
3408 2838 3523 2908 βίου
3550 2840 3782 2906 περιστά-

2273 2949 2426 2987 σεων.

2286 3112 2385 3162 Ἐκ
2423 3108 2527 3161 τοῦ
2569 3108 2834 3171 Κανόνος
2865 3108 2950 3169 εις
2988 3104 3097 3169 τὴν
3135 3102 3505 3170 ἀνακομιδὴν
3534 3099 3650 3152 τῶν
3686 3104 3781 3171 λει-

2343 3180 2551 3245 Ψάνων
2570 3193 2602 3228 τ
2605 3175 2687 3228 ὧν
2707 3170 2887 3245 ἁγίων
2905 3175 3248 3241 άναργύρωϋ¹
3269 3173 3460 3239 Κύρου
3485 3170 3585 3222 καὶ
3620 3170 3780 3226 Ἰωάν-

2339 3242 2467 3311 ἱοου,
2502 3245 2685 3313 ἡμέρᾳ
2722 3242 2826 3312 κη’.

2350 3425 2434 3486 Ὧς
2466 3422 2535 3475 τὰ
2571 3422 2724 3492 ἡμῶν
2758 3420 3023 3490 ὑπεροολῇ
3071 3418 3398 3486 ἁγαθότητος
3433 3414 3781 3485 οἰκειουμένη.

2270 3516 2507 3580 πάναγνε
2553 3512 2939 3580 θεοχαρίτωτε,
3002 3508 3369 3578 ἀμαυρώσεως
3431 3507 3644 3574 πάσης,
3705 3505 3780 3557 καὶ

2270 3604 2464 3672 ζάλης,
2493 3603 2587 3653 καὶ
2615 3600 2868 3653 κινδύνων
2894 3600 3096 3666 πάντας
3123 3599 3405 3653 διάσωσον.

2336 3800 2443 3861 Τὰς
2490 3799 2673 3860 νόσους
2725 3796 2830 3849 τῶν
2889 3795 3092 3865 βροτῶν
3131 3795 3221 3847 τὸν
3275 3794 3675 3865 ἀφαιρούμενον
3712 3808 3777 3844 τε·

2267 3887 2468 3949 κοῦσα,
2518 3886 2890 3954 παναμὼμητε
2934 3883 3193 3951 Παρθένε,
3231 3882 3330 3950 τῆς
3376 3882 3558 3950 ψυχῆς
3597 3898 3694 3949 μου
3729 3880 3785 3929 τὰ

2270 3974 2643 4043 συντριμματα
2684 3972 2779 4025 καὶ
2808 3972 3005 4039 σαρκὸς
3033 3976 3100 4023 τά
3132 3971 3409 4039 νοσήματα
3444 3969 3782 4039 θεράπευσον.

2335 4149 2583 4219 Συνήϐως
2610 4150 2692 4217 ἐφ’
2717 4150 2860 4217 ἡμᾶς
2891 4150 2959 4201 τὰ
2993 4147 3216 4200 πλούσιά
3242 4163 3335 4199 σου
3362 4145 3510 4215 ὲλέη,
3541 4144 3779 4215 Παρθένε,

2269 4248 2448 4314 ρἄον,
2490 4246 2765 4311 νοσήματα
2816 4240 3060 4293 παύουσα
3107 4241 3321 4293 ποικίλα
3351 4239 3576 4307 ψυχῶν,
3606 4238 3706 4290 τῶν
3739 4238 3785 4287 ἐν

2267 4332 2444 4383 πίστει
2483 4326 2810 4400 προσιόντων
2841 4347 2921 4383 σοι
2950 4333 3014 4398 τῇ
3050 4330 3154 4382 τῶν
3175 4328 3349 4383 καλῶν
3369 4328 3539 4398 αἰτίᾳ,
3561 4328 3776 4394 πολυύμ-

2266 4440 2409 4492 νητε.

2338 4622 2570 4690 Κύματα
2596 4622 2831 4690 πράῦνον
2856 4621 2951 4685 τῆς
2987 4618 3280 4677 παναθλίας
3314 4634 3413 4684 μου
3442 4618 3642 4685 ψυχῆς,
3686 4616 3775 4665 δέοι

2268 4729 2399 4779 μαι,
2453 4714 2545 4764 καὶ
2584 4716 2685 4779 τῆς
2741 4712 2938 4778 σαρκὸς
2973 4710 3176 4763 παῦσον
3206 4712 3300 4770 τὰς
3335 4710 3524 4769 ὀδύνας
3545 4750 3561 4773 ,
3595 4711 3624 4776 ἡ
3671 4708 3786 4776 μόνη

2266 4799 2497 4851 τεκοῦσα
2526 4799 2744 4852 ἄνευθεν
2774 4800 2957 4851 ὀδίνων
2981 4800 3109 4850 Θεὸν
3144 4798 3579 4868 σωματούμενον.

708 4886 1160 4941 Intellectualibus
1195 4886 1448 4952 superior
1490 4886 1850 4953 potestatibus
1875 4924 1889 4947 ,
1944 4886 2087 4939 omni
2123 4890 2425 4945 seductoris
2452 4890 2651 4943 malitia
2701 4889 3029 4957 superiorem
3069 4906 3153 4942 me
3193 4890 3276 4943 l‘ac
3329 4888 3787 4943 intercessionibus

636 4980 766 5041 tuis,
819 4978 944 5030 dum
986 4984 1037 5029 te
1072 4990 1193 5029 cum
1242 4977 1532 5042 gratiarum
1565 4978 1776 5029 actione
1820 4992 2027 5046 semper
2057 4980 2313 5049 glorilico.

708 5068 787 5120 Ab
824 5065 1134 5130 hominibus
1180 5065 1411 5127 infestis,
1448 5082 1475 5118 a
1515 5065 1847 5119 daemonibus
1887 5066 2167 5135 malignis,

2349 5071 2667 5139 Ἀνθρὼπων
2724 5071 2908 5123 δεινῶν
2957 5071 3047 5122 καὶ
3093 5071 3358 5139 δαιμόνων
3418 5073 3671 5141 πονηρῶν
3711 5069 3789 5123 καὶ

636 5167 692 5211 et
719 5157 785 5209 ab
812 5157 953 5209 omni
984 5156 1083 5208 alia
1118 5142 1456 5219 adversitate,
1497 5170 1643 5218 casu,
1676 5156 1929 5224 omnique
1959 5156 2169 5212 lazsione

2271 5162 2447 5228 πάσης
2504 5162 2668 5229 ἄλλης
2715 5160 3085 5226 κακοπραγίας
3132 5163 3225 5211 καὶ
3284 5160 3656 5227 συμπτώσεως
3712 5160 3791 5209 καὶ

642 5249 804 5300 libera
850 5261 955 5310 me,
990 5246 1149 5313 Virgo
1178 5254 1383 5306 sancta,
1422 5254 1477 5297 et
1513 5244 1721 5296 custodi
1763 5261 1848 5300 me
1878 5246 2170 5302 concinen-

634 5348 778 5397 tcm;
816 5336 1127 5389 Benedictus
1155 5350 1234 5398 es,
1272 5335 1414 5388 Deus
1448 5333 1685 5387 Patrum.

706 5448 760 5501 lu
792 5447 1141 5502 similitudine
1176 5446 1350 5499 carnis
1386 5446 1491 5505 ille,
1526 5446 1614 5513 qui
1642 5456 1724 5500 est
1755 5448 2166 5515 superilivinus,

638 5555 703 5592 ex
744 5549 792 5589 te
826 5536 1090 5604 apparuit,
1140 5551 1171 5586 o
1210 5534 1371 5603 Yirgo
1421 5544 1585 5597 casta,
1632 5552 1789 5603 quem
1843 5539 2170 5592 incessanter

633 5630 954 5689 deprecare,
992 5633 1044 5675 ut
1095 5626 1410 5677 misereatur
1443 5628 1627 5693 nostri,
1663 5630 1754 5695 qui
1806 5645 1929 5683 cum
1965 5632 2164 5684 malitia

2266 5252 2441 5317 πάσης
2465 5251 2757 5311 κακώσεως
2790 5251 2946 5319 ῥῦσαί
2982 5266 3069 5318 με,
3097 5249 3228 5316 ἁγία
3254 5250 3517 5318 Παρθένε,
3552 5252 3646 5301 καὶ
3680 5265 3787 5300 συν-

2265 5342 2499 5409 τήρησον
2525 5340 2811 5409 ψάλλοντα·
2842 5341 3138 5410 Εὐλογητὸς
3165 5336 3235 5405 εἴ,
3266 5344 3293 5392 ὁ
3333 5341 3463 5402 Θεὸς
3494 5344 3524 5393 ὁ
3552 5342 3661 5393 τῶν
3695 5342 3790 5391 [Ια-

2263 5431 2457 5496 τέρων.

2346 5541 2433 5591 Ἐν
2470 5540 2768 5610 ὁμοιώματι
2818 5543 3015 5608 σαρκὸς
3044 5546 3071 5594 ὁ
3100 5543 3380 5613 ὐπέρῦεος,
3409 5545 3571 5611 ἁγνὴ,
3608 5546 3669 5595 ἐκ
3713 5542 3791 5595 cui

2262 5632 2469 5701 ὡράοη,
2502 5634 2557 5685 ὃν
2584 5634 2871 5695 ἀπαύστως
2895 5634 3129 5687 δυσὼπει
3156 5636 3437 5703 ἐλεηθῆναι
3468 5637 3616 5703 ἡμᾶς
3646 5638 3796 5699 κακίᾳ
3892 5680 3893 5683 η
