3936 6304
181 207 206 269 1
229 203 334 270 137

1627 218 1988 284 MARIALE.

3272 228 3293 286 1
3315 230 3405 288 138

173 321 484 386 συζῶντας,
512 321 606 376 καὶ
624 324 923 396 τρέμοντας
949 326 1048 396 τῆς
1071 326 1448 399 αἰωνιζούσηςν
1475 330 1737 402 Παρθένε,
1771 382 1778 397 ι

1881 336 2185 391 onvivimus
2239 346 2292 390 ct
2358 346 2614 392 attentum
2696 346 3024 392 tormentum
3116 339 3405 391 contremi-

180 412 473 479 τιμωρίας.

252 502 553 574 Φωτοειδὴς
584 504 660 568 ὡς
689 506 888 574 νεφέλη
907 543 924 569 ,
972 505 1064 559 τὸν
1101 507 1199 583 τῆς
1241 508 1585 583 δικαιοσύνης
1614 525 1746 568 κατ-

174 589 390 659 ἔχουσα
415 594 677 662 ἀγκάλαις
701 611 816 660 σου,
843 595 1000 671 ἁγνὴ,
1023 580 1210 650 Ἥλιον
1239 599 1429 654 ἄδυτον
1458 580 1708 673 πειρυκαλς
1727 622 1740 636 ’

172 682 275 736 διὲι
304 685 461 739 τοῦτο
489 686 595 755 βοῶ
628 704 743 740 σοι’
779 679 994 762 Πολλοῖς
1032 692 1411 762 ἐσκοτισμένον
1448 713 1515 766 με
1558 700 1745 761 κακοῖς

175 775 613 846 φωταγώγησον,
642 777 798 850 κόρη,
824 781 1117 846 ἀπαύστως
1141 800 1199 835 σε
1225 771 1568 856 γεραίροντα.

1849 443 2077 483 setmus.

1921 519 2087 574 Facta
2114 534 2195 582 es,
2234 533 2267 572 0
2302 528 2472 581 casta,
2509 520 2654 573 velut
2685 521 2850 574 nubes
2881 519 3058 575 lucida
3084 559 3100 583 ,
3164 532 3286 587 qum
3323 520 3406 585 jn-

1851 610 2014 667 stitlan
2069 609 2250 664 Solem
2291 609 2634 664 inocciduum
2683 611 2827 666 ulnis
2873 607 3242 665 continuisti»:
3293 607 3412 662 ideo

1851 702 2028 756 clamo
2065 699 2130 754 ad
2161 708 2245 756 te:
2293 698 2541 753 lllumina
2590 714 2696 764 me,
2731 715 2768 752 o
2794 699 2990 768 puella,
3026 697 3213 753 multis
3258 697 3408 755 malis

1854 791 2290 852 obtenebratnm,
2319 789 2448 844 dum
2481 797 2531 843 te
2557 789 2891 843 incessanter
2925 791 3156 844 honoro.

1016 890 1169 968 133
1211 898 1292 953 Ea:
1349 901 1570 977 Cauoue.
1605 908 1658 960 in
1715 909 1770 962 S.
1819 909 2125 980 Hypatium,
2152 907 2237 961 die
2265 906 2335 961 28
2369 903 2574 978 (ϐείω).

261 1001 531 1058 Salvatori
561 1019 626 1060 ac
655 1006 764 1060 Deo
796 1023 859 1062 ex
892 1011 1061 1065 castis
1092 1004 1453 1080 sanguinibus
1482 1021 1590 1073 tuis
1619 1037 1744 1073 rer-

1913 1022 1956 1076 O
1982 1021 2304 1076 miraculum
2329 1017 2599 1073 omnium
2632 1016 3022 1096 miraculorum
3083 1013 3410 1074 maximum.

180 1110 298 1188 Diis
325 1094 544 1195 dedis-ti,
570 1113 604 1152 ο
635 1096 797 1195 Virgo
843 1101 1124 1168 inviolata,
1151 1111 1243 1175 qui
1269 1105 1416 1164 dedit
1450 1113 1608 1167 nobis
1654 1131 1746 1168 sa-
1845 1113 1989 1182 quod
2032 1113 2192 1182 Virgo
2248 1112 2570 1180 concipiens
2617 1094 2738 1164 sine
2769 1107 2907 1160 virili
2943 1121 3104 1175 opcra
3140 1106 3193 1158 in
3257 1114 3411 1158 utero

191 1192 432 1247 ruentem
471 1185 818 1241 Hierarcham
850 1205 1033 1256 suum,
1064 1193 1405 1254 salutiferum
1433 1216 1499 1256 ac
1535 1203 1754 1258 ferven-
1847 1221 1947 1260 suo
1981 1206 2134 1258 illum
2196 1205 2286 1272 qui
2323 1204 2571 1256 universa
2630 1197 3029 1268 complectitur,
3092 1197 3244 1250 illum
3301 1211 3406 1248 non

186 1282 309 1327 tem
367 1273 732 1340 defensorem,
765 1294 887 1332 vere
904 1283 1276 1340 admirabilem
1312 1287 1623 1361 llypatium.

272 1364 400 1420 Esto
430 1368 560 1422 mihi
584 1371 808 1437 propitia
833 1373 886 1426 in
926 1374 1013 1428 die
1063 1375 1264 1433 Christi
1320 1381 1644 1444 formidabili
1687 1404 1752 1443 ac

190 1457 498 1521 tremenda,
534 1473 567 1512 o
601 1461 690 1513 Dei
716 1460 906 1528 Mater,
967 1465 1124 1537 Virgo
1161 1472 1392 1539 geniti-ix
1413 1474 1600 1541 Maria,
1626 1494 1748 1548 quae

177 1547 458 1616 _omnibus
487 1549 609 1606 Filii
668 1552 746 1609 tui
807 1559 1068 1614 creaturis
1096 1577 1155 1615 es
1186 1563 1492 1632 sublimior,
1551 1547 1753 1641 quippe

185 1656 318 1709 qua:
344 1641 457 1695 sola
489 1643 665 1708 ipsum
702 1651 1189 1714 supernaturaliter
1217 1653 1452 1710 iactasti.

271 1731 435 1800 Virgo
468 1731 658 1799 Mater,
700 1753 820 1804 quae
853 1738 1018 1793 Deum
1078 1743 1420 1801 incarnatum
1477 1751 1734 1817 peperisti

194 1834 398 1913 graves
420 1831 473 1874 et
495 1822 918 1913 innumerabiles
937 1830 1132 1884 autimas
1153 1846 1286 1886 mea:
1306 1833 1489 1902 lapsus
1509 1838 1755 1907 expians,

189 1912 346 1966 salva
369 1929 455 1968 me
488 1912 877 1972 intercessione
906 1929 1016 1974 tua.

271 2001 582 2058 Gratiarum
623 2015 836 2061 tuarum
869 2007 1035 2072 ﬂuvii.
1079 2020 1132 2065 et
1163 2011 1341 2070 fontes
1387 2018 1755 2089 curationum,

196 2101 258 2146 et
282 2093 593 2148 divinarum
623 2096 934 2153 divitiarum
971 2101 1391 2160 distributiones
1420 2106 1756 2180 dividuntur,

190 2182 354 2237 o'Dci
382 2184 707 2254 Sponsa,“
748 2204 912 2244 manu
955 2191 1065 2253 illa.
1099 2193 1242 2247 unde
1290 2196 1399 2250 vita
1432 2198 1756 2269 principiutn

192 2275 408 2342 habuit,
438 2275 839 2348 Dmnipotentis
866 2283 957 2351 qui
990 2300 1052 2337 ex
1085 2294 1243 2341 utero
1280 2298 1374 2342 tuo
1397 2299 1558 2345 natus
1581 2301 1684 2346 est.

275 2366 608 2435 Sapientiam
643 2369 732 2425 Dei
762 2372 1148 2428 subsistentem
1185 2378 1462 2446 peperisti,
1501 2375 1757 2439 inviolata

199 2456 369 2528 Virgo
398 2460 646 2528 Deipara,
679 2478 799 2530 qua:
837 2475 1059 2522 sanctos
1117 2469 1550 2534 sapientissimos
1606 2473 1763 2534 fecit.

193 2563 295 2616 per
324 2565 465 2617 quos
498 2552 716 2607 malitiae
745 2555 1026 2612 architecti
1079 2559 1271 2615 cecidit
1310 2561 1515 2629 fastus,’
1547 2574 1602 2618 et
1629 2581 1756 2636 pes-

191 2640 337 2695 sima
370 2642 824 2702 machinamenta.

729 2820 885 2876 MHN
920 2823 1214 2880 ιΟΥΛΙΟΣ.

206 2949 315 3004 Ἐκ
342 2950 448 3006 τοῦ
478 2956 861 3032 Κατςόνοςείς
897 2958 1049 3032 τοὺς,
1074 2959 1283 3029 ἁγίους
1304 2961 1611 3032 μάρτυρας
1647 2967 1757 3021 Κο-

476 3026 642 3091 σμιῐν
671 3026 769 3080 καί
804 3026 1132 3097 duplam)»,
1168 3026 1359 3100 ἠμέῥᾳ
1383 3026 1458 3090 ἱέ.

267 3152 334 3207 Σὲ
363 3154 453 3208 τοῦ
485 3156 618 3210 Θεοῦ
650 3157 710 3212 τὸ
740 3161 959 3232 χωρίον,
982 3163 1081 3235 τὴν
1107 3166 1304 3237 νοητὴν
1331 3170 1630 3242 τράπεζαν,
1661 3177 1762 3244 τὴν

193 3245 465 3316 καλλονὴν
498 3247 591 3302 τοῦ
633 3250 850 3318 Ἰακὼϐ,
886 3254 987 3324 τὴν
1029 3255 1322 3313 ωιάόατον
1359 3264 1632 3332 γέφυραν,
1669 3268 1763 3320 καὶ

189 3337 534 3394 ἁδιάσειστον
555 3341 820 3413 κλίμακα,
848 3345 1105 3417 ἄχραντε,
1129 3352 1184 3404 αί
1207 3355 1392 3418 γενεαὶ
1427 3357 1534 3408 τῶν
1559 3359 1762 3424 γενεῶν

193 3429 593 3501 μακαρίζομεν.

277 3688 338 3741 '0
361 3690 587 3762 φοϐερὸς
607 3697 725 3759 ταῖς
753 3697 864 3752 ἄνω
890 3703 1244 3771 στρατηγίαις
1274 3705 1330 3758 ὲν
1360 3706 1440 3757 σοι
1468 3706 1760 3778 ἀφράστως

188 3779 411 3852 ᾤκησε,
449 3786 840 3859 καθαρωτέραν
884 3793 1133 3863 εὑρηκὼς
1168 3797 1368 3865 ὁρατῆς
1413 3801 1504 3850 καὶ
1539 3801 1762 3867 νοουμέ-

189 3887 328 3941 νης,
366 3873 502 3943 ἁγνὴ
533 3876 776 3948 Παρθένε
798 3920 812 3943 ,
859 3879 1107 3950 (piceo);-
1139 3883 1221 3937 διό
1257 3901 1315 3936 σε
1359 3887 1757 3957 μακαρίζομεν.

284 4052 346 4105 Ἦ
385 4055 608 4125 λαμπὰς
636 4057 730 4110 τοῦ
779 4057 924 4112 θείου
957 4062 1155 4128 φωτὸς,
1193 4063 1223 4132 ἠ
1261 4063 1506 4134 ὰνωτέρα
1544 4065 1763 4120 πάντων

189 4144 305 4197 τῶν
337 4147 677 4216 ποιημάτων,
711 4151 740 4214 ί)
779 4150 870 4202 τὸν
897 4151 1183 4222 ἄνθρωπον
1213 4153 1485 4223 οεώσασα,
1525 4157 1600 4221 ὡς
1629 4157 1763 4211 Θεὸν

193 4233 448 4304 κυήσασα
471 4277 484 4295 ,
515 4238 607 4288 καὶ
632 4237 892 4302 Θεοτόκος
915 4241 1215 4329 δοξάζεται.

1849 1311 1947 1351 eoa
1957 1296 2168 1350 rctavit.
2583 1339 2587 1343 .

1924 1384 1972 1440 Ο
2006 1385 2096 1440 Dei
2138 1399 2333 1452 sponsa
2375 1380 2560 1451 Virgo,
2595 1394 2717 1451 qua:
2751 1380 2959 1448 absque
2996 1376 3253 1446 nuptialis
3284 1376 3402 1429 tha-

1856 1475 1984 1530 lami
2012 1475 2404 1544 experimento,
2464 1483 2518 1526 et
2549 1472 2756 1541 absque
2811 1470 3035 1525 seminis
3070 1467 3420 1536 corruptione

1859 1565 2208 1636 Unigenitum
2249 1563 2427 1619 Patris
2458 1563 2777 1632 concepisti,
2831 1572 2885 1615 ct
2918 1561 2971 1614 in
3029 1574 3193 1614 carne
3255 1573 3414 1628 pepe-

1858 1657 1998 1719 risti,
2035 1641 2100 1710 ex
2136 1654 2496 1710 immaculatis
2526 1653 2881 1722 sanguinibus
2936 1650 3068 1716 tuis,
3128 1665 3195 1704 ne
3234 1663 3416 1704 cesses

1860 1762 2046 1818 preces
2073 1745 2351 1801 cil'undere
2392 1760 2488 1814 pro
2518 1745 2694 1798 salute
2728 1742 2938 1795 mundi.

1929 1839 2010 1894 ile
2041 1837 2223 1892 multis
2249 1834 2505 1906 periculis
2540 1833 2959 1894 circumdatum,
2982 1841 3039 1885 et
3067 1839 3414 1900 peccatorum

1861 1934 2180 1997 tempestate
2216 1924 2682 1996 periculosissime
2709 1922 2998 1992 iactatum,
3035 1922 3208 1988 dirige
3273 1934 3418 1973 nunc

1860 2019 2099 2089 Spiritus
2124 2017 2298 2071 sancti
2332 2031 2464 2071 aura
2499 2013 2566 2070 ad
2605 2013 3011 2085 pacatissimam
3046 2011 3352 2073 stationem,
3386 2027 3420 2062 ο

1859 2111 1950 2166 Dei
1985 2110 2213 2181 genitrix
2267 2108 2515 2170 Domina,
2573 2118 2763 2175 portus
2801 2105 2944 2160 enim
2991 2120 3050 2159 cs
3080 2101 3419 2157 Christiano-

1860 2217 2022 2266 rum;
2067 2201 2420 2271 quamobrem
2455 2210 2505 2252 te
2567 2195 2725 2268 135
2774 2196 3061 2251 laudamus
3126 2195 3179 2249 in
3236 2193 3419 2248 omnia

1859 2293 2080 2365 sarcula.

1928 2376 2097 2439 Mater
2126 2380 2758 2437 Creatorislncidissima
2793 2387 3112 2433 maestorum
3165 2374 3421 2430 consola-

1862 2477 1955 2537 tio,
1989 2474 2407 2544 periclitantium
2443 2472 2736 2542 protectio,
2770 2480 2824 2527 et
2861 2470 3228 2526 laborantium
3261 2469 3421 2522 auxi-

1863 2569 2017 2628 limn,
2055 2576 2216 2635 atque
2243 2565 2624 2633 :egrotantium
2651 2564 2803 2619 velox
2861 2562 3127 2622 visitatio.
3188 2568 3246 2614 tu
3311 2571 3420 2618 me.

1862 2657 2102 2730 quandiu
2135 2656 2345 2718 vixero,
2373 2656 2610 2710 custodi.

2351 2822 2600 2879 MENSIS
2633 2781 2914 2878 tumes.

1861 2959 1945 3016 Es
1971 2960 2183 3016 Canane
2205 2961 2258 3012 in
2291 2931 2425 3027 festo
2449 2948 2550 3012 SS.
2583 2955 2809 3078 Cozma',
2839 2965 2889 3009 et
2923 2955 3174 3009 Παπείριιὶ
3221 2963 3422 3026 Many-

2456 3043 2600 3078 rum.
2697 3042 2743 3078 te
2805 3063 2820 3078 .
2975 3048 2980 3054 -

2456 3043 2600 3089 rum,
2659 3042 2743 3080 ate
2772 3042 2790 3078 ι
2805 3063 2820 3078 .
2975 3048 2980 3054 ·

1936 3162 2011 3218 Te
2049 3163 2141 3217 Dei
2175 3162 2355 3216 sedem
2411 3175 2476 3214 ac
2532 3159 2954 3228 possessionem,
2990 3170 3231 3209 mensam
3267 3155 3424 3222 spiri-

1866 3255 2053 3317 talem',
2093 3253 2330 3322 speciem
2363 3266 2436 3305 ac
2470 3248 2927 3319 pulchritudinem
2961 3245 3150 3308 Jacob,
3209 3256 3424 3314 pontem

1867 3345 2096 3415 trajectu
2144 3340 2519 3398 felicissimum
2555 3355 2620 3394 ac
2666 3336 3010 3399 facillimum,
3080 3335 3279 3390 scalam
3312 3335 3429 3388 stav'

1864 3435 2028 3490 bilem
2062 3443 2226 3503 atque
2266 3431 2632 3495 immobilem,
2687 3443 2885 3483 omnes
2917 3425 3199 3481 hominum
3269 3439 3430 3494 gene-

1865 3527 2104 3581 rationes
2143 3539 2267 3580 cum
2301 3522 2494 3578 affectu
2530 3523 2744 3577 beatam
2783 3531 3184 3587 nuncupamus.
3235 3530 3270 3569 ο
3321 3515 3426 3569 im-

1863 3617 2163 3670 maculata.

1932 3706 2024 3761 llle
2055 3707 2145 3775 qni
2173 3703 2535 3759 formidabilis
2574 3709 2656 3756 est
2677 3698 2929 3770 supernis
2960 3697 3311 3758 exercitibus,
3371 3694 3424 3748 in

1869 3808 1922 3852 te
1955 3796 2308 3852 inenarrabili
2346 3794 2505 3849 modo
2526 3793 2809 3852 habitavit,
2834 3805 2868 3842 ο
2898 3801 3045 3843 casm
3076 3786 3262 3855 Virgo.
3300 3801 3425 3841 cum

1866 3899 1918 3943 te
1947 3888 2097 3942 onmi
2129 3896 2324 3945 natura
2375 3885 2596 3946 visibili,
2659 3891 2821 3951 atque
2853 3877 3184 3947 intelligibili
3246 3877 3427 3946 purio-

1870 3995 1983 4034 rem
2022 3979 2315 4032 invenisset
2351 3993 2364 4029 :
2401 3984 2683 4045 propterea
2721 3982 2772 4027 te
2806 3972 3030 4024 .bealam
3072 3969 3425 4038 appeliamus.

1938 4071 2170 4140 Lampas
2195 4069 2390 4122 divina:
2427 4067 2586 4128 lucis,
2627 4063 2877 4132 superior
2900 4059 3157 4115 omnibus
3199 4067 3422 4113 creatu-

1864 4163 1959 4227 ris,
2014 4177 2135 4231 quaa
2195 4160 2466 4215 hominem
2514 4155 2807 4219 deiﬁcavit,
2847 4153 3046 4225 quippe
3083 4169 3205 4221 quae
3259 4151 3435 4204 Deum

1865 4253 2154 4325 pepererit,
2211 4251 2441 4320 Deipara
2479 4235 2835 4318 gloriﬁcatur.

280 4327 581 4382 Ἀνάτειλὸν
613 4348 725 4398 μοι,
759 4333 1048 4395 Δέσποινα,
1075 4327 1281 4387 ἀκτῖνα
1314 4335 1467 4400 Θείας
1506 4337 1760 4406 γνώσεως

1933 4344 2074 4400 Oriri
2109 4342 2196 4399 fac
2225 4357 2388 4411 super
2413 4357 2521 4405 me,
2558 4340 2804 4402 Domina,
2840 4337 3053 4392 radium
3081 4335 3280 4389 divina:
3329 4349 3423 4388 co-

189 4418 274 4487 τῷ
301 4421 360 4472 ἐν
389 4419 465 4490 τῷ
500 4421 675 4490 σκότῳ
709 4425 807 4492 τῆς
844 4425 1122 4490 ἀγνωσίας
1157 4426 1345 4490 δεινῶς
1383 4431 1756 4501 συνεχομένῳ,

191 4511 293 4561 καὶ
329 4512 463 4580 πρ³›ς
502 4512 615 4581 φῶς
655 4513 919 4585 ὁδήγησον
962 4517 1273 4586 μετανοίας,
1307 4518 1565 4591 ἄχραντε,
1615 4523 1757 4593 πύλη

189 4598 254 4654 οὗ
265 4619 329 4653 σα
355 4602 447 4654 τοῦ
473 4605 668 4671 φωτός.

268 4693 446 4746 Σῶσὸν
502 4713 590 4764 με,
641 4697 946 4766 ήτεκοῦσα
985 4698 1078 4751 τὸν
1128 4699 1395 4770 Σωτῆρα·
1449 4701 1610 4770 βυθὸς
1653 4706 1760 4775 γὰρ

191 4786 558 4855 συν-ταράσσει
601 4803 666 4857 με
720 4789 1174 4859 ἁμαρτημάτων,
1239 4794 1332 4844 καὶ
1382 4793 1633 4860 χειμάζει
1690 4814 1759 4862 με

190 4873 484 4926 κλυδώνιον
533 4877 763 4945 ἡδονῶν,
816 4881 910 4932 καὶ
958 4879 1091 4948 ζὰλη
1135 4882 1246 4934 τῶν
1284 4884 1614 4953 πνευμάτων
1654 4886 1760 4955 τῆς

192 4965 461 5032 πονηρίας
491 4968 727 5021 ἐκθλίϐει
765 4987 853 5038 με.

272 5059 650 5129 Καταὸήσεται
679 5063 930 5132 Χριστὸς,
964 5065 1039 5128 ὡς
1077 5066 1225 5127 ὑετὸς
1255 5065 1347 5117 ἐπὶ
1373 5066 1559 5130 πόκον,
1593 5070 1649 5118 ἐν
1692 5071 1757 5138 τῇ

189 5156 396 5226 γαστρί
437 5172 549 5219 σου,
586 5155 976 5227 Θεοχαρίτωτε,
1015 5159 1260 5220 καὶτοὺς
1290 5158 1623 5228 χειμάρρους
1659 5160 1757 5226 τῆς

190 5249 425 5319 ἀνομίας
472 5249 811 5302 καταπαύσει
852 5251 927 5312 ὠς
975 5251 1124 5314 θεὸς,
1170 5252 1262 5304 καὶ
1310 5249 1617 5319 ἀφθαρσίαν
1665 5252 1760 5303 καὶ

190 5341 342 5411 ζωὴν
366 5341 604 5409 πηγάσει
632 5344 746 5404 τοῖς
789 5342 1103 5411 μέλπουσιν,
1149 5343 1453 5413 Εὐλογητὸς
1496 5345 1523 5395 ό
1553 5343 1683 5408 Θεὸς
1731 5346 1759 5397 ὁ

181 5429 303 5483 ’τῶν
332 5431 612 5501 Πατέρων.

269 5608 452 5674 (ϐίω)
487 5610 835 5669 Desiderantur
869 5612 922 5668 in
955 5613 1189 5668 Menaeis.

1863 4437 2140 4508 guitionis.
2171 4451 2295 4490 cum
2322 4433 2558 4488 tenebris
2587 4430 2914 4502 ignorantia:
2928 4429 3162 4500 graviter
3193 4442 3429 4496 oppres-

1862 4547 1955 4584 sus
1988 4530 2211 4593 sim;et
2239 4527 2414 4581 deduc
2472 4540 2558 4579 me
2613 4522 2682 4577 ad
2747 4523 2932 4575 lumen
2988 4517 3346 4590 pwnitcntiaz,
3395 4532 3430 4570 o

1864 4620 2231 4684 immaculata,
2266 4634 2386 4674 cum
2421 4618 2497 4671 sis
2529 4624 2680 4685 porta
2715 4613 2873 4668 lucis.

1942 4712 2102 4766 Salva
2143 4727 2250 4776 me,
2288 4721 2344 4764 tu
2385 4723 2507 4776 qua:
2575 4706 2912 4760 Salvatorem
2949 4699 3253 4770 peperisti;
3299 4714 3430 4767 pro-

1869 4803 2095 4858 fundum
2125 4802 2327 4871 quippe
2351 4807 2699 4870 peccatorum
2735 4793 3031 4848 con2nrbat
3063 4807 3181 4856 me;
3215 4798 3271 4843 et
3298 4804 3426 4842 exa-

1870 4894 2002 4963 gitat
2042 4907 2125 4946 me
2155 4900 2451 4960 tempestas
2510 4885 3098 4955 concupiscentiarum,
3169 4881 3428 4948 maligno-

1869 4994 2095 5047 rtunque
2129 4981 2414 5049 spirituum
2449 4977 2682 5048 procella
2715 4974 2900 5044 allligit
2935 4988 3042 5026 me.

1944 5072 2097 5142 135
2124 5071 2418 5125 Dcsceudct
2439 5069 2690 5123 Christus
2712 5067 2852 5120 sicut
2877 5065 3055 5133 pluvia
3079 5063 3131 5114 in
3159 5060 3348 5118 vellus.
3374 5058 3432 5109 in

1870 5175 2080 5217 nti-rum
2120 5172 2295 5224 tuum,
2328 5177 2361 5216 ο
2390 5163 2498 5215 Deo
2525 5159 2851 5212 charissima
2880 5175 2895 5223 ;
2937 5165 2991 5209 ct
3027 5162 3292 5206 torrentes
3320 5149 3426 5201 iui-

1867 5253 2088 5323 quitatis
2112 5268 2329 5308 cessare
2359 5252 2535 5315 faciet,
2574 5259 2758 5318 utpote
2793 5248 2973 5311 Deus;
3009 5254 3169 5311 atque
3199 5242 3426 5293 innuer—

1869 5347 2126 5401 talitatem
2161 5361 2226 5399 ac
2264 5345 2430 5398 vitam
2465 5344 2518 5396 in
2550 5341 2769 5395 modum
2818 5340 2983 5392 fontis
3031 5332 3304 5389 emanabit
3361 5331 3428 5384 iis

1869 5438 1959 5506 qui
1998 5445 2202 5491 canunt
2239 5454 2252 5490 ι
2297 5435 2613 5491 Βοιιοάἱςιυε
2663 5431 2806 5488 Deus
2831 5431 3070 5485 Patrum.
