3936 6304
567 240 701 308 1³39

566 460 650 504 tor
683 449 950 513 omnium,
992 458 1153 517 atque
1184 449 1349 503 exivit
1387 450 1456 502 ab
1505 460 1662 504 utero
1691 460 1803 514 tuo,
1866 452 2124 521 virginem

567 554 618 595 te
644 556 992 595 conservans.
1025 538 1069 594 Ο
1092 541 1414 596 miraculum
1452 543 1868 597 miraculorum!
1902 560 1935 597 o
1968 558 2129 596 novo-

567 646 684 685 rum
749 632 1131 700 mysteriorum
1197 630 1604 698 manifestatio,
1643 649 1762 701 qua:
1798 634 1850 686 in
1899 641 1948 686 te
1987 630 2126 688 facta

567 731 692 778 sunt
730 722 782 776 in
813 724 992 777 omnia
1025 723 1246 777 srccula.
1999 781 2002 784 ,

634 813 677 869 Ο
715 816 888 886 virgo,
916 831 1034 884 quae
1066 815 1206 900 ipsis,
1228 815 1523 870 Clterubim
1562 817 1811 895 superior
1869 819 2126 886 apparui-

567 906 655 969 sti,
688 906 837 960 efiice
869 915 1104 961 mentem
1147 924 1321 962 meam
1350 907 1661 962 carnalibus
1724 909 2124 978 concupiscen-

566 1000 656 1052 tiis
689 1001 919 1067 vita-que
957 999 1351 1078 tentationjbus
1399 998 1739 1066 superiorem
1764 1015 1779 1064 ;
1807 1008 1861 1052 et
1885 1004 2124 1057 concede

565 1091 696 1145 mihi
735 1100 792 1144 ut
853 1092 1106 1161 expedite
1161 1090 1420 1159 facileque
1461 1088 1703 1143 incedam
1743 1106 1840 1159 pro
1900 1095 2123 1149 semitas

566 1183 855 1243 salutares,
887 1198 1009 1252 quae
1045 1183 1250 1239 ducunt
1276 1181 1346 1235 ad
1377 1194 1667 1249 supernam
1737 1181 2036 1250 civitatem,
2090 1201 2123 1239 ο

567 1273 927 1328 Immaculata.

1683 249 1743 310 S.
1787 243 2096 309 JOSEPHI
2140 251 2352 309 HYMN
2363 252 2455 311 OG
2467 254 2703 310 RAl'ﬂl

624 357 712 410 ~Ex
747 356 917 410 sacris
947 355 1304 424 sanguiuibus
1359 356 1465 411 tuis
1501 358 1818 414 incarnatus
1849 359 2121 412 cstCrea-
2151 364 2191 423 Α

3662 258 3683 321 1
3700 257 3712 317 l
3729 257 3784 317 tu

2309 361 2399 426 Ἐξ
2427 362 2675 432 αἱμάτων
2715 377 2808 413 σου
2852 361 3012 428 ἱερῶν
3043 361 3383 431 σεσάρκωται
3413 365 3440 416 ὀ
3484 363 3787 432 Πλαστουρ-

2231 453 2329 521 γὸς
2379 456 2406 505 ὁ
2455 453 2706 517 πάντων,
2739 453 2831 505 καὶ
2879 452 2973 505 σοῦ
3009 453 3274 524 προῆλθεν
3306 455 3370 506 ἐκ
3417 456 3694 524 γαστρὸς,
3734 458 3784 508 σὲ

2238 546 2510 616 παρθένον
2564 545 2932 614 διαφυλάξας·
2992 545 3036 598 ὣ
3099 545 3283 613 θαῦμα
3348 545 3683 616 θαυμάτωνί
3750 547 3788 598 ὦ

2235 639 2437 692 καινῶν
2479 639 2788 709 μυστηρίων
2833 639 3136 708 φανέρωσις
3170 640 3228 693 ὲν
3257 639 3340 692 σοὶ
3391 640 3786 708 πεπραγμένων

2235 748 2258 782 ε
2271 730 2550 795 ίς-πάντας
2579 731 2702 792 τοὺς
2731 730 2931 790 αἰῶνας
2951 731 2964 781 ι

2304 821 2560 884 Φανεῖσα,
2597 820 2861 890 Παρθένε,
2893 818 3001 872 τῶν
3027 819 3310 890 Χερουϐὶμ
3337 819 3608 885 ἀνωτέρα,
3661 819 3787 871 ἀνώ-

2233 933 2387 986 τερον
2434 916 2747 984 ἀπέργασαι
2788 918 2878 970 τὸν
2905 915 3029 969 νοῦν
3065 933 3166 985 μου
3210 916 3318 968 τῶν
3359 914 3642 986 σαρκικῶν
3674 914 3786 983 ἡδο-

2229 1007 2358 1072 νῶν,
2417 1008 2512 1060 καὶ
2560 1007 2654 1061 τοῦ
2685 1008 2800 1078 βίου
2835 1008 3180 1079 πειρασμῶν,
3227 1008 3318 1060 καὶ
3362 1007 3509 1074 δίδου
3553 1006 3786 1076 βαδίζειν

2229 1096 2502 1160 εὐσταλῶς
2552 1100 2651 1162 τὰς
2706 1098 3005 1170 σωτηρίους
3052 1097 3291 1170 τρίϐους,
3353 1096 3463 1161 τὰς.
3504 1095 3786 1166 φερούσας,

2230 1189 2485 1259 ἄχραντε,
2519 1191 2655 1260 πρὸς
2686 1192 2785 1262 τὴν
2816 1192 2928 1246 ἄνω
2957 1189 3130 1245 πόλιν.

1145 1386 1225 1441 Ea:
1253 1385 1467 1441 Canone
1492 1388 1676 1443 aliain
1712 1385 1810 1443 SS.
1840 1388 2141 1458 Anargyros
2186 1388 2453 1454 Casinam,
2509 1398 2559 1443 et
2606 1390 2931 1444 Damianum
2981 1391 3201 1460 (64“"l.

639 1505 973 1560 Salvatorem
1009 1519 1071 1557 ac
1101 1503 1265 1556 Deum
1302 1517 1366 1555 ex
1414 1503 1594 1567 castis,
1619 1502 1979 1573 sanguinibus
2013 1502 2123 1558 tuis

565 1596 893 1666 corporasti,
927 1609 961 1650 ο
996 1610 1128 1664 pura
1169 1604 1223 1648 et
1277 1595 1556 1657 inviolata,
1618 1595 1707 1664 qui
1765 1594 1914 1648 dedit
1968 1595 2126 1649 nobis

2301 1504 2586 1576 Templum
2619 1506 2882 1561 mundum
2921 1505 3047 1560 fecit
3081 1515 3153 1570 te,
3201 1505 3452 1570 Domina,
3495 1502 3786 1557 mundissi-

2237 1612 2384 1651 mum
2426 1595 2585 1668 136
2628 1595 2888 1661 Verbum,
2925 1595 3070 1666 quod
3119 1595 3360 1649 divinam
3389 1593 3786 1663 Anargyrorum

567 1689 832 1745 salutares
871 1687 1109 1742 medicos
1135 1685 1448 1756 passionum
1474 1696 1804 1751 nostrarum,
1833 1694 1889 1739 et
1921 1686 2134 1740 ferven-
2167 1681 2207 1738 B
2239 1689 2537 1743 Ecclesiam
2564 1688 2735 1759 signis
2767 1702 2832 1743 ac
2867 1687 3128 1758 prodigiis
3184 1699 3404 1754 semper
3467 1683 3785 1753 magnilicat.

568 1788 650 1834 tes
677 1778 1010 1844 defensores,
1045 1778 1320 1847 sapientes
1350 1776 1658 1847 Anargyros
1691 1778 1748 1829 in—
1775 1777 1988 1843 spiritu.

639 1871 716 1926 Te
748 1870 1209 1940 speciosissimam
1252 1869 1393 1922 inter
1422 1868 1675 1942 mulieres
1701 1869 1860 1937 elegit
1889 1866 2049 1932 Deus,
2081 1877 2134 1921 et

569 1983 634 2021 ex
674 1975 725 2021 te
757 1964 1131 2033 corporaliter,
1167 1978 1197 2013 ο
1230 1972 1400 2025 casta,
1435 1962 1580 2015 nasci
1633 1961 1964 2028 complacuit
2007 1960 2130 2024 sibi,

571 2058 661 2127 qui
688 2056 977 2125 requiesi-it
1012 2056 1065 2109 in
1095 2055 1298 2109 sanctis
1328 2055 1469 2108 suis.
1498 2057 1503 2063 ’

637 2147 1030 2220 Compassione
1061 2155 1149 2198 tua
1179 2145 1399 2214 dignum
1433 2161 1519 2198 me
1550 2145 1654 2207 fac,
1687 2135 1719 2198 ὀ
1756 2142 1922 2213 Virgo
1953 2144 2129 2197 invio-

569 2245 697 2303 lata,
731 2253 852 2306 quae
885 2237 1139 2306 peperisti
1198 2235 1427 2289 Verbum
1483 2235 1641 2288 unice
1698 2235 2132 2303 contpassivissi-

569 2325 740 2392 mum,
781 2330 925 2401 quod
957 2329 1232 2384 concessit
1258 2327 1529 2381 universis
1567 2328 1765 2381 finibus
1801 2335 1956 2380 terra:
1985 2325 2128 2380 San—

552 2409 685 2476 ‘ctos
725 2421 1118 2491 compatientes
1150 2418 1406 2483 medicos,
1438 2427 1491 2471 et
1523 2418 1912 2472 miraculorum
1945 2426 2130 2487 patra-
2211 2469 2213 2471 ,

571 2523 742 2570 tores.

645 2603 976 2674 Sapientiam
1017 2603 1106 2658 Dei
1141 2604 1551 2659 substantialem
1596 2594 1876 2674 peperisti,
1913 2618 1945 2655 o
1970 2583 2135 2670 Virgo

573 2696 835 2751 inviolata
862 2695 1113 2766 Dcipara,
1143 2709 1263 2765 qua:
1303 2705 1520 2750 sanctos
1553 2686 1990 2765 sapientissimos
2036 2708 2135 2746 no-

576 2789 662 2843 bis
708 2785 1004 2852 concessit',
1044 2802 1141 2857 per
1166 2803 1306 2857 quos
1330 2787 1550 2841 malitia:
1607 2785 1891 2841 architecti
1941 2783 2138 2839 cecidit

576 2877 774 2944 fastus,
806 2887 856 2934 et
882 2878 1202 2948 gravissima
1235 2887 1642 2948 stratagemata.

2317 1802 2361 1858 Ο
2401 1802 2569 1859 Maria
2615 1803 2765 1873 virga
2817 1817 2938 1872 qua
2965 1799 3279 1870 germinain
3309 1813 3373 1852 ex
3405 1797 3588 1850 radice
3614 1787 3779 1857 Iesse,

2237 1893 2537 1962 protulisti,
2595 1892 2872 1954 inviolata,
2925 1891 3108 1944 ﬂorem
3165 1887 3469 1951 Christum,
3507 1885 3601 1953 qui
3655 1883 3788 1935 velut

2235 1985 2480 2050 floribus,
2508 1983 2781 2040 miraculis
2802 1989 3028 2037 exornat
3050 1979 3280 2034 famulos
3302 1991 3430 2032 suos
3458 1977 3782 2043 Anargyros.

2306 2088 2588 2166 Perempta
2619 2105 2702 2152 est
2732 2111 2876 2150 mors
2907 2095 2961 2148 in
2989 2102 3070 2160 te;
3105 2092 3270 2146 vitam
3291 2089 3436 2145 enim
3464 2083 3786 2142 substantia-

2240 2192 2342 2247 lem
2369 2190 2624 2261 peperisti
2657 2187 2932 2242 Christum
2960 2184 3271 2245 Dominum,
3304 2196 3337 2236 o
3364 2179 3648 2241 inviolata,
3679 2189 3781 2245 pro.

2240 2290 2496 2336 lectorem
2528 2279 2647 2332 vitae
2677 2284 2896 2342 nostra,
2925 2267 3359 2346 qu't'Attargyros
3384 2269 3629 2324 medicos
3657 2265 3781 2320 dedit

2240 2373 2309 2429 iis
2330 2373 2421 2443 qui
2470 2371 2707 2426 clamant
2731 2387 2744 2423 :
2770 2360 3080 2424 Benedicite
3109 2368 3314 2422 omnia.

2313 2485 2475 2541 Facta
2501 2501 2580 2546 cs,
2607 2500 2640 2539 ο
2667 2483 2852 2554 Virgo,
2885 2481 3219 2536 domicilium
3279 2478 3418 2533 lucis
3476 2476 3646 2538 illius,
3682 2485 3778 2542 qua

2239 2576 2493 2632 universa
2546 2571 2888 2634 illuminavit,
2959 2581 3013 2625 et
3064 2563 3323 2624 luciferas
3373 2573 3597 2620 sanctos
3660 2575 3786 2614 nunc

2240 2665 2533 2727 concessit,
2570 2662 2662 2732 qui
2725 2659 3126 2718 mortiferarum
3179 2657 3494 2728 passionum
3548 2650 3786 2706 tenebras

2241 2758 2295 2812 in
2327 2757 2518 2828 spiritu
2547 2755 2850 2820 eliminant,
2877 2768 2909 2807 ο
2933 2753 3044 2808 sola
3080 2765 3292 2820 semper
3321 2747 3582 2803 inviolata
3618 2743 3786 2812 Virgo.

1307 2994 1392 3048 Ex
1431 2996 1641 3051 Catiane
1676 2995 1782 3048 alio
1806 2996 1860 3048 in
1893 2995 1994 3049 SS.
2028 2995 2331 3064 Anargyros
2355 2990 2616 3050 Cosmam,
2651 2993 2698 3039 et
2721 2973 3059 3038 Damianum.

643 3109 870 3165 Eﬂunde
898 3123 1060 3178 super
1094 3122 1212 3173 nos,
1246 3123 1412 3170 nunc,
1437 3121 1470 3162 ο
1495 3117 1665 3172 casta,
1695 3106 1872 3162 stillas
1899 3106 2097 3160 misera
2155 3111 2201 3173 ί]
2232 3113 2391 3173 partu
2414 3110 2506 3154 tuo
2533 3096 2881 3166 conjunxit,o
2911 3091 3234 3154 castissima,
3266 3085 3540 3143 custodiat
3569 3084 3622 3137 in
3655 3093 3786 3136 tran-

572 3202 781 3261 tionum
818 3209 1059 3264 tuarum,
1097 3207 1161 3258 tu,
1187 3201 1309 3269 qua:
1335 3201 1562 3264 bonum,
1595 3208 1648 3251 et
1683 3198 1861 3266 pium,
1885 3206 1946 3250 et
1978 3198 2138 3249 mise-

572 3306 808 3349 ratorem
835 3290 1178 3347 ineﬂ‘abiliter
1207 3291 1486 3360 peperisti,
1545 3299 1708 3360 atque
1758 3288 2136 3342 universorum

576 3399 722 3439 nunc
750 3382 1061 3452 praesidium
1096 3382 1336 3437 exsistis.
1679 3440 1684 3446 _

652 3477 742 3531 llle
781 3477 871 3546 qui
897 3475 1044 3530 solus
1069 3483 1152 3528 est
1184 3474 1377 3537 bonus,
1403 3473 1551 3527 solus
1587 3472 1776 3541 intime
1802 3469 2138 3532 misericors,

576 3569 978 3628 imtnaculatam
1035 3567 1251 3620 vulvam
1278 3574 1424 3618 tuam
1473 3563 1756 3633 ingressus
1784 3571 1890 3623 est,
1947 3575 1981 3613 ο
2034 3567 2142 3612 tota

575 3651 952 3726 immaculata;
989 3664 1177 3714 volens
1222 3646 1320 3712 nos
1361 3655 1709 3725 passi‘onilius
1762 3654 1997 3723 pollutos
2053 3668 2141 3705 re-

576 3755 830 3811 formare.

650 3846 707 3900 In
742 3855 815 3911 te,
845 3861 876 3896 ο
914 3843 1074 3912 Virgo
1133 3840 1226 3895 Dei
1287 3839 1478 3904 Mater,
1524 3854 1647 3908 spes
1699 3852 1844 3890 meas
1903 3836 2140 3906 reposui,

582 3954 668 3992 me
699 3938 765 3991 ab
798 3937 943 3989 omni
973 3934 1141 3988 hostis
1171 3934 1378 3986 malitia
1405 3945 1526 3985 esse
1567 3929 1929 3984 liberandum.

649 4030 693 4085 0
730 4029 957 4084 Domina
1006 4036 1176 4090 casta,
1233 4040 1355 4094 qua:
1423 4023 1590 4077 Deum
1658 4024 2004 4076 incarnatum
2065 4020 2148 4072 in-

582 4118 1064 4191 comprehensibili
1097 4118 1257 4171 modo
1288 4114 1575 4184 peperisti,
1625 4114 1870 4166 eumdem
1931 4125 2146 4178 semper

584 4218 895 4285 deprecare,
927 4220 984 4266 ut
1020 4226 1104 4264 me
1136 4225 1163 4263 a
1197 4207 1508 4273 carnalibus
1559 4204 1940 4273 passionibus,
1977 4211 2029 4255 et
2069 4202 2146 4254 “ab

583 4305 802 4363 teternis
827 4304 1114 4358 tormentis
1148 4300 1362 4370 eripiat.

657 4400 751 4455 [lle
781 4398 873 4467 qui
905 4395 1158 4451 inferiora
1191 4394 1561 4463 superioribus
1593 4392 1644 4445 in
1704 4388 2138 4459 supernaaturali

599 4537 681 4593 Ea:
704 4536 915 4592 Canone
953 4536 1006 4586 in
1042 4532 1176 4599 festo
1218 4528 1275 4583 S.
1334 4528 1545 4583 Thomas
1578 4528 1866 4583 Palwettsis
1896 4537 1941 4578 et
1972 4524 2151 4593 S.Cy-

1051 4603 1209 4654 riam:
1236 4600 1506 4668 martyris,
1533 4600 1617 4652 die
1638 4599 1692 4654 7.

665 4779 852 4835 Mortis
901 4779 1162 4846 impetum
1213 4770 1541 4841 repressisti,
1571 4785 1606 4824 ο
1650 4780 1818 4836 casta,
1872 4769 2148 4824 Christum
2197 4823 2201 4829 ,

594 4871 1026 4930 immortalitatis
1056 4869 1299 4922 datorem
1328 4865 1514 4929 enixa,
1546 4878 1708 4935 quem
1750 4878 1873 4917 eum
1902 4861 2148 4916 infernus

593 4961 904 5018 voluntario
930 4959 1149 5014 decreto
1190 4964 1465 5012 mortuum
1515 4953 1760 5011 vidisset.
1801 4952 2146 5006 contremuit.

663 5056 706 5109 0
737 5053 922 5123 Virgo,
949 5067 1066 5120 quae
1089 5051 1476 5106 subsistentem
1509 5045 1602 5100 Dei
1636 5045 1966 5114 Sapientiam
1990 5057 2150 5113 pepe-

594 5148 804 5226 risti,_a
835 5145 1077 5214 sophista
1119 5143 1346 5197 malitia:
1370 5141 1541 5196 libera
1576 5151 1662 5193 me
1686 5137 2015 5192 mediationc
2040 5146 2150 5203 tua,

596 5258 630 5299 ο
661 5244 771 5300 sola
804 5257 994 5299 carens
1047 5239 1194 5295 omni
1231 5239 1372 5293 labe.

669 5333 882 5400 Libera,
916 5350 947 5389 o
984 5334 1151 5402 Virgo
1181 5331 1511 5390 castissima,
1546 5327 1612 5380 ab
1662 5327 1810 5380 omni
1847 5327 2017 5380 hostis
2049 5328 2153 5380 Iaz-

599 5424 769 5488 sione,
820 5440 914 5480 eos
969 5424 1063 5491 qui
1118 5433 1380 5475 noverunt
1435 5429 1485 5472 te
1522 5433 1700 5471 veram
1762 5433 1882 5472 esse
1911 5415 2000 5471 Dei
2038 5431 2151 5470 ma-

599 5525 754 5575 irem.

2241 3193 2409 3262 quilla
2443 3200 2585 3245 statu
2612 3203 2733 3254 nos,
2761 3187 2852 3256 qui
2883 3194 2934 3238 te
2967 3183 3215 3238 laudibus
3241 3178 3569 3236 exaltamus.

2312 3281 2464 3337 Mons
2494 3279 2608 3342 Dei,
2638 3291 2700 3332 ex
2734 3289 2842 3346 quo
2870 3271 3085 3328 Veritas
3117 3268 3518 3331 manifestatur,
3563 3274 3619 3319 tu
3659 3279 3733 3328 es,
3760 3277 3788 3315 ο

2243 3374 2408 3444 Virgo
2471 3370 2627 3439 137
2668 3375 2839 3430 casta,
2883 3365 2937 3419 in
2969 3377 3080 3434 quo
3113 3375 3237 3417 eum
3298 3357 3661 3413 inltabitasset
3691 3353 3785 3417 ille,

2245 3467 2339 3537 qui
2374 3476 2456 3519 est
2489 3457 3073 3529 incomprehensibilis,
3132 3451 3445 3508 hominibus
3509 3446 3681 3500 voluit
3722 3445 3786 3498 si-

2245 3533 2389 3610 milis
2421 3553 2533 3608 fieri
2569 3559 2788 3622 propter
2809 3560 3092 3601 excessum
3117 3539 3505 3598 misericordia:
3531 3550 3683 3592 sua:
3713 3533 3786 3588 cui

2243 3648 2526 3719 psallimus
2559 3661 2572 3698 ε
2605 3640 2924 3696 Benedictus
2954 3653 3034 3702 es,
3070 3646 3174 3689 etc.

2316 3739 2475 3802 Ecce,
2506 3753 2538 3791 ο
2567 3736 2746 3790 anima
2785 3747 2926 3795 mea,
2960 3717 3114 3798 porta
3147 3726 3307 3786 lucis,
3331 3738 3453 3794 quae
3482 3737 3636 3777 nunc
3680 3734 3789 3789 ape-

2245 3833 2315 3887 rit
2344 3832 2523 3886 aditus
2555 3827 2879 3896 poenitentia:
2914 3841 2927 3877 :
2957 3837 3084 3876 ecce
3111 3819 3321 3889 species
3382 3815 3582 3881 Jacob;
3646 3813 3789 3868 unica

2247 3922 2527 3978 hominum
2565 3919 2730 3972 tutela
2771 3931 2836 3970 ac
2858 3913 3145 3968 defensio:
3181 3909 3374 3963 festina
3417 3922 3516 3978 per
3544 3908 3790 3961 interces-

2247 4015 2432 4068 siones
2459 4012 2604 4064 illius
2637 4005 2897 4076 consequi
2929 4001 3383 4057 misericordiam.

2317 4106 2689 4175 Agnoscentes
2737 4112 2809 4162 te,
2841 4114 2873 4152 ο
2929 4093 3178 4157 Domina,
3232 4106 3356 4145 vere
3388 4089 3629 4143 lucidam
3689 4099 3789 4140 esse.

2249 4200 2447 4252 nubem
2481 4193 2622 4248 Solis
2651 4191 2875 4260 iustitia:
2902 4203 2996 4258 per
3037 4195 3182 4240 luam
3248 4183 3694 4237 intercessionem
3735 4178 3790 4228 ab

2249 4281 2658 4343 obscurissimis
2687 4280 2947 4340 tenebris,
2981 4284 3034 4329 et
3061 4274 3128 4326 ab
3156 4281 3358 4326 mterno
3389 4267 3658 4338 supplicio
3679 4262 3792 4317 libe-

2252 4396 2458 4443 remur,
2496 4393 2528 4432 ο
2555 4377 2624 4430 ab
2657 4375 2804 4429 omni
2835 4386 2986 4426 mevo
3015 4368 3202 4422 libera.

2259 4520 2362 4573 Ἐκ
2401 4516 2506 4571 τοῦ
2537 4514 2798 4576 Κανόγος
2839 4511 2925 4572 είς
2955 4483 3080 4559 ’τὸν
3113 4505 3288 4576 ἅγιον
3349 4497 3566 4576 Θωμᾷγ
3606 4497 3792 4576 τὸν-ἐι·

2319 4567 2687 4653 é'e'hajaie,
2709 4567 2807 4635 καὶ
2831 4567 2944 4647 τὴᾶ
2974 4567 3452 4646 ἁγίαν”μάρτυρα
3481 4567 3789 4636 Κυριακὴν,

2318 4659 2505 4728 ἡμέρᾳ
2538 4654 2601 4717 ζ’.

2327 4773 2553 4843 Ῥύμην,
2584 4768 2743 4836 ἁγνὴ,
2771 4763 2865 4818 τοῦ
2903 4761 3133 4816 θανάτου
3168 4752 3483 4814 ἀνέστειλας
3516 4749 3788 4808 ἀθανασίας

2252 4840 2508 4941 πρόξενον
2539 4861 2770 4934 Χριστὸν
2804 4859 3072 4926 κυήσασα,
3109 4850 3166 4903 ὃν
3204 4848 3232 4900 6
3263 4845 3394 4916 ᾅδης
3429 4843 3659 4897 θανέντα
3689 4840 3792 4910 βου-

2256 4961 2409 5031 λήσει
2441 4955 2661 5026 ἑκουσίᾳ
2698 4950 2819 5005 ίδὼν
2843 4945 3160 5016 ὲτρὸμαξεν.

2330 5052 2529 5121 Σοφίαν
2557 5047 2650 5101 τοῦ
2687 5043 2821 5098 Θεοῦ
2855 5041 2956 5110 τὴν
2985 5034 3347 5088 ὲνυπόστατον
3378 5029 3639 5092 τεκοῦσα,
3667 5028 3791 5090 Παρο

2254 5146 2396 5208 ϐἐνε,
2423 5143 2517 5196 τοῦ
2546 5135 2798 5208 σοφιστοῦ
2833 5149 2900 5203 με
2926 5130 3026 5199 τῆς
3057 5126 3254 5188 κακίας
3281 5122 3626 5194 ὲκλύτρωσον
3652 5135 3784 5189 pest-

2251 5237 2370 5305 τείᾳ
2409 5251 2521 5295 σου,
2565 5233 2698 5303 μόνη
2733 5223 3129 5296 παναμώμητε.
3495 5280 3515 5288 4

2335 5302 2522 5379 Ῥῦσαι
2557 5302 2735 5388 πάσης
2757 5317 3049 5380 κακώσεως
3077 5314 3170 5369 τοῦ
3198 5310 3516 5383 δυσμενοῦς,
3550 5302 3790 5374 Παρθένε,

2262 5418 2392 5481 τοὺς
2420 5415 2625 5478 εἰδότας
2654 5411 2867 5484 ἀληθῶς
2896 5408 3030 5464 Θεοῦ
3067 5426 3124 5462 σε
3160 5406 3397 5479 μητέρα,
3430 5402 3693 5470 πάναγνε.

669 5671 872 5739 (erm)
912 5667 1008 5725 Hic
1035 5685 1204 5725 canon
1231 5682 1350 5721 cum
1386 5666 1628 5735 sequenti
1657 5665 1807 5721 deest
1834 5663 1888 5720 iu
1929 5661 2151 5718 Menaeis
2187 5658 2491 5729 impressis.
