3936 6304
139 285 285 350 1141

221 395 485 459 Ἐλυσας,
548 396 797 465 ἄχραντε,
833 396 939 446 τῶν
993 396 1347 466 προπατόρων
1394 398 1490 465 τὴν
1545 399 1703 467 ἀρὰν,
1738 404 1780 458 Λ

141 483 360 546 τέξασα
386 485 513 537 ἄνευ
547 486 764 555 σαρκὸς.
802 486 992 554 σεμνὴ,
1023 487 1338 556 Θελημὰτων
1384 488 1472 540 τὸν
1527 489 1701 540 πάντα

140 574 224 641 τῷ
261 575 426 627 αὑτοῦ
460 576 717 646 θελήματι
743 576 870 646 Οείῳ
897 577 1084 645 σαφῶς
1110 579 1470 633 οὺσιὼσαντα.

227 758 465 811 Βασιλέα
495 760 744 827 κυήσασα
779 760 1010 827 Χριστὸν
1041 756 1233 830 οἷάπερ
1263 759 1567 830 βασίλισσα,
1593 766 1706 812 θεο.

141 849 446 926 χαρίτωτε,
478 851 599 908 τοὺς
626 851 717 902 ἐπὶ
749 850 830 902 σοὶ
872 851 1297 921 προστρέχοντας
1339 851 1577 922 οὐρανῶν
1610 851 1705 921 βα-

141 938 362 1000 σιλείας
382 937 628 1000 ἀξίωσον.

236 1027 304 1079 '0
346 1026 504 1096 μόνος
532 1028 662 1090 Θεὸς
691 1029 854 1097 μόνην
884 1021 1009 1098 εὗρε
1044 1029 1286 1101 καθαρὰν
1320 1032 1417 1098 τὴν
1452 1032 1549 1099 σὴν
1602 1047 1704 1098 γα-

141 1116 351 1186 στέρα.
381 1118 495 1177 xui:
521 1119 862 1186 σωματοῦται
912 1120 1004 1173 καὶ
1068 1121 1386 1190 γνωρίζεται
1429 1122 1710 1191 ἄνθρωπος

145 1207 352 1270 σώζων
376 1208 465 1259 τὸν
490 1208 771 1277 ἄνθρωπον
792 1221 806 1236 ·
836 1210 954 1261 ὅθεν
984 1211 1056 1272 ὡς
1094 1212 1272 1263 καλῶν
1309 1229 1364 1263 σε
1396 1214 1569 1264 αἰτίαν
1595 1213 1711 1264 επι-

140 1293 418 1361 στάμενοι
438 1294 707 1364 ψάλλομεν
725 1314 737 1327 ·
769 1297 1112 1368 Εὐλογημένη
1147 1302 1181 1368 ὴ
1202 1301 1332 1352 Θεὸν
1381 1301 1560 1369 σαρκὶ⁴
1583 1301 1714 1368 κυή-

147 1399 327 1437 σασα.

238 1471 302 1526 Ὀ
338 1474 654 1544 ὕπερούσιος
711 1479 840 1542 Θεὸς
868 1479 1101 1549 curruqu
1140 1483 1259 1535 καθ’
1307 1483 1450 1552 ἡμᾶς
1476 1487 1539 1536 ὲκ
1596 1487 1710 1552 σοῦ,

150 1559 431 1630 Παρθένε,
453 1566 544 1616 καὶ
571 1565 759 1635 (opqu
780 1568 853 1630 ὡς
884 1567 1079 1637 βρέφος
1107 1572 1134 1622 ὀ
1161 1571 1265 1637 πρὸ
1283 1572 1488 1627 αἰώνων
1519 1575 1716 1644 Πατέρι

146 1653 258 1704 καὶ
288 1652 414 1723 θείῳ
443 1657 796 1726 συνυπάρχων
836 1658 1156 1728 Πνεύματιί
1176 1662 1295 1714 ὅθεν
1324 1664 1396 1726 ὡς
1442 1664 1603 1716 αὑτοῦ
1659 1682 1715 1716 σε

147 1741 455 1813 δοξάζομεν
481 1746 711 1816 μητέρα.

233 1921 658 1985 Φωτεινοτάταις
686 1923 932 1994 λαμπάσι
967 1926 1061 1979 τοῦ
1103 1928 1166 1980 ἐκ
1197 1927 1290 1980 σοῦ
1323 1931 1714 1999 σαρκωθέντος,

154 2010 410 2079 Παρθένε
441 2016 703 2081 παναγία,
729 2016 866 2086 ὑπὲρ
889 2016 1012 2069 νοῦν
1033 2019 1082 2070 οί
1107 2018 1367 2073 Θεοτὸκον
1390 2021 1591 2085 εἰδότες
1650 2039 1708 2074 σε

153 2103 514 2172 φωτιζόμεθα
537 2106 739 2172 πίστει,
768 2109 862 2184 καὶ
913 2110 1136 2173 σκότους
1181 2110 1585 2181 ὲκλυτρούμεϐα
1615 2131 1717 2166 πα·

155 2195 299 2257 θῶν.
327 2198 420 2250 καὶ
452 2199 666 2253 πάντων
715 2200 972 2254 κινδύνων
1011 2203 1102 2256 καὶ
1126 2204 1303 2276 πάσης
1327 2206 1716 2274 περιστάσεως.

1586 289 1944 350 ΜΛΒῘΛΙΕ.

3224 285 3355 339 Ηίζὲ

1883 393 2215 452 ΙὶίδειιΙνίδιί,
2263 406 2291 441 o
2345 394 2683 453 intemerata,
2717 390 3014 456 primorum
3074 399 3356 455 parentum

1806 487 2262 543 maledictinnem,
2290 500 2409 536 cmn
2433 484 2680 552 peperisti
2710 484 2826 536 sine
2853 483 3130 533 voluntate
3153 479 3354 536 carnis,

1807 595 1837 633 0
1879 577 2205 636 veneranda,
2249 576 2395 627 illum
2455 576 2544 641 qui
2586 574 2863 627 voluntate
2896 588 2992 625 sua
3029 571 3206 623 tilVlll'l
3249 585 3359 620 ma-

1807 670 2000 725 nifeste
2030 669 2282 723 universa
2320 666 2590 731 produxit.

1877 762 1920 814 Ο
1960 763 2068 815 Deo
2101 759 2432 830 gratissima,
2468 772 2589 824 qum
2638 771 2814 820 regem
2866 753 3144 806 Christum
3197 765 3360 817 pepe-

1808 853 1946 912 risti.
1982 860 2166 918 utpote
2198 849 2383 917 regina
2411 888 2423 910 ,
2460 861 2574 908 eos,
2609 845 2697 912 qui
2756 845 2820 898 ad
2854 854 2901 897 ιο
2930 851 3238 902 recurrunt,
3283 840 3364 891 di-

1810 958 1943 1012 gnos
1977 943 2059 996 fac
2078 939 2222 1009 regni
2252 939 2536 993 ceruorum.
3213 939 3217 946 '

1883 1031 2043 1094 Deus,
2085 1030 2174 1099 qui
2208 1039 2289 1082 est
2319 1028 2495 1087 solus,
2536 1025 2709 1080 solum
2743 1033 2950 1077 uterum
2993 1030 3140 1074 tuum
3172 1032 3361 1087 pllllllll

1814 1122 2038 1182 invenit,
2072 1131 2123 1175 et
2160 1128 2485 1189 corporatus
2540 1128 2644 1181 est,
2677 1124 2729 1167 et
2781 1114 2990 1179 agnitus
3045 1114 3206 1165 homo
3261 1111 3365 1161 sal.

1813 1229 1943 1266 vans
1976 1211 2244 1264 hominem
2272 1230 2293 1262 ~:
2328 1208 2469 1261 unde
2498 1217 2548 1260 te
2596 1217 2853 1272 tauquam
2913 1218 3126 1253 causam
3195 1202 3363 1253 bono-

1815 1319 1931 1356 rum
1972 1310 2348 1372 agnoscentes,
2411 1299 2691 1368 psallimus
2741 1310 2753 1346 :
2798 1292 3087 1348 Benedicta
3143 1301 3221 1353 tu,
3251 1307 3366 1357 rpite

1817 1392 1981 1445 Deum
2009 1395 2059 1445 in
2087 1406 2250 1444 carne
2282 1390 2562 1457 peperisti.

1888 1483 2044 1552 138
2076 1479 2626 1551 Super-substantialis
2664 1476 2804 1530 Deus
2834 1474 3138 1528 substantia
3180 1480 3366 1524 nostra

1819 1571 1992 1626 factus
2022 1583 2103 1626 est.
2155 1589 2216 1626 ex
2259 1581 2327 1632 te,
2380 1589 2411 1624 ο
2471 1564 2652 1638 Virgo,
2703 1577 2759 1622 et
2812 1567 3059 1636 apparuit
3117 1574 3389 1642 tanqnanr

1821 1661 2020 1727 infans,
2050 1664 2135 1716 ille
2174 1663 2264 1732 qui
2297 1672 2418 1714 ante
2444 1660 2638 1715 saecula
2664 1667 2746 1712 est
2797 1674 2919 1710 cum
2963 1656 3125 1709 Patre
3159 1664 3209 1708 et
3256 1653 3375 1718 Spi-

1815 1756 1918 1808 ritu
1975 1755 2156 1808 divino
2210 1772 2222 1807 :
2276 1770 2445 1822 quare
2502 1762 2757 1821 tanquam
2829 1750 2973 1803 illius
3042 1758 3266 1800 matrem
3325 1755 3374 1797 te

1828 1845 2211 1915 glorificamus.
2675 1846 2677 1848 ’

1901 1933 2273 1992 Lucidissimis
2321 1936 2656 2002 lampadibus
2712 1935 2889 1993 illius,
2942 1933 3030 2001 qui
3093 1948 3156 1985 ex
3213 1940 3295 1992 te,
3345 1946 3376 1981 o

1826 2031 1988 2098 Virgo
2016 2029 2381 2087 sanctissima.
2415 2041 2575 2095 supra
2599 2025 2796 2082 mentis
2818 2033 3034 2090 captum
3065 2023 3377 2073 itu-arnatus

1822 2129 1938 2183 est,
1995 2136 2113 2182 nus,
2165 2118 2255 2188 qui
2289 2127 2339 2171 te
2379 2117 2659 2182 Deiparam
2722 2114 2948 2168 fideliter
2993 2112 3379 2181 agnoscimus,

1821 2210 2195 2264 illumincmur
2223 2251 2235 2272 ,
2265 2219 2317 2262 et
2349 2224 2378 2261 a
2424 2208 2659 2262 tenebris
2719 2205 3033 2276 passionum
3058 2245 3071 2268 ,
3129 2203 3382 2270 omnique

1821 2289 2062 2370 periculo
2096 2309 2257 2368 atque
2286 2300 2614 2352 adversitate
2649 2296 2962 2349 liberemur.

855 2422 937 2475 Ex
960 2420 1170 2478 Canene
1195 2424 1250 2478 in
1291 2423 1389 2480 SS.
1440 2426 1839 2497 Palermutium,
1868 2446 1915 2487 et
1962 2436 2210 2504 Caprum,
2273 2433 2354 2485 die
2384 2431 2416 2486 9
2453 2429 2692 2499 (ti-im“).

240 2531 502 2588 Mortifica
545 2535 725 2591 cordis
766 2537 871 2591 mei
923 2539 1257 2604 affectiones,
1293 2550 1370 2605 tu,
1403 2559 1523 2612 qua:
1553 2545 1717 2599 vitam

159 2631 414 2676 nostram
461 2623 744 2678 Christum
788 2618 1133 2683 ineﬂ‘abiliter
1180 2633 1468 2700 peperisti,
1496 2649 1528 2687 ο
1558 2633 1730 2704 Virgo‘

161 2713 433 2780 nuptialis
461 2716 678 2771 thalami
705 2719 908 2786 nescia,
939 2735 1061 2790 spes
1096 2735 1284 2776 eorum
1319 2723 1410 2793 qui
1438 2735 1725 2780 recurrunt

164 2807 236 2856 ad
263 2813 335 2858 te.
1696 2868 1699 2870 _

241 2896 287 2950 Ο
315 2907 467 2966 porta
499 2901 775 2966 salutaris,
819 2903 1147 2971 pcenitentiae
1169 2915 1375 2974 portas,
1425 2917 1607 2975 utpote
1631 2909 1724 2963 be-

166 2989 337 3057 nigna
369 2991 1046 3062 protectrix,aperimihi,
1108 3003 1161 3049 et
1211 3011 1240 3049 ο
1291 3000 1492 3065 peccati
1557 3003 1726 3068 portis

165 3080 343 3132 libera
375 3095 479 3144 me,
515 3082 828 3137 custodiens
867 3100 952 3137 me
979 3085 1156 3137 divina
1182 3088 1414 3152 potentia
1439 3097 1550 3141 tua.

241 3172 452 3239 Corpus
485 3175 691 3242 accepit
727 3190 793 3227 ex
827 3175 1128 3228 visceribus
1159 3176 1266 3229 tuis
1301 3178 1441 3231 Deus
1465 3177 1721 3248 Verbum,

167 3276 202 3311 o
239 3261 333 3314 Dei
364 3261 592 3329 genitrix
627 3262 823 3330 puella,
856 3273 908 3315 ct
940 3270 998 3314 ut
1029 3262 1210 3316 infans
1243 3265 1394 3319 visus
1420 3278 1521 3332 est,
1570 3271 1726 3323 exhi-

169 3354 310 3406 bens
346 3353 610 3407 universis
635 3352 1006 3406 admirandam
1045 3369 1108 3407 ac
1142 3364 1362 3423 stupore
1387 3359 1600 3425 plenam
1628 3376 1712 3414 re-

166 3446 599 3514 generationem.
1537 3508 1539 3510 _

247 3535 338 3589 Ille
372 3537 602 3604 quierat
629 3535 1074 3603 perfectissimus,
1106 3537 1278 3593 factus
1327 3538 1491 3591 homo
1542 3554 1604 3592 ex
1659 3548 1727 3605 te,

166 3646 200 3680 o
228 3626 396 3697 Virgo
441 3629 689 3697 innupta,
750 3638 1061 3697 corruptam
1111 3631 1390 3684 hominum
1437 3633 1726 3684 essentiam

164 3720 463 3773 deiﬁcavit.

245 3811 556 3866 Incessabili
594 3828 722 3866 voce
756 3813 818 3865 ad
851 3823 900 3866 te
927 3813 1260 3867 clamamus:
1303 3810 1508 3878 Gaude,
1569 3829 1602 3868 ο
1647 3813 1728 3867 in-

179 3965 288 4042 Ἑκ
321 3987 426 4042 τοῦ
451 3988 712 4052 Κανόνος
737 3989 823 4051 είς
859 3987 1002 4050 τοὺς
1029 3986 1233 4057 ἁγίους
1257 3987 1556 4057 μάρτυρας
1585 3989 1731 4057 Πρό-

454 4061 605 4111 κλον
629 4057 728 4111 καί
768 4057 1098 4124 Ἰλαρίωνα,
1139 4056 1329 4125 ἡμέρᾳ
1358 4055 1448 4127 ιβ’.

252 4193 346 4246 Γὸν
379 4192 487 4245 τῶν
530 4191 708 4244 ἀκοῶν
736 4192 832 4261 τῆς
886 4191 1234 4261 προμήτορος
1285 4189 1426 4253 Εὔας
1491 4191 1731 4263 Γαϐριὴλ

165 4304 255 4338 σοι
290 4283 624 4353 προσφωνῶν
679 4283 740 4335 τὸ
786 4283 957 4363 Χαῖρε
1006 4282 1221 4352 ἀληθῶς
1268 4282 1559 4346 ὲξετίναξε,
1637 4285 1732 4336 Δέ-

165 4393 198 4428 σ
228 4375 532 4444 εοινα·μόνη
549 4375 655 4444 γὰρ
677 4375 764 4428 τὸν
783 4371 1074 4442 ἀναιρέτην
1095 4374 1192 4442 τῆς
1225 4373 1421 4435 κακίας
1445 4372 1534 4426 τοῦ
1557 4373 1722 4443 ὄφεως

1839 4396 1958 4436 vere
2009 4379 2202 4448 ejecit,
2237 4393 2269 4430 o
2319 4378 2542 4431 Domina

164 4467 312 4534 ὑπὲρ
346 4464 468 4517 νοῦν
495 4481 553 4516 τε
587 4464 678 4517 xui.
699 4464 853 4531 λόγον
879 4460 1157 4533 ὲκύησαςέ

245 4656 436 4721 Λῦσον,
498 4653 759 4724 Παρθένε,
814 4655 906 4706 τὸν
955 4653 1151 4724 δεσμὸν
1208 4653 1316 4706 τῶν
1367 4651 1552 4706 κακῶν
1604 4670 1727 4721 μου,

168 4747 466 4798 συνδέουσα
515 4748 580 4815 τῇ
632 4746 831 4813 στοργῇ
883 4761 948 4813 με
1021 4741 1116 4795 τοῦ
1166 4744 1229 4794 ἐκ
1279 4742 1372 4795 σοῦ
1449 4741 1732 4808 τεχθέντος

166 4839 368 4904 Λόγου,
403 4836 850 4907 πανὰμωμε,και
901 4834 1073 4887 σῶσόν
1128 4852 1215 4904 με,
1273 4835 1560 4896 Δέσποινα,
1605 4835 1726 4895 ταῖς

170 4929 406 4989 ἱκεσίαις
436 4947 548 4982 σου.

247 5018 536 5088 Συντριῦὲν
559 5021 624 5088 τῇ
659 5017 964 5088 παραϐάσει
988 5015 1094 5068 τῶν
1124 5014 1319 5085 χειρῶν
1348 5032 1440 5080 σου
1473 5015 1534 5067 τδ
1566 5015 1726 5084 ποίη-

171 5130 254 5184 μα
282 5110 688 5178 κατοικτεὶρων,
717 5111 877 5178 Λόγε,
918 5111 1132 5183 μήτραν
1160 5106 1530 5177 ἁπειρόγαμον
1583 5108 1732 5177 ᾠκή-

169 5220 298 5266 σας,
330 5202 424 5255 καὶ
449 5203 503 5252 ὲν
531 5201 650 5252 δυσὶ
680 5203 798 5263 ταῖς
839 5200 1045 5262 οὐσίαις
1077 5201 1472 5270 προελήλυθας,
1519 5204 1728 5271 ἀφθαρ-

169 5296 300 5358 σίας
334 5293 587 5358 καὶνίζων
612 5292 765 5354 ὀδοὺς
799 5295 911 5354 τοῖς
937 5292 1102 5346 εἰδόσι
1132 5309 1210 5345 σε.

249 5485 343 5551 Τίς
379 5484 600 5539 δύναται
631 5483 692 5536 τὸ
721 5482 811 5536 σὺν
861 5482 1194 5552 ἑρμηνεῦσαι
1228 5482 1547 5552 μυστήριον,
1580 5475 1623 5534 ῶ
1647 5483 1739 5536 A5-

248 5663 451 5733 (64“")
484 5661 685 5718 Menam
710 5679 816 5719 non
842 5662 1061 5718 habent.

1831 2552 2277 2608 temeratissima:
2323 2539 2577 2619 gaudium
2633 2545 2776 2599 enim
2813 2542 3054 2594 omnium
3110 2539 3382 2594 Cill‘lal'llll

1832 2643 2101 2711 genuisti;
2154 2652 2312 2710 atque
2374 2643 2684 2693 universum
2756 2636 2941 2705 prima:
2987 2634 3175 2687 matris
3254 2620 3393 2683 Ενίο

1833 2746 2121 2786 man-orem
2153 2731 2421 2800 effugasti.

1904 2822 2041 2875 Ecce
2066 2807 2202 2874 Area
2240 2822 2326 2873 illa
2356 2820 2544 2888 legalis
2575 2816 2955 2887 prteligurabat
2988 2823 3197 2866 uterum
3231 2820 3382 2864 tuum

1833 2915 2196 2967 continentem
2253 2911 2444 2966 Manna
2492 2910 2769 2963 Christum
2801 2922 2981 2960 escam
3021 2916 3286 2968 nostram,
3354 2919 3387 2954 υ

1834 3003 1925 3057 Dei
1958 3004 2187 3071 geniti-ix
2214 3004 2327 3056 sola
2358 3011 2527 3066 casta,
2562 3000 2863 3054 benedicta.

1754 3071 1797 3132 C
1900 3093 2065 3147 leis
2097 3093 2378 3146 sublimior
2408 3088 2726 3159 apparuisti,
2759 3087 2886 3140 dum
2923 3084 3155 3137 Verbum
3195 3083 3382 3143 Deum,

1829 3179 1920 3248 qui
1955 3195 2054 3234 nos
2077 3181 2140 3232 ad
2169 3180 2420 3232 sublimia
2457 3178 2654 3239 evexit,
2689 3175 2970 3244 peperisti,
2996 3189 3154 3240 quem
3194 3187 3384 3238 super-

1831 3269 2031 3320 cxaltat
2067 3267 2241 3321 omnis
2287 3267 2532 3335 spiritus,
2594 3274 2851 3333 tauquam
2900 3261 3065 3315 Demn
3119 3274 3384 3323 nostrum,

1832 3361 1884 3412 in
1917 3359 2131 3414 saecula.

1902 3449 2060 3502 Lucis
2105 3458 2208 3501 tua:
2264 3448 2427 3503 radiis
2477 3445 2744 3509 illumina,
2789 3459 2822 3496 0
2864 3441 3069 3511 Sponsa
3115 3441 3240 3501 Dei,
3271 3441 3387 3493 ani-

1832 3556 1973 3594 mam
2007 3555 2202 3600 meam,
2236 3539 2393 3609 139
2420 3540 2471 3591 in
2501 3537 2764 3590 socordia:
2795 3533 3062 3604 profundo
3087 3534 3384 3602 juceutem;

1831 3646 2081 3700 exsurge,
2111 3644 2271 3700 atque
2298 3633 2482 3684 hostes
2512 3629 2767 3698 proturba
2799 3629 2868 3680 ac'
2894 3627 3086 3695 dejice,
3123 3626 3214 3694 qui
3242 3641 3385 3677 sem-

1827 3708 1925 3790 per
1955 3723 2204 3774 divcxant
2232 3737 2327 3774 cor
2367 3735 2567 3779 ineunt,
2599 3729 2652 3772 et
2689 3719 2754 3772 ad
2796 3718 3048 3771 libidines
3085 3732 3231 3769 meas
3288 3732 3374 3769 sco

1831 3814 2058 3866 ctandas
2089 3812 2367 3881 impellunt
2399 3828 2499 3863 me.

1832 3986 1915 4042 Ea:
1948 3987 2154 4043 Cauone
2187 3989 2240 4041 in
2269 3987 2398 4055 festo
2428 3985 2526 4040 SS.
2559 3997 2851 4055 martyrum
2893 3984 3086 4048 Procli,
3135 3994 3183 4035 et
3234 3983 3391 4036 lIila-

2392 4058 2576 4120 rionis,
2613 4058 2694 4109 die
2754 4056 2830 4109 1'2.

1907 4193 2180 4248 Venenum
2207 4235 2221 4256 ,
2259 4192 2416 4261 quod
2457 4192 2628 4259 prima
2665 4200 2836 4244 mater
2884 4189 2986 4242 Eva
3031 4189 3254 4242 auribus
3289 4204 3388 4241 au-

1833 4287 2031 4341 diendo
2080 4285 2398 4346 imbiberat,-
2439 4283 2654 4336 Gabricl
2711 4283 2848 4347 tibi,
2899 4285 3043 4344 Ave,
3086 4282 3390 4334 acclamans

2596 4394 2608 4429 :
2660 4384 2713 4430 tu
2746 4375 2892 4428 enim
2942 4375 3054 4428 sola
3096 4374 3387 4426 ablatorem

1838 4468 2054 4526 malitia:
2083 4469 2349 4537 serpentis
2392 4484 2555 4537 supra
2595 4467 2774 4521 oinnis
2805 4465 3149 4534 cegitationis
3182 4480 3243 4518 ac
3270 4480 3387 4517 scr-

1837 4557 2013 4618 monis
2040 4573 2253 4632 captum
2287 4561 2563 4629 peperisti.
3329 4562 3332 4566 '

1911 4655 2170 4718 Dissolve,
2222 4669 2254 4707 ο
2301 4652 2487 4723 Virgo,
2525 4665 2770 4706 catenam
2819 4650 3084 4703 malorum
3127 4664 3392 4710 meorum,

1839 4749 2099 4814 colligatis
2133 4762 2218 4800 me
2249 4760 2438 4800 amore
2468 4742 2650 4807 Verbi,
2677 4741 2818 4811 quod
2853 4756 2916 4792 ex
2964 4749 3034 4802 te,
3082 4753 3113 4791 ο
3156 4739 3398 4790 ninndis-

1835 4843 1993 4905 sima,
2027 4850 2211 4894 natum
2239 4851 2321 4894 est
2347 4856 2360 4892 :
2386 4848 2439 4892 et
2460 4837 2666 4891 salvum
2695 4849 2779 4888 me
2810 4832 2912 4897 fac,
2938 4849 2969 4887 o
3001 4831 3248 4895 Domina,
3281 4848 3394 4899 pre-

1835 4933 1993 4987 cibus
2030 4932 2158 4986 tuis.

1811 5085 1816 5092 ,
1905 5023 2253 5076 (Jonfractum
2286 5023 2354 5074 ob
2405 5017 2926 5090 transgressionem,
2977 5031 3112 5085 opus
3143 5030 3396 5066 manuum

1840 5123 2052 5167 tuarum
2095 5113 2518 5172 commiserans.
2576 5127 2608 5164 0
2643 5108 2919 5171 Verbum,
2969 5118 3176 5160 uterum
3232 5104 3400 5157 virilis

1843 5205 2048 5274 Copulae
2075 5205 2314 5259 nescium
2359 5203 2634 5266 habitasti,
2669 5210 2721 5255 et
2757 5202 2808 5254 in
2847 5201 3054 5253 duabus
3082 5195 3402 5248 substantiis

1846 5297 2190 5367 processisti,
2247 5311 2510 5356 renovatis
2561 5294 2675 5348 vias
2726 5286 3145 5346 immortalitatis
3183 5283 3401 5336 scienti—

1848 5388 1946 5441 bus
1982 5397 2052 5438 te.
2287 5384 2290 5386 ’

1921 5478 2052 5544 Quis
2086 5486 2236 5532 tuum
2265 5477 2433 5530 valeat
2459 5474 2724 5545 explicare
2754 5466 3087 5540 mysterium,
3116 5475 3149 5516 0
3179 5458 3402 5513 [lentius
