3936 6304
561 248 697 312 Ῑῖ43

1683 215 1742 310 s.
1784 249 2093 311 JOSEPIU
2135 233 2687 307 HYMNOGRAPHI

3671 239 3806 303 illi

559 366 826 435 Deipara?
887 367 1128 420 omnium
1195 368 1340 420 enim
1403 365 1716 423 Creatorem
1774 369 2115 423 ineffabiliter

2250 383 2417 418 τποινα
2439 366 2665 418 Θεοτόκε
2686 382 2702 397 ο
2729 365 2819 417 τὸν
2850 366 2954 434 γὰρ
2987 365 3208 433 κτίστην
3257 363 3363 414 τῶν
3419 361 3558 415 ὅλων
3622 362 3807 430 ἀφρά-

555 457 880 525 corporasti.

620 547 764 603 Ecce
818 547 980 618 Virgo
1036 549 1304 618 concipiet
1356 550 1705 618 (exclamavit
1753 551 1879 603 olim
1935 549 2121 618 lsaia~)

560 641 735 709 magni
758 641 971 695 consilii
1003 642 1250 711 angelum
1281 640 1623 706 Emmanuel,
1648 643 1833 706 Deum,
1857 651 1910 695 et
1940 641 2121 694 Domi-

559 746 706 794 num,
739 741 792 786 et
823 730 1161 787 Salvatorem
1196 733 1505 787 animarum
1538 744 1866 787 nostrarum.

579 821 581 823 ’
622 821 911 891 Tanquam
943 824 1184 878 sanctior
1213 827 1470 878 omnibus
1508 825 1797 888 creaturis,
1839 825 2117 892 peperisti,

559 925 588 964 ο
642 922 794 967 casta
845 912 1051 980 Virgo,
1091 927 1125 966 ο
1185 912 1350 982 Virgo
1409 915 1786 974 immaculata,
1839 913 2120 968 benedicta

557 1000 743 1065 Mater,
783 1017 997 1071 semper
1029 1002 1351 1073 glorificata,
1382 1003 1692 1058 Creatorem
1721 1011 1775 1056 et
1805 1003 2118 1056 Dominum.

625 1094 946 1148 lncarnatus
977 1109 1042 1148 ex
1087 1095 1388 1166 impollutis
1419 1095 1780 1163 sanguinibus
1815 1093 1922 1147 tuis
1957 1095 2118 1159 Deus,

550 1187 642 1256 qui
677 1184 822 1249 fecit,
857 1195 910 1242 et
944 1189 1234 1257 plasmavit
1264 1203 1367 1250 me,
1401 1202 1432 1240 ο
1463 1186 1554 1239 Dei
1586 1185 1840 1256 genitrix.
1867 1185 2115 1255 Doomina,

555 1281 892 1348 recuperavit
933 1282 1214 1344 mundum,
1269 1279 1339 1332 ita
1394 1276 2118 1342 clamantem:Benedieite,

557 1378 603 1423 3t
637 1369 854 1424 laudate
885 1371 1198 1424 Dominum.

619 1461 784 1516 Lucis
818 1463 1151 1517 domicilium
1183 1461 1324 1516 facta
1355 1475 1436 1525 es,
1481 1474 1515 1513 0
1560 1471 1730 1524 casta,
1774 1459 2119 1515 sanctissima

558 1553 717 1608 linter
773 1553 976 1624 Virgo,
1010 1556 1062 1609 in
1112 1554 1334 1610 materia
1385 1553 1588 1607 visibili
1636 1553 1915 1621 corporis,
1949 1569 1978 1606 a
2010 1568 2118 1622 qua

547 1659 738 1698 omnes
765 1646 858 1714 qui
893 1645 944 1698 in
990 1644 1146 1716 140
1189 1643 1424 1699 tenebris
1449 1645 1612 1698 vitam
1647 1645 1890 1709 trahunt,
1925 1644 2119 1697 illumi-

549 1743 748 1788 nantur
802 1753 815 1787 :

547 1825 741 1894 lanius.

555 1939 633 1992 Ex
666 1941 876 1995 Catiane
914 1942 970 1995 in
1019 1941 1298 2012 Synaxim.
1345 1959 1436 1995 seu
1490 1942 1760 1993 collectum
1813 1941 2115 2008 archangeli

1074 2011 1359 2076 Gabrielis,
1395 2013 1475 2066 die
1511 2013 1592 2064 15.

619 2126 720 2182 Ubi
747 2126 983 2194 Gabriel,
1012 2137 1118 2183 etc.

2228 475 2366 518 στω;
2391 460 2782 526 ἐσωμάτωσας.
3137 525 3146 532 _

2309 549 2435 601 Ἰδοὺ
2488 551 2519 618 ἡ
2554 549 2844 618 Ιιαρθὲνος,
2878 550 3072 603 ἀνεϐόα
3106 552 3134 602 ὁ
3176 548 3410 610 Ἡσαΐας
3439 545 3641 605 πάλαι,
3682 543 3807 612 βου-

2224 640 2319 710 λῆς
2359 642 2588 709 ἄγγελον
2629 641 2875 711 μεγάλης
2943 640 3288 712 Ἐμμανουήλ
3337 640 3430 691 τὸν
3477 637 3646 696 Θεὸν,
3719 637 3810 687 καὶ

2225 733 2453 802 Κύριον,
2495 733 2590 786 καὶ
2619 734 2848 804 Σωτῆρα
2908 733 3016 786 τῶν
3055 733 3242 802 ψυχῶν
3293 730 3450 803 ήμῶν
3511 727 3806 795 συλλήψει.

2305 823 2392 882 Ὠς
2423 821 2532 874 τῶν
2553 823 2868 893 κτισμάτων
2895 823 3110 876 πάντων
3132 823 3433 890 ἀγιωτέρα.
3465 819 3611 887 ἁγνὴ
3657 818 3809 884 Παρ-

2224 912 2368 976 Θένε,
2401 914 2722 985 ἁπεκύησας
2755 916 2845 968 τὸν
2899 916 3121 986 κτίστην
3155 915 3252 966 καὶ
3284 913 3510 983 Κύριον,
3544 909 3809 981 Παρθένε

2223 1005 2470 1072 ἁμίαντε,
2495 1006 2834 1076 εὐλογημένη
2864 1008 3054 1078 Μῆτερ
3083 1005 3170 1060 ἀεὶ
3189 1005 3592 1073 δεδοξασμένη.

2293 1095 2604 1166 Σαρκωθεὶς
2633 1097 2691 1163 ἐξ
2726 1098 3008 1168 ἀχράντων
3039 1099 3290 1168 αἱμάτων
3348 1113 3442 1149 σου
3506 1097 3535 1148 ό
3588 1091 3735 1152 Θεὸς
3785 1094 3810 1142 ὁ

2221 1191 2454 1256 ποιήσας
2487 1189 2583 1242 καὶ
2608 1189 2820 1253 πλάσας
2859 1209 2948 1261 με,
3007 1192 3324 1261 Θεοκυῆτορ
3384 1188 3691 1249 Δέσποιναν
3730 1186 3812 1237 ἀν·

2221 1279 2490 1349 εκτήσατο
2523 1281 2728 1352 κόσμον
2766 1281 2908 1336 οὕτω
2930 1283 3139 1354 βοῶντα
3161 1301 3175 1313 ·
3218 1283 3528 1346 Εὑλογεῖτε,
3572 1280 3810 1348 ὑμνεῖτε

2221 1372 2313 1422 τὸν
2339 1371 2564 1442 Κύριον.

2301 1463 2483 1526 Φωτδς
2541 1466 2880 1538 οἰκητήριον,
2943 1469 3103 1540 ἁγνὴ,
3166 1470 3490 1539 γεγένησαι,
3560 1465 3812 1532 παναγία

2225 1556 2659 1627 μητροπάρθενε,
2713 1562 2770 1612 ἐν
2822 1559 2924 1632 ὕλῃ
2967 1561 3220 1631 ὁρωμένη
3249 1561 3343 1614 τοῦ
3379 1561 3664 1631 σώματος,
3721 1563 3812 1610 καὶ

2221 1646 2435 1729 πάντας.
2457 1647 2582 1711 τοὺς
2613 1650 2671 1702 ὲν
2703 1651 2885 1704 σκότει
2918 1652 3286 1720 φωτίσαντος*
3338 1653 3462 1706 ὅθεν
3517 1670 3578 1705 σε
3624 1651 3811 1703 πίστει

867 1736 1218 1806 quamobrem
1273 1744 1323 1790 te
1358 1750 1481 1790 cum
1533 1736 1636 1789 fide
1670 1736 1881 1788 beatam
1933 1736 2113 1804 appel-
2149 1716 2187 1772 Β
2222 1721 2621 1809 μακαρίζομεν.

2235 1940 2335 1991 Ἐκ
2361 1939 2466 1992 τοῦ
2494 1940 2763 2005 Κανόνος
2789 1943 2877 2005 εἰς
2905 1941 3020 2006 τὴν
3055 1942 3318 2006 σύναξιν
3363 1941 3475 1996 τοῦ
3509 1935 3812 2009 ἀρχαγγέ-

2607 2013 2721 2064 λου
2760 2012 3057 2096 Γαϐριὴλ,
3089 2012 3283 2081 ἡμέρᾳ
3316 2018 3400 2077 ιγ’.

2262 2092 2266 2094 Π
2305 2121 2501 2192 Ἀγνήν
2535 2141 2618 2189 σε,
2649 2142 2703 2177 κ.
2734 2093 2865 2179 τ.⁴λ.

1577 2239 1749 2310 (Idem
1784 2249 1860 2293 est
1888 2255 2004 2292 cum
2032 2238 2242 2293 Canone
2282 2239 2389 2292 diei
2422 2237 2492 2292 26
2524 2239 2762 2310 Martii.)

555 2359 704 2434 1‘1
739 2357 823 2413 Ea:
860 2359 1072 2414 Conone
1100 2361 1154 2413 in
1190 2360 1325 2482 [οέςο
1459 2358 1803 2413 ϐοιὶηὰιιειιω
1844 2360 2117 2428 martyris,

1266 2447 1312 2483 te
1428 2470 1439 2483 .

1266 2447 1312 2483 ιε
1352 2447 1439 2483 10.

619 2565 663 2616 Δ
703 2561 954 2616 sordibus
986 2561 1205 2617 malitia:
1249 2563 1436 2617 volens
1465 2560 1688 2615 Creator
1717 2570 1965 2614 naturam
2023 2575 2122 2614 no-

551 2664 720 2709 stram
781 2655 1079 2719 mundare,
1119 2671 1180 2709 ex
1219 2647 1373 2710 utero
1422 2664 1517 2708 tuo
1569 2657 1773 2709 mundo
1811 2656 2126 2710 incarnatus

555 2758 657 2812 est,
685 2761 718 2800 ο
749 2745 1011 2815 Deipara;
1039 2754 1321 2815 propterea
1353 2755 1403 2799 te
1432 2761 1624 2800 omnes
1655 2744 2047 2816 glorificamus.

624 2928 902 2985 Hanifeste
944 2931 1296 2998 cognovimus
1339 2929 1506 2982 Deum
1556 2945 1618 2981 ex
1677 2929 1840 2981 castis
1897 2927 2123 2996 sangui-

2229 2359 2331 2410 Ἐκ
2371 2357 2478 2410 τοῦ
2512 2359 2779 2447 Κανόζος
2811 2361 2896 2446 εζς
2929 2359 3043 2447 την
3069 2361 3246 2447 ᾀγιαν
3268 2356 3550 2447 μάρτυρα
3589 2359 3813 2411 Γολιν-

2684 2428 2939 2498 δουκὴν,
2973 2428 3165 2497 ἡμέρᾳ
3213 2428 3303 2496 cr.

2305 2566 2505 2620 Ῥύπου
2558 2566 2760 2628 κακίας
2806 2565 2903 2633 τὴν
2949 2564 3112 2632 φύσιν
3173 2566 3202 2617 ὁ
3269 2561 3666 2632 Πλαστουργδς
3715 2562 3814 2632 τὴν

2225 2660 2385 2730 ἡμῶν
2421 2659 2743 2730 βουλόμενος
2771 2657 3095 2728 ἐκκαθᾶραι,
3127 2659 3190 2711 ὲκ
3242 2657 3342 2725 τῆς
3400 2658 3495 2726 σῆς
3548 2654 3813 2724 καθαρᾶς

2229 2753 2573 2821 σεσάρκωται
2607 2751 2867 2822 γαστρὸς,
2907 2751 3136 2804 Θεοτόκε
3162 2767 3174 2780 ·
3208 2750 3288 2804 διό
3315 2767 3376 2803 σε
3406 2749 3613 2812 πάντες
3653 2748 3815 2812 δοξὰ-

2230 2842 2415 2910 ζομεν.

2299 2935 2561 2997 Γνωστῶς
2592 2935 2882 3004 κατίδομεν
2933 2934 3066 2986 Θεὸν
3119 2933 3491 3004 σαρκωθὲντα,
3524 2930 3810 3003 Παρθένε,

555 3021 714 3075 nibus
747 3021 853 3074 tuis
898 3023 1240 3074 incarnatum
1281 3034 1425 3082 esse,
1461 3033 1494 3070 ο
1541 3017 1724 3087 Virgo,
1764 3028 2115 3084 nostramque

2254 3024 2491 3094 ξόιγνῷν
2538 3043 2632 3078 σου
2682 3026 2950 3095 αἱμάτων,
3011 3025 3078 3078 δι’
3136 3021 3316 3078 οἶκτον
3367 3025 3459 3078 νῦν
3505 3025 3613 3095 τὴν
3650 3024 3812 3093 ἡμῶν

553 3126 697 3165 nunc
742 3109 973 3164 formam
1023 3109 1397 3164 misericordia
1444 3109 1737 3163 adductum
1771 3108 2112 3178 suscepisse;

549 3205 901 3274 quamobrem
937 3213 988 3257 te
1016 3219 1140 3257 eum
1174 3202 1276 3256 fide
1309 3203 1700 3271 glorificamus.

624 3295 908 3350 Vinculum
961 3295 1415 3362 transgressionis
1459 3293 1796 3357 dissolvisti,
1849 3295 2116 3347 bonorum

551 3391 792 3442 datorem
823 3400 945 3440 eum
976 3400 1201 3439 excessu
1241 3385 1591 3454 benignitatis
1620 3384 1780 3437 enixa
1812 3401 1823 3436 :
1869 3391 2122 3452 promer-1

551 3495 612 3535 ea
642 3494 738 3533 nos
771 3477 953 3532 fideles
988 3487 1057 3544 te,
1093 3476 1260 3545 Virgo
1298 3477 1484 3538 Mater,
1519 3475 1905 3546 glorificamus.

621 3573 753 3626 Cum
786 3571 858 3626 sit
901 3585 1057 3624 mens
1095 3586 1214 3625 mea
1252 3569 1440 3623 multis
1473 3569 2005 3639 transgressionibus
2032 3567 2118 3621 in-

551 3667 776 3734 quinata
825 3679 888 3719 ac
933 3663 1260 3730 deturpata,
1312 3677 1508 3732 precor
1550 3671 1638 3728 te,
1693 3678 1725 3716 o
1779 3662 1872 3716 Dei
1923 3661 2117 3727 Mater,

551 3757 709 3810 unice
740 3753 1088 3809 immaculata
1127 3753 1263 3822 (65),
1298 3753 1552 3807 miserere
1606 3753 1734 3818 mei,
1769 3762 1820 3806 et
1851 3754 1999 3806 salva
2035 3768 2117 3805 me

551 3848 873 3903 mediatione
904 3856 1015 3900 tua.

617 3941 752 3995 Cum
805 3941 1172 3994 eontexnisset
1217 3939 1532 3992 Altissimus
1566 3939 1668 3992 sibi
1713 3938 1810 4005 ipsi
1853 3937 2113 4024 amictum

552 4050 614 4087 ex
645 4033 797 4104 puris
837 4031 1192 4101 sanguinibns
1229 4032 1357 4095 tuis,
1402 4047 1433 4079 o
1469 4031 1834 4092 immaculata.
1879 4046 1973 4084 eos
2021 4032 2114 4098 qui

551 4126 747 4180 divinis
779 4125 1021 4178 vestibus
1049 4123 1234 4176 nudati
1269 4124 1504 4185 fuerant,
1526 4123 1840 4187 exornarit;
1864 4134 2114 4191 prepter-

551 4233 611 4273 ea
651 4233 771 4271 cum
809 4198 1001 4270 affectu
1040 4223 1090 4266 te
1126 4215 1333 4267 beatam
1373 4214 1727 4283 appellamus.

618 4307 1060 4378 Propitiatorium
1102 4307 1240 4377 apud
1287 4307 1451 4360 Deum
1489 4315 1540 4359 te
1581 4322 1791 4375 semper
1829 4307 2113 4370 habemus,

553 4417 587 4454 ο
623 4414 838 4454 summe
887 4399 1234 4451 immaculata
1291 4419 1304 4451 :

553 4491 890 4547 terribilibus
927 4491 1234 4551 tormentis,
1270 4504 1332 4541 ac
1390 4491 1555 4542 libera
1603 4507 1703 4544 nos
1750 4491 1816 4542 ab
1863 4491 2119 4546 omnibus

555 4584 720 4638 minis
763 4589 818 4635 et
857 4568 1148 4635 conatibus
1200 4579 1434 4632 hostium
1469 4589 1574 4633 tam
1615 4581 1909 4632 visibilium
1951 4597 2114 4648 qualn

555 4675 933 4731 invisibilium.

622 4766 703 4820 Tu
749 4782 865 4836 qua:
912 4774 1067 4834 partu
1124 4774 1215 4818 tuo
1251 4765 1558 4818 universam
1596 4763 1901 4817 seducmris
1958 4765 2115 4817 mali-

554 4860 682 4915 tiam
721 4859 958 4913 sterilem
1009 4858 1322 4923 reddidisti,
1367 4873 1399 4910 ο
1443 4867 1592 4910 easta
1617 4899 1629 4920 ,
1664 4873 1757 4910 eor
1787 4871 1964 4909 meum
2007 4873 2118 4910 om-

556 4952 704 5006 nium
742 4952 1010 5005 bonorum
1043 4965 1267 5018 operum
1303 4949 1509 5012 sterile,
1557 4949 1896 5002 fructiferum
1947 4949 2114 5013 effice,

557 5044 722 5099 Deum
752 5043 886 5097 mihi
920 5043 1208 5112 propitium
1244 5045 1536 5097 reddendo.

631 5136 785 5208 142
828 5135 1097 5190 Mediame
1125 5151 1255 5189 voce
1284 5136 1480 5205 angeli,
1512 5132 1832 5202 concepisti,
1873 5150 1906 5186 ο
1946 5146 2114 5200 casta,

627 5315 738 5383 (85)
779 5314 915 5367 lline
945 5314 1100 5367 .loau.
1125 5314 1455 5367 Tritbemius
1482 5313 1726 5366 abbasde
1750 5314 1898 5367 laud.
1934 5313 1990 5367 S.
2017 5316 2120 5367 An-

557 5402 639 5438 na:
667 5400 786 5453 cap.
822 5386 871 5442 7.
905 5386 978 5438 ait
1010 5387 1071 5436 ad
1103 5401 1214 5436 rem
1246 5394 1487 5435 nostram
1522 5400 1533 5434 :
1578 5402 1596 5432 ι
1639 5383 1800 5448 Digna
1829 5383 1922 5436 Dei
1953 5386 2121 5438 Mater

558 5454 722 5507 fuisse
744 5456 983 5508 creditur
1023 5455 1139 5505 sine
1179 5453 1427 5520 originali
1477 5455 1684 5506 macula
1732 5455 1963 5522 concipi,
2000 5470 2120 5522 qua}

558 5525 704 5577 illum
733 5535 847 5576 erat
881 5523 1044 5592 Virgo
1077 5523 1338 5589 paritura,
1367 5525 1455 5592 qui
1495 5524 1660 5576 totius
1695 5525 1880 5576 mttndi
1916 5525 2120 5578 deleret

555 5595 808 5647 crimina.
849 5591 995 5645 Nolo
1036 5592 1249 5644 mireris
1295 5592 1384 5645 Dei
1429 5591 1752 5646 Genitricem
1789 5605 1984 5662 praeter
2025 5611 2119 5648 na-

557 5673 694 5719 tura:
735 5663 1182 5715 consuetudinem
1223 5663 1288 5714 ab
1314 5664 1557 5717 originali
1591 5675 1969 5718 orzeset-vatam
2008 5666 2118 5719 cria

2224 3115 2562 3170 ἀναλαϐόντα
2623 3118 2853 3188 μορφήν.
2917 3116 3018 3170 Διὰ
3059 3116 3220 3170 τοῦτο
3279 3117 3458 3170 πίστει
3517 3132 3578 3168 σε
3652 3114 3812 3180 δοξά-

2226 3210 2412 3278 ζομεν.
2944 3257 2947 3260 ,
3131 3263 3134 3272 ,

2297 3303 2506 3370 Δεσμδν
2535 3300 2783 3362 διέλυσας
2812 3299 2913 3369 τῆς
2951 3299 3317 3375 παραϐάσεως
3366 3297 3474 3351 τῶν
3500 3297 3700 3351 καλῶν
3718 3296 3809 3350 τὸν

2228 3393 2425 3464 δοτῆρα
2454 3392 2724 3463 ὑπερϐολῇ
2755 3393 2958 3458 τέξασα
2979 3392 3368 3462 χρηστότητος,
3425 3392 3802 3464 Παρθενομῆ-

2228 3500 2346 3550 τορ.
2395 3481 2496 3536 Διὰ
2526 3481 2686 3535 τοῦτο
2723 3482 2772 3535 οἱ
2806 3481 2988 3534 πιστοί
3021 3498 3079 3534 σε
3103 3481 3417 3551 δοξάζομεν.

2299 3572 2730 3643 Μεμολυσμένος
2759 3573 2849 3625 τὸν
2878 3573 3138 3643 λογισμὸν
3167 3575 3261 3626 καὶ
3281 3573 3660 3644 ὴχρειωμένος
3689 3575 3810 3635 ταῖς

2228 3667 2469 3728 πολλαῖς,
2510 3664 2700 3735 Μῆτερ
2733 3663 2887 3728 Θεοῦ,
2940 3663 3304 3742 παραϐάσεσι,
3338 3663 3396 3716 σὲ
3431 3662 3807 3725 καθικετεύω,

2229 3761 2361 3828 μόνη
2393 3757 2679 3825 ἁμόλυντε,
2710 3757 2977 3827 οἰκτεῖραί
3022 3773 3088 3826 με
3115 3756 3206 3809 καὶ
3236 3756 3410 3808 σῶσαι
3442 3756 3509 3825 τῇ
3542 3755 3809 3825 μεσιτείᾳ

2228 3867 2341 3902 σου.

2307 3910 2544 4008 ’Υφάναος
2568 3939 2827 4008 ’Υψιστος
2855 3937 3032 4008 ἑαυίτῷ
3066 3955 3131 3990 πε
3146 3937 3360 4009 ριῦολὴν
3384 3939 3444 3990 ὲκ
3468 3935 3579 3990 τῶν
3613 3935 3806 4004 ἁγνῶν

2224 4034 2470 4102 αἱμάτων
2505 4050 2621 4097 σου,
2678 4032 2806 4094 τοὺς
2862 4030 3247 4100 γυμνωθέντας
3303 4029 3475 4093 θείαις
3527 4047 3806 4082 καταστο-

2223 4129 2338 4189 λαῖς
2360 4127 2698 4197 ἐφαίδρυνεν,
2717 4124 2971 4197 ἅχραντε.
3021 4125 3120 4178 Διὰ
3150 4123 3308 4178 τοῦτό
3334 4141 3394 4176 σε
3433 4123 3584 4193 πόοῳ
3617 4141 3805 4192 μακα-

2228 4219 2465 4290 ρίζομεν.

2304 4311 2635 4380 Ἱλαστήριον
2679 4307 3076 4377 κεκτημένους,
3109 4307 3442 4374 πανάμωμε,
3510 4305 3659 4374 πρὸς
3711 4305 3802 4358 τδν

1359 4414 1490 4452 erue
1543 4415 1640 4453 nos
1679 4414 1707 4452 a
1756 4399 1950 4452 futurae
1996 4399 2115 4452 vitre

2250 4407 2356 4458 lsdv
2398 4422 2456 4457 σε
2504 4406 2763 4464 πάντοτε,
2809 4400 2989 4467 ἐξελοῦ
3022 4403 3170 4470 ἡμᾶς
3219 4398 3326 4451 τῶν
3379 4398 3494 4450 ἐκεῖ
3542 4398 3808 4465 βασάνων

2232 4497 2498 4567 φοϐερῶν,
2528 4496 2621 4549 καὶ
2652 4494 2926 4561 λύτρωσαι
2956 4493 3136 4562 πάσης
3168 4489 3393 4558 ἀπειλῆς
3434 4490 3527 4542 καὶ
3574 4490 3809 4542 ἐπιδου-

2227 4589 2325 4660 λῆς
2349 4588 2560 4660 ὁρατῶν
2587 4587 2681 4638 καὶ
2711 4585 2956 4654 ἀοράτων
2985 4583 3214 4666 ἐχθρῶν.
3245 4609 3249 4612 ·

2306 4770 2369 4821 Ἡ
2401 4767 2475 4838 τῷ
2506 4768 2649 4836 τόκῳ
2681 4783 2773 4818 σου
2799 4766 2981 4816 πᾶσαν
3011 4760 3465 4832 ἀποστειρὼσασα
3520 4761 3624 4827 τὴν
3703 4777 3806 4811 και

2224 4863 2347 4915 κίαν
2394 4862 2484 4913 τοῦ
2547 4859 2767 4922 πλάνου,
2829 4857 3007 4927 πάσης
3072 4854 3462 4926 στειρεύουσαν
3519 4852 3805 4921 πράξεως,

2228 4953 2385 5021 ἁγνὴ,
2417 4950 2625 5018 ἀγαθῆς
2655 4949 2753 5018 τὴν
2786 4950 3013 5017 καρδίαν
3046 4966 3146 5018 μου
3204 4947 3373 5009 δεῖξον
3421 4944 3804 5014 καρποφόρον,

2227 5045 2356 5097 Θεὸν
2391 5043 2694 5111 ἱλεουμένη.

2295 5136 2448 5202 Φωνῇ
2507 5131 2763 5200 ἀγγέλου,
2817 5130 2980 5200 ἁγνὴ,
3035 5131 3321 5194 συνέλαὸες
3364 5129 3538 5196 Λόγον
3580 5127 3809 5197 nugs;

2229 5317 2406 5377 mine,
2441 5331 2601 5377 quam
2639 5314 2738 5366 sibi
2776 5312 3110 5366 mansionem
3149 5318 3434 5380 paraverat
3475 5309 3619 5364 Deus
3658 5311 3809 5364 infu-

2228 5401 2315 5435 sor
2341 5385 2545 5454 gratite.
2576 5384 2874 5436 Considera
2905 5392 3080 5435 natam
3117 5383 3205 5454 Dei
3231 5381 3582 5454 Genitrit‘cm,
3617 5390 3674 5434 et
3697 5397 3807 5434 non

2229 5450 2511 5507 miraberis
2562 5454 2676 5507 sine
2712 5454 2923 5506 macula
2962 5453 3396 5521 conceptionem.
3444 5450 3641 5521 Magna
3679 5461 3810 5506 sunt

2227 5542 2345 5582 qua:
2370 5525 2646 5584 dicuntur,
2679 5525 2769 5576 sed
2803 5539 2951 5585 vera,
2980 5522 3071 5576 sed
3098 5520 3307 5583 sancta,
3336 5521 3429 5574 sed
3466 5520 3806 5574 Genitricem

2227 5593 2318 5646 Dei
2353 5596 2619 5656 decentia,
2664 5594 2821 5662 cujus
2848 5594 3256 5663 conceptionem
3299 5593 3568 5660 prmvenit
3598 5592 3802 5663 gratia,

2224 5674 2276 5719 et
2307 5664 2433 5719 biuc
2469 5667 2696 5718 miratur
2728 5675 2936 5717 natura.
2979 5683 2995 5714 ›
3031 5662 3118 5716 Sic
3149 5663 3257 5718 ille.
