3936 6304
579 358 702 422 lii?

1681 365 1738 425 S.
1780 361 2086 423 JOSEPIII
2128 359 2679 421 IIYMNOGRAPIII

3649 114 3915 299 "1

3639 364 3774 420 1158

644 475 979 532 Aentissima.
1007 478 1408 533 intercessionis
1445 489 1546 534 ture
1591 480 1748 542 falce,
1803 489 2043 547 amputa,
2085 494 2117 530 ο

2293 477 2623 548 Προρῤίζους
2651 474 2724 543 τῷ
2755 472 3004 544 τμητικῴ
3052 489 3144 524 σου
3185 472 3436 542 δρεπάνῳ
3502 474 3598 539 τῆς
3643 491 3774 541 πρε-

582 568 772 636 puella,
796 583 822 616 a
849 566 1121 621 radicibus
1146 584 1336 635 pravas
1357 571 1714 638 cogitationes
1739 570 1930 622 anima:
1962 582 2120 631 meas;

583 673 766 721 .neqne
813 657 1153 710 fructiferum
1197 659 1378 724 redde,
1419 677 1644 730 precor;
1693 661 1935 714 omnium
1977 659 2122 711 enim

583 747 827 801 Satorem
860 747 1044 813 Deum,
1074 758 1126 801 et
1153 749 1487 804 Salvatorem
1529 753 1804 820 peperisti.

651 921 844 976 Verbis
895 924 1000 978 tuis
1049 923 1396 990 inbrerentes,
1444 944 1631 982 omnes
1664 928 2037 996 generationes
2079 940 2129 984 te

585 1012 789 1064 beatam
821 1013 1072 1078 dicimus,
1097 1028 1129 1066 o
1155 1016 1349 1082 puella.
1379 1018 1514 1070 beati
1544 1017 1630 1070 Dei
1655 1027 1875 1072 tuatrem
1907 1019 2126 1089 factam,

582 1103 675 1173 qui
707 1104 987 1158 credentes
1018 1105 1070 1157 in
1098 1121 1178 1171 se,
1213 1105 1340 1161 facit
1363 1123 1480 1162 esse
1506 1109 1710 1161 beatos.

657 1281 892 1336 Verbum
939 1299 1010 1338 ex
1061 1284 1580 1338 immaculatissimis
1628 1286 1978 1354 sanguinibus
2028 1289 2133 1342 tuis

588 1371 960 1436 incarnatum,
992 1389 1023 1424 o
1062 1375 1231 1442 puella
1266 1375 1631 1438 immaculata,
1677 1391 1770 1429 eos
1804 1377 1894 1444 qui
1931 1378 1996 1429 ad
2058 1379 2133 1431 ir-

589 1463 1104 1518 rationabilissimas
1152 1463 1330 1516 carnis
1366 1467 1648 1532 passiones
1681 1475 1804 1519 ante
1834 1466 2134 1534 propende-

589 1561 734 1611 rant,
761 1552 941 1605 divina
966 1553 1188 1605 scientia
1215 1553 1514 1618 deificavit;
1551 1555 1786 1607 ideonos
1815 1554 1943 1606 illud
1976 1569 2135 1621 supe-

587 1642 916 1694 rexaltamus
950 1642 1001 1694 in
1036 1643 1217 1697 omnia
1258 1645 1477 1698 saecula.

645 1731 819 1803 1“
853 1732 1120 1796 lllumiua,
1153 1751 1184 1787 o
1218 1747 1367 1803 porta
1397 1735 1553 1795 lucis.
1590 1735 1824 1788 animam
1856 1750 2029 1787 meam
2069 1735 2137 1788 ab

2229 570 2412 630 σὸείας
2447 567 2798 635 ὲναπόκοψον,
2841 566 2996 633 κόρη,
3041 567 3163 627 τοὺς
3194 565 3458 632 πονηροὺς
3488 566 3775 632 λογισμοὺς

2228 663 2323 727 τῇς
2345 659 2520 728 ψυχῆς
2552 676 2672 727 μου,
2707 656 2798 708 καὶ
2841 656 3186 725 καρποφόρον
3210 654 3515 718 ἀνάδειξον,
3543 657 3737 722 δέομαι
3763 671 3772 680 ·

2231 748 2480 800 ἁπάντων
2513 748 2619 816 γὰρ
2653 748 2742 798 τὸν
2776 747 3076 817 φυτουργὸν
3101 746 3208 812 ,τὸν
3242 744 3372 797 Θεὸν
3403 745 3497 796 καὶ
3540 745 3770 812 Σωτῆρα

2231 835 2360 903 ὲκύη
2371 853 2486 898 σας.
2763 893 2769 898 ,

2312 927 2543 996 Ῥήμασι
2592 928 2701 988 σοῖς
2731 923 3145 986 ἀκολουθοῦντες
3190 923 3564 995 μακαρίζομεν
3597 925 3781 988 γενεαὶ

2233 1018 2423 1078 πᾶσαι,
2472 1016 2626 1084 κόρη.
2672 1015 2940 1084 μακαρίου
2991 1014 3124 1066 Θεοῦ
3157 1015 3382 1084 Μητέρα
3442 1031 3499 1066 σε
3555 1014 3782 1082 δειχθεῖ-

2235 1124 2353 1170 σαν,
2388 1108 2513 1169 τοὺς
2557 1109 2635 1169 είς
2683 1107 2842 1159 αὐτὸν
2887 1104 3238 1168 πιστεύοντας
3280 1107 3582 1175 μακαρίους
3628 1108 3782 1157 ἐκτε-

2233 1196 2447 1250 λοῦντα.
3135 1246 3137 1248 -
3557 1258 3566 1262 ,

2307 1287 2614 1356 Σαρκωθεὶς
2665 1289 2693 1340 ὁ
2736 1287 2904 1352 Λόγος
2963 1289 3025 1340 ὲκ
3077 1286 3184 1339 τῶν
3239 1287 3636 1356 παναχράντων
3696 1301 3783 1334 σου

2236 1380 2499 1446 αἱμάτων,
2544 1378 2700 1447 κόρη,
2740 1379 2862 1440 τοὺς
2910 1377 3332 1448 προνενευκότας
3384 1377 3519 1445 πρὸς
3548 1375 3616 1426 τὰ
3669 1375 3787 1427 ἀλο-

2236 1469 2452 1536 γώτατα
2480 1468 2579 1536 τῆς
2608 1467 2808 1536 σαρκὸς
2837 1468 3006 1535 πάθη,
3057 1466 3352 1532 ἐπιγνώσει
3380 1467 3502 1535 θείᾳ.
3533 1466 3786 1524 ὲθέωσεν,

2238 1559 2492 1628 ἇχραντε,
2524 1559 2580 1609 ὃν
2612 1556 2998 1626 ὑπερυψοῦμεν
3025 1559 3104 1619 εἰς
3139 1558 3344 1618 πάντας
3372 1558 3497 1618 τους
3527 1555 3753 1614 αἰῶνας.

2308 1733 2561 1795 Φὼτισον,
2603 1735 2742 1803 πύλη
2771 1735 2864 1787 τοῦ
2887 1735 3080 1802 φωτὸς,
3113 1734 3210 1802 τὴν
3240 1733 3657 1801 τυφλώττουσαν
3691 1731 3764 1798 de
3791 1770 3795 1774 .

589 1820 871 1875 affectibus
895 1833 1236 1885 exezecatam,
1256 1826 1538 1894 pravisque
1554 1824 1971 1893 cogitationibus
1991 1826 2138 1878 obte—

2266 1827 2338 1892 [ήν
2374 1841 2475 1893 μου
2498 1826 2607 1886 τοῖς
2636 1825 2852 1888 πάθεσι,
2882 1826 2976 1878 καὶ
3015 1827 3266 1894 πονηροῖς
3295 1825 3576 1893 λογισμοῖς
3611 1825 3790 1891 ἀμαυ-

588 1915 891 1978 nebratam,
912 1932 973 1969 ac
1005 1919 1397 1985 periclitantem
1420 1935 1434 1982 ;
1457 1934 1649 1986 meque
1677 1936 1705 1970 a
1732 1918 2135 1980 teutationibus,

585 2008 858 2074 periculis,
885 2023 947 2060 ac
979 2010 1417 2062 tribulationibus
1450 2012 1621 2077 cripc.
1646 2019 1703 2062 ut
1732 2011 2023 2078 glorificent
2062 2019 2132 2075 te,

585 2097 818 2150 fidelium
849 2114 994 2166 spem
1021 2114 1083 2152 ac
1110 2100 1505 2154 fortitudinem.

587 2249 670 2302 Ex
732 2250 941 2305 Canone
1011 2253 1067 2305 in
1132 2253 1261 2320 festo
1320 2252 1376 2306 S.
1444 2252 1786 2322 Atheuogeuis
1866 2252 2136 2320 martyris,

1259 2324 1342 2374 die
1375 2322 1463 2374 16.

663 2468 890 2523 Verbum
922 2480 1204 2534 mternum,
1240 2489 1305 2526 ex
1351 2475 1705 2541 sanguinibus
1742 2476 1870 2536 tuis,
1913 2489 1944 2526 o
1977 2476 2138 2527 innu-

587 2574 697 2628 pta,
731 2559 944 2615 carnem
987 2562 1227 2624 factum,’
1272 2580 1432 2632 supra
1463 2569 1656 2618 mentis
1689 2567 1939 2632 verbique
1989 2582 2138 2619 com-

587 2653 1023 2720 prehensionem,
1067 2656 1345 2728 peperisti.

657 2742 822 2795 C(Blis
866 2743 1151 2797 sublimior
1187 2745 1325 2799 facta
1360 2762 1440 2809 es,
1487 2763 1518 2798 o
1565 2758 1733 2806 easta.
1767 2757 1819 2800 et
1857 2746 2138 2815 Seraphim

587 2833 845 2893 sanctior,
876 2835 1073 2902 quippe
1106 2852 1224 2903 qure
1256 2839 1500 2889 omnium
1534 2835 1726 2906 Regem
1755 2854 1818 2892 ac
1853 2838 2140 2890 Dominum

592 2938 755 2988 supra
783 2933 987 2977 natura:
1013 2927 1256 2978 ordinem
1293 2929 1566 2993 genueris.

660 3013 905 3079 Equalis
929 3031 1052 3068 cum
1098 3016 1351 3070 Genitore
1398 3020 1679 3085 potestatis
1719 3035 1779 3073 ac
1811 3018 2014 3077 llironi.
2048 3034 2134 3072 su-

2242 1915 2503 1984 ρωθεῖσαν
2542 1917 2634 1968 καὶ
2680 1917 3111 1979 κινδυνεύουσαν,
3141 1918 3232 1968 καὶ
3260 1915 3442 1980 ἐξελοῦ
3499 1933 3566 1984 με
3613 1933 3789 1983 πειρα-

2241 2006 2414 2074 σμῶν⁹
2487 2006 2745 2059 κινδύνων
2780 2008 2870 2059 καὶ
2899 2008 3146 2076 θλίψεων,
3185 2007 3270 2060 ἵνα
3317 2005 3524 2071 δοξάζω
3559 2022 3641 2067 σε.
3700 2006 3791 2072 τίὶν

2240 2097 2427 2150 ἐλπίδα
2448 2097 2556 2151 τῶν
2586 2099 2790 2150 πιστῶν
2823 2100 2915 2150 καὶ
2945 2098 3290 2169 κραταίωμα.

2252 2251 2346 2304 Ἐκ
2367 2249 2469 2304 τοῦ
2519 2250 2781 2314 Κανόνος
2811 2251 2896 2314 εἷς
2919 2249 3023 2301 τὸν
3051 2249 3220 2317 ἅγιον
3245 2249 3520 2316 μάρτυρα
3561 2250 3790 2313 Ἀθηνο-

2728 2319 2865 2386 γένη
2873 2337 2927 2381 ν,
2959 2319 3145 2386 ’ἡμέρῃ
3186 2325 3280 2382 ις’.

2310 2471 2494 2540 Σάρκα
2529 2471 2890 2539 γεγενημένον
2917 2473 2980 2523 ἐκ
3009 2471 3114 2522 τῶν
3140 2471 3246 2522 σῶν
3278 2471 3547 2538 αἱμάτων,
3577 2471 3793 2538 6:73:96-

2239 2580 2401 2632 γαμε,
2434 2564 2523 2614 τὸν
2575 2561 2789 2614 αἰώνιον
2837 2562 3009 2627 Λόγον
3067 2549 3380 2630 ὑπὲρΝοῦν
3420 2577 3480 2612 τε
3512 2562 3608 2611 καὶ
3645 2560 3794 2626 λόγου

2239 2654 2495 2723 ὲκύησας.

2313 2746 2533 2815 Ὠφθηςι
2582 2745 2845 2817 οὐρανῶν,
2908 2746 3069 2815 ἀγνὴ,
3125 2746 3453 2820 ὑψηλοτέρα,
3538 2746 3636 2799 καὶ
3701 2746 3797 2796 τῶν

2240 2839 2488 2908 Σεραφὶμ
2522 2838 2610 2890 ἀεὶ
2652 2839 2945 2907 ἀγιωτέρα,
2981 2838 3054 2900 ὡς
3087 2839 3178 2890 τὸν
3228 2839 3481 2891 ἁπάντων
3528 2838 3797 2904 Δεσπότηκ

2241 2927 2333 2979 καὶ
2363 2927 2592 2979 Βασιλέα
2636 2927 2928 2996 ὑπερφυῶς
2973 2930 3375 2999 κυοφορήσασα.

2322 3015 2679 3084 Ἰσοδύναμον,
2721 3015 3005 3084 σύνθρονον
3043 3017 3120 3085 τῷ
3153 3018 3505 3085 γεγεννηκότι
3555 3018 3651 3069 τὸν
3684 3019 3797 3068 ύπε-

591 3103 1104 3170 persubSIantialem
1162 3110 1480 3173 corporasti,
1540 3125 1572 3162 ο
1616 3110 2132 3169 immnculatissima.

2266 3105 2454 3158 >odstov
2508 3107 2895 3174 ἐσωμάτωσας,
2953 3109 3279 3178 πανάμωμε,
3335 3112 3449 3173 τοῖς
3497 3109 3712 3180 βροτοῖς
3742 3111 3799 3161 δι’

590 3196 680 3260 qui
733 3207 855 3246 eum
905 3197 1215 3250 hominibus
1254 3209 1470 3266 propter
1508 3216 1660 3253 suam
1713 3200 2135 3254 misericordiam

589 3292 937 3336 conversatus
969 3295 1071 3338 est.

656 3373 882 3427 Matrem
945 3389 1009 3428 ac
1059 3374 1332 3446 Virginem
1387 3388 1440 3434 te
1487 3387 1652 3434 totam
1695 3389 1937 3435 sanctam
1978 3395 2142 3448 agno-

586 3474 838 3529 scentes,
889 3469 1142 3520 concordi
1189 3483 1320 3523 voce
1367 3477 1419 3523 te
1471 3486 1814 3535 veneramur,
1863 3481 1919 3524 et
1951 3469 2143 3523 devote

588 3555 804 3608 beatam
837 3557 1190 3625 appellamus.

662 3645 941 3714 Tanquam
970 3647 1340 3715 |iutelligibilis
1379 3664 1523 3713 arca,
1571 3650 1932 3720 legislalorem
1963 3660 2144 3720 porta-

590 3736 658 3787 sti
690 3753 703 3788 :
741 3744 997 3804 tanquam
1045 3739 1262 3791 lucerna
1295 3739 1575 3807 splendida
1624 3741 1804 3794 lumen
1843 3741 2096 3810 peperisti
2128 3759 2141 3794 :

590 3835 843 3892 tanquam
882 3828 1029 3880 radix
1066 3844 1340 3897 nunquam
1373 3831 1592 3899 irrigata
1631 3832 1751 3885 vita:
1782 3848 2079 3898 racemum,
2111 3847 2145 3887 0

591 3916 843 3984 Deipara,
878 3919 1172 3986 protulisti.
1926 3913 1929 3916 ’

665 4005 925 4071 Verbum,
982 4009 1122 4075 quod
1185 4025 1346 4079 supra
1397 4012 1546 4066 verbi
1606 4013 2143 4082 comprehensionem

592 4097 868 4163 peperisti,
916 4111 948 4150 o
996 4099 1083 4150 Dei
1121 4099 1352 4166 genitrix
1381 4099 1569 4166 Maria,
1613 4118 1708 4170 pro
1754 4104 1910 4158 nobis
1958 4120 2145 4170 exora,

590 4185 683 4252 qui
728 4196 780 4240 te
818 4202 941 4240 cum
979 4187 1084 4242 fide
1121 4190 1517 4256 collaudamus,
1565 4207 1627 4247 ac
1671 4195 2069 4261 beatificamus,
2107 4211 2139 4249 ο

592 4278 959 4333 immaculata.

662 4371 898 4426 Liberali
935 4389 1029 4443 per
1077 4358 1151 4437 te,
1200 4390 1231 4427 ο
1281 4377 1773 4443 intemeratissima,
1811 4379 1877 4434 ab
1924 4378 2146 4448 antiquo

2237 3192 2416 3249 οἶκτον
2442 3196 2790 3267 ὁμιλήσαντα.

2312 3373 2544 3443 Μητέρα
2567 3375 2662 3425 καὶ
2683 3374 2958 3444 Παρθένον
2982 3376 3180 3439 εἰδότες
3204 3393 3262 3429 σε
3288 3379 3564 3445 παναγίαν
3587 3381 3796 3451 συμφὼ

2243 3479 2346 3524 νως
2375 3463 2725 3533 γεραίρομεν,
2759 3466 2851 3518 καὶ
2885 3466 3124 3530 εὐσεϐῶς
3159 3468 3557 3538 μακαρίζομεν.

2327 3635 2413 3697 Ὠς
2431 3637 2593 3707 νοητή
2618 3638 2844 3702 κιϐωτὸς
2862 3640 2951 3691 τὸν
2965 3641 3254 3730 νομρδὸτην
3267 3643 3594 3707 ἐϐάστασας,
3622 3648 3802 3714 λυχνία

2251 3728 2324 3791 ὼς
2353 3731 2641 3799 φωταυγὴς
2666 3731 2727 3784 τὸ
2751 3733 2863 3799 φῶς
2885 3728 3225 3803 ἀπεκύησας,
3261 3737 3335 3797 ὡς
3371 3737 3495 3806 ῥίζα
3520 3739 3803 3801 ἀπότιστος

2244 3821 2342 3889 τῆς
2366 3821 2507 3891 ζωῆς
2535 3823 2624 3876 τὸν
2649 3823 2860 3895 βότρυν,
2885 3825 3135 3889 Θεοτόκε,
3160 3827 3590 3897 ἀνεϐλάστησας.

2322 4001 2416 4052 ’ον
2459 4000 2782 4070 ἀπεκύησας
2813 4003 2984 4071 Λόγον
3043 4005 3182 4076 ὑπὲρ
3215 4006 3394 4075 λόγον,
3438 4008 3803 4080 Θεογενυῆτορ

2246 4091 2453 4157 Μαρία,
2506 4093 2643 4158 ὑπὲρ
2698 4096 2852 4163 ἡμῶν
2909 4095 3234 4162 ὲκδυσὼπει,
3305 4100 3413 4152 τῶν
3481 4103 3701 4164 πιστῶς
3755 4120 3803 4154 σε

2249 4181 2581 4252 ὑμνούντων,
2624 4185 2715 4234 καὶ
2760 4185 3283 4254 μακαριζόντωνεσε,
3320 4189 3579 4258 ἄχραντε.

2318 4355 2711 4425 Λυτρωθέντες,
2737 4360 3061 4430 πανάμωμε,
3087 4362 3174 4415 διὰ
3194 4361 3308 4425 σοῦ,
3329 4365 3425 4432 τῆς
3442 4365 3691 4434 ἀρχαίας
3710 4367 3806 4419 τῶν

593 4463 893 4529 primorum
923 4474 1204 4532 parentum
1235 4466 1422 4536 lapsu,
1458 4469 1548 4520 tibi
1583 4469 1902 4534 clamamus,
1931 4459 2059 4533 A've,
2095 4478 2138 4525 cl

2266 4447 2528 4513 προγόνων
2577 4450 2923 4516 ἐκπτώσεως,
2979 4454 3058 4516 τὸ,
3095 4455 3284 4521 Χαῖρε,
3323 4457 3406 4507 σοὶ
3443 4457 3694 4525 βοῶμεν,
3729 4461 3807 4510 καὶ

571 4567 715 4604 cum
755 4553 855 4606 fide
898 4557 1264 4622 gloriﬁcamus
1293 4575 1437 4625 eum,
1483 4560 1573 4628 qui
1606 4551 1700 4628 per
1739 4569 1786 4615 te
1830 4575 1929 4615 nos
1959 4576 1989 4614 a
2020 4576 2143 4615 cor-

593 4646 840 4713 ruptione
875 4649 1139 4702 liberavit.

664 4735 796 4790 Fers
831 4739 880 4789 in
915 4738 1057 4792 ulnis
1104 4739 1267 4792 Deum
1306 4740 1558 4796 ferentem
1595 4744 1805 4805 omnia;
1841 4744 2014 4797 nutris
2046 4760 2148 4796 nu-

591 4830 858 4894 tritorem,
908 4831 1062 4902 145
1099 4847 1130 4883 ο
1177 4841 1349 4900 casta,
1387 4836 1539 4889 nobis
1582 4837 1811 4889 similem
1863 4838 2142 4901 effectum;

591 4937 753 4986 quem
784 4921 1096 4990 deprecare,
1128 4935 1181 4977 ut
1209 4941 1237 4978 a
1271 4927 1482 4981 cunctis
1521 4927 1731 4996 asperis
1763 4935 1924 4996 atque
1956 4929 2146 4982 adver-

593 5007 670 5062 sis
707 5008 894 5062 liberet
921 5011 1179 5079 populum
1213 5021 1388 5068 tuum.

598 5163 676 5215 EI
713 5165 919 5221 Canone
960 5169 1013 5220 in
1059 5168 1190 5236 festo
1243 5168 1301 5223 S.
1347 5169 1574 5223 Marino:
1617 5172 1882 5240 martyris,
1934 5171 2015 5225 die
2062 5172 2145 5225 Π.

668 5362 1083 5434 Reeeptacnlum
1142 5381 1304 5438 capax
1337 5370 1533 5424 divinze
1580 5371 1764 5440 gratia:
1811 5371 1950 5425 facta
2001 5389 2081 5437 es,
2118 5388 2150 5426 ο

607 5459 696 5510 Dei
732 5462 963 5528 genitrix
1003 5461 1346 5516 immaculata
1379 5480 1390 5515 :
1421 5473 1700 5531 propterea
1718 5464 1918 5518 Marina
1952 5465 2146 5518 affectu

597 5549 832 5616 virgineo
874 5563 922 5604 te
956 5568 1288 5620 prosequens
1316 5571 1379 5609 ac
1410 5557 1744 5622 desiderans,
1777 5557 1909 5611 Filio
1937 5569 2028 5611 tuo
2059 5559 2150 5610 ad-

599 5639 758 5691 ducta
781 5653 862 5694 est
891 5652 1009 5709 post
1039 5653 1107 5698 te.

676 5727 809 5782 Vere
845 5744 904 5782 ac
936 5737 1146 5801 pr0prie
1172 5745 1220 5789 te
1253 5736 1528 5807 Deiparam
1563 5755 1663 5792 nos
1698 5739 1879 5795 ﬁdeles
1923 5757 2148 5796 \cucra-

2249 4536 2427 4589 πὶστει
2462 4539 2756 4611 δοξάζομεν
2783 4543 2869 4594 τὸν
2899 4544 2986 4596 διὰ
3020 4543 3110 4596 σοῦ
3142 4547 3204 4597 ἐκ
3229 4546 3432 4616 φθορᾶς
3459 4550 3607 4616 ἡμᾶς
3647 4553 3808 4620 ῥυσά-

2251 4646 2428 4698 μενον.

2317 4723 2503 4791 Φέρεις
2557 4723 2615 4774 ὲν
2672 4725 2932 4791 ἀγκάλαις
2990 4727 3121 4779 Θεὸν
3166 4729 3259 4780 τὸν
3319 4729 3558 4797 φέροντα
3617 4733 3807 4788 πάντα,

2248 4811 2468 4879 τρέφεις
2503 4812 2593 4864 τὸν
2630 4816 2833 4882 τροφέα
2869 4806 3019 4884 ἡμῖν,
3048 4819 3205 4886 ἁγνὴ,
3227 4818 3581 4884 ὁμοιωθέντα·
3614 4821 3684 4872 ὃν
3709 4824 3808 4872 ἱκέ-

2249 4918 2368 4952 τευε
2405 4901 2479 4969 τῷ
2511 4901 2622 4971 λαῷ
2651 4921 2742 4956 σου
2774 4904 2955 4959 δοῦναι
2989 4909 3202 4958 πάντων
3240 4907 3514 4975 δυσχερῶν
3546 4907 3654 4974 τὴν
3690 4910 3809 4960 ἀπο-

2250 4993 2533 5064 λύτρωσιν.

2263 5152 2356 5205 Ἐκ
2388 5153 2488 5205 τοῦ
2523 5155 2786 5217 Κανόνος
2825 5158 2908 5216 εἷς
2953 5151 3065 5217 τὴν
3113 5154 3291 5223 ἁγίαν
3325 5155 3598 5223 μάρτυρα
3640 5159 3812 5221 Μαρέ-

2792 5243 2927 5291 νιιν,
2952 5224 3137 5291 ἡμέρᾳ
3170 5222 3253 5286 ιζ’.

2324 5356 2538 5423 Δοχεῖον
2595 5358 2899 5427 χωρητικὸν
2938 5356 3166 5424 γέγονας
3207 5361 3304 5427 τῆς
3362 5359 3518 5421 θείας
3567 5359 3813 5428 χάριτος.

2257 5445 2607 5517 θεογεννῆτορ
2634 5450 2888 5516 ἄχραντε·
2922 5448 3000 5499 διό
3031 5465 3088 5499 σε
3118 5448 3333 5518 Μαρίνα
3353 5447 3651 5517 ποθήσασα
3686 5468 3814 5519 παρ-

2253 5539 2479 5602 θενικῶς
2511 5541 2681 5591 ὀπίσω
2712 5559 2801 5594 σου
2827 5541 2903 5611 τῷ
2941 5542 3016 5612 σῷ
3041 5541 3154 5611 Υίῷ
3187 5542 3734 5612 προσαπενήνεκται.

2328 5738 2545 5808 κυρίως
2581 5741 2673 5793 καὶ
2707 5741 2922 5812 ἀληθῶς
2967 5759 3024 5794 σε
3065 5737 3323 5793 Θεοτὸκον
3364 5740 3410 5792 οἱ
3442 5742 3630 5793 πιστοὶ
3677 5739 3815 5795 σέϐοι
