3936 6304
118 253 267 360 iii":

1564 307 1918 363 MAHlALE.

3222 308 3356 363 11le

115 425 248 476 μεν,
283 409 607 481 πανάμωμε·
631 411 696 462 σὺ
728 409 834 479 γὰρ
880 408 1013 464 Θεὸν
1048 409 1275 473 τέτοχας
1307 408 1486 479 σάρκα
1521 427 1683 479 γεγο-

1816 431 1933 481 ιιιιΓ,
1964 431 1998 469 ο
2027 413 2226 468 munda
2260 415 2328 468 ab
2356 416 2666 472 omniilabe
2708 436 2722 471 :
2761 426 2814 472 tu
2849 415 2994 471 enim
3041 414 3206 469 Deum
3237 433 3352 470 car-

112 501 278 558 νότα.

1794 519 1916 558 nem
1948 503 2153 558 factum
2185 505 2459 572 peperisti.

197 593 403 656 Flnxus
457 593 823 672 corruptionis
869 592 1206 658 compescuit
1256 589 1442 664 Virgo,
1503 594 1816 667 incorrupte
1862 595 2008 650 enim
2070 597 2259 666 genuit
2339 594 2494 651 illum
2544 599 2637 668 qui
2686 606 3003 669 corruptam
3073 599 3352 652 hominum

111 696 376 740 naturam
415 701 446 740 a
477 683 830 751 corruptione
867 683 1182 738 vindicavit.

205 783 271 840 Ἦ
309 784 647 851 πινάμωμος
687 781 780 834 καὶ⁷
825 781 961 850 μόνη
1002 782 1278 852 άγιωτέρα
1325 782 1436 836 τῶν
1485 784 1691 854 Χερου-

111 874 223 940 ϐὶμ
250 876 503 940 φανεῖσα,
543 872 639 934 τὰς
663 863 866 941 ψυχὰς
891 872 1049 941 ήμῶν
1101 873 1274 924 σῶσον
1315 873 1493 943 πάσης
1533 892 1691 945 περισ

113 965 395 1026 στάσεως,
429 962 540 1015 τῶν
577 962 757 1014 πίστει
789 962 1104 1033 ὑμνούντων
1136 978 1218 1029 σε,
1250 962 1508 1034 ᾶχραντε,
1541 965 1692 1034 Παρ-

112 1054 245 1108 θένε
282 1055 576 1126 θεόνυμφε’.

190 1172 480 1225 Θάλασσαν
503 1170 902 1242 σπαργανώσας
931 1170 1128 1242 ὁμίχλῃ
1155 1170 1458 1241 βουλήματι
1485 1187 1692 1239 κυοφο-

117 1267 305 1333 pica:
333 1265 363 1315 ὀ
394 1263 633 1334 Κτίστης
671 1266 735 1317 ὲκ
764 1263 1055 1334 παρθένου,
1086 1264 1245 1333 κόρη,
1294 1264 1693 1334 άπειρογάμου,

111 1355 314 1425 ὥσπερ
345 1356 562 1427 βρέφος,
596 1357 690 1409 καὶ
720 1356 1054 1426 σπαργάνοις
1086 1356 1341 1427 ἀρρήτως
1370 1355 1694 1410 εἱλίσσεται.

191 1549 444 1622 Παρθάνε
477 1550 610 1621 μόνη
658 1549 733 1614 ὡς
766 1547 1014 1621 καθαράν
1044 1566 1104 1602 σε
1155 1547 1480 1620 ἀδιάφθορον
1524 1547 1698 1616 Λόγος

111 1645 370 1715 καθαρὸς
402 1644 679 1713 ἠγάπησε,
705 1643 799 1696 καὶ
823 1644 888 1695 ἐκ
918 1640 1011 1694 σοῦ
1061 1640 1410 1695 ἁνεπλάσατο
1461 1640 1697 1709 σαρκούο

1861 782 1904 839 Ο
1934 784 2467 846 immaculatissima,
2506 799 2624 853 quae
2654 783 2764 839 sola
2797 783 3035 838 sanctior
3059 773 3357 836 Cherubim

1793 876 2122 952 apparuisti,
2157 877 2306 930 salva
2351 873 2562 930 animas
2597 885 2811 930 nostras
2840 877 2907 928 ab
2948 874 3094 927 omni
3124 873 3359 926 circum—

1793 965 1958 1020 stanti
2007 966 2359 1030 adversitate,
2393 965 2521 1017 dum
2573 974 2622 1017 te
2668 979 2789 1017 cum
2839 963 2943 1018 fide
2972 962 3281 1022 laudamus,
3324 972 3352 1011 (ν

1789 1056 2139 1111 immaculata
2164 1055 2350 1125 Virgo,
2389 1069 2588 1124 sponsa
2615 1052 2728 1106 Dei.

1863 1165 2108 1231 Creator,
2145 1166 2239 1235 qui
2287 1165 2482 1220 nebula
2520 1175 2777 1234 tanquam
2841 1161 3012 1216 fascia
3056 1176 3204 1216 mare
3243 1161 3344 1216 cir-

1792 1258 2035 1320 cumdat,
2102 1273 2199 1311 sua
2247 1257 2526 1310 voluntate
2565 1273 2630 1309 ex
2673 1254 2850 1324 puella
2912 1252 3132 1320 Virgine
3199 1253 3349 1306 innu-

1793 1356 1881 1416 pta
1930 1347 2170 1416 gignitur
2200 1357 2462 1416 tanquam
2490 1345 2692 1410 infans,
2724 1355 2778 1399 et
2808 1341 2999 1399 fasciis
3035 1342 3195 1395 modo
3230 1341 3367 1397 inel—

1793 1438 1941 1491 fahili
1977 1439 2447 1494 circumvolvitur.
2533 1422 2537 1425 ’

1863 1552 1906 1606 Ο
1935 1550 2098 1623 Virgo
2137 1554 2318 1620 unica,
2365 1562 2417 1608 te
2451 1563 2636 1622 utpote
2668 1568 2857 1630 puram
2897 1564 2952 1607 et
2983 1552 3355 1619 incorruptam

1794 1641 2031 1698 Verbum
2078 1647 2207 1699 illud
2242 1661 2438 1714 purum
2475 1645 2689 1708 dilexit,
2719 1655 2770 1699 et
2798 1660 2863 1697 ex
2897 1655 2948 1697 te
2993 1644 3362 1710 incarnatnm.

111 1753 309 1804 μενος,
371 1736 532 1806 κόρη,
578 1737 671 1788 τὸν
735 1735 1041 1807 ἄνθρωπον,
1086 1736 1114 1788 ὁ
1173 1736 1425 1806 Μαρίνην
1467 1733 1690 1800 δοξάσας

1816 1736 2066 1788 nominem
2127 1734 2478 1803 reformavit;
2538 1737 2684 1805 quod
2753 1734 3019 1788 Marinam
3084 1734 3361 1787 miraculis

109 1827 236 1888 τοῖς
270 1825 530 1893 θαύμασι.

193 1934 409 2003 Ὠφθης
464 1929 744 2004 ὑπερτέρα
797 1932 1043 2004 οὐρανῶν
1091 1930 1227 1984 Θεὸν
1275 1929 1528 2002 οὐράνιον
1561 1929 1697 1982 ἁπο-

112 2026 376 2096 κυήσασα
424 2027 514 2079 τὸν
539 2026 950 2096 οὐρανώσαντα,
994 2025 1259 2092 πάναγνε,
1294 2020 1544 2090 γηγενῶν
1576 2020 1696 2074 ὅλον

109 2118 180 2169 τὸ
234 2117 486 2186 φύραμα,
535 2116 628 2171 καὶ
670 2116 767 2186 τῆς
801 2117 1052 2187 Μαρίνης
1080 2114 1177 2185 τὴν
1228 2112 1432 2183 σεπτὴν
1472 2112 1693 2183 μνήμην

116 2207 515 2279 φαιδρύναντει,
624 2208 856 2279 βοῶμεν·
892 2208 1077 2262 Πάντα
1106 2207 1175 2262 τά
1198 2206 1334 2276 ἔργα
1362 2205 1581 2275 ὑμνεῖτε
1599 2203 1691 2256 τὸν

112 2300 352 2370 Κύριον.

188 2412 312 2474 Φῶς
360 2414 491 2483 ἡμῖν
526 2412 802 2475 άνὲτειλας
835 2411 1048 2482 μήτρας
1087 2409 1148 2475 ἐξ
1173 2407 1541 2479 ἀπειράνδρου
1572 2422 1687 2471 σου,

113 2505 392 2573 Παρθένε,
433 2507 468 2577 ἢ
518 2508 637 2568 ταῖς
672 2505 1008 2575 φυκτωρίαις
1056 2503 1261 2565 ἐνθέοις
1293 2499 1692 2569 καταυγασθεῖ-

113 2611 187 2646 σα
218 2595 336 2661 φῶς
388 2597 778 2667 ἐχρημάτισεν,
808 2598 839 2665 ὴ
876 2595 974 2666 τῆς
1008 2596 1180 2665 χαρᾶς
1226 2594 1532 2660 ἐπώνυμος,
1565 2590 1692 2642 Θεο-

113 2686 332 2756 κυῆτιρ
359 2686 814 2758 Μητροπάρθενε.
1347 2699 1350 2702 ’

125 2796 236 2849 Ἐκ
266 2795 377 2850 τοῦ
436 2798 704 2862 Κανόνος
757 2798 844 2862 εις
891 2795 997 2849 τὸν
1025 2795 1196 2865 ἅγιον
1221 2791 1492 2864 μάρτύρα
1537 2794 1695 2862 Αἰμι-

616 2865 858 2941 λιανὸν,
889 2865 1079 2940 ᾑμέρᾳ
1112 2871 1201 2935 ιη’.

206 2978 384 3048 Ίσχύς
433 2996 554 3049 μου,
588 2981 681 3035 καὶ
713 2979 966 3050 ὐμνησις,
999 2979 1092 3051 καὶ
1117 2976 1394 3047 φωτισμὸς
1423 2978 1524 3046 τῆς
1555 2992 1692 3045 καρ-

110 3069 237 3132 δίας
287 3088 392 3140 μου
433 3071 688 3142 ὑπάρχει,
720 3070 1055 3139 πανάμωμε,
1108 3067 1340 3137 Χριστὸς
1377 3069 1404 3120 ὁ
1456 3053 1682 3136 Κύριος.

111 3163 176 3215 ὃν
213 3162 456 3233 ικύησας
485 3165 542 3217 ὲν
575 3163 669 3217 δύο
709 3165 830 3227 ταῖς
877 3161 1107 3228 οὐσίαις,
1161 3161 1259 3232 μιᾷ
1303 3157 1601 3212 ὑποστάσει
1630 3155 1688 3209 δὲ

114 3253 393 3307 κατανοού
401 3270 582 3325 μενον.

79 3363 84 3367 ‘
191 3346 412 3412 Νόμους
442 3346 577 3410 τούςξ
629 3343 730 3415 τῆς
783 3343 996 3413 φύσεως
1032 3339 1273 3397 λαθοῦσα
1309 3341 1368 3394 ἐν
1413 3338 1493 3409 τῷ
1551 3338 1691 3408 ὑπὲρ

115 3437 290 3501 φύσιν
321 3435 546 3506 τοκετῷ,
613 3435 884 3506 παρθένος
928 3433 1067 3505 μετὰ
1109 3434 1386 3502 γέννησιν,
1414 3430 1693 3500 Παρθενο-

118 3529 340 3599 μῆτορδ
388 3529 626 3597 ἔμειναςο
680 3527 772 3579 τὸν
819 3525 1198 3594 Πλαστουργὸν
1238 3522 1369 3594 γὰρ,
1421 3522 1684 3593 ἄχραντε,

114 3621 354 3691 ἁπάσης
380 3619 613 3682 κτίσεως
633 3619 882 3681 τίτοκας.

205 3712 574 3781 Ἀγιάσματός
607 3727 666 3763 σε
691 3711 853 3762 τόπον
878 3706 974 3761 τοῦ
1011 3709 1159 3778 ἡμᾶς
1181 3706 1530 3773 ἁγιάσαντος,
1555 3721 1691 3757 παν-

113 3802 255 3870 αγῐα
292 3802 449 3873 κόρη,
487 3801 656 3872 μόνην
718 3799 1033 3871 εὑρεθεῖσαν
1077 3797 1394 3876 δοξάζομεν,
1426 3795 1490 3848 δι’
1544 3791 1605 3849 οὐ
1639 3795 1688 3847 οἱ

114 3898 226 3965 γῆν
260 3896 640 3957 κατοικοῦντες
666 3892 1070 3964 οὑρανώθησαν,
1098 3889 1193 3943 καὶ
1244 3888 1390 3959 ζωῆς
1429 3886 1689 3958 ἀληθινῆς

112 3987 457 4057 ἠξιώθησαν.

209 4078 482 4148 Ῥομφαίᾳ
526 4077 803 4149 τρωθέντα
839 4095 905 4147 με
934 4076 1033 4145 τῆς
1087 4072 1358 4143 ἁμαρτίας
1408 4072 1558 4124 ἴασαι
1611 4070 1690 4140 τῷ

114 4167 548 4237 δραστικωτάτῳ
582 4184 673 4220 σου
699 4167 996 4237 φαρμάκῳ,
1022 4167 1055 4236 ή
1079 4165 1170 4217 τὸν
1201 4164 1427 4232 Σωτῆρα
1449 4161 1683 4232 Χριστὸν

116 4261 399 4329 κυήσασα,
430 4259 596 4330 λόγχῃ
622 4261 712 4312 τὸν
743 4259 1021 4329 τρωθέντα
1061 4257 1128 4310 δι’
1163 4256 1284 4324 ἐμὲ,
1312 4255 1569 4324 ἇχραντε,
1597 4257 1691 4308 καὶ

113 4351 409 4420 τρώσαντα
441 4351 539 4422 τὴν
568 4351 792 4421 καρδίαν
815 4351 908 4403 τοῦ
936 4351 1133 4418 ὄφεως.

1795 1825 2139 1896 glorificavit.

1863 1932 2039 1986 Altior
2062 1933 2217 1988 caelis
2253 1932 2552 2003 apparuisti
2586 1932 2755 1988 Deum
2792 1931 3071 1987 cmlestcm
3112 1931 3293 1996 enixa,
3327 1945 3354 1984 (ι

1796 2031 2130 2093 castissima,
2159 2032 2253 2100 qui
2284 2030 2593 2100 cmlillcavit
2635 2030 2962 2083 universam
2987 2043 3225 2084 massam
3256 2040 3352 2082 ter-

1797 2125 2132 2191 rigenarum,
2175 2139 2240 2179 ac
2270 2098 2637 2178 venerandam
2683 2120 2906 2176 Marius:
2939 2121 3255 2175 memoriam
3299 2121 3354 2174 il-

1798 2215 2083 2280 lustravit;
2109 2215 2173 2268 ad
2203 2230 2364 2284 quem
2407 2214 2752 2269 clamamus:
2787 2210 2983 2267 Omnia
3025 2226 3213 2282 opera,
3245 2210 3356 2264 lau-

1794 2307 1919 2362 date
1950 2307 2267 2362 Dominum.

1865 2423 2064 2479 Lucem
2097 2423 2255 2478 nobis
2289 2421 2420 2476 oriri
2459 2419 2632 2475 fecisti
2669 2435 2732 2474 ex
2775 2417 3032 2472 inviolato
3061 2424 3216 2471 utero
3247 2424 3362 2478 tuo,

1794 2530 1827 2570 ο
1868 2514 2053 2586 Virgo,
2097 2517 2188 2584 qui
2238 2514 2624 2583 splendoribus
2669 2510 2872 2565 divinis
2916 2510 3240 2573 illustratus,
3271 2507 3353 2562 lux

1793 2609 1996 2671 evasit,
2043 2623 2076 2661 o
2118 2607 2209 2660 Dei
2253 2606 2504 2674 genitrix,
2540 2603 2709 2658 Mater
2747 2603 2917 2673 virgo,
2950 2603 3109 2673 cujus
3161 2617 3357 2656 nomen

1793 2706 2013 2752 resonat
2045 2695 2307 2750 laetitiam.

1799 2806 1958 2879 ιω
2005 2806 2094 2862 Ex'
2133 2805 2344 2861 Canoue
2388 2805 2440 2858 in
2477 2802 2705 2928 Lesloigs.
2747 2802 3032 2856 Ᾱῑηιῑίίίιηὶ
3084 2803 3356 2873 martyris,

2516 2890 2557 2927 re
2674 2913 2687 2926 .

1865 2988 2150 3043 Fortitudo
2183 3003 2324 3054 mea,
2366 2996 2419 3042 et
2469 2987 2590 3041 laus
2637 2997 2775 3047 mea,
2821 2984 3152 3039 illuminatio
3183 2985 3356 3038 cordis

1716 3101 1758 3158 ο
1793 3084 1896 3138 mei
1948 3093 2033 3138 est
2090 3081 2342 3136 Christus
2411 3080 2693 3144 Dominus,
2756 3094 2917 3148 quem
2988 3077 3272 3148 peperisti,
3327 3097 3365 3135 ο

1799 3190 2012 3230 summe
2037 3174 2266 3236 illibata,
2299 3172 2391 3241 qui
2422 3172 2742 3240 intelligitur
2776 3171 2831 3224 in
2863 3170 3076 3223 duabus
3109 3170 3365 3224 substan-

1799 3267 1911 3331 tiis,
1941 3281 2048 3320 una
2084 3275 2264 3319 autem
2293 3264 2595 3334 hypustasi.

1871 3357 2091 3411 Natura:
2124 3357 2273 3426 leges
2304 3355 2561 3423 ignorans
2591 3354 2643 3407 in
2680 3360 2836 3422 partu
2869 3361 2980 3414 tuo,
3007 3351 3098 3419 qui
3142 3349 3241 3402 fuit
3272 3365 3351 3403 su-

1799 3463 1895 3519 pra
1944 3459 2215 3510 natnram,
2265 3461 2298 3500 o
2343 3446 2506 3511 Virgo
2547 3443 2750 3506 Mater,
2790 3452 2908 3511 post
2939 3451 3152 3510 partum
3197 3438 3364 3509 Virgo

1799 3538 2146 3610 permansisti
2182 3554 2195 3591 :
2231 3536 2473 3591 omnium
2508 3535 2650 3588 enim
2693 3544 3068 3588 creaturarum
3099 3531 3354 3586 Condito-

1800 3645 1939 3696 rem,
1966 3645 2000 3684 ο
2026 3629 2308 3691 inviolata,
2338 3624 2618 3696 peperisti.

1868 3721 1961 3787 Te,
1999 3736 2118 3791 qua:
2163 3719 2276 3775 sola
2329 3715 2781 3774 sanctilicatiOnis
2831 3713 3223 3770 sanctificantis
3263 3727 3355 3768 no:

1798 3811 1952 3865 locus
1977 3825 2097 3865 esse
2121 3810 2339 3863 inventa
2377 3808 2547 3873 fuisti,
2583 3823 2615 3861 ο
2646 3806 2820 3875 puella
2856 3814 2965 3858 tota
3003 3813 3212 3865 sancta,
3250 3803 3356 3869 glo-

1798 3904 2112 3965 rilicamus;
2168 3916 2262 3969 per
2302 3916 2483 3969 quem,
2533 3909 2730 3953 terram
2775 3897 3160 3958 inhabitantes,
3202 3896 3352 3949 cmle-

1798 4006 1908 4050 stes
1937 3994 2063 4048 facti
2102 4002 2252 4055 sunt,
2283 4006 2517 4060 veraque
2548 3991 2656 4043 vita
2699 3990 2844 4058 digni
2884 3987 3076 4045 redditi
3108 3997 3253 4040 sunt.

1867 4085 1948 4139 Me
1990 4082 2198 4154 peccati
2243 4080 2423 4152 gladio
2466 4080 2808 4133 vulneratum
2856 4078 3060 4132 sanasti
3101 4076 3353 4131 efﬁcacis-

1797 4177 1932 4232 sima
1963 4176 2225 4229 medicina
2254 4184 2366 4234 tua,
2400 4186 2432 4225 ο
2464 4170 2833 4232 immaculata,
2871 4184 2990 4238 qua:
3017 4167 3352 4221 Salvatorem

1798 4269 2075 4324 Christum
2109 4264 2384 4336 peperisti,
2419 4264 2512 4332 qui
2559 4247 2778 4331 propter
2815 4275 2899 4314 me
2942 4261 3132 4314 lancea
3165 4260 3347 4314 vulne-

1800 4371 1966 4422 ratus,
1993 4374 2086 4413 cor
2105 4355 2369 4426 serpentis
2395 4355 2511 4424 ipse
2540 4352 2864 4406 vulneravit.

194 4440 312 4493 Εὕα
349 4440 446 4507 μὲν
490 4424 879 4510 ὲτρύγησέτοῦ
922 4440 1080 4506 ξύλου
1136 4442 1348 4513 καρπὸν
1389 4439 1690 4509 θανατηφό-

1868 4450 1975 4505 Eva
2009 4424 2534 4519 quidem'decerpsit
2585 4441 2823 4495 fructum
2871 4442 3082 4496 arboris
3117 4442 3351 4496 mortife-

117 4549 218 4603 ρον
241 4549 255 4562 ο
293 4533 355 4584 σὺ
381 4531 458 4597 δὲ,
484 4533 748 4600 πάναγνε,
780 4532 927 4601 ζωῆς
958 4532 1017 4584 τὸ
1050 4533 1204 4597 ξύλον
1232 4533 1610 4603 καρπογονεῖς,
1635 4521 1695 4583 οὗ

117 4626 154 4694 ἡ
192 4621 380 4692 γεῦσις
409 4621 657 4687 ἅπαντας
681 4624 801 4688 τοὺς
845 4623 1104 4686 θανόντας
1133 4622 1472 4688 ἀνεζώωσεν.

197 4812 836 4886 Κυριώνυμεςθεόνυμφε,
868 4812 949 4873 τὸ,
983 4812 1175 4881 Χαῖρε,
1207 4810 1290 4864 σοὶ
1321 4811 1500 4863 πίστει
1523 4825 1694 4879 κραυ-

116 4908 389 4978 γάζομεν·
427 4908 518 4961 καὶ
541 4906 648 4978 γάρ
677 4905 912 4975 ὲκύησας
949 4904 1121 4976 χαρὰν
1161 4903 1524 4971 ἀνεκλάλητον
1555 4902 1691 4970 Χρι-

121 4998 254 5052 ortv
279 4998 366 5049 τὸν
414 4998 638 5067 Κύριον,
674 4989 716 5064 ᾧ
750 4995 1154 5066 κραυγάζομεν·
1221 4993 1279 5045 Ὀ
1303 4993 1408 5046 τῶν
1437 4993 1692 5064 Πατέρων

120 5091 335 5160 Κύριος
370 5092 461 5143 καὶ
497 5090 628 5153 Θεὸς
655 5090 945 5158 εὐλογητὸς
984 5083 1054 5140 εἶ.

199 5183 441 5248 Σταγόνα
466 5198 553 5250 μοι
573 5181 846 5252 ὅμῦρησον
878 5181 1077 5243 ὲλέους,
1113 5178 1294 5247 πηγὴν
1327 5177 1420 5230 τοῦ
1446 5178 1627 5241 ἐλέους
1658 5177 1689 5248 ή

121 5275 402 5345 κυήσασα,
434 5270 644 5341 καὶτῆς
666 5272 942 5341 ἁμαρτίας
963 5290 1060 5341 μου
1090 5271 1320 5339 ξήρανον
1338 5269 1686 5339 ὀμϐρήματα,

124 5367 345 5435 καὶτῆς
373 5365 548 5434 ψυχῆς
571 5382 670 5434 μου
695 5365 934 5432 πράῦνον
964 5366 1129 5436 ἄγρια
1159 5362 1401 5432 κύματα,
1445 5362 1687 5432 Πιρθὲνε

124 5459 359 5513 Θεοτόκε
389 5457 593 5528 Μαρία,
614 5457 699 5509 ἵνα
735 5473 792 5510 σε
821 5455 1028 5523 δοξάζω
1063 5459 1140 5520 εἰς
1169 5455 1371 5516 πάντας
1400 5455 1523 5515 τοὺς
1556 5453 1688 5505 αἰῶ-

124 5569 245 5612 νας.

199 5642 344 5695 Φωτί
375 5659 442 5710 με
487 5639 831 5706 καταύγασον
871 5637 948 5710 τῷ
979 5638 1076 5710 σῷ,
1115 5636 1451 5708 πανύμνητε,
1509 5636 1598 5688 τὸν
1626 5638 1684 5689 ὲν

126 5733 312 5786 σκότει
346 5725 728 5798 πορευόμενον·
777 5727 1049 5796 δίδου-μοι
1108 5729 1261 5798 χεῖρα
1321 5724 1586 5796 βοηθείας·
1619 5728 1684 5780 τὰ

1802 4558 1956 4597 rum:
1989 4550 2041 4595 tu
2074 4547 2276 4601 autem,
2299 4551 2340 4609 lo
2363 4534 2693 4593 castissima,
2732 4534 2856 4587 vita:
2887 4534 3136 4588 arborem
3170 4533 3362 4588 fructi-

1801 4631 1996 4694 licasti,
2058 4627 2214 4697 cujus
2271 4636 2463 4695 gustus
2517 4638 2731 4691 omnes,
2785 4625 2878 4694 qui
2935 4627 3136 4678 mortui
3183 4634 3357 4688 crant,

1774 4721 2109 4776 'vivifiravit.

1865 4816 1906 4865 Ο
1957 4813 2050 4867 Dei
2099 4827 2321 4882 sponsa.
2369 4811 2672 4867 dominanti
2719 4811 2942 4866 nomine
2987 4819 3201 4874 ornata,
3236 4809 3356 4872 tibi,

1794 4923 1916 4961 cum
1946 4908 2047 4962 fide
2073 4908 2396 4969 clamamus,
2425 4905 2646 4965 Gaude;
2672 4905 2871 4960 etenim
2897 4903 3154 4974 gaudium
3180 4902 3360 4956 inelTa~

1793 4999 1899 5053 bile
1928 4998 2208 5054 Christum
2237 4997 2525 5052 Dominum
2555 4997 2833 5067 peperisti,
2868 4997 2933 5052 ad
2964 5011 3123 5064 quem
3157 4995 3350 5047 vocife-

1783 5105 1977 5160 ramur
2008 5110 2020 5145 :
2070 5093 2292 5146 Patrum
2325 5091 2488 5154 Deus,
2525 5099 2579 5142 et
2613 5090 2873 5143 Dominus
2911 5089 3228 5143 benedictus
3269 5102 3349 5140 es.

1862 5181 2063 5252 Deplue
2097 5199 2259 5252 super
2289 5199 2371 5237 me
2415 5183 2615 5237 stillam
2659 5181 3070 5244 misericordiae,
3116 5189 3190 5241 tu,
3233 5193 3346 5246 qua

1793 5272 2186 5326 misericordia:
2218 5272 2422 5325 fontem
2453 5269 2742 5340 peperisﬁ;
2776 5271 3088 5340 peccatique
3120 5266 3222 5319 mei
3249 5268 3348 5318 im-

1791 5363 1913 5417 bres
1943 5364 2183 5427 exsicca,
2231 5379 2294 5416 ac
2331 5362 2538 5416 feroces
2569 5361 2764 5415 animae
2806 5377 2938 5415 meae
2972 5360 3166 5410 ﬂuctus
3195 5365 3347 5421 tran-

1789 5452 1975 5521 quilla,
2003 5468 2035 5506 ο
2071 5451 2234 5522 Virgo
2267 5451 2496 5523 Deipara
2533 5449 2725 5518 Maria,
2761 5461 2818 5506 ut
2852 5461 2902 5505 te
2945 5450 2997 5501 in
3029 5447 3209 5499 omnia
3242 5464 3346 5502 sre-

1796 5544 1914 5597 cula
1946 5543 2269 5612 glorilicem.

1865 5639 2077 5692 lilustra
2127 5655 2210 5694 me
2239 5639 2356 5694 lucc
2387 5647 2475 5694 tua
2506 5641 2557 5696 in
2603 5641 2836 5696 tenebris
2878 5635 3268 5699 ambulav'tem,
3314 5649 3347 5688 ο

1790 5731 1936 5786 omni
1994 5730 2150 5786 laude
2201 5730 2513 5794 dignissima
2571 5752 2582 5787 :
2639 5731 2846 5791 porrige
2913 5726 3042 5781 mihi
3123 5741 3343 5782 manum
