3936 6304
96 415 233 476 1153

1530 415 1631 472 ΜΛ
1644 414 1889 474 ιιιΑιΕ.

3166 419 3300 476 1154

94 533 188 597 τὴν
209 527 383 595 ἁγνήν
404 542 494 577 σου
519 524 742 594 λοχείαν·
764 524 1029 594 βοήθησόν
1059 541 1147 593 μοι
1170 523 1286 592 βίου
1303 525 1410 585 τοῖς
1439 525 1644 591 κύμασι
1675 567 1681 584 η

1754 525 2078 593 gentissitua,
2111 534 2318 594 castum
2349 533 2559 593 partum
2589 535 2738 576 tuum
2765 539 2780 576 :
2810 523 3001 593 adjuva
3045 540 3130 579 me
3188 528 3299 578 vitae

90 616 495 688 χειμαζομένῳ,
531 617 623 668 καὶ
679 615 818 668 δίδου
855 615 1143 678 κατάνυξιν
1177 618 1242 686 τῇ
1274 619 1499 684 ταπεινῇ
1541 632 1642 684 μου

90 709 260 780 ψυχῇ,
305 708 634 779 καθαρτικὴν
665 706 772 759 τῶν
803 706 1109 776 μολυσμῶν.

165 883 489 953 Νομοθετῶν
538 882 816 935 εὐσέϐειαν
861 883 955 934 καὶ
989 883 1251 935 διδάσκων
1298 883 1583 951 μετάνοιαν
1616 885 1644 935 ὁ
1713 918 1720 925 -

104 974 457 1042 Ἐμμανουήλ
493 975 557 1024 ἐκ
590 971 680 1024 σοῦ
710 972 915 1040 τεχθεὶς
944 973 1228 1039 ὲπέφανεν,
1253 971 1310 1024 ὃν
1343 973 1432 1024 νῦν
1458 974 1645 1023 ἐκδυσ-

93 1062 336 1132 ώπησον,
370 1065 639 1130 ὐπεραγξα
665 1066 950 1126 Δέσποινα,
982 1065 1079 1133 τῆς
1131 1064 1473 1134 δικαιοσύνης
1502 1067 1646 1117 ὐπα-

93 1154 271 1218 νοῖξαί
307 1171 394 1222 μοι
457 1155 648 1216 πύλας,
699 1157 791 1206 καὶ
842 1155 1011 1207 σῶσαί
1064 1173 1129 1224 με
1168 1155 1392 1224 βοῶνταο
1435 1155 1642 1227 Ὶερεῖς,

95 1245 372 1310 εὐλογεῖτε
401 1243 622 1314 Κύριον.

164 1335 354 1397 eme;
393 1336 502 1387 τῶν
545 1334 769 1387 οἰκετῶν
795 1353 907 1397 σου,
941 1336 1014 1399 ὼς
1045 1337 1244 1406 ἀγαθὴ,
1269 1337 1344 1406 μὴ
1390 1339 1642 1408 παρξδῃς,

94 1422 407 1490 πανάμωμε
432 1423 717 1483 Δέσποινα,
749 1423 860 1474 ἀλλ’
889 1424 1121 1487 ἐκτενῶς
1147 1427 1363 1493 αἰτῆσαι
1392 1427 1482 1477 τὸν
1516 1429 1648 1478 πάν-

93 1530 208 1566 των
238 1515 579 1582 Δημιουργδν
615 1517 690 1583 τῷ
726 1515 934 1582 βασιλεῖ
976 1516 1044 1568 τὰ
1091 1518 1345 1585 τρόπαια,
1404 1521 1498 1570 καὶ
1547 1521 1646 1587 τὴν

93 1603 400 1672 εὐρωστίαν
428 1605 526 1673 τὴν
569 1605 802 1674 ψυχικὴν
837 1605 1202 1673 δωρήσασθαι,
1254 1608 1514 1677 Παρθένε,
1554 1612 1645 1661 καὶ

93 1692 252 1756 θείας
283 1692 557 1763 βασιλείας
585 1695 681 1765 τὴν
713 1697 1002 1764 μετουσίαν
1032 1697 1124 1748 καὶ
1161 1697 1538 1767 λαμπρότητα.

1753 616 2007 668 ﬂuctibus
2055 615 2408 684 exagitatum,
2453 624 2505 667 et
2543 616 2779 677 concede
2828 617 3295 683 compinietiommi

1754 706 2043 760 miserabili
2083 708 2278 760 auintae
2320 720 2470 771 meze,
2496 721 2600 775 qua
2645 705 2790 761 illius
2822 692 3291 759 fwditatescmun-

1754 801 1968 866 dentur.

1815 887 2114 958 chislatur
2141 887 2377 957 p‘etatis,
2411 897 2464 941 et
2501 888 2759 956 magister
2804 869 3136 952 pmiiitentim
3173 888 3293 940 Ein-

1757 981 1965 1033 tnanuel
2001 996 2064 1032 ex
2114 988 2161 1032 te
2195 989 2354 1033 natus
2398 963 2677 1046 apparuit;
2719 995 2877 1047 qnetn
2925 993 3066 1031 nunc
3102 981 3289 1046 suppli-

1751 1070 1885 1122 citer
1911 1085 2094 1132 exora,
2122 1084 2155 1121 o
2179 1079 2530 1136 supersancta
2563 1069 2809 1132 Domina,
2839 1077 2889 1120 ut
2920 1068 3140 1136 justitiie
3170 1087 3296 1144 pinv-

1755 1172 1833 1213 tas
1867 1160 1998 1214 mihi
2027 1160 2260 1226 desuper
2283 1161 2510 1227 aperiat,
2542 1165 2594 1212 et
2625 1159 2796 1212 salvet
2825 1174 2910 1212 me
2935 1159 3250 1212 clamantem
3283 1177 3296 1210 :

1753 1248 2431 1313 Sacerdotes,«benedicite
2466 1247 2772 1302 Dominum.

1823 1337 1994 1393 Voces
2045 1339 2370 1392 famulorum
2419 1331 2660 1400 tuorum,
2703 1346 2886 1406 utpote
2937 1337 3185 1407 benigna,
3232 1355 3297 1390 ne.

1752 1429 2039 1498 despicias,
2095 1428 2527 1496 inculpatissima
2585 1425 2862 1482 Domina:
2912 1429 3003 1482 sed
3059 1430 3299 1480 omnium

1752 1522 2098 1574 Conditorem
2126 1521 2284 1574 enixe
2312 1534 2464 1586 roga,
2500 1535 2532 1570 ο
2569 1517 2755 1586 Virgo,
2790 1529 2850 1571 ut
2911 1520 3021 1588 regi
3077 1529 3294 1589 trepiea,

1753 1612 2027 1679 animique
2054 1609 2444 1670 fortitudinem,
2473 1623 2536 1663 ac
2568 1609 2716 1678 regni
2748 1609 2912 1662 divini
2943 1613 3294 1673 consortium,

1753 1701 2200 1769 Splendorcmque
2227 1700 2507 1767 largiatur.

931 1806 1088 1878 149
1110 1807 1189 1860 Ex
1213 1808 1422 1863 Cimone
1448 1809 1499 1861 in
1520 1807 1578 1863 S.
1605 1808 1798 1862 Focum
1827 1821 2132 1880 martyrem,
2155 1811 2235 1862 die
2253 1809 2324 1862 25
2341 1807 2473 1878 (65).

173 1944 370 1998 Soluta
417 1950 502 1996 est
529 1943 828 2012 primorum
875 1953 1158 2011 parentum
1211 1959 1368 2012 poena
1407 1961 1422 1998 :

91 2035 268 2097 enim,
311 2033 404 2102 qui
453 2044 534 2087 est
578 2043 702 2088 ante
748 2036 962 2098 saecula,
1011 2037 1289 2104 peperisti,
1328 2052 1361 2090 ο
1407 2037 1645 2107 illibata;

92 2126 186 2192 qui
245 2124 422 2179 factus
465 2140 637 2178 novus
685 2124 881 2186 infans,
922 2140 1135 2180 omnem
1182 2128 1469 2181 humanam
1517 2113 1648 2183 sub-

93 2215 355 2269 stantiam
387 2215 599 2281 penitus
620 2216 932 2268 renovavit.

168 2305 313 2360 Deus
355 2321 421 2360 ex
463 2316 514 2361 te
561 2309 895 2371 incarnatus,
940 2318 1158 2376 propter
1188 2310 1392 2364 viscera
1443 2311 1651 2365 miseri-

92 2397 301 2450 cordize
323 2412 454 2461 suae,
481 2397 791 2452 hominibus
819 2399 1006 2454 unitus
1032 2399 1138 2461 est,
1190 2415 1252 2452 ac
1283 2401 1504 2455 sustulit
1535 2417 1650 2456 ma-

95 2490 485 2556 ledictionem,
535 2504 568 2544 ο
612 2489 726 2545 sola
749 2490 916 2543 ~omni
961 2489 1331 2544 benedictione
1374 2493 1649 2547 cumulata

96 2577 356 2631 Domina.

172 2670 343 2741 Virgo
374 2687 402 2725 a
435 2672 638 2741 nuptiis
669 2673 946 2733 immunis,
983 2671 1147 2742 Virgo
1180 2675 1482 2738 benedicta,
1513 2691 1650 2745 pon-

99 2762 308 2818 tiﬁcum
336 2764 527 2833 gloria.
558 2774 852 2833 martyrum
891 2765 1132 2818 omnium
1162 2780 1358 2819 corona
1377 2808 1392 2832 ,
1428 2767 1591 2821 libera
1619 2785 1648 2822 a

100 2854 364 2926 periculis
392 2868 456 2908 ac
487 2841 926 2909 tribulationibus
954 2871 1046 2910 eos
1076 2857 1167 2926 qui
1198 2858 1496 2912 concinunt
1529 2861 1648 2913 lau-
1689 2868 1696 2877 ’

100 2943 200 2998 des
232 2953 378 2996 tuas.

136 3034 449 3110 .Sapientia
493 3033 584 3087 Dei
627 3034 910 3091 aediﬁcavit
938 3035 1038 3089 sibi
1073 3035 1316 3100 domum,
1351 3019 1522 3112 prout
1546 3037 1649 3092 sibi

101 3124 365 3193 placitum
395 3123 513 3189 fuit,
543 3138 608 3178 ex
638 3125 788 3196 puris
810 3124 1118 3194 sanetisque
1144 3127 1499 3195 sanguinibus
1520 3127 1648 3191 tuis,

103 3230 138 3269 ο
167 3214 420 3268 Domina.
1320 3211 1343 3261 .’

174 3305 458 3374 Tanquam
491 3303 664 3358 imber
705 3303 980 3372 salutaris,
1020 3303 1253 3360 Verbum
1297 3304 1524 3361 eﬂ‘usum
1568 3318 1651 3362 est
1677 3292 1718 3349 (ἶ

115 3441 225 3494 Ἐκ
267 3437 374 3492 τοῦ
408 3436 681 3508 Κανόνας,
717 3439 804 3504 εις
847 3438 961 3508 τὴν
996 3438 1169 3507 ἁγίαν
1213 3437 1478 3508 μάρτυρα
1524 3442 1648 3508 Χρι-

582 3507 824 3577 στινην,
1057 3509 1152 3561 κδ’.

177 3620 479 3683 Συνὲλασες
505 3621 676 3687 Λόγον
697 3620 788 3672 τὸν
816 3618 908 3672 τοῦ
936 3620 1143 3688 [ἰατρὸς
1176 3621 1338 3690 σαρκὶ
1383 3621 1650 3675 ἐνωθέντα

103 3712 232 3768 καθ’
251 3713 543 3766 ὑπόστασιν
574 3710 674 3781 τὴν
704 3712 767 3763 ὲκ
793 3709 907 3775 σοῦ,
931 3710 990 3762 ὃν
1013 3711 1387 3781 ὲπιποθήσασα
1430 3711 1648 3781 Χριστι-

105 3821 171 3856 να
206 3801 303 3858 τοῦ
337 3801 631 3871 μαρτυρίου
676 3799 740 3852 τὸ
766 3801 919 3862 κλέος
949 3801 1235 3867 ἐκτήσατο.

177 3893 385 3962 Στῆσόν
436 3909 536 3961 μου
586 3892 675 3944 τὸν
720 3892 954 3962 τάραχον
1007 3891 1114 3945 τῶν
1158 3889 1453 3962 λογισμῶν,
1509 3893 1646 3960 ἁγνὴ

103 3986 397 4048 Δέσποινα,
429 3984 632 4038 παῦσον
671 3983 846 4053 ψυχῆς
874 3983 1052 4035 πᾶσαν
1085 3982 1342 4051 ἀθυμίαν,
1393 3982 1484 4035 τὸν
1510 3983 1644 4051 Χρι-

106 4078 234 4130 στὸν
259 4079 294 4145 ἡ
324 4077 592 4145 κυήσασα.

179 4164 482 4235 Προφητῶν
528 4181 586 4216 σε
623 4166 651 4217 ὁ
700 4163 905 4230 ἔνδοξος
959 4165 1120 4217 πάλαι
1183 4163 1406 4224 Ἡσαΐας
1459 4163 1651 4228 ῥάϐδον

104 4252 410 4321 ὠνόμασεν,
445 4252 600 4314 ἄνθος
625 4251 891 4322 φέρουσαν
919 4253 1008 4303 τὸν
1042 4250 1262 4320 Κύριον,
1292 4253 1515 4305 Θεοτόκε
1547 4251 1652 4319 μῆ-

105 4358 208 4409 τερ
229 4339 574 4408 ὰςιπάρθενε.

181 4431 391 4512 Νεκρόν
420 4446 487 4500 με
513 4432 579 4500 τῇ
625 4429 864 4501 ἁμαρτίᾳ
909 4431 1196 4500 γενόμενον
1225 4431 1462 4499 ζώωσον,
1500 4432 1646 4506 ζωὴν

105 4521 516 4598 ἀναμάρτητον,
543 4523 679 4589 ἁγνὴ
710 4523 971 4591 ιιαρυένε,
999 4526 1266 4592 κυήσασα.

186 4613 492 4680 Νοήσαντες
547 4613 792 4681 θεηγόροι
859 4614 1128 4682 προφῆται
1183 4617 1478 4684 μυστηρίου
1532 4633 1646 4675 σου,

1478 1946 1644 1999 Deum
1683 1928 1802 1998 Βίη
1859 1944 2174 2012 incorrupto
2231 1952 2386 1996 utero
2446 1951 2557 2005 tuo,
2611 1955 2644 1994 ο
2692 1940 2864 2008 puella
2919 1940 3294 2006 sanctissima,

1748 2044 1801 2088 et
1854 2035 2072 2088 malitia:
2126 2042 2393 2088 torrentes
2446 2032 2625 2086 divina
2678 2033 2917 2101 potentia
2966 2047 3063 2086 sua
3121 2033 3297 2085 exsic-

1750 2126 1914 2180 cavit.
2287 2128 2310 2142 '

1817 2215 2247 2280 Conquassatam
2286 2226 2350 2265 ac
2382 2210 2613 2264 dirutam
2668 2209 2860 2264 animae.
2890 2226 3023 2264 mea:
3055 2211 3292 2269 domum,

1751 2315 2036 2377 tu,.utpote
2062 2305 2464 2373 benignissima,
2497 2303 2822 2371 paenitentiae
2843 2302 3050 2356 actibus
3079 2316 3296 2361 tenov:i,

1749 2413 1781 2450 ο
1812 2397 2116 2450 castissima
2147 2395 2342 2463 puella,
2381 2410 2502 2461 quae
2547 2393 2849 2446 universam
2886 2393 3164 2446 hominum
3206 2409 3294 2443 na-

1751 2498 1926 2542 turam
1959 2495 2116 2555 partu
2154 2495 2242 2539 tuo
2277 2484 2604 2538 rcformasti.

1819 2579 1971 2632 Arca‘
1993 2579 2144 2646 legis,
2179 2584 2232 2630 et
2258 2591 2390 2629 urna
2421 2591 2540 2644 quae
2572 2588 2765 2628 manna
2795 2574 3124 2638 continebat,
3159 2575 3293 2643 ﬁgu-

1753 2669 1905 2721 rabat
1937 2679 2008 2732 te,
2053 2682 2086 2719 o
2120 2665 2452 2729 castissima;
2502 2679 2684 2718 mensa
2731 2663 2936 2726 divina,
2980 2672 3036 2716 et
3081 2664 3293 2718 lucerna

1750 2772 1883 2810 auro
1926 2757 2223 2819 collucens,
2271 2771 2392 2823 quae
2431 2757 2608 2808 lumen
2663 2754 2787 2806 illud
2824 2755 2874 2806 in
2918 2755 3293 2806 revelatiom-m

1751 2847 2296 2916 gentium'peperisti,
2330 2846 2471 2913 quod
2514 2845 2692 2897 divina
2729 2843 2953 2898 scientia
2987 2843 3292 2898 universum

1751 2946 2016 2990 terrarum
2047 2938 2232 2989 orbem
2276 2935 2636 2991 illuminavit.

1819 3027 2092 3089 lllumina,
2140 3041 2172 3079 ο
2218 3040 2372 3093 pura,
2429 3025 2659 3077 animam
2709 3037 2901 3086 meam,
2953 3030 3291 3089 peccatorum

1754 3117 1988 3169 tenebris
2023 3116 2340 3176 involutam,
2374 3125 2424 3167 et
2454 3130 2482 3166 a
2515 3112 2743 3166 ﬂatiimis
2779 3127 2844 3166 ac
2876 3112 3108 3165 tenebris
3136 3121 3288 3164 arter-

1753 3222 1838 3276 uis
1866 3222 2032 3276 libera
2061 3237 2146 3276 me
2190 3221 2520 3275 Tmediatione
2552 3230 2663 3284 tua,
2701 3231 2755 3272 ut
2779 3233 2898 3273 cum
2929 3219 3090 3271 animi
3117 3222 3288 3273 exsul-

1755 3313 1953 3366 tatione
1985 3313 2406 3380 magnitudinem
2439 3320 2582 3365 tuam
2619 3311 2990 3364 concelebrent

1753 3444 1910 3515 150
1942 3443 2024 3498 Ea:
2072 3443 2280 3499 Cimone
2315 3445 2369 3498 in
2414 3443 2651 3567 [ἐρίσειε.
2697 3444 2977 3496 Christum:
3025 3443 3286 3512 martyris,

2089 3561 2094 3567 .
2461 3531 2508 3566 te
2612 3551 2625 3564 .

2461 3531 2508 3566 le
2535 3531 2625 3566 24.

1813 3621 2116 3691 Concepisti
2179 3621 2404 3675 Verbum
2437 3620 2612 3674 Patris
2653 3620 2802 3674 carni
2846 3620 3054 3672 unitum
3090 3635 3286 3672 secun-

1746 3713 1874 3767 dum
1930 3714 2234 3783 bypostasin
2282 3729 2402 3782 quae
2445 3724 2556 3766 erat
2611 3727 2676 3764 ex
2725 3721 2807 3775 te;
2858 3713 2998 3778 quod
3039 3714 3295 3763 'srdentrr

1747 3816 1938 3855 amans
1966 3801 2239 3854 Christiua
2273 3801 2512 3869 martyrii
2541 3788 2763 3863 glorianti
2819 3801 3005 3862 adepta
3037 3807 3138 3849 est.

1820 3891 1978 3955 Seda.
2015 3908 2046 3946 ο
2101 3903 2249 3946 casta
2292 3891 2553 3952 Domina,
2618 3889 3000 3958 cogitatioumu
3033 3892 3284 3940 ‘Iueat'utu

1752 3983 2070 4047 tumultum,
2115 3984 2268 4035 aufer
2310 3996 2525 4035 omnem
2557 3980 2721 4033 animi
2775 3979 3286 4041 consternationem,

1753 4083 1807 4127 tu
1841 4088 1960 4143 quae
1988 4073 2259 4127 Christum
2287 4071 2558 4139 peperisti.

1820 4163 2210 4232 Prophetarum
2252 4160 2675 4230 gloriosissimus
2710 4157 2876 4210 Isaias
2905 4154 3034 4208 olim
3094 4163 3144 4206 te
3184 4154 3286 4206 vir-

1751 4271 1870 4323 gam
1907 4256 2226 4318 nominavit,
2251 4268 2371 4322 quae
2396 4251 2579 4304 ﬂorem
2609 4249 2897 4302 Dominum
2930 4245 3220 4314 protulisti,
3257 4259 3286 4300 ο

1755 4346 1972 4415 Deipara
2008 4356 2178 4399 mater
2207 4358 2414 4412 semper
2439 4344 2609 4408 virgo.

1821 4436 1902 4490 Ile
1949 4446 2163 4504 propter
2212 4442 2429 4502 peccata
2464 4444 2737 4486 mortuum
2771 4429 3014 4494 ‘vivilica,
3060 4442 3094 4480 ο
3126 4425 3285 4494 Virg-0

1754 4538 1922 4591 casta,
1952 4542 2071 4595 quin
2103 4527 2262 4577 vitam
2291 4524 2647 4576 immortalem
2684 4521 2934 4589 peperisti

1821 4617 2012 4670 Mentis
2050 4616 2209 4670 oculo
2258 4615 2602 4682 inspicit-utet
2657 4609 2972 4678 diviniloqui
3018 4608 3284 4676 propheta

109 4702 376 4773 Παρθένε,
399 4703 459 4754 τὸ
478 4702 1020 4772 βάθος,προφητικῶς
1039 4705 1502 4775 προκατήγγειλαν
1524 4706 1647 4772 Οείῳ

1754 4703 1987 4771 mysterii
2020 4702 2092 4753 tui
2141 4700 2592 4768 profunditatem,
2647 4715 2680 4752 ο
2737 4697 2932 4762 Virgo;
2982 4696 3285 4764 prophetice

103 4793 587 4862 καταλαμπόμενοι
663 4793 938 4863 πόῤῥωθεν
996 4795 1267 4863 Πνεύματι
1326 4794 1531 4863 μητέρα
1585 4811 1644 4846 σε

101 4883 396 4960 παναληθῆ
418 4883 509 4935 τοῦ
544 4884 807 4934 Δεσπότου
854 4883 963 4936 τῶν
988 4884 1121 4937 ὅλων
1151 4884 1493 4953 γενήσεσθαι.

179 5068 415 5138 Νόμους,
449 5068 710 5137 Παρθένε,
736 5068 1018 5134 ὐπερῦἄσα
1039 5069 1165 5130 τοὺς
1212 5069 1307 5137 τῆς
1340 5068 1550 5135 φύσεως
1577 5072 1644 5140 τῇ
1681 5054 1687 5058 ’

101 5160 231 5230 θείᾳ
262 5175 356 5211 σου
390 5159 644 5228 συλλήψει
674 5160 810 5228 ὐπὶρ
839 5161 1000 5226 φύσιν
1017 5160 1146 5211 Θεὸν
1178 5160 1408 5228 ὲκύησας
1443 5161 1640 5229 βοῶσα·

100 5248 412 5316 Εὐλογητὸς
432 5244 502 5312 ei,
539 5248 705 5317 Κύριε
733 5250 761 5300 ό
795 5249 928 5312 Θεὸς
956 5251 1035 5310 εἰς
1067 5251 1191 5313 τοὺς
1213 5251 1432 5314 αἰῶνας.

191 5424 259 5476 Ἦ
305 5423 537 5491 κραταιὰ
588 5423 808 5492 βοήθειαι
871 5425 976 5476 τῶν
1019 5425 1241 5487 πιστῶν,
1298 5424 1641 5493 ἀειπάρθενε,

105 5509 272 5582 ῥῦσαί
303 5527 370 5580 με
417 5510 512 5578 τῆς
550 5510 754 5578 πλάνης
796 5511 890 5562 τοῦ
921 5512 1091 5563 δολίου
1128 5511 1414 5579 δράκοντος
1459 5512 1644 5574 δεινῶς

106 5600 470 5667 πολεμοῦντός
499 5619 586 5670 με,
605 5604 697 5652 καὶ
729 5599 1057 5654 ταπεινῶσαι
1087 5603 1416 5665 σπεύδοντος
1455 5604 1517 5655 σὺ
1544 5605 1648 5671 γὰρ

175 5757 318 5820 (65‘)
350 5740 503 5812 Deest
534 5758 585 5811 in
614 5757 825 5814 Menasis
851 5759 1138 5821 impressis.

1752 4810 1782 4847 a
1829 4795 1985 4863 longe
2013 4796 2537 4862 praenuntiavernnt,
2569 4793 2749 4846 divino
2785 4789 2987 4857 Spiritu
3014 4789 3282 4852 illustrati,

1752 4885 1985 4937 futuram
2032 4894 2080 4937 te
2132 4895 2355 4938 matrem
2418 4882 2753 4938 verissimam
2809 4879 3018 4934 Domini
3071 4879 3282 4933 univer-

1751 4989 1956 5027 εοτυιη.

1820 5066 1954 5117 Cum
1982 5076 2186 5118 natura:
2214 5066 2355 5134 leges
2380 5063 2821 5124 transcentlisses,
2843 5075 2873 5113 ο
2898 5057 3081 5126 Virgo,
3108 5056 3280 5109 divina

1754 5158 2108 5224 conceptione
2143 5165 2254 5216 tua,
2299 5155 2459 5206 Deum
2494 5167 2653 5219 supra
2693 5160 2897 5203 natura
2926 5150 3165 5202 ordinent
3196 5160 3276 5211 pe-

1753 5248 1957 5315 peristi,
2004 5250 2244 5302 clamaus
2281 5246 2644 5302 :Benedictus
2678 5261 2757 5308 es,
2797 5243 3014 5296 Domine
3045 5240 3181 5291 Deus
3230 5237 3279 5288 in

1751 5339 1965 5390 saecula.
2018 5328 2021 5332 ’

1821 5425 2049 5495 OVirgo
2099 5435 2372 5496 perpetua,
2420 5426 2808 5479 validissimum
2850 5422 3083 5477 ﬁdelium
3128 5414 3271 5467 auxi-

1754 5516 1905 5578 lium,
1942 5518 2104 5570 libera
2141 5532 2225 5570 me
2248 5533 2276 5569 a
2308 5517 2621 5576 seductione
2656 5501 2976 5568 fraudulenti
3008 5505 3272 5566 draconis,

1755 5607 1844 5675 (ιυί
1880 5609 2112 5675 graviter
2154 5596 2426 5676 oppugnat
2469 5620 2572 5670 me,
2604 5615 2764 5675 atque
2796 5600 3071 5656 humiliare
3114 5595 3267 5649 mise-
