3936 6304
601 298 732 364 1155

1706 309 1765 367 S.
1807 307 2115 366 JOSEPHI
2153 307 2702 368 HYMNOGRAPHI

3645 305 3771 372 1156

601 430 828 482 rumque
859 431 942 470 me
977 416 1196 471 reddere
1232 418 1442 491 satagit:
1473 425 1526 470 tu
1555 418 1696 472 enim
1729 419 1835 470 dux
1868 434 1928 472 es
1960 418 2152 472 infalli-

2255 420 2498 489 ἀπλανὴς
2527 421 2633 472 τῶν
2681 417 2772 472 ἐπὶ
2814 419 2894 471 σοὶ
2941 417 3275 472 πεποιθότων
3296 419 3563 489 ὑπάρχεις
3607 422 3776 491 ὁδηγία

606 504 730 556 bilis
759 516 917 572 atque
939 507 1083 558 omni
1113 490 1293 562 errore
1312 523 1521 572 carens,
1541 524 1723 563 eorum
1749 509 1840 576 qui
1864 509 2142 561 confidunt

600 595 653 646 in
690 604 760 656 te,
806 605 963 662 atque
1021 596 1358 651 incessanter
1406 599 1638 652 clamant
1670 616 1683 651 :
1712 597 1922 667 Populi,
1958 614 2144 666 super-

599 683 826 736 exaltate
867 683 1174 739 Dominum.

667 771 708 824 0
744 772 899 840 Virgo
929 779 1095 829 amica
1129 776 1416 842 bonorum,
1441 781 1674 832 animam
1712 794 1883 832 meam
1912 778 2144 845 peccatis

599 863 966 931 malignatam,
993 866 1188 919 bonam
1221 867 1386 933 ellice,
1422 879 1475 921 et
1509 870 1576 922 ab
1605 880 1802 923 interna
1835 869 2047 922 ﬂamma
2083 868 2146 920 li-

599 952 723 1005 bera
749 968 835 1006 me
859 955 1337 1010 intercessionibus
1365 959 1492 1012 tuis.

2243 511 2351 562 τῶν
2413 510 2658 580 βοώντων
2711 509 3017 572 ἀπαύστως·
3059 510 3227 574 Λαὸς,
3285 511 3623 581 ὑπερυψοῦτε
3667 513 3772 565 Κύ-

2251 618 2379 672 ριον.

2315 773 2582 841 Φιλάγαοε
2612 775 2874 844 Παρθένε,
2908 776 3004 845 τὴν
3034 775 3424 846 κεκακωμένην
3460 779 3577 838 ταῖς
3607 777 3774 847 ἁμαρ-

2245 864 2384 926 τίαις
2410 864 2585 934 ψυχήν
2633 882 2732 934 μου
2781 866 3066 932 ὰγάουνον,
3115 867 3208 916 καὶ
3241 868 3458 918 αἰωνίου
3498 866 3692 934 φλογός
3717 884 3776 935 με

2252 953 2418 1023 ῥῦσαι
2456 954 2769 1023 πρεσϐείαις
2800 972 2911 1009 σου.
3497 987 3500 991 -

1293 1066 1441 1136 151
1505 1066 1590 1120 Ea:
1643 1067 1852 1122 Catiane
1908 1068 1961 1121 in
2012 1066 2070 1121 S.
2132 1064 2419 1119 Fantinum
2469 1074 2626 1118 mart.
2661 1066 2743 1118 die
2770 1066 2838 1119 94
2871 1065 3044 1135 (65“).

667 1177 706 1226 0
733 1175 1067 1238 Castissima,
1111 1192 1230 1246 qua:
1264 1177 1434 1231 lucem
1479 1178 1714 1231 divinam
1750 1187 1911 1245 atque
1949 1177 2143 1229 imma-

597 1267 833 1318 culatam
872 1268 924 1318 iu
971 1271 1142 1320 lucem
1193 1267 1435 1330 edidisti,
1488 1270 1756 1332 tenebras,
1808 1284 1928 1334 quae
1971 1269 2143 1320 inme

599 1364 747 1422 sunt,
784 1357 1027 1424 dispelle,
1075 1358 1255 1412 cordis
1297 1359 1398 1411 mei
1443 1359 1612 1413 nubes
1639 1360 1862 1427 dissipa,
1899 1360 2140 1412 illumina

601 1461 710 1510 me,
766 1458 915 1512 porta
979 1446 1217 1512 luminis,
1249 1449 1341 1515 qui
1401 1457 1451 1502 te
1504 1465 1625 1504 cum
1674 1451 1775 1502 tide
1836 1449 2142 1518 magniﬁco,

599 1533 872 1604 Deumque
915 1536 1156 1605 gloritico
1195 1554 1208 1589 :
1236 1537 1467 1605 gloriose
1499 1539 1643 1592 enim
1674 1539 2007 1608 glorilicatus
2041 1549 2141 1592 est.

671 1615 782 1698 ille,
842 1626 932 1691 qui
991 1625 1191 1692 duplici
1244 1628 1502 1694 praeditus
1563 1638 1753 1681 natura
1802 1630 2142 1698 intelligitur,

2247 1177 2606 1244 pessimorum
2649 1175 2976 1237 daemonum,
3005 1174 3095 1242 qui
3137 1188 3222 1228 me
3255 1174 3600 1238 conturbant,
3631 1183 3778 1228 vexa‘

2251 1266 2420 1328 tione,
2450 1274 2502 1318 et
2536 1266 2603 1318 ab
2635 1265 2755 1334 igne
2785 1265 3043 1333 gehennae
3084 1264 3250 1319 libera
3291 1281 3398 1330 me,
3447 1264 3538 1334 qui
3575 1275 3625 1318 te
3668 1279 3777 1317 cuin

2248 1354 2351 1406 [ide
2379 1352 2648 1405 collaudo.

2317 1443 2780 1510 Quemadmodum
2809 1457 2914 1496 non
2944 1441 3240 1496 combussit
3271 1441 3399 1495 olim
3439 1439 3580 1509 ignis
3607 1438 3779 1492 forna-

2249 1535 2329 1589 cis
2367 1534 2822 1603 prudentissimos
2863 1532 3267 1594 adolescentes;
3319 1531 3390 1584 ita
3442 1546 3542 1584 nec
3581 1531 3778 1583 vulvam

2251 1635 2421 1690 tuam,
2453 1622 2776 1691 Deigenitrix
2806 1619 2988 1689 Virgo,
3019 1621 3317 1675 combussit
3355 1635 3503 1674 nunc
3534 1620 3673 1688 ignis
3705 1621 3782 1673 Di-

600 1712 741 1765 Deus
776 1722 828 1765 et
872 1713 1066 1778 homo,
1121 1711 1414 1768 Paternum
1468 1717 1646 1770 sinum
1693 1719 1836 1771 nulla
1884 1734 1949 1771 ex
1999 1729 2148 1787 parte
2178 1698 2217 1752 Β
2249 1710 2512 1772 viuitatis,
2546 1724 2665 1777 quae
2691 1711 2744 1761 in
2779 1722 2830 1762 te
2859 1715 3067 1761 naturae
3092 1709 3352 1762 terminos
3383 1709 3686 1761 innovavit.

599 1802 1005 1870 derelinquens,
1049 1803 1103 1856 in
1145 1805 1419 1868 siu_n.tuo,
1452 1820 1485 1858 ο
1531 1803 1692 1875 Virgo
1743 1808 2018 1871 inviolata,
2059 1823 2148 1860 re-

599 1892 736 1944 sedit
775 1892 1317 1961 circumscriptibilis,
1367 1908 1488 1947 cum
1535 1893 1601 1948 sit
1643 1895 2148 1966 incircumscriptus

600 1991 786 2050 suapte
811 1989 1022 2034 natura.

673 2072 813 2124 Deus
867 2072 1105 2124 caelestis
1169 2071 1309 2124 intra
1361 2072 1571 2148 viscera
1633 2081 1720 2126 tua
1793 2073 2078 2138 habitavit,
2114 2091 2145 2128 υ

600 2155 809 2220 Puella,
842 2169 1005 2225 atque
1053 2159 1322 2212 hominem
1360 2157 1646 2222 deitlcavit,
1680 2170 1837 2228 teque
1864 2163 2180 2216 universo--

602 2261 720 2298 tum
749 2247 1108 2313 patrocinium
1141 2248 1555 2316 praesidiumque
1578 2251 1878 2303 constituit.

673 2335 899 2405 Legales
961 2339 1068 2406 typi
1124 2337 1543 2407 praeﬁgurabant
1591 2342 1907 2409 mysterium
1957 2356 2150 2396 conce-

602 2424 868 2490 eeptionis
901 2434 1024 2488 tuae,
1059 2441 1288 2492 quorum
1325 2440 1425 2478 nos
1472 2426 1744 2482 intuentes
1795 2428 1998 2481 exitum
2032 2430 2148 2496 glo-

605 2513 880 2565 riﬁcamus
913 2523 982 2576 te,
1023 2528 1056 2566 ο
1089 2512 1270 2582 Virgo,
1301 2529 1420 2580 qua:
1448 2514 1588 2569 facta
1613 2532 1671 2571 es
1696 2518 1939 2570 omnium
1983 2517 2152 2571 bono-

603 2614 722 2652 rum
747 2615 934 2662 causa,
969 2610 1021 2652 ct
1048 2616 1219 2668 genus
1245 2612 1488 2670 nostrum
1528 2605 1694 2670 gratia
1721 2604 2010 2672 replevisti.

676 2689 903 2758 Respice
947 2691 999 2743 in
1053 2705 1159 2755 me,
1196 2705 1228 2744 ο
1274 2689 1382 2745 Deo
1431 2693 1741 2760 gratissima
1775 2692 2003 2760 Regina,
2040 2702 2092 2747 et
2123 2707 2152 2746 a

607 2842 693 2898 Ex
716 2842 926 2898 Canam:
957 2846 1009 2896 in
1039 2844 1170 2912 {esto
1194 2843 1292 2898 SS.
1331 2843 1618 2906 Hermolai,
1647 2854 1696 2897 et
1719 2845 1977 2910 sociorum
2009 2860 2152 2897 mar-

1207 2926 1396 2982 tyrum,
1438 2915 1519 2965 die
1545 2915 1631 2964 ‘27.

676 3023 859 3077 Redite
909 3026 1041 3077 mihi.
1079 3025 1353 3078 Christum
1398 3025 1717 3093 propitium,
1748 3040 1780 3078 ο
1831 3023 1988 3091 Virgo
2037 3034 2149 3078 tota
2179 3009 2220 3065 ο

610 3117 728 3170 sine
761 3117 972 3168 macula
1005 3115 1138 3185 (66),
1171 3115 1406 3169 liberans
1441 3131 1526 3168 me
1565 3116 1616 3168 in
1650 3116 1737 3169 die
1767 3113 1961 3169 Judieii
1995 3131 2022 3168 a
2047 3124 2153 3168 tre-

609 3210 804 3263 menda
839 3208 1206 3262 damnationis
1243 3207 1526 3260 sententia.

677 3299 870 3351 Libera
927 3313 1031 3357 me,
1081 3312 1111 3350 ο
1174 3295 1691 3357 innuaculatissima,
1745 3310 1773 3347 a
1835 3295 2150 3364 gravissima

606 3398 926 3458 tempestate
953 3396 1322 3456 peccatorum,
1358 3395 1412 3438 et
1437 3386 1849 3454 cogitationum,
1881 3399 2000 3452 quae
2028 3400 2152 3437 cru-

606 3487 799 3539 deliter
833 3483 1090 3540 invadunt
1127 3493 1223 3532 cor
1254 3493 1450 3531 meatu.
1877 3493 1882 3498 -

678 3559 958 3643 Tanquam
996 3572 1222 3623 thronus
1259 3566 1581 3635 ignil'ormis,
1617 3565 1904 3619 Dominum
1949 3565 2078 3628 fers,
2121 3580 2154 3618 ο

607 3668 788 3720 divina
830 3666 1001 3734 gratia
1048 3659 1511 3720 cumulatissima;
1549 3673 1708 3726 quem
1764 3658 2050 3725 deprecare
2097 3665 2155 3708 ut

610 3759 788 3813 salvos
822 3757 982 3808 faciat
1011 3769 1110 3807 nos
1139 3754 1188 3805 in
1215 3751 1419 3819 peccati
1455 3750 1569 3802 salo
1598 3748 1985 3817 periclitantes.

681 3847 952 3899 Habentes
1000 3853 1071 3906 te,
1122 3859 1154 3896 ο
1207 3840 1388 3911 Virgo,
1437 3840 1816 3908 patrocinium,
1869 3836 2151 3904 refugium,

611 3939 932 4004 ﬁrmamque
960 3933 1350 3994 defensionem,
1383 3946 1476 3999 per
1518 3940 1567 3983 te
1598 3929 1888 3982 liberemur
1917 3927 1982 3979 ab
2008 3927 2154 3979 omni

612 4027 983 4081 tribulatione.

689 4119 1007 4188 TempeStas
1058 4119 1443 4170 immensarum
1510 4124 1846 4182 peccatorum
1914 4126 2153 4165 meorum

613 4212 903 4266 conturbat
937 4223 1043 4270 me,
1076 4215 1129 4260 et
1157 4207 1206 4258 in
1245 4205 1568 4272 profundum
1602 4202 1993 4270 desperationis
2017 4201 2158 4255 seui-

2316 1797 2504 1852 Morbo
2545 1797 2786 1861 allectos,
2835 1805 2998 1865 atque
3041 1798 3106 1851 ad
3153 1806 3350 1851 terram
3397 1797 3702 1858 inclinatos,
3732 1807 3776 1850 et

2247 1900 2471 1960 peccato
2533 1890 2708 1959 palam
2757 1888 3076 1961 servientes,
3126 1889 3386 1942 Dominus
3429 1890 3780 1957 omnipotens,

2248 1997 2370 2036 cum
2428 1981 2780 2036 inhabitasset
2835 1988 3046 2032 uterum
3101 1988 3271 2039 tuum,
3325 1980 3597 2041 salvavit;
3657 1982 3781 2032 unde

2249 2082 2394 2120 nunc
2429 2066 2581 2120 ﬁrma
2618 2068 2719 2119 lide
2757 2066 2992 2120 clamant
3020 2064 3084 2118 ad
3117 2081 3239 2120 eum
3269 2083 3284 2118 :
3325 2065 3511 2130 Pueri,
3553 2077 3658 2120 etc.

2319 2157 2642 2226 Corruptam
2681 2158 3068 2226 terrigenarum
3103 2159 3458 2226 substantiam
3517 2169 3672 2228 partu
3705 2171 3781 2214 tuo

2249 2248 2649 2318 incorruptibili
2679 2249 3079 2316 redintegrasti.
3105 2241 3464 2314 Quamobrem
3490 2249 3779 2304 voeiferor:

2250 2336 2573 2407 Redintegra
2630 2354 2716 2394 me
2767 2339 2859 2407 qui
2910 2348 3056 2393 totus
3097 2340 3557 2407 concupiscentiis
3615 2341 3778 2410 pravis

2250 2438 2540 2498 corruptus
2573 2446 2716 2494 sum,
2764 2431 2918 2500 152
2962 2440 3146 2500 utpote
3187 2431 3602 2500 benignissima,
3629 2439 3680 2484 et
3708 2447 3779 2484 se-

2251 2520 2412 2574 mitas
2461 2520 2753 2590 dirigentes
2799 2523 2864 2574 ad
2920 2518 3081 2575 vitam
3143 2522 3455 2575 demonstra
3513 2521 3680 2586 mihi;
3733 2532 3778 2573 tu

2250 2611 2392 2663 enim
2422 2625 2482 2664 es
2507 2611 2611 2664 dux
2644 2611 2912 2678 omnium,
2947 2612 3040 2680 qui
3071 2621 3363 2667 recurrunt
3412 2611 3479 2664 ad
3520 2620 3593 2675 te,
3629 2601 3777 2680 opu.

2251 2716 2487 2755 I'lSSllllﬂ.

2264 2854 2364 2909 Ἐκ
2401 2856 2505 2908 τοῦ
2538 2857 2801 2928 Κανόνας
2828 2859 2913 2928 εὶς
2950 2855 3056 2928 τ-ὸν
3091 2857 3259 2928 ἄτιον
3283 2859 3568 2928 μάρτυρα,
3600 2859 3778 2928 Ἑρμό-

2457 2928 2609 2977 λαον
2631 2925 2726 2976 καὶ
2757 2925 2896 2989 τοὺς
2926 2926 3045 2978 σὺν
3062 2925 3245 2991 αὐτῷ,
3274 2925 3457 2995 ἡμέρᾳ
3486 2926 3589 2990 κζ’.

2322 3035 2508 3087 Ἵλεών
2532 3053 2640 3103 μοι,
2668 3035 2929 3118 Παρθένε,
2957 3036 3047 3089 τὸν
3085 3037 3315 3107 Χριστὸν
3348 3039 3778 3110 dim-{prauum-

2254 3127 2502 3194 νάμωμε,
2562 3128 2618 3178 ἐν
2650 3129 2831 3198 ἡμέρᾳ
2869 3129 2966 3197 τῆς
3013 3129 3173 3199 δίκης·
3216 3130 3451 3199 φοϐερᾶς
3501 3133 3777 3202 καταδίκης

2255 3218 2562 3286 ὲξαίρουσα.

2340 3307 2525 3360 Ῥῦσαί
2576 3325 2663 3376 με,
2698 3308 3025 3377 πανάμωμε,
3057 3310 3338 3379 ἁμαρτιῶν
3383 3311 3561 3364 δεινοῦ
3594 3312 3774 3363 κλύδω-

2253 3415 2361 3462 νος,
2403 3398 2496 3450 καὶ
2543 3397 2823 3466 λογισμῶν
2864 3398 2972 3450 τῶν
2999 3398 3433 3467 ἐπεμϐαινόντων
3462 3401 3687 3468 ἀφειδῶς
3721 3403 3773 3465 τῇ

2253 3488 2450 3557 καρδίᾳ
2483 3504 2604 3556 μου.

2329 3579 2537 3646 Ὠσπερ
2587 3577 2770 3647 Ορόνος
2795 3578 3132 3647 πυρῑμορφος
3164 3577 3348 3647 φέρεις
3375 3579 3467 3630 τὸν
3497 3580 3772 3646 Δεσπότην,

2256 3668 2634 3738 Θεοχαρίτωτε,
2685 3669 2743 3720 ὃν
2799 3669 3003 3721 ἱκέτευε
3051 3670 3283 3739 σωθῆναι
3337 3672 3482 3740 ἡμᾶς
3530 3672 3772 3740 ἁμαρτίας

2257 3759 2400 3826 σάλῳ
2431 3759 2858 3823 κινδυνεύοντας.

2324 3848 2391 3899 Σὲ
2420 3848 2769 3916 προστασίαν,
2801 3850 3141 3919 καταφυγὴν,
3182 3851 3275 3903 καὶ
3305 3850 3528 3920 βεϐαίαν
3572 3853 3769 3918 ἀντίλη·

2255 3936 2345 4005 ψιν
2369 3940 2711 4008 κεκτημένοι,
2733 3940 2988 4009 Παρθένε,
3009 3942 3356 4011 ῥυσθείημεν,
3374 3943 3459 3994 διὰ
3479 3942 3596 4007 σοῦ,
3621 3942 3769 4009 πάσης

2261 4027 2509 4095 ὓλίψεως.

2330 4119 2547 4170 κλύδων
2573 4136 2636 4184 με
2657 4121 2763 4170 τῶν
2787 4121 3039 4190 ἀμέτρων
3059 4124 3414 4190 πταισμάτων
3439 4123 3768 4191 συνταράττει

2260 4208 2354 4258 καὶ
2397 4207 2539 4276 βυθῷ
2567 4210 2924 4276 παραπέμπει
2950 4210 3210 4279 διηνεκῶς
3234 4195 3615 4277 ἀπογνώσεως,
3640 4214 3767 4279 κόρη·

613 4320 708 4373 per
738 4303 924 4368 dcjicit
967 4315 1069 4363 me,
1115 4312 1146 4350 ο
1191 4295 1372 4348 Puella
1405 4312 1417 4346 :
1453 4304 1505 4346 at
1539 4303 1590 4346 tu
1639 4295 1992 4362 praeveniens,
2029 4308 2150 4360 por-

2259 4299 2390 4350 ἀλὶ-ἐι
2426 4300 2780 4366 προφθάσασα
2812 4303 2970 4369 χεῖρά
3019 4319 3106 4370 μοι
3153 4302 3357 4372 δρεξον,
3399 4305 3492 4355 καὶ
3523 4305 3660 4356 δίδου
3692 4321 3766 4370 μοι

614 4399 724 4464 rige
775 4392 902 4444 mihi
942 4404 1160 4442 manum
1217 4399 1384 4450 tuam,
1435 4393 1489 4438 et
1525 4387 1592 4437 da
1628 4385 1781 4448 mihi,
1819 4395 1874 4436 ut
1914 4384 1967 4435 in
2004 4392 2153 4435 tran-

600 4485 783 4553 -quilio
817 4481 1143 4550 paenitentiae
1168 4486 1326 4546 portu
1359 4491 1577 4529 securus
1601 4475 1887 4544 ingrediar.

689 4575 852 4644 Virgo
879 4572 1024 4624 onmi
1051 4570 1335 4622 sanctitate
1367 4568 1609 4636 przedita,
1637 4581 1754 4631 quae
1782 4563 1947 4616 Deum
1971 4563 2148 4614 incar-

615 4677 796 4718 natum
845 4659 1128 4729 peperisti,
1163 4659 1229 4709 ab
1258 4658 1404 4708 omni
1450 4668 1690 4724 peccato,
1727 4664 1779 4706 et
1813 4653 2154 4705 tribulatione

614 4757 822 4807 salvum
858 4753 942 4803 fac
975 4752 1226 4817 populum
1261 4758 1407 4800 tuum
1446 4747 1805 4798 clamantem:
1839 4743 2154 4795 Benedictus

613 4861 694 4906 cs,
737 4843 876 4895 Deus
908 4841 1150 4893 Patrum.

685 5020 839 5089 (65")
876 5017 1086 5070 Menam
1119 5029 1236 5089 non.
1254 5013 1471 5089 habent.
1507 5077 1521 5089 _
1860 5077 1868 5086 .
2006 5076 2036 5089 ῃ.

688 5077 796 5156 (uo)
824 5077 1193 5156 'Consonatb‘.
1214 5083 1481 5156 Amadeus
1505 5077 1902 5156 Lausa‘n‘nensis
1931 5077 2154 5156 antistes

618 5145 803 5211 ιιοίιιὶί.
835 5160 861 5208 Ἱ
910 5159 974 5208 de
1005 5155 1062 5205 Β.
1099 5153 1161 5205 ν.
1197 5155 1322 5204 dum
1363 5150 1620 5200 inducens
1663 5146 1931 5198 Christum
2001 5145 2154 5197 Matri

619 5217 728 5280 sua:
769 5229 817 5278 in
849 5227 1037 5279 callum
1073 5221 1324 5275 subeunti
1364 5216 1738 5284 gratulantum.
1770 5217 1822 5266 in
1859 5215 1998 5266 hunc
2039 5230 2155 5267 mo-

619 5303 744 5349 dum
778 5299 960 5349 St‘l'iilll
991 5313 1004 5345 ε
1041 5311 1056 5340 ι
1101 5292 1358 5341 Dominus
1390 5287 1646 5336 assistens
1677 5298 1904 5347 egressa:
1948 5286 2010 5335 dc
2038 5299 2155 5337 cor-

621 5382 765 5434 pore,
807 5369 872 5418 ita
907 5363 1159 5431 prmdicat
1205 5361 1385 5434 laudes
1429 5354 1594 5418 ejusp-z
1632 5351 1771 5434 fl‘ota
1824 5352 2044 5434 p't'tlcbra
2075 5367 2152 5434 es,

622 5419 782 5486 'Matci-
843 5419 982 5492 inca,
1021 5438 1071 5479 et
1128 5428 1334 5479 macula
1386 5438 1487 5474 nou
1517 5434 1598 5472 cst
1629 5425 1699 5492 in
1724 5422 1816 5472 'l‘e.
1853 5419 2008 5492 Tota,
2038 5423 2150 5492 ait,

622 5505 838 5571 pulchra
872 5518 928 5550 es
961 5490 1223 5571 {pulchra
1249 5497 1298 5571 in
1331 5495 1584 5571 cOgitatu,
1619 5491 1834 5556 pulchra
1865 5490 2102 5571 ἰιιύνριὺο
2139 5508 2149 5540 ;

624 5558 842 5639 pulchra
880 5573 928 5618 in
959 5558 1100 5623 actu,
1143 5565 1359 5632 pulchra
1393 5565 1597 5637 abortu
1633 5574 1798 5639 usque
1827 5559 1889 5610 ad
1917 5558 2096 5610 linem.
2131 5577 2145 5605 ι

625 5630 711 5691 ξιι·
742 5641 843 5691 illc.
873 5637 969 5686 Uni
1005 5630 1150 5687 ortus
1183 5647 1285 5684 non
1328 5632 1677 5690 nativitatem,
1711 5630 1801 5679 sed
1835 5638 2148 5693 conceptum

2260 4387 2394 4456 πρὸς
2436 4389 2700 4456 γαληνοὺς
2732 4391 3012 4457 μετανοίας
3036 4391 3255 4459 λιμένας
3286 4393 3626 4461 ὁρμίζεσθαι.

2329 4563 2569 4629 Παναγὶα
2588 4564 2846 4631 Παρθένε,
2865 4566 2896 4630 ἡ
2916 4563 3046 4614 Θεὸν
3067 4564 3398 4633 σαρκοφὸρον
3416 4567 3768 4633 ἀποκυήσασα.

2260 4655 2322 4703 ὲκ
2362 4655 2538 4722 πάσης
2581 4655 2846 4722 ἁμαρτίας
2897 4657 2986 4706 καὶ
3017 4655 3242 4722 Ολίψεως
3286 4656 3490 4724 βοῶντα
3547 4659 3634 4707 τὸν
3665 4657 3769 4708 λαόν

2264 4757 2357 4791 σου
2384 4743 2670 4810 περίσωζε’
2712 4743 2767 4792 Ὀ
2795 4743 2899 4793 τῶν
2937 4744 3186 4812 Πατέρων
3209 4746 3362 4812 ἡμῶν
3387 4744 3542 4806 Θεὸς,
3572 4744 3747 4808 εὐλογη

2262 4836 2349 4886 τὸς
2380 4830 2446 4886 εἶ.

2259 5010 2534 5084 passivum
2575 5022 2749 5074 sonat,
2801 5027 2829 5064 a
2877 5028 2984 5079 quo
3019 5022 3162 5077 ortu,
3200 5015 3323 5084 sive
3361 5017 3622 5084 principio
3670 5017 3766 5066 vita.

2263 5094 2430 5151 usque
2456 5081 2520 5131 ad
2575 5083 2732 5135 linem
2766 5084 2816 5132 i'u
2857 5092 3047 5144 morte,
3093 5084 3244 5135 beata
3286 5083 3448 5151 Virgo
3482 5081 3607 5148 tota,
3640 5086 3765 5151 juxta

2261 5147 2867 5222 Amad_euni,__perpetuo
2918 5153 3086 5222 nituit
3123 5154 3325 5220 absque
3383 5147 3527 5206 omni
3577 5147 3768 5222 prim.

2261 5217 2492 5267 macula.
2528 5219 2792 5285 Alioquin,
2829 5219 2871 5270 si
2926 5221 3192 5274 Amadeus
3239 5217 3550 5288 signiﬁcare
3578 5217 3764 5274 'soluis-

2261 5294 2340 5335 set
2363 5294 2538 5336 ortum
2571 5303 2634 5338 ex
2681 5297 2851 5349 utero,
2885 5290 3139 5341 nimirum
3172 5291 3521 5353 nativitatem,
3565 5293 3766 5342 diminu-

2262 5355 2503 5424 tissimus
2536 5355 2748 5414 luisset.
2781 5360 2886 5408 imo
2915 5359 3108 5410 falsum
3138 5358 3379 5421 dixissttt,
3416 5376 3534 5411 cum
3572 5359 3765 5424 Deipam

2260 5422 2418 5474 fuerit
2453 5426 2672 5491 pulchra
2701 5441 2792 5491 per
2827 5428 3049 5492 gratiam
3097 5437 3219 5480 ante
3251 5429 3579 5481 nativitatem
3616 5422 3764 5479 suam.

2261 5503 2526 5566 ut‘omnes
2563 5497 2883 5566 concedunt.
2935 5495 3062 5549 Vide
3111 5495 3476 5566 Nicrembcrg,
3512 5499 3562 5550 in
3605 5496 3761 5548 Sacro-

2258 5561 2453 5629 syllaba
2485 5563 2536 5623 5,
2562 5578 2678 5630 pag.
2714 5564 2837 5617 ill-3.
