3936 6304
77 357 228 423 ῙΙΞιἸ

72 556 181 607 τοῦ
246 558 656 629 παμϐασιλὲως,
715 557 955 623 παναγία
1001 556 1283 621 Δέσποινα,
1346 556 1641 626 ὐμνοῦμεν,

76 644 365 714 δεόμενοι,
398 646 557 707 ναοὺς
607 646 752 713 ἡμᾶς
788 645 1060 708 ἀνάδειξον
1083 645 1173 697 τοῦ
1205 646 1267 697 ἐκ
1304 645 1396 697 σοῦ
1426 645 1646 715 τεχθέν-

74 748 204 794 τος,
270 732 714 803 καθαρεύσαντας
762 731 938 800 πάσης
981 731 1176 793 κακίας
1225 732 1493 793 ἐναντίας,
1554 733 1646 783 καὶ

78 824 338 890 βοῶντας
370 822 680 885 ἀπαύστως·
723 822 885 887 Δαὸς,
917 822 1251 893 ύπερυψοῦτε
1294 822 1526 892 Χριστὸν
1567 826 1645 886 εἰς

74 915 216 975 τοὺς
254 914 477 976 αἰῶνας.
1264 976 1267 979 ν

154 1006 373 1056 ΦείιςαίΔ
414 1020 537 1073 μου.
585 1003 788 1074 Σῶτερ,
819 1006 846 1057 ό
884 1003 1098 1073 τεχθεὶς
1139 1006 1235 1057 καὶ
1271 1004 1514 1072 φυλάξας
1545 1004 1644 1071 τὴν

76 1095 363 1149 τεκοῦσάν
394 1111 450 1146 σε
485 1094 719 1164 ἄφθορον
754 1095 890 1164 μετὰ
920 1097 1017 1164 τὴν
1049 1094 1241 1164 κύησιν
1280 1096 1404 1147 ὅταν
1421 1095 1645 1164 καθίσῃς

79 1189 285 1255 κρῖναι
314 1188 382 1239 τὰ
407 1186 715 1256 σύμπαντα,
742 1188 837 1249 τὰς
875 1186 1103 1255 ἀνομίας
1133 1187 1386 1255 παρορῶν
1432 1188 1525 1238 καὶ
1548 1203 1644 1247 τας

79 1279 373 1348 ἁμαρτίας
405 1295 529 1347 μου,
567 1277 643 1341 ὡς
663 1279 1050 1348 ἀναμάρτητος
1094 1276 1365 1346 ἐλεήμων,
1413 1276 1486 1339 ὡς
1515 1276 1644 1337 Θεὸς

80 1368 189 1419 καὶ
224 1367 621 1438 φιλάνθρωπος.

93 1566 210 1619 Ἐκ
264 1566 368 1621 τοῦ
409 1567 673 1632 Κανόνος
704 1570 789 1633 εἰς
820 1568 961 1632 τοὺς
1007 1567 1213 1634 ἁγίους
1266 1564 1645 1629 ἀποστόλους

156 1638 502 1773 ζῦριὲχωρογ,
536 1636 850 1705 Νικάνορα.
890 1640 1133 1702 Τίμωνα,
1162 1636 1261 1689 καί
1290 1636 1635 1704 [tumuli-ar,

277 1722 359 1773 Ρςι
386 1723 456 1774 κη
477 1746 492 1760 ο

1530 355 1887 414 ΜΛῘΠΛΙΕ.

153 468 231 519 Σὲ
280 467 340 519 τὸ
377 468 605 537 τερπνὸν
631 465 890 520 παλάτιον
937 465 1033 519 καὶ
1077 464 1299 535 φαιδρὸν
1334 465 1651 534 ἐνδιαίτημα
1680 488 1724 541 Α

3166 368 3296 423 libb

1824 465 1899 519 'l‘c
1926 464 2228 533 jucundum
2265 464 2550 532 palatium,
2585 477 2639 522 et
2686 469 3025 539 splendidum
3071 472 3293 528 ιιοιιιίιιί-

1754 558 1882 609 liutn
1908 560 2148 608 omniutn
2180 556 2359 626 llegis,
2393 575 2425 609 ο
2456 561 2794 615 sanctissima
2833 564 3078 627 Domina,
3112 566 3295 619 lauda-

1749 661 1887 708 tnus,
1929 650 2298 709 obsecrantes,
2336 656 2394 699 ut
2425 648 2621 702 eﬁicias
2658 666 2753 705 nos
2797 656 2993 721 templa
3030 655 3153 709 Fi‘ii
3196 658 3295 720 tui,

1750 743 2007 802 purgatos
2037 732 2104 785 ab
2131 735 2278 786 omni
2308 738 2625 790 adversante
2656 742 2881 804 malitia,
2910 753 2960 795 et
2990 743 3293 798 incessabili

1745 838 1877 875 voce
1905 824 2198 878 clamantes
2234 842 2246 877 :
2285 824 2494 893 l'opuli,
2519 832 2916 897 supercxaltatc
2932 833 3204 888 Cltt'islttm
3240 836 3291 887 in

1745 915 1960 969 sxcula.

1814 1005 1983 1058 Parce
2030 1005 2183 1070 mihi,
2220 1006 2468 1062 Salvator
2502 1011 2614 1079 (qui
2649 1023 2826 1075 natus,
2870 1016 3095 1067 servasti
3136 1014 3298 1069 Geri-
3336 984 3345 1007 ᾗ

1745 1096 1930 1150 tricem
1959 1105 2103 1150 tuam
2139 1099 2505 1168 incorruptam
2540 1114 2659 1169 post
2687 1105 2940 1171 partum),
2975 1108 3189 1174 quando
3208 1123 3295 1160 se-

1744 1190 1894 1243 dcbis
1930 1191 2273 1258 judicaturus
2320 1192 2474 1261 153
2522 1194 2805 1260 universa;
2840 1211 2943 1248 non
3001 1198 3297 1265 respiciens

1746 1281 2054 1349 iniquitates
2086 1298 2256 1346 meas,
2287 1294 2339 1336 et
2369 1295 2592 1352 peccata
2637 1300 2776 1348 mea,
2810 1295 3064 1353 tauquam
3099 1288 3297 1355 imper-

1745 1374 1954 1436 cabilis,
2000 1384 2054 1428 et
2104 1375 2449 1439 misericors;
2491 1386 2749 1445 tanquam
2798 1375 2962 1442 Deus,
3003 1390 3056 1430 ct
3087 1388 3297 1430 amator

1747 1462 2023 1518 hominum
3306 1474 3307 1477 ‘

1749 1570 1831 1623 Ex
1864 1572 2071 1626 Conone
2103 1575 2151 1626 in
2183 1575 2313 1645 [esto
2354 1575 2452 1630 SS.
2488 1577 2844 1645 apostolorum
2880 1580 3157 1644 Prae/tori,
3202 1578 3299 1631 Ni-

1917 1644 2144 1706 canoris,
2188 1644 2438 1709 'I'imouis,
2480 1644 2528 1698 et
2569 1647 2863 1713 Parmeuw,
2904 1650 2988 1701 die
3028 1650 3115 1703 9.8.

161 1818 397 1887 Πορεῖαι
430 1820 485 1872 αἱ
511 1819 600 1872 τοῦ
628 1820 783 1883 Θεοῦ,
810 1820 1136 1890 πανάμωμε,
1177 1822 1233 1873 ὲν
1271 1820 1351 1872 σοὶ
1377 1819 1647 1888 ἐγνώσθη-

1818 1813 2015 1866 Itinera
2047 1814 2139 1867 Dei
2174 1813 2312 1868 facta
2349 1816 2399 1868 in
2427 1825 2477 1870 te
2504 1818 2716 1886 cognita
2743 1829 2889 1884 sunt,
2916 1835 2948 1872 ο
2976 1820 3295 1875 immacula-

80 1924 191 1958 σαν
228 1908 593 1976 γεγενημέναι
627 1909 758 1978 ξένῳ
789 1909 990 1979 τοκετῴ
1011 1910 1321 1978 άσυγκρίτῳ
1341 1926 1397 1961 τε
1430 1908 1641 1961 ἑνώσει·

77 1994 214 2046 ὅθεν
248 1997 325 2058 ὡς
350 2001 565 2050 πάντων
596 1999 882 2052 δέσποιναν
924 1999 1028 2052 τῶν
1063 1999 1380 2069 ποιημάτων
1408 2015 1466 2051 σε
1491 2000 1644 2062 δοξά-

79 2086 283 2153 ζομεν.
686 2124 693 2135 .
842 2096 845 2097 ⁷

158 2177 508 2242 Σταλάξοντα
550 2179 860 2250 γλυκασμὸν
912 2181 1005 2233 καὶ
1052 2180 1427 2249 ἀπολύτρωσιν
1460 2179 1645 2232 κακῶν

79 2267 323 2331 τέτοκας
353 2270 443 2321 τὸν
466 2268 666 2336 ἀγαθὸν
693 2270 916 2340 Κύριον,
956 2272 1190 2340 ἅχραντε
1245 2269 1475 2339 παρθένε
1511 2285 1644 2321 παν-

82 2359 325 2428 άμωμε.
554 2344 561 2357 ι

172 2452 592 2523 Ἀπειρογάμως
623 2455 858 2525 ὲκύησας
885 2453 1013 2507 Θεὸν
1034 2455 1201 2523 Λόγον
1228 2452 1642 2523 σωματωθέντα,

84 2544 366 2611 πάναγνε,
414 2546 552 2615 ὑπὲρ
580 2546 703 2600 νοῦν
733 2548 825 2600 καὶ
862 2547 1036 2615 λόγον·
1085 2547 1204 2600 ὅθεν
1236 2548 1552 2616 καταχρὲως
1582 2563 1639 2599 σε

85 2634 377 2703 Παρθένον
403 2636 690 2706 δοξάζομεν
715 2638 807 2689 καὶ
845 2636 1188 2706 χρεωστικῶς
1225 2637 1619 2707 μακαρίζομεν.

175 2894 490 2966 ’Υμνοῦμέν
534 2913 592 2949 σε
635 2895 703 2950 δι’
744 2889 819 2969 ,ἦς
864 2897 964 2966 τῆς
997 2895 1198 2963 φθορᾶς
1249 2894 1646 2966 ὲλυτρώθημεν,

87 2989 410 3057 πανάμωμε
429 3027 445 3049 ,
474 2987 567 3040 τοῦ
603 2987 816 3051 ἀδύτου,
860 2987 961 3043 καὶ
1001 2986 1100 3055 τῆς
1132 2990 1257 3054 πρὶν
1287 2988 1649 3057 τυραννούσης

88 3076 301 3139 κακίας
332 3076 424 3128 τοῦ
455 3077 772 3144 ἀλάστορος.

162 3136 369 3227 Τάξεις
424 3180 482 3216 σε
538 3136 839 3231 ὰσωξιάτων
886 3164 1129 3231 ἀγγέλων
1179 3165 1512 3233 γεραίρουσι,
1555 3136 1715 3215 καὶΟ

89 3254 417 3305 ἀποστόλων
440 3256 665 3322 χορεῖαι,
688 3257 780 3305 καί
803 3254 1092 3322 μαρτύρων
1110 3254 1292 3322 δῆμοι,
1317 3253 1643 3323 Θεοκυῆτορ·

88 3342 186 3391 τὸν
220 3342 332 3410 γὰρ
364 3343 578 3395 πάντων
608 3342 839 3394 Βασιλέα
871 3336 1161 3411 ἀφράστως
1187 3341 1443 3411 ὲκύησας.

165 3525 334 3592 Λόγῳ
361 3524 450 3579 τὸν
470 3524 642 3592 Λόγον
673 3525 763 3578 τὸν
794 3525 885 3579 τοῦ
923 3524 1154 3595 Πατρὸς,
1188 3526 1323 3595 κόρη
1342 3566 1356 3590 ,
1388 3527 1610 3590 τέτοκας
1631 3568 1646 3593 ,

91 3616 246 3684 λόγῳ
272 3615 497 3685 οὐρανὸν
528 3616 829 3684 ποιήσαντα
864 3616 957 3667 καὶ
983 3615 1081 3683 τὴν
1120 3616 1244 3683 γῆν,
1284 3616 1375 3667 καὶ
1412 3614 1651 3679 δοξάζεις

92 3704 312 3767 τοῦτον,
345 3707 646 3774 πανάμωμε
672 3746 685 3768 ,
721 3705 879 3773 λόγον
910 3705 1216 3775 παρέχοντα
1242 3707 1353 3767 τοῖς
1397 3706 1649 3775 καθαρῶς

93 3795 253 3864 αὐτῷ
280 3795 374 3847 νῦν
405 3797 765 3850 πιστεύουσιν.

186 3886 319 3939 Ἰδοὺ
346 3887 618 3957 θεηγόρων
646 3888 702 3941 al.
736 3887 913 3955 φωναὶ
949 3888 1120 3959 πέρας
1150 3888 1415 3955 ἐδέξαντο,
1455 3890 1650 3952 ἀποτε-

93 3976 309 4047 κούσης
340 3976 430 4029 σοῦ
457 3978 545 4029 τὸν
579 3979 896 4047 ὑπερούσιον
928 3980 1150 4050 Κύριον,
1186 3966 1289 4033 ὐπή
1312 3981 1534 4034 ἐκείνων
1560 3982 1650 4033 τὸν

93 4068 452 4136 δηλούμενον,
482 4073 558 4130 είς
593 4072 863 4139 σωτηρίαν
890 4070 997 4121 τῶν
1028 4071 1251 4137 πιστῶν,
1272 4072 1647 4140 θεοχαρίτωτε,

92 4175 212 4210 των
253 4157 521 4226 βοώντων·
552 4160 735 4212 Πάντα
764 4160 830 4211 τὰ
851 4160 987 4231 ἔργα
1003 4162 1228 4233 Κυρίου,
1262 4162 1529 4228 εὐλογεῖτε
1561 4160 1651 4215 τὸν

94 4252 333 4323 Κύριον.

176 4345 364 4413 Φωνήν
394 4360 474 4396 σοι
506 4343 735 4413 βοῶμεν,
771 4344 1030 4413 Παρθένε,
1060 4346 1365 4416 περιχαρῶς
1391 4346 1483 4399 τοῦ
1515 4347 1652 4416 ἀρχ-

1749 1905 1982 1971 tissima,
2051 1920 2145 1973 per
2206 1915 2419 1973 partum
2483 1918 2633 1960 tuum
2703 1912 3067 1977 pct'rgt'ittmtt,
3134 1922 3295 1980 atque

1750 1998 2003 2049 unionem
2037 1997 2552 2065 incomparabilem:
2593 2002 2733 2054 unde
2764 2010 3015 2068 tanquam
3053 2006 3292 2057 omnium

1746 2096 2119 2140 creaturarum
2145 2086 2423 2140 Dominam
2458 2099 2505 2142 te
2542 2089 2924 2158 gloriﬁcamus.

1818 2176 2023 2229 Bottqu
2077 2179 2365 2231 Dominum
2411 2178 2701 2232 stillantem
2736 2181 3095 2243 dulcedinem,
3125 2196 3176 2235 et
3212 2199 3295 2235 re-

1746 2268 2112 2337 demptionem
2140 2284 2169 2321 a
2208 2270 2387 2335 malis,
2446 2272 2721 2339 peperisti,
2750 2286 2781 2324 ο
2815 2272 3074 2326 inviolata
3111 2271 3295 2343 Virgo,

1745 2375 1936 2415 carens
1962 2360 2106 2414 omni
2138 2362 2369 2415 macula.

1818 2448 1947 2503 Sine
1976 2451 2076 2503 viri
2105 2452 2293 2519 copula
2336 2452 2589 2520 peperisti
2636 2450 2803 2505 Deum
2842 2450 3071 2507 Verbum
3102 2468 3297 2522 corpo-

1746 2552 1945 2608 ratum,
1991 2542 2377 2605 ocastissima,
2431 2559 2609 2612 supra.
2638 2559 2851 2597 omnem
2903 2546 3047 2598 verbi
3092 2550 3292 2615 cogita-

1749 2635 2019 2703 tionisquo
2095 2636 2666 2703 comprehensionem;
2751 2637 2893 2690 unde
2955 2651 3053 2704 pro
3114 2637 3296 2692 debito

1748 2734 1800 2780 te
1831 2723 2104 2793 Virginem
2157 2727 2546 2794 gloriﬁcamus,
2587 2744 2649 2782 ac
2692 2728 2813 2797 jure
2856 2728 3067 2781 beatam
3114 2731 3291 2797 appel-

1748 2812 1942 2866 lamus.
2192 2878 2195 2879 ν

1819 2904 2129 2959 Laudamus
2160 2913 2229 2968 te,
2253 2920 2285 2958 ο
2317 2907 2481 2960 libera
2507 2909 2573 2960 ah
2602 2910 2746 2960 omni
2781 2910 2920 2974 labe,
2958 2928 3050 2980 per
3076 2929 3235 2983 quam
3263 2929 3292 2966 τι

1750 2997 2097 3063 corruptione
2120 2996 2383 3057 barathri,
2417 3008 2468 3049 et
2494 3016 2521 3047 a
2556 2998 2755 3050 malitia
2785 3001 2977 3065 hostis,
3007 3019 3113 3071 qua
3145 3005 3297 3073 prius

1752 3087 2028 3156 tyranuice
2060 3090 2457 3155 premebamur,
2498 3088 2705 3142 liberati
2741 3106 2948 3145 sumus.

1817 3173 2262 3244 lncorporeorum
2310 3177 2627 3245 angelorum
2677 3181 2817 3231 acies
2862 3190 2910 3233 te
2942 3193 3293 3243 venerantur,

1748 3282 1781 3320 ο
1838 3254 2191 3336 Deigenitrix,
2246 3283 2350 3320 una
2400 3282 2524 3322 cum
2568 3270 2936 3337 apostolorum
2988 3275 3176 3333 choro,
3231 3290 3296 3327 ac

1751 3370 2043 3426 martyrum
2078 3359 2234 3411 turba
2279 3377 2292 3412 :
2331 3343 2573 3413 omnium
2608 3361 2807 3429 quippe
2844 3377 3021 3431 regem
3053 3364 3297 3416 iueﬁ'abi-

1752 3450 1873 3504 liter
1903 3449 2181 3518 peperisti.

1823 3539 1924 3594 Per
1957 3540 2176 3594 verbum
2213 3539 2465 3607 peperisti
2516 3538 2747 3596 Verbum
2790 3539 2987 3605 Patris,
3018 3556 3051 3593 ο
3101 3542 3299 3610 puella,

1751 3631 1893 3698 quod
1924 3629 2085 3681 verbo
2115 3629 2310 3680 caelum
2344 3637 2651 3697 terramque
2678 3630 2881 3682 creavit
2912 3646 2923 3681 :
2950 3638 3002 3681 et
3034 3628 3300 3696 gloriﬁcas

1753 3716 1903 3779 illud.
1949 3736 1981 3774 ο
2014 3721 2343 3785 castissima,
2376 3723 2500 3773 dum
2535 3721 2733 3789 prabet
2766 3722 2982 3773 verbum
3028 3721 3153 3783 illis,
3206 3722 3299 3791 qui

1751 3828 1895 3866 nunc
1926 3813 2073 3882 ipure
2108 3812 2335 3863 credunt
2371 3809 2494 3863 sibi.
2898 3868 2903 3873 ο

1823 3880 1959 3955 Ecce
2013 3880 2469 3969 diviuiloquorum
2529 3913 2688 3952 voces
2737 3898 2896 3952 ﬁnem
2939 3890 3298 3967 acceperunt,

1755 3994 1997 4062 pariente
2035 4004 2086 4045 te
2134 3988 2708 4062 supersubstantialem
2753 3987 3067 4051 Dominum,
3098 3989 3166 4041 ab
3193 3989 3298 4041 illis

1752 4060 2079 4138 declaratum
2109 4060 2647 4142 ac'detnonstratum,
2679 4093 2712 4131 ο
2747 4077 2855 4131 Deo
2889 4079 3218 4148 gratissima,
3246 4079 3298 4130 in

1753 4176 1978 4231 salutem
2018 4172 2255 4226 ﬁdelium
2297 4170 2648 4224 clamantium
2707 4186 2721 4222 :
2756 4168 3085 4232 Benedicite.
3117 4170 3300 4223 omnia

1752 4281 1914 4336 Opera
1942 4263 2173 4327 Domini;
2209 4260 2459 4314 Domino.

1828 4353 1986 4424 154
2019 4349 2337 4419 Archangeli
2369 4363 2501 4402 voce
2546 4346 2611 4400 ad
2648 4356 2701 4400 te
2732 4361 2854 4399 cum
2893 4345 3089 4414 gaudio
3117 4345 3297 4399 excla-

95 4436 339 4501 αγγέλου
364 4453 379 4466 ·
420 4438 608 4507 Χαῖρε,
636 4439 668 4503 ἠ
704 4438 845 4507 χαρά
870 4438 975 4489 τῶν
995 4439 1258 4505 ἀγγέλων,
1282 4441 1389 4490 τῶν
1420 4440 1649 4491 ἀποστό-

1761 4459 1968 4498 mamus
1997 4460 2011 4495 :
2036 4457 2069 4494 ο
2102 4439 2282 4507 Virgo.
2316 4438 2522 4501 Gaude,
2574 4437 2821 4505 gaudium
2858 4435 3193 4513 angelorum,
3226 4435 3298 4487 ti—

94 4534 214 4585 λων
247 4532 307 4584 τὸ
346 4534 744 4603 σεμνολόγημα,
796 4537 889 4587 καὶ
937 4533 1228 4603 προφητῶν
1261 4534 1320 4586 τὸ
1355 4534 1614 4603 κήρυγμα.
1636 4573 1649 4597 ,

95 4622 201 4675 καὶ
236 4622 344 4675 τῶν
379 4623 666 4695 μαρτύρων
697 4625 756 4676 τὸ
789 4625 1135 4693 στεφάνωμα.

110 4753 215 4803 Ἐκ
265 4752 373 4803 τοῦ
407 4754 669 4810 Ιιάνόνοι*
706 4757 789 4819 είς
810 4756 949 4821 τοὺς
978 4756 1180 4824 ἁγίους
1211 4756 1509 4825 μάρτυρας
1532 4756 1650 4825 ,Σύ-

179 4825 334 4909 lar],
369 4825 697 4877 Σιλουανὸν
738 4826 834 4876 καί
888 4825 1027 4888 τοὺς
1066 4825 1186 4877 σὺν
1214 4824 1458 4890 αὐτοῖς,
1509 4824 1651 4892 ’ἠμέ-

175 4907 250 4958 pg
294 4907 357 4941 ι’.

188 5003 601 5073 Ὑπερύμνητον
648 5003 779 5056 Θεὸν
827 5005 1077 5074 ἀρρήτως
1118 5006 1339 5067 τέτοκας
1377 5005 1552 5075 σάρκα
1589 5007 1652 5059 ὲκ

102 5092 204 5145 σοῦ
252 5092 552 5160 φορέσαντα
598 5093 665 5144 δι’
717 5093 1046 5162 ἁγαθότητα,
1095 5096 1441 5165 ὑπερύμνητε
1491 5098 1648 5164 ἁγνή·

99 5185 230 5237 ὅθεν
264 5186 319 5235 ὲν
341 5186 542 5251 φωναῖς
572 5182 1001 5254 εὐχαριστηρίοις
1047 5185 1443 5255 ὑμνολογοῦμέν
1474 5204 1532 5239 σε
1562 5187 1654 5239 καὶ

105 5275 503 5345 μακαρίζομεν,
540 5274 613 5337 ὠς
644 5275 807 5329 πάλαι
846 5278 1272 5347 προεφήτευσας.

180 5455 372 5518 Εοῖρςιών
422 5474 478 5508 σε
518 5457 625 5508 τῶν
657 5454 900 5523 ἀγγέλων
929 5454 1313 5524 καθαρωτέραν
1356 5454 1519 5507 ὑπέδυ
1557 5454 1653 5521 τὴν

105 5560 351 5613 ἐἀττερα
404 5563 496 5597 σου
540 5547 636 5617 τὴν
681 5546 839 5615 ἁγίαν
891 5548 919 5598 ὁ
974 5546 1087 5613 φῶς
1140 5544 1299 5597 οἰκῶν
1344 5545 1650 5613 ἀπρόσιτον,

108 5638 363 5698 ωεςτξικε,
395 5641 485 5686 καὶ
527 5636 680 5703 ὤφθη
725 5636 1001 5705 ἄνθρωπος
1040 5638 1102 5688 ὲκ
1140 5635 1231 5688 σοῦ
1267 5634 1650 5705 σαρκούμενος,

111 5734 167 5778 ἐν
196 5726 311 5777 δυαὶ
342 5729 456 5787 ταῖς
490 5726 676 5791 ιεύσκι
706 5728 1111 5797 γνωριζόμτλος.

1756 4534 1901 4586 tulus
1959 4529 2286 4584 honoriﬁcus
2337 4526 2730 4594 apostolorum,
2792 4525 3121 4593 praeconium
3175 4537 3303 4576 uro-

1754 4625 2057 4694 pltetarum,
2097 4629 2503 4706 magyrumque
2537 4631 2758 4670 corona.

1755 4757 1838 4810 Ea"-
1870 4757 2077 4813 Canone
2104 4756 2157 4808 in
2193 4755 2323 4823 festo
2353 4751 2452 4805 SS.
2499 4751 2661 4823 Sylre,
2697 4760 2749 4823 et
2763 4746 3019 4823 _Sylvani,
3050 4754 3098 4800 et
3130 4745 3298 4798 socio-

2238 4840 2353 4875 rum
2394 4819 2571 4885 mart.,
2608 4821 2692 4872 die
2720 4819 2809 4872 50.

1825 5001 2173 5070 Superiorem
2202 4996 2349 5051 omni
2388 4994 2544 5048 laude
2578 4992 2743 5045 Deum
2783 4992 3121 5045 incarnatum
3153 5006 3217 5045 ex
3248 4999 3301 5045 te

1755 5102 1977 5162 propter
2025 5106 2177 5145 suam
2223 5075 2536 5146 bonitatem,
2584 5082 2923 5135 iuetl‘abilitcr
2963 5082 3233 5151 peperisti,
3263 5097 3298 5133 ο

1756 5194 1904 5237 casta
1951 5183 2095 5235 omni
2146 5180 2300 5233 laude
2344 5176 2638 5245 superior:
2692 5189 2861 5243 quare
2906 5189 3024 5227 cum
3074 5173 3296 5225 vocibus

1756 5276 2048 5345 gratiarum
2070 5266 2318 5325 “actionis
2365 5277 2414 5321 te
2449 5266 2753 5329 laudamus,
2800 5265 3137 5331 dicimusque
3167 5262 3294 5314 bea-

1757 5378 1887 5430 tam,
1921 5361 2370 5435 quemadmodum
2404 5360 2532 5415 olim
2587 5369 2641 5414 tu
2690 5360 2802 5427 ipsa
2833 5353 3189 5425 prephetasti.

1826 5455 1917 5508 llle
1959 5453 2049 5521 qui
2091 5451 2263 5503 lucem
2308 5448 2516 5501 habitat
2555 5444 2999 5504 iuaccessibilem,
3050 5453 3171 5490 cum
3214 5437 3293 5489 in-

1758 5544 1987 5599 venisset
2016 5549 2086 5604 te,
2121 5555 2153 5592 ο
2180 5538 2428 5606 Deipara.
2460 5537 2664 5607 angelis
2699 5534 3044 5593 sanctiorem,
3085 5528 3293 5598 ingres.

1759 5651 1850 5689 sus
1883 5642 1962 5688 est
1994 5633 2045 5684 in
2074 5640 2288 5684 uterum
2325 5638 2498 5692 tuum,
2527 5637 2579 5682 et
2609 5629 2768 5681 homo
2804 5624 2975 5676 factus
2998 5628 3079 5676 est
3110 5620 3292 5675 incar-

1763 5738 1915 5781 natus
1944 5740 2007 5780 ex
2039 5734 2109 5789 te,
2135 5723 2185 5778 itt
2210 5722 2420 5778 duabus
2450 5722 2654 5776 naturis
2686 5715 3013 5777 notiﬁcatus.
