3936 6304
579 308 712 373 1159

647 417 1026 472 Mit'aculorum
1080 411 1321 465 onmium
1370 411 1860 466 eminentissimum
1892 416 1973 459 est
2025 415 2129 465 ini-
2162 427 2202 471 Α
2236 398 2243 404 ’

579 497 819 563 racu‘lum
870 508 1070 564 factum
1125 504 1176 557 in
1211 511 1261 556 te
1300 521 1314 557 :
1360 504 1559 557 ctenim
1618 513 1810 574 praeter
1847 507 2137 556 consuetas

583 605 791 654 natura:
824 601 987 668 leges,
1021 596 1387 664 legislatorem
1437 595 1718 650 Christum
1747 582 2019 664 peperisti,
2044 595 2139 656 Qui

583 691 883 758 primorum
930 696 1215 761 parentum
1265 688 1758 757 transgressionem
1807 679 2141 740 abOICVil..o

582 774 1102 829 immaculatissima.

655 863 729 915 Te
764 873 920 919 antea
951 862 1240 931 descripsit
1287 863 1450 915 David
1486 872 1723 915 montem
1760 862 2096 929 coagulatam
2122 905 2137 926 ,

588 967 819 1010 montem
861 958 949 1011 Dei
985 957 1194 1019 nostri,
1229 965 1468 1008 mentem
1503 955 1773 1023 pinguem.
1811 953 1864 1004 ltt
1905 963 1952 1005 te
1976 947 2139 1019 enim,

584 1061 615 1096 0
652 1046 853 1113 puella.
897 1056 1040 1098 notae
1082 1045 1234 1097 facte
1264 1057 1390 1097 sunt
1421 1045 1562 1097 illius
1605 1045 1720 1102 τίει),
1765 1043 1891 1094 dum
1924 1025 2139 1121 (δονηθείὴ

586 1154 649 1188 ex
689 1149 738 1189 te
767 1136 1156 1201 emendicavit,
1186 1151 1393 1202 nosque
1423 1136 1485 1186 ad
1513 1134 1794 1202 pristinam
1826 1132 2143 1200 dignitatem

584 1229 821 1281 reduxit.

655 1320 790 1370 Cum
815 1318 1007 1372 Factor
1031 1327 1079 1370 te
1112 1318 1360 1370 decoram
1394 1314 1793 1382 pulchritudine
1825 1311 2144 1376 invenisset,

591 1411 642 1460 in
692 1417 740 1459 te
771 1408 951 1475 posuit
998 1406 1408 1458 tabernaculum
1449 1421 1630 1464 suum,
1666 1413 1716 1455 et
1745 1402 2026 1472 speciosus
2051 1416 2145 1453 su-

588 1514 682 1566 per
713 1513 900 1550 omnes
975 1498 1110 1548 lilios
1156 1496 1548 1562 terrigenarum
1598 1495 1846 1561 apparuit
1886 1505 2144 1558 corpora-

589 1598 697 1648 tus,
741 1604 772 1639 ο
808 1586 1154 1640 sanetissima
1199 1583 1384 1653 Virgo,
1433 1585 1578 1637 omni
1613 1585 1768 1636 laude
1800 1582 2142 1649 dignissima.

661 1679 903 1733 Dissolve
930 1677 1091 1752 funes.
1118 1687 1462 1746 peccatorum
1490 1690 1731 1728 meorum
1757 1671 2146 1727 intercessione

587 1781 702 1832 tua,
738 1785 772 1823 ο
798 1782 946 1823 casta
971 1809 987 1833 ,
1025 1776 1080 1821 et
1110 1767 1303 1835 collisa
1337 1781 1422 1819 me
1453 1764 1691 1835 perfecte
1721 1763 1988 1817 charitate
2016 1760 2144 1814 boni

591 1859 710 1912 Filii
743 1860 818 1911 tui
860 1876 873 1911 :
905 1873 1029 1910 nam
1050 1859 1102 1910 in
1122 1857 1236 1910 dies
1257 1856 1470 1925 longius
1503 1853 1723 1908 discedo
1747 1853 1814 1906 ab
1841 1867 1905 1906 eo
1929 1867 2021 1921 per
2050 1851 2144 1904 de-

593 1953 795 2004 l'ormes
821 1949 1124 2017 cupidines.
1181 1983 1188 1992 -
1947 1989 1954 1996 .
2090 1929 2095 1932 ’

663 2063 828 2114 Parce
869 2061 1023 2122 mihi,
1050 2058 1144 2127 qui
1189 2057 1383 2129 iterum
1431 2061 1691 2107 venturus
1722 2067 1780 2106 es
1812 2067 1935 2106 cum
1979 2052 2147 2120 gloria

593 2153 890 2206 divinitatis
931 2151 1178 2220 judicare
1227 2150 1412 2201 orbem
1483 2160 1772 2208 terrarum,
1829 2159 1861 2195 ο
1899 2145 2144 2210 omnipo-

593 2253 713 2296 tens
746 2241 994 2304 Domine,
1036 2238 1191 2306 155
1223 2253 1322 2307 pe;
1354 2235 1775 2288 intercessiones
1821 2235 1987 2295 illius,
2029 2249 2148 2302 qua:

593 2331 838 2384 nesciens
861 2331 1033 2382 virum
1063 2327 1267 2395 peperit
1312 2336 1363 2377 te
1391 2343 1404 2376 :
1431 2335 1482 2376 et
1515 2340 1580 2377 ne
1614 2326 1667 2376 in
1708 2326 1880 2393 ignem
1925 2324 2146 2391 dejicias

590 2435 698 2482 me,
735 2419 804 2471 ob
839 2426 1056 2486 peccata
1091 2417 1458 2484 desperatum.

662 2574 744 2628 Ex
777 2573 988 2629 Cauone
1019 2573 1072 2624 in
1107 2571 1239 2640 [esto
1282 2568 1341 2623 S.
1373 2568 1652 2626 Eudocimi
1675 2569 1835 2636 justi,
1869 2569 1953 2622 die
1981 2569 2070 2623 5i.

662 2799 943 2867 Tanquam
973 2798 1271 2851 animatum
1309 2796 1401 2849 Dei
1446 2795 1770 2858 thalamum,
1813 2803 1866 2848 et
1901 2794 2146 2847 thuribu-

596 2888 707 2942 lum
744 2886 1002 2954 spiritalis
1032 2886 1319 2951 vitalisque
1367 2883 1643 2946 carbonis,
1678 2883 1962 2952 Deiparam
2005 2898 2148 2935 sein-

599 2986 693 3039 per
717 2974 1088 3036 beatissimam
1121 2973 1337 3042 hymnis
1361 2973 1720 3032 celebremus,
1749 2971 2107 3025 vociferantes
2130 2986 2143 3022 :

596 3065 727 3128 Ave,
756 3078 919 3116 causa
946 3063 1199 3116 salutaris
1227 3063 1658 3116 restauratiouis.

660 3152 796 3205 Cum
857 3169 1013 3206 esses
1081 3153 1284 3219 angelis
1347 3151 1750 3215 honorabilior,
1829 3149 2143 3218 angelorum

597 3243 907 3298 Creatorem
950 3251 1043 3296 tuo
1086 3245 1292 3312 gremio
1333 3243 1524 3304 tulisti,
1569 3258 1631 3295 ac
1673 3242 1945 3311 peperisti,
1982 3255 2014 3294 0
2050 3239 2142 3292 Dei

595 3343 767 3386 mater
823 3333 878 3386 in
939 3333 1365 3401 redemptionem
1414 3333 1693 3385 hominum
1746 3332 2145 3386 concinentium

595 3423 690 3475 tibi
739 3438 754 3476 :
793 3421 910 3476 Non
955 3432 1038 3476 est
1087 3431 1331 3488 sanctus,
1369 3438 1402 3476 ο
1436 3424 1804 3490 immaculata,
1845 3430 2036 3491 praater
2075 3433 2146 3485 te,

595 3508 841 3564 Domina.

669 3602 712 3654 Ο
741 3601 889 3654 omni
915 3601 1071 3654 laude
1097 3600 1415 3667 dignissima
1453 3597 1616 3667 Virgo
1646 3609 1900 3668 perpetua
1924 3641 1938 3665 ,
1968 3609 2150 3668 tu'pe-

595 3690 780 3761 peristi
810 3691 1003 3758 Deum,
1035 3707 1158 3744 vere
1178 3693 1450 3744 hominem
1483 3690 1708 3753 factum,
1741 3706 1900 3759 quem
1930 3691 2147 3759 superni

599 3784 823 3835 laudant
868 3785 1162 3835 exercitus.
1208 3780 1471 3833 Eumdetn
1521 3797 1620 3849 pro
1657 3781 1828 3834 servis
1870 3783 1977 3835 tuis
2019 3795 2149 3851 sup-

595 3874 804 3942 pliciter
833 3888 1060 3928 exorare
1087 3890 1152 3926 ne
1178 3888 1384 3928 cesses.

668 3986 848 4047 Illum,
885 3987 977 4054 qui
1011 4001 1075 4040 ex
1112 3997 1162 4040 te
1196 3988 1512 4042 incarnatus
1551 3997 1652 4051 est,
1691 4003 1723 4041 ο
1753 3985 1917 4056 Virgo
1961 3987 2144 4051 Mater,

597 4094 810 4146 semper
856 4080 1144 4147 deprecare
1188 4095 1286 4147 pro
1329 4081 1484 4133 nobis
1532 4081 1874 4135 laudantibus
1920 4092 1991 4142 te.
2031 4093 2146 4134 uta

597 4170 946 4236 passionibus
1005 4179 1059 4222 et
1114 4172 1368 4238 periculis
1448 4171 1761 4235 mortilcris,
1808 4188 1836 4224 a
1880 4173 2036 4225 malis
2085 4187 2168 4226 ac-

597 4261 1036 4315 tribulatiOnihus
1057 4303 1072 4329 ,
1100 4263 1166 4316 ab
1197 4275 1398 4319 teter-na
1439 4265 1677 4328 ﬂamma,
1719 4281 1782 4319 ac
1812 4278 1969 4334 paena
2019 4266 2150 4319 libe-

596 4369 796 4407 ιιειιιυτ.

668 4445 848 4498 Electa
897 4459 927 4499 a
984 4448 1089 4499 Deo
1141 4445 1312 4508 fuisti,
1367 4456 1548 4516 utpote
1601 4449 2026 4518 speciosissima,

599 4534 803 4604 Virgo,
857 4537 1105 4605 factaque
1153 4553 1212 4591 es
1263 4541 1504 4606 ejusdem
1559 4546 1713 4595 sedes
1766 4556 1827 4595 ac
1869 4543 2146 4610 possessio

599 4629 1019 4698 spatiosissima,
1059 4640 1109 4682 et
1159 4630 1448 4692 thalamus,
1483 4642 1534 4683 ct
1580 4635 1822 4695 lucerna,
1854 4646 1904 4684 ct
1939 4647 2144 4686 mensa.

669 4722 844 4786 Illum,
897 4736 1057 4789 quem
1116 4723 1390 4790 peperisti,
1456 4726 1747 4792 deprecare
1812 4739 2047 4793 semper,
2114 4740 2146 4776 ο

597 4809 782 4880 Virgo,
820 4822 875 4865 ut
902 4811 1096 4863 liberet
1127 4826 1211 4863 me
1243 4827 1270 4863 a
1295 4812 1557 4864 servitute
1585 4814 1898 4880 passionum
1926 4816 2146 4866 damna-

597 4907 761 4958 tionis
784 4947 798 4970 ,
839 4920 868 4958 a
905 4904 1054 4972 gravi
1089 4904 1287 4957 duritie
1331 4921 1449 4973 qua:
1483 4906 1685 4957 detinet
1718 4921 1821 4966 me,
1851 4915 1905 4958 et
1950 4905 2016 4958 ab
2047 4921 2148 4957 im-

599 4998 749 5066 perio
774 5011 983 5060 eorum,
1013 4996 1102 5064 qui
1143 5011 1355 5065 semper
1387 4997 1646 5049 tribulant
1677 5010 1783 5059 me,
1826 5013 1856 5048 ο
1880 4994 1988 5049 Deo
2018 4996 2148 5048 cita-

598 5104 834 5142 l'lSSlllla.

666 5203 1115 5269 Adeormator,
1169 5220 1236 5258 ex
1292 5203 1652 5272 sanguinibus
1699 5199 1825 5262 tuis,
1891 5214 1922 5252 ο
1969 5211 2145 5263 casta,

601 5295 860 5350 formatus
911 5308 1012 5362 est,
1064 5300 1310 5363 lacthue
1361 5307 1451 5349 tuo
1506 5293 1768 5353 nutritus,
1822 5293 1911 5359 qui
1969 5294 2140 5344 Illlll'il

601 5403 761 5442 omne
793 5391 930 5458 quod
975 5392 1161 5458 spirat,
1197 5405 1228 5441 ο
1275 5389 1495 5456 Deipara
1532 5383 1724 5451 Virgo;
1772 5385 1910 5437 unde
1940 5391 1993 5437 te
2030 5395 2146 5436 tan-

603 5498 761 5552 quam
801 5482 1144 5552 Deiﬁlatrem
1176 5481 1560 5549 gloriﬁcamus.

670 5596 830 5649 Lucis
871 5593 1226 5657 illuminantis
1257 5607 1450 5645 omnes
1496 5590 1859 5644 habitaculum
1889 5599 1939 5641 et
1972 5589 2147 5641 taber-

601 5691 851 5744 naculum
881 5687 1030 5751 cjus,
1073 5694 1124 5736 et
1166 5700 1298 5751 pons
1329 5696 1377 5736 et
1404 5685 1542 5737 scala
1577 5684 1626 5736 in
1672 5683 1950 5738 excelsum
1988 5691 2143 5735 tet-ii-

1693 305 1749 366 S.
1792 302 2108 366 JOSEPHI
2152 308 2703 368 [IYMNOGRM‘IH

2113 4442 2222 4502 οῐ)

3665 308 3795 369 Ηίὶο

2300 415 2605 483 Θαυμάτων
2646 412 2911 481 ὑπερέχον
2945 411 3156 480 πέφυκε
3185 411 3246 464 τὸ
3284 412 3343 463 ἐν
3387 412 3469 463 σοὶ
3509 417 3800 482 γενόμεναι-,ι

2238 507 2444 574 θαῦμαο
2484 506 2728 573 νομίμων
2756 505 2864 573 γὰρ
2897 502 3122 556 ἄνευθεν
3141 504 3240 572 τῆς
3270 503 3484 570 φύσεως
3521 504 3610 556 τὸν
3638 524 3790 573 νομο-

2238 598 2394 665 δὸτην
2427 596 2657 664 Χριστὸν
2683 595 3014 655 ἀποτίκτεις,
3048 593 3144 662 τὴν
3165 594 3271 646 τῶν
3303 596 3664 665 προπατόρων
3701 613 3796 646 1:;-

2244 687 2468 757 ραόασιν
2500 685 2715 749 λύοντα,
2749 687 3154 756 παναμώμητε.

2312 867 2377 916 Σὲ
2403 865 2430 915 ὁ
2460 863 2623 916 Δαόὶδ
2652 863 3047 930 προδιέγραψεν
3089 863 3211 932 ὅρος
3252 863 3639 932 τετυρωμένον,
3677 865 3791 929 89c.

2240 956 2332 1007 τοῦ
2367 955 2496 1006 Θεοῦ
2536 954 2710 1021 ἡμῶν,
2745 952 2868 1021 δρος
2897 954 3037 1004 πῖον·
3070 953 3126 1003 ἐν
3156 955 3236 1004 σοὶ
3267 953 3394 1025 γὰρ,
3429 953 3582 1019 κόρη,
3623 953 3793 1016 ἐγνω-

2246 1045 2503 1115 ρίσθησαν
2546 1043 2735 1096 τούτου
2780 1044 2834 1093 αἱ
2879 1044 3090 1111 πορεῖαι
3131 1042 3308 1109 σάρκα
3349 1040 3793 1108 πτωχεύσαντος,

2243 1137 2338 1189 καὶ
2371 1136 2502 1205 πρὸς
2529 1136 2588 1186 τὸ
2613 1136 2835 1204 ἀρχαῖον
2867 1136 3010 1203 ἡμᾶς
3041 1135 3426 1199 έπανάξαντος.

2326 1322 2546 1391 Ὡραίαν
2594 1339 2650 1372 σε
2693 1321 2875 1372 κάλλει
2914 1323 2940 1372 ὁ
2985 1319 3218 1390 Ποιητής
3257 1319 3575 1388 εὑράμενος,
3602 1320 3662 1369 ὲν
3715 1319 3796 1370 σοὶ

2244 1413 2541 1482 ἐσκήνωσε,
2580 1411 2672 1464 καὶ
2697 1410 2910 1477 ὠραίως
2943 1410 3082 1478 ὑπὲρ
3117 1405 3359 1469 ἅπαντας
3389 1410 3530 1468 υἱοὺς
3559 1409 3667 1458 τῶν
3697 1425 3793 1473 γη-

2245 1503 2414 1568 γενῶν
2448 1502 2599 1571 ὤφθη
2633 1499 3077 1570 σωματούμενος,
3114 1499 3351 1565 παναγία
3387 1499 3623 1566 Παρθένε
3659 1515 3796 1550 παν-

2247 1593 2273 1643 ύ
2284 1609 2472 1661 μνητε.

2316 1683 2488 1736 Λῦσόν
2521 1699 2620 1751 μου
2653 1682 2750 1743 τὰς
2784 1681 2967 1749 σειράς
3011 1678 3117 1731 τῶν
3148 1677 3500 1746 πταισμάτων
3529 1680 3596 1746 τῇ
3632 1693 3790 1746 μεσι-

2179 1805 2218 1858 B
2246 1775 2369 1843 teiq.
2399 1791 2511 1838 σου,
2544 1775 2705 1840 ἁγνὴ,
2736 1773 2830 1824 καὶ
2861 1774 2925 1840 τῇ
2957 1772 3144 1842 ἀγάπῃ
3187 1769 3408 1830 τελείως
3449 1767 3542 1818 τοῦ
3590 1767 3794 1834 ἀγαθοῦ

2249 1864 2378 1917 Υἱοῦ
2415 1881 2508 1916 σου
2538 1864 2858 1932 πρόσδησον,
2894 1862 3298 1930 μακρυνόμενον
3326 1860 3447 1910 καθ’
3478 1858 3716 1925 ἑκάστην
3743 1857 3797 1921 ἐξ

2246 1953 2409 2007 αὑτοῦ
2437 1954 2502 2006 δι’
2535 1952 2733 2024 ἡδονῶν
2761 1952 2997 2005 ἀτόπων.

2314 2066 2500 2119 Φεῖσαί
2531 2083 2654 2135 μου,
2682 2065 2708 2114 ὁ
2738 2065 2943 2133 μέλλων
2963 2066 3020 2116 ὲν
3047 2062 3170 2134 δόξῃ
3201 2062 3358 2114 πάλιν
3384 2059 3639 2129 ἔρχεσθαι
3662 2058 3792 2111 Θεό-

2246 2175 2405 2226 τητος
2439 2160 2618 2225 κρῖναι
2647 2155 2743 2223 τὴν
2765 2154 3107 2221 οἰκουμένην,
3135 2150 3529 2217 παντοδύναμε,
3560 2149 3794 2206 ἱκεσίαις

2246 2253 2343 2318 τῆς
2369 2247 2760 2316 ἁπειράνδρως,
2787 2245 3049 2305 Δέσποτα,
3081 2243 3344 2310 τεκούσης
3369 2258 3450 2303 σε,
3483 2242 3579 2292 καὶ
3615 2241 3689 2308 μὴ
3721 2245 3795 2297 εἰς

2247 2342 2355 2412 πῦρ
2389 2341 2674 2409 ἐκπέμψῃς
2707 2355 2773 2408 με
2807 2335 3248 2405 κατεγνωσμένον
3279 2334 3694 2403 ἁμαρτήμασιν.

2261 2582 2362 2634 Ἐκ
2398 2579 2503 2632 τοῦ
2535 2577 2800 2637 ιιάνόνος
2837 2576 2922 2637 είς
2956 2572 3060 2624 τὸν
3089 2571 3264 2623 ὅσιον
3301 2566 3396 2620 καί
3431 2566 3667 2617 δίκαιον
3691 2563 3796 2614 Εἰν-

2714 2646 2979 2711 δόκιμογ,
3013 2642 3198 2709 ἡμέρᾳ
3225 2640 3326 2691 λα’.

2327 2805 2413 2867 Ὠς
2454 2803 2702 2855 παστάδα
2744 2799 2981 2870 ἔμψυχον
3010 2795 3144 2849 Θεοῦ
3185 2794 3276 2848 καὶ
3317 2791 3673 2860 θυμιατήριον
3705 2788 3792 2839 τοῦ

2247 2898 2433 2968 νοητοῦ
2463 2898 2556 2948 καὶ
2587 2893 2893 2962 φωτοφόρου
2925 2890 3212 2958 ἄνθρακος,
3247 2885 3344 2953 τὴν
3373 2871 3792 2950 άειμάκαρισῑον

2243 2990 2640 3058 ἀνυμνήσωμεν
2675 2984 2930 3036 Θεοτόκον
2963 2979 3384 3050 κραυγάζοντες·
3416 2975 3606 3042 Χαῖρε,
3641 2973 3673 3038 ἡ
3709 2970 3792 3020 αξ-

2247 3081 2332 3132 τία
2365 3078 2462 3146 τῆς
2494 3074 2868 3144 σωτηριώδους
2897 3071 3267 3132 άναπλάσεως.

2331 3167 2678 3234 ’Υπάρχουσα
2707 3162 2952 3229 ἀγγέλων
2979 3159 3278 3227 τιμιωτέρα
3301 3156 3389 3208 τὸν
3421 3155 3659 3220 Κτίστην
3687 3151 3791 3208 τῶι

2248 3257 2491 3325 ἀγγέλων
2527 3257 2594 3325 τῇ
2639 3256 2704 3322 σῇ
2730 3252 2880 3323 νηδύϊ
2913 3251 3213 3309 ἐϐάστασας
3245 3248 3337 3300 καὶ
3370 3247 3625 3306 τέτοκας,
3668 3243 3791 3293 Θεο-

2252 3352 2443 3418 μῆτορ,
2479 3345 2684 3415 βροτῶν
2730 3346 2808 3406 είς
2839 3342 3102 3410 λύτρωσιν
3142 3341 3247 3392 τῶν
3278 3335 3655 3407 μελῳδούντων
3689 3348 3787 3385 σοι·

2249 3442 2362 3494 Οὐκ
2389 3439 2552 3504 ἐστιν,
2578 3438 2831 3505 ἄχραντε,
2863 3433 3014 3500 ἅγιος
3041 3432 3180 3500 πλὴν
3210 3446 3323 3493 σου,
3356 3428 3637 3482 Δέσποινα.

2317 3618 2639 3684 Πανύμνηττ
2664 3612 2755 3665 τὸν
2781 3612 2892 3666 ἄνω
2917 3607 3267 3678 στρατηγίαις
3302 3603 3635 3676 ὑμνούμενον
3656 3601 3786 3654 Θεὸν

2249 3708 2563 3775 άπεκύησας
2591 3703 2872 3772 ἄνθρωπον
2901 3701 3068 3760 ὅντως
3098 3698 3405 3765 γενόμενον,
3439 3697 3498 3748 ὃν
3526 3695 3658 3762 ὑπὲρ
3686 3693 3789 3746 τῶν

2249 3801 2445 3855 δούλων
2473 3815 2564 3850 σου
2590 3785 2969 3849 ὲκδυσωτῗοῦσα
3003 3793 3077 3861 μὴ
3105 3788 3307 3859 παύσῃ.
3339 3786 3678 3856 ἀειπάρθενε.

2297 3991 2308 3997 ’
2328 3995 2499 4065 ’Υπὲρ
2529 3995 2683 4064 ἡμῶν
2711 3993 2802 4044 τὸν
2831 3993 2894 4044 ὲκ
2922 3990 3014 4043 σοῦ
3049 3988 3417 4058 σαρκωθὲντα,
3449 3983 3785 4054 Πιρθενομῆ-

2247 4105 2366 4157 τορ,
2397 4088 2622 4140 πάντοτε
2647 4084 2879 4136 δυσώπει
2897 4083 3004 4135 τῶν
3033 4099 3088 4135 σε
3112 4079 3438 4150 ὑμνούντων,
3470 4077 3556 4129 τοῦ
3587 4077 3783 4145 λυτρωο

2250 4180 2406 4248 θῆναι
2449 4178 2510 4228 ὲκ
2559 4175 2746 4228 παθῶν
2779 4175 2870 4227 καὶ
2911 4173 3186 4236 κινδύνων,
3221 4168 3572 4238 ψυχοφθόρων
3611 4165 3784 4218 κακῶν

2249 4272 2343 4324 κα)⁵
2369 4269 2614 4337 θλίψεων,
2647 4268 2738 4320 καὶ
2777 4266 3131 4333 αἰωνιξούσης
3161 4262 3353 4332 φλογὸς
3379 4261 3472 4312 καὶ
3505 4257 3780 4316 κολάσεως.

2329 4451 2586 4522 Ἐκλεκτὴ
2623 4450 2699 4518 τῷ
2742 4446 2859 4516 Θεῷ
2901 4446 3295 4515 ὲχρημάτισας,
3332 4443 3407 4505 ὡς
3451 4440 3780 4510 ὡραιοτάτη,

2248 4545 2445 4617 χωρίον
2480 4542 2788 4610 εὐρύχωρον
2833 4539 3046 4601 τούτου,
3099 4535 3371 4604 Παρθένε,
3408 4533 3660 4601 γέγονας,
3698 4534 3784 4583 καὶ

2249 4635 2460 4696 παστὰς
2495 4635 2586 4686 καὶ
2619 4631 2805 4700 λυχνία
2831 4631 2923 4684 καὶ
2946 4627 3209 4700 τράπεζα.

2324 4728 2420 4777 ’ον
2453 4725 2657 4787 ἔτεκες,
2705 4724 2997 4783 Δέσποινα,
3028 4720 3112 4773 ἀεὶ
3131 4718 3388 4780 δυσώπει,
3433 4715 3664 4776 δουλείας
3693 4717 3782 4783 ῥυ-

2251 4817 2442 4886 σθῆναί
2476 4832 2541 4883 με
2571 4813 2756 4867 παθῶν
2785 4830 2843 4864 τε
2875 4813 3266 4882 κατακρίσεως,
3308 4810 3398 4863 καὶ
3425 4808 3519 4876 τῆς
3541 4807 3783 4877 συνεχού-

2252 4925 2347 4972 σης
2386 4924 2452 4976 με
2501 4905 2674 4972 δεινῆς
2724 4906 3053 4972 πωρώσεως,
3086 4902 3305 4970 καὶτῆς
3357 4897 3462 4952 τῶν
3509 4898 3782 4950 θλιὸόντων

2253 5014 2316 5064 με
2344 4995 2428 5048 ἀεὶ
2454 4995 2823 5063 ἐπικρατείας,
2858 4991 3244 5062 Θεοχαρίτωτε.

2331 5197 2386 5247 Ὀ
2421 5193 2511 5245 τοῦ
2559 5194 2726 5260 Ἀδὰμ
2756 5191 3091 5260 Δημιουργὸς
3123 5189 3180 5253 ἐξ
3213 5189 3457 5257 αἱμάτων
3483 5203 3594 5248 σου,
3625 5183 3781 5250 ἁγνὴ,

2250 5288 2680 5355 δημιουργεῖται.
2727 5284 2820 5334 καὶ
2866 5283 3380 5353 γαλακτοτροφεῖται
3424 5281 3452 5330 ὁ
3495 5277 3784 5346 διατρέἣων

2252 5381 2428 5428 πᾶσαν
2479 5374 2659 5441 πνοὴν,
2692 5373 2928 5442 Παρθένε
2979 5373 3242 5434 Θεστόκε,
3292 5373 3410 5423 ὅθεν
3458 5358 3530 5430 ὡς
3571 5368 3700 5421 Θεοῦ
3733 5385 3785 5420 σε

2250 5467 2541 5534 δοξάζομεν
2575 5466 2820 5534 Μητέρα.

2316 5581 2490 5640 Φωτὺς
2521 5581 2836 5650 ἐνδιαίτημα
2866 5580 2956 5632 τ·,ύ
2988 5580 3189 5637 πάντας
3215 5578 3676 5642 καταυγάσαντος,
3707 5578 3792 5624 καὶ

2251 5672 2420 5740 σκηνὴ
2451 5672 2794 5740 καθωράθης,
2827 5669 3213 5739 Θεοχαρίτωτε,
3247 5670 3459 5737 γέφυρα
3487 5672 3575 5719 καὶ
3610 5666 3798 5734 alipta;
