3936 6304
104 327 240 392 llﬁl

1528 319 1890 386 MARIALE.

3150 304 3286 369 1163

96 443 236 507 πρὸς
266 438 397 507 ὕψος
421 439 543 501 τοὺς
570 440 819 510 γηγενεῖς
851 436 1146 501 ἀνάγουσα,
1175 435 1329 502 κόρη,
1359 435 1438 487 διό
1463 451 1520 486 σε
1555 450 1648 500 γε-

1769 445 1922 499 ;enas
1980 427 2248 481 deducens
2300 419 2616 492 apparuisti,
2674 416 2830 486 156
2885 432 2918 469 υ
2965 417 3142 484 puella
3181 417 3290 510 Deo

97 529 365 598 ραίρομεν
392 529 485 581 καὶ
510 528 714 590 πιστῶς
745 543 801 579 σε
833 514 1222 593 μακαρίζομεν.

493 781 499 792 ,
566 720 718 773 MttN
756 717 1168 772 arrorﬂos.

110 825 214 884 Ἐκ
243 831 346 884 τοῦ
373 833 634 894 Κανόνος
659 831 742 892 εις
770 831 882 896 τὴν
903 827 1302 896 κατακομιδὴν
1325 829 1429 881 τοῦ
1455 829 1644 896 τιμίου

153 900 417 967 σταυροῦ
449 900 564 952 ἀπὸ
595 898 699 949 τοῦ
735 895 1271 965 σκευοφυλακείου,
1311 895 1594 964 ήμέρςῐιί.

174 1013 400 1079 Ἔλεγεν
441 1013 474 1078 ὴ
525 1011 791 1075 πάναγνος
841 1008 1115 1061 κλαίουσαι
1149 1008 1275 1058 Ὅτε
1325 1023 1420 1072 σε,
1459 1008 1644 1062 τέκνον

93 1103 422 1171 ἀπορρήτως
450 1099 871 1160 ἑτεκονμὺδῖνας
893 1099 1108 1166 ἔφυγον,
1142 1097 1234 1149 καὶ
1259 1097 1372 1160 πῶς
1409 1099 1521 1149 νυνὶ
1550 1100 1642 1168 ὅλη

90 1192 300 1246 ὀδυνῶν
331 1190 724 1258 πεπλήρωμαις
777 1189 887 1258 ὁρῶ
931 1189 1038 1256 γάρ
1094 1205 1152 1238 σε
1196 1190 1539 1257 κρεμάμενον
1569 1189 1642 1250 ὡς

95 1281 405 1349 κακοῦργον
435 1281 490 1330 ὲν
517 1278 674 1347 ξύλῳ,
706 1279 803 1348 τὴν
830 1282 931 1350 γῆν
964 1278 1200 1346 ἀσχέτως
1240 1279 1608 1346 κρεμάσαντα.

174 1458 600 1526 Νενεκρωμένην
646 1456 741 1525 τὴν
774 1457 924 1526 Ζωὴν
955 1456 1043 1508 ἐπὶ
1077 1453 1309 1524 σταυροῦ
1350 1455 1642 1524 Θεωροῦσα,

97 1549 198 1600 καὶ
245 1549 318 1616 μὴ
346 1548 580 1618 φέρουσα
607 1548 712 1599 τῶν
738 1547 1056 1615 σπλάγχνων
1088 1548 1178 1598 τὸν
1209 1545 1389 1611 πόνον,
1419 1545 1647 1597 ἐδονεῖτο

97 1641 141 1706 ἡ
169 1633 340 1706 σεμνὴ
372 1637 639 1706 Παρθένος
676 1637 1072 1703 άνακράξουσα·
1091 1638 1164 1689 Ὁτ
1187 1653 1294 1705 μοι,
1325 1637 1420 1689 Υίέ
1445 1653 1569 1704 μου,
1597 1638 1646 1688 τί
1679 1680 1682 1682 ν

100 1744 190 1778 σοι
217 1727 388 1795 δῆμος
419 1727 630 1796 ἀνόμων
662 1728 995 1795 πεποίηκεν;

183 1816 538 1884 Παρθενικῆς,
575 1815 792 1878 Τέκνον,
844 1817 906 1866 ὲκ
959 1815 1168 1883 μήτρας
1201 1830 1274 1872 ,σε
1319 1814 1520 1876 ἔτεκον,
1562 1815 1655 1865 καὶ

97 1906 288 1974 ὁρῶσα
313 1903 451 1973 ξύλῳ
470 1904 559 1954 νῦν
585 1905 946 1970 κρεμάμενον,
970 1901 1225 1970 ἑπαπορῶ
1248 1905 1338 1954 καὶ
1363 1903 1422 1953 οὐ
1451 1897 1656 1970 συνορῶ

101 1994 240 2061 ὓψος
277 1993 594 2060 μυστηρίου,
628 1992 721 2043 καὶ
761 1990 916 2059 βάθος
956 1989 1160 2041 πολλῶν
1211 1992 1493 2059 χριμάτων
1532 2008 1653 2053 σου,

101 2086 134 2149 ἡ
169 2083 444 2149 πάναγνος
476 2082 602 2132 ὲὸὁα
625 2120 639 2143 ,
671 2081 735 2150 ἢν
779 2082 981 2146 φωναῖς
1024 2080 1299 2148 άσιγήτοις
1329 2082 1400 2141 ὡς
1432 2080 1657 2148 Μητέρα

97 2173 242 2224 Θεοῦ
287 2171 678 2241 μακαρίζομεν.

188 2340 285 2393 Ἐν
315 2337 530 2405 σταυρῷ
559 2336 841 2406 καίὶορῶ-ια
888 2339 977 2390 τὸν
1010 2339 1075 2390 δι’
1103 2339 1410 2409 ἁγαθότητα
1439 2341 1501 2393 ἐκ
1542 2341 1657 2402 σοῦ,

104 2431 440 2499 πανάμωμε,
465 2428 602 2496 ὑπὲρ
635 2428 756 2478 νοῦν
794 2429 1073 2496 τεχθέντα,
1105 2429 1359 2499 ὲδονήθης
1383 2431 1452 2482 τὰ
1488 2431 1659 2481 σπλά-

102 2537 251 2588 ⁸ίχνςιι
303 2520 396 2570 καὶ
436 2517 634 2584 ἔλεγες*
683 2517 748 2568 Οἵ
787 2535 896 2585 μοι,
933 2519 1073 2569 θεῖον
1118 2519 1337 2571 τέκνονι
1377 2520 1490 2579 πῶς
1519 2520 1658 2587 ὑπὲρ

105 2609 331 2660 πάντων
363 2605 644 2667 ὀδυνᾶσαι,
681 2606 968 2672 προσκυνῶ
1010 2621 1100 2656 σου
1151 2605 1209 2655 τὸ
1271 2602 1655 2672 εῠσπλαγχνον,

108 2697 313 2765 Κύριε.

179 2784 481 2853 Νηστεύειν
524 2786 690 2852 ἡμᾶς,
734 2783 893 2850 ἁγνὴ,
929 2782 1124 2843 κακίας
1152 2783 1330 2848 πάσης
1365 2782 1659 2850 ὲνίσχυσον,

109 2877 210 2927 καὶ
255 2873 474 2942 φαύλων
521 2876 613 2926 καὶ
649 2872 900 2939 πονηρῶν
949 2871 1242 2939 ἀπέχεσθαι
1280 2870 1528 2939 πράξεων
1577 2872 1662 2924 ἀεὶ

109 2965 512 3031 ὲνδυνάμωσον,
573 2963 872 3031 προστασία
925 2963 1140 3014 πάντων
1202 2963 1308 3014 τῶν
1362 2960 1663 3030 ἀνθρώπων

111 3051 546 3121 χρηματίζουσι.

190 3228 328 3289 Νοός
367 3244 465 3294 μου
491 3226 588 3295 τὴν
617 3226 872 3278 στένωσιν
896 3228 962 3294 τῇ
990 3228 1054 3294 σῇ
1084 3225 1345 3293 πρεσϐείᾳ
1373 3224 1658 3285 πλάτυνον,

113 3317 406 3376 Δέσποινα,
443 3316 475 3381 ἡ
523 3313 831 3366 στενώσασα
877 3313 1059 3374 πάσας
1114 3315 1208 3373 τὰς
1250 3312 1522 3379 μεθοδείας
1571 3312 1663 3362 τοῦ

116 3403 490 3471 πολεμήτορος
514 3440 528 3464 ,
569 3404 663 3454 καὶ
699 3403 764 3454 δι’
805 3400 923 3453 ὁδοῦ
976 3418 1040 3468 με
1088 3400 1270 3452 στενοῦ
1304 3399 1664 3451 κατευόδωσον

120 3491 260 3559 πρὸς
286 3491 593 3559 πλατυσμδν
622 3491 717 3558 τῆς
740 3490 881 3558 ζωῆς
913 3489 1164 3558 βαδίζειν,
1198 3492 1383 3558 Μῆτερ
1409 3489 1561 3543 Θεοῦ.

196 3668 311 3722 Νῦν
343 3671 415 3732 ὡς
450 3670 632 3738 ἀρνίον
661 3669 861 3722 ἄκακον
901 3671 1183 3739 καθορῶσα
1208 3670 1545 3737 κρεμάμενον
1576 3674 1667 3724 καὶ

121 3759 233 3810 ὑπὸ
263 3760 475 3825 ἀνόμων
503 3759 578 3827 τῷ
610 3758 822 3828 σταυρῷ
868 3763 1226 3826 πηγνύμενον,
1257 3760 1351 3811 Υίέ
1394 3777 1493 3827 μου
1535 3779 1667 3829 προ-

123 3851 353 3917 άναρχε,
385 3850 475 3900 καὶ
505 3849 754 3916 ὀδυρμοῖς
794 3851 1184 3916 συγκόπτομαι,
1214 3852 1303 3901 καὶ
1330 3853 1445 3910 ταῖς
1476 3836 1665 3920 μητρι-

123 3942 256 3999 καῖς
291 3937 718 4006 περιστατοῦμαι
752 3938 980 4001 ὀδύναις,
1027 3940 1058 4006 ἠ
1103 3941 1369 4005 πάναγνος
1409 3941 1564 4001 ἐϐόα,
1603 3942 1667 4008 ἣν

122 4029 333 4093 φωναῖς
379 4028 654 4095 άσιγήτοις
695 4026 963 4097 ὑμνοῦμεν
1009 4027 1310 4096 θεοιρρόνως
1358 4030 1435 4089 εἰς
1463 4029 1670 4090 πάντας

121 4121 254 4177 τοὺς
287 4115 519 4176 αίῶνας.’
658 4105 669 4110 ’

201 4311 412 4380 Φθορᾶς
441 4327 497 4363 σε
541 4309 658 4379 δίχα
692 4312 886 4364 τέτοκα
937 4315 999 4364 ἐκ
1033 4315 1284 4382 γαστρὸς,
1322 4316 1426 4384 πρὸ
1463 4316 1668 4368 αἰώνων

125 4403 319 4471 Πατὴρ
353 4402 409 4454 ὃν
435 4403 738 4469 ἐγέννησεν,
771 4404 862 4452 καὶ
886 4403 999 4460 πῶς
1022 4403 1219 4469 φθορᾶς
1248 4404 1515 4473 ἂνθρωποι
1539 4423 1670 4456 σπαν
1705 4440 1745 4492 D

129 4489 386 4557 ρὰττουσί
414 4507 491 4554 σε,
521 4489 631 4551 Υἱὲ,
659 4490 749 4540 καὶ
780 4489 874 4557 τὴν
908 4489 1141 4558 πλευρὰν
1167 4491 1448 4557 ὀρύττουσι
1482 4493 1666 4562 λόγχη,

127 4579 226 4629 καὶ
259 4577 354 4637 τὰς
383 4581 566 4646 χεῖρας
590 4577 683 4627 σὺν
709 4579 814 4637 τοῖς
842 4579 996 4630 ποσὶν
1023 4580 1237 4646 ἡλοῦσιν
1264 4582 1666 4650 ἀπανθρώπως;

129 4669 164 4734 ἡ
211 4667 479 4732 πάναγνος
510 4666 656 4730 ὲϐόα,
683 4666 747 4735 ἦν
780 4667 1011 4731 ἐπαξίως
1043 4670 1425 4735 μεγαλύνοαεν.

1753 518 2071 573 charissima
2097 534 2112 581 ;
2142 517 2261 570 ideo
2291 524 2338 569 te
2374 527 2712 574 veneramur,
2749 519 2800 562 et
2828 523 2950 562 cum
2986 509 3087 561 lide
3117 503 3278 584 beati-

1753 609 1997 662 ﬁcamus.

2178 712 2427 767 MENSIS
2467 712 2859 768 AUGUSTUS.

1750 815 1833 883 Ea:
1869 828 2078 884 Canone
2108 827 2161 880 in
2198 826 2612 879 Translatiouem
2657 836 2850 878 sanctae
2880 828 3049 880 crucis
3085 841 3116 878 a
3153 825 3289 887 loco.

1967 899 2018 950 in
2045 914 2143 966 quo
2178 912 2333 949 sacra
2363 911 2485 947 vasa
2529 907 2883 957 (reservantur,
2919 897 2998 946 die
3031 894 3080 947 l.

1821 1010 2038 1063 Dicebat
2084 1008 2389 1061 castissima
2446 1022 2566 1060 cum
2620 1006 2743 1059 ﬂetu
2776 1024 2787 1059 :
2824 1005 2957 1059 Cum
3010 1014 3079 1070 te,
3107 1022 3139 1061 ο
3168 1005 3292 1071 Fili,

1751 1099 2089 1154 ineﬂ‘abiliter
2143 1099 2342 1167 peperi,
2398 1098 2614 1150 dolores
2669 1115 2773 1150 non
2821 1097 3014 1150 sensi:
3057 1106 3109 1150 et
3158 1112 3294 1165 quo-

1753 1191 1907 1243 modo
1939 1205 2077 1243 nunc
2103 1199 2210 1243 tota
2241 1189 2515 1242 doloribus
2549 1189 2702 1254 plena
2744 1187 2903 1240 sum?
2940 1186 3107 1240 Video
3147 1188 3294 1241 enim

1752 1291 1800 1332 te
1842 1295 2186 1346 suspensum,
2224 1288 2478 1346 tanquam
2515 1277 2880 1330 facinorosum
2923 1278 2972 1329 in
3022 1277 3186 1344 ligno,
3222 1285 3291 1338 te,

1752 1369 1989 1436 inquam,
2023 1370 2114 1436 qtti
2149 1379 2341 1421 terram
2375 1370 2426 1420 vi
2463 1367 2814 1433 insuperabili
2840 1365 3187 1431 suspendisli.

1819 1457 1953 1510 Cum
1988 1459 2151 1511 vitam
2199 1459 2252 1510 in
2287 1473 2445 1531 cruce
2489 1467 2757 1510 mortuam
2803 1457 3104 1507 veneranda
3138 1454 3296 1523 Virgo

1755 1549 2074 1612 intueretur,
2118 1565 2226 1602 non
2259 1551 2535 1602 sustinens
2564 1550 2828 1600 viscerum
2855 1546 3113 1606 dolorem,
3152 1561 3285 1596 rom.

1755 1637 2092 1699 movebatur,
2138 1648 2298 1706 atque
2340 1639 2672 1691 exclamabat
2706 1655 2717 1688 :
2757 1635 2868 1687 Hei.
2897 1637 3050 1698 mihi,
3108 1633 3297 1688 Filiam

1755 1727 2070 1796 (inquiens),
2103 1729 2229 1795 quid
2268 1730 2360 1781 tibi
2393 1727 2784 1804 fecitpopulus
2810 1727 3170 1793 iniquorum?

1821 1819 1898 1870 Ex
1928 1829 2080 1871 utero
2111 1819 2364 1886 Virginali
2417 1820 2599 1886 peperi
2631 1829 2699 1872 te.
2737 1833 2768 1870 0
2802 1818 2918 1878 Fili.
2948 1826 3001 1871 et
3045 1833 3186 1868 nunc
3222 1818 3296 1867 vi-

1756 1909 1888 1961 dens
1935 1916 1983 1960 te
2034 1909 2086 1958 in
2120 1895 2265 1974 ligno
2315 1921 2662 1973 suspensum.
2701 1920 2898 1970 anceps
2955 1905 3153 1968 haereo,
3204 1921 3297 1956 nec

1758 1997 1997 2066 intelligo
2072 1997 2410 2050 altitudinem
2473 1995 2732 2063 mysterii,
2787 2003 2839 2046 et
2888 1993 3299 2060 profunditatem

1753 2087 2081 2154 judiciorum
2135 2096 2398 2138 tuorum:
2455 2085 2533 2136 sic
2590 2083 2927 2134 exclamabat
2975 2083 3301 2143 castissima,

1701 2241 1707 2245 ἱ
1758 2191 1918 2243 quam
1957 2176 2369 2228 incessabilibus
2394 2176 2616 2228 vocibus
2649 2183 2900 2241 tanquam
2935 2169 3026 2223 Dei
3084 2169 3304 2225 Matrem
3397 2166 3403 2172 ’

1760 2264 2149 2317 beatiﬁcamus.

1839 2353 1974 2408 Cum
2011 2355 2286 2421 aspiceres
2309 2354 2365 2405 in
2399 2367 2561 2407 cruce
2603 2351 2777 2413 illum,
2829 2349 2919 2417 qui
2956 2359 3176 2417 propter
3208 2350 3302 2401 bo-

1761 2443 1979 2496 nitatem
2035 2459 2188 2495 suam
2238 2459 2300 2497 ex
2359 2453 2426 2501 te,
2486 2457 2518 2494 ο
2567 2424 3086 2498 immaculatissima.
3146 2455 3303 2508 supra

1761 2533 1955 2584 mentis
1993 2541 2310 2598 conceptum
2359 2545 2516 2582 natus
2558 2538 2659 2592 est,
2705 2525 3185 2580 eommmcbantur
3221 2528 3303 2576 vi-

1759 2618 1910 2673 scera
1963 2632 2075 2683 tua,
2130 2638 2192 2673 ac
2225 2623 2438 2673 dicebas
2476 2639 2487 2672 :
2529 2621 2619 2671 llei
2664 2618 2813 2676 mihi.
2865 2616 3045 2668 divina
3096 2617 3298 2683 proles;

1761 2713 2028 2778 quomodo
2056 2727 2148 2777 pro
2168 2712 2416 2764 omnibus
2440 2712 2621 2762 dolore
2640 2709 2880 2761 aiiiceris.
2905 2706 3103 2769 Adorc,
3122 2705 3304 2760 Domi-

1763 2815 1850 2860 ne,
1878 2799 2118 2850 intimam
2145 2801 2566 2851 misericordiam
2603 2809 2768 2850 tuam.

1836 2874 1907 2940 Da
1957 2888 2112 2940 nobis
2140 2889 2302 2948 vires,
2336 2906 2367 2940 υ
2407 2899 2577 2950 casta,
2611 2898 2669 2940 ut
2701 2890 2769 2942 ab
2803 2893 2950 2942 omni
2984 2890 3192 2944 malitia
3221 2887 3301 2956 je-

1757 2977 2049 3047 junemus;
2078 2989 2129 3032 et
2153 2979 2443 3031 corrobora
2472 2996 2568 3030 nos
2599 2991 2656 3030 ut
2687 2995 2714 3029 a
2747 2981 2923 3046 pravis
2953 2997 3014 3034 ac
3045 2979 3309 3048 perversis
3341 3023 3362 3036 .

1763 3066 1968 3118 actibus
1993 3065 2146 3134 157
2163 3083 2371 3133 semper
2396 3068 2783 3133 abstineamus,
2817 3085 2935 3121 eum
2967 3072 3041 3123 sis
3069 3069 3306 3122 omnium

1769 3151 2044 3207 hominum
2085 3158 2456 3223 patrocinium.

1837 3241 2004 3293 Dilata
2051 3243 2242 3296 mentis
2273 3259 2404 3297 mea:
2444 3229 2744 3312 angustiam
2780 3245 3163 3297 intet'Ct-ssioue
3193 3252 3304 3306 tua,

1769 3344 1803 3378 ο
1830 3329 2078 3390 Domina,
2115 3346 2234 3396 qum
2273 3331 2324 3383 in
2362 3333 2637 3398 angustias
2667 3332 2915 3398 redegisti
2944 3341 2996 3384 et
3023 3331 3303 3384 coarctasti

1773 3417 2058 3468 insidiosas
2094 3418 2206 3470 vias
2244 3415 2445 3483 bostis';
2499 3428 2548 3470 et
2583 3434 2675 3484 per
2718 3423 2854 3472 viam
2901 3429 3178 3487 angustam
3226 3420 3309 3471 lac

1773 3522 1860 3560 me
1904 3506 2130 3570 feliciter
2162 3508 2424 3573 incedere,
2468 3517 2526 3561 ut
2565 3510 2628 3561 ad
2665 3509 2998 3562 latitudinem
3046 3511 3163 3561 vita:
3193 3526 3308 3574 per-

1773 3596 2005 3657 veniam,
2037 3611 2068 3646 o
2106 3595 2194 3645 Dei
2230 3597 2410 3647 Mater.

1840 3683 1990 3736 Nunc
2046 3693 2296 3748 tanquam
2360 3684 2956 3751 Aguum‘innoccntem
3018 3684 3205 3736 videns
3261 3694 3349 3735 te.

1774 3788 2116 3838 suspensum,
2149 3783 2200 3824 et
2239 3772 2305 3823 ab
2345 3773 2543 3838 iniquis
2570 3772 2715 3824 cruci
2749 3771 3032 3832 aliixum,o
3065 3770 3159 3823 Fili
3200 3773 3267 3822 uti
3292 3809 3308 3833 ,
3365 3817 3370 3822 .

1774 3863 1920 3912 omni
1949 3861 2210 3928 principio
2239 3876 2449 3923 carens,
2473 3869 2633 3928 atque
2668 3861 2850 3912 omnia
2881 3861 3221 3921 antecedens,
3259 3870 3312 3911 et

1775 3952 1980 4004 ﬂetibus
2009 3952 2347 4018 querelisque
2379 3953 2655 4014 conﬁcior,
2683 3961 2734 4003 et
2761 3951 3037 4003 doloribus
3057 3951 3311 4002 maternis

1775 4043 2096 4094 circumdor.
2126 4041 2200 4093 Ita
2245 4042 2546 4093 castissima
2595 4041 2950 4102 exclamabat,
2983 4056 3140 4108 quam
3178 4042 3309 4091 irre-

1777 4132 1971 4196 quietis
1992 4133 2230 4193 vocibus,
2257 4131 2435 4183 divina
2468 4148 2588 4183 cum
2628 4131 2909 4182 orudentia
2951 4129 3310 4220 laudamns’in

1761 4223 1953 4272 omnia
1981 4221 2193 4272 saecula.

1846 4307 1972 4359 Siue
2005 4309 2351 4374 cori-nptionc
2385 4308 2563 4373 peperi
2596 4310 2646 4360 te
2675 4323 2735 4360 ex
2769 4317 2942 4371 utero,
2969 4321 3126 4374 quem
3156 4304 3312 4357 Pater

1778 4408 1900 4450 ante
1946 4397 2135 4450 sa‘cula
2190 4400 2462 4466 generavit
2500 4417 2510 4450 :
2560 4409 2614 4450 et
2659 4399 2931 4464 quomodo
2970 4406 3310 4464 corruptores

1777 4489 2018 4540 homines
2050 4504 2189 4540 nunc
2231 4496 2282 4540 te
2317 4489 2630 4549 dilacerant,
2662 4504 2694 4540 ο
2719 4488 2840 4552 Fili,
2887 4502 2950 4538 ac
2991 4488 3130 4539 latus
3161 4497 3306 4538 tuum

1776 4580 1954 4630 lancea
1993 4577 2314 4644 perfodiunt,
2353 4591 2648 4644 manusque
2695 4593 2815 4629 cum
2863 4575 3085 4642 pedibus
3117 4576 3306 4627 crude-

1777 4666 2175 4733 literalligunt?
2206 4664 2294 4717 Sic
2325 4667 2627 4718 castissima
2652 4666 3002 4726 exclamabat,
3032 4680 3190 4731 quam
3214 4679 3312 4716 nos

1777 4770 1872 4820 pro
1902 4756 2155 4821 dignitate
2197 4756 2621 4820 magniﬁcamus.

1068 4866 1149 4918 Ea:
1177 4867 1382 4919 Conone
1405 4869 1455 4918 in
1476 4866 1574 4920 SS.
1601 4866 1799 4927 Septem
1819 4885 2023 4934 pueros,
2050 4869 2131 4920 die
2150 4863 2190 4920 "El
2214 4868 2374 4936 (66⁸).
2453 4911 2476 4920 -

207 4972 305 5023 llle
331 4979 421 5039 qui
453 4982 638 5040 suapte
665 4983 852 5026 natura
888 4989 1054 5041 purus
1081 4985 1182 5037 est,
1227 4990 1345 5028 cum
1388 4976 1676 5029 invenisset

128 5072 212 5125 te,
271 5076 304 5111 ο
365 5063 688 5125 castissima,
752 5064 1000 5117 omnibus
1065 5065 1325 5116 creaturis
1382 5066 1673 5131 puriorem,

127 5151 456 5204 inhabitavit
478 5151 614 5212 inte,
641 5153 842 5216 volens,
868 5162 1114 5218 tanquam
1145 5153 1419 5203 hominum
1448 5162 1674 5216 amator,

128 5241 416 5294 ciiminare
435 5243 662 5307 culpant,
691 5258 810 5308 quae
833 5243 1144 5294 habitaverit
1169 5244 1220 5294 in
1245 5243 1464 5295 Adamo.

206 5331 346 5381 Cum
386 5345 469 5381 me
517 5346 580 5382 ex
626 5333 823 5383 divinis
877 5335 1224 5400 sanguinibus
1274 5333 1378 5385 tuis
1433 5332 1677 5384 Christus

134 5431 396 5485 tanquam
456 5405 826 5472 chtiurentum
892 5426 1236 5489 suscepisset,
1297 5439 1329 5474 0
1387 5423 1672 5487 inviolata,

133 5512 270 5562 olim
300 5510 555 5561 nudatum
597 5512 775 5578 gratiae
808 5513 1043 5564 vestibus
1075 5512 1265 5564 induit.

216 5621 353 5692 (ὅδ’)
386 5620 543 5672 Deest
575 5622 625 5672 in
659 5621 890 5674 Menaeis.
972 5647 976 5656 ι

392 5713 690 5791 .PATRUL.
725 5712 838 5768 Gn.
887 5711 1005 5770 CV.

1848 4977 2052 5034 Novum
2105 4980 2360 5031 infantem
2411 4978 2678 5046 peperisti,
2730 4992 2761 5027 ο
2803 4975 2985 5042 Virgo,
3030 4979 3121 5044 qui
3161 4993 3309 5029 mun-

1781 5067 1906 5118 dum
1938 5069 2047 5131 jam
2083 5070 2173 5121 diu
2207 5071 2356 5122 senio
2396 5067 2716 5125 confectum,
2755 5068 2932 5118 divina
2975 5069 3194 5120 scicntia
3231 5084 3310 5118 rc-

1781 5157 2025 5220 novavit;
2057 5148 2336 5224 propterea
2367 5170 2420 5211 te
2445 5156 2825 5224 gloriﬁcamus.

1853 5244 2107 5310 Dissolve,
2163 5262 2195 5297 ο
2245 5248 2419 5314 Virgo,
2478 5249 2669 5298 anima:
2733 5261 2863 5299 meae
2915 5246 3163 5298 duritiem
3206 5261 3218 5294 :
3257 5252 3310 5294 et

1779 5334 2007 5385 concede
2054 5335 2183 5386 mihi
2229 5346 2464 5402 prompte
2502 5351 2564 5387 ac
2599 5336 2821 5389 faciliter
2856 5338 3046 5389 divinis
3082 5334 3199 5384 Filii
3232 5334 3308 5385 tui

1779 5428 2149 5479 sanctionibus
2185 5427 2574 5492 obtetttperare,
2613 5439 2769 5493 atque
2799 5429 3077 5478 inlucrcrc.

1847 5516 2102 5570 Mortitica
2147 5518 2322 5569 carnis
2360 5532 2487 5570 mea:
2519 5517 2714 5570 fastum
2750 5535 2809 5570 ac
2844 5516 3116 5577 ferociam,
3150 5527 3182 5566 ο
3210 5527 3310 5580 pu-

2905 5713 2976 5768 37
