3936 6304
552 324 682 387 Ηῦτ

1660 330 1715 388 S.
1760 329 2064 388 JOSEPHI
2107 329 2654 391 HYMNOGRAPHI

3587 329 3730 396 1168

550 433 890 503 comprobata
938 448 1015 493 es,
1057 448 1088 486 o
1127 433 1491 496 immaculata,
1527 433 1689 488 Deum
1743 437 1883 489 enim
1936 451 2090 504 supra

2199 437 2287 487 τὸν
2317 438 2473 490 τόκον
2510 438 2582 500 ὡς
2603 435 2812 508 ἀληθῶς
2845 435 3083 506 ἐδείχθης
3114 453 3127 468 ο
3156 437 3244 488 τὸν
3274 435 3404 490 Θεὸν
3431 436 3538 506 γὰρ
3587 436 3729 504 ὑπὲρ

537 525 765 579 rationis
788 535 1000 591 captum
1025 523 1294 590 peperisti,
1315 524 1404 591 qui
1428 535 1648 580 sanctos
1673 536 1931 595 martyres
1969 537 2087 594 post

545 614 840 670 coniectum
873 625 1138 667 certamen
1171 617 1474 669 coronavit.

610 703 882 756 Habitavit
910 703 959 754 in
987 713 1055 765 te,
1091 692 1410 767 o'Deipara,
1446 704 1703 758 Dominus
1738 707 1842 768 ille,
1864 707 1950 773 qui
1988 705 2085 756 ha-

542 797 677 849 ‘bitat
699 796 749 846 in
780 795 950 854 caelis,
984 802 1144 861 atque
1183 808 1212 845 a
1247 795 1400 848 nobis
1431 812 1641 849 onmem
1673 795 1911 849 fraudem
1941 810 2088 847 erro-

451 957 453 959 .
545 897 761 950 remque
781 883 1097 934 eliminavit.

614 970 890 1037 Tanquam
934 971 1194 1037 speciosa,
1225 972 1525 1036 speciosum
1561 971 1830 1038 peperisti,
1862 985 1893 1022 ο
1929 970 2085 1038 Virgo

545 1060 710 1114 Mater
740 1061 1017 1122 inviolata,
1050 1060 1139 1126 qui
1183 1061 1613 1127 speciosissimos
1647 1060 1771 1113 fecit
1803 1069 2082 1128 martyres,

544 1151 633 1217 qui
689 1160 996 1202 constanter
1043 1150 1472 1213 decertavcrunt,
1548 1160 1705 1217 atque
1756 1149 2083 1216 impietatem

544 1240 942 1292 deminuerunt.

614 1330 744 1394 Quis
773 1342 918 1382 tuum
944 1334 1115 1385 valeat
1143 1333 1410 1400 explicare
1440 1329 1772 1399 mysterium,
1803 1344 1834 1380 ο
1865 1328 2084 1382 Domina
2157 1383 2160 1386 .

545 1421 803 1491 Deipara?
839 1423 1042 1476 Etenim
1083 1439 1239 1489 snpra
1277 1423 1495 1474 rationis
1551 1420 1920 1488 orationisque
1959 1436 2086 1474 con-

544 1525 778 1581 oeptum,
815 1514 973 1566 Deum
1012 1513 1344 1566 iueﬂ‘abiliter
1376 1513 1648 1579 peperisti.

613 1603 812 1658 Praeter
847 1610 1050 1655 natura:
1085 1602 1246 1667 leges,
1280 1616 1461 1654 verum
1489 1600 1889 1669 .legislatorem,
1924 1614 1954 1649 o
1986 1599 2084 1650 itn-

545 1691 983 1754 maculatissima,
1013 1692 1261 1758 peperisti
1299 1708 1312 1741 :
1362 1703 1518 1757 quem
1549 1687 1768 1756 supplex
1801 1701 1982 1746 exora.
2029 1696 2085 1738 ut

2190 528 2342 594 λόγον
2377 529 2577 591 ἔτεκες,
2610 529 2698 580 τὸν
2731 530 2853 590 τοὺς
2888 530 3070 596 ἁγίους
3103 528 3378 597 μάρτυρας
3431 525 3728 596 ἐνηθληκὸ-

2187 635 2284 679 τας
2315 617 2743 684 στεφανώσαντα.

2271 705 2578 770 Ἐνοίκησεν
2609 706 2697 755 ἐπὶ
2724 708 2804 758 σοὶ
2833 709 2858 758 ὁ
2879 706 3040 758 οἰκῶν
3062 706 3186 766 τοὺς
3211 706 3471 774 οὐρανοὺς
3519 705 3728 773 Κύριος

2187 794 2277 845 καὶ
2307 795 2362 858 ἐξ
2403 795 2557 863 ἡμῶν
2611 795 2823 848 ἅπασαν
2878 797 3104 866 πλάνην,
3150 795 3398 857 Θεοτόκε,
3444 793 3725 861 ἑξῲκισεν.

2265 968 2351 1028 Ὠς
2381 967 2553 1035 ὡραία
2601 968 2911 1038 ἀπεκύησας
2940 970 3028 1023 τὸν
3057 972 3273 1040 ὡραῖον,
3305 968 3727 1040 Παρθενομῆωρ

2187 1059 2433 1126 ἄχραντε,
2465 1058 2553 1109 τὸν
2584 1057 2944 1126 ὡραιοτάτους
2980 1061 3232 1123 δείξαντα
3275 1062 3397 1122 τοὺς
3444 1059 3729 1128 μάρτυρας

2188 1148 2423 1216 στερρῶς
2439 1146 2858 1216 ὲναθλήσαντας,
2887 1151 2976 1201 καὶ
3007 1150 3100 1218 τὴν
3133 1150 3318 1204 ἁθεῒαν
3347 1149 3683 1218 μειώσαντας
3712 1149 3725 1200 l

2255 1322 2348 1383 Τίς
2373 1322 2591 1375 δύναται
2639 1323 2699 1374 τὸ
2732 1324 2820 1376 σὸν
2848 1324 3173 1393 ἑρμηνεῦσαι
3207 1323 3518 1392 μυστήριον,
3565 1317 3610 1375 ὦ
3638 1323 3733 1374 Δέ-

2188 1429 2378 1466 σποινα
2398 1415 2641 1466 Θεοτόκε·
2660 1415 2798 1484 ὑπὲρ
2815 1415 2935 1466 νοῦν
2966 1415 3069 1482 γὰρ
3094 1416 3185 1467 καὶ
3204 1413 3358 1480 λόγον
3396 1413 3525 1464 Θεὸν
3549 1413 3729 1481 ἀφρα-

2188 1519 2323 1564 στως
2355 1503 2595 1566 τέτοκας.
2945 1547 2948 1550 -
3184 1556 3194 1564 .

2253 1591 2513 1658 Νομίμων
2539 1593 2852 1663 ἀπεκύησας
2890 1593 3028 1663 δίχα,
3065 1593 3390 1660 πανάμωμε,
3422 1593 3512 1644 τὸν
3552 1591 3731 1660 ἀληθῆ

2185 1679 2496 1748 νομοθέτην,
2536 1681 2595 1731 ὃν
2639 1681 2883 1732 δυσώπει
2937 1681 3081 1748 νόμῳ
3129 1682 3220 1747 τῆς
3283 1681 3550 1749 ἁμαρτίας
3627 1683 3732 1749 τὴν

543 1783 736 1835 animae
790 1796 939 1844 meae,
973 1781 1172 1848 peccati
1202 1779 1404 1849 legibus
1444 1777 1708 1842 obnoxiae,
1748 1778 2082 1839 misereatur,

2193 1767 2362 1837 ψυχήν
2403 1784 2502 1836 μου
2533 1769 2900 1837 τροπουμένην
2948 1770 3208 1837 οἰκτεῖραι
3260 1773 3353 1818 καί
3398 1769 3566 1819 σῶσαί
3623 1783 3719 1835 με.

541 1882 595 1924 et
619 1871 786 1923 salvet
816 1884 918 1921 me.

613 1960 890 2028 Tanquam
927 1958 1078 2012 caelis
1125 1958 1301 2022 latior,
1334 1973 1365 2011 o
1404 1967 1572 2020 casta,
1604 1957 1857 2021 Verbum,
1890 1957 2031 2025 quod
2055 1971 2084 2009 a

545 2050 686 2102 nulla
707 2064 763 2102 re
789 2047 1278 2115 comprehenditur,
1303 2062 1467 2115 supra
1495 2062 1653 2113 quam
1676 2055 1851 2098 ruente
1879 2043 2084 2112 concipi

545 2139 735 2207 possit,
757 2137 1059 2206 suscepisti,
1091 2152 1122 2189 ο
1151 2145 1259 2190 tota
1298 2135 1638 2188 immaculata
1668 2152 1682 2199 ;
1713 2134 1855 2201 quod
1893 2133 2085 2186 ambu-

549 2231 718 2283 lantes
748 2244 841 2296 per
873 2229 1013 2280 viam
1051 2227 1206 2295 162
1246 2225 1704 2296 augustissimam,
1737 2224 1804 2278 ad
1844 2224 2086 2279 latitudi-

546 2334 667 2374 nem
702 2319 894 2372 divinae
923 2317 1045 2370 vita:
1074 2317 1334 2385 perducit.

614 2410 658 2464 0
681 2411 838 2476 Virgo
863 2420 1044 2461 sancta
1063 2423 1179 2474 qua:
1199 2406 1364 2460 Deum
1389 2413 1794 2472 supersanctum
1816 2406 2084 2474 peperisti,

545 2501 635 2570 qui
660 2500 827 2568 gratia
856 2505 1068 2550 sanctos
1097 2507 1355 2564 martyres
1384 2509 1512 2549 suos
1543 2495 1839 2556 coronavit,
1866 2495 2008 2548 salva
2037 2503 2088 2545 et

547 2591 819 2646 sanctifica
841 2603 957 2648 nos,
988 2589 1077 2657 qui
1103 2588 1282 2640 animo
1317 2597 1560 2655 prompto
1585 2598 1742 2654 atque
1769 2587 1931 2639 alacri
1959 2600 2088 2639 con-

548 2683 807 2737 cinimus:
841 2675 1167 2744 Benedicite,
1191 2680 1370 2731 omnia
1397 2693 1579 2747 opera,
1600 2677 1906 2729 Dominum.

616 2767 861 2821 lllumina
895 2782 1011 2829 nos,
1047 2782 1078 2819 ο
1114 2766 1293 2832 Virgo,
1318 2775 1507 2833 tuqua:
1537 2766 1706 2816 lucem
1742 2763 2088 2818 inaccessibi-

549 2859 652 2912 lem
679 2857 962 2925 peperisti;
992 2856 1132 2923 reple
1160 2871 1258 2907 nos
1281 2855 1480 2915 laetitia,
1508 2854 1776 2919 animique
1793 2834 2085 2913 alacritate,

548 2964 612 3003 ac
646 2948 824 3002 divina
866 2947 1105 3008 scientia,
1141 2946 1264 2998 dum
1297 2955 1346 2996 te
1383 2959 1516 3011 puro
1545 2942 1701 2995 corde
1747 2942 1991 3011 religiose
2027 2957 2090 2994 ac

549 3039 838 3106 prudenter
859 3039 1066 3089 beatam
1100 3035 1446 3103 appellamus.

547 3098 630 3181 ha:
663 3127 868 3180 Canoue
899 3129 952 3178 in
1007 3098 1228 3193 [esto-‘8.
1272 3121 1506 3190 Myronis
1563 3122 1828 3190 martyris,
1860 3122 1941 3173 die
1999 3121 2082 3175 17.
2112 3098 2156 3156 C

614 3280 736 3336 Sola
780 3278 941 3330 Deum
981 3276 1234 3344 nuptialis
1267 3275 1364 3328 tori
1407 3275 1584 3327 nescia
1627 3273 1899 3341 peperisti,
1932 3288 2088 3340 quem

546 3369 912 3423 decertatores
964 3376 1226 3437 martyres
1267 3366 1520 3428 confessi,
1555 3357 1784 3418 similem
1821 3368 1973 3419 nobis
2011 3367 2087 3417 la-

548 3468 719 3521 ctum,
739 3457 1034 3511 seductoris
1055 3465 1202 3511 astus
1221 3457 1400 3510 irritos
1426 3455 1790 3514 reddiderunt,
1822 3455 2092 3508 o.Domiua

550 3546 767 3597 intacta.

619 3634 915 3702 lmpietatis
961 3641 1119 3701 atque
1164 3634 1492 3689 inlidelitatis
1532 3641 1720 3690 morbo
1759 3638 2091 3701 labat-amem

549 3734 765 3771 omnem
821 3727 1139 3780 creaturam,
1179 3729 1251 3782 tu,
1293 3735 1324 3772 ο
1384 3721 1565 3790 Virgo,
1618 3723 1783 3777 Deum
1828 3725 2089 3778 medicum

548 3809 701 3861 enin
728 3807 1111 3861 admirabiliter
1127 3809 1400 3862 curavisti.
1416 3808 1698 3879 Propterea
1720 3814 1916 3880 gratias
1930 3828 2088 3881 agen‘

551 3906 628 3949 tes
659 3897 721 3949 ad
746 3905 796 3949 te
826 3899 1118 3950 clamamus
1160 3911 1172 3947 :
1209 3894 1374 3948 Nemo
1412 3908 1493 3950 est
1518 3900 1632 3952 sine
1663 3899 1869 3952 macula
1898 3909 2091 3969 praeter

551 3995 623 4050 te,
647 4001 679 4037 o
715 3985 935 4038 Domina
959 3984 1086 4053 (67).

621 4075 866 4142 Magnum
899 4088 960 4127 ac
988 4074 1316 4127 tremendum
1360 4083 1542 4142 partus
1585 4076 1656 4128 tui
1688 4079 2023 4145 mysterium,
2055 4094 2086 4131 o

551 4175 726 4227 casta,
756 4176 976 4231 stupore
1005 4164 1244 4230 percellit
1281 4179 1492 4216 onmem
1523 4176 1773 4227 mentem,
1795 4167 1917 4233 quia
1949 4166 2086 4222 Deus

551 4268 613 4306 ex
647 4262 696 4305 te
727 4254 886 4306 homo
912 4253 1022 4305 ﬁeri
1057 4253 1155 4307 sibi
1179 4253 1525 4320 ‘complacuit
1554 4264 1767 4322 propter
1797 4255 2085 4309 bonitatem

555 4358 730 4407 suam,
757 4344 806 4395 in
835 4343 1059 4396 salutem
1088 4357 1151 4395 ac
1175 4344 1614 4396 restaurationem
1638 4345 1844 4398 mundi.

624 4432 796 4491 Illum,
828 4437 914 4498 qtti
946 4448 1008 4484 ex
1050 4442 1098 4483 te
1143 4433 1449 4486 incarnatus
1495 4442 1575 4501 est
1600 4435 1758 4487 verbo
1805 4432 2080 4498 inell'abili,
2110 4408 2162 4466 D

555 4510 651 4586 pro
694 4519 844 4572 nobis
895 4521 1198 4587 deprecare,
1247 4535 1279 4572 o
1311 4521 1605 4585 benedicta,
1648 4531 1705 4574 ut
1737 4522 1802 4573 ab
1836 4521 2083 4575 omnibus

559 4609 801 4662 hostibus
830 4620 935 4660 tam
972 4608 1287 4670 visibilibus,
1325 4609 1482 4676 quam
1516 4611 1869 4664 invisibilibus
1892 4611 2082 4663 libere-

557 4715 674 4750 mur
705 4713 801 4750 nos
844 4699 933 4765 qui
962 4709 1008 4750 te
1041 4707 1240 4750 castam
1278 4697 1550 4765 Deiparam
1588 4702 2016 4765 pronuntiamus,
2049 4690 2080 4751 ο

551 4786 804 4840 immunis
835 4787 902 4839 ab
923 4786 1066 4838 omni
1098 4786 1213 4838 labe
1238 4785 1371 4854 (68).

623 4940 734 5010 (67)
777 4938 845 4992 Ut
869 4939 999 5010 nihil
1034 4955 1128 5008 pro
1160 4939 1882 5010 conceptioneimmaculata
1915 4941 2087 5010 mani:

553 5006 762 5070 festiue,
807 5011 875 5062 ita
925 5006 1055 5062 nihil
1111 5010 1214 5061 dici
1269 5006 1440 5076 potest
1486 5009 1762 5059 illustrius.
1793 5006 1920 5058 Natu
1959 5009 2083 5073 quid

553 5078 813 5131 illustrius
861 5087 1018 5144 atque
1066 5080 1373 5144 expressius
1422 5077 1540 5128 istis
1590 5076 1808 5144 verbis:
1849 5094 1865 5124 ι
1925 5076 2085 5127 Nemo

552 5156 630 5199 est
661 5146 775 5199 sine
802 5143 1006 5201 macttla
1032 5143 1221 5214 praeter
1245 5156 1313 5206 te,
1343 5152 1373 5198 ο
1400 5143 1660 5214 Domina?
1681 5162 1698 5193 ι
1734 5143 1939 5208 Quibus
1970 5159 2084 5194 ver-

553 5215 634 5266 bis
676 5219 892 5267 omniuo
931 5212 1220 5267 allirmatur
1265 5215 1542 5282 Deiparam
1589 5212 1751 5265 solam
1788 5214 1925 5266 inter
1966 5227 2080 5264 om-

555 5297 650 5334 nes
682 5294 954 5336 creaturas
1009 5285 1176 5336 fuisse
1221 5286 1334 5336 sine
1376 5282 1600 5332 macula.
1649 5283 1752 5333 Aut
1795 5284 1933 5334 enim
1979 5282 2078 5332 ista

557 5354 612 5418 ξ.
649 5347 861 5418 .Iosephi
893 5355 1186 5406 auctoritas
1217 5363 1296 5405 est
1337 5350 1572 5417 neganda
1607 5353 1683 5403 vel
1721 5351 2078 5403 concedenda.

554 5416 665 5468 Non
714 5416 969 5486 neganda,
1003 5436 1129 5484 ergo
1163 5416 1517 5471 concedenda.
1557 5419 1871 5485 l'lujusmodi
1907 5431 2078 5470 autem

555 5497 865 5540 auctoritate
905 5506 1180 5546 concessa,
1215 5490 1353 5539 nulla
1397 5489 1494 5537 alia
1545 5490 1899 5554 expliCuIione
1945 5504 2078 5556 opus

550 5565 631 5604 est
664 5555 723 5603 ad
759 5558 1184 5629 cegnoscendum
1212 5574 1280 5629 ex
1324 5556 1534 5620 Joseplti
1571 5570 1764 5620 mente,
1801 5556 1860 5610 Β.
1911 5555 2080 5629 Virgi-

559 5637 679 5674 nent
713 5626 876 5673 solam
912 5626 1022 5676 sine
1050 5627 1252 5677 nmenla
1286 5634 1589 5692 conceptam
1620 5642 1760 5681 esse.

2268 1946 2352 2008 Ὠς
2397 1947 2706 2016 πλατυτέρα
2753 1946 2860 1998 τῶν
2918 1945 3175 2016 οὐρανῶν,
3219 1945 3380 2013 ἁγνὴ,
3419 1943 3733 2006 ὑποδέδεεαι

2186 2036 2354 2103 Λόγον
2391 2036 2634 2105 μηδαμοῦ
2683 2035 3020 2104 χωρούμενον
3046 2035 3183 2104 ὑπὲρ
3217 2037 3360 2096 νοῦν,
3393 2033 3732 2099 στενωτὰτην

2186 2129 2307 2187 τοὺς
2363 2127 2639 2187 ὁδεύοντας
2690 2127 2827 2190 ὁδὸν,
2869 2127 3194 2193 πανάμωμε,
3226 2125 3356 2192 πρὸς
3415 2122 3733 2191 πλατυσμὺν

2187 2219 2468 2286 εἰσάγοντα
2490 2219 2633 2280 θείας
2667 2217 2829 2285 ζωῆς.

2276 2415 2431 2480 Ἀγία
2458 2414 2715 2484 Παρθένε,
2732 2415 2762 2482 ἡ
2781 2412 2907 2464 Θεὸν
2923 2412 3010 2464 τὸν
3028 2412 3316 2479 ὑπερὰγιον
3347 2411 3729 2476 ἀποκυήσασα,

2188 2501 2273 2562 τὸν
2305 2502 2718 2567 στεφανώσαντα
2741 2500 2917 2570 χάριτι
2939 2501 3060 2562 τοὺς
3083 2500 3268 2566 ἁγίους
3298 2500 3484 2551 τούτου
3519 2499 3730 2567 μάρτυ-

2193 2605 2310 2656 ρας,
2361 2590 2546 2649 σῶσον,
2577 2589 2800 2655 ἁγίασον
2847 2590 2989 2656 ἡμᾶς
3043 2587 3330 2656 προθύμως
3379 2587 3680 2654 μέλποντας
3715 2601 3731 2615 ⁸

2192 2671 2494 2737 Εὐλογεῖτε,
2528 2675 2700 2726 πάντα
2735 2675 2800 2726 τὰ
2825 2677 2979 2742 ἔργα,
3015 2674 3230 2740 Κύριον.

2266 2765 2499 2817 Φώτισον
2531 2767 2672 2832 ἡμᾶς
2704 2767 2737 2834 η
2765 2765 2989 2816 τεκοῦσα
3023 2765 3137 2832 φῶς
3169 2764 3226 2814 τὸ
3245 2762 3554 2831 ἀπρόσιτον,
3582 2763 3730 2830 Παρ-

2193 2855 2331 2917 θένε,
2389 2853 2662 2924 ἔμπλησον
2696 2855 2837 2922 ἡμᾶς
2889 2852 3242 2922 εὐφροσύνης,
3308 2851 3729 2920 καὶκθυμηδίας,

2194 2945 2287 2998 καλ⁹
2323 2943 2468 3006 θείας
2506 2943 2754 3009 γνώσεως
2780 2945 2904 3006 τοὺς
2948 2942 3163 3012 καθαρᾷ
3199 2941 3392 3010 καρδίᾳ
3432 2958 3490 2992 σε
3516 2939 3732 2992 εὐσεϐο-

2193 3053 2228 3102 φ
2235 3035 2398 3104 ρόνως
2433 3033 2847 3102 μακαρίζοντας.

2203 3125 2297 3177 Ἐκ
2325 3124 2428 3177 τοῦ
2459 3123 2721 3188 Κανόνος
2749 3123 2962 3257 εὶςτέὦὲν
2986 3123 3151 3254 ἄξεον
3168 3122 3433 3192 μάρτυρα
3457 3124 3728 3190 Μύρωνα,

2669 3207 2671 3210 ·
2913 3209 2990 3257 ρᾳ
3020 3211 3033 3242 ι
3091 3233 3104 3244 .

2669 3207 2671 3210 ·
2806 3207 2990 3258 ημερᾳ
3020 3207 3104 3254 ις.

2262 3283 2410 3351 Μόνη
2446 3282 2573 3333 Θεὸν
2613 3263 2998 3351 ἀπειρογάμως
3047 3283 3303 3350 ὲκύησας,
3332 3283 3390 3333 ὃν
3440 3283 3732 3350 ἀθλοφόροι

2201 3377 2468 3446 μάρτυρες
2507 3375 2932 3443 ὁμολογήσαντες
2969 3377 3097 3442 ἡμῖν
3140 3375 3491 3442 ὁμοιωθέντα,
3521 3378 3727 3443 κατήρ-

2195 3479 2368 3530 γησαν
2387 3463 2482 3532 τὴν
2504 3462 2727 3530 πλάνην,
2747 3463 2976 3530 ἄχραντε
3001 3463 3284 3514 Δέσποινα.

2261 3634 2534 3687 Νοσοῦσαν
2565 3632 2720 3700 ἀθεῒᾳ
2740 3633 2836 3700 τὴν
2865 3635 3042 3685 πᾶσαν
3079 3633 3252 3684 κτίσιν
3291 3633 3420 3684 Θεὸν
3450 3633 3722 3700 κυοφορή-

2195 3743 2331 3779 σασα
2383 3724 2595 3792 ίατῆρα,
2641 3723 2898 3792 Παρθένε,
2951 3723 3313 3792 ὲθεράπευσας
3361 3723 3676 3792 παραδόξως
3707 3738 3720 3750 ·

2172 3814 2634 3884 ἐὺχαριστοῦντές
2666 3829 2744 3864 σοι
2793 3813 2870 3864 διὸ
2900 3812 3294 3882 κραυγάζομεν,
3331 3813 3406 3873 ὼς
3431 3813 3542 3866 Οὐκ
3569 3813 3722 3863 ἐστιν

2190 3905 2413 3974 ἄμωμος
2444 3902 2580 3969 πλὴν
2607 3902 2720 3968 σοῦ,
2758 3903 3035 3954 Δέσποινα.

2258 4081 2330 4132 Τὸ
2354 4080 2494 4148 μέγα
2525 4079 2613 4130 καὶ
2661 4077 2882 4148 φρικτὸν
2930 4077 3219 4147 μυστήριον
3251 4077 3346 4145 τῆς
3376 4076 3582 4146 λοχείας
3627 4094 3720 4129 σου

2189 4171 2551 4239 καταπλήττει
2590 4170 2785 4232 πᾶσαν,
2819 4168 2976 4236 ἁγνὴ,
3019 4167 3241 4228 ἔννοιαν,
3275 4168 3355 4218 ὅτι
3407 4167 3533 4228 Θεὸς
3569 4169 3720 4219 ἐναν-

2190 4259 2468 4329 θρωπῆσαι
2505 4260 2568 4309 ὲκ
2604 4257 2695 4308 σοῦ
2749 4256 3037 4325 ἀγαθότητι
3072 4257 3378 4323 εὐδόκησεν,
3415 4258 3490 4318 είς
3536 4273 3716 4326 σωτη-

2192 4350 2307 4420 ρίαν
2337 4347 2536 4415 κόσμου
2564 4347 2654 4397 καὶ
2687 4345 3002 4398 ἀνάπλασιν.

2273 4437 2440 4505 ’Υπὲρ
2486 4436 2638 4504 ἡμῶν
2686 4437 2778 4486 τὸν
2834 4439 2896 4486 ὲκ
2951 4435 3040 4487 σοῦ
3097 4433 3444 4503 σαρκωθέντα
3499 4435 3721 4504 ἀρρήτῳ

2188 4527 2330 4596 λόγῳ
2370 4527 2622 4589 δυσώπει,
2672 4525 3025 4592 εὐλογημένη,
3052 4526 3196 4586 ὅπως
3248 4525 3531 4592 ῥυσθῶμεν
3585 4526 3719 4593 ὁρω-

2191 4619 2363 4686 μένων
2395 4618 2486 4668 καὶ
2535 4615 2749 4666 πάντων
2781 4615 3021 4683 ἀοράτων
3049 4613 3276 4683 ἐχθρῶν,
3309 4614 3635 4682 πανάμωμε,
3669 4616 3718 4666 oi.

2187 4708 2243 4757 σὲ
2278 4706 2530 4757 Θεοτόκον
2557 4705 2722 4771 ἁγνὴν
2741 4701 3207 4771 καταγγέλλοντες.

2266 4941 2383 5012 (68),
2416 4939 2553 5007 Ergo
2612 4938 2868 5012 immunis
2929 4938 3098 5012 etia_m_
3141 4937 3207 4990 ab
3243 4935 3512 5012 _originali
3551 4935 3722 5012 labe,

2193 5001 2426 5078 alioquin
2455 5001 2520 5061 ab
2563 5011 2723 5078 omni
2745 5007 2860 5078 labe
2891 5022 2995 5058 non
3029 5005 3213 5058 fuisset
3241 5001 3514 5078 innuimus.
3551 5001 3722 5078 Probi:

2190 5073 2421 5132 Joannes
2447 5079 2511 5130 de
2550 5077 2759 5145 Agaciis
2792 5076 3189 5145 doetusattctor
3217 5082 3268 5124 et
3295 5073 3636 5145 perantiquus
3671 5075 3720 5124 in

2195 5148 2440 5198 Tractatu
2489 5148 2548 5197 de
2577 5140 2900 5209 conceptione
2941 5141 3165 5208 Virginis
3214 5144 3349 5208 apud
3395 5140 3718 5191 Novariuum

2190 5217 2240 5268 in
2285 5215 2474 5267 Umbra
2537 5214 2774 5281 Virginea
2815 5227 2870 5263 ιι.
2903 5209 3044 5262 209ε
3085 5229 3102 5281 ι
3139 5209 3719 5281 δίςυι,νίηᾳμίι,-ηί·ζιι

2191 5284 2288 5335 fuit
2331 5282 2520 5334 similis
2579 5274 2703 5334 Adae
2761 5282 2821 5329 ad
2868 5279 3287 5345 corruptionem,
3339 5280 3409 5328 ita
3438 5274 3518 5327 _B.
3557 5274 3719 5342 Virgo

2188 5352 2350 5404 Maria
2386 5351 2570 5403 similis
2621 5351 2716 5402 fuit
2761 5347 2970 5399 Christo
3008 5348 3068 5397 ad
3117 5349 3522 5414 reparationem,
3559 5355 3607 5393 et
3639 5347 3719 5393 sic

2188 5433 2402 5484 necesse
2451 5421 2549 5469 luit
2584 5428 2640 5469 ut
2672 5426 2811 5468 esset
2851 5431 2878 5467 a
2913 5422 3131 5484 peccato
3183 5416 3457 5475 immunis,
3491 5421 3624 5464 sicut
3664 5420 3720 5484 et

2185 5492 2294 5555 ipse
2320 5489 2583 5539 Ultrislus.
2621 5506 2637 5535 ι
2668 5484 2752 5537 Sic
2780 5484 2880 5555 illo.
2911 5483 3021 5555 Noti
3050 5484 3237 5537 luisset
3265 5493 3439 5555 autem
3468 5483 3719 5555 immunis

2182 5549 2248 5609 ab
2285 5555 2427 5607 orntti
2473 5557 2606 5615 labe,
2641 5556 2780 5606 sicut
2829 5554 2940 5620 ipse
2981 5552 3248 5620 Christus,
3282 5553 3324 5606 si
3370 5549 3578 5618 peccati
3609 5549 3717 5600 ori-

2181 5625 2370 5693 giualis
2403 5624 2515 5677 labe
2540 5624 2723 5676 luisset
2747 5621 2961 5676 inlecta.
