3936 6304
656 409 794 474 1175

1759 413 1821 470 S.
1859 411 2166 470 JOSEPHI
2206 407 2752 474 HYMNOGHAPHI

3708 415 3810 478 ll'iG

649 539 769 594 quae
817 525 929 580 sola
979 523 1360 577 subsistentem
1431 520 1590 571 vitam
1652 519 1938 587 peperisti;
1995 531 2185 584 quam-

2292 499 2369 571 διό
2429 538 2486 571 σε
2531 517 2845 589 ἀξιοχρέωςι
2864 517 2960 587 τὴν
3012 518 3432 589 ἀειμακάριστον
3488 519 3582 572 νῦν
3623 527 3812 593 panpi-

650 617 830 669 obrem
851 624 900 666 te
929 628 1140 679 semper
1170 611 1532 664 beatissimam
1566 625 1708 664 nunc
1741 625 1836 678 pro
1865 608 2044 661 debito
2072 608 2197 660 bea-

650 718 756 759 tam
789 707 1144 773 appellamus.

720 793 995 863 Tanquam
1013 793 1324 847 Creatorem
1348 793 1504 845 enisa
1526 810 1540 857 ;
1564 801 1930 845 creaturarum
1950 788 2194 840 omnium
2275 809 2279 812 ν

650 885 851 953 Regina
902 887 1038 940 facta
1071 901 1127 938 es
1163 892 1493 968 :.propterea
1529 893 1578 938 te
1607 883 1989 952 gloriﬁcamus,
2021 893 2053 931 ο
2080 878 2195 930 Dei-

645 993 797 1046 para.
826 977 937 1031 sola
967 992 1181 1045 semper
1211 975 1373 1045 Virgo
1406 977 1540 1046 (7i).

647 1177 949 1230 innocentis
978 1179 1081 1230 viri
1116 1178 1244 1231 Adae
1270 1179 1517 1236 formata.
1545 1176 1645 1231 sibi
1677 1172 2042 1227 innocentiam
2071 1186 2190 1236 per-

646 1249 814 1307 didit.
870 1249 1024 1300 nobis
1084 1249 1343 1312 originale
1395 1256 1670 1315 peccatum
1718 1243 1921 1315 invenit
1972 1262 1983 1294 :
2028 1241 2190 1292 Maria

647 1332 773 1367 vero
811 1317 875 1366 de
908 1333 1082 1368 massa
1109 1313 1438 1383 perditionis.
1467 1316 1580 1367 sine
1607 1313 1903 1383 perditione
1932 1319 2191 1383 concepta

646 1395 924 1451 peccatum
980 1380 1238 1448 originale
1291 1385 1542 1453 perdidit,
1593 1382 1769 1453 primo
1825 1380 2188 1453 innocentiam

648 1449 873 1514 invenit,
909 1469 1161 1520 eumque,
1203 1449 1302 1519 qui
1340 1453 1582 1505 omnium
1630 1449 1788 1520 diluit
1823 1455 2062 1520 peccata,
2087 1449 2189 1500 im-

648 1521 972 1575 maculatum
997 1518 1158 1575 edidit
1187 1518 1547 1574 immaculata.
1592 1541 1608 1568 ι
1650 1518 1775 1570 Haec
1803 1518 1910 1569 ille.
2087 1561 2091 1563 .

718 1592 970 1646 Sanctius
998 1593 1157 1643 etiam
1187 1606 1215 1643 a
1251 1589 1406 1642 Porta
1455 1591 1572 1641 ord.
1603 1588 1824 1639 Praedic.
1857 1587 1909 1637 in
1957 1600 2056 1638 suo
2082 1585 2195 1639 Ma—

645 1662 762 1712 riali
791 1675 954 1713 serui.
999 1661 1084 1722 I5,
1120 1660 1186 1712 de
1227 1662 1325 1711 hac
1357 1657 1594 1726 Virginis
1642 1655 2194 1726 imiocentiaglocutus

645 1731 779 1781 divit
808 1747 821 1782 :
854 1748 869 1778 i
913 1729 1020 1782 Eva
1051 1728 1236 1781 habuit
1257 1729 1364 1782 duo
1395 1724 1611 1779 nomina
1645 1743 1656 1777 :
1684 1725 1935 1792 primum.
1963 1724 2015 1776 in
2046 1733 2191 1779 statu

646 1799 961 1850 innocente!)
1026 1800 1210 1864 virago

644 1878 931 1932 corrupte,
961 1867 1090 1920 Eva.
1120 1862 1220 1920 Sed
1240 1868 1302 1918 de
1325 1868 1505 1932 virago
1530 1865 1654 1917 tolle
1679 1864 1742 1922 A,
1769 1862 1976 1932 scilicet
1999 1866 2187 1926 Adam,

643 1936 732 2000 qui
795 1931 941 1988 illum
996 1947 1194 1988 statum
1245 1931 1497 2001 perdidit,
1533 1944 1586 1986 et
1637 1940 1874 1985 remanet
1913 1931 2081 2001 virgo,
2123 1936 2188 1988 ad

646 1999 998 2065 iimumrhrm,
1037 2005 1176 2071 quod
1225 1999 1397 2057 status
1441 2003 1776 2058 innocentiae,
1814 1999 2050 2071 perditus
2097 2018 2191 2069 per

644 2074 834 2133 Adam,
877 2066 1222 2139 rc'cupcratur
1266 2082 1318 2123 et
1364 2073 1640 2124 reducitur
1670 2085 1780 2139 per
1815 2066 2113 2139 Virginem.—
2163 2092 2181 2122 ι

647 2141 782 2194 Ilinc
819 2143 873 2194 P.
912 2137 1230 2195 Hortensius
1269 2140 1628 2194 Pallavieinus
1663 2137 1944 2191 Soc.-Ji-su
1985 2141 2035 2190 in
2075 2143 2189 2195 Sitis

647 2212 849 2278 Elogiis
890 2221 1038 2278 parte
1089 2227 1124 2269 ι,
1163 2212 1333 2278 elogio
1372 2211 1425 2271 4,
1463 2210 1529 2262 de
1564 2209 1763 2278 illibata
1813 2209 2185 2278 conceptione,

643 2283 709 2333 de
755 2277 926 2332 Maria
987 2281 1230 2345 loquens.
1259 2277 1266 2278 ί
1295 2280 1370 2330 ait
1413 2280 1555 2332 inter
1606 2277 2186 2345 alia77:.i__Monstriim

642 2361 806 2408 esset.
841 2341 1182 2400 innocentem
1220 2362 1325 2398 non
1382 2361 1501 2398 esse
1554 2345 1671 2410 ejus
1712 2344 1792 2412 (Β.
1827 2341 2074 2413 Virginis)
2101 2362 2189 2413 ge-

643 2417 897 2476 nimii-am,
933 2431 1052 2483 qua:
1081 2416 1190 2466 sola
1225 2417 1324 2466 sub
1361 2415 1677 2480 lioroscopio
1700 2412 2185 2483 concipiturdniio-

639 2488 845 2537 ceiitiaa.
880 2485 981 2534 Eva
1013 2499 1212 2536 nocens
1239 2484 1407 2550 prima
1441 2491 1716 2550 peccatum
1750 2482 2000 2550 concepit
2031 2500 2042 2532 :
2078 2483 2184 2542 Eva

642 2555 899 2606 innocens
942 2554 1110 2619 prima
1159 2549 1273 2603 sine
1313 2549 1530 2618 peccato
1564 2549 1883 2613 concipitur.
1921 2569 1939 2598 ι
1977 2549 2080 2602 Sed
2119 2552 2185 2612 de

641 2625 825 2676 eadem
859 2621 1094 2684 Virginis
1134 2622 1435 2672 innocentia
1459 2621 1709 2686 praeclare
1749 2619 1972 2670 omnino
1995 2619 2185 2680 Petrus

646 2691 911 2757 Pazmany
957 2690 1013 2742 S.
1057 2691 1119 2741 Β.
1155 2689 1211 2757 ﬁ.
1247 2691 1532 2742 cardiualis
1574 2689 1624 2742 in
1671 2701 1766 2740 sua
1793 2688 2078 2757 concione
2121 2689 2186 2747 de

647 2756 990 2812 immaculato
1046 2759 1104 2810 Β.
1156 2756 1393 2825 Virginis
1447 2767 1724 2822 conceptu,
1773 2756 1898 2806 dum
1951 2757 2067 2808 ait:
2110 2758 2186 2815 Eo

650 2827 836 2894 majori
869 2828 1265 2881 asseveratione
1310 2827 1415 2878 diei
1449 2834 1619 2893 potest
1649 2826 2010 2894 beatissimam
2059 2825 2203 2879 Dei--

649 2893 830 2962 βαι-δίη
868 2911 971 2949 non
1019 2905 1226 2948 tantum
1277 2897 1341 2947 ab
1374 2896 1518 2946 omni
1567 2893 1812 2958 originali
1861 2893 1980 2945 labe
2017 2894 2186 2954 fuisse

648 2968 1010 3045 innocentem,
1043 2979 1164 3045 quo
1199 2963 1458 3045 originale
1498 2971 1769 3041 peccatum
1811 2971 1903 3045 ‘est
1950 2962 2184 3040 deterius

648 3050 710 3086 ac
738 3035 906 3102 magis
931 3034 1220 3094 exitiabile,
1242 3029 1632 3102 iquain‘iomnia
1659 3029 1843 3102 mundi
1882 3030 2060 3102 totius
2092 3048 2182 3085 ve-

649 3097 1086 3169 nialia‘peccata.
1122 3097 1374 3154 Illud'est
1422 3101 1542 3152 Ions
1582 3109 1635 3150 et
1674 3097 1824 3169 radix
1869 3100 2180 3169 actualium.
2211 3113 2251 3166 ο

646 3171 763 3234 Quo
793 3165 952 3222 etiam
978 3187 1039 3221 ex
1075 3170 1246 3235 capite
1270 3176 1670 3235 argumentatus
1701 3165 2031 3235 Augustinus
2057 3184 2186 3221 con-

674 3205 763 3223 ...υ
978 3205 1039 3221 ω.
1075 3205 1132 3222 ω.
1163 3205 1246 3220 ..ιν
1270 3205 1316 3219 ς..
1369 3205 1670 3220 u....,..........
1701 3205 1778 3215 .-..
1825 3205 2031 3218 ...μ-...ω
2057 3205 2182 3221 νυ..-

647 3205 725 3291 lia
764 3237 1032 3290 Julianiini
1078 3205 1193 3303 cap.
1237 3238 1288 3297 9,
1328 3205 1427 3289 gub
1465 3236 1642 3294 linem,
1687 3205 1875 3302 prohat
1907 3234 2182 3291 Christum

648 3323 920 3374 nunquam
952 3323 1221 3373 peccasse,
1255 3322 1318 3358 eo
1358 3306 1500 3372 quod
1540 3303 1782 3370 originali
1814 3306 1928 3354 labe
1956 3303 2186 3361 infectus

648 3392 756 3455 non
788 3377 966 3455 fuerit,
994 3387 1046 3427 et
1075 3376 1316 3453 adjungit
1359 3392 1372 3426 :
1412 3375 1656 3455 i’rolecto
1699 3381 1996 3455 peceatum"
2022 3374 2184 3455 etiam

647 3437 820 3511 tuajor
869 3445 1104 3500 iecisset,
1144 3437 1193 3495 si
1247 3437 1506 3506 parvulus
1558 3441 1847 3511 habuisset.
1885 3458 1900 3489 ο
1945 3437 2184 3511 εἰοίὸιιε,

648 3508 749 3577 Qui
777 3522 828 3564 et
862 3512 997 3562 intra
1022 3513 1167 3565 addit
1199 3527 1211 3562 :
1244 3530 1261 3560 i
1303 3512 1551 3579 Magnum
1592 3508 1939 3579 tribunalium
1962 3510 2185 3566 axioma

647 3594 749 3652 est,
769 3583 913 3652 quod
943 3581 987 3632 si
1016 3580 1080 3633 de
1111 3581 1362 3648 qu0piam
1394 3577 1620 3652 quiestio
1641 3577 1967 3652 suboriatur,
1994 3592 2185 3652 reusne

648 3651 739 3709 sit.
787 3645 858 3702 an
904 3645 1183 3711 innocens,
1225 3645 1488 3702 innocens
1541 3647 1726 3699 debeat
1759 3645 1984 3706 censeri,
2017 3645 2186 3702 donec

648 3718 961 3770 indubitatis
1000 3719 1211 3772 indiciis
1253 3727 1306 3769 rt
1340 3718 1454 3768 luce
1475 3715 1793 3768 clarioribus
1826 3713 2184 3770 demonstrari

649 3787 817 3852 possit
843 3789 987 3838 illum
1016 3803 1133 3840 esse
1169 3802 1338 3838 reum.
1370 3783 1502 3836 Vide
1530 3782 1867 3835 Aristotelem
1902 3781 2181 3851 Probl.29,

603 3890 610 3894 ~
647 3873 694 3923 ι),
731 3856 797 3907 I3
829 3874 841 3908 :
877 3876 893 3905 ι
939 3856 1103 3908 Itenm
1139 3857 1361 3908 liberare
1385 3855 1629 3906 volumus
1665 3854 1838 3923 potius
1879 3853 2181 3918 nocentem,

645 3919 1183 3992 quamcmidemtiare
1225 3928 1574 3977 innocentem.
1625 3940 1641 3970 ι
1679 3919 1878 3971 Idcirco
1910 3925 2181 3992 cumbea-

648 3994 909 4046 tissimam
939 3991 1206 4059 Virginem
1234 3992 1507 4060 originalis
1537 4004 1686 4060 noxae
1713 4003 1854 4060 ream
1880 4003 1998 4041 esse
2024 3991 2182 4044 indu-

651 4064 830 4114 bitatis
855 4056 1246 4125 et_c|arioribtts
1267 4056 1382 4112 luce
1407 4059 1616 4111 iudiciis
1637 4056 1843 4109 ostendi
1865 4073 1968 4108 non
1991 4061 2180 4124 possit,

648 4132 754 4183 iiiio
803 4131 945 4182 illam
995 4130 1279 4181 defendere
1328 4129 1443 4180 sine
1492 4130 1597 4177 ullo
1656 4141 1836 4177 errore
1884 4126 2038 4196 liceat
2093 4143 2184 4196 per

647 4199 962 4256 Ecclesiam.
1001 4199 1046 4248 id
1088 4214 1183 4250 nos
1228 4197 1302 4249 illi
1340 4213 1443 4247 non
1489 4211 1683 4262 negare
1727 4204 1989 4247 tenemur.
2018 4195 2183 4252 Porro

647 4272 700 4318 in
752 4270 838 4320 die
899 4268 1083 4335 judicii
1142 4283 1247 4320 non
1289 4265 1552 4316 videretur
1605 4266 1821 4335 decens
1853 4263 2028 4335 minus
2064 4282 2182 4320 esse

647 4332 967 4405 completam
999 4339 1050 4387 in
1082 4337 1182 4389 hoc
1209 4336 1649 4405 omnipotentiani
1679 4344 1724 4405 et
1758 4332 2177 4405 misericordiam

647 4402 904 4469 divinam,
937 4421 1032 4457 nec
1060 4405 1348 4472 gloriosum
1379 4402 1551 4455 Judici
1581 4403 1818 4472 Christo,
1846 4402 1934 4472 qui
1965 4406 2026 4472 de
2049 4403 2181 4456 divi-

649 4475 731 4525 nis
759 4476 1034 4540 pi‘atceptis
1064 4470 1321 4525 rationein
1351 4480 1475 4523 tunc
1506 4471 1728 4538 accipiet
1760 4471 1825 4520 ab
1851 4470 2176 4535 hominibus,

650 4544 693 4593 si
737 4543 806 4592 ita
841 4541 1054 4592 Matrem
1093 4545 1203 4608 ipse
1252 4555 1354 4592 non
1403 4541 1786 4596 lionoravisset,
1826 4545 1882 4588 ut
1922 4541 2177 4594 minimus

647 4609 955 4677 angelorum
998 4610 1114 4661 εωιί
1167 4610 1523 4669 innocentior,
1555 4623 1712 4673 quam
1755 4608 1863 4664 illa,
1903 4623 2202 4672 appareret'

649 4680 699 4728 in
762 4677 852 4728 illo
897 4678 1001 4738 dic,
1052 4693 1171 4730 cum
1222 4678 1273 4728 Iii
1305 4678 1354 4727 iii
1408 4685 1668 4741 tottitevo
1715 4688 1812 4725 suo
1848 4678 2179 4740 apparebunt

648 4748 1071 4798 innocentissimi
1123 4748 1238 4799 sine
1276 4746 1378 4796 nlla
1410 4745 1584 4810 culpa,
1634 4756 1818 4794 eorum
1866 4752 2040 4794 tamen
2075 4743 2179 4796 Rc-

648 4817 790 4880 gina,
822 4825 871 4866 et
905 4815 1070 4867 Mater
1101 4816 1297 4866 sumini
1344 4817 1512 4865 saneti
1554 4819 1623 4880 et?
1653 4812 2050 4880 omnipotentis,
2082 4815 2176 4863 ali.

647 4879 861 4950 quando
924 4899 1045 4934 cum
1100 4883 1304 4936 macula
1360 4882 1565 4934 fuisset.
1609 4879 1772 4930 Plane
1813 4894 1922 4950 IIOIt
1971 4882 2178 4934 videtur

647 4946 818 5019 magis
860 4955 1050 5004 derens
1093 4953 1271 5004 minus
1314 4953 1363 5002 in
1403 4951 1504 5002 hoc
1551 4963 1770 5001 curasse
1800 4946 2068 5001 Christum
2111 4951 2176 5003 de

649 5028 848 5072 honore
887 5020 1070 5074 Matris
1099 5030 1151 5072 et
1177 5021 1530 5073 ostentatione
1547 5032 1654 5070 sine
1679 5019 1997 5072 omnimodae
2029 5023 2176 5086 puri-

649 5093 768 5141 tatis
797 5098 849 5142 et
899 5090 1292 5152 misericordiae,
1350 5100 1459 5141 tum
1494 5087 1723 5139 arcendo
1768 5101 1795 5136 a
1828 5087 1991 5139 Matre
2039 5092 2175 5141 lianc

651 5159 909 5210 minorem
945 5153 1371 5224 praerogatiiam,
1392 5155 1532 5223 quod
1562 5157 1965 5222 posseiitangcli
1992 5158 2040 5206 in
2072 5173 2164 5223 pii.

651 5228 936 5278 blicatiune
960 5227 1101 5279 illius
1125 5229 1228 5279 diei
1263 5229 1458 5285 dicere,
1488 5227 1879 5276 innocentiores
1909 5240 2024 5276 esse
2061 5230 2170 5291 ipsa

651 5312 745 5348 sua
795 5295 1015 5362 llegiua,
1060 5304 1170 5346 tum
1212 5297 1496 5348 exaltando
1528 5309 1679 5345 suam
1729 5293 2169 5358 misericordiam,

651 5368 789 5431 quod
821 5381 923 5415 non
963 5363 1192 5416 dclncrit
1222 5366 1271 5415 iii
1318 5363 1766 5417 excellentissimo
1795 5363 2172 5428 redemptionis

655 5436 810 5485 modo
843 5434 1002 5483 etiam
1040 5450 1068 5484 a
1119 5445 1329 5500 peccato
1372 5432 1617 5501 originali
1656 5447 1771 5482 eam
1818 5447 2169 5495 praest-rtans.

652 5502 802 5563 Nam,
828 5511 882 5551 ut
926 5503 1186 5556 Antonius
1213 5501 1478 5554 Navarrus
1508 5517 1570 5553 ex
1607 5501 1950 5552 Dominicana
1972 5502 2166 5554 I'aniilia

652 5577 700 5623 in
743 5584 990 5622 sei'iiiono
1041 5573 1104 5622 de
1149 5574 1491 5636 conceptione
1518 5570 1600 5627 ςΒ.
1647 5569 1875 5633 Virginis
1915 5572 1986 5619 ait
2017 5590 2029 5623 :
2061 5592 2078 5622 ι
2113 5573 2164 5624 Si

647 5642 786 5693 Deus
820 5639 1032 5703 angelos
1073 5639 1192 5693 fecit
1236 5642 1452 5705 spiritus
1475 5639 1896 5708 jtntitidissiiiios,
1929 5653 2023 5692 cur
2065 5659 2164 5693 non

641 5723 827 5767 eorum
878 5709 1112 5774 reginam
1162 5723 1430 5776 puriorem
1475 5705 1718 5763 laceret?
1769 5705 1868 5758 Vas
1911 5715 2164 5763 mundum

1270 1817 1281 1850 :
1329 1799 1623 1849 Secundum
1679 1795 1730 1845 in
1789 1802 1927 1844 statu
1991 1805 2265 1858 natura];

2297 610 2487 679 ζομεν·
3155 628 3163 633 ·

2378 786 2462 844 'a;
2489 784 2578 833 τὸν
2597 783 2845 851 κτίστην.
2862 785 3107 852 κυήσασα
3135 784 3346 838 πάντων
3381 786 3697 852 ποιημάτιον
3719 784 3808 848 (ea.

2298 877 2394 940 Θνις
2426 872 2702 941 βασίλισσαι
2722 889 2735 902 ·
2757 873 2842 925 διὰ
2863 873 3014 925 τοῦτό
3041 890 3099 924 σε
3119 873 3430 942 δοξάζομεν,
3457 873 3681 925 Θεοτόχε
3707 876 3808 941 μόνη

2299 960 2636 1030 ἁειπάρθενε.

2297 1160 2454 1228 elegit
2509 1159 2738 1220 Eliseiis,
2814 1161 2865 1210 in
2921 1173 3029 1225 quo
3077 1157 3481 1228 mitteretursal
3529 1167 3811 1210 sanaturum

2295 1225 2459 1294 aquas
2491 1228 2742 1289 Jericlio;
2799 1227 2873 1279 ita
2923 1236 2975 1279 et
3008 1242 3099 1279 vas
3143 1225 3561 1294 mupdissimum
3607 1234 3662 1278 et
3687 1242 3813 1278 orna-

2298 1293 2408 1350 tiim
2437 1298 2582 1348 omni
2622 1297 2794 1362 lapide
2832 1295 3065 1362 pretioso
3094 1295 3192 1348 Iiiit
3233 1293 3291 1345 B.
3323 1294 3505 1361 Virgo,
3532 1293 3582 1344 in
3616 1309 3716 1360 quo
3749 1311 3813 1347 re-

2298 1365 2618 1418 conderetur
2644 1363 2893 1418 Christus
2939 1363 3083 1416 salus
3122 1378 3245 1415 vera
3294 1363 3640 1429 populorum,
3665 1362 3744 1428 qni
3772 1363 3808 1414 in

2295 1433 2447 1500 aquis
2479 1433 2795 1501 ligurantiir,
2825 1432 2975 1498 juxta
3001 1433 3125 1484 illud
3161 1429 3415 1501 Joannis:
3447 1431 3617 1501 Aqua;
3639 1431 3806 1501 muttit,

2297 1499 2476 1569 peput'i'
2520 1499 2692 1552 inulti.
2721 1499 2778 1552 In
2822 1501 3139 1569 malevolam
3186 1500 3415 1550 animam
3461 1513 3568 1569 non
3605 1500 3812 1551 introibit

2299 1567 2584 1637 sapientia,
2619 1584 2715 1621 uec
2750 1568 3007 1620 habitabit
3040 1571 3090 1620 in
3123 1582 3349 1633 corpore
3393 1567 3614 1637 subdito
3652 1581 3810 1637 pecca-

2301 1635 2388 1700 tis,
2420 1637 2682 1703 alioquin'
2707 1637 2974 1689 derideret
3003 1648 3056 1688 et
3107 1637 3462 1689 subsannaret
3510 1635 3743 1703 diabolus
3771 1637 3810 1689 iit
3898 1635 3899 1703 ᾖ

2298 1721 2424 1759 voce
2457 1702 2852 1768 exSultationis,
2881 1705 3021 1772 quod
3053 1704 3202 1770 prius
3240 1702 3634 1772 possederitiin
3665 1719 3809 1772 suam.

2295 1789 2454 1838 quam
2484 1784 2666 1842 postea
2692 1773 2833 1824 Deus
2860 1769 2912 1824 iii
2936 1769 3152 1824 Matrem
3174 1769 3351 1837 elegit.
3371 1769 3499 1842 Non
3521 1771 3645 1842 sivit
3674 1770 3809 1842 Deus,

2296 1837 2351 1893 iit
2408 1837 2615 1894 daemon
2668 1843 2967 1894 columbam
3015 1850 3307 1893 assumi-ret
3359 1839 3424 1890 ad
3470 1837 3807 1906 decipiendain

2290 1910 2454 1964 Evam
2515 1910 2636 1975 (sub
2697 1909 2998 1962 columbina
3042 1909 3181 1961 enim
3247 1908 3471 1973 specie,
3531 1907 3673 1960 sicut
3725 1911 3806 1959 sub

2293 1979 2629 2030 vestimentis
2675 1980 2876 2039 ovium,
2929 1977 3118 2029 melius
3165 1984 3540 2042 contegci-etur
3586 1975 3806 2027 simulata

2301 2045 2470 2107 fraus,
2498 2061 2655 2113 quam
2700 2046 2798 2098 sub
2831 2046 3133 2113 sei-pentina
3163 2045 3339 2112 pelle),
3369 2043 3495 2113 quia
3525 2045 3806 2113 columbam

2290 2111 2668 2180 assuinpturus
2720 2123 2835 2166 erat
2883 2111 3115 2179 Spiritus
3168 2111 3394 2164 ’sanctus
3448 2111 3499 2164 in
3568 2112 3807 2177 baptismo

2288 2184 2521 2244 Christi;
2550 2187 2619 2235 ita
2667 2198 2768 2235 nec
2811 2182 2972 2244 illam,
3011 2183 3075 2233 de
3108 2196 3209 2242 qua
3251 2196 3362 2232 nasi
3383 2181 3558 2231 iturus
3601 2191 3712 2231 erat
3736 2180 3806 2232 Fi-

2289 2252 2393 2304 lius
2425 2251 2538 2314 Dei,
2574 2252 2795 2303 decebat
2838 2251 3013 2302 sedem
3059 2248 3223 2302 fuisse
3269 2247 3757 2314 unqiiam,Satanae.
3791 2268 3803 2294 ι

2291 2319 2380 2370 Sic
2411 2293 2538 2373 iiie.’
2559 2318 2631 2370 Ne
2680 2319 2839 2386 igitur
2867 2319 2917 2369 in
2958 2318 3041 2370 die
3085 2317 3267 2383 judieii
3317 2289 3563 2369 οὲθιεειὲε
3613 2316 3806 2386 spiritus

2287 2402 2470 2438 eorum
2522 2385 2722 2453 Regina
2764 2397 3084 2453 apparerent
3114 2385 3536 2447 innocentiores,
3572 2385 3682 2437 haec
3714 2385 3806 2436 sine

2287 2456 2462 2520 aliqua
2519 2451 2721 2522 peccati
2776 2454 2981 2522 macula
3038 2451 3137 2503 fuit
3197 2461 3479 2522 concepta.
3533 2453 3810 2522 atqiieihoe
3898 2451 3899 2506 Ξ

2287 2521 2528 2589 forsitan
2547 2523 2742 2574 intuitu
2765 2537 2792 2573 a
2818 2521 2872 2574 S.
2901 2521 3131 2588 .Iosepbo
3159 2521 3312 2573 titulo
3372 2521 3807 2574 innocentissima:

2286 2591 2622 2655 COmpeIIala.

2357 2659 2464 2727 (7|)
2504 2660 2637 2721 Quia
2671 2657 2782 2709 sola
2813 2667 2918 2727 tam
2956 2657 3005 2708 in
3031 2671 3254 2727 corpore
3285 2671 3445 2727 quam
3472 2657 3526 2708 in
3553 2657 3727 2708 anima
3755 2659 3810 2707 ab

2287 2723 2455 2778 omni
2484 2726 2933 2778 coiitaminatione
2975 2727 3166 2777 aliena.
3207 2723 3366 2776 Favet
3403 2723 3460 2776 S.
3510 2726 3808 2777 Anastasius

2289 2795 2492 2847 Siuaita
2527 2795 2651 2846 dum
2678 2796 2812 2846 libro
2848 2809 2879 2844 l!
2917 2794 2968 2843 iii
3019 2792 3381 2844 Hexaemeron
3429 2794 3706 2857 Deiparain
3728 2809 3808 2859 ap-

2288 2863 2492 2929 pellat:
2530 2881 2548 2912 ‹
2595 2860 2797 2914 Lunam
2859 2863 3090 2928 plenam,
3121 2877 3247 2929 tum
3287 2876 3563 2927 nunquam
3621 2863 3808 2915 minuta

2286 2927 2379 2982 aut
2420 2932 2648 2988 defecit.
2707 2939 2796 2982 aut
2851 2927 3049 2994 privata
3113 2927 3210 2980 fuit
3271 2930 3547 2982 essentiali
3602 2931 3806 2990 lumine,

2288 3014 2476 3065 nempe
2511 3015 2604 3050 sua
2647 2997 2971 3065 virginitate.
3023 3017 3039 3046 ι
3093 2999 3295 3050 Lumen
3348 3012 3592 3065 namque
3643 3011 3808 3049 essen-

2287 3064 2706 3133 tialeexplicans
2743 3064 3116 3133 virginitatem,
3149 3080 3252 3116 non
3299 3064 3537 3131 loquitur
3569 3064 3636 3117 de
3670 3067 3808 3131 virgi-

2292 3134 2455 3186 nitate
2498 3134 2672 3192 solius
2717 3133 2977 3199 corporis,
3015 3134 3125 3186 haec
3174 3134 3317 3198 enim
3361 3147 3464 3185 non
3516 3142 3688 3199 potest
3715 3135 3804 3184 dici

2289 3201 2465 3254 lumen
2503 3203 2784 3256 essentiale
2828 3202 3012 3268 grati-2e
3047 3212 3099 3253 et
3135 3201 3453 3258 sanctitatis.
3501 3215 3624 3251 nam
3656 3211 3809 3262 potest

2286 3269 2404 3335 ejus
2430 3271 2662 3322 carentia
2709 3270 2957 3335 componi
2993 3285 3111 3321 cum
3175 3269 3367 3320 eximia
3410 3269 3698 3321 sanctitate
3751 3285 3804 3320 ex

2289 3338 2491 3390 lumine
2523 3340 2726 3403 gratiae,
2774 3337 2913 3389 sicut
2955 3337 3148 3389 accidit
3182 3335 3237 3388 S.
3273 3337 3474 3399 Annae;
3512 3337 3603 3389 sed
3647 3337 3806 3404 loqui-

2290 3414 2374 3456 tiir
2398 3406 2464 3458 de
2492 3406 2695 3474 integra
2725 3405 3020 3472 virginitate
3047 3419 3137 3474 seu
3171 3405 3400 3474 puritate
3429 3404 3676 3472 virginis,
3703 3420 3809 3456 coro

2288 3475 2432 3540 poris
2461 3473 2662 3526 scilicet
2704 3484 2755 3526 et
2793 3474 3002 3534 animae,
3029 3473 3183 3539 cujus
3219 3473 3512 3539 puritatem
3553 3474 3808 3524 omnimo-

2286 3543 2407 3592 dam
2443 3550 2700 3593 vocarunt
2732 3542 2890 3608 etiam
2926 3540 3110 3593 Patres
3165 3541 3521 3605 integritatem
3565 3550 3621 3593 et
3663 3541 3809 3608 virgi-

2287 3611 2528 3662 nitatem.
2560 3610 2741 3677 Itaque
2764 3607 2928 3677 Virgo
2973 3609 3331 3661 sacratissima
3380 3623 3489 3661 non
3537 3616 3624 3662 est
3663 3607 3806 3676 passa

2285 3677 2575 3744 deliquium
2621 3676 2715 3730 aut
2759 3676 3022 3729 delectum
3078 3677 3130 3728 in
3184 3677 3486 3743 integritate
3551 3691 3674 3736 sua.
3712 3686 3806 3728 tum

2284 3749 2564 3813 corporis,
2613 3756 2721 3797 tum
2789 3746 3007 3807 animai,
3053 3760 3194 3813 quae
3253 3760 3375 3795 cum
3430 3745 3482 3796 in
3533 3746 3808 3798 sanctitate

2284 3811 2461 3865 creata
2497 3815 2705 3875 luisset,
2737 3828 3007 3879 nunquam
3045 3811 3144 3864 fuit
3174 3814 3300 3863 orba
3329 3814 3527 3864 lumine
3544 3813 3806 3866 essentiali

2281 3883 2465 3945 gratiae
2495 3884 2544 3934 in
2575 3885 2773 3945 anima,
2813 3897 2909 3934 nec
2955 3882 3234 3946 splendore
3262 3882 3605 3947 superadieto
3637 3884 3802 3932 incor-

2285 3950 2548 4015 ruptionis
2597 3953 2648 4001 in
2697 3965 2938 4016 corpore,
2965 3949 3214 4000 nimirum
3245 3949 3554 4016 omnimoda
3593 3949 3806 4016 virgini-

2285 3965 2548 4015 rnptionts
2597 3967 2648 4001 in
2697 3965 2788 4002 cor
2827 3965 2938 4012 ore,
2965 3965 3214 4000 nimirum
3245 3965 3554 4000 omiiimoua
3593 3965 3806 4016 νει-διπη-

2285 4026 2392 4068 tate
2418 4029 2469 4069 et
2506 4020 2756 4083 puritate.
2883 4019 3282 4084 Augustinuset
3321 4013 3410 4084 alii
3452 4015 3646 4070 Patres
3671 4020 3807 4068 due-

2284 4097 2409 4137 runt
2453 4087 2600 4153 prius
2631 4085 2938 4152 concepisse
2976 4083 3262 4152 ’Virginem
3320 4083 3557 4137 Verbum
3616 4094 3803 4143 mente,

2282 4168 2654 4220 qnam-cariie,
2683 4155 2993 4220 denotantes
3038 4154 3192 4206 tidem
3233 4153 3350 4219 ejus
3394 4162 3447 4204 et
3485 4154 3806 4205 voluntatem

2287 4225 2595 4289 requisitam
2645 4224 2708 4276 ad
2761 4223 3179 4290 assumptiouem
3235 4221 3583 4273 humanitatis
3617 4222 3674 4272 iu
3704 4220 3813 4287 ejus
3898 4235 3899 4290 ξ

2283 4303 2485 4344 ventre.
2511 4293 2697 4358 Itaque
2725 4292 2893 4343 virtus
2927 4289 3116 4342 amnis:
3141 4289 3203 4341 ad
3236 4292 3645 4354 conceptionem
3681 4292 3810 4341 divi-
3898 4291 3899 4358 έ

2284 4373 2402 4410 nam
2455 4361 2706 4426 requisita
2757 4359 2872 4411 fuit.
2915 4359 3245 4424 Quapropter
3283 4358 3533 4410 «decebat
3587 4366 3650 4408 ut
3715 4373 3810 4409 non
3898 4361 3899 4404 ξ

2216 4433 2258 4486 D
2287 4428 2463 4480 minus
2492 4428 2679 4481 luisset
2716 4441 2865 4494 pura,
2917 4437 2968 4478 et
3015 4428 3240 4494 integra,
3272 4435 3323 4477 et
3373 4426 3522 4493 virgo
3552 4426 3642 4494 ab
3675 4425 3808 4476 omni

2282 4490 2735 4548 coiitaminatione
2756 4498 2922 4562 culpa:
2958 4490 3361 4555 anima'llilariae,
3385 4490 3546 4559 quam
3575 4490 3698 4561 ejus
3729 4508 3811 4544 Ca-

2283 4579 2342 4615 ro
2370 4580 2496 4630 pura
2523 4574 2572 4616 et
2608 4567 2930 4630 incorrupta.
2959 4562 3021 4615 Et
3041 4579 3104 4614 ne
3133 4566 3253 4630 quis
3283 4563 3606 4629 intelligeret
3641 4565 3808 4630 ipsimi

2278 4631 2621 4684 Anastasiiim
2669 4632 2813 4698 loqui
2873 4633 3041 4684 solum
3088 4631 3152 4683 de
3208 4639 3460 4697 perpetua
3511 4631 3812 4698 virginitate

2278 4703 2539 4765 corporis,
2570 4702 2680 4767 ipse
2721 4703 2776 4751 ὃ.
2811 4700 3124 4753 Anastasius
3163 4714 3218 4752 se
3249 4698 3474 4765 explicat
3530 4701 3808 4751 subdens:

2286 4786 2303 4815 (
2340 4767 2646 4819 Perseverat
2677 4767 2838 4820 Maria
2879 4772 3026 4836 virgo
3075 4768 3249 4835 quoad
3290 4768 3525 4818 animam
3563 4784 3578 4818 :
3627 4787 3647 4815 ι
3697 4783 3810 4833 pet"

2279 4848 2434 4901 petua
2477 4845 2653 4888 autem
2703 4836 2981 4904 virginitas
3010 4839 3182 4904 quoad
3227 4836 3480 4904 animam,
3514 4845 3604 4886 est
3634 4850 3813 4902 perpr-

2280 4905 2711 4972 tua-integritas,
2765 4909 2938 4972 quoad
2993 4903 3689 4972 peccatuni,’vel_actuale,
3738 4907 3810 4954 vel
3898 4915 3899 4954 1

2276 4969 2556 5052 originale.
2602 4971 2734 5026 Vide
2783 4969 3239 5039 Nierembergium
3296 4971 3349 5021 in
3391 4969 3811 5042 Exceptionibus

2273 5042 2498 5103 cap.t5.

2304 5172 2307 5174 _
2436 5110 2685 5164 Alhertus
2721 5110 2940 5177 Magnus
2969 5123 3085 5174 cap.
3119 5107 3238 5167 181,
3266 5121 3423 5177 super
3476 5098 3684 5177 Missi}:
3721 5120 3810 5166 est.
3898 5111 3899 5162 ὲ

2274 5175 2532 5229 definiens
2558 5174 2844 5232 essentiam
2892 5177 3310 5244 propriissiniam
3348 5174 3705 5241 virginitatis.
3741 5180 3811 5228 sic
3898 5203 3899 5208 η

2275 5246 2444 5310 inquit
2477 5263 2489 5297 :
2528 5265 2545 5295 i
2592 5247 2880 5314 Virginitas
2909 5256 2989 5298 est
3019 5259 3262 5299 recessus
3302 5245 3368 5294 ab
3402 5244 3552 5314 omni
3590 5245 3761 5304 mam,
3793 5264 3808 5293 ι

2275 5316 2605 5366 tam-malum
2635 5312 2844 5373 animai.
2867 5329 3025 5381 quam
3053 5314 3292 5381 corporis
3322 5312 3809 5376 couipreliendens.

2275 5381 2336 5429 Et
2367 5365 2951 5450 quidem”niajoﬁrralio
3000 5365 3180 5434 habita
3218 5380 3316 5432 fuit
3342 5394 3371 5430 a
3408 5365 3513 5450 Deo
3556 5384 3812 5445 puritatis

2274 5449 2588 5513 spit‘illtulis,
2635 5447 2795 5518 quam
2847 5452 3162 5518 integritatis
3205 5447 3517 5518 corporalis.
3551 5450 3717 5514 quia,
3761 5461 3813 5499 iit
3898 5447 3899 5514 ξ

2271 5520 2451 5568 docuit
2507 5517 2836 5584 Augustinus
2875 5517 2991 5572 libr.
3031 5535 3087 5576 ι.
3126 5519 3200 5568 De
3235 5517 3500 5567 mendacio
3550 5523 3626 5567 ad
3681 5519 3813 5572 Cun-

2271 5595 2425 5645 suut.,
2461 5604 2576 5653 cap.
2610 5591 2716 5639 'Zu:
2758 5607 2774 5637 i
2827 5590 2998 5641 Miniis
3042 5595 3132 5656 est
3155 5585 3409 5656 quidquid
3448 5584 3504 5635 in
3553 5602 3813 5656 corpore.
3898 5584 3899 5652 ἶ

2271 5670 2429 5720 quam
2460 5657 2716 5723 qurdqiiid
2743 5659 2792 5708 iu
2819 5661 2994 5709 anima
3035 5654 3218 5707 violari
3244 5662 3435 5722 potest.
3470 5670 3490 5702 ι
