3936 6304
177 395 322 464 ΗΠ

1556 434 1559 442 ·
1612 407 1958 472 MARIALE.

3209 423 3346 485 H78

269 511 625 582 ’Δλατόμητον
675 512 798 580 ὅρος
826 528 881 562 σε
935 511 1097 565 πάλαι
1139 513 1444 584 ’Λεϐακοὺμ
1475 517 1713 586 προεῖδεν

1887 516 2117 573 Montem
2160 535 2190 574 a
2239 520 2482 590 lapicidaz
2515 519 2704 581 manu
2733 533 3046 596 ;Immuncm
3106 534 3346 596 ρτειδνίὠι

173 605 242 657 ὲν
276 603 563 673 πνεύματι,
591 605 620 654 ὁ
650 602 780 665 Θεὸς
811 596 945 666 ego?»
974 603 1228 672 ὲπέφανε,
1260 607 1353 657 καὶ
1374 607 1538 674 ἡμᾶς,
1574 608 1717 676 Πςιρ⁸

173 694 324 757 Θένε,
356 693 669 746 διεσώσατο.

254 787 671 854 Σεσαρκώμενον
717 788 882 854 Λόγον
929 789 1118 861 διπλῆν
1163 791 1435 860 ἐνέργειαν
1487 792 1715 860 φέροντα

178 881 432 940 τέτοκας,
475 878 811 947 άπειρόγαμε
853 880 1022 949 Κόρη,
1065 884 1292 950 μείνασα
1353 881 1612 950 παρθένος
1636 880 1713 946 ξά-

181 974 432 1041 μέαντος.

258 1063 369 1128 Τῆς
402 1063 740 1132 προμήτορος
771 1061 911 1125 Εὔας
938 1061 1033 1113 νῦν
1048 1061 1354 1114 άνεκαλέσω
1381 1062 1476 1131 τὴν
1523 1057 1712 1132 ἧτταν,

176 1157 433 1223 κυήσασα
461 1155 748 1224 Δυτρωτὴν
777 1138 881 1206 τῶν
910 1153 1063 1217 ὅλων,
1087 1153 1179 1204 καὶ
1208 1153 1428 1220 Σωτῆρα
1455 1154 1546 1203 καὶ
1566 1149 1712 1224 ’κτί-

179 1262 318 1312 στην
344 1245 436 1297 καὶ
477 1224 699 1314 Κόριον,
723 1245 996 1314 Θεομῆτορ
1026 1245 1178 1312 μόνη,
1201 1244 1256 1294 ὲν
1301 1241 1539 1309 γυναιξὶν
1567 1241 1714 1292 εὐλο-

176 1335 426 1404 γημένη.
484 1336 579 1387 Διὰ
613 1335 767 1387 τοῦτό
796 1351 852 1386 σε
883 1334 1057 1384 πίστει
1090 1333 1398 1400 δοξάζομεν.

254 1510 390 1562 Νέον
403 1510 529 1578 ἡμῖν
548 1508 742 1578 βρέφος
764 1506 1075 1572 άπεκύησας
1089 1506 1295 1585 [ἰατρὸς
1311 1505 1397 1556 τὸν
1416 1504 1714 1574 ὀμοούσιον,

176 1599 481 1667 φθαρεῖσαν
525 1599 683 1666 φύσιν
727 1598 832 1649 τῶν
871 1595 1167 1664 ἀνθρώπων
1201 1596 1334 1666 πρὸς
1370 1595 1430 1647 τδ
1471 1594 1714 1664 ἀρχαῖον,

173 1689 342 1761 ἁγνὴ,
373 1689 561 1750 κάλλος
583 1689 747 1756 αὐτὴν
777 1689 932 1740 πάλιν
975 1686 1333 1753 ἐπανάγοντα.

254 1865 470 1932 Πελάγη
512 1862 790 1932 ἁμαρτιῶν
823 1861 916 1912 καὶ
952 1859 1170 1928 κύματα
1200 1856 1555 1924 ἀπογνώσεως
1601 1870 1725 1924 χειο·

179 1952 412 2020 μὰζουσί
461 1971 560 2021 μου
612 1952 701 2003 τὸν
742 1950 866 2004 νοῦν
893 1967 908 1984 ο
938 1948 1380 2018 σπλαγχνίσθητι,
1428 1947 1710 2006 Δέσποινα,

177 2045 276 2094 καὶ
308 2043 467 2113 χεῖρά
501 2059 588 2109 μοι
612 2041 868 2104 ἔκτεινον,
899 2040 991 2092 καὶ
1040 2038 1300 2091 διάσωσόν
1351 2053 1442 2106 με,
1469 2035 1559 2088 τὸν
1604 2036 1714 2087 Σω-

170 2134 367 2204 τῆραή
399 2136 666 2203 κυήσασα.

247 2309 449 2378 Γνώμη
502 2305 672 2375 οἰκείᾳ
709 2304 1038 2368 όλισθαίνων,
1073 2305 1163 2356 καὶ
1212 2303 1433 2372 πράξεις
1481 2302 1712 2363 ἀτόπους

177 2401 578 2470 περικείμενος,
629 2397 720 2450 ἐπὶ
758 2396 815 2447 σὲ
862 2394 1182 2462 καταφεύγω
1209 2409 1222 2422 ·
1259 2393 1437 2461 βοήθει
1486 2409 1595 2459 μοι,
1621 2391 1714 2442 Δέ-

176 2473 396 2556 σποινα,
431 2477 707 2559 μετανοίας
749 2487 980 2555 τρόπους
1031 2484 1337 2553 παρέχουσα
1392 2484 1452 2552 τῇ
1485 2489 1708 2553 ταπεινῇ

178 2601 288 2654 μου
307 2583 471 2651 ψυχῇ,
497 2582 581 2632 ἵνα
609 2579 811 2643 δοξάζω
842 2593 920 2629 σε.

262 2670 447 2737 Ῥῆξον
482 2667 578 2729 τὰς
613 2664 975 2723 πολυπλόκους
1014 2661 1120 2713 τῶν
1164 2661 1309 2729 ἐμῶν
1357 2662 1710 2729 ἐγκλημάτων

180 2760 406 2827 σειρὰς,
451 2757 748 2822 θεόνυμῳε,
806 2753 895 2804 τὸν
943 2751 1160 2821 αἴροντα
1201 2750 1290 2802 τοῦ
1343 2752 1543 2818 κόσμου
1584 2751 1711 2801 Θεὸν

179 2852 277 2918 τὴν
317 2847 612 2915 ἁμαρτίαν,
661 2844 796 2910 ὑπὲρ
837 2843 988 2908 λόγον
1046 2842 1322 2910 κυήσασα,
1380 2839 1711 2908 εὐλογημένη

181 2935 346 3005 ἁγνὴ,
382 2936 463 2986 ἀεὶ
494 2933 874 3000 δεδοξασμένη.

249 3024 436 3092 Νόμου
466 3023 526 3074 τὸ
554 3021 772 3080 σκιῶδες
809 3016 1112 3085 ἀπεπαύθη,
1145 3019 1424 3078 Δέσποινα,
1458 3016 1549 3068 σοῦ
1579 3033 1711 3086 κυη-

1813 610 1939 664 olim
1974 619 2041 675 te,
2082 625 2114 665 ο
2142 608 2323 682 Virgo,
2356 614 2607 672 Abbacuc
2638 619 2690 671 in
2723 619 2934 685 spiritu,
2967 635 3028 672 ex
3063 610 3171 686 quo
3207 619 3352 674 Deus

1815 698 2189 755 manifestatus
2216 709 2317 765 est,
2349 703 2607 772 nobisque
2639 706 2868 760 salutem
2908 707 3071 761 dedit.

1888 786 2113 841 Verbum
2171 790 2504 846 incarnatum
2571 794 2771 862 duplici
2839 796 3094 862 operandi
3154 797 3348 848 virtute

1813 877 2092 946 pralitum
2135 880 2184 931 in
2219 880 2389 948 lucem
2424 861 2713 949 protulisti,
2746 898 2777 936 ο
2804 861 2976 952 ρυειῖει
3026 885 3269 952 innupta,
3294 892 3348 936 et

1812 965 1975 1047 Virgo
2002 955 2290 1036 impolluta
2307 972 2669 1038 permansisti.
3364 961 3368 965 ”

1879 1057 2070 1110 Prima:
2125 1056 2308 1112 Matris
2365 1061 2486 1112 Eva!
2533 1060 2744 1115 cladem
2809 1078 2954 1115 nunc
3005 1063 3347 1124 restaurasti,

1812 1147 2238 1217 Redemptor-em,
2287 1149 2640 1214 Salvatorem,
2688 1151 3021 1216 Creatorem,
3062 1167 3125 1205 ac
3163 1152 3349 1205 Dauni-

1814 1255 1940 1292 num
2009 1240 2248 1292 omnium
2304 1241 2504 1303 enixa,
2560 1255 2592 1294 ο
2639 1240 2729 1294 Dei
2783 1241 2985 1308 Mater,
3044 1243 3151 1297 sola
3209 1244 3351 1296 inter

1814 1331 2063 1385 mulieres
2114 1331 2433 1386 benedicta:
2474 1331 2593 1385 ideo
2643 1341 2694 1386 te
2744 1347 2866 1386 cum
2920 1332 3023 1386 ﬁde
3077 1332 3348 1401 gloriﬁca-

1813 1435 1954 1472 mus.

1880 1505 2084 1559 Novum
2132 1508 2287 1562 nobis
2341 1508 2601 1563 infantem
2653 1509 2929 1578 peperisti,
2981 1509 3350 1563 consubstan-

1812 1594 1992 1648 tialem
2027 1595 2205 1659 Patri,
2236 1611 2267 1648 o
2292 1609 2459 1664 casta,
2499 1599 2589 1667 qui
2627 1599 2914 1652 humanam
2947 1608 3192 1652 naturam
3229 1612 3354 1650 cor-

1814 1691 2020 1750 ruptam
2047 1684 2112 1736 ad
2153 1685 2425 1752 antiquam
2461 1702 2611 1740 suam
2660 1687 3113 1756 pulchritudinem
3151 1685 3348 1740 iterum

1815 1774 2044 1828 reducit.
3327 1834 3331 1836 .

1880 1860 2061 1931 Pelagi
2137 1872 2520 1931 peccatorum,
2584 1861 2886 1931 ﬂuctusque
2949 1861 3347 1931 desperationis

1811 1952 2083 2020 exagitant
2130 1961 2360 2005 mentem
2404 1965 2574 2004 meam
2615 1969 2627 2004 :
2665 1951 2728 2002 ad
2762 1952 3185 2004 misericordiam
3235 1965 3351 2002 mo-

1813 2051 2033 2095 veantur
2080 2044 2283 2096 viscera
2329 2051 2438 2105 tua,
2475 2056 2507 2092 o
2533 2039 2757 2094 Domina
2788 2079 2802 2103 ,
2848 2055 3172 2107 manumque
3203 2050 3349 2092 tuam

1810 2132 2100 2186 extendens
2127 2133 2256 2185 mihi
2296 2132 2502 2185 salvum
2535 2147 2619 2184 me
2643 2131 2750 2194 fac,
2783 2139 2839 2184 tu
2869 2145 2988 2198 quae
3018 2129 3346 2182 Salvatorem

1813 2223 2084 2290 peperisti.
2105 2293 2111 2298 ν

1880 2311 1990 2364 Mea
2017 2320 2204 2378 sponte
2233 2310 2524 2379 collapsus,
2566 2309 2831 2380 fmdisque
2860 2310 3078 2364 actibus
3116 2310 3352 2361 circum-

1810 2399 2064 2462 datus,ad
2086 2409 2134 2452 te
2153 2398 2433 2469 confugio:
2459 2399 2650 2466 adjuva
2684 2416 2788 2459 me,
2816 2399 3035 2453 Domina
3069 2435 3083 2459 ,
3109 2398 3349 2450 habitum

1810 2491 2136 2558 poenitentiae
2165 2492 2405 2558 prazbens
2435 2492 2641 2544 misera:
2669 2491 2862 2545 anima:
2887 2506 3034 2552 mete,
3061 2498 3118 2544 ut
3147 2489 3348 2558 possim

1812 2588 1861 2634 te
1887 2581 2207 2647 glorificare.

1878 2668 2080 2735 Rumpe
2114 2667 2537 2734 implicatissima
2582 2667 2897 2721 delictorum
2928 2681 3169 2719 meorum
3226 2665 3348 2718 vin-

1811 2762 1948 2821 cula,
1984 2776 2016 2813 ο
2045 2759 2136 2834 Dei
2170 2760 2373 2823 Sponsa
2409 2760 2711 2821 benedicta;
2741 2768 2793 2810 et
2825 2769 2991 2820 casta,
3031 2771 3354 2824 semperque

1811 2849 2082 2918 gloriosa;
2119 2862 2237 2914 quae
2271 2845 2458 2909 Deum,
2507 2847 2596 2913 qui
2629 2847 2770 2899 tollit
2814 2856 3091 2914 peCcatunt
3139 2847 3351 2906 mundi,

1812 2951 1970 3004 supra
2000 2936 2264 2989 sermonis
2293 2946 2613 3004 conceptum
2651 2937 2900 3005 genuisti.
3073 2974 3077 2978 —
3170 2923 3179 2997 ί

1884 3027 2040 3094 Legis
2077 3028 2403 3081 umhrositas
2435 3028 2690 3090 cessavit,
2724 3027 2964 3094 pariente
2997 3037 3066 3090 te,
3105 3025 3348 3086 Domina,

175 3115 352 3181 σάσης
373 3114 535 3180 νόμου
563 3111 652 3160 τὸν
677 3109 892 3176 δοτῆρα,
925 3107 1102 3175 χάριτι
1129 3105 1420 3172 φωτίζοντα
1437 3106 1532 3174 τὴν
1545 3107 1713 3156 οίκου-

1810 3115 2048 3166 datorem
2106 3116 2257 3182 legis,
2313 3117 2404 3184 qui
2446 3117 2615 3183 gratia
2657 3117 2922 3169 illuminat
2963 3118 3149 3170 orbem
3179 3125 3351 3170 terra-

180 3204 374 3273 μένην,
419 3199 477 3252 δν
506 3199 590 3250 ἀεὶ
630 3196 886 3255 δυσώπει,
935 3196 1080 3262 νόμῳ
1130 3210 1194 3260 με
1232 3193 1593 3262 τροπεύμενον
1635 3193 1711 3262 τῷ

175 3294 280 3363 τῆς
313 3288 580 3360 ἁμαρτίας
614 3288 874 3354 οἰκτεῖραι
903 3284 987 3334 διὰ
1014 3283 1230 3350 τάχους.

262 3471 324 3523 '0
352 3465 610 3536 οὐρανοὺς
637 3462 710 3532 τῷ
747 3460 989 3529 νεύματι,
1018 3457 1112 3510 καὶ
1158 3457 1254 3524 τὴν
1286 3455 1391 3524 γῆν
1414 3455 1491 3524 τῷ
1525 3454 1716 3523 βουλή-
1763 3421 1765 3424 ό

183 3578 320 3634 ματι
343 3560 511 3626 Λόγος
537 3555 630 3608 τοῦ
655 3552 862 3621 Πατρὺς
893 3549 1313 3618 δημιουργήσας,
1337 3546 1589 3614 ἄχραντε,
1621 3545 1713 3596 καὶ

180 3653 394 3712 πλάσας
422 3650 511 3702 τὸν
534 3646 627 3699 ἄνθ
637 3660 831 3712 ρωπον,
859 3643 919 3692 ὲκ
943 3639 1035 3691 σοῦ
1056 3638 1233 3705 σαφῶς
1257 3638 1508 3706 ἠνέσχετο
1537 3636 1712 3704 σάρκα

177 3740 383 3809 ἑαυτῷ,
433 3735 776 3802 οἰκοδομῆσαι
823 3731 920 3797 τὴν
969 3727 1124 3793 φύσιν
1172 3726 1324 3795 ἡμῶν
1359 3724 1713 3794 άναχωρεύων

181 3829 556 3897 συντριϐεῖσαν
607 3822 788 3890 ἀπάτῃ
833 3817 923 3870 τοῦ
970 3817 1160 3884 ὄφεως,
1212 3815 1470 3884 Παρθένε,
1499 3816 1526 3866 ὁ
1558 3815 1712 3881 μόνος

177 3923 448 3990 ἐλεήμων.
739 3942 742 3946 λ
1504 3939 1508 3942 ’

250 4007 518 4074 Φιλάγαθε
545 4001 801 4071 Παρθένε,
836 4001 932 4067 τὴν
964 3994 1351 4062 κεκακωμένην
1379 3993 1498 4052 ταῖς
1535 3991 1712 4059 ἁμαρ-

177 4105 324 4164 τίαις
356 4098 528 4167 ψυχήν
564 4111 662 4162 μου
695 4089 977 4158 ἀγάθυνον,
1018 4087 1050 4154 ὴ
1083 4085 1171 4136 τὸν
1203 4080 1511 4145 πανάγαθον
1545 4080 1710 4145 Λόγον

176 4191 558 4257 ἀποκυήσασα.
1085 4190 1098 4212 ‘

252 4256 625 4348 Φιλάνθρωπον
659 4271 890 4325 τεκοῦσα.
937 4269 1026 4320 καὶ⁸
1071 4265 1382 4333 λυτρωτὴν,
1432 4256 1711 4327 θαυμαστὴ

179 4377 278 4430 καὶ
318 4369 577 4443 φιλάγαϐε
627 4365 915 4423 Δέσποινα,
965 4357 1240 4426 ἁμαρτιῶν
1301 4351 1564 4421 λύτρωσίν
1623 4366 1710 4443 μοι

176 4441 478 4521 δίδουήσαῖς
533 4456 885 4526 προσευχαῖς,
929 4451 1020 4501 καὶ
1070 4447 1165 4517 τὴν
1194 4445 1368 4512 ψυχήν
1407 4460 1524 4510 μου,
1577 4441 1709 4493 πάν-

177 4570 332 4619 αγνε,
376 4552 472 4616 τὴν
529 4543 910 4611 κεκακωμένην
953 4543 1058 4600 τοῖς
1107 4536 1382 4602 λογισμοῖς
1427 4532 1710 4598 άγάθυνον,

180 4645 278 4697 καὶ
308 4642 473 4705 δεῖξον
501 4636 685 4689 παθῶν
716 4631 1095 4698 θανατηφόρων
1125 4623 1545 4694 λελυτρωμένην,
1580 4639 1711 4671 παν-

180 4732 472 4802 αμώμητε.

188 4799 294 4877 Ἐκ
317 4799 421 4874 τοῦ
448 4817 701 4877 Κανόνος
751 4810 964 4864 διπλοῦ
996 4811 1080 4870 εἰς
1109 4807 1243 4869 τοὺς
1268 4805 1468 4877 ἁγίους
1497 4799 1711 4877 μείρτυ-

433 4869 830 4953 ’λάκαθόνικοη
850 4879 942 4930 καὶ
971 4869 1272 4933 Λοῦππον,
1304 4869 1487 4939 ἡμέρᾳ
1505 4869 1602 4937 κβκ

141 5018 146 5024 ’
252 4981 549 5048 Θαυμάτων
604 4975 852 5026 ἐπέκεινα
884 4969 943 5021 τὸ
988 4969 1124 5037 μέγα
1155 4967 1351 5032 Οαῡμα,
1405 4961 1571 5032 σεμνὴ
1613 4961 1711 5029 τῆς

179 5069 395 5137 λοχείας
458 5082 548 5116 σου
609 5061 935 5127 καθορᾶται”
995 5056 1192 5113 τίκτεις
1262 5056 1365 5119 γὰρ
1414 5053 1470 5101 ὲν
1510 5048 1707 5118 ὁμοιώ-

180 5177 313 5231 ματι
361 5153 557 5224 σαρκὸς
604 5152 884 5217 γενόμενον
933 5145 1158 5213 Χριστὸν
1191 5142 1311 5210 δίχα
1363 5140 1568 5208 τροπῆς
1619 5138 1710 5190 καὶ

176 5243 415 5316 φυρμοῦ.

260 5337 348 5394 Ὠς
392 5331 581 5400 ὄρθρος
629 5326 904 5393 εὐπρεπὴς
938 5325 1000 5376 ὲκ
1031 5323 1266 5388 λαγόνων
1316 5320 1548 5388 ἀνίσχεις
1602 5322 1705 5386 Ἰη-

179 5423 306 5475 σοῦν
336 5421 426 5471 τὸν
466 5417 733 5484 φωτισμὸν
774 5415 1023 5464 ἁπάντων
1064 5413 1153 5462 καὶ
1178 5409 1327 5473 θεὸν,
1371 5409 1706 5478 ἀπειρόγαμε

177 5517 480 5570 Δέσποινα,
527 5507 690 5559 νύκτα
739 5521 796 5555 τε
852 5503 1131 5563 πολυθεῒας
1185 5500 1540 5568 ἑκμειοῦντα,
1590 5502 1708 5560 ταῖς

179 5602 446 5668 λάβῃσιν
476 5597 785 5664 ἁνεσπέροις
819 5594 910 5646 καὶ
949 5593 1146 5660 κόσμον
1185 5590 1494 5656 φωτίζοντα.

1736 4417 1787 4476 D

1812 3219 1963 3267 rum;
2031 3219 2188 3271 quem
2258 3218 2469 3268 semper
2534 3219 2789 3270 precare,
2843 3211 2898 3255 ut
2962 3219 3047 3257 me
3141 3205 3346 3271 peccati

1811 3294 1912 3362 legi
1970 3293 2297 3356 obnoxium,
2365 3293 2730 3347 misericordia
2799 3304 2895 3346 sua
2956 3293 3202 3347 celeriter
3259 3292 3346 3344 di-

1812 3392 2022 3451 gnetur.
2994 3421 3001 3425 .

1886 3473 2041 3543 169
2065 3470 2295 3526 Verbum
2325 3472 2524 3536 Patris,
2545 3473 2687 3540 quod
2717 3473 2909 3526 ccelum
2941 3479 3097 3532 nutu,
3128 3454 3350 3522 terram;

1811 3579 1914 3633 que
1945 3564 2214 3616 voluntate
2251 3563 2471 3625 creavit,
2518 3574 2679 3630 atque
2724 3563 2990 3615 hominem
3029 3560 3348 3628 piasmavit,

1768 3641 1782 3676 ³
1810 3668 1873 3704 ex
1905 3663 1974 3716 te,
2009 3667 2040 3703 ο
2068 3651 2406 3703 immaculata
2439 3650 2620 3720 Virgo,
2658 3652 2939 3703 manifeste
2985 3665 3182 3717 corpus
3225 3664 3346 3701 car-

1811 3758 1969 3796 neum
1997 3743 2096 3796 sibi
2128 3741 2389 3795 aedificare
2420 3756 2523 3794 non
2573 3752 2652 3794 est
2685 3741 3003 3808 dedignatus
3030 3779 3046 3802 ,
3081 3749 3139 3793 ut
3186 3749 3345 3791 natu-

1811 3848 1922 3886 ram
1952 3840 2212 3896 nostram,
2260 3832 2522 3899 serpentis
2555 3829 2741 3884 fraude
2775 3829 3091 3894 contritam,
3142 3838 3350 3883 restau-

1813 3929 1968 3981 rarct,
2003 3921 2158 3971 unice
2195 3918 2520 3971 misericors.

1877 4008 1920 4062 Ο
1946 4007 2104 4077 Virgo
2136 4011 2394 4061 bonorum
2419 4007 2668 4070 amatrix,
2698 4008 2888 4060 bonam
2919 4007 3078 4059 redde
3111 4009 3344 4059 animant

1813 4117 1981 4153 meam
2049 4109 2390 4167 peccatorum
2450 4099 2652 4150 malitia
2715 4098 3079 4165 depravatam,
3128 4105 3181 4148 tu
3225 4111 3348 4164 qua:

1816 4192 2042 4245 Verbum
2074 4193 2329 4258 optimum
2363 4188 2636 4256 peperisti.

1878 4287 2177 4334 Amatorem
2232 4282 2505 4332 hominum
2551 4288 2604 4331 et
2644 4279 3030 4342 redemptorem
3073 4278 3228 4330 enixa
3261 4315 3276 4339 ,
3311 4291 3344 4330 0

1815 4372 2032 4433 Domina
2082 4369 2428 4431 admirabilis,
2466 4376 2516 4420 et
2547 4368 2807 4420 b0norum
2843 4368 3092 4425 amatrix.
3128 4367 3343 4418 redem-

1813 4463 2044 4529 ptionem
2074 4475 2100 4510 a
2132 4457 2364 4525 peccatis
2413 4456 2646 4509 concede
2677 4458 2806 4508 mihi
2847 4456 3091 4524 precibus
3129 4456 3251 4516 tuis,
3289 4463 3340 4508 et

1811 4552 2039 4603 animam
2076 4563 2245 4600 meam
2295 4547 2710 4614 cogitationibus
2752 4548 2928 4612 pravis
2956 4548 3218 4611 vitiatam,
3250 4547 3344 4599 bo~

1810 4655 1930 4691 nam
1968 4638 2151 4696 redde,
2189 4647 2347 4703 atque
2379 4652 2406 4688 a
2440 4637 2730 4690 mortiferis
2767 4636 3107 4703 passionibus
3138 4635 3342 4688 redime

1809 4744 1947 4790 rain,
1978 4744 2011 4779 ο
2035 4719 2144 4779 tota
2177 4736 2345 4786 casta.
2373 4736 2419 4778 cl
2449 4728 2809 4779 immaculata.

1809 4819 1890 4870 Ex
1913 4820 2117 4870 Conone
2136 4817 2328 4884 duplici
2353 4819 2404 4868 in
2431 4819 2558 4884 festo
2579 4817 2677 4870 SS.
2703 4817 2990 4884 Min-lyram
3007 4815 3339 4883 Agat/tom'ci,

2353 4899 2398 4937 et
2427 4886 2578 4954 Lupi,
2597 4888 2680 4937 die
2701 4886 2787 4936 ‘2‘2.

1877 4974 2118 5042 Magnum
2166 4986 2349 5042 partus
2403 4976 2477 5028 tui
2534 4976 2882 5037 miraculum,
2919 4991 2950 5028 ο
2983 4975 3281 5027 veneranda
3313 5011 3330 5033 .

1809 5066 2188 5116 miraculorum
2211 5081 2517 5132 supremum
2537 5077 2748 5131 apparet
2769 5083 2787 5128 ;
2812 5065 3333 5132 peperistisiquidcm

1809 5154 1860 5205 in
1891 5154 2239 5206 similitudine
2270 5156 2447 5206 carnis
2481 5154 2675 5206 factum
2711 5156 2981 5208 Christum
3007 5155 3123 5206 sine
3157 5165 3332 5203 mula-

1807 5244 1964 5305 tione,
2000 5253 2089 5296 aut
2113 5246 2478 5310 permistionc.

1879 5331 2153 5400 Tanquam
2193 5350 2384 5388 aurora
2418 5333 2796 5401 pulcherrima,
2825 5351 2854 5388 e
2887 5333 3177 5385 visceribus
3205 5332 3332 5392 tuis,

1805 5420 2080 5473 oDouiina
2125 5422 2372 5488 innupta,
2421 5422 2604 5475 educis
2659 5421 2838 5474 Jrsum
2889 5419 3319 5471 illuminationcrt

1806 5518 1858 5560 et
1887 5509 2049 5559 Deum
2088 5512 2367 5573 omnium;
2418 5513 2508 5577 qui
2555 5512 2864 5564 idololatria:
2896 5517 3104 5562 noctem
3153 5503 3341 5573 splenJ

1805 5599 2024 5654 tioribus
2079 5600 2376 5653 inocciduis
2431 5603 2729 5665 imminuit,
2771 5617 2833 5654 ac
2901 5600 3156 5652 mundum
3209 5601 3332 5652 illu-

1805 5695 1989 5738 mutat.
