3936 6304
631 357 770 423 “83

1739 357 1797 418 s.
1841 350 2149 415 JOSEPHI
2189 344 2739 408 HYMNOGRAPIII
2823 302 2830 318 ι

3696 334 3839 398 1194

626 478 741 543 ipse
769 472 935 538 novit,
966 488 999 527 ο
1023 482 1166 527 casta
1193 512 1207 535 ,
1261 472 1582 526 athletarum
1620 471 1828 525 choros
1847 467 2134 523 illustravit
2159 480 2175 529 ;

2303 462 2384 512 ’ὧν
2409 460 2656 528 ἀθλητῶν
2686 458 3044 526 ἐλάμπρυνεν,
3081 452 3238 524 ἁγνὴ,
3260 451 3326 504 τὰ
3347 449 3511 505 αὑτοῦ
3539 448 3844 511 είκονίζοηι⁹

626 565 985 632 exprimentes
1021 565 1072 616 in
1104 564 1306 630 seipsis
1345 577 1532 615 omnes
1585 561 1730 615 illius
1782 560 2064 628 passiones
2094 557 2173 608 vi-

630 655 783 714 tales,
837 665 1174 720 mortemque
1213 652 1489 720 injustam,
1542 667 1663 720 qua:
1714 665 1813 705 nos
1866 657 2174 718 peccatores

539 766 543 769 π
627 743 966 812 justiﬁeavit.

664 851 667 854 ·
703 835 955 900 Speciosa
995 833 1128 886 facta
1155 848 1233 907 es,
1263 848 1296 886 o
1326 834 1651 897 castissima,
1686 831 1985 900 speciosum
2017 841 2176 893 super

629 937 818 974 omnes
863 921 1154 988 terrigenas
1208 922 1366 976 enixa
1399 922 1590 990 Filium
1642 938 1703 975 ac
1727 920 1953 974 Verbum
1976 917 2174 979 Patris,

631 1023 790 1076 quem
846 1009 1088 1076 generosi
1125 1019 1389 1080 martyres
1429 1022 1690 1072 amantes,
1729 1007 1896 1076 gloria
1925 1005 2179 1060 illustrati

633 1105 780 1151 sunt.
1472 1117 1477 1123 -

707 1187 857 1254 173
900 1184 1158 1250 Verbum,
1190 1202 1296 1240 non
1359 1188 1666 1254 relinquens
1715 1200 1944 1239 vacuum
1999 1183 2177 1237 sinum

635 1273 1029 1340 Paternum,in
1063 1279 1184 1351 sinu
1236 1277 1689 1332 tuoreclinatum
1758 1285 1861 1340 est,
1913 1291 1944 1327 ο
1984 1275 2179 1342 puella,

635 1374 898 1432 tanquam
935 1365 1141 1430 inians,
1171 1365 1356 1421 volens
1385 1373 1695 1420 restaurare
1728 1381 1812 1419 me
1850 1364 2180 1433 corruptioni

635 1456 961 1521 subjectum.

707 1543 864 1613 Legis
914 1547 1118 1600 umbrae
1157 1547 1567 1601 declaraverunt
1621 1546 1959 1616 splendorem
2003 1546 2178 1604 illum.

637 1637 730 1702 qui
757 1652 820 1688 ex
855 1645 906 1689 te
931 1646 1081 1691 ortus
1107 1645 1210 1700 est,
1238 1653 1270 1691 ο
1310 1637 1485 1706 puella
1515 1637 1894 1699 illibatissima,
1925 1647 1976 1689 et
2018 1637 2183 1689 athle-

639 1736 813 1778 tarum
848 1727 1043 1781 choros
1075 1737 1123 1780 te
1147 1728 1477 1781 celebrantes
1507 1729 1812 1781 illustravit.

2276 569 2371 614 τας
2401 551 2545 620 πάθη
2589 549 2786 609 πάντες
2820 546 3100 616 ζωηφόρα,
3131 545 3222 598 καὶ
3255 543 3346 597 τὸν
3374 543 3561 596 ἄδικον
3594 539 3842 594 θάνατον

2274 643 2584 703 δικαιοῦντα
2609 642 2753 709 ἡμᾶς
2782 638 3226 708 ἁμαρτήσαντας.

2360 816 2680 890 Ὠραιώθης,
2711 815 2995 886 Ιπάναγνε,
3047 813 3137 864 τὸν
3188 811 3328 880 ὑπὲρ
3377 808 3586 868 πάντας
3629 803 3842 872 ὡραῖον

2276 912 2398 973 τοὺς
2431 911 2677 977 γηγενεῖς
2712 905 2942 960 τεκοῦσα
2979 904 3106 955 Υίὸν
3136 902 3230 953 καὶ
3272 902 3440 968 Λόγον
3469 897 3565 950 τοῦ
3595 896 3842 965 [ἰατρὸς.

2277 1004 2336 1055 6v
2362 1004 2417 1063 oi
2439 1001 2669 1068 γενναῖοι
2704 998 2978 1068 μάρτυρες
3009 993 3340 1062 ποθήσαντες
3371 991 3497 1059 δόξῃ
3515 984 3847 1056 ἐλαμπρύν-

2279 1092 2472 1169 θησανε
3359 1084 3366 1085 ί
3503 1169 3529 1172 Δ
3813 1163 3840 1172 -

2344 1183 2433 1250 Μὴ
2463 1179 2703 1241 κενώσας
2732 1179 2854 1243 τοὺς
2876 1174 3168 1244 Πατρῴους
3199 1176 3226 1226 6
3253 1173 3420 1239 Λόγος
3452 1169 3713 1228 κόλπους,
3740 1169 3842 1216 σοῦ

2281 1274 2335 1325 ὲν
2365 1274 2475 1333 τοῖς
2505 1271 2743 1342 κόλποις,
2797 1267 2954 1334 κόρη,
3003 1263 3252 1331 ἀνεκλίθη
3285 1263 3358 1322 ὡς
3387 1259 3600 1329 βρέφος,
3659 1254 3841 1308 θέλω-δ

2282 1363 2591 1416 ἀναπλάσαι
2625 1375 2692 1429 με
2719 1359 2892 1428 φθορᾷ
2931 1357 3306 1423 ὑποκείμενον.

2348 1539 2528 1606 Νόμου
2584 1535 2731 1588 σκιαὶ
2782 1533 3050 1603 ἐδήλωσαν
3081 1531 3140 1585 τὸ
3165 1530 3366 1599 φέγγος
3390 1526 3451 1578 τὸ
3486 1527 3551 1576 ὲκ
3602 1519 3705 1575 σοῦ
3755 1519 3846 1582 ἑξ-

2281 1627 2584 1688 ανατεῖ>.αν,
2612 1625 2914 1693 πανάμωμε
2947 1623 3104 1690 κόρη,
3123 1621 3214 1672 καὶ
3241 1618 3347 1671 τῶν
3380 1614 3624 1682 ἀθλητῶν
3663 1628 3842 1664 κατα-

2282 1717 2600 1784 λαμπρῦναν
2629 1716 2752 1776 τοὺς
2780 1713 2971 1782 χοροὺς
3008 1707 3384 1780 εὐφημοῦντας
3411 1722 3487 1758 σε.

713 1816 756 1870 0
785 1818 1034 1885 innupta,
1055 1833 1174 1885 qua:
1203 1819 1419 1871 malitiae
1454 1819 1661 1886 plantas
1687 1817 1922 1886 germine
1955 1825 2048 1870 tuo
2072 1830 2183 1868 are-

2357 1805 2660 1874 Μαράνασα
2683 1805 2752 1855 τὰ
2791 1803 2928 1870 φυτά
2968 1803 3064 1869 τῆς
3108 1799 3303 1860 κακίας
3324 1835 3338 1858 ,
3364 1796 3682 1863 ἀνύμφευτε
3707 1831 3723 1854 ,
3765 1792 3844 1860 τῷ

639 1906 850 1972 fecisti,
888 1909 1197 1978 passionum
1232 1920 1467 1962 mearetn
1496 1911 1690 1977 stirpes
1736 1908 1918 1972 evelle,
1949 1907 2185 1960 divinas-

638 2013 745 2066 que
765 2000 1118 2070 cogitationes
1149 2001 1449 2069 germinare
1483 2001 1566 2052 fac
1593 2015 1657 2053 ex
1691 2000 1867 2052 anima
1908 2013 2045 2052 mea.

713 2175 940 2243 Propter
995 2190 1276 2230 excessum
1335 2176 1685 2229 humanitatis
1727 2189 1792 2228 ac
1844 2141 2190 2243 benignitar‘lis

642 2282 765 2333 erga
798 2267 1043 2321 homines
1060 2267 1307 2335 apparuit
1345 2266 1576 2319 Verbum
1605 2282 1669 2320 ex
1697 2274 1748 2318 te
1772 2253 2134 2334 corporatum,
2157 2281 2189 2319 υ

646 2356 827 2427 Virgo,
861 2359 1075 2410 salvans
1097 2373 1189 2412 eos
1216 2359 1308 2424 qui
1355 2358 1696 2411 modulantes
1726 2364 1926 2409 canunt
1957 2364 1979 2409 ξ
2014 2355 2188 2409 Bene-

643 2449 821 2500 dictus
839 2462 918 2511 es,
955 2445 1097 2500 Deus
1124 2446 1340 2500 Patrum
1371 2460 1701 2501 nosuorum.

715 2537 896 2592 Sacris
933 2541 1155 2594 vocibus
1191 2541 1552 2594 bealiticemus
1585 2541 1924 2609 impollutum
1971 2539 2064 2594 Dei
2104 2548 2190 2592 ta-

645 2626 1018 2692 bernaculum,
1048 2644 1228 2681 arcam
1265 2629 1578 2692 auimatam,
1607 2640 1901 2698 martyrum
1937 2629 2208 2696 gloriam,

646 2719 1012 2774 sublimiorem
1025 2720 1334 2782 Cherubim,
1355 2730 1512 2788 atque
1531 2721 1781 2773 omnibus
1799 2720 1955 2773 rebus
1972 2718 2188 2772 creatis.

719 2890 941 2947 Gladius
978 2893 1262 2948 ﬂammeus
1285 2932 1300 2955 .
1338 2896 1427 2961 qui
1464 2895 1588 2947 olim
1621 2894 1860 2948 Paratlisi
1894 2895 2192 2962 ingressum

651 2984 986 3050 prohibebat,
1037 3001 1179 3038 nunc
1232 2985 1455 3047 recedit,
1490 3001 1550 3036 ac
1602 2995 1747 3056 terga
1781 2985 1937 3038 vertit
1977 2986 2061 3039 iis.
2094 2984 2185 3050 qui

653 3075 981 3127 venerandus
1019 3077 1296 3141 passiones
1340 3075 1542 3129 Christi
1571 3077 1755 3128 lancea
1805 3075 2071 3127 vulnerati
2098 3089 2188 3124 vo-

647 3165 877 3217 luntarie
907 3166 958 3216 in
987 3179 1044 3217 se
1082 3168 1422 3232 exprimunt:
1458 3176 1510 3217 et
1539 3174 1608 3229 te,
1631 3179 1663 3218 o
1700 3163 1874 3232 Virgo,
1906 3164 2191 3225 honorant,

648 3256 795 3309 omni
815 3256 1014 3308 honore
1040 3257 1393 3324 superiorem.

650 3396 736 3459 Εαὶ
788 3405 997 3461 Canone
1025 3406 1221 3470 duplici
1266 3407 1320 3457 in
1355 3406 1604 3474 memoria
1649 3405 1893 3461 miraculi
1929 3401 2200 3474 [acutio—

722 3475 899 3534 lovis,
940 3475 1011 3527 vel
1037 3474 1225 3527 Gitonis
1242 3490 1330 3542 per
1356 3471 1435 3527 ’δι
1461 3474 1764 3526 .llicliaelem
1807 3471 2198 3540 archangelum,

723 3545 878 3596 dicti.

721 3690 768 3747 0
802 3690 961 3760 Virgo
999 3700 1107 3746 tnta
1157 3679 1312 3761 pura,
1351 3692 1665 3761 angelorum
1715 3685 1895 3755 decor,
1928 3700 1981 3744 et
2025 3689 2203 3742 homi-

653 3796 783 3833 num
809 3782 1068 3834 ausilium
1097 3799 1110 3845 ;
1141 3789 1196 3835 tu
1240 3783 1432 3849 adjuva
1478 3798 1561 3835 me
1612 3782 1664 3834 in
1707 3781 1835 3833 mari
1876 3787 2199 3842 versantem,

656 3883 814 3938 atque
864 3872 915 3925 in
952 3872 1265 3940 tempestate
1316 3873 1516 3941 peccati
1570 3887 1782 3939 semper
1829 3869 2197 3923 concidentem

658 3978 721 4014 ac
748 3962 1158 4028 periclitantem.

730 4050 774 4102 0
826 4051 1142 4103 miraculum
1179 4049 1566 4117 inintelligihile
1604 4088 1619 4111 ,
1657 4049 1927 4116 quomodo
1971 4048 2202 4101 homini-

661 4140 764 4194 bus
796 4141 979 4194 unitus
1015 4150 1098 4194 est
1128 4139 1626 4208 iticqpiprehettsilis
1677 4138 1837 4200 Deus,
1863 4151 2019 4191 natus
2046 4154 2108 4190 ex
2152 4149 2201 4190 te

657 4225 713 4283 in
756 4242 919 4283 carne
948 4228 1243 4281 secundum
1276 4226 1611 4295 hypostasin,
1640 4238 1672 4276 o
1711 4224 1928 4292 innupta
1961 4262 1975 4285 ,
1997 4232 2053 4276 ut
2093 4225 2197 4276 sal—

604 4349 609 4354 ι
659 4324 810 4371 varet
849 4331 934 4370 me
988 4316 1059 4368 ob
1110 4315 1375 4382 serpentis
1435 4314 1676 4366 fraudem
1717 4313 2050 4381 corruptioni
2101 4315 2201 4366 ob-

660 4407 902 4463 noxium.

727 4496 833 4561 Qui
867 4498 1244 4570 immateriales
1281 4507 1487 4554 mentes
1522 4496 1811 4549 voluntatis
1853 4505 1982 4548 nutu
2015 4494 2199 4547 condi-

663 4588 760 4650 dit,
785 4587 837 4640 in
866 4587 1023 4657 174
1060 4598 1210 4640 utero
1235 4600 1324 4639 tuo
1359 4587 1640 4648 materiali,
1673 4602 1705 4638 o
1741 4585 2059 4652 purissima,
2101 4599 2198 4636 vo-

660 4678 894 4748 luntarie
928 4678 1209 4737 habitavit,
1256 4677 1550 4729 secundum
1588 4689 1799 4727 carnem
1828 4683 2016 4742 patens
2047 4690 2204 4742 aspe-

662 4771 837 4825 ctibus
879 4769 970 4837 qui
1001 4779 1116 4822 erat
1153 4768 1456 4821 ίιινίμὶὺίιίε.

736 4859 918 4911 Daniel
956 4866 1006 4911 te
1037 4865 1282 4912 .tnuntcm
1325 4875 1574 4928 magnum
1620 4856 1925 4924 descripsit,
1958 4871 1988 4908 ο
2040 4853 2208 4905 invio-

663 4949 768 5001 lata
803 4988 818 5009 .
843 4950 1095 5004 Abbaeue
1126 4965 1249 5003 vero
1281 4961 1512 5004 montem
1541 4952 1853 5004 umbrosum
1886 4948 2169 5000 virtutibus
2191 4985 2206 4998 .

667 5041 829 5095 David
877 5050 1054 5095 autem
1115 5053 1349 5095 montem
1412 5043 1752 5112 coagulatum
1795 5056 1902 5093 :ex
1956 5049 2006 5092 te
2066 5039 2207 5091 enim

669 5132 805 5186 Deus
832 5133 1142 5185 incarnatus
1177 5142 1277 5194 est,
1319 5142 1375 5186 ut
1401 5134 1657 5185 mundum
1690 5128 1996 5183 redimeret.

740 5219 928 5274 Decuit
949 5223 1076 5274 olim
1105 5235 1288 5289 partus
1319 5223 1391 5274 tui
1428 5220 1747 5273 miraculum
1776 5217 2206 5272 intellectualiter

669 5311 719 5363 in
749 5314 935 5378 spiritu
972 5313 1060 5366 ille
1091 5329 1367 5367 sacrorum
1402 5327 1620 5380 praeses,
1651 5311 1865 5364 intuens
1889 5319 1938 5363 te
1972 5320 2204 5361 mturtem

673 5405 982 5457 umbrosum
1021 5405 1487 5466 manifestissime,
1517 5419 1580 5456 ex
1629 5418 1736 5472 quo
1774 5412 1994 5456 sanctus
2042 5401 2208 5462 venit,

675 5491 812 5547 Deus
853 5497 1183 5548 incarnatus.

746 5585 958 5638 Gabriel
991 5586 1057 5638 ab
1100 5584 1378 5639 altissimis
1411 5585 1577 5650 venit,
1612 5585 1862 5638 deferens
1899 5583 1992 5636 tibi
2018 5582 2148 5646 Ave,
2183 5595 2214 5633 ο

677 5676 981 5735 castissima
1033 5696 1046 5729 :
1096 5691 1217 5731 cum
1261 5677 1377 5745 ipso
1415 5693 1540 5748 ergo
1596 5678 1891 5732 clamamus
1935 5693 1947 5727 :
2003 5675 2132 5737 Ave,
2183 5689 2214 5725 υ

2292 1896 2505 1967 βλαστῷ
2542 1913 2669 1960 σου,
2711 1894 2818 1947 τῶν
2855 1891 3038 1946 παθῶν
3073 1909 3172 1960 μου
3208 1891 3336 1952 τοὺς
3376 1888 3647 1947 σκόλοπας
3696 1887 3843 1937 ἑκτι-

2288 1990 2398 2050 λον,
2429 1987 2520 2039 καὶ
2551 1985 2866 2055 βλαστάνειν
2919 1984 3037 2036 Θεῖα
3072 1983 3169 2052 τὴν
3217 1979 3392 2048 ψυχήν
3437 1995 3534 2046 μου
3586 1975 3842 2045 νοήματα

2292 2079 2534 2148 ποίησον.

2370 2167 2692 2238 Ὑπερόολῇ,
2732 2164 2995 2234 Παρθένε,
3028 2158 3434 2231 φιλανθρωπίας
3463 2155 3616 2222 ὤφθη
3649 2155 3719 2205 ἑκ
3749 2153 3843 2204 σοῦ

2290 2259 2459 2328 Λόγος
2493 2256 2926 2326 σωματούμενος,
2957 2254 3048 2306 καὶ
3077 2251 3236 2315 σώζει
3257 2249 3379 2310 τοὺς
3409 2248 3736 2314 μέλποντας·
3783 2241 3844 2295 '0

2287 2350 2394 2402 τῶν
2429 2348 2681 2418 Πατέρων
2712 2345 2865 2417 ἡμῶν
2893 2344 3044 2409 Θεὸς,
3071 2342 3358 2410 εὐλογητὸς
3389 2335 3458 2391 εἴ.

2368 2512 2658 2590 ’Ῑεραϊςὲν
2707 2519 2909 2588 φωναῖς
2966 2515 3354 2586 μακαρίσωμεν
3403 2510 3497 2563 τοῦ
3550 2507 3689 2561 Θεοῦ
3743 2508 3842 2572 τὴν

2292 2613 2494 2681 σκηνὴν
2536 2611 2635 2680 τὴν
2679 2608 2995 2677 ἀμόλυντον,
3039 2607 3136 2676 τὴν
3171 2603 3396 2658 κιϐωτὸν
3427 2601 3525 2669 τὴν
3569 2599 3838 2666 ἔμψυχον,

2290 2703 2397 2754 τῶν
2433 2701 2721 2770 μαρτύρων
2755 2697 2852 2767 τὴν
2893 2695 3072 2761 δόξαν,
3105 2696 3203 2764 τὴν
3253 2693 3529 2762 ἁνωτὲραν
3559 2685 3843 2759 Χερουϐὶμ

2285 2789 2385 2844 ’καὶ
2419 2789 2634 2856 ἁπάσης
2670 2789 2770 2856 τῆς
2798 2787 3041 2848 κτίσεως.

2362 2881 2587 2949 Φλογῐνη
2636 2879 2894 2949 ῥομφαία,
2923 2879 2955 2946 ἡ
2994 2876 3052 2928 τὸ
3094 2873 3220 2943 πρὶν
3256 2872 3352 2942 τὴν
3381 2869 3583 2922 εἴσοδον
3614 2864 3714 2920 τοῦ
3738 2881 3838 2917 παι

2297 2972 2538 3042 ραδείσου
2584 2969 2999 3037 ὲναπείργουσα,
3035 2965 3177 3018 νῶτα
3216 2963 3307 3016 νῦν
3337 2962 3539 3023 δίδωσι,
3576 2957 3838 3027 Παρθένε,

2294 3063 2406 3121 τοῖς
2470 3059 2612 3128 πάθη
2677 3059 2746 3110 τὰ
2825 3056 2996 3109 σεπτά
3053 3053 3348 3108 εἰκονίσασι
3432 3049 3671 3121 Χριστοῦ
3750 3045 3842 3099 τοῦ

2295 3148 2672 3216 λογχευθέντος
2716 3146 2999 3217 θελήματι,
3041 3146 3134 3197 καὶ
3181 3143 3239 3194 σὲ
3270 3141 3470 3209 τιμῶσι
3517 3141 3614 3208 τὴν
3668 3138 3844 3206 ὑπὲρ·

2297 3256 2478 3307 τιμον.

2310 3393 2407 3445 Ἕκ
2439 3391 2544 3444 τοῦ
2571 3393 2832 3454 Κανόνος
2861 3389 3075 3442 διπλου
3115 3388 3201 3450 εις
3227 3384 3342 3451 τὴν
3378 3376 3844 3454 ἀκὰμγηρνιν-ζσῦ

2367 3461 2676 3529 γεγονότος
2706 3449 2996 3532 θαῷξιιατος
3131 3449 3505 3532 Κολοσσαῖς,
3527 3451 3580 3532 ᾖ.
3603 3450 3674 3532 ἐξ·
3722 3449 3840 3532 Χω-

2369 3517 2500 3595 ίλοίῐς
2530 3517 2685 3596 παρᾶ
2708 3517 2827 3581 τοῦ’
2851 3517 3220 3595 ἀρχαγγέλου
3253 3521 3516 3590 Μιχαὴλ,
3547 3517 3736 3586 ἡμέρᾳ
3765 3517 3838 3577 ς’.

2370 3683 2608 3754 Παρθένε
2653 3679 3036 3750 πανὰμωμε,ή
3072 3677 3181 3729 τῶν
3225 3674 3470 3754 ἀγγέλων
3521 3669 3842 3738 εὐπρέπεια,

2299 3751 2598 3844 ἀνθρώπων
2646 3771 2888 3839 βοήθεια,
2920 3767 2983 3821 σύ
3012 3784 3098 3837 μοι
3146 3751 3409 3836 βοήθησον
3440 3757 3840 3819 Θαλαττεύοντι,

2299 3869 2391 3918 καὶ
2447 3865 2582 3937 ζάλῃ
2627 3863 2890 3933 ἁμαρτίας
2949 3862 3034 3915 ἀεὶ
3086 3858 3464 3929 περιπίπτοντι
3525 3851 3618 3906 καὶ
3663 3849 3842 3903 κινδυ-

2298 3955 2526 4009 νεύοντι.
2569 4003 2583 4016 ,
2895 4022 2902 4028 1

2383 4047 2773 4114 Ἀκατανόητον
2825 4044 3004 4114 Θαῦμα
3027 4083 3042 4107 ,
3081 4041 3198 4104 πῶς
3233 4043 3343 4102 τοῖς
3395 4037 3603 4107 βροτοῖς
3639 4034 3839 4102 ἥνωται

2307 4140 2334 4190 6
2364 4137 2746 4204 ἀκατάληπτος
2793 4136 2944 4200 Θεὸς,
2974 4135 3037 4186 ὲκ
3068 4132 3162 4185 σοῦ
3193 4130 3354 4200 σαρκὶ
3397 4126 3516 4180 καθ’
3539 4125 3842 4179 ,ὑπόστασιν

2304 4227 2644 4294 ἁποτεχθεὶς,
2671 4226 3028 4292 ἀπειρόγαμε,
3053 4219 3223 4275 σῶσόν
3250 4235 3315 4287 με
3341 4216 3430 4269 τὸν
3451 4211 3752 4280 ὑπαχθέντα
3777 4210 3841 4274 τῇ

2306 4319 2480 4387 φθορᾷ
2503 4316 2672 4386 κλοπῇ
2699 4315 2791 4367 τοῦ
2819 4315 3012 4383 ὄφεως.

2386 4498 2444 4550 ⁸0
2476 4497 2600 4559 τοὺς
2628 4494 2822 4555 ἀΰλους
2857 4490 3258 4558 συστησάμενος
3285 4486 3410 4547 νόας
3436 4482 3752 4552 βουλήματι,
3774 4480 3839 4545 τῇ

2305 4587 2475 4654 ὲνύλῳ
2508 4601 2600 4638 σου
2633 4582 2832 4652 γαστρὶ
2856 4583 2995 4632 οἰκεῖ
3030 4578 3302 4646 βουλήσει,
3332 4574 3655 4642 πανάμωμε,
3686 4569 3840 4637 σαρκὶ

2304 4676 2682 4746 καθορώμενος
2712 4676 2739 4726 6
2770 4672 3101 4741 ἀθεώρητος..

2385 4853 2444 4907 '0
2473 4853 2670 4922 Δανιήλ
2702 4867 2760 4903 σε
2783 4852 2904 4921 ὅρος
2925 4848 3128 4918 γράφει
3162 4844 3327 4913 μέγα,
3354 4844 3379 4895 6
3428 4835 3732 4903 Ἀὁὸακοὺμ
3761 4832 3832 4891 δὲ.

2308 4947 2558 5014 ἀχραντε,
2601 4945 2724 5010 ὅρος
2770 4942 3058 4994 κατάσκιον
3105 4936 3344 5006 ἀρεταῖς,
3380 4934 3472 4984 καὶ
3505 4927 3661 4982 Δασιδ
3693 4942 3836 4977 τετυ-

2312 5033 2570 5104 ρωμένον,
2604 5031 2665 5094 ἐξ
2688 5024 2748 5084 οὗ
2775 5032 2802 5082 6
2829 5030 2960 5092 Θεὸς
3009 5025 3349 5093 σεσάρκωται
3384 5021 3473 5074 τὸν
3521 5017 3718 5084 κόσμον
3749 5014 3836 5062 λυ-

2311 5124 2438 5193 τρού
2445 5140 2620 5194 μενος.

2385 5216 2598 5283 Νοερῶς
2627 5215 2718 5268 τοῦ
2767 5214 2883 5276 σοῦ,
2922 5211 3182 5284 Παρθένε,
3225 5207 3447 5263 τοκετοῦ
3470 5206 3528 5258 τὸ
3555 5203 3836 5272 παράδοξον

2313 5312 2508 5360 ὲνοείτο
2548 5307 2711 5360 πάλαι
2741 5307 2769 5358 6
2802 5304 3133 5373 ἱεροφάντωρ
3165 5303 3222 5354 ὲν
3261 5300 3548 5367 πνεύματι.
3584 5297 3704 5362 δρος
3751 5313 3837 5346 κα-

2313 5398 2529 5449 τάσκιον
2550 5393 2759 5463 βλέπων
2782 5407 2840 5443 σε
2868 5388 3204 5464 τρανωτατα,
3227 5387 3286 5451 ἐξ
3312 5381 3372 5438 οὗ
3395 5387 3546 5451 ἅγιος
3574 5379 3699 5452 ἦλθε
3719 5383 3837 5442 Θεὸς

2318 5485 2562 5554 σωματού
2571 5500 2746 5552 μενος.

2396 5577 2453 5628 ’0
2477 5576 2712 5644 Γαϐριὴλ.
2735 5590 2814 5625 σοι
2833 5572 2891 5624 τὸ
2917 5572 3085 5638 Χαῖρε
3104 5571 3166 5622 ὲκ
3179 5566 3286 5618 τῶν
3310 5563 3569 5633 ὑψίστων,
3599 5563 3840 5626 πάναγνε,

2321 5668 2556 5738 κομίζων
2607 5663 2764 5737 ἧὶοεο
2815 5665 2911 5716 σὺν
2960 5662 3107 5729 αὐτῷ
3155 5653 3247 5714 οὖν
3294 5654 3613 5724 ἐκσοῶμεν·
3667 5655 3842 5722 Χιῐρε,
