3936 6304
119 301 274 365 1135

1538 314 1892 376 MARIALE.

3178 299 3313 394 tias

120 416 303 481 πύλη,
355 415 511 485 μόνος
541 416 605 485 ἣν
634 415 884 470 διώδευσε
914 419 1144 489 Χριστὸς
1171 419 1198 471 ὀ
1232 419 1360 482 Θεὸς
1396 420 1580 485 σώζων
1611 423 1649 509 τὶ

1777 433 1948 491 porta,
1977 439 2070 492 per
2112 440 2271 492 quam
2316 427 2461 483 solus
2492 431 2737 487 Christus
2770 431 2910 489 Deus
2950 443 3309 509 pet-transivit,

112 504 490 573 ἀνθρώπινον.

200 594 430 664 Νοερῶν
467 596 709 664 ἀγγέλων
731 614 789 649 σε
816 599 1045 662 ἀνέδειξε
1071 600 1200 662 Θε³ς
1230 601 1518 670 άνωτέραν,
1543 603 1672 657 καθ-

113 687 332 748 υποδὺς
376 689 472 758 τὴν
506 688 602 757 σὴν
655 693 864 757 μήτραν
907 729 918 750 ,
969 691 1218 758 ἄχραντε,
1264 693 1360 761 τὴν
1409 695 1672 764 Παναμώ-

113 793 322 844 μητον,
345 777 403 829 ὃν
433 779 667 830 δυσῶπει
699 779 924 850 πάντοτε
957 781 1287 849 οἰκτειρῆσαι
1309 785 1427 846 τοὺς
1453 785 1670 852 ὐμνοὺν-

108 865 223 926 τὰς
256 883 337 918 σε.

207 955 539 1020 Ἀγγελικῶν
573 956 872 1026 δυνάμεων,
908 962 1167 1026 Παρθένε,
1210 963 1544 1033 ὑπερέχουσα
1577 966 1668 1020 καὶ

105 1044 375 1093 τετοκυῖα
406 1043 495 1094 τὸν
520 1044 770 1099 ἁπάντων
809 1047 937 1100 Θεὸν
985 1051 1076 1101 καὶ
1122 1051 1341 1120 βασιλέα
1365 1095 1378 1117 ,
1431 1055 1526 1105 σὺν
1568 1057 1665 1107 αὐ-

107 1136 238 1192 τοῖς
311 1132 559 1198 ἱκέτευε,
631 1138 869 1205 παναγία
941 1140 1242 1207 Δέσποινα,
1315 1143 1665 1208 διασώζεσθαι

106 1220 296 1287 ﬁed;

189 1311 478 1381 Μακάριος
511 1315 537 1365 ό
587 1314 716 1378 λαὸς
755 1318 840 1369 ἀεὶ
874 1319 1187 1388 μακαρίζων
1219 1339 1296 1386 σε,
1335 1325 1598 1392 μακαρία,
1631 1326 1664 1394 ή

105 1396 259 1450 θεὸν
288 1400 375 1451 τὸν
422 1404 688 1472 μακάριον
727 1407 945 1472 τέξασα,
976 1411 1100 1472 τοὺς
1143 1411 1362 1479 βροτοὺς
1393 1413 1458 1465 δι’
1491 1411 1667 1468 οἶκτον

109 1488 424 1560 ἀπορρήτῳ
455 1493 645 1547 ἑνώσει
672 1495 965 1551 θεώσαντα.
1135 1569 1138 1572 τ

188 1575 372 1646 Τόμον
426 1596 482 1631 σε
531 1584 782 1653 προεώρα
812 1588 840 1637 ὁ
870 1592 1151 1658 προφήτης
1172 1632 1184 1653 ,
1219 1592 1277 1645 ἐν
1302 1587 1345 1661 ᾧ
1374 1594 1541 1659 Λόγος
1566 1595 1660 1662 γέν

103 1678 369 1732 γραπται
392 1667 636 1739 δακτύλῳ
697 1673 926 1742 Πατρὸς,
955 1678 1215 1746 Παρθένε,
1244 1681 1302 1732 ὃν
1335 1683 1538 1734 ἱκέτευε
1584 1684 1662 1752 βί-

1771 513 1984 568 salvans
2017 530 2183 582 genus
2215 515 2527 572 humanum.

1839 603 2294 660 lntellectualibUs
2319 610 2518 677 angelis
2543 612 2908 667 sublimiorem
2935 624 2984 669 te
3015 614 3140 669 fecit
3170 618 3308 673 Deus

1769 694 2097 746 descendens
2129 697 2506 765 etingretliens
2549 702 2598 752 in
2636 713 2843 757 uterum
2878 715 3026 759 tuum
3083 707 3311 774 purissi-

1770 799 1936 844 tnttnt,
1966 799 1998 836 ο
2031 784 2301 839 inviolata.
2333 786 2484 840 Ilium
2527 791 2684 858 ig’tur
2725 810 2936 861 semper
2993 798 3303 864 deprecare,

1769 879 1826 923 ut
1856 889 2038 924 eorum
2069 874 2158 940 qui
2193 884 2240 926 te
2274 877 2511 938 laudant,
2547 881 2878 935 misereatur.
2943 913 2947 915 -

1835 960 1878 1012 Ο
1904 959 2085 1028 Virga,
2115 978 2234 1030 quae
2265 951 2861 1031 attgelicasIPntestates
2907 969 3297 1040 superemines,

1766 1059 1817 1102 ct
1863 1053 2110 1118 peperisti
2161 1054 2401 1106 omnium
2450 1056 2635 1118 Deum,
2669 1066 2720 1110 et
2772 1058 2999 1129 Regem,
3029 1078 3132 1116 una
3180 1080 3303 1119 cum

1767 1142 1870 1192 illis
1917 1158 2100 1208 preces
2151 1142 2383 1209 eﬂ'unde,
2442 1161 2474 1199 ο
2530 1146 2752 1201 Domina
2808 1154 3168 1220 sanctissima,
3207 1171 3305 1224 pro

1767 1230 1935 1283 Salute
1971 1240 2174 1286 nostra.
2335 1300 2339 1303 1
2424 1268 2427 1269 ν

1837 1317 2026 1375 Beatus
2073 1324 2323 1391 populus,
2348 1326 2438 1393 qui
2497 1325 2762 1396 beati-ﬂeat
2795 1339 2867 1395 te,
2897 1346 2927 1383 ο
2969 1333 3143 1400 beata,
3175 1352 3296 1403 quae

1767 1405 1931 1460 Dettnt
1960 1412 2170 1464 beatum
2199 1415 2467 1481 peperisti,
2503 1418 2591 1485 qui
2638 1431 2855 1486 propter
2898 1437 3049 1477 suam
3082 1425 3296 1477 miseri-

1763 1501 1997 1553 cm'diam
2027 1503 2272 1557 homines
2298 1507 2550 1560 itteﬂ‘abili
2575 1511 2773 1563 unione
2803 1512 3094 1566 deiticavit.

1832 1586 2090 1643 Volumen
2136 1595 2378 1660 praevidit
2434 1604 2481 1648 te
2529 1600 2806 1666 propheta,
2832 1616 2864 1653 ο
2904 1600 3079 1671 Virgo,
3109 1604 3162 1656 in
3200 1619 3308 1671 quo

1765 1675 1995 1732 Verbum
2031 1683 2290 1750 scriptum
2313 1695 2394 1737 est
2427 1685 2590 1754 digito
2622 1689 2792 1750 Patris
2835 1707 2847 1742 :
2879 1695 3022 1759 quod
3073 1695 3299 1760 supplex

105 1750 235 1823 ὅλῳ
256 1757 350 1824 τῆς
375 1757 517 1826 ζωῆς
560 1762 705 1830 ἡμᾶς
752 1744 1168 1838 καταγραφῆναι
1193 1771 1315 1834 τοὺς
1343 1744 1649 1834 εὐσεῦῶςσε

1766 1783 1950 1834 exora,
1987 1780 2047 1824 ut
2067 1773 2372 1828 ascribatin
2393 1776 2528 1831 libro
2546 1780 2663 1832 vitae
2702 1796 2818 1846 nos,
2853 1784 2944 1851 qui
2977 1792 3026 1837 te
3054 1773 3306 1852 religiose

102 1839 454 1908 δοξάζοντας.

182 1933 300 1986 Νοῦ
331 1937 424 1988 τοῦ
461 1939 692 2005 μεγάλου
721 1942 887 2009 Λόγον
923 1944 1012 1996 τὸν
1038 1946 1222 2012 ἀΐδιον,
1262 1948 1417 2018 κόρη,
1448 1951 1661 2021 ἀληθῶς

105 2027 168 2076 ὲν
211 2027 298 2079 σοὶ
332 2029 578 2099 ἀρρήτως
611 2034 704 2085 καὶ
734 2037 975 2102 φρικτῶς
1027 2043 1423 2110 κατοικήσαντα
1454 2045 1661 2113 βλέπων

103 2115 311 2181 ἐϐόησε
368 2118 603 2191 Γαϐριὴλ
646 2126 673 2176 ὁ
716 2126 1089 2194 ἀρχάγγελος·
1139 2132 1329 2200 Χαῖρε,
1371 2133 1524 2202 θρόνε
1568 2137 1659 2189 τοῦ

119 2203 408 2272 ’Υψίστου,
439 2211 793 2283 εὐλογημένη.

181 2296 290 2348 Τὸν
319 2298 545 2369 Σωτῆρα
593 2306 682 2354 καὶ
724 2305 872 2370 Θεὸν,
926 2309 1016 2360 καὶ
1060 2311 1351 2380 Λυτρωτὴν
1411 2315 1502 2367 καὶ
1561 2320 1657 2369 Δε-

106 2386 329 2455 σπότην
381 2391 541 2457 σαρκὶ
594 2396 826 2448 τεκοῦσα
853 2434 867 2458 ,
902 2399 1137 2465 πάναγνε
1175 2402 1467 2468 Δέσποινα,
1531 2407 1657 2459 τοῦ-

105 2492 206 2525 τον
235 2478 346 2539 ἀεὶ,
377 2480 627 2547 ἄχραντε,
667 2484 924 2550 δυσώπει,
959 2487 1103 2552 ὅπως
1136 2491 1284 2543 λύσιν
1313 2494 1417 2545 τῶν
1445 2495 1651 2559 δεινῶν,

103 2567 208 2618 καὶ
244 2568 455 2620 πολλῶν
493 2573 768 2640 ἁμαρτιῶν
796 2577 892 2645 τὴν
921 2580 1109 2644 ἄφεσιν
1136 2580 1406 2652 λάϐωμεν,
1436 2585 1658 2654 ὐμνολοο

100 2657 339 2727 γοῦντες
372 2661 535 2713 αὐτοῦ
568 2664 690 2726 τοὺς
727 2666 862 2737 ὑπὲρ
890 2669 1012 2721 νοῦν
1042 2672 1374 2742 οὶκτιρμούς.

173 2917 560 2984 Νυμφοστόλος
602 2924 630 2972 ὁ
679 2922 817 2986 θεῖος
859 2928 1194 2996 ἀρχάγγελος
1227 2933 1451 2996 ἐπιστὰς
1485 2953 1654 3005 προσ-

96 3007 375 3084 ιφ-ώνησε,
399 3009 457 3060 τὺ
484 3012 648 3080 Χαῖρε
679 3017 776 3074 σοὶ,
796 3015 994 3086 Νύμφη
1030 3020 1160 3071 Θεοῦ
1191 3021 1518 3090 άνύμφευτε,
1546 3027 1655 3079 τῶν

100 3097 359 3162 ἀγγέλων
394 3099 592 3166 ήδόξα,
645 3104 738 3153 καὶ
783 3104 890 3156 τῶν
934 3107 1230 3176 ἀνθρώπων
1263 3112 1323 3163 τὸ
1369 3114 1653 3184 διασωσμα

101 3187 201 3239 καὶ
242 3189 638 3258 περιτείχισμα.

174 3277 296 3346 Πῦρ
347 3279 578 3348 ὲκύησας
624 3283 872 3352 οὐδαμῶς
926 3287 1181 3354 φλογίσαν
1236 3310 1349 3356 σου,
1386 3297 1648 3367 Παρθένες

98 3369 292 3432 νηδὺν,
327 3369 496 3437 Λόγον
540 3373 832 3442 ἐγέννησας
867 3377 1095 3447 Πατρὸς,
1129 3382 1506 3452 ἐξαιρούμενον
1534 3391 1653 3441 ἁλο-

97 3459 229 3524 γίας
278 3461 402 3522 τοὺς
448 3461 630 3530 λόγους
681 3464 774 3517 τοῦ
820 3467 1018 3520 πλάνου
1079 3472 1504 3540 ὑπακούσαντας,
1559 3481 1651 3531 καὶ

95 3548 555 3616 παρακούσαντας
605 3553 698 3605 τοῦ
750 3559 1102 3626 πεποιηκότος
1149 3562 1281 3614 Θεοῦ
1325 3565 1418 3617 τοῦ
1463 3569 1648 3635 φιλαν-

94 3635 125 3686 θ
134 3634 347 3705 ρώπου.

170 3724 326 3792 Φωνῇ
361 3725 454 3777 τοῦ
496 3727 726 3795 ἀγγέλου
756 3731 992 3803 Γαϐριὴλ
1051 3737 1337 3800 συνέλαϐες
1384 3741 1515 3794 Θεὸν
1542 3745 1647 3796 Λό-

94 3813 219 3880 γὸν,
272 3816 664 3885 παναμώμητε,
707 3819 846 3889 λόγῳ
875 3823 968 3884 τάς
997 3824 1105 3876 ἄνω
1139 3831 1464 3897 στρατηγίας
1496 3818 1646 3901 ποιή-

94 3898 293 3966 σαντα,
330 3904 424 3956 καὶ
457 3905 608 3971 λόγον
642 3911 947 3978 παρέχοντα
980 3914 1164 3979 ὑμνεῖν
1200 3916 1294 3984 τὴν
1323 3907 1461 3989 ὑπὲρ
1486 3898 1649 3988 λόγον,

89 3993 191 4045 καὶ
217 3993 423 4047 ἔννοιαν
449 3997 635 4051 τούτου
675 4001 834 4067 ἀγίαν
862 4007 1294 4071 συγκατέιὸασιν.

165 4172 417 4234 Φανεῖσα,
463 4175 721 4242 ῐΙαρθένε,
753 4179 1062 4249 πλατυτέρα
1095 4185 1331 4253 οὐρανῶν
1360 4189 1638 4259 ὲχώρησας

86 4261 229 4313 Θεὸν
259 4263 690 4332 άνερμηνεύτως,
720 4267 778 4320 δν
810 4271 1113 4339 ἀσωμάτων
1149 4277 1297 4343 χοροὶ
1346 4281 1637 4348 ἀνυμνούσι

89 4351 419 4420 μυστικῶς’
479 4357 639 4407 αὐτὸν
695 4355 786 4409 οὖν
853 4360 1099 4427 ἱκέτευε,
1180 4367 1357 4433 ἁγνὴ,

83 4443 243 4509 ἡμᾶς
295 4443 529 4513 σωθῆναι
577 4445 700 4508 τούς
733 4464 788 4500 σε
832 4451 1230 4519 μακαρίζοντας
1280 4460 1481 4524 φωναῖς
1516 4461 1636 4511 ἀσι-

82 4531 296 4598 γήτοις.

96 4642 204 4693 Ἐκ
233 4641 338 4722 τοῦ
380 4645 642 4722 Kay-dre;-
689 4648 907 4722 εἰςτὰς
961 4651 1130 4719 ἁγίας
1193 4654 1483 4722 μάρτυρας
1513 4661 1633 4722 Μη-

154 4708 425 4844 ζὶ-ριιὲώραγ
456 4752 472 4777 ,
557 4708 949 4783 Μὴτροδώράν
975 4708 1019 4786 ,’
1055 4708 1152 4774 κάὶ
1193 4708 1624 4792 ’Νὖμφοὸὧράιξ

263 4794 344 4844 pg:
368 4797 383 4828 t
404 4819 416 4831 .

263 4794 344 4844 ερᾳ
368 4794 416 4831 ι’.

168 4891 259 4954 Ὠς
288 4893 524 4962 ἔμψυχον
570 4897 830 4970 θάλαμον,
858 4901 931 4960 ὡς
976 4902 1296 4974 ἀδιάφθορον
1342 4908 1626 4978 σκήνωμα,
1662 4880 1666 4884 Δ

76 4980 159 5042 ὡς
191 4981 364 5050 πύλην
411 4987 675 5056 οὐράνιον,
724 4991 796 5053 ὡς
833 4992 979 5043 θείαν
1013 4994 1306 5071 τράπεζαν,
1347 4997 1420 5058 ὡς
1453 4999 1625 5051 παλά-

76 5087 219 5132 τιον,
251 5073 344 5123 καὶ
382 5074 567 5142 θρόνον
614 5079 706 5132 τοῦ
737 5083 1002 5134 Δεσπότου
1057 5084 1274 5153 Μαρίαν
1303 5086 1394 5154 τὴν
1429 5081 1626 5155 ἄχραν-

80 5177 176 5211 τον
207 5159 394 5229 ὕμνοις
426 5168 763 5235 τιμήσωμεν.
795 5225 798 5227 λ

157 5411 266 5475 (74)
306 5411 607 5488 ldemapud
634 5429 715 5467 me
737 5425 816 5468 est
840 5417 1127 5488 immunem
1152 5433 1269 5473 esse
1292 5416 1558 5488 Virginem
1589 5435 1616 5470 a

81 5489 300 5546 peccato
326 5483 574 5546 originali
608 5493 660 5535 et
704 5487 921 5548 actuali,
951 5503 1012 5540 ac
1047 5502 1166 5541 esse
1205 5483 1618 5541 innuadulatam.

83 5549 230 5622 Licet
252 5551 390 5603 enim
438 5551 683 5604 homines
716 5556 955 5621 concepti
1007 5558 1056 5607 in
1108 5566 1322 5622 peccato
1363 5558 1620 5612 immacu—

80 5620 172 5672 lati
220 5631 627 5688 nuncupentur,
684 5633 739 5674 ut
800 5620 920 5676 cum
991 5620 1183 5678 dicitur
1237 5627 1289 5678 itt
1353 5627 1555 5694 psalmo
1604 5665 1621 5691 ,

1766 1858 2146 1925 gloriﬁcamus.

1836 1947 2038 2016 Magnae
2067 1953 2260 2006 mentis
2288 1953 2522 2008 Verbum
2559 1969 2816 2011 aeternum
2851 1960 2903 2011 in
2950 1969 3019 2023 te,
3047 1977 3079 2015 ο
3106 1964 3300 2030 puella.

1765 2037 2104 2093 ineﬂ‘abiliter
2122 2056 2183 2094 ac
2209 2039 2620 2099 formidabiliter
2647 2064 2769 2101 vere
2798 2051 3064 2104 habitasse
3094 2053 3305 2106 intuens

1765 2125 1976 2181 Gabriel
2032 2132 2406 2200 archangelus,
2442 2134 2736 2191 clamabat:
2771 2141 2902 2203 Ave,
2941 2141 3162 2197 thronus
3215 2142 3309 2195 Al-

1768 2217 1981 2282 tissimi,
2010 2233 2043 2274 o
2073 2221 2373 2275 benedicta.
3189 2272 3192 2275 .

1832 2307 1965 2362 Cum
2054 2311 2382 2366 Salvatorem
2435 2322 2489 2366 et
2528 2313 2717 2379 Deum,
2784 2315 3190 2388 Redetnptorem
3256 2333 3310 2374 et

1768 2395 2048 2449 Dominum
2080 2399 2399 2466 perpeteris,
2436 2416 2468 2453 ο
2519 2402 2822 2456 castissima
2858 2404 3080 2458 Domina
3103 2448 3119 2471 ,
3149 2423 3306 2462 eum-

1761 2484 1880 2537 dem
1923 2501 2131 2554 semper
2187 2490 2495 2557 deprecare,
2527 2506 2558 2544 ο
2606 2493 2972 2554 immaculata,
3010 2505 3068 2546 ut
3117 2495 3186 2548 ab
3239 2511 3305 2548 eo

1762 2577 2002 2644 recipere
2035 2581 2305 2646 possimus
2323 2563 2760 2649 gravissimorum
2797 2585 3058 2637 malorum
3112 2586 3304 2658 depul-

1761 2667 1990 2733 sionem,
2020 2670 2495 2739 plurimorumque,
2529 2673 2682 2740 175
2717 2684 3057 2741 peccatorum
3115 2677 3304 2729 remis—

1761 2759 1990 2824 sionem,
2019 2760 2296 2815 laudantcs
2349 2763 2746 2817 misericordias
2801 2764 2939 2833 ejus,
2976 2781 3095 2834 quae
3142 2781 3302 2820 exce-

1761 2849 1896 2922 dunt
1928 2865 2138 2902 omnem
2175 2852 2584 2918 cogitationem.

1830 2936 2097 3007 Nuptialis
2142 2955 2343 3008 auspex
2380 2943 2594 2996 divinus
2628 2943 2980 3012 archangelus
3011 2959 3177 3013 prope
3209 2960 3302 2999 as-

1682 3064 1725 3122 c
1762 3035 1905 3091 tatis,
1941 3031 2264 3082 exclamavit
2296 3032 2572 3096 tibi,~Ave,
2606 3047 2637 3085 ο
2685 3047 2877 3101 sponsa
2922 3034 3012 3087 Dei
3057 3034 3300 3104 innupta,

1758 3116 2067 3185 angelorum
2121 3121 2310 3187 gloria,
2358 3130 2412 3174 et
2475 3121 2747 3175 hominum
2785 3124 2951 3187 salus,
2991 3132 3046 3176 et
3110 3126 3290 3176 muni-

1756 3214 2014 3258 mentum.

1825 3294 2002 3361 Ignem
2039 3294 2350 3365 concepisti,
2384 3295 2475 3364 qui
2506 3294 2839 3364 nequaquam
2874 3303 3082 3352 uterum
3117 3306 3291 3361 tuum,

1755 3397 1787 3435 o
1825 3381 2007 3451 Virgo,
2043 3384 2273 3441 ﬂammis
2315 3385 2641 3451 combussit;
2699 3386 2926 3440 Verbum
2983 3389 3153 3444 Patris
3203 3406 3295 3460 ge-

1755 3473 1940 3536 nuisti,
1974 3473 2113 3540 quod
2154 3473 2344 3525 liberat
2394 3473 2461 3526 ab
2510 3468 2916 3530 irrationalitate
2955 3491 3045 3530 eos
3072 3481 3160 3546 qui
3207 3495 3293 3532 se-

1754 3563 1996 3617 ductoris
2025 3563 2199 3616 verbis
2230 3563 2567 3628 obedierunt,
2598 3575 2651 3618 et
2690 3565 2800 3618 Deo
2831 3563 3022 3620 {actori
3047 3582 3144 3621 suo
3189 3568 3294 3622 huc

1756 3652 2068 3706 manissimo
2102 3653 2473 3707 inobedientes
2498 3654 2735 3707 fuerunt.

1815 3745 1919 3796 Per
1948 3757 2130 3795 vocem
2162 3742 2332 3809 angeli
2369 3741 2655 3803 Gabrielis,
2688 3757 2720 3795 ο
2749 3742 3124 3807 mundissima,
3165 3759 3319 3798 con-.

1749 3832 1932 3901 Cepisti
1975 3833 2136 3884 Deum
2173 3828 2428 3893 Verbum,
2453 3832 2543 3899 qui
2577 3833 2737 3885 verbo
2767 3848 3031 3898 supernos
3078 3837 3289 3888 exerci-

1747 3930 1833 3972 tus
1861 3921 2080 3979 creavit,
2112 3930 2164 3973 et
2195 3922 2410 3973 verbum
2447 3924 2664 3989 prabet,
2698 3937 2806 3990 quo
2845 3932 3084 3978 sanctam
3143 3925 3288 3978 illius

1745 4009 2140 4061 descensionem
2179 4023 2240 4062 ac
2276 4008 2681 4073 demissionem,
2715 4027 2836 4078 qua:
2883 4024 3097 4078 superat
3130 4029 3287 4069 omne

1741 4092 1961 4149 verbum
1997 4108 2048 4149 et
2098 4097 2736 4165 cogitationem,lautlare
2782 4101 3071 4168 possimus.

1809 4184 1852 4238 Ο
1899 4185 2076 4254 Virgo,
2103 4187 2260 4238 latior
2289 4187 2438 4240 ccelis
2480 4190 2797 4256 apparuisti,
2833 4191 3113 4244 continens
3140 4192 3189 4244 in
3237 4201 3289 4247 te

1741 4276 2077 4328 ineliabiliter
2117 4275 2303 4338 Deum,
2328 4291 2486 4343 quem
2516 4279 2954 4345 incorporeorum
2986 4280 3138 4342 ebori
3173 4297 3288 4350 my-

1435 4371 1636 4433 πάντας
1664 4378 1714 4434 ι)
1743 4368 1874 4420 stice
1937 4367 2259 4419 collaudant.
2294 4369 2476 4435 lpsum‘
2509 4384 2637 4437 ergo
2694 4371 3004 4438 deprecare,
3041 4388 3072 4426 ο
3113 4383 3281 4438 casta,

1743 4471 1841 4522 pro
1865 4457 2037 4508 salute
2067 4459 2304 4510 omnium
2340 4468 2605 4523 nostrum,
2639 4461 2729 4529 qui
2761 4471 2812 4516 te
2842 4463 3149 4530 irrequietis
3184 4480 3281 4516 νο-

1740 4549 1888 4599 cibus
1911 4548 2296 4600 beatilieamus.

1740 4657 1822 4711 Er
1845 4659 2049 4711 Canone
2089 4661 2138 4733 iu
2179 4661 2308 4726 festo
2482 4674 2770 4732 martyrum
2813 4663 3130 4733 Mepodorm,
3171 4665 3283 4720 Med

2015 4731 2259 4807 trodora’,
2284 4739 2331 4781 et
2366 4730 2771 4798 Nymplwdorw,
2799 4735 2881 4786 die
2903 4730 2996 4787 '10.

1805 4900 2082 4969 Tanquam
2135 4904 2428 4992 thalamutn
2461 4916 2774 4970 animatum,
2805 4915 3054 4974 tanquam
3103 4910 3278 4963 taber-

1733 4996 1985 5047 naculum
2021 4998 2415 5066 incorruptum.
2449 5009 2697 5068 tanquam
2740 5010 2949 5068 portam
2981 5004 3271 5067 cmlestem,

1729 5091 1982 5149 tanquam
2042 5100 2280 5138 mensam
2335 5086 2591 5151 divinam,
2633 5095 2885 5154 tanquam
2929 5091 3182 5156 palatium
3221 5102 3272 5142 et

1730 5172 1978 5224 tltr0num
2007 5214 2009 5216 .
2037 5173 2270 5241 Domini,
2323 5175 2542 5228 Mariam
2585 5176 3007 5254 imtnaeulatam,
3053 5180 3267 5246 hymnis

1729 5261 2055 5317 honoremus
2086 5265 2219 5332 (74).

1728 5419 1874 5490 Ben-ti
1907 5422 2228 5473 immaculati
2264 5425 2317 5474 in
2344 5423 2443 5486 via,
2470 5439 2653 5489 parum
2674 5423 2851 5487 refert,
2883 5424 3130 5490 quoniam
3159 5440 3262 5478 non

1727 5488 1915 5559 loquor
1942 5491 2006 5543 de
2032 5492 2268 5557 qualibet
2302 5488 2698 5559 nuncupatione
2743 5488 2969 5544 nominis
3003 5493 3266 5546 immacu-

1730 5556 1839 5619 lati,
1866 5560 1958 5610 sed
1999 5556 2064 5610 de
2103 5560 2343 5630 absoluta
2378 5568 2430 5630 et
2464 5556 2988 5630 antonomasticatet
3020 5561 3258 5630 speciali,

1729 5642 2074 5695 persongeque
2121 5629 2476 5695 particularis,
2509 5638 2561 5683 et
2610 5633 2662 5683 itt
2711 5630 2855 5682 Novo
2895 5629 3259 5704 Testamento,
