  <div class='ocr_page' id='page_1' title='image "/cluster/home/n/w/nwhite01/storage/ocr_20150623/105/pst.000005714155/678.png"; bbox 0 0 3936 6304; ppageno 0'>
   <div class='ocr_carea' id='block_1_1' title="bbox 141 288 302 352">
    <p class='ocr_par' dir='ltr' id='par_1_1' title="bbox 141 288 302 352">
     <span class='ocr_line' id='line_1_1' title="bbox 141 288 302 352; baseline 0.019 -3"><span class='ocrx_word' id='word_1_1' title='bbox 141 288 302 352; x_wconf 72' lang='lat'><strong>1193</strong></span> 
     </span>
    </p>
   </div>
   <div class='ocr_carea' id='block_1_2' title="bbox 1546 280 1899 340">
    <p class='ocr_par' dir='ltr' id='par_1_2' title="bbox 1546 280 1899 340">
     <span class='ocr_line' id='line_1_2' title="bbox 1546 280 1899 340; baseline -0.003 0"><span class='ocrx_word' id='word_1_2' title='bbox 1546 280 1899 340; x_wconf 76' lang='lat' dir='ltr'><strong>MARIALE.</strong></span> 
     </span>
    </p>
   </div>
   <div class='ocr_carea' id='block_1_3' title="bbox 3205 270 3337 336">
    <p class='ocr_par' dir='ltr' id='par_1_3' title="bbox 3205 270 3337 336">
     <span class='ocr_line' id='line_1_3' title="bbox 3205 270 3337 336; baseline -0.023 0"><span class='ocrx_word' id='word_1_3' title='bbox 3205 270 3337 336; x_wconf 68' lang='grc'><strong>1194</strong></span> 
     </span>
    </p>
   </div>
   <div class='ocr_carea' id='block_1_4' title="bbox 148 376 1716 467">
    <p class='ocr_par' dir='ltr' id='par_1_4' title="bbox 148 376 1699 467">
     <span class='ocr_line' id='line_1_4' title="bbox 148 376 1699 467; baseline -0.005 -18"><span class='ocrx_word' id='word_1_4' title='bbox 148 414 251 450; x_wconf 78' lang='grc' dir='ltr'><strong>σιν</strong></span> <span class='ocrx_word' id='word_1_5' title='bbox 296 398 350 450; x_wconf 75' lang='grc' dir='ltr'>οἱ</span> <span class='ocrx_word' id='word_1_6' title='bbox 380 376 936 467; x_wconf 39' lang='grc' dir='ltr'><strong>ἀθλοφόροιρΧριστὶ,</strong></span> <span class='ocrx_word' id='word_1_7' title='bbox 982 391 1221 462; x_wconf 75' lang='grc' dir='ltr'><strong>νομίμως</strong></span> <span class='ocrx_word' id='word_1_8' title='bbox 1254 389 1567 461; x_wconf 58' lang='grc' dir='ltr'>ἔνήθῖιησαν,</span> <span class='ocrx_word' id='word_1_9' title='bbox 1604 392 1699 461; x_wconf 80' lang='grc' dir='ltr'>τὴν</span> 
     </span>
    </p>
   </div>
   <div class='ocr_carea' id='block_1_5' title="bbox 1821 376 3344 467">
    <p class='ocr_par' dir='ltr' id='par_1_5' title="bbox 1821 382 3344 453">
     <span class='ocr_line' id='line_1_5' title="bbox 1821 382 3344 453; baseline -0.001 -13"><span class='ocrx_word' id='word_1_10' title='bbox 1821 387 2031 448; x_wconf 69' lang='lat' dir='ltr'><strong>Jhristc,</strong></span> <span class='ocrx_word' id='word_1_11' title='bbox 2057 384 2287 453; x_wconf 68' lang='lat' dir='ltr'><strong>legitime</strong></span> <span class='ocrx_word' id='word_1_12' title='bbox 2326 393 2684 447; x_wconf 77' lang='lat' dir='ltr'><strong>certaverunt,</strong></span> <span class='ocrx_word' id='word_1_13' title='bbox 2740 383 2986 436; x_wconf 80' lang='lat' dir='ltr'><strong>laudibus</strong></span> <span class='ocrx_word' id='word_1_14' title='bbox 3019 382 3344 444; x_wconf 70' lang='lat' dir='ltr'><strong>erlebratitcs</strong></span> 
     </span>
    </p>
   </div>
   <div class='ocr_carea' id='block_1_6' title="bbox 153 480 1704 561">
    <p class='ocr_par' dir='ltr' id='par_1_6' title="bbox 153 480 1704 561">
     <span class='ocr_line' id='line_1_6' title="bbox 153 480 1704 561; baseline -0.007 -19"><span class='ocrx_word' id='word_1_15' title='bbox 153 490 342 561; x_wconf 71' lang='grc' dir='ltr'>ἁγνὴν</span> <span class='ocrx_word' id='word_1_16' title='bbox 379 484 603 557; x_wconf 69' lang='grc' dir='ltr'><strong>Μητέρα</strong></span> <span class='ocrx_word' id='word_1_17' title='bbox 646 497 739 538; x_wconf 76' lang='grc' dir='ltr'>σου</span> <span class='ocrx_word' id='word_1_18' title='bbox 767 483 1245 555; x_wconf 82' lang='grc' dir='ltr'>ἀνυμνολογοῦντες</span> <span class='ocrx_word' id='word_1_19' title='bbox 1288 483 1606 551; x_wconf 76' lang='grc' dir='ltr'><strong>ἁπορῥήτως</strong></span> <span class='ocrx_word' id='word_1_20' title='bbox 1646 480 1704 532; x_wconf 77' lang='grc' dir='ltr'><strong>σε</strong></span> 
     </span>
    </p>
   </div>
   <div class='ocr_carea' id='block_1_7' title="bbox 147 583 466 650">
    <p class='ocr_par' dir='ltr' id='par_1_7' title="bbox 147 583 466 650">
     <span class='ocr_line' id='line_1_7' title="bbox 147 583 466 650; baseline -0.006 -17"><span class='ocrx_word' id='word_1_21' title='bbox 147 583 466 650; x_wconf 76' lang='grc' dir='ltr'><strong>κυήσασαν.</strong></span> 
     </span>
    </p>
   </div>
   <div class='ocr_carea' id='block_1_8' title="bbox 244 664 1704 740">
    <p class='ocr_par' dir='ltr' id='par_1_8' title="bbox 244 664 1704 740">
     <span class='ocr_line' id='line_1_8' title="bbox 244 664 1704 740; baseline -0.006 -17"><span class='ocrx_word' id='word_1_22' title='bbox 244 671 595 740; x_wconf 81' lang='grc' dir='ltr'>Ὑπάρχουσα</span> <span class='ocrx_word' id='word_1_23' title='bbox 647 669 906 720; x_wconf 79' lang='grc' dir='ltr'><strong>Δέσποινα</strong></span> <span class='ocrx_word' id='word_1_24' title='bbox 974 666 1325 735; x_wconf 80' lang='grc' dir='ltr'>καθαρωτέρα</span> <span class='ocrx_word' id='word_1_25' title='bbox 1377 664 1555 731; x_wconf 73' lang='grc' dir='ltr'>πάσης</span> <span class='ocrx_word' id='word_1_26' title='bbox 1609 665 1704 731; x_wconf 78' lang='grc' dir='ltr'><strong>τῆς</strong></span> 
     </span>
    </p>
   </div>
   <div class='ocr_carea' id='block_1_9' title="bbox 147 754 1707 825">
    <p class='ocr_par' dir='ltr' id='par_1_9' title="bbox 147 754 1707 825">
     <span class='ocr_line' id='line_1_9' title="bbox 147 754 1707 825; baseline -0.003 -13"><span class='ocrx_word' id='word_1_27' title='bbox 147 762 397 822; x_wconf 78' lang='grc' dir='ltr'>κτίσεως</span> <span class='ocrx_word' id='word_1_28' title='bbox 432 757 665 824; x_wconf 81' lang='grc' dir='ltr'>ὑπεδέξω</span> <span class='ocrx_word' id='word_1_29' title='bbox 709 757 799 809; x_wconf 80' lang='grc' dir='ltr'><strong>τὸν</strong></span> <span class='ocrx_word' id='word_1_30' title='bbox 836 758 1002 822; x_wconf 84' lang='grc' dir='ltr'>Λόγον</span> <span class='ocrx_word' id='word_1_31' title='bbox 1046 757 1109 807; x_wconf 76' lang='grc' dir='ltr'><strong>ὲκ</strong></span> <span class='ocrx_word' id='word_1_32' title='bbox 1159 754 1253 807; x_wconf 80' lang='grc' dir='ltr'>σοῦ</span> <span class='ocrx_word' id='word_1_33' title='bbox 1296 755 1549 825; x_wconf 79' lang='grc' dir='ltr'>ἀρῤήτως</span> <span class='ocrx_word' id='word_1_34' title='bbox 1577 756 1707 807; x_wconf 80' lang='grc' dir='ltr'>ἁπο-</span> 
     </span>
    </p>
   </div>
   <div class='ocr_carea' id='block_1_10' title="bbox 146 840 1704 919">
    <p class='ocr_par' dir='ltr' id='par_1_10' title="bbox 146 840 1704 919">
     <span class='ocr_line' id='line_1_10' title="bbox 146 840 1704 919; baseline -0.004 -17"><span class='ocrx_word' id='word_1_35' title='bbox 146 852 500 919; x_wconf 75' lang='grc' dir='ltr'>τικτόμενσν,</span> <span class='ocrx_word' id='word_1_36' title='bbox 530 850 588 902; x_wconf 78' lang='grc' dir='ltr'>ὃν</span> <span class='ocrx_word' id='word_1_37' title='bbox 620 851 668 900; x_wconf 80' lang='lat' dir='ltr'><strong>oi</strong></span> <span class='ocrx_word' id='word_1_38' title='bbox 707 850 939 917; x_wconf 78' lang='grc' dir='ltr'>γενναῖοι</span> <span class='ocrx_word' id='word_1_39' title='bbox 964 840 1294 914; x_wconf 75' lang='grc' dir='ltr'>ποθήσαντες</span> <span class='ocrx_word' id='word_1_40' title='bbox 1322 845 1589 915; x_wconf 81' lang='grc' dir='ltr'>μάρτυρες</span> <span class='ocrx_word' id='word_1_41' title='bbox 1608 846 1704 914; x_wconf 80' lang='grc' dir='ltr'>τὴν</span> 
     </span>
    </p>
   </div>
   <div class='ocr_carea' id='block_1_11' title="bbox 149 928 1232 1011">
    <p class='ocr_par' dir='ltr' id='par_1_11' title="bbox 149 928 1232 1011">
     <span class='ocr_line' id='line_1_11' title="bbox 149 928 1232 1011; baseline -0.004 -18"><span class='ocrx_word' id='word_1_42' title='bbox 149 942 273 994; x_wconf 82' lang='grc' dir='ltr'><strong>τῶν</strong></span> <span class='ocrx_word' id='word_1_43' title='bbox 306 942 553 1011; x_wconf 79' lang='grc' dir='ltr'><strong>βασάνων</strong></span> <span class='ocrx_word' id='word_1_44' title='bbox 581 939 755 1009; x_wconf 72' lang='grc' dir='ltr'>πυρὰν</span> <span class='ocrx_word' id='word_1_45' title='bbox 779 928 1232 1007; x_wconf 67' lang='grc' dir='ltr'><strong>ἐνεκαρτέρησαν.</strong></span> 
     </span>
    </p>
   </div>
   <div class='ocr_carea' id='block_1_12' title="bbox 231 1107 1709 1183">
    <p class='ocr_par' dir='ltr' id='par_1_12' title="bbox 231 1107 1709 1183">
     <span class='ocr_line' id='line_1_12' title="bbox 231 1107 1709 1183; baseline -0.004 -17"><span class='ocrx_word' id='word_1_46' title='bbox 231 1112 378 1166; x_wconf 84' lang='grc' dir='ltr'><strong>Νέον</strong></span> <span class='ocrx_word' id='word_1_47' title='bbox 405 1113 475 1174; x_wconf 82' lang='grc' dir='ltr'>ὡς</span> <span class='ocrx_word' id='word_1_48' title='bbox 506 1111 703 1183; x_wconf 79' lang='grc' dir='ltr'><strong>βρέφος</strong></span> <span class='ocrx_word' id='word_1_49' title='bbox 726 1112 953 1174; x_wconf 78' lang='grc' dir='ltr'>τέτοκας</span> <span class='ocrx_word' id='word_1_50' title='bbox 988 1110 1080 1163; x_wconf 73' lang='grc' dir='ltr'>τὸν</span> <span class='ocrx_word' id='word_1_51' title='bbox 1110 1110 1286 1179; x_wconf 70' lang='lat' dir='ltr'><strong>“arpi.</strong></span> <span class='ocrx_word' id='word_1_52' title='bbox 1323 1109 1415 1161; x_wconf 78' lang='grc' dir='ltr'>καὶ</span> <span class='ocrx_word' id='word_1_53' title='bbox 1442 1108 1518 1178; x_wconf 76' lang='grc' dir='ltr'><strong>τῷ</strong></span> <span class='ocrx_word' id='word_1_54' title='bbox 1545 1107 1709 1161; x_wconf 79' lang='grc' dir='ltr'><strong>[ινεὺ-</strong></span> 
     </span>
    </p>
   </div>
   <div class='ocr_carea' id='block_1_13' title="bbox 155 1198 1709 1269">
    <p class='ocr_par' dir='ltr' id='par_1_13' title="bbox 155 1198 1709 1269">
     <span class='ocr_line' id='line_1_13' title="bbox 155 1198 1709 1269; baseline -0.001 -18"><span class='ocrx_word' id='word_1_55' title='bbox 155 1216 334 1267; x_wconf 66' lang='lat' dir='ltr'><strong>putt,</strong></span> <span class='ocrx_word' id='word_1_56' title='bbox 379 1200 609 1269; x_wconf 76' lang='grc' dir='ltr'><strong>ἄχραντι</strong></span> <span class='ocrx_word' id='word_1_57' title='bbox 658 1199 915 1269; x_wconf 70' lang='grc' dir='ltr'>Παροέιιε,</span> <span class='ocrx_word' id='word_1_58' title='bbox 952 1198 1211 1266; x_wconf 78' lang='grc' dir='ltr'>συμφυῶς</span> <span class='ocrx_word' id='word_1_59' title='bbox 1250 1198 1532 1265; x_wconf 75' lang='grc' dir='ltr'>νοούμενον</span> <span class='ocrx_word' id='word_1_60' title='bbox 1578 1199 1709 1266; x_wconf 78' lang='grc' dir='ltr'>Χρι-</span> 
     </span>
    </p>
   </div>
   <div class='ocr_carea' id='block_1_14' title="bbox 155 1286 1711 1359">
    <p class='ocr_par' dir='ltr' id='par_1_14' title="bbox 155 1286 1711 1359">
     <span class='ocr_line' id='line_1_14' title="bbox 155 1286 1711 1359; baseline -0.001 -20"><span class='ocrx_word' id='word_1_61' title='bbox 155 1291 316 1353; x_wconf 71' lang='grc' dir='ltr'>στὸν,</span> <span class='ocrx_word' id='word_1_62' title='bbox 356 1288 445 1340; x_wconf 77' lang='grc' dir='ltr'>τὸν</span> <span class='ocrx_word' id='word_1_63' title='bbox 474 1289 604 1341; x_wconf 78' lang='grc' dir='ltr'>Θεὸν</span> <span class='ocrx_word' id='word_1_64' title='bbox 636 1287 810 1357; x_wconf 82' lang='grc' dir='ltr'><strong>ἡμῶν,</strong></span> <span class='ocrx_word' id='word_1_65' title='bbox 843 1288 905 1359; x_wconf 24' lang='grc' dir='ltr'><strong>ὃν,</strong></span> <span class='ocrx_word' id='word_1_66' title='bbox 930 1288 978 1340; x_wconf 79' lang='lat' dir='ltr'><strong>oi</strong></span> <span class='ocrx_word' id='word_1_67' title='bbox 1008 1290 1241 1355; x_wconf 82' lang='grc' dir='ltr'>γενναῖοι</span> <span class='ocrx_word' id='word_1_68' title='bbox 1282 1288 1553 1356; x_wconf 76' lang='grc' dir='ltr'><strong>μάρτυρες</strong></span> <span class='ocrx_word' id='word_1_69' title='bbox 1582 1286 1711 1339; x_wconf 81' lang='grc' dir='ltr'><strong>καθ-</strong></span> 
     </span>
    </p>
   </div>
   <div class='ocr_carea' id='block_1_15' title="bbox 152 1372 1706 1449">
    <p class='ocr_par' dir='ltr' id='par_1_15' title="bbox 152 1372 1706 1449">
     <span class='ocr_line' id='line_1_15' title="bbox 152 1372 1706 1449; baseline -0.002 -18"><span class='ocrx_word' id='word_1_70' title='bbox 152 1378 551 1446; x_wconf 77' lang='grc' dir='ltr'>ομολογοῦντες</span> <span class='ocrx_word' id='word_1_71' title='bbox 580 1377 738 1449; x_wconf 80' lang='grc' dir='ltr'>ἱερῶς</span> <span class='ocrx_word' id='word_1_72' title='bbox 766 1377 1065 1441; x_wconf 83' lang='grc' dir='ltr'>ὲναθλοῦσι,</span> <span class='ocrx_word' id='word_1_73' title='bbox 1094 1378 1211 1445; x_wconf 82' lang='grc' dir='ltr'><strong>μεθ’</strong></span> <span class='ocrx_word' id='word_1_74' title='bbox 1235 1372 1309 1431; x_wconf 83' lang='grc' dir='ltr'>ὧν</span> <span class='ocrx_word' id='word_1_75' title='bbox 1340 1392 1419 1439; x_wconf 80' lang='grc' dir='ltr'>σε,</span> <span class='ocrx_word' id='word_1_76' title='bbox 1450 1378 1706 1442; x_wconf 75' lang='grc' dir='ltr'>πανατία,</span> 
     </span>
    </p>
   </div>
   <div class='ocr_carea' id='block_1_16' title="bbox 156 1466 1711 1537">
    <p class='ocr_par' dir='ltr' id='par_1_16' title="bbox 156 1466 1711 1537">
     <span class='ocr_line' id='line_1_16' title="bbox 156 1466 1711 1537; baseline -0.001 -18"><span class='ocrx_word' id='word_1_77' title='bbox 156 1468 533 1537; x_wconf 73' lang='grc' dir='ltr'><strong>μακαρίζουσι</strong></span> <span class='ocrx_word' id='word_1_78' title='bbox 578 1467 758 1521; x_wconf 77' lang='grc' dir='ltr'><strong>πίστει</strong></span> <span class='ocrx_word' id='word_1_79' title='bbox 798 1468 937 1534; x_wconf 73' lang='grc' dir='ltr'>λαοὶ,</span> <span class='ocrx_word' id='word_1_80' title='bbox 992 1467 1174 1533; x_wconf 73' lang='grc' dir='ltr'><strong>φυλαὶ,</strong></span> <span class='ocrx_word' id='word_1_81' title='bbox 1222 1466 1315 1521; x_wconf 74' lang='grc' dir='ltr'><strong>καὶ</strong></span> <span class='ocrx_word' id='word_1_82' title='bbox 1360 1466 1599 1534; x_wconf 78' lang='grc' dir='ltr'>γλῶσσαι</span> <span class='ocrx_word' id='word_1_83' title='bbox 1632 1468 1711 1528; x_wconf 74' lang='grc' dir='ltr'>εἰς</span> 
     </span>
    </p>
   </div>
   <div class='ocr_carea' id='block_1_17' title="bbox 154 1557 768 1621">
    <p class='ocr_par' dir='ltr' id='par_1_17' title="bbox 154 1557 768 1621">
     <span class='ocr_line' id='line_1_17' title="bbox 154 1557 768 1621; baseline 0.005 -12"><span class='ocrx_word' id='word_1_84' title='bbox 154 1558 376 1619; x_wconf 78' lang='grc' dir='ltr'>πάντας</span> <span class='ocrx_word' id='word_1_85' title='bbox 406 1557 531 1619; x_wconf 80' lang='grc' dir='ltr'>τοὺς</span> <span class='ocrx_word' id='word_1_86' title='bbox 553 1558 768 1621; x_wconf 83' lang='grc' dir='ltr'>αἰῶνας.</span> 
     </span>
    </p>
   </div>
   <div class='ocr_carea' id='block_1_18' title="bbox 236 1644 1710 1719">
    <p class='ocr_par' dir='ltr' id='par_1_18' title="bbox 236 1644 1710 1719">
     <span class='ocr_line' id='line_1_18' title="bbox 236 1644 1710 1719; baseline -0.001 -20"><span class='ocrx_word' id='word_1_87' title='bbox 236 1644 483 1712; x_wconf 54' lang='lat' dir='ltr'><strong>Quieta;</strong></span> <span class='ocrx_word' id='word_1_88' title='bbox 509 1664 569 1700; x_wconf 77' lang='grc' dir='ltr'>σε</span> <span class='ocrx_word' id='word_1_89' title='bbox 604 1648 869 1719; x_wconf 84' lang='grc' dir='ltr'>παρθένον</span> <span class='ocrx_word' id='word_1_90' title='bbox 897 1649 925 1700; x_wconf 81' lang='grc' dir='ltr'>ὁ</span> <span class='ocrx_word' id='word_1_91' title='bbox 954 1647 1016 1701; x_wconf 74' lang='grc' dir='ltr'><strong>ὲκ</strong></span> <span class='ocrx_word' id='word_1_92' title='bbox 1043 1647 1150 1700; x_wconf 84' lang='grc' dir='ltr'><strong>τῶν</strong></span> <span class='ocrx_word' id='word_1_93' title='bbox 1180 1645 1288 1701; x_wconf 84' lang='grc' dir='ltr'>σῶν</span> <span class='ocrx_word' id='word_1_94' title='bbox 1316 1646 1595 1709; x_wconf 81' lang='grc' dir='ltr'>ἀνατείλας</span> <span class='ocrx_word' id='word_1_95' title='bbox 1618 1646 1710 1697; x_wconf 85' lang='grc' dir='ltr'><strong>λα-</strong></span> 
     </span>
    </p>
   </div>
   <div class='ocr_carea' id='block_1_19' title="bbox 1805 471 3343 547">
    <p class='ocr_par' dir='ltr' id='par_1_19' title="bbox 1805 471 3343 547">
     <span class='ocr_line' id='line_1_19' title="bbox 1805 471 3343 547; baseline -0.005 -15"><span class='ocrx_word' id='word_1_96' title='bbox 1805 477 2150 547; x_wconf 86' lang='lat' dir='ltr'><strong>purissimum</strong></span> <span class='ocrx_word' id='word_1_97' title='bbox 2185 474 2409 529; x_wconf 73' lang='lat' dir='ltr'><strong>Matrem</strong></span> <span class='ocrx_word' id='word_1_98' title='bbox 2463 485 2627 538; x_wconf 76' lang='lat' dir='ltr'><strong>tuam,</strong></span> <span class='ocrx_word' id='word_1_99' title='bbox 2662 489 2781 543; x_wconf 79' lang='lat' dir='ltr'><strong>qua:</strong></span> <span class='ocrx_word' id='word_1_100' title='bbox 2812 482 2861 525; x_wconf 90' lang='lat' dir='ltr'><strong>te</strong></span> <span class='ocrx_word' id='word_1_101' title='bbox 2886 471 3222 526; x_wconf 79' lang='lat' dir='ltr'><strong>inelTahilitet&#39;</strong></span> <span class='ocrx_word' id='word_1_102' title='bbox 3256 490 3343 539; x_wconf 72' lang='lat' dir='ltr'><strong>ge-</strong></span> 
     </span>
    </p>
   </div>
   <div class='ocr_carea' id='block_1_20' title="bbox 1803 572 2645 625">
    <p class='ocr_par' dir='ltr' id='par_1_20' title="bbox 1803 572 2645 625">
     <span class='ocr_line' id='line_1_20' title="bbox 1803 572 2645 625; baseline -0.002 0"><span class='ocrx_word' id='word_1_103' title='bbox 1803 572 1941 625; x_wconf 88' lang='lat' dir='ltr'><strong>nuit.</strong></span> <span class='ocrx_word' id='word_1_104' title='bbox 2638 616 2645 623; x_wconf 88' lang='lat'><strong>.</strong></span> 
     </span>
    </p>
   </div>
   <div class='ocr_carea' id='block_1_21' title="bbox 1870 652 3344 727">
    <p class='ocr_par' dir='ltr' id='par_1_21' title="bbox 1870 652 3344 727">
     <span class='ocr_line' id='line_1_21' title="bbox 1870 652 3344 727; baseline -0.009 -10"><span class='ocrx_word' id='word_1_105' title='bbox 1870 664 2003 717; x_wconf 89' lang='lat' dir='ltr'><strong>Cum</strong></span> <span class='ocrx_word' id='word_1_106' title='bbox 2036 676 2207 725; x_wconf 88' lang='lat' dir='ltr'><strong>esses,</strong></span> <span class='ocrx_word' id='word_1_107' title='bbox 2238 676 2269 715; x_wconf 91' lang='grc' dir='ltr'><strong>ο</strong></span> <span class='ocrx_word' id='word_1_108' title='bbox 2294 660 2539 722; x_wconf 85' lang='lat' dir='ltr'><strong>Domina,</strong></span> <span class='ocrx_word' id='word_1_109' title='bbox 2568 658 2754 727; x_wconf 73' lang='lat' dir='ltr'><strong>purior</strong></span> <span class='ocrx_word' id='word_1_110' title='bbox 2783 655 3036 709; x_wconf 79' lang='lat' dir='ltr'><strong>omnibus</strong></span> <span class='ocrx_word' id='word_1_111' title='bbox 3061 652 3344 715; x_wconf 75' lang='lat' dir='ltr'><strong>creaturis,</strong></span> 
     </span>
    </p>
   </div>
   <div class='ocr_carea' id='block_1_22' title="bbox 1804 743 3345 822">
    <p class='ocr_par' dir='ltr' id='par_1_22' title="bbox 1804 743 3345 822">
     <span class='ocr_line' id='line_1_22' title="bbox 1804 743 3345 822; baseline -0.011 -13"><span class='ocrx_word' id='word_1_112' title='bbox 1804 753 2092 822; x_wconf 90' lang='lat' dir='ltr'><strong>suscepisti</strong></span> <span class='ocrx_word' id='word_1_113' title='bbox 2140 750 2398 813; x_wconf 81' lang='lat' dir='ltr'><strong>Verbum,</strong></span> <span class='ocrx_word' id='word_1_114' title='bbox 2426 765 2489 803; x_wconf 81' lang='lat' dir='ltr'><strong>ex</strong></span> <span class='ocrx_word' id='word_1_115' title='bbox 2525 756 2575 803; x_wconf 89' lang='lat' dir='ltr'><strong>te</strong></span> <span class='ocrx_word' id='word_1_116' title='bbox 2599 748 2934 802; x_wconf 72' lang='lat' dir='ltr'><strong>ineﬂabilitcr</strong></span> <span class='ocrx_word' id='word_1_117' title='bbox 2966 756 3171 808; x_wconf 88' lang='lat' dir='ltr'><strong>natuut,</strong></span> <span class='ocrx_word' id='word_1_118' title='bbox 3205 743 3345 810; x_wconf 85' lang='lat' dir='ltr'><strong>quod</strong></span> 
     </span>
    </p>
   </div>
   <div class='ocr_carea' id='block_1_23' title="bbox 1804 837 3345 917">
    <p class='ocr_par' dir='ltr' id='par_1_23' title="bbox 1804 837 3345 917">
     <span class='ocr_line' id='line_1_23' title="bbox 1804 837 3345 917; baseline -0.008 -18"><span class='ocrx_word' id='word_1_119' title='bbox 1804 844 2048 917; x_wconf 78' lang='lat' dir='ltr'><strong>generosi</strong></span> <span class='ocrx_word' id='word_1_120' title='bbox 2075 851 2339 911; x_wconf 81' lang='lat' dir='ltr'><strong>martyres</strong></span> <span class='ocrx_word' id='word_1_121' title='bbox 2364 856 2488 895; x_wconf 91' lang='lat' dir='ltr'><strong>cum</strong></span> <span class='ocrx_word' id='word_1_122' title='bbox 2521 839 2711 893; x_wconf 78' lang='lat' dir='ltr'><strong>aiiectu</strong></span> <span class='ocrx_word' id='word_1_123' title='bbox 2747 837 3215 905; x_wconf 71' lang='lat' dir='ltr'><strong>coucupiscvntes,</strong></span> <span class='ocrx_word' id='word_1_124' title='bbox 3238 846 3345 887; x_wconf 54' lang='lat' dir='ltr'><strong>toro</strong></span> 
     </span>
    </p>
   </div>
   <div class='ocr_carea' id='block_1_24' title="bbox 1806 930 3347 1003">
    <p class='ocr_par' dir='ltr' id='par_1_24' title="bbox 1806 930 3347 1003">
     <span class='ocr_line' id='line_1_24' title="bbox 1806 930 3347 1003; baseline -0.008 -13"><span class='ocrx_word' id='word_1_125' title='bbox 1806 944 2113 990; x_wconf 85' lang='lat' dir='ltr'><strong>mentorum</strong></span> <span class='ocrx_word' id='word_1_126' title='bbox 2176 933 2550 1003; x_wconf 69' lang='lat' dir='ltr'><strong>probationum</strong></span> <span class='ocrx_word' id='word_1_127' title='bbox 2622 930 2880 998; x_wconf 70' lang='lat' dir='ltr'><strong>patienter</strong></span> <span class='ocrx_word' id='word_1_128' title='bbox 2931 936 3347 993; x_wconf 76' lang='lat' dir='ltr'><strong>constanterque</strong></span> 
     </span>
    </p>
   </div>
   <div class='ocr_carea' id='block_1_25' title="bbox 1806 1026 2391 1087">
    <p class='ocr_par' dir='ltr' id='par_1_25' title="bbox 1806 1026 2391 1087">
     <span class='ocr_line' id='line_1_25' title="bbox 1806 1026 2391 1087; baseline -0.005 -7"><span class='ocrx_word' id='word_1_129' title='bbox 1806 1026 2197 1081; x_wconf 84' lang='lat' dir='ltr'><strong>sustinuerunt.</strong></span> <span class='ocrx_word' id='word_1_130' title='bbox 2384 1081 2391 1087; x_wconf 85' lang='lat'><em>_</em></span> 
     </span>
    </p>
   </div>
   <div class='ocr_carea' id='block_1_26' title="bbox 1875 1105 3350 1185">
    <p class='ocr_par' dir='ltr' id='par_1_26' title="bbox 1875 1105 3350 1185">
     <span class='ocr_line' id='line_1_26' title="bbox 1875 1105 3350 1185; baseline -0.01 -14"><span class='ocrx_word' id='word_1_131' title='bbox 1875 1116 2153 1185; x_wconf 81' lang='lat' dir='ltr'><strong>Tanquam</strong></span> <span class='ocrx_word' id='word_1_132' title='bbox 2184 1128 2383 1168; x_wconf 83' lang='lat' dir='ltr'><strong>novum</strong></span> <span class='ocrx_word' id='word_1_133' title='bbox 2413 1110 2670 1165; x_wconf 81' lang='lat' dir='ltr'><strong>infantem</strong></span> <span class='ocrx_word' id='word_1_134' title='bbox 2696 1108 2966 1178; x_wconf 81' lang='lat' dir='ltr'><strong>peperisti,</strong></span> <span class='ocrx_word' id='word_1_135' title='bbox 2994 1123 3026 1159; x_wconf 93' lang='grc' dir='ltr'><strong>ο</strong></span> <span class='ocrx_word' id='word_1_136' title='bbox 3058 1105 3219 1175; x_wconf 69' lang='lat' dir='ltr'><strong>Virgo</strong></span> <span class='ocrx_word' id='word_1_137' title='bbox 3252 1106 3350 1157; x_wconf 82' lang='lat' dir='ltr'><strong>in-</strong></span> 
     </span>
    </p>
   </div>
   <div class='ocr_carea' id='block_1_27' title="bbox 1806 1200 3433 1269">
    <p class='ocr_par' dir='ltr' id='par_1_27' title="bbox 1806 1200 3433 1269">
     <span class='ocr_line' id='line_1_27' title="bbox 1806 1200 3433 1269; baseline -0.004 -11"><span class='ocrx_word' id='word_1_138' title='bbox 1806 1206 2023 1269; x_wconf 85' lang='lat' dir='ltr'><strong>violata,</strong></span> <span class='ocrx_word' id='word_1_139' title='bbox 2051 1206 2326 1260; x_wconf 73' lang='lat' dir='ltr'><strong>Christum</strong></span> <span class='ocrx_word' id='word_1_140' title='bbox 2357 1201 2523 1258; x_wconf 86' lang='lat' dir='ltr'><strong>Deum</strong></span> <span class='ocrx_word' id='word_1_141' title='bbox 2583 1211 2853 1265; x_wconf 84' lang='lat' dir='ltr'><strong>nostrum,</strong></span> <span class='ocrx_word' id='word_1_142' title='bbox 2910 1200 3002 1269; x_wconf 84' lang='lat' dir='ltr'><strong>qui</strong></span> <span class='ocrx_word' id='word_1_143' title='bbox 3038 1200 3371 1265; x_wconf 79' lang='lat' dir='ltr'><strong>intelligitur‘</strong></span> <span class='ocrx_word' id='word_1_144' title='bbox 3427 1211 3433 1218; x_wconf 85' lang='lat'><strong><em>&#39;</em></strong></span> 
     </span>
    </p>
   </div>
   <div class='ocr_carea' id='block_1_28' title="bbox 1808 1291 3413 1365">
    <p class='ocr_par' dir='ltr' id='par_1_28' title="bbox 1808 1291 3413 1365">
     <span class='ocr_line' id='line_1_28' title="bbox 1808 1291 3413 1365; baseline -0.004 -18"><span class='ocrx_word' id='word_1_145' title='bbox 1808 1293 1950 1353; x_wconf 81' lang='lat' dir='ltr'><strong>Patri</strong></span> <span class='ocrx_word' id='word_1_146' title='bbox 1991 1312 2056 1351; x_wconf 86' lang='lat' dir='ltr'><strong>ac</strong></span> <span class='ocrx_word' id='word_1_147' title='bbox 2082 1295 2303 1365; x_wconf 87' lang='lat' dir='ltr'><strong>Spiritui</strong></span> <span class='ocrx_word' id='word_1_148' title='bbox 2337 1307 2591 1349; x_wconf 80' lang='lat' dir='ltr'><strong>coaevus:</strong></span> <span class='ocrx_word' id='word_1_149' title='bbox 2621 1307 2781 1362; x_wconf 84' lang='lat' dir='ltr'><strong>quem</strong></span> <span class='ocrx_word' id='word_1_150' title='bbox 2814 1291 3061 1359; x_wconf 76' lang='lat' dir='ltr'><strong>generosi</strong></span> <span class='ocrx_word' id='word_1_151' title='bbox 3094 1300 3351 1358; x_wconf 68' lang='lat' dir='ltr'><strong>martyres</strong></span> <span class='ocrx_word' id='word_1_152' title='bbox 3402 1299 3413 1307; x_wconf 84' lang='lat'>&#39;</span> 
     </span>
    </p>
   </div>
   <div class='ocr_carea' id='block_1_29' title="bbox 1808 1377 3354 1442">
    <p class='ocr_par' dir='ltr' id='par_1_29' title="bbox 1808 1377 3354 1442">
     <span class='ocr_line' id='line_1_29' title="bbox 1808 1377 3354 1442; baseline -0.003 -8"><span class='ocrx_word' id='word_1_153' title='bbox 1808 1382 2142 1441; x_wconf 77' lang='lat' dir='ltr'><strong>confitcntes.</strong></span> <span class='ocrx_word' id='word_1_154' title='bbox 2169 1396 2383 1436; x_wconf 88' lang='lat' dir='ltr'><strong>sacrum</strong></span> <span class='ocrx_word' id='word_1_155' title='bbox 2432 1388 2702 1435; x_wconf 89' lang='lat' dir='ltr'><strong>certamen</strong></span> <span class='ocrx_word' id='word_1_156' title='bbox 2748 1379 2929 1431; x_wconf 87' lang='lat' dir='ltr'><strong>obiere</strong></span> <span class='ocrx_word' id='word_1_157' title='bbox 2957 1394 2971 1442; x_wconf 84' lang='lat'><strong>;</strong></span> <span class='ocrx_word' id='word_1_158' title='bbox 3000 1392 3120 1429; x_wconf 90' lang='lat' dir='ltr'><strong>cum</strong></span> <span class='ocrx_word' id='word_1_159' title='bbox 3159 1377 3354 1441; x_wconf 83' lang='lat' dir='ltr'><strong>quibus</strong></span> 
     </span>
    </p>
   </div>
   <div class='ocr_carea' id='block_1_30' title="bbox 1808 1463 3354 1539">
    <p class='ocr_par' dir='ltr' id='par_1_30' title="bbox 1808 1463 3354 1539">
     <span class='ocr_line' id='line_1_30' title="bbox 1808 1463 3354 1539; baseline -0.006 -15"><span class='ocrx_word' id='word_1_160' title='bbox 1808 1470 2007 1539; x_wconf 80' lang='lat' dir='ltr'><strong>populi,</strong></span> <span class='ocrx_word' id='word_1_161' title='bbox 2037 1470 2209 1524; x_wconf 87' lang='lat' dir='ltr'><strong>tribus</strong></span> <span class='ocrx_word' id='word_1_162' title='bbox 2231 1482 2283 1524; x_wconf 89' lang='lat' dir='ltr'><strong>et</strong></span> <span class='ocrx_word' id='word_1_163' title='bbox 2323 1470 2535 1538; x_wconf 69' lang='lat' dir='ltr'><strong>linguae.</strong></span> <span class='ocrx_word' id='word_1_164' title='bbox 2561 1483 2683 1522; x_wconf 91' lang='lat' dir='ltr'><strong>cum</strong></span> <span class='ocrx_word' id='word_1_165' title='bbox 2712 1466 2903 1531; x_wconf 80' lang='lat' dir='ltr'><strong>ﬁdele,</strong></span> <span class='ocrx_word' id='word_1_166' title='bbox 2927 1480 2959 1520; x_wconf 91' lang='grc' dir='ltr'><strong>ο</strong></span> <span class='ocrx_word' id='word_1_167' title='bbox 2989 1463 3354 1527; x_wconf 84' lang='lat' dir='ltr'><strong>sanetissima,</strong></span> 
     </span>
    </p>
   </div>
   <div class='ocr_carea' id='block_1_31' title="bbox 1810 1560 2768 1629">
    <p class='ocr_par' dir='ltr' id='par_1_31' title="bbox 1810 1560 2768 1629">
     <span class='ocr_line' id='line_1_31' title="bbox 1810 1560 2768 1629; baseline -0.002 -16"><span class='ocrx_word' id='word_1_168' title='bbox 1810 1575 1903 1629; x_wconf 89' lang='lat' dir='ltr'><strong>per</strong></span> <span class='ocrx_word' id='word_1_169' title='bbox 1933 1560 2182 1615; x_wconf 86' lang='lat' dir='ltr'><strong>universa</strong></span> <span class='ocrx_word' id='word_1_170' title='bbox 2209 1560 2403 1614; x_wconf 67' lang='lat' dir='ltr'><strong>saecula</strong></span> <span class='ocrx_word' id='word_1_171' title='bbox 2442 1560 2768 1614; x_wconf 82' lang='lat' dir='ltr'><strong>beatiticant.</strong></span> 
     </span>
    </p>
   </div>
   <div class='ocr_carea' id='block_1_32' title="bbox 1879 1646 3360 1720">
    <p class='ocr_par' dir='ltr' id='par_1_32' title="bbox 1879 1646 3360 1720">
     <span class='ocr_line' id='line_1_32' title="bbox 1879 1646 3360 1720; baseline -0.005 -15"><span class='ocrx_word' id='word_1_172' title='bbox 1879 1651 1972 1705; x_wconf 91' lang='lat' dir='ltr'><strong>llle</strong></span> <span class='ocrx_word' id='word_1_173' title='bbox 2000 1652 2090 1720; x_wconf 85' lang='lat' dir='ltr'><strong>qui</strong></span> <span class='ocrx_word' id='word_1_174' title='bbox 2141 1661 2194 1706; x_wconf 91' lang='lat' dir='ltr'><strong>te</strong></span> <span class='ocrx_word' id='word_1_175' title='bbox 2248 1652 2510 1718; x_wconf 72' lang='lat' dir='ltr'><strong>virginem</strong></span> <span class='ocrx_word' id='word_1_176' title='bbox 2551 1648 2913 1713; x_wconf 72' lang='lat' dir='ltr'><strong>conservavit,</strong></span> <span class='ocrx_word' id='word_1_177' title='bbox 2941 1662 3004 1701; x_wconf 74' lang='lat' dir='ltr'><strong>ex</strong></span> <span class='ocrx_word' id='word_1_178' title='bbox 3053 1647 3160 1699; x_wconf 86' lang='lat' dir='ltr'><strong>tuis</strong></span> <span class='ocrx_word' id='word_1_179' title='bbox 3189 1646 3360 1700; x_wconf 80' lang='lat' dir='ltr'><strong>visce-</strong></span> 
     </span>
    </p>
   </div>
   <div class='ocr_carea' id='block_1_33' title="bbox 156 1732 1716 1811">
    <p class='ocr_par' dir='ltr' id='par_1_33' title="bbox 156 1736 1707 1811">
     <span class='ocr_line' id='line_1_33' title="bbox 156 1736 1707 1811; baseline -0.001 -21"><span class='ocrx_word' id='word_1_180' title='bbox 156 1739 364 1805; x_wconf 82' lang='grc' dir='ltr'><strong>γόνων,</strong></span> <span class='ocrx_word' id='word_1_181' title='bbox 396 1740 690 1811; x_wconf 69' lang='grc' dir='ltr'>ἀνέστερος</span> <span class='ocrx_word' id='word_1_182' title='bbox 737 1740 812 1802; x_wconf 81' lang='grc' dir='ltr'>ὡς</span> <span class='ocrx_word' id='word_1_183' title='bbox 842 1739 1057 1810; x_wconf 83' lang='grc' dir='ltr'>ἀληθῶς</span> <span class='ocrx_word' id='word_1_184' title='bbox 1091 1738 1258 1808; x_wconf 69' lang='grc' dir='ltr'>ἥλιος,</span> <span class='ocrx_word' id='word_1_185' title='bbox 1294 1736 1554 1807; x_wconf 80' lang='grc' dir='ltr'><strong>Παρθένε,</strong></span> <span class='ocrx_word' id='word_1_186' title='bbox 1582 1738 1707 1800; x_wconf 72' lang='grc' dir='ltr'>τοὺς</span> 
     </span>
    </p>
   </div>
   <div class='ocr_carea' id='block_1_34' title="bbox 1821 1732 3356 1811">
    <p class='ocr_par' dir='ltr' id='par_1_34' title="bbox 1821 1734 3356 1808">
     <span class='ocr_line' id='line_1_34' title="bbox 1821 1734 3356 1808; baseline -0.006 -14"><span class='ocrx_word' id='word_1_187' title='bbox 1821 1741 1960 1794; x_wconf 80' lang='lat' dir='ltr'><strong>ribus</strong></span> <span class='ocrx_word' id='word_1_188' title='bbox 1980 1750 2218 1807; x_wconf 75' lang='lat' dir='ltr'><strong>exortus,</strong></span> <span class='ocrx_word' id='word_1_189' title='bbox 2245 1750 2493 1808; x_wconf 86' lang='lat' dir='ltr'><strong>tanquam</strong></span> <span class='ocrx_word' id='word_1_190' title='bbox 2515 1755 2638 1793; x_wconf 85' lang='lat' dir='ltr'><strong>vere</strong></span> <span class='ocrx_word' id='word_1_191' title='bbox 2658 1739 2739 1793; x_wconf 88' lang='lat' dir='ltr'><strong>sol</strong></span> <span class='ocrx_word' id='word_1_192' title='bbox 2765 1737 3107 1802; x_wconf 84' lang='lat' dir='ltr'><strong>inocciduus,</strong></span> <span class='ocrx_word' id='word_1_193' title='bbox 3124 1750 3156 1789; x_wconf 90' lang='grc' dir='ltr'><strong>ο</strong></span> <span class='ocrx_word' id='word_1_194' title='bbox 3176 1734 3356 1805; x_wconf 84' lang='lat' dir='ltr'><strong>Virgo,</strong></span> 
     </span>
    </p>
   </div>
   <div class='ocr_carea' id='block_1_35' title="bbox 156 1829 1710 1900">
    <p class='ocr_par' dir='ltr' id='par_1_35' title="bbox 156 1829 1710 1900">
     <span class='ocr_line' id='line_1_35' title="bbox 156 1829 1710 1900; baseline -0.001 -19"><span class='ocrx_word' id='word_1_195' title='bbox 156 1830 405 1899; x_wconf 78' lang='grc' dir='ltr'><strong>ἀθλητὰς</strong></span> <span class='ocrx_word' id='word_1_196' title='bbox 425 1831 737 1900; x_wconf 79' lang='grc' dir='ltr'>περιφανῶς</span> <span class='ocrx_word' id='word_1_197' title='bbox 756 1830 1087 1899; x_wconf 82' lang='grc' dir='ltr'><strong>ὲλάμπρυνε,</strong></span> <span class='ocrx_word' id='word_1_198' title='bbox 1109 1829 1565 1897; x_wconf 77' lang='grc' dir='ltr'>διηγωνισμένους</span> <span class='ocrx_word' id='word_1_199' title='bbox 1586 1844 1710 1897; x_wconf 80' lang='grc' dir='ltr'><strong>καρ-</strong></span> 
     </span>
    </p>
   </div>
   <div class='ocr_carea' id='block_1_36' title="bbox 158 1914 1715 1989">
    <p class='ocr_par' dir='ltr' id='par_1_36' title="bbox 158 1914 1715 1989">
     <span class='ocr_line' id='line_1_36' title="bbox 158 1914 1715 1989; baseline -0.017 -6"><span class='ocrx_word' id='word_1_200' title='bbox 158 1936 227 1971; x_wconf 87' lang='grc' dir='ltr'><strong>τε</strong></span> <span class='ocrx_word' id='word_1_201' title='bbox 237 1919 425 1987; x_wconf 74' lang='grc' dir='ltr'>ρικιῖις.</span> <span class='ocrx_word' id='word_1_202' title='bbox 460 1920 578 1988; x_wconf 72' lang='grc' dir='ltr'><strong>μεθ’</strong></span> <span class='ocrx_word' id='word_1_203' title='bbox 605 1914 679 1974; x_wconf 82' lang='grc' dir='ltr'>ὧν</span> <span class='ocrx_word' id='word_1_204' title='bbox 718 1920 879 1973; x_wconf 79' lang='grc' dir='ltr'>αὑτὸν</span> <span class='ocrx_word' id='word_1_205' title='bbox 907 1918 1143 1972; x_wconf 84' lang='grc' dir='ltr'><strong>δυσώπει</strong></span> <span class='ocrx_word' id='word_1_206' title='bbox 1173 1920 1316 1989; x_wconf 78' lang='grc' dir='ltr'><strong>ἡμᾶς</strong></span> <span class='ocrx_word' id='word_1_207' title='bbox 1342 1915 1715 1985; x_wconf 75' lang='grc' dir='ltr'>κατοικτειρῆ-</span> 
     </span>
    </p>
   </div>
   <div class='ocr_carea' id='block_1_37' title="bbox 160 2009 1224 2079">
    <p class='ocr_par' dir='ltr' id='par_1_37' title="bbox 160 2009 1224 2079">
     <span class='ocr_line' id='line_1_37' title="bbox 160 2009 1224 2079; baseline -0.004 -13"><span class='ocrx_word' id='word_1_208' title='bbox 160 2028 264 2066; x_wconf 81' lang='grc' dir='ltr'><strong>σαι</strong></span> <span class='ocrx_word' id='word_1_209' title='bbox 294 2010 418 2074; x_wconf 81' lang='grc' dir='ltr'>τοὺς</span> <span class='ocrx_word' id='word_1_210' title='bbox 443 2009 679 2074; x_wconf 75' lang='grc' dir='ltr'>εὐσεϐῶς</span> <span class='ocrx_word' id='word_1_211' title='bbox 718 2027 776 2063; x_wconf 87' lang='grc' dir='ltr'><strong>σε</strong></span> <span class='ocrx_word' id='word_1_212' title='bbox 808 2009 1224 2079; x_wconf 73' lang='grc' dir='ltr'>μακαρίζοντας.</span> 
     </span>
    </p>
   </div>
   <div class='ocr_carea' id='block_1_38' title="bbox 1814 1824 3361 1907">
    <p class='ocr_par' dir='ltr' id='par_1_38' title="bbox 1814 1824 3361 1907">
     <span class='ocr_line' id='line_1_38' title="bbox 1814 1824 3361 1907; baseline -0.005 -21"><span class='ocrx_word' id='word_1_213' title='bbox 1814 1832 2047 1887; x_wconf 81' lang='lat' dir='ltr'><strong>athletas</strong></span> <span class='ocrx_word' id='word_1_214' title='bbox 2095 1846 2223 1885; x_wconf 89' lang='lat' dir='ltr'><strong>suos</strong></span> <span class='ocrx_word' id='word_1_215' title='bbox 2271 1833 2528 1900; x_wconf 69' lang='lat' dir='ltr'><strong>praeclare</strong></span> <span class='ocrx_word' id='word_1_216' title='bbox 2574 1830 2883 1907; x_wconf 78' lang='lat' dir='ltr'><strong>illustravit,</strong></span> <span class='ocrx_word' id='word_1_217' title='bbox 2915 1829 3005 1897; x_wconf 89' lang='lat' dir='ltr'><strong>qui</strong></span> <span class='ocrx_word' id='word_1_218' title='bbox 3039 1824 3361 1881; x_wconf 75' lang='lat' dir='ltr'><strong>constantis-</strong></span> 
     </span>
    </p>
   </div>
   <div class='ocr_carea' id='block_1_39' title="bbox 1815 1917 3356 1989">
    <p class='ocr_par' dir='ltr' id='par_1_39' title="bbox 1815 1917 3356 1989">
     <span class='ocr_line' id='line_1_39' title="bbox 1815 1917 3356 1989; baseline -0.005 -13"><span class='ocrx_word' id='word_1_219' title='bbox 1815 1921 1951 1976; x_wconf 81' lang='lat' dir='ltr'><strong>sime</strong></span> <span class='ocrx_word' id='word_1_220' title='bbox 1995 1921 2399 1975; x_wconf 76' lang='lat' dir='ltr'><strong>decertaverunt</strong></span> <span class='ocrx_word' id='word_1_221' title='bbox 2438 1935 2605 1974; x_wconf 92' lang='lat' dir='ltr'><strong>:cum</strong></span> <span class='ocrx_word' id='word_1_222' title='bbox 2652 1918 2851 1989; x_wconf 86' lang='lat' dir='ltr'><strong>quibus</strong></span> <span class='ocrx_word' id='word_1_223' title='bbox 2895 1919 3140 1989; x_wconf 86' lang='lat' dir='ltr'><strong>eumdem</strong></span> <span class='ocrx_word' id='word_1_224' title='bbox 3171 1917 3356 1986; x_wconf 87' lang='lat' dir='ltr'><strong>depre-</strong></span> 
     </span>
    </p>
   </div>
   <div class='ocr_carea' id='block_1_40' title="bbox 1813 2006 3363 2077">
    <p class='ocr_par' dir='ltr' id='par_1_40' title="bbox 1813 2006 3363 2077">
     <span class='ocr_line' id='line_1_40' title="bbox 1813 2006 3363 2077; baseline -0.004 -13"><span class='ocrx_word' id='word_1_225' title='bbox 1813 2025 1957 2073; x_wconf 86' lang='lat' dir='ltr'><strong>care,</strong></span> <span class='ocrx_word' id='word_1_226' title='bbox 1991 2018 2049 2063; x_wconf 90' lang='lat' dir='ltr'><strong>ut</strong></span> <span class='ocrx_word' id='word_1_227' title='bbox 2080 2009 2404 2064; x_wconf 87' lang='lat' dir='ltr'><strong>misereatur</strong></span> <span class='ocrx_word' id='word_1_228' title='bbox 2429 2008 2621 2072; x_wconf 85' lang='lat' dir='ltr'><strong>nostri,</strong></span> <span class='ocrx_word' id='word_1_229' title='bbox 2670 2007 2761 2076; x_wconf 85' lang='lat' dir='ltr'><strong>qui</strong></span> <span class='ocrx_word' id='word_1_230' title='bbox 2789 2018 2839 2061; x_wconf 90' lang='lat' dir='ltr'><strong>te</strong></span> <span class='ocrx_word' id='word_1_231' title='bbox 2885 2006 3135 2077; x_wconf 76' lang='lat' dir='ltr'><strong>religiose</strong></span> <span class='ocrx_word' id='word_1_232' title='bbox 3157 2020 3221 2060; x_wconf 91' lang='lat' dir='ltr'><strong>ae</strong></span> <span class='ocrx_word' id='word_1_233' title='bbox 3275 2006 3363 2075; x_wconf 89' lang='lat' dir='ltr'><strong>pie</strong></span> 
     </span>
    </p>
   </div>
   <div class='ocr_carea' id='block_1_41' title="bbox 1813 2098 2439 2171">
    <p class='ocr_par' dir='ltr' id='par_1_41' title="bbox 1813 2098 2439 2171">
     <span class='ocr_line' id='line_1_41' title="bbox 1813 2098 2439 2171; baseline -0.003 -17"><span class='ocrx_word' id='word_1_234' title='bbox 1813 2099 2024 2154; x_wconf 77' lang='lat' dir='ltr'><strong>beatam</strong></span> <span class='ocrx_word' id='word_1_235' title='bbox 2060 2098 2439 2171; x_wconf 66' lang='lat' dir='ltr'><strong>praedicamus.</strong></span> 
     </span>
    </p>
   </div>
   <div class='ocr_carea' id='block_1_42' title="bbox 898 2204 2648 2279">
    <p class='ocr_par' dir='ltr' id='par_1_42' title="bbox 898 2204 2648 2279">
     <span class='ocr_line' id='line_1_42' title="bbox 898 2204 2648 2279; baseline -0.002 -17"><span class='ocrx_word' id='word_1_236' title='bbox 898 2204 977 2262; x_wconf 74' lang='lat' dir='ltr'><strong>Ea:</strong></span> <span class='ocrx_word' id='word_1_237' title='bbox 1009 2204 1216 2263; x_wconf 85' lang='lat' dir='ltr'><strong>Canone</strong></span> <span class='ocrx_word' id='word_1_238' title='bbox 1245 2205 1298 2260; x_wconf 78' lang='lat' dir='ltr'><strong>in</strong></span> <span class='ocrx_word' id='word_1_239' title='bbox 1325 2214 1561 2260; x_wconf 79' lang='lat' dir='ltr'><strong>sanctam</strong></span> <span class='ocrx_word' id='word_1_240' title='bbox 1591 2205 1889 2261; x_wconf 70' lang='lat' dir='ltr'><strong>Summam</strong></span> <span class='ocrx_word' id='word_1_241' title='bbox 1922 2207 2075 2279; x_wconf 78' lang='lat'><strong>(80‘),</strong></span> <span class='ocrx_word' id='word_1_242' title='bbox 2122 2208 2206 2262; x_wconf 82' lang='lat' dir='ltr'><strong>die</strong></span> <span class='ocrx_word' id='word_1_243' title='bbox 2237 2207 2302 2263; x_wconf 76' lang='lat' dir='ltr'><strong>l9</strong></span> <span class='ocrx_word' id='word_1_244' title='bbox 2330 2208 2648 2278; x_wconf 79' lang='lat' dir='ltr'><strong>septembris.</strong></span> 
     </span>
    </p>
   </div>
   <div class='ocr_carea' id='block_1_43' title="bbox 239 2295 1753 2369">
    <p class='ocr_par' dir='ltr' id='par_1_43' title="bbox 239 2295 1753 2369">
     <span class='ocr_line' id='line_1_43' title="bbox 239 2295 1753 2369; baseline -0.001 -17"><span class='ocrx_word' id='word_1_245' title='bbox 239 2295 433 2353; x_wconf 86' lang='lat' dir='ltr'><strong>Oriens</strong></span> <span class='ocrx_word' id='word_1_246' title='bbox 465 2297 595 2353; x_wconf 88' lang='lat' dir='ltr'><strong>solis</strong></span> <span class='ocrx_word' id='word_1_247' title='bbox 634 2297 797 2362; x_wconf 88' lang='lat' dir='ltr'><strong>illius,</strong></span> <span class='ocrx_word' id='word_1_248' title='bbox 843 2300 934 2367; x_wconf 89' lang='lat' dir='ltr'><strong>qni</strong></span> <span class='ocrx_word' id='word_1_249' title='bbox 967 2313 1127 2369; x_wconf 87' lang='lat' dir='ltr'><strong>super</strong></span> <span class='ocrx_word' id='word_1_250' title='bbox 1168 2312 1422 2353; x_wconf 81' lang='lat' dir='ltr'><strong>occasum</strong></span> <span class='ocrx_word' id='word_1_251' title='bbox 1464 2298 1713 2351; x_wconf 77' lang='lat' dir='ltr'><strong>humanae</strong></span> <span class='ocrx_word' id='word_1_252' title='bbox 1740 2302 1753 2313; x_wconf 92' lang='lat'><strong>&#39;</strong></span> 
     </span>
    </p>
   </div>
   <div class='ocr_carea' id='block_1_44' title="bbox 162 2385 1713 2455">
    <p class='ocr_par' dir='ltr' id='par_1_44' title="bbox 162 2385 1713 2455">
     <span class='ocr_line' id='line_1_44' title="bbox 162 2385 1713 2455; baseline -0.003 -11"><span class='ocrx_word' id='word_1_253' title='bbox 162 2399 379 2444; x_wconf 74' lang='lat' dir='ltr'><strong>natura:</strong></span> <span class='ocrx_word' id='word_1_254' title='bbox 411 2396 566 2442; x_wconf 83' lang='lat' dir='ltr'><strong>natus</strong></span> <span class='ocrx_word' id='word_1_255' title='bbox 590 2397 691 2453; x_wconf 88' lang='lat' dir='ltr'><strong>est,</strong></span> <span class='ocrx_word' id='word_1_256' title='bbox 715 2402 900 2441; x_wconf 83' lang='lat' dir='ltr'><strong>revera</strong></span> <span class='ocrx_word' id='word_1_257' title='bbox 938 2387 1079 2443; x_wconf 76' lang='lat' dir='ltr'><strong>facta</strong></span> <span class='ocrx_word' id='word_1_258' title='bbox 1113 2402 1194 2450; x_wconf 85' lang='lat' dir='ltr'><strong>es.</strong></span> <span class='ocrx_word' id='word_1_259' title='bbox 1223 2400 1257 2441; x_wconf 89' lang='lat' dir='ltr'><strong>o</strong></span> <span class='ocrx_word' id='word_1_260' title='bbox 1312 2385 1563 2452; x_wconf 87' lang='lat' dir='ltr'><strong>Domina,</strong></span> <span class='ocrx_word' id='word_1_261' title='bbox 1617 2402 1713 2455; x_wconf 90' lang='lat' dir='ltr'><strong>per</strong></span> 
     </span>
    </p>
   </div>
   <div class='ocr_carea' id='block_1_45' title="bbox 163 2468 1707 2544">
    <p class='ocr_par' dir='ltr' id='par_1_45' title="bbox 163 2468 1707 2544">
     <span class='ocr_line' id='line_1_45' title="bbox 163 2468 1707 2544; baseline -0.001 -16"><span class='ocrx_word' id='word_1_262' title='bbox 163 2490 333 2544; x_wconf 86' lang='lat' dir='ltr'><strong>quem</strong></span> <span class='ocrx_word' id='word_1_263' title='bbox 367 2474 463 2538; x_wconf 90' lang='lat' dir='ltr'><strong>illi,</strong></span> <span class='ocrx_word' id='word_1_264' title='bbox 493 2474 585 2543; x_wconf 87' lang='lat' dir='ltr'><strong>qui</strong></span> <span class='ocrx_word' id='word_1_265' title='bbox 619 2468 673 2529; x_wconf 88' lang='lat' dir='ltr'><strong>in</strong></span> <span class='ocrx_word' id='word_1_266' title='bbox 700 2475 932 2530; x_wconf 83' lang='lat' dir='ltr'><strong>tenebris</strong></span> <span class='ocrx_word' id='word_1_267' title='bbox 973 2474 1104 2529; x_wconf 89' lang='lat' dir='ltr'><strong>etin</strong></span> <span class='ocrx_word' id='word_1_268' title='bbox 1128 2474 1315 2543; x_wconf 84' lang='lat' dir='ltr'><strong>umbra</strong></span> <span class='ocrx_word' id='word_1_269' title='bbox 1338 2476 1707 2537; x_wconf 77' lang='lat' dir='ltr'><strong>versabantur,</strong></span> 
     </span>
    </p>
   </div>
   <div class='ocr_carea' id='block_1_46' title="bbox 164 2565 648 2619">
    <p class='ocr_par' dir='ltr' id='par_1_46' title="bbox 164 2565 648 2619">
     <span class='ocr_line' id='line_1_46' title="bbox 164 2565 648 2619; baseline 0.004 -2"><span class='ocrx_word' id='word_1_270' title='bbox 164 2565 423 2618; x_wconf 78' lang='lat' dir='ltr'><strong>viderunt</strong></span> <span class='ocrx_word' id='word_1_271' title='bbox 451 2566 648 2619; x_wconf 79' lang='lat' dir='ltr'><strong>lucem.</strong></span> 
     </span>
    </p>
   </div>
   <div class='ocr_carea' id='block_1_47' title="bbox 242 2652 1711 2724">
    <p class='ocr_par' dir='ltr' id='par_1_47' title="bbox 242 2652 1711 2724">
     <span class='ocr_line' id='line_1_47' title="bbox 242 2652 1711 2724; baseline -0.001 -16"><span class='ocrx_word' id='word_1_272' title='bbox 242 2652 392 2709; x_wconf 85' lang='lat' dir='ltr'><strong>Urna</strong></span> <span class='ocrx_word' id='word_1_273' title='bbox 414 2654 676 2724; x_wconf 80' lang='lat' dir='ltr'><strong>ﬁgurabat</strong></span> <span class='ocrx_word' id='word_1_274' title='bbox 714 2663 786 2716; x_wconf 91' lang='lat' dir='ltr'><strong>te,</strong></span> <span class='ocrx_word' id='word_1_275' title='bbox 811 2668 843 2708; x_wconf 90' lang='lat'><strong>0</strong></span> <span class='ocrx_word' id='word_1_276' title='bbox 872 2663 1020 2707; x_wconf 85' lang='lat' dir='ltr'><strong>casta</strong></span> <span class='ocrx_word' id='word_1_277' title='bbox 1073 2653 1255 2722; x_wconf 71' lang='lat' dir='ltr'><strong>Virgo,</strong></span> <span class='ocrx_word' id='word_1_278' title='bbox 1286 2670 1407 2722; x_wconf 71' lang='lat' dir='ltr'><strong>qius:</strong></span> <span class='ocrx_word' id='word_1_279' title='bbox 1458 2653 1711 2721; x_wconf 82' lang='lat' dir='ltr'><strong>intelligi-</strong></span> 
     </span>
    </p>
   </div>
   <div class='ocr_carea' id='block_1_48' title="bbox 165 2744 1713 2815">
    <p class='ocr_par' dir='ltr' id='par_1_48' title="bbox 165 2744 1713 2815">
     <span class='ocr_line' id='line_1_48' title="bbox 165 2744 1713 2815; baseline -0.002 -16"><span class='ocrx_word' id='word_1_280' title='bbox 165 2744 281 2799; x_wconf 78' lang='lat' dir='ltr'><strong>bile</strong></span> <span class='ocrx_word' id='word_1_281' title='bbox 315 2760 511 2799; x_wconf 86' lang='lat' dir='ltr'><strong>manna</strong></span> <span class='ocrx_word' id='word_1_282' title='bbox 545 2746 703 2815; x_wconf 72' lang='lat'><strong>180</strong></span> <span class='ocrx_word' id='word_1_283' title='bbox 722 2745 908 2809; x_wconf 89' lang='lat' dir='ltr'><strong>tulisti,</strong></span> <span class='ocrx_word' id='word_1_284' title='bbox 937 2745 1209 2798; x_wconf 84' lang='lat' dir='ltr'><strong>Christum</strong></span> <span class='ocrx_word' id='word_1_285' title='bbox 1233 2744 1455 2808; x_wconf 73' lang='lat' dir='ltr'><strong>scilicet,</strong></span> <span class='ocrx_word' id='word_1_286' title='bbox 1476 2744 1713 2798; x_wconf 86' lang='lat' dir='ltr'><strong>dulcedi-</strong></span> 
     </span>
    </p>
   </div>
   <div class='ocr_carea' id='block_1_49' title="bbox 168 2833 1711 2904">
    <p class='ocr_par' dir='ltr' id='par_1_49' title="bbox 168 2833 1711 2904">
     <span class='ocr_line' id='line_1_49' title="bbox 168 2833 1711 2904; baseline -0.001 -17"><span class='ocrx_word' id='word_1_287' title='bbox 168 2850 297 2888; x_wconf 89' lang='lat' dir='ltr'><strong>nem</strong></span> <span class='ocrx_word' id='word_1_288' title='bbox 330 2836 511 2889; x_wconf 88' lang='lat' dir='ltr'><strong>mundi</strong></span> <span class='ocrx_word' id='word_1_289' title='bbox 544 2852 560 2889; x_wconf 90' lang='lat'><strong>:</strong></span> <span class='ocrx_word' id='word_1_290' title='bbox 591 2839 676 2889; x_wconf 89' lang='lat' dir='ltr'><strong>cui</strong></span> <span class='ocrx_word' id='word_1_291' title='bbox 708 2836 971 2904; x_wconf 86' lang='lat' dir='ltr'><strong>supplica,</strong></span> <span class='ocrx_word' id='word_1_292' title='bbox 1006 2833 1446 2903; x_wconf 59' lang='lat' dir='ltr'><strong>DeiMatertSl),</strong></span> <span class='ocrx_word' id='word_1_293' title='bbox 1478 2834 1593 2887; x_wconf 85' lang='lat' dir='ltr'><strong>utii</strong></span> <span class='ocrx_word' id='word_1_294' title='bbox 1620 2833 1711 2903; x_wconf 87' lang='lat' dir='ltr'><strong>qui</strong></span> 
     </span>
    </p>
   </div>
   <div class='ocr_carea' id='block_1_50' title="bbox 168 2924 1714 2995">
    <p class='ocr_par' dir='ltr' id='par_1_50' title="bbox 168 2924 1714 2995">
     <span class='ocr_line' id='line_1_50' title="bbox 168 2924 1714 2995; baseline 0.001 -18"><span class='ocrx_word' id='word_1_295' title='bbox 168 2933 226 2978; x_wconf 87' lang='lat' dir='ltr'><strong>te</strong></span> <span class='ocrx_word' id='word_1_296' title='bbox 251 2926 468 2981; x_wconf 82' lang='lat' dir='ltr'><strong>assidue</strong></span> <span class='ocrx_word' id='word_1_297' title='bbox 500 2926 818 2995; x_wconf 81' lang='lat' dir='ltr'><strong>gloriﬁcant,</strong></span> <span class='ocrx_word' id='word_1_298' title='bbox 854 2940 883 2978; x_wconf 88' lang='lat' dir='ltr'><strong>a</strong></span> <span class='ocrx_word' id='word_1_299' title='bbox 910 2940 1195 2995; x_wconf 89' lang='lat' dir='ltr'><strong>pravarum</strong></span> <span class='ocrx_word' id='word_1_300' title='bbox 1228 2924 1568 2978; x_wconf 78' lang='lat' dir='ltr'><strong>alIectionum</strong></span> <span class='ocrx_word' id='word_1_301' title='bbox 1601 2938 1714 2978; x_wconf 88' lang='lat' dir='ltr'><strong>ser-</strong></span> 
     </span>
    </p>
   </div>
   <div class='ocr_carea' id='block_1_51' title="bbox 169 3015 1246 3080">
    <p class='ocr_par' dir='ltr' id='par_1_51' title="bbox 169 3015 1246 3080">
     <span class='ocr_line' id='line_1_51' title="bbox 169 3015 1246 3080; baseline 0.007 -15"><span class='ocrx_word' id='word_1_302' title='bbox 169 3015 342 3068; x_wconf 77' lang='lat' dir='ltr'><strong>vitute</strong></span> <span class='ocrx_word' id='word_1_303' title='bbox 366 3016 676 3069; x_wconf 85' lang='lat' dir='ltr'><strong>liberentur.</strong></span> <span class='ocrx_word' id='word_1_304' title='bbox 1242 3077 1246 3080; x_wconf 59' lang='grc'>,</span> 
     </span>
    </p>
   </div>
   <div class='ocr_carea' id='block_1_52' title="bbox 244 3102 1711 3170">
    <p class='ocr_par' dir='ltr' id='par_1_52' title="bbox 244 3102 1711 3170">
     <span class='ocr_line' id='line_1_52' title="bbox 244 3102 1711 3170; baseline -0.001 -13"><span class='ocrx_word' id='word_1_305' title='bbox 244 3102 522 3159; x_wconf 83' lang='lat' dir='ltr'><strong>Fortitudo</strong></span> <span class='ocrx_word' id='word_1_306' title='bbox 555 3119 673 3158; x_wconf 81' lang='lat' dir='ltr'><strong>mea</strong></span> <span class='ocrx_word' id='word_1_307' title='bbox 710 3113 767 3159; x_wconf 92' lang='lat' dir='ltr'><strong>et</strong></span> <span class='ocrx_word' id='word_1_308' title='bbox 783 3105 901 3159; x_wconf 88' lang='lat' dir='ltr'><strong>laus</strong></span> <span class='ocrx_word' id='word_1_309' title='bbox 938 3119 1054 3157; x_wconf 88' lang='lat' dir='ltr'><strong>mea</strong></span> <span class='ocrx_word' id='word_1_310' title='bbox 1095 3102 1343 3158; x_wconf 85' lang='lat' dir='ltr'><strong>Christus</strong></span> <span class='ocrx_word' id='word_1_311' title='bbox 1381 3111 1484 3165; x_wconf 90' lang='lat' dir='ltr'><strong>est,</strong></span> <span class='ocrx_word' id='word_1_312' title='bbox 1530 3104 1621 3170; x_wconf 85' lang='lat' dir='ltr'><strong>qui</strong></span> <span class='ocrx_word' id='word_1_313' title='bbox 1649 3118 1711 3156; x_wconf 84' lang='lat' dir='ltr'><strong>ex</strong></span> 
     </span>
    </p>
   </div>
   <div class='ocr_carea' id='block_1_53' title="bbox 172 3192 1715 3263">
    <p class='ocr_par' dir='ltr' id='par_1_53' title="bbox 172 3192 1715 3263">
     <span class='ocr_line' id='line_1_53' title="bbox 172 3192 1715 3263; baseline -0.001 -16"><span class='ocrx_word' id='word_1_314' title='bbox 172 3203 249 3260; x_wconf 77' lang='lat' dir='ltr'><strong>te,</strong></span> <span class='ocrx_word' id='word_1_315' title='bbox 284 3194 772 3263; x_wconf 82' lang='lat' dir='ltr'><strong>Deipara,exortus</strong></span> <span class='ocrx_word' id='word_1_316' title='bbox 811 3203 915 3256; x_wconf 81' lang='lat' dir='ltr'><strong>est,</strong></span> <span class='ocrx_word' id='word_1_317' title='bbox 965 3193 1146 3246; x_wconf 85' lang='lat' dir='ltr'><strong>servili</strong></span> <span class='ocrx_word' id='word_1_318' title='bbox 1204 3208 1363 3246; x_wconf 87' lang='lat' dir='ltr'><strong>carne</strong></span> <span class='ocrx_word' id='word_1_319' title='bbox 1412 3192 1715 3246; x_wconf 86' lang='lat' dir='ltr'><strong>circumda-</strong></span> 
     </span>
    </p>
   </div>
   <div class='ocr_carea' id='block_1_54' title="bbox 171 3284 1716 3352">
    <p class='ocr_par' dir='ltr' id='par_1_54' title="bbox 171 3284 1716 3352">
     <span class='ocr_line' id='line_1_54' title="bbox 171 3284 1716 3352; baseline -0.003 -11"><span class='ocrx_word' id='word_1_320' title='bbox 171 3298 284 3350; x_wconf 84' lang='lat' dir='ltr'><strong>tos,</strong></span> <span class='ocrx_word' id='word_1_321' title='bbox 313 3296 365 3340; x_wconf 89' lang='lat' dir='ltr'><strong>et</strong></span> <span class='ocrx_word' id='word_1_322' title='bbox 393 3300 492 3341; x_wconf 80' lang='lat' dir='ltr'><strong>nos</strong></span> <span class='ocrx_word' id='word_1_323' title='bbox 524 3300 551 3338; x_wconf 87' lang='lat' dir='ltr'><strong>a</strong></span> <span class='ocrx_word' id='word_1_324' title='bbox 592 3286 852 3340; x_wconf 83' lang='lat' dir='ltr'><strong>servitute</strong></span> <span class='ocrx_word' id='word_1_325' title='bbox 894 3284 1092 3340; x_wconf 86' lang='lat' dir='ltr'><strong>diaboli</strong></span> <span class='ocrx_word' id='word_1_326' title='bbox 1142 3285 1341 3352; x_wconf 85' lang='lat' dir='ltr'><strong>eripuit</strong></span> <span class='ocrx_word' id='word_1_327' title='bbox 1372 3295 1588 3352; x_wconf 85' lang='lat' dir='ltr'><strong>propter</strong></span> <span class='ocrx_word' id='word_1_328' title='bbox 1620 3284 1716 3337; x_wconf 83' lang='lat' dir='ltr'><strong>bo-</strong></span> 
     </span>
    </p>
   </div>
   <div class='ocr_carea' id='block_1_55' title="bbox 172 3377 870 3435">
    <p class='ocr_par' dir='ltr' id='par_1_55' title="bbox 172 3377 870 3435">
     <span class='ocr_line' id='line_1_55' title="bbox 172 3377 870 3435; baseline 0.001 -3"><span class='ocrx_word' id='word_1_329' title='bbox 172 3377 394 3432; x_wconf 78' lang='lat' dir='ltr'><strong>nitatem</strong></span> <span class='ocrx_word' id='word_1_330' title='bbox 417 3389 594 3430; x_wconf 88' lang='lat' dir='ltr'><strong>suam.</strong></span> <span class='ocrx_word' id='word_1_331' title='bbox 784 3432 788 3435; x_wconf 20' lang='grc' dir='ltr'><strong>Α</strong></span> <span class='ocrx_word' id='word_1_332' title='bbox 865 3427 870 3433; x_wconf 93' lang='grc'><em>.</em></span> 
     </span>
    </p>
   </div>
   <div class='ocr_carea' id='block_1_56' title="bbox 250 3462 1717 3533">
    <p class='ocr_par' dir='ltr' id='par_1_56' title="bbox 250 3462 1717 3533">
     <span class='ocr_line' id='line_1_56' title="bbox 250 3462 1717 3533; baseline -0.004 -10"><span class='ocrx_word' id='word_1_333' title='bbox 250 3466 656 3523; x_wconf 83' lang='lat' dir='ltr'><strong>Sanctissimum</strong></span> <span class='ocrx_word' id='word_1_334' title='bbox 699 3464 963 3533; x_wconf 78' lang='lat' dir='ltr'><strong>templum</strong></span> <span class='ocrx_word' id='word_1_335' title='bbox 1015 3462 1103 3518; x_wconf 86' lang='lat' dir='ltr'><strong>Dei</strong></span> <span class='ocrx_word' id='word_1_336' title='bbox 1139 3472 1493 3533; x_wconf 74' lang='lat' dir='ltr'><strong>agnoscentes</strong></span> <span class='ocrx_word' id='word_1_337' title='bbox 1523 3471 1595 3525; x_wconf 88' lang='lat' dir='ltr'><strong>te,</strong></span> <span class='ocrx_word' id='word_1_338' title='bbox 1625 3477 1717 3517; x_wconf 84' lang='lat' dir='ltr'><strong>so—</strong></span> 
     </span>
    </p>
   </div>
   <div class='ocr_carea' id='block_1_57' title="bbox 173 3549 1711 3622">
    <p class='ocr_par' dir='ltr' id='par_1_57' title="bbox 173 3549 1711 3622">
     <span class='ocr_line' id='line_1_57' title="bbox 173 3549 1711 3622; baseline -0.003 -11"><span class='ocrx_word' id='word_1_339' title='bbox 173 3557 281 3611; x_wconf 88' lang='lat' dir='ltr'><strong>lam</strong></span> <span class='ocrx_word' id='word_1_340' title='bbox 309 3555 703 3609; x_wconf 84' lang='lat' dir='ltr'><strong>immaculatam</strong></span> <span class='ocrx_word' id='word_1_341' title='bbox 744 3549 880 3622; x_wconf 70' lang='lat'><strong>(82),</strong></span> <span class='ocrx_word' id='word_1_342' title='bbox 911 3564 961 3607; x_wconf 87' lang='lat' dir='ltr'><strong>et</strong></span> <span class='ocrx_word' id='word_1_343' title='bbox 993 3555 1252 3608; x_wconf 81' lang='lat' dir='ltr'><strong>creaturis</strong></span> <span class='ocrx_word' id='word_1_344' title='bbox 1275 3552 1525 3609; x_wconf 85' lang='lat' dir='ltr'><strong>omnibus</strong></span> <span class='ocrx_word' id='word_1_345' title='bbox 1552 3568 1711 3621; x_wconf 90' lang='lat' dir='ltr'><strong>snpe-</strong></span> 
     </span>
    </p>
   </div>
   <div class='ocr_carea' id='block_1_58' title="bbox 175 3643 1711 3712">
    <p class='ocr_par' dir='ltr' id='par_1_58' title="bbox 175 3643 1711 3712">
     <span class='ocr_line' id='line_1_58' title="bbox 175 3643 1711 3712; baseline -0.003 -11"><span class='ocrx_word' id='word_1_346' title='bbox 175 3648 396 3710; x_wconf 89' lang='lat' dir='ltr'><strong>riorem,</strong></span> <span class='ocrx_word' id='word_1_347' title='bbox 456 3644 626 3699; x_wconf 81' lang='lat' dir='ltr'><strong>sacris</strong></span> <span class='ocrx_word' id='word_1_348' title='bbox 659 3655 711 3698; x_wconf 89' lang='lat' dir='ltr'><strong>te</strong></span> <span class='ocrx_word' id='word_1_349' title='bbox 760 3643 983 3697; x_wconf 84' lang='lat' dir='ltr'><strong>vocibus</strong></span> <span class='ocrx_word' id='word_1_350' title='bbox 1016 3644 1208 3699; x_wconf 84' lang='lat' dir='ltr'><strong>merito</strong></span> <span class='ocrx_word' id='word_1_351' title='bbox 1239 3643 1447 3697; x_wconf 84' lang='lat' dir='ltr'><strong>beatam</strong></span> <span class='ocrx_word' id='word_1_352' title='bbox 1476 3644 1711 3712; x_wconf 82' lang='lat' dir='ltr'><strong>appella-</strong></span> 
     </span>
    </p>
   </div>
   <div class='ocr_carea' id='block_1_59' title="bbox 176 3748 320 3788">
    <p class='ocr_par' dir='ltr' id='par_1_59' title="bbox 176 3748 320 3788">
     <span class='ocr_line' id='line_1_59' title="bbox 176 3748 320 3788; baseline -0.007 0"><span class='ocrx_word' id='word_1_353' title='bbox 176 3748 320 3788; x_wconf 67' lang='lat' dir='ltr'><strong>&quot;IIIS.</strong></span> 
     </span>
    </p>
   </div>
   <div class='ocr_carea' id='block_1_60' title="bbox 248 3818 1719 3889">
    <p class='ocr_par' dir='ltr' id='par_1_60' title="bbox 248 3818 1719 3889">
     <span class='ocr_line' id='line_1_60' title="bbox 248 3818 1719 3889; baseline 0.001 -15"><span class='ocrx_word' id='word_1_354' title='bbox 248 3821 533 3875; x_wconf 87' lang='lat' dir='ltr'><strong>Dominum</strong></span> <span class='ocrx_word' id='word_1_355' title='bbox 568 3818 827 3885; x_wconf 78' lang='lat' dir='ltr'><strong>universi,</strong></span> <span class='ocrx_word' id='word_1_356' title='bbox 864 3820 955 3889; x_wconf 88' lang='lat' dir='ltr'><strong>qui</strong></span> <span class='ocrx_word' id='word_1_357' title='bbox 982 3834 1045 3873; x_wconf 80' lang='lat' dir='ltr'><strong>ex</strong></span> <span class='ocrx_word' id='word_1_358' title='bbox 1077 3827 1128 3873; x_wconf 91' lang='lat' dir='ltr'><strong>te</strong></span> <span class='ocrx_word' id='word_1_359' title='bbox 1163 3828 1329 3873; x_wconf 12' lang='lat' dir='ltr'><strong>enatus</strong></span> <span class='ocrx_word' id='word_1_360' title='bbox 1358 3825 1459 3885; x_wconf 88' lang='lat' dir='ltr'><strong>est,</strong></span> <span class='ocrx_word' id='word_1_361' title='bbox 1488 3832 1719 3875; x_wconf 82' lang='lat' dir='ltr'><strong>exorans</strong></span> 
     </span>
    </p>
   </div>
   <div class='ocr_carea' id='block_1_61' title="bbox 247 3944 1414 4021">
    <p class='ocr_par' dir='ltr' id='par_1_61' title="bbox 247 3944 1414 4021">
     <span class='ocr_line' id='line_1_61' title="bbox 247 3944 1414 4021; baseline -0.002 -15"><span class='ocrx_word' id='word_1_362' title='bbox 247 3946 382 4021; x_wconf 80' lang='lat'><strong>(80’)</strong></span> <span class='ocrx_word' id='word_1_363' title='bbox 404 3944 759 4021; x_wconf 75' lang='lat' dir='ltr'><strong>Desideratnr</strong></span> <span class='ocrx_word' id='word_1_364' title='bbox 791 3950 845 4021; x_wconf 77' lang='lat' dir='ltr'><strong>in</strong></span> <span class='ocrx_word' id='word_1_365' title='bbox 874 3949 1091 4021; x_wconf 67' lang='lat' dir='ltr'><strong>Menaeis</strong></span> <span class='ocrx_word' id='word_1_366' title='bbox 1106 3949 1414 4021; x_wconf 77' lang='lat' dir='ltr'><strong>impressis.</strong></span> 
     </span>
    </p>
   </div>
   <div class='ocr_carea' id='block_1_62' title="bbox 246 4016 1715 4091">
    <p class='ocr_par' dir='ltr' id='par_1_62' title="bbox 246 4016 1715 4091">
     <span class='ocr_line' id='line_1_62' title="bbox 246 4016 1715 4091; baseline -0.003 -17"><span class='ocrx_word' id='word_1_367' title='bbox 246 4016 463 4091; x_wconf 42' lang='lat' dir='ltr'><strong>(8t)’_Ex</strong></span> <span class='ocrx_word' id='word_1_368' title='bbox 490 4021 647 4091; x_wconf 85' lang='lat' dir='ltr'><strong>titulo</strong></span> <span class='ocrx_word' id='word_1_369' title='bbox 679 4018 771 4073; x_wconf 87' lang='lat' dir='ltr'><strong>Dei</strong></span> <span class='ocrx_word' id='word_1_370' title='bbox 797 4020 981 4091; x_wconf 77' lang='lat' dir='ltr'><strong>Matris</strong></span> <span class='ocrx_word' id='word_1_371' title='bbox 1020 4016 1506 4091; x_wconf 47' lang='lat' dir='ltr'><strong>solide&#39;admodum</strong></span> <span class='ocrx_word' id='word_1_372' title='bbox 1560 4016 1715 4091; x_wconf 66' lang='lat' dir='ltr'><strong>colli-</strong></span> 
     </span>
    </p>
   </div>
   <div class='ocr_carea' id='block_1_63' title="bbox 179 4088 1715 4159">
    <p class='ocr_par' dir='ltr' id='par_1_63' title="bbox 179 4088 1715 4159">
     <span class='ocr_line' id='line_1_63' title="bbox 179 4088 1715 4159; baseline -0.003 -17"><span class='ocrx_word' id='word_1_373' title='bbox 179 4088 348 4159; x_wconf 74' lang='lat' dir='ltr'><strong>gitur,</strong></span> <span class='ocrx_word' id='word_1_374' title='bbox 374 4089 432 4142; x_wconf 86' lang='grc' dir='ltr'><strong>Β.</strong></span> <span class='ocrx_word' id='word_1_375' title='bbox 487 4090 756 4157; x_wconf 74' lang='lat' dir='ltr'><strong>Virginem</strong></span> <span class='ocrx_word' id='word_1_376' title='bbox 799 4090 916 4142; x_wconf 83' lang='lat' dir='ltr'><strong>sine</strong></span> <span class='ocrx_word' id='word_1_377' title='bbox 942 4089 1219 4159; x_wconf 80' lang='lat' dir='ltr'><strong>originalis</strong></span> <span class='ocrx_word' id='word_1_378' title='bbox 1254 4088 1465 4159; x_wconf 69' lang='lat' dir='ltr'><strong>peccati</strong></span> <span class='ocrx_word' id='word_1_379' title='bbox 1505 4088 1715 4159; x_wconf 80' lang='lat' dir='ltr'><strong>macula</strong></span> 
     </span>
    </p>
   </div>
   <div class='ocr_carea' id='block_1_64' title="bbox 180 4155 1717 4225">
    <p class='ocr_par' dir='ltr' id='par_1_64' title="bbox 180 4155 1717 4225">
     <span class='ocr_line' id='line_1_64' title="bbox 180 4155 1717 4225; baseline -0.005 -12"><span class='ocrx_word' id='word_1_380' title='bbox 180 4155 364 4224; x_wconf 51' lang='lat' dir='ltr'><strong>fuisse.</strong></span> <span class='ocrx_word' id='word_1_381' title='bbox 389 4155 732 4225; x_wconf 73' lang='lat' dir='ltr'><strong>conceptam;</strong></span> <span class='ocrx_word' id='word_1_382' title='bbox 763 4172 907 4218; x_wconf 89' lang='lat' dir='ltr'><strong>nam,</strong></span> <span class='ocrx_word' id='word_1_383' title='bbox 950 4166 1009 4210; x_wconf 90' lang='lat' dir='ltr'><strong>ut</strong></span> <span class='ocrx_word' id='word_1_384' title='bbox 1050 4156 1219 4225; x_wconf 88' lang='lat' dir='ltr'><strong>inquit</strong></span> <span class='ocrx_word' id='word_1_385' title='bbox 1250 4156 1305 4207; x_wconf 90' lang='lat' dir='ltr'><strong>S.</strong></span> <span class='ocrx_word' id='word_1_386' title='bbox 1357 4155 1717 4225; x_wconf 83' lang='lat' dir='ltr'><strong>Bernardinus</strong></span> 
     </span>
    </p>
   </div>
   <div class='ocr_carea' id='block_1_65' title="bbox 182 4223 1721 4293">
    <p class='ocr_par' dir='ltr' id='par_1_65' title="bbox 182 4223 1721 4293">
     <span class='ocr_line' id='line_1_65' title="bbox 182 4223 1721 4293; baseline -0.005 -12"><span class='ocrx_word' id='word_1_387' title='bbox 182 4223 438 4281; x_wconf 73' lang='lat' dir='ltr'><strong>Senensis</strong></span> <span class='ocrx_word' id='word_1_388' title='bbox 466 4223 628 4288; x_wconf 76' lang='lat' dir='ltr'><strong>serio,</strong></span> <span class='ocrx_word' id='word_1_389' title='bbox 659 4226 728 4280; x_wconf 64' lang='lat' dir='ltr'><strong>L9</strong></span> <span class='ocrx_word' id='word_1_390' title='bbox 764 4226 828 4279; x_wconf 90' lang='lat' dir='ltr'><strong>de</strong></span> <span class='ocrx_word' id='word_1_391' title='bbox 856 4236 1040 4279; x_wconf 85' lang='lat' dir='ltr'><strong>amore</strong></span> <span class='ocrx_word' id='word_1_392' title='bbox 1086 4223 1318 4293; x_wconf 90' lang='lat' dir='ltr'><strong>glorioso</strong></span> <span class='ocrx_word' id='word_1_393' title='bbox 1350 4240 1413 4277; x_wconf 83' lang='lat' dir='ltr'><strong>ex</strong></span> <span class='ocrx_word' id='word_1_394' title='bbox 1441 4223 1721 4276; x_wconf 86' lang='lat' dir='ltr'><strong>Bartholo-</strong></span> 
     </span>
    </p>
   </div>
   <div class='ocr_carea' id='block_1_66' title="bbox 1816 2298 3361 2368">
    <p class='ocr_par' dir='ltr' id='par_1_66' title="bbox 1816 2298 3361 2368">
     <span class='ocr_line' id='line_1_66' title="bbox 1816 2298 3361 2368; baseline -0.001 -15"><span class='ocrx_word' id='word_1_395' title='bbox 1816 2300 2128 2368; x_wconf 69' lang='lat' dir='ltr'><strong>deprecare,</strong></span> <span class='ocrx_word' id='word_1_396' title='bbox 2153 2314 2187 2353; x_wconf 84' lang='lat'><strong>0</strong></span> <span class='ocrx_word' id='word_1_397' title='bbox 2212 2300 2539 2362; x_wconf 81' lang='lat' dir='ltr'><strong>castissima,</strong></span> <span class='ocrx_word' id='word_1_398' title='bbox 2570 2314 2667 2368; x_wconf 84' lang='lat' dir='ltr'><strong>pro</strong></span> <span class='ocrx_word' id='word_1_399' title='bbox 2691 2298 2868 2353; x_wconf 79' lang='lat' dir='ltr'><strong>servis</strong></span> <span class='ocrx_word' id='word_1_400' title='bbox 2888 2298 3017 2362; x_wconf 89' lang='lat' dir='ltr'><strong>tuis,</strong></span> <span class='ocrx_word' id='word_1_401' title='bbox 3052 2306 3110 2351; x_wconf 90' lang='lat' dir='ltr'><strong>ut</strong></span> <span class='ocrx_word' id='word_1_402' title='bbox 3131 2298 3198 2352; x_wconf 91' lang='lat' dir='ltr'><strong>ab</strong></span> <span class='ocrx_word' id='word_1_403' title='bbox 3216 2300 3361 2353; x_wconf 78' lang='lat' dir='ltr'><strong>omtii</strong></span> 
     </span>
    </p>
   </div>
   <div class='ocr_carea' id='block_1_67' title="bbox 1815 2386 3363 2458">
    <p class='ocr_par' dir='ltr' id='par_1_67' title="bbox 1815 2386 3363 2458">
     <span class='ocr_line' id='line_1_67' title="bbox 1815 2386 3363 2458; baseline 0.001 -17"><span class='ocrx_word' id='word_1_404' title='bbox 1815 2388 2138 2442; x_wconf 80' lang='lat' dir='ltr'><strong>adversitate</strong></span> <span class='ocrx_word' id='word_1_405' title='bbox 2165 2402 2228 2441; x_wconf 90' lang='lat' dir='ltr'><strong>ac</strong></span> <span class='ocrx_word' id='word_1_406' title='bbox 2250 2388 2488 2456; x_wconf 62' lang='lat' dir='ltr'><strong>pernici.</strong></span> <span class='ocrx_word' id='word_1_407' title='bbox 2506 2387 2823 2452; x_wconf 83' lang='lat' dir='ltr'><strong>liberentur,</strong></span> <span class='ocrx_word' id='word_1_408' title='bbox 2850 2387 2978 2440; x_wconf 89' lang='lat' dir='ltr'><strong>dum</strong></span> <span class='ocrx_word' id='word_1_409' title='bbox 3010 2398 3062 2441; x_wconf 87' lang='lat' dir='ltr'><strong>te</strong></span> <span class='ocrx_word' id='word_1_410' title='bbox 3094 2386 3363 2458; x_wconf 76' lang='lat' dir='ltr'><strong>Virginem</strong></span> 
     </span>
    </p>
   </div>
   <div class='ocr_carea' id='block_1_68' title="bbox 1814 2475 3252 2548">
    <p class='ocr_par' dir='ltr' id='par_1_68' title="bbox 1814 2475 3252 2548">
     <span class='ocr_line' id='line_1_68' title="bbox 1814 2475 3252 2548; baseline 0.002 -18"><span class='ocrx_word' id='word_1_411' title='bbox 1814 2475 2035 2540; x_wconf 68' lang='lat' dir='ltr'><strong>Matrem</strong></span> <span class='ocrx_word' id='word_1_412' title='bbox 2067 2476 2394 2538; x_wconf 83' lang='lat' dir='ltr'><strong>collaudant.</strong></span> <span class='ocrx_word' id='word_1_413' title='bbox 2420 2515 2423 2518; x_wconf 58' lang='grc' dir='ltr'><strong>ρ</strong></span> <span class='ocrx_word' id='word_1_414' title='bbox 2671 2522 2680 2531; x_wconf 84' lang='grc'>.</span> <span class='ocrx_word' id='word_1_415' title='bbox 3248 2543 3252 2548; x_wconf 28' lang='grc' dir='ltr'><strong>ι</strong></span> 
     </span>
    </p>
   </div>
   <div class='ocr_carea' id='block_1_69' title="bbox 1885 2564 3366 2631">
    <p class='ocr_par' dir='ltr' id='par_1_69' title="bbox 1885 2564 3366 2631">
     <span class='ocr_line' id='line_1_69' title="bbox 1885 2564 3366 2631; baseline 0.004 -15"><span class='ocrx_word' id='word_1_416' title='bbox 1885 2564 1927 2616; x_wconf 79' lang='grc' dir='ltr'><strong>Α</strong></span> <span class='ocrx_word' id='word_1_417' title='bbox 1958 2565 2320 2619; x_wconf 88' lang='lat' dir='ltr'><strong>damnationis</strong></span> <span class='ocrx_word' id='word_1_418' title='bbox 2373 2565 2603 2620; x_wconf 84' lang='lat' dir='ltr'><strong>vinculis</strong></span> <span class='ocrx_word' id='word_1_419' title='bbox 2634 2564 2844 2620; x_wconf 88' lang='lat' dir='ltr'><strong>solutus</strong></span> <span class='ocrx_word' id='word_1_420' title='bbox 2894 2580 3036 2631; x_wconf 89' lang='lat' dir='ltr'><strong>sum,</strong></span> <span class='ocrx_word' id='word_1_421' title='bbox 3062 2575 3115 2621; x_wconf 91' lang='lat' dir='ltr'><strong>ct</strong></span> <span class='ocrx_word' id='word_1_422' title='bbox 3143 2582 3171 2618; x_wconf 88' lang='lat' dir='ltr'><strong>a</strong></span> <span class='ocrx_word' id='word_1_423' title='bbox 3202 2566 3366 2622; x_wconf 83' lang='lat' dir='ltr'><strong>male-</strong></span> 
     </span>
    </p>
   </div>
   <div class='ocr_carea' id='block_1_70' title="bbox 1815 2654 3362 2725">
    <p class='ocr_par' dir='ltr' id='par_1_70' title="bbox 1815 2654 3362 2725">
     <span class='ocr_line' id='line_1_70' title="bbox 1815 2654 3362 2725; baseline 0.001 -17"><span class='ocrx_word' id='word_1_424' title='bbox 1815 2654 2050 2709; x_wconf 88' lang='lat' dir='ltr'><strong>dictione</strong></span> <span class='ocrx_word' id='word_1_425' title='bbox 2078 2664 2415 2725; x_wconf 82' lang='lat' dir='ltr'><strong>perpartum</strong></span> <span class='ocrx_word' id='word_1_426' title='bbox 2448 2666 2621 2722; x_wconf 88' lang='lat' dir='ltr'><strong>tuum,</strong></span> <span class='ocrx_word' id='word_1_427' title='bbox 2674 2669 2706 2709; x_wconf 89' lang='grc' dir='ltr'><strong>ο</strong></span> <span class='ocrx_word' id='word_1_428' title='bbox 2725 2657 3024 2710; x_wconf 85' lang='lat' dir='ltr'><strong>castissima</strong></span> <span class='ocrx_word' id='word_1_429' title='bbox 3050 2657 3362 2722; x_wconf 77' lang='lat' dir='ltr'><strong>benedicta;</strong></span> 
     </span>
    </p>
   </div>
   <div class='ocr_carea' id='block_1_71' title="bbox 1813 2744 3363 2825">
    <p class='ocr_par' dir='ltr' id='par_1_71' title="bbox 1813 2744 3363 2825">
     <span class='ocr_line' id='line_1_71' title="bbox 1813 2744 3363 2825; baseline 0.001 -26"><span class='ocrx_word' id='word_1_430' title='bbox 1813 2747 1928 2799; x_wconf 86' lang='lat' dir='ltr'><strong>sola</strong></span> <span class='ocrx_word' id='word_1_431' title='bbox 1955 2747 2099 2799; x_wconf 88' lang='lat' dir='ltr'><strong>enim</strong></span> <span class='ocrx_word' id='word_1_432' title='bbox 2126 2746 2178 2799; x_wconf 92' lang='lat' dir='ltr'><strong>in</strong></span> <span class='ocrx_word' id='word_1_433' title='bbox 2217 2755 2356 2799; x_wconf 82' lang='lat' dir='ltr'><strong>terra</strong></span> <span class='ocrx_word' id='word_1_434' title='bbox 2388 2744 2497 2799; x_wconf 92' lang='lat' dir='ltr'><strong>Deo</strong></span> <span class='ocrx_word' id='word_1_435' title='bbox 2525 2760 2727 2825; x_wconf 77' lang='lat' dir='ltr'><strong>corpus</strong></span> <span class='ocrx_word' id='word_1_436' title='bbox 2746 2746 2940 2800; x_wconf 86' lang='lat' dir='ltr'><strong>dedisti</strong></span> <span class='ocrx_word' id='word_1_437' title='bbox 2969 2760 3031 2800; x_wconf 82' lang='lat' dir='ltr'><strong>ex</strong></span> <span class='ocrx_word' id='word_1_438' title='bbox 3058 2745 3208 2813; x_wconf 90' lang='lat' dir='ltr'><strong>puris</strong></span> <span class='ocrx_word' id='word_1_439' title='bbox 3235 2762 3363 2801; x_wconf 84' lang='lat' dir='ltr'><strong>sau-</strong></span> 
     </span>
    </p>
   </div>
   <div class='ocr_carea' id='block_1_72' title="bbox 1815 2837 2840 2909">
    <p class='ocr_par' dir='ltr' id='par_1_72' title="bbox 1815 2837 2840 2909">
     <span class='ocr_line' id='line_1_72' title="bbox 1815 2837 2840 2909; baseline -0.001 -20"><span class='ocrx_word' id='word_1_440' title='bbox 1815 2837 2068 2909; x_wconf 80' lang='lat' dir='ltr'><strong>guinibus</strong></span> <span class='ocrx_word' id='word_1_441' title='bbox 2100 2839 2228 2899; x_wconf 85' lang='lat' dir='ltr'><strong>tuis,</strong></span> <span class='ocrx_word' id='word_1_442' title='bbox 2255 2851 2289 2889; x_wconf 88' lang='grc' dir='ltr'><strong>ο</strong></span> <span class='ocrx_word' id='word_1_443' title='bbox 2317 2837 2840 2891; x_wconf 82' lang='lat' dir='ltr'><strong>immaculatissima.</strong></span> 
     </span>
    </p>
   </div>
   <div class='ocr_carea' id='block_1_73' title="bbox 1888 2928 3366 2997">
    <p class='ocr_par' dir='ltr' id='par_1_73' title="bbox 1888 2928 3366 2997">
     <span class='ocr_line' id='line_1_73' title="bbox 1888 2928 3366 2997; baseline 0.001 -15"><span class='ocrx_word' id='word_1_444' title='bbox 1888 2928 2258 2984; x_wconf 86' lang='lat' dir='ltr'><strong>Lucidissimis</strong></span> <span class='ocrx_word' id='word_1_445' title='bbox 2304 2928 2683 2997; x_wconf 85' lang='lat' dir='ltr'><strong>splendoribus</strong></span> <span class='ocrx_word' id='word_1_446' title='bbox 2732 2930 2840 2983; x_wconf 87' lang='lat' dir='ltr'><strong>tuis</strong></span> <span class='ocrx_word' id='word_1_447' title='bbox 2877 2928 3190 2983; x_wconf 84' lang='lat' dir='ltr'><strong>illuminosti</strong></span> <span class='ocrx_word' id='word_1_448' title='bbox 3222 2938 3366 2983; x_wconf 85' lang='lat' dir='ltr'><strong>tene-</strong></span> 
     </span>
    </p>
   </div>
   <div class='ocr_carea' id='block_1_74' title="bbox 1739 3015 3365 3092">
    <p class='ocr_par' dir='ltr' id='par_1_74' title="bbox 1739 3015 3365 3092">
     <span class='ocr_line' id='line_1_74' title="bbox 1739 3015 3365 3092; baseline -0.001 -22"><span class='ocrx_word' id='word_1_449' title='bbox 1739 3023 1782 3080; x_wconf 88' lang='lat' dir='ltr'><strong>c</strong></span> <span class='ocrx_word' id='word_1_450' title='bbox 1816 3018 2087 3071; x_wconf 88' lang='lat' dir='ltr'><strong>bricosum</strong></span> <span class='ocrx_word' id='word_1_451' title='bbox 2125 3032 2218 3070; x_wconf 87' lang='lat' dir='ltr'><strong>cor</strong></span> <span class='ocrx_word' id='word_1_452' title='bbox 2261 3031 2464 3080; x_wconf 88' lang='lat' dir='ltr'><strong>meum,</strong></span> <span class='ocrx_word' id='word_1_453' title='bbox 2498 3032 2531 3071; x_wconf 92' lang='grc' dir='ltr'><strong>ο</strong></span> <span class='ocrx_word' id='word_1_454' title='bbox 2554 3015 2737 3084; x_wconf 79' lang='lat' dir='ltr'><strong>Virgo,</strong></span> <span class='ocrx_word' id='word_1_455' title='bbox 2785 3031 2906 3085; x_wconf 71' lang='lat' dir='ltr'><strong>quae</strong></span> <span class='ocrx_word' id='word_1_456' title='bbox 2945 3016 2996 3069; x_wconf 91' lang='lat' dir='ltr'><strong>in</strong></span> <span class='ocrx_word' id='word_1_457' title='bbox 3027 3028 3167 3092; x_wconf 82' lang='lat' dir='ltr'><strong>terra</strong></span> <span class='ocrx_word' id='word_1_458' title='bbox 3199 3018 3365 3071; x_wconf 89' lang='lat' dir='ltr'><strong>solem</strong></span> 
     </span>
    </p>
   </div>
   <div class='ocr_carea' id='block_1_75' title="bbox 1818 3105 3367 3174">
    <p class='ocr_par' dir='ltr' id='par_1_75' title="bbox 1818 3105 3367 3174">
     <span class='ocr_line' id='line_1_75' title="bbox 1818 3105 3367 3174; baseline 0.001 -15"><span class='ocrx_word' id='word_1_459' title='bbox 1818 3106 2092 3159; x_wconf 90' lang='lat' dir='ltr'><strong>Christum</strong></span> <span class='ocrx_word' id='word_1_460' title='bbox 2124 3106 2398 3174; x_wconf 76' lang='lat' dir='ltr'><strong>peperisti,</strong></span> <span class='ocrx_word' id='word_1_461' title='bbox 2424 3107 2509 3161; x_wconf 89' lang='lat' dir='ltr'><strong>cui</strong></span> <span class='ocrx_word' id='word_1_462' title='bbox 2542 3107 2821 3174; x_wconf 78' lang='lat' dir='ltr'><strong>psallimus</strong></span> <span class='ocrx_word' id='word_1_463' title='bbox 2850 3120 3104 3174; x_wconf 70' lang='lat' dir='ltr'><strong>semper:</strong></span> <span class='ocrx_word' id='word_1_464' title='bbox 3136 3105 3367 3160; x_wconf 74' lang='lat' dir='ltr'><strong>Benedi-</strong></span> 
     </span>
    </p>
   </div>
   <div class='ocr_carea' id='block_1_76' title="bbox 1815 3197 3343 3264">
    <p class='ocr_par' dir='ltr' id='par_1_76' title="bbox 1815 3197 3343 3264">
     <span class='ocr_line' id='line_1_76' title="bbox 1815 3197 3343 3264; baseline -0.001 -15"><span class='ocrx_word' id='word_1_465' title='bbox 1815 3205 1936 3249; x_wconf 93' lang='lat' dir='ltr'><strong>ctus</strong></span> <span class='ocrx_word' id='word_1_466' title='bbox 1954 3197 2191 3250; x_wconf 87' lang='lat' dir='ltr'><strong>estDcus</strong></span> <span class='ocrx_word' id='word_1_467' title='bbox 2215 3205 2440 3264; x_wconf 86' lang='lat' dir='ltr'><strong>patrum</strong></span> <span class='ocrx_word' id='word_1_468' title='bbox 2473 3206 2802 3250; x_wconf 89' lang='lat' dir='ltr'><strong>nostrorum.</strong></span> <span class='ocrx_word' id='word_1_469' title='bbox 2936 3240 2939 3243; x_wconf 92' lang='lat'>.</span> <span class='ocrx_word' id='word_1_470' title='bbox 3137 3243 3141 3247; x_wconf 81' lang='lat'><strong>.</strong></span> <span class='ocrx_word' id='word_1_471' title='bbox 3202 3258 3203 3263; x_wconf 21' lang='grc' dir='ltr'><strong>η</strong></span> <span class='ocrx_word' id='word_1_472' title='bbox 3338 3226 3343 3247; x_wconf 72' lang='grc' dir='ltr'><strong>ι</strong></span> 
     </span>
    </p>
   </div>
   <div class='ocr_carea' id='block_1_77' title="bbox 1885 3284 3365 3358">
    <p class='ocr_par' dir='ltr' id='par_1_77' title="bbox 1885 3284 3365 3358">
     <span class='ocr_line' id='line_1_77' title="bbox 1885 3284 3365 3358; baseline 0.003 -19"><span class='ocrx_word' id='word_1_473' title='bbox 1885 3284 2019 3340; x_wconf 90' lang='lat' dir='ltr'><strong>Cum</strong></span> <span class='ocrx_word' id='word_1_474' title='bbox 2058 3286 2455 3339; x_wconf 81' lang='lat' dir='ltr'><strong>divinissimnm</strong></span> <span class='ocrx_word' id='word_1_475' title='bbox 2478 3285 2942 3340; x_wconf 60' lang='lat' dir='ltr'><strong>‘Verhumcastam</strong></span> <span class='ocrx_word' id='word_1_476' title='bbox 2972 3294 3024 3341; x_wconf 86' lang='lat' dir='ltr'><strong>te</strong></span> <span class='ocrx_word' id='word_1_477' title='bbox 3047 3288 3209 3342; x_wconf 88' lang='lat' dir='ltr'><strong>etiam</strong></span> <span class='ocrx_word' id='word_1_478' title='bbox 3242 3298 3365 3358; x_wconf 86' lang='lat' dir='ltr'><strong>post</strong></span> 
     </span>
    </p>
   </div>
   <div class='ocr_carea' id='block_1_78' title="bbox 1820 3374 3364 3444">
    <p class='ocr_par' dir='ltr' id='par_1_78' title="bbox 1820 3374 3364 3444">
     <span class='ocr_line' id='line_1_78' title="bbox 1820 3374 3364 3444; baseline 0.005 -20"><span class='ocrx_word' id='word_1_479' title='bbox 1820 3381 2034 3444; x_wconf 88' lang='lat' dir='ltr'><strong>partum</strong></span> <span class='ocrx_word' id='word_1_480' title='bbox 2096 3382 2495 3437; x_wconf 84' lang='lat' dir='ltr'><strong>conservasset,</strong></span> <span class='ocrx_word' id='word_1_481' title='bbox 2560 3389 2625 3427; x_wconf 79' lang='lat' dir='ltr'><strong>ex</strong></span> <span class='ocrx_word' id='word_1_482' title='bbox 2652 3384 2725 3436; x_wconf 84' lang='lat' dir='ltr'><strong>te,</strong></span> <span class='ocrx_word' id='word_1_483' title='bbox 2750 3389 2785 3427; x_wconf 92' lang='grc' dir='ltr'><strong>ο</strong></span> <span class='ocrx_word' id='word_1_484' title='bbox 2812 3374 3087 3437; x_wconf 81' lang='lat' dir='ltr'><strong>inviolata.</strong></span> <span class='ocrx_word' id='word_1_485' title='bbox 3120 3380 3364 3432; x_wconf 86' lang='lat' dir='ltr'><strong>eumdu-</strong></span> 
     </span>
    </p>
   </div>
   <div class='ocr_carea' id='block_1_79' title="bbox 1821 3463 3367 3535">
    <p class='ocr_par' dir='ltr' id='par_1_79' title="bbox 1821 3463 3367 3535">
     <span class='ocr_line' id='line_1_79' title="bbox 1821 3463 3367 3535; baseline 0.005 -22"><span class='ocrx_word' id='word_1_486' title='bbox 1821 3463 1943 3533; x_wconf 80' lang='lat' dir='ltr'><strong>plici</strong></span> <span class='ocrx_word' id='word_1_487' title='bbox 1977 3472 2191 3525; x_wconf 85' lang='lat' dir='ltr'><strong>natura,</strong></span> <span class='ocrx_word' id='word_1_488' title='bbox 2251 3471 2415 3531; x_wconf 86' lang='lat' dir='ltr'><strong>atque</strong></span> <span class='ocrx_word' id='word_1_489' title='bbox 2469 3464 2781 3532; x_wconf 78' lang='lat' dir='ltr'><strong>operatione</strong></span> <span class='ocrx_word' id='word_1_490' title='bbox 2832 3465 3122 3533; x_wconf 83' lang='lat' dir='ltr'><strong>processit;</strong></span> <span class='ocrx_word' id='word_1_491' title='bbox 3177 3481 3367 3535; x_wconf 84' lang='lat' dir='ltr'><strong>quam-</strong></span> 
     </span>
    </p>
   </div>
   <div class='ocr_carea' id='block_1_80' title="bbox 1816 3553 3161 3624">
    <p class='ocr_par' dir='ltr' id='par_1_80' title="bbox 1816 3553 3161 3624">
     <span class='ocr_line' id='line_1_80' title="bbox 1816 3553 3161 3624; baseline 0.001 -14"><span class='ocrx_word' id='word_1_492' title='bbox 1816 3556 1999 3610; x_wconf 90' lang='lat' dir='ltr'><strong>obrem</strong></span> <span class='ocrx_word' id='word_1_493' title='bbox 2029 3564 2083 3609; x_wconf 89' lang='lat' dir='ltr'><strong>te</strong></span> <span class='ocrx_word' id='word_1_494' title='bbox 2114 3564 2367 3622; x_wconf 84' lang='lat' dir='ltr'><strong>tanquam</strong></span> <span class='ocrx_word' id='word_1_495' title='bbox 2392 3554 2508 3623; x_wconf 84' lang='lat' dir='ltr'><strong>ejus</strong></span> <span class='ocrx_word' id='word_1_496' title='bbox 2529 3553 2749 3609; x_wconf 77' lang='lat' dir='ltr'><strong>Matrem</strong></span> <span class='ocrx_word' id='word_1_497' title='bbox 2780 3555 3161 3624; x_wconf 79' lang='lat' dir='ltr'><strong>gloriﬁcamus.</strong></span> 
     </span>
    </p>
   </div>
   <div class='ocr_carea' id='block_1_81' title="bbox 1887 3644 3367 3716">
    <p class='ocr_par' dir='ltr' id='par_1_81' title="bbox 1887 3644 3367 3716">
     <span class='ocr_line' id='line_1_81' title="bbox 1887 3644 3367 3716; baseline 0.003 -18"><span class='ocrx_word' id='word_1_498' title='bbox 1887 3645 2033 3698; x_wconf 84' lang='lat' dir='ltr'><strong>Luce</strong></span> <span class='ocrx_word' id='word_1_499' title='bbox 2069 3654 2159 3698; x_wconf 90' lang='lat' dir='ltr'><strong>tua</strong></span> <span class='ocrx_word' id='word_1_500' title='bbox 2206 3644 2417 3698; x_wconf 90' lang='lat' dir='ltr'><strong>illustra</strong></span> <span class='ocrx_word' id='word_1_501' title='bbox 2464 3660 2574 3708; x_wconf 90' lang='lat' dir='ltr'><strong>me,</strong></span> <span class='ocrx_word' id='word_1_502' title='bbox 2596 3660 2628 3697; x_wconf 92' lang='grc' dir='ltr'><strong>ο</strong></span> <span class='ocrx_word' id='word_1_503' title='bbox 2657 3654 2827 3708; x_wconf 85' lang='lat' dir='ltr'><strong>casta,</strong></span> <span class='ocrx_word' id='word_1_504' title='bbox 2854 3646 2946 3712; x_wconf 87' lang='lat' dir='ltr'><strong>qni</strong></span> <span class='ocrx_word' id='word_1_505' title='bbox 2979 3646 3033 3700; x_wconf 88' lang='lat' dir='ltr'><strong>in</strong></span> <span class='ocrx_word' id='word_1_506' title='bbox 3067 3647 3227 3716; x_wconf 81' lang='lat' dir='ltr'><strong>hujus</strong></span> <span class='ocrx_word' id='word_1_507' title='bbox 3248 3649 3367 3703; x_wconf 72' lang='lat' dir='ltr'><strong>vitae</strong></span> 
     </span>
    </p>
   </div>
   <div class='ocr_carea' id='block_1_82' title="bbox 1820 3732 3365 3804">
    <p class='ocr_par' dir='ltr' id='par_1_82' title="bbox 1820 3732 3365 3804">
     <span class='ocr_line' id='line_1_82' title="bbox 1820 3732 3365 3804; baseline 0.002 -17"><span class='ocrx_word' id='word_1_508' title='bbox 1820 3743 1976 3787; x_wconf 83' lang='lat' dir='ltr'><strong>nocte</strong></span> <span class='ocrx_word' id='word_1_509' title='bbox 1999 3733 2239 3787; x_wconf 62' lang='lat' dir='ltr'><strong>caecitate</strong></span> <span class='ocrx_word' id='word_1_510' title='bbox 2260 3733 2467 3796; x_wconf 84' lang='lat' dir='ltr'><strong>laboro,</strong></span> <span class='ocrx_word' id='word_1_511' title='bbox 2504 3747 2567 3787; x_wconf 89' lang='lat' dir='ltr'><strong>ac</strong></span> <span class='ocrx_word' id='word_1_512' title='bbox 2624 3732 2878 3788; x_wconf 80' lang='lat' dir='ltr'><strong>ﬂuctibus</strong></span> <span class='ocrx_word' id='word_1_513' title='bbox 2906 3734 3081 3801; x_wconf 76' lang='lat' dir='ltr'><strong>jactur</strong></span> <span class='ocrx_word' id='word_1_514' title='bbox 3114 3747 3365 3804; x_wconf 85' lang='lat' dir='ltr'><strong>peccato-</strong></span> 
     </span>
    </p>
   </div>
   <div class='ocr_carea' id='block_1_83' title="bbox 1822 3821 3362 3901">
    <p class='ocr_par' dir='ltr' id='par_1_83' title="bbox 1822 3821 3362 3901">
     <span class='ocr_line' id='line_1_83' title="bbox 1822 3821 3362 3901; baseline 0.004 -25"><span class='ocrx_word' id='word_1_515' title='bbox 1822 3838 1979 3888; x_wconf 89' lang='lat' dir='ltr'><strong>rum,</strong></span> <span class='ocrx_word' id='word_1_516' title='bbox 2011 3837 2044 3875; x_wconf 93' lang='lat' dir='ltr'><strong>o</strong></span> <span class='ocrx_word' id='word_1_517' title='bbox 2072 3821 2298 3876; x_wconf 87' lang='lat' dir='ltr'><strong>Domina</strong></span> <span class='ocrx_word' id='word_1_518' title='bbox 2357 3831 2566 3887; x_wconf 81' lang='lat' dir='ltr'><strong>sancta,</strong></span> <span class='ocrx_word' id='word_1_519' title='bbox 2619 3832 2773 3891; x_wconf 85' lang='lat' dir='ltr'><strong>porta</strong></span> <span class='ocrx_word' id='word_1_520' title='bbox 2804 3824 2943 3901; x_wconf 83' lang='lat' dir='ltr'><strong>lucis</strong></span> <span class='ocrx_word' id='word_1_521' title='bbox 2993 3824 3362 3894; x_wconf 85' lang='lat' dir='ltr'><strong>intelligibilis.</strong></span> 
     </span>
    </p>
   </div>
   <div class='ocr_carea' id='block_1_84' title="bbox 1820 3950 3357 4025">
    <p class='ocr_par' dir='ltr' id='par_1_84' title="bbox 1820 3950 3357 4025">
     <span class='ocr_line' id='line_1_84' title="bbox 1820 3950 3357 4025; baseline 0.003 -21"><span class='ocrx_word' id='word_1_522' title='bbox 1820 3960 2162 4025; x_wconf 63' lang='lat' dir='ltr'><strong>praeservata,</strong></span> <span class='ocrx_word' id='word_1_523' title='bbox 2194 3969 2258 4006; x_wconf 91' lang='lat' dir='ltr'><strong>eo</strong></span> <span class='ocrx_word' id='word_1_524' title='bbox 2290 3950 2434 4025; x_wconf 80' lang='lat' dir='ltr'><strong>quod</strong></span> <span class='ocrx_word' id='word_1_525' title='bbox 2464 3950 2819 4025; x_wconf 67' lang='lat' dir='ltr'><strong>fuit&#39;prtcvisa</strong></span> <span class='ocrx_word' id='word_1_526' title='bbox 2846 3955 2970 4009; x_wconf 84' lang='lat' dir='ltr'><strong>esse</strong></span> <span class='ocrx_word' id='word_1_527' title='bbox 2992 3955 3157 4011; x_wconf 79' lang='lat' dir='ltr'><strong>Mater</strong></span> <span class='ocrx_word' id='word_1_528' title='bbox 3185 3957 3300 4014; x_wconf 79' lang='lat' dir='ltr'><strong>Dei.</strong></span> <span class='ocrx_word' id='word_1_529' title='bbox 3338 3979 3357 4009; x_wconf 80' lang='grc' dir='ltr'><strong>ι</strong></span> 
     </span>
    </p>
   </div>
   <div class='ocr_carea' id='block_1_85' title="bbox 1823 4020 3363 4092">
    <p class='ocr_par' dir='ltr' id='par_1_85' title="bbox 1823 4020 3363 4092">
     <span class='ocr_line' id='line_1_85' title="bbox 1823 4020 3363 4092; baseline 0.005 -19"><span class='ocrx_word' id='word_1_530' title='bbox 1823 4020 1912 4092; x_wconf 62' lang='grc' dir='ltr'><strong>δὲε</strong></span> <span class='ocrx_word' id='word_1_531' title='bbox 1936 4021 2041 4074; x_wconf 92' lang='lat' dir='ltr'><strong>ille.</strong></span> <span class='ocrx_word' id='word_1_532' title='bbox 2078 4020 2362 4092; x_wconf 50' lang='lat' dir='ltr'><strong>Eumerito</strong></span> <span class='ocrx_word' id='word_1_533' title='bbox 2395 4020 2635 4092; x_wconf 74' lang='lat' dir='ltr'><strong>quidem,</strong></span> <span class='ocrx_word' id='word_1_534' title='bbox 2666 4032 2787 4076; x_wconf 71' lang='lat' dir='ltr'><strong>nam</strong></span> <span class='ocrx_word' id='word_1_535' title='bbox 2823 4035 2879 4076; x_wconf 91' lang='lat' dir='ltr'><strong>ut</strong></span> <span class='ocrx_word' id='word_1_536' title='bbox 2918 4025 2972 4077; x_wconf 88' lang='lat' dir='ltr'><strong>in</strong></span> <span class='ocrx_word' id='word_1_537' title='bbox 3009 4029 3269 4092; x_wconf 88' lang='lat' dir='ltr'><strong>opusculo</strong></span> <span class='ocrx_word' id='word_1_538' title='bbox 3298 4030 3363 4082; x_wconf 69' lang='lat' dir='ltr'><strong>de</strong></span> 
     </span>
    </p>
   </div>
   <div class='ocr_carea' id='block_1_86' title="bbox 1822 4089 3360 4160">
    <p class='ocr_par' dir='ltr' id='par_1_86' title="bbox 1822 4089 3360 4160">
     <span class='ocr_line' id='line_1_86' title="bbox 1822 4089 3360 4160; baseline 0.006 -18"><span class='ocrx_word' id='word_1_539' title='bbox 1822 4089 2065 4160; x_wconf 67' lang='lat' dir='ltr'><strong>Concept.</strong></span> <span class='ocrx_word' id='word_1_540' title='bbox 2137 4089 2203 4145; x_wconf 54' lang='grc' dir='ltr'><strong>ΒΑ</strong></span> <span class='ocrx_word' id='word_1_541' title='bbox 2240 4089 2492 4160; x_wconf 23' lang='lat' dir='ltr'><strong>“Virginis</strong></span> <span class='ocrx_word' id='word_1_542' title='bbox 2520 4091 2641 4145; x_wconf 84' lang='lat' dir='ltr'><strong>libr.</strong></span> <span class='ocrx_word' id='word_1_543' title='bbox 2695 4092 2745 4155; x_wconf 81' lang='lat' dir='ltr'><strong>l,</strong></span> <span class='ocrx_word' id='word_1_544' title='bbox 2808 4092 2986 4160; x_wconf 90' lang='lat' dir='ltr'><strong>inquit</strong></span> <span class='ocrx_word' id='word_1_545' title='bbox 3042 4089 3360 4151; x_wconf 61' lang='lat' dir='ltr'><strong>Ambrosius</strong></span> 
     </span>
    </p>
   </div>
   <div class='ocr_carea' id='block_1_87' title="bbox 1822 4158 3361 4234">
    <p class='ocr_par' dir='ltr' id='par_1_87' title="bbox 1822 4158 3361 4234">
     <span class='ocr_line' id='line_1_87' title="bbox 1822 4158 3361 4234; baseline 0.004 -24"><span class='ocrx_word' id='word_1_546' title='bbox 1822 4158 2189 4234; x_wconf 85' lang='lat' dir='ltr'><strong>Catharinus:</strong></span> <span class='ocrx_word' id='word_1_547' title='bbox 2239 4158 2373 4234; x_wconf 83' lang='lat' dir='ltr'><strong>Duni</strong></span> <span class='ocrx_word' id='word_1_548' title='bbox 2429 4160 2544 4227; x_wconf 84' lang='lat' dir='ltr'><strong>ipse</strong></span> <span class='ocrx_word' id='word_1_549' title='bbox 2588 4174 2799 4234; x_wconf 66' lang='lat' dir='ltr'><strong>mecum</strong></span> <span class='ocrx_word' id='word_1_550' title='bbox 2854 4158 3034 4229; x_wconf 79' lang='lat' dir='ltr'><strong>animo</strong></span> <span class='ocrx_word' id='word_1_551' title='bbox 3065 4172 3118 4234; x_wconf 77' lang='lat' dir='ltr'><strong>et</strong></span> <span class='ocrx_word' id='word_1_552' title='bbox 3162 4165 3361 4234; x_wconf 70' lang='lat' dir='ltr'><strong>cogita-</strong></span> 
     </span>
    </p>
   </div>
   <div class='ocr_carea' id='block_1_88' title="bbox 1824 4228 3359 4299">
    <p class='ocr_par' dir='ltr' id='par_1_88' title="bbox 1824 4228 3359 4299">
     <span class='ocr_line' id='line_1_88' title="bbox 1824 4228 3359 4299; baseline 0.005 -22"><span class='ocrx_word' id='word_1_553' title='bbox 1824 4229 1965 4281; x_wconf 86' lang='lat' dir='ltr'><strong>tione</strong></span> <span class='ocrx_word' id='word_1_554' title='bbox 1994 4228 2343 4299; x_wconf 69' lang='lat' dir='ltr'><strong>contemplor,</strong></span> <span class='ocrx_word' id='word_1_555' title='bbox 2370 4244 2543 4299; x_wconf 13' lang='lat' dir='ltr'><strong>quam,</strong></span> <span class='ocrx_word' id='word_1_556' title='bbox 2585 4230 2783 4299; x_wconf 82' lang='lat' dir='ltr'><strong>grande</strong></span> <span class='ocrx_word' id='word_1_557' title='bbox 2818 4238 2871 4283; x_wconf 91' lang='lat' dir='ltr'><strong>et</strong></span> <span class='ocrx_word' id='word_1_558' title='bbox 2907 4228 3256 4299; x_wconf 65' lang='lat' dir='ltr'><strong>magniﬁcum</strong></span> <span class='ocrx_word' id='word_1_559' title='bbox 3288 4228 3359 4288; x_wconf 84' lang='lat' dir='ltr'><strong>sit</strong></span> 
     </span>
    </p>
   </div>
   <div class='ocr_carea' id='block_1_89' title="bbox 182 4292 3385 4366">
    <p class='ocr_par' dir='ltr' id='par_1_89' title="bbox 182 4292 3385 4366">
     <span class='ocr_line' id='line_1_89' title="bbox 182 4292 3385 4366; baseline 0.002 -16"><span class='ocrx_word' id='word_1_560' title='bbox 182 4310 301 4351; x_wconf 87' lang='lat' dir='ltr'><strong>meo</strong></span> <span class='ocrx_word' id='word_1_561' title='bbox 324 4294 543 4348; x_wconf 83' lang='lat' dir='ltr'><strong>Siculo:</strong></span> <span class='ocrx_word' id='word_1_562' title='bbox 583 4309 600 4344; x_wconf 83' lang='lat' dir='ltr'><strong>t</strong></span> <span class='ocrx_word' id='word_1_563' title='bbox 633 4294 966 4366; x_wconf 84' lang='lat' dir='ltr'><strong>Credendnm</strong></span> <span class='ocrx_word' id='word_1_564' title='bbox 996 4292 1106 4358; x_wconf 76' lang='lat' dir='ltr'><strong>est,</strong></span> <span class='ocrx_word' id='word_1_565' title='bbox 1124 4294 1265 4361; x_wconf 90' lang='lat' dir='ltr'><strong>quod</strong></span> <span class='ocrx_word' id='word_1_566' title='bbox 1314 4294 1482 4366; x_wconf 79' lang='lat' dir='ltr'><strong>voluit</strong></span> <span class='ocrx_word' id='word_1_567' title='bbox 1507 4307 1718 4366; x_wconf 76' lang='lat' dir='ltr'><strong>sumere</strong></span> <span class='ocrx_word' id='word_1_568' title='bbox 1752 4292 1793 4345; x_wconf 92' lang='lat' dir='ltr'><strong>D</strong></span> <span class='ocrx_word' id='word_1_569' title='bbox 1820 4310 1937 4366; x_wconf 73' lang='lat' dir='ltr'><strong>esse</strong></span> <span class='ocrx_word' id='word_1_570' title='bbox 1977 4292 2239 4349; x_wconf 78' lang='lat' dir='ltr'><strong>excelsam</strong></span> <span class='ocrx_word' id='word_1_571' title='bbox 2292 4292 2736 4351; x_wconf 49' lang='lat' dir='ltr'><strong>Dei&#39;Genitricem</strong></span> <span class='ocrx_word' id='word_1_572' title='bbox 2772 4316 2786 4350; x_wconf 88' lang='lat'><strong>:</strong></span> <span class='ocrx_word' id='word_1_573' title='bbox 2825 4308 2937 4351; x_wconf 91' lang='lat' dir='ltr'><strong>tum</strong></span> <span class='ocrx_word' id='word_1_574' title='bbox 2978 4292 3139 4366; x_wconf 72' lang='lat' dir='ltr'><strong>quam</strong></span> <span class='ocrx_word' id='word_1_575' title='bbox 3172 4301 3274 4355; x_wconf 86' lang='lat' dir='ltr'><strong>vlle</strong></span> <span class='ocrx_word' id='word_1_576' title='bbox 3307 4312 3385 4355; x_wconf 87' lang='lat' dir='ltr'><strong>et-</strong></span> 
     </span>
    </p>
   </div>
   <div class='ocr_carea' id='block_1_90' title="bbox 182 4361 1715 4430">
    <p class='ocr_par' dir='ltr' id='par_1_90' title="bbox 182 4361 1715 4430">
     <span class='ocr_line' id='line_1_90' title="bbox 182 4361 1715 4430; baseline -0.005 -11"><span class='ocrx_word' id='word_1_577' title='bbox 182 4380 394 4419; x_wconf 86' lang='lat' dir='ltr'><strong>carnem</strong></span> <span class='ocrx_word' id='word_1_578' title='bbox 426 4379 488 4415; x_wconf 74' lang='lat' dir='ltr'><strong>ex</strong></span> <span class='ocrx_word' id='word_1_579' title='bbox 549 4377 709 4415; x_wconf 84' lang='lat' dir='ltr'><strong>carne</strong></span> <span class='ocrx_word' id='word_1_580' title='bbox 751 4362 1059 4429; x_wconf 87' lang='lat' dir='ltr'><strong>purissima,</strong></span> <span class='ocrx_word' id='word_1_581' title='bbox 1102 4374 1153 4415; x_wconf 91' lang='lat' dir='ltr'><strong>et</strong></span> <span class='ocrx_word' id='word_1_582' title='bbox 1197 4364 1337 4430; x_wconf 89' lang='lat' dir='ltr'><strong>quod</strong></span> <span class='ocrx_word' id='word_1_583' title='bbox 1381 4362 1523 4430; x_wconf 90' lang='lat' dir='ltr'><strong>ejus_</strong></span> <span class='ocrx_word' id='word_1_584' title='bbox 1552 4361 1715 4413; x_wconf 80' lang='lat' dir='ltr'><strong>Mater</strong></span> 
     </span>
    </p>
   </div>
   <div class='ocr_carea' id='block_1_91' title="bbox 185 4428 1717 4499">
    <p class='ocr_par' dir='ltr' id='par_1_91' title="bbox 185 4428 1717 4499">
     <span class='ocr_line' id='line_1_91' title="bbox 185 4428 1717 4499; baseline -0.003 -13"><span class='ocrx_word' id='word_1_585' title='bbox 185 4435 343 4491; x_wconf 60' lang='lat' dir='ltr'><strong>tuerit</strong></span> <span class='ocrx_word' id='word_1_586' title='bbox 369 4433 650 4499; x_wconf 85' lang='lat' dir='ltr'><strong>plusquam</strong></span> <span class='ocrx_word' id='word_1_587' title='bbox 712 4428 819 4482; x_wconf 84' lang='lat' dir='ltr'><strong>Eva</strong></span> <span class='ocrx_word' id='word_1_588' title='bbox 842 4441 895 4483; x_wconf 90' lang='lat' dir='ltr'><strong>et</strong></span> <span class='ocrx_word' id='word_1_589' title='bbox 929 4432 1120 4493; x_wconf 75' lang='lat' dir='ltr'><strong>Adam,</strong></span> <span class='ocrx_word' id='word_1_590' title='bbox 1158 4428 1249 4497; x_wconf 82' lang='lat' dir='ltr'><strong>qui</strong></span> <span class='ocrx_word' id='word_1_591' title='bbox 1307 4431 1468 4483; x_wconf 87' lang='lat' dir='ltr'><strong>creati</strong></span> <span class='ocrx_word' id='word_1_592' title='bbox 1504 4428 1717 4482; x_wconf 76' lang='lat' dir='ltr'><strong>fuerunt</strong></span> 
     </span>
    </p>
   </div>
   <div class='ocr_carea' id='block_1_92' title="bbox 184 4499 1717 4568">
    <p class='ocr_par' dir='ltr' id='par_1_92' title="bbox 184 4499 1717 4568">
     <span class='ocr_line' id='line_1_92' title="bbox 184 4499 1717 4568; baseline -0.004 -13"><span class='ocrx_word' id='word_1_593' title='bbox 184 4504 297 4555; x_wconf 87' lang='lat' dir='ltr'><strong>sine</strong></span> <span class='ocrx_word' id='word_1_594' title='bbox 362 4513 579 4567; x_wconf 83' lang='lat' dir='ltr'><strong>peccato</strong></span> <span class='ocrx_word' id='word_1_595' title='bbox 640 4499 907 4568; x_wconf 88' lang='lat' dir='ltr'><strong>originali.</strong></span> <span class='ocrx_word' id='word_1_596' title='bbox 970 4517 998 4568; x_wconf 66' lang='grc' dir='ltr'><strong>ι</strong></span> <span class='ocrx_word' id='word_1_597' title='bbox 1050 4500 1406 4551; x_wconf 88' lang='lat' dir='ltr'><strong>Bernardinus</strong></span> <span class='ocrx_word' id='word_1_598' title='bbox 1470 4499 1593 4568; x_wconf 87' lang='lat' dir='ltr'><strong>item</strong></span> <span class='ocrx_word' id='word_1_599' title='bbox 1656 4502 1717 4550; x_wconf 89' lang='lat' dir='ltr'><strong>de</strong></span> 
     </span>
    </p>
   </div>
   <div class='ocr_carea' id='block_1_93' title="bbox 185 4567 1713 4636">
    <p class='ocr_par' dir='ltr' id='par_1_93' title="bbox 185 4567 1713 4636">
     <span class='ocr_line' id='line_1_93' title="bbox 185 4567 1713 4636; baseline -0.005 -12"><span class='ocrx_word' id='word_1_600' title='bbox 185 4568 344 4624; x_wconf 83' lang='lat' dir='ltr'><strong>Busto</strong></span> <span class='ocrx_word' id='word_1_601' title='bbox 365 4570 417 4621; x_wconf 92' lang='lat' dir='ltr'><strong>in</strong></span> <span class='ocrx_word' id='word_1_602' title='bbox 445 4567 659 4620; x_wconf 74' lang='grc' dir='ltr'>Μαι-ἱαιί</span> <span class='ocrx_word' id='word_1_603' title='bbox 704 4567 865 4621; x_wconf 82' lang='lat' dir='ltr'><strong>serm.</strong></span> <span class='ocrx_word' id='word_1_604' title='bbox 896 4569 931 4620; x_wconf 75' lang='grc'><strong>2</strong></span> <span class='ocrx_word' id='word_1_605' title='bbox 970 4567 1036 4636; x_wconf 76' lang='lat' dir='ltr'><strong>de</strong></span> <span class='ocrx_word' id='word_1_606' title='bbox 1081 4577 1325 4636; x_wconf 84' lang='lat' dir='ltr'><strong>concept.</strong></span> <span class='ocrx_word' id='word_1_607' title='bbox 1357 4568 1409 4619; x_wconf 92' lang='lat' dir='ltr'><strong>in</strong></span> <span class='ocrx_word' id='word_1_608' title='bbox 1462 4567 1573 4636; x_wconf 83' lang='lat' dir='ltr'><strong>line</strong></span> <span class='ocrx_word' id='word_1_609' title='bbox 1601 4567 1713 4622; x_wconf 87' lang='lat' dir='ltr'><strong>ait.:</strong></span> 
     </span>
    </p>
   </div>
   <div class='ocr_carea' id='block_1_94' title="bbox 190 4634 1716 4706">
    <p class='ocr_par' dir='ltr' id='par_1_94' title="bbox 190 4634 1716 4706">
     <span class='ocr_line' id='line_1_94' title="bbox 190 4634 1716 4706; baseline -0.002 -18"><span class='ocrx_word' id='word_1_610' title='bbox 190 4640 347 4693; x_wconf 66' lang='lat' dir='ltr'><strong>«Cum</strong></span> <span class='ocrx_word' id='word_1_611' title='bbox 380 4652 565 4706; x_wconf 85' lang='lat' dir='ltr'><strong>omnes</strong></span> <span class='ocrx_word' id='word_1_612' title='bbox 618 4637 835 4691; x_wconf 81' lang='lat' dir='ltr'><strong>credant</strong></span> <span class='ocrx_word' id='word_1_613' title='bbox 879 4636 937 4688; x_wconf 88' lang='grc' dir='ltr'><strong>Β.</strong></span> <span class='ocrx_word' id='word_1_614' title='bbox 991 4634 1264 4706; x_wconf 84' lang='lat' dir='ltr'><strong>Virginem</strong></span> <span class='ocrx_word' id='word_1_615' title='bbox 1284 4638 1499 4706; x_wconf 76' lang='lat' dir='ltr'><strong>Mariam</strong></span> <span class='ocrx_word' id='word_1_616' title='bbox 1545 4634 1716 4706; x_wconf 71' lang='lat' dir='ltr'><strong>tuisse</strong></span> 
     </span>
    </p>
   </div>
   <div class='ocr_carea' id='block_1_95' title="bbox 188 4704 1712 4770">
    <p class='ocr_par' dir='ltr' id='par_1_95' title="bbox 188 4704 1712 4770">
     <span class='ocr_line' id='line_1_95' title="bbox 188 4704 1712 4770; baseline -0.005 -11"><span class='ocrx_word' id='word_1_617' title='bbox 188 4710 429 4761; x_wconf 84' lang='lat' dir='ltr'><strong>idoneam</strong></span> <span class='ocrx_word' id='word_1_618' title='bbox 470 4705 691 4759; x_wconf 74' lang='lat' dir='ltr'><strong>Matrem</strong></span> <span class='ocrx_word' id='word_1_619' title='bbox 726 4706 835 4767; x_wconf 89' lang='lat' dir='ltr'><strong>Dei,</strong></span> <span class='ocrx_word' id='word_1_620' title='bbox 863 4706 1057 4759; x_wconf 87' lang='lat' dir='ltr'><strong>debent</strong></span> <span class='ocrx_word' id='word_1_621' title='bbox 1090 4704 1261 4758; x_wconf 73' lang='lat' dir='ltr'><strong>etiam</strong></span> <span class='ocrx_word' id='word_1_622' title='bbox 1304 4705 1514 4757; x_wconf 83' lang='lat' dir='ltr'><strong>credere</strong></span> <span class='ocrx_word' id='word_1_623' title='bbox 1544 4704 1712 4770; x_wconf 87' lang='lat' dir='ltr'><strong>ipsam</strong></span> 
     </span>
    </p>
   </div>
   <div class='ocr_carea' id='block_1_96' title="bbox 185 4771 1717 4839">
    <p class='ocr_par' dir='ltr' id='par_1_96' title="bbox 185 4771 1717 4839">
     <span class='ocr_line' id='line_1_96' title="bbox 185 4771 1717 4839; baseline -0.006 -9"><span class='ocrx_word' id='word_1_624' title='bbox 185 4777 352 4831; x_wconf 69' lang='lat' dir='ltr'><strong>fuisse</strong></span> <span class='ocrx_word' id='word_1_625' title='bbox 377 4774 665 4827; x_wconf 88' lang='lat' dir='ltr'><strong>immunem</strong></span> <span class='ocrx_word' id='word_1_626' title='bbox 697 4774 764 4826; x_wconf 88' lang='lat' dir='ltr'><strong>ab</strong></span> <span class='ocrx_word' id='word_1_627' title='bbox 812 4774 958 4826; x_wconf 87' lang='lat' dir='ltr'><strong>omni</strong></span> <span class='ocrx_word' id='word_1_628' title='bbox 993 4773 1108 4825; x_wconf 84' lang='lat' dir='ltr'><strong>labe</strong></span> <span class='ocrx_word' id='word_1_629' title='bbox 1139 4774 1358 4839; x_wconf 83' lang='lat' dir='ltr'><strong>peccati,</strong></span> <span class='ocrx_word' id='word_1_630' title='bbox 1391 4771 1515 4839; x_wconf 88' lang='lat' dir='ltr'><strong>quia</strong></span> <span class='ocrx_word' id='word_1_631' title='bbox 1563 4773 1717 4823; x_wconf 89' lang='lat' dir='ltr'><strong>aliter</strong></span> 
     </span>
    </p>
   </div>
   <div class='ocr_carea' id='block_1_97' title="bbox 185 4839 1716 4911">
    <p class='ocr_par' dir='ltr' id='par_1_97' title="bbox 185 4839 1716 4911">
     <span class='ocr_line' id='line_1_97' title="bbox 185 4839 1716 4911; baseline -0.004 -15"><span class='ocrx_word' id='word_1_632' title='bbox 185 4860 291 4897; x_wconf 89' lang='lat' dir='ltr'><strong>non</strong></span> <span class='ocrx_word' id='word_1_633' title='bbox 327 4843 514 4897; x_wconf 77' lang='lat' dir='ltr'><strong>luisset</strong></span> <span class='ocrx_word' id='word_1_634' title='bbox 532 4856 765 4911; x_wconf 85' lang='lat' dir='ltr'><strong>congrua</strong></span> <span class='ocrx_word' id='word_1_635' title='bbox 797 4842 962 4895; x_wconf 77' lang='lat' dir='ltr'><strong>Mater</strong></span> <span class='ocrx_word' id='word_1_636' title='bbox 992 4841 1208 4911; x_wconf 76' lang='lat' dir='ltr'><strong>Christi.</strong></span> <span class='ocrx_word' id='word_1_637' title='bbox 1231 4861 1248 4891; x_wconf 85' lang='grc'><strong>›</strong></span> <span class='ocrx_word' id='word_1_638' title='bbox 1276 4842 1557 4911; x_wconf 64' lang='lat' dir='ltr'><strong>Consonat</strong></span> <span class='ocrx_word' id='word_1_639' title='bbox 1590 4839 1716 4911; x_wconf 71' lang='lat' dir='ltr'><strong>Dar-</strong></span> 
     </span>
    </p>
   </div>
   <div class='ocr_carea' id='block_1_98' title="bbox 136 4908 1773 4971">
    <p class='ocr_par' dir='ltr' id='par_1_98' title="bbox 136 4908 1773 4971">
     <span class='ocr_line' id='line_1_98' title="bbox 136 4908 1773 4971; baseline -0.002 -9"><span class='ocrx_word' id='word_1_640' title='bbox 136 4944 137 4947; x_wconf 60' lang='grc' dir='ltr'><strong>η</strong></span> <span class='ocrx_word' id='word_1_641' title='bbox 187 4913 486 4965; x_wconf 86' lang='lat' dir='ltr'><strong>tholomeus</strong></span> <span class='ocrx_word' id='word_1_642' title='bbox 531 4908 758 4964; x_wconf 73' lang='lat' dir='ltr'><strong>Pisanus</strong></span> <span class='ocrx_word' id='word_1_643' title='bbox 780 4911 855 4964; x_wconf 80' lang='lat' dir='ltr'><strong>De</strong></span> <span class='ocrx_word' id='word_1_644' title='bbox 876 4910 1021 4964; x_wconf 81' lang='lat' dir='ltr'><strong>laud.</strong></span> <span class='ocrx_word' id='word_1_645' title='bbox 1064 4910 1125 4961; x_wconf 81' lang='grc' dir='ltr'><strong>Β.</strong></span> <span class='ocrx_word' id='word_1_646' title='bbox 1166 4910 1222 4963; x_wconf 79' lang='grc' dir='ltr'><strong>ι’.</strong></span> <span class='ocrx_word' id='word_1_647' title='bbox 1267 4910 1438 4961; x_wconf 80' lang='lat' dir='ltr'><strong>fructu</strong></span> <span class='ocrx_word' id='word_1_648' title='bbox 1495 4908 1545 4971; x_wconf 92' lang='lat'><strong>7,</strong></span> <span class='ocrx_word' id='word_1_649' title='bbox 1587 4909 1713 4961; x_wconf 92' lang='lat' dir='ltr'><strong>dum</strong></span> <span class='ocrx_word' id='word_1_650' title='bbox 1761 4929 1773 4942; x_wconf 87' lang='lat'><strong>-</strong></span> 
     </span>
    </p>
   </div>
   <div class='ocr_carea' id='block_1_99' title="bbox 183 4976 1715 5037">
    <p class='ocr_par' dir='ltr' id='par_1_99' title="bbox 183 4976 1715 5037">
     <span class='ocr_line' id='line_1_99' title="bbox 183 4976 1715 5037; baseline -0.005 -3"><span class='ocrx_word' id='word_1_651' title='bbox 183 4981 370 5034; x_wconf 87' lang='lat' dir='ltr'><strong>scribit</strong></span> <span class='ocrx_word' id='word_1_652' title='bbox 404 4999 416 5031; x_wconf 92' lang='lat'><strong>:</strong></span> <span class='ocrx_word' id='word_1_653' title='bbox 451 4999 468 5029; x_wconf 77' lang='grc' dir='ltr'><strong>ι</strong></span> <span class='ocrx_word' id='word_1_654' title='bbox 510 4980 624 5031; x_wconf 73' lang='lat' dir='ltr'><strong>Non</strong></span> <span class='ocrx_word' id='word_1_655' title='bbox 662 4981 762 5035; x_wconf 80' lang='lat' dir='ltr'><strong>fuit</strong></span> <span class='ocrx_word' id='word_1_656' title='bbox 786 4980 1102 5035; x_wconf 85' lang='lat' dir='ltr'><strong>conveniens</strong></span> <span class='ocrx_word' id='word_1_657' title='bbox 1137 4980 1355 5032; x_wconf 80' lang='lat' dir='ltr'><strong>Matrem</strong></span> <span class='ocrx_word' id='word_1_658' title='bbox 1399 4977 1490 5029; x_wconf 90' lang='lat' dir='ltr'><strong>Dei</strong></span> <span class='ocrx_word' id='word_1_659' title='bbox 1546 4976 1715 5037; x_wconf 85' lang='lat' dir='ltr'><strong>addici</strong></span> 
     </span>
    </p>
   </div>
   <div class='ocr_carea' id='block_1_100' title="bbox 183 5044 1719 5115">
    <p class='ocr_par' dir='ltr' id='par_1_100' title="bbox 183 5044 1719 5115">
     <span class='ocr_line' id='line_1_100' title="bbox 183 5044 1719 5115; baseline -0.003 -15"><span class='ocrx_word' id='word_1_660' title='bbox 183 5049 344 5101; x_wconf 88' lang='lat' dir='ltr'><strong>morti</strong></span> <span class='ocrx_word' id='word_1_661' title='bbox 369 5049 600 5101; x_wconf 63' lang='lat' dir='ltr'><strong>mternali</strong></span> <span class='ocrx_word' id='word_1_662' title='bbox 632 5063 728 5115; x_wconf 91' lang='lat' dir='ltr'><strong>pro</strong></span> <span class='ocrx_word' id='word_1_663' title='bbox 756 5063 1072 5115; x_wconf 73' lang='lat' dir='ltr'><strong>quacunque</strong></span> <span class='ocrx_word' id='word_1_664' title='bbox 1118 5060 1362 5100; x_wconf 80' lang='lat' dir='ltr'><strong>mensura</strong></span> <span class='ocrx_word' id='word_1_665' title='bbox 1394 5061 1407 5096; x_wconf 85' lang='lat'><strong>:</strong></span> <span class='ocrx_word' id='word_1_666' title='bbox 1439 5061 1567 5115; x_wconf 85' lang='lat' dir='ltr'><strong>ergo</strong></span> <span class='ocrx_word' id='word_1_667' title='bbox 1608 5044 1719 5096; x_wconf 87' lang='lat' dir='ltr'><strong>ori-</strong></span> 
     </span>
    </p>
   </div>
   <div class='ocr_carea' id='block_1_101' title="bbox 182 5116 1715 5185">
    <p class='ocr_par' dir='ltr' id='par_1_101' title="bbox 182 5116 1715 5185">
     <span class='ocr_line' id='line_1_101' title="bbox 182 5116 1715 5185; baseline -0.003 -16"><span class='ocrx_word' id='word_1_668' title='bbox 182 5116 343 5183; x_wconf 88' lang='lat' dir='ltr'><strong>ginali</strong></span> <span class='ocrx_word' id='word_1_669' title='bbox 364 5118 554 5169; x_wconf 89' lang='lat' dir='ltr'><strong>caruit.</strong></span> <span class='ocrx_word' id='word_1_670' title='bbox 584 5119 708 5169; x_wconf 83' lang='lat' dir='ltr'><strong>Item</strong></span> <span class='ocrx_word' id='word_1_671' title='bbox 751 5116 998 5173; x_wconf 86' lang='lat' dir='ltr'><strong>Christus</strong></span> <span class='ocrx_word' id='word_1_672' title='bbox 1021 5116 1175 5185; x_wconf 84' lang='lat' dir='ltr'><strong>elegit</strong></span> <span class='ocrx_word' id='word_1_673' title='bbox 1202 5116 1415 5185; x_wconf 75' lang='lat' dir='ltr'><strong>Matrem</strong></span> <span class='ocrx_word' id='word_1_674' title='bbox 1467 5116 1715 5185; x_wconf 78' lang='lat' dir='ltr'><strong>incorru-</strong></span> 
     </span>
    </p>
   </div>
   <div class='ocr_carea' id='block_1_102' title="bbox 182 5182 1713 5305">
    <p class='ocr_par' dir='ltr' id='par_1_102' title="bbox 182 5182 1713 5305">
     <span class='ocr_line' id='line_1_102' title="bbox 182 5182 1713 5305; baseline -0.001 -68"><span class='ocrx_word' id='word_1_675' title='bbox 182 5194 332 5305; x_wconf 53' lang='lat' dir='ltr'><strong>ptam</strong></span> <span class='ocrx_word' id='word_1_676' title='bbox 383 5186 752 5264; x_wconf 71' lang='lat' dir='ltr'><strong>corporaliter,</strong></span> <span class='ocrx_word' id='word_1_677' title='bbox 786 5202 951 5255; x_wconf 86' lang='lat' dir='ltr'><strong>quare</strong></span> <span class='ocrx_word' id='word_1_678' title='bbox 1009 5195 1060 5238; x_wconf 92' lang='lat' dir='ltr'><strong>et</strong></span> <span class='ocrx_word' id='word_1_679' title='bbox 1097 5182 1489 5265; x_wconf 30' lang='lat' dir='ltr'><strong>spiritualitera</strong></span> <span class='ocrx_word' id='word_1_680' title='bbox 1520 5201 1541 5236; x_wconf 74' lang='lat' dir='ltr'><strong>a</strong></span> <span class='ocrx_word' id='word_1_681' title='bbox 1587 5182 1713 5263; x_wconf 71' lang='lat' dir='ltr'><strong>Item</strong></span> 
     </span>
     <span class='ocr_line' id='line_1_103' title="bbox 213 5252 1713 5305; baseline -0.001 0"><span class='ocrx_word' id='word_1_682' title='bbox 213 5268 414 5305; x_wconf 85' lang='lat' dir='ltr'><strong>oannes</strong></span> <span class='ocrx_word' id='word_1_683' title='bbox 442 5252 683 5305; x_wconf 72' lang='lat' dir='ltr'><strong>Vtaerms</strong></span> <span class='ocrx_word' id='word_1_684' title='bbox 727 5256 1005 5305; x_wconf 75' lang='lat' dir='ltr'><strong>theoloaus</strong></span> <span class='ocrx_word' id='word_1_685' title='bbox 1048 5255 1427 5305; x_wconf 83' lang='lat' dir='ltr'><strong>Donttnteanus</strong></span> <span class='ocrx_word' id='word_1_686' title='bbox 1476 5268 1529 5305; x_wconf 88' lang='lat' dir='ltr'><strong>tn</strong></span> <span class='ocrx_word' id='word_1_687' title='bbox 1580 5252 1713 5305; x_wconf 81' lang='lat' dir='ltr'><strong>libro</strong></span> 
     </span>
    </p>
   </div>
   <div class='ocr_carea' id='block_1_103' title="bbox 213 5252 1717 5323">
    <p class='ocr_par' dir='ltr' id='par_1_103' title="bbox 213 5252 1717 5323">
     <span class='ocr_line' id='line_1_104' title="bbox 213 5252 1717 5323; baseline -0.002 -17"><span class='ocrx_word' id='word_1_688' title='bbox 213 5252 683 5323; x_wconf 79' lang='lat' dir='ltr'><strong>oannesVigerins</strong></span> <span class='ocrx_word' id='word_1_689' title='bbox 727 5252 1005 5323; x_wconf 78' lang='lat' dir='ltr'><strong>theologus</strong></span> <span class='ocrx_word' id='word_1_690' title='bbox 1048 5252 1427 5323; x_wconf 75' lang='lat' dir='ltr'><strong>Dotninicanus</strong></span> <span class='ocrx_word' id='word_1_691' title='bbox 1476 5253 1529 5323; x_wconf 85' lang='lat' dir='ltr'><strong>in</strong></span> <span class='ocrx_word' id='word_1_692' title='bbox 1580 5252 1717 5323; x_wconf 89' lang='lat' dir='ltr'><strong>libro</strong></span> 
     </span>
    </p>
   </div>
   <div class='ocr_carea' id='block_1_104' title="bbox 182 5321 1717 5391">
    <p class='ocr_par' dir='ltr' id='par_1_104' title="bbox 182 5321 1717 5391">
     <span class='ocr_line' id='line_1_105' title="bbox 182 5321 1717 5391; baseline -0.001 -16"><span class='ocrx_word' id='word_1_693' title='bbox 182 5321 577 5375; x_wconf 34' lang='lat' dir='ltr'><strong>Institutionu’m</strong></span> <span class='ocrx_word' id='word_1_694' title='bbox 612 5324 783 5391; x_wconf 85' lang='lat' dir='ltr'><strong>rapite</strong></span> <span class='ocrx_word' id='word_1_695' title='bbox 815 5325 880 5391; x_wconf 82' lang='lat' dir='ltr'><strong>de</strong></span> <span class='ocrx_word' id='word_1_696' title='bbox 913 5321 1141 5391; x_wconf 18' lang='lat' dir='ltr'><strong>ipeCcato</strong></span> <span class='ocrx_word' id='word_1_697' title='bbox 1185 5321 1442 5391; x_wconf 73' lang='lat' dir='ltr'><strong>originali</strong></span> <span class='ocrx_word' id='word_1_698' title='bbox 1481 5322 1533 5373; x_wconf 90' lang='lat' dir='ltr'><strong>in</strong></span> <span class='ocrx_word' id='word_1_699' title='bbox 1558 5322 1717 5391; x_wconf 71' lang='lat' dir='ltr'><strong>hunc</strong></span> 
     </span>
    </p>
   </div>
   <div class='ocr_carea' id='block_1_105' title="bbox 183 5388 1789 5461">
    <p class='ocr_par' dir='ltr' id='par_1_105' title="bbox 183 5388 1789 5461">
     <span class='ocr_line' id='line_1_106' title="bbox 183 5388 1789 5461; baseline 0.001 -18"><span class='ocrx_word' id='word_1_700' title='bbox 183 5391 400 5461; x_wconf 85' lang='lat' dir='ltr'><strong>modum</strong></span> <span class='ocrx_word' id='word_1_701' title='bbox 452 5388 713 5460; x_wconf 71' lang='lat' dir='ltr'><strong>loquens:</strong></span> <span class='ocrx_word' id='word_1_702' title='bbox 759 5412 777 5442; x_wconf 78' lang='grc' dir='ltr'><strong>ι</strong></span> <span class='ocrx_word' id='word_1_703' title='bbox 828 5388 883 5443; x_wconf 91' lang='lat' dir='ltr'><strong>Si</strong></span> <span class='ocrx_word' id='word_1_704' title='bbox 910 5388 1138 5457; x_wconf 85' lang='lat' dir='ltr'><strong>dicatur,</strong></span> <span class='ocrx_word' id='word_1_705' title='bbox 1193 5388 1331 5461; x_wconf 73' lang='lat' dir='ltr'><strong>quod</strong></span> <span class='ocrx_word' id='word_1_706' title='bbox 1387 5389 1514 5442; x_wconf 86' lang='lat' dir='ltr'><strong>Diva</strong></span> <span class='ocrx_word' id='word_1_707' title='bbox 1558 5388 1717 5461; x_wconf 67' lang='lat' dir='ltr'><strong>\iirgo</strong></span> <span class='ocrx_word' id='word_1_708' title='bbox 1786 5442 1789 5445; x_wconf 38' lang='grc' dir='ltr'><strong>λ</strong></span> 
     </span>
    </p>
   </div>
   <div class='ocr_carea' id='block_1_106' title="bbox 186 5460 1717 5529">
    <p class='ocr_par' dir='ltr' id='par_1_106' title="bbox 186 5460 1717 5529">
     <span class='ocr_line' id='line_1_107' title="bbox 186 5460 1717 5529; baseline 0 -19"><span class='ocrx_word' id='word_1_709' title='bbox 186 5476 289 5529; x_wconf 77' lang='lat' dir='ltr'><strong>non</strong></span> <span class='ocrx_word' id='word_1_710' title='bbox 315 5460 499 5512; x_wconf 86' lang='lat' dir='ltr'><strong>habuit</strong></span> <span class='ocrx_word' id='word_1_711' title='bbox 540 5468 809 5528; x_wconf 85' lang='lat' dir='ltr'><strong>peccatum</strong></span> <span class='ocrx_word' id='word_1_712' title='bbox 844 5464 1119 5528; x_wconf 84' lang='lat' dir='ltr'><strong>originale,</strong></span> <span class='ocrx_word' id='word_1_713' title='bbox 1150 5460 1267 5515; x_wconf 86' lang='lat' dir='ltr'><strong>licet</strong></span> <span class='ocrx_word' id='word_1_714' title='bbox 1298 5460 1619 5529; x_wconf 81' lang='lat' dir='ltr'><strong>processerit</strong></span> <span class='ocrx_word' id='word_1_715' title='bbox 1649 5460 1717 5511; x_wconf 92' lang='lat' dir='ltr'><strong>ab</strong></span> 
     </span>
    </p>
   </div>
   <div class='ocr_carea' id='block_1_107' title="bbox 183 5526 1715 5591">
    <p class='ocr_par' dir='ltr' id='par_1_107' title="bbox 183 5526 1715 5591">
     <span class='ocr_line' id='line_1_108' title="bbox 183 5526 1715 5591; baseline -0.001 -10"><span class='ocrx_word' id='word_1_716' title='bbox 183 5527 349 5581; x_wconf 74' lang='lat' dir='ltr'><strong>Adam</strong></span> <span class='ocrx_word' id='word_1_717' title='bbox 404 5526 699 5583; x_wconf 83' lang='lat' dir='ltr'><strong>secundum</strong></span> <span class='ocrx_word' id='word_1_718' title='bbox 744 5526 1003 5583; x_wconf 77' lang='lat' dir='ltr'><strong>rationem</strong></span> <span class='ocrx_word' id='word_1_719' title='bbox 1062 5526 1391 5591; x_wconf 74' lang='lat' dir='ltr'><strong>sentin-atem,</strong></span> <span class='ocrx_word' id='word_1_720' title='bbox 1430 5526 1715 5580; x_wconf 89' lang='lat' dir='ltr'><strong>dicendum</strong></span> 
     </span>
    </p>
   </div>
   <div class='ocr_carea' id='block_1_108' title="bbox 184 5595 1716 5671">
    <p class='ocr_par' dir='ltr' id='par_1_108' title="bbox 184 5595 1716 5671">
     <span class='ocr_line' id='line_1_109' title="bbox 184 5595 1716 5671; baseline -0.001 -21"><span class='ocrx_word' id='word_1_721' title='bbox 184 5604 286 5662; x_wconf 77' lang='lat' dir='ltr'><strong>est,</strong></span> <span class='ocrx_word' id='word_1_722' title='bbox 310 5598 447 5665; x_wconf 90' lang='lat' dir='ltr'><strong>quod</strong></span> <span class='ocrx_word' id='word_1_723' title='bbox 483 5600 593 5665; x_wconf 87' lang='lat' dir='ltr'><strong>ipsa</strong></span> <span class='ocrx_word' id='word_1_724' title='bbox 630 5603 742 5651; x_wconf 86' lang='lat' dir='ltr'><strong>sola</strong></span> <span class='ocrx_word' id='word_1_725' title='bbox 790 5600 1005 5669; x_wconf 79' lang='lat' dir='ltr'><strong>speciali</strong></span> <span class='ocrx_word' id='word_1_726' title='bbox 1058 5600 1223 5669; x_wconf 87' lang='lat' dir='ltr'><strong>gratia</strong></span> <span class='ocrx_word' id='word_1_727' title='bbox 1248 5604 1513 5667; x_wconf 66' lang='lat' dir='ltr'><strong>praeventa</strong></span> <span class='ocrx_word' id='word_1_728' title='bbox 1542 5595 1641 5651; x_wconf 77' lang='lat' dir='ltr'><strong>iuit</strong></span> <span class='ocrx_word' id='word_1_729' title='bbox 1663 5606 1716 5671; x_wconf 85' lang='lat' dir='ltr'><strong>et</strong></span> 
     </span>
    </p>
   </div>
   <div class='ocr_carea' id='block_1_109' title="bbox 379 5687 947 5749">
    <p class='ocr_par' dir='ltr' id='par_1_109' title="bbox 379 5687 947 5749">
     <span class='ocr_line' id='line_1_110' title="bbox 379 5687 947 5749; baseline 0.005 -4"><span class='ocrx_word' id='word_1_730' title='bbox 379 5687 645 5747; x_wconf 70' lang='grc' dir='ltr'>Ριτιιοι..</span> <span class='ocrx_word' id='word_1_731' title='bbox 683 5689 797 5747; x_wconf 76' lang='lat' dir='ltr'><strong>Gn.</strong></span> <span class='ocrx_word' id='word_1_732' title='bbox 828 5690 947 5749; x_wconf 84' lang='lat' dir='ltr'><strong>CV.</strong></span> 
     </span>
    </p>
   </div>
   <div class='ocr_carea' id='block_1_110' title="bbox 1822 4364 3358 4437">
    <p class='ocr_par' dir='ltr' id='par_1_110' title="bbox 1822 4364 3358 4437">
     <span class='ocr_line' id='line_1_111' title="bbox 1822 4364 3358 4437; baseline 0.007 -24"><span class='ocrx_word' id='word_1_733' title='bbox 1822 4364 2092 4437; x_wconf 77' lang='lat' dir='ltr'><strong>indignum</strong></span> <span class='ocrx_word' id='word_1_734' title='bbox 2123 4366 2417 4437; x_wconf 75' lang='lat' dir='ltr'><strong>computari</strong></span> <span class='ocrx_word' id='word_1_735' title='bbox 2440 4366 2540 4437; x_wconf 86' lang='lat' dir='ltr'><strong>sub</strong></span> <span class='ocrx_word' id='word_1_736' title='bbox 2583 4366 2789 4419; x_wconf 86' lang='lat' dir='ltr'><strong>macula</strong></span> <span class='ocrx_word' id='word_1_737' title='bbox 2827 4378 2876 4420; x_wconf 83' lang='lat' dir='ltr'><strong>et</strong></span> <span class='ocrx_word' id='word_1_738' title='bbox 2925 4364 3093 4437; x_wconf 74' lang='lat' dir='ltr'><strong>fetore</strong></span> <span class='ocrx_word' id='word_1_739' title='bbox 3134 4372 3358 4437; x_wconf 80' lang='lat' dir='ltr'><strong>peccati,</strong></span> 
     </span>
    </p>
   </div>
   <div class='ocr_carea' id='block_1_111' title="bbox 1819 4431 3358 4503">
    <p class='ocr_par' dir='ltr' id='par_1_111' title="bbox 1819 4431 3358 4503">
     <span class='ocr_line' id='line_1_112' title="bbox 1819 4431 3358 4503; baseline 0.005 -18"><span class='ocrx_word' id='word_1_740' title='bbox 1819 4446 1873 4485; x_wconf 82' lang='lat' dir='ltr'><strong>et</strong></span> <span class='ocrx_word' id='word_1_741' title='bbox 1896 4434 1996 4486; x_wconf 87' lang='lat' dir='ltr'><strong>sub</strong></span> <span class='ocrx_word' id='word_1_742' title='bbox 2038 4434 2134 4503; x_wconf 20' lang='lat' dir='ltr'><strong>ira;</strong></span> <span class='ocrx_word' id='word_1_743' title='bbox 2161 4431 2575 4503; x_wconf 80' lang='lat' dir='ltr'><strong>omnipotentis,</strong></span> <span class='ocrx_word' id='word_1_744' title='bbox 2647 4450 2839 4502; x_wconf 77' lang='lat' dir='ltr'><strong>magna</strong></span> <span class='ocrx_word' id='word_1_745' title='bbox 2894 4431 3148 4503; x_wconf 56' lang='lat' dir='ltr'><strong>profecto&#39;</strong></span> <span class='ocrx_word' id='word_1_746' title='bbox 3180 4431 3358 4493; x_wconf 55' lang='lat' dir='ltr'><strong>dissoé</strong></span> 
     </span>
    </p>
   </div>
   <div class='ocr_carea' id='block_1_112' title="bbox 1821 4500 3356 4570">
    <p class='ocr_par' dir='ltr' id='par_1_112' title="bbox 1821 4500 3356 4570">
     <span class='ocr_line' id='line_1_113' title="bbox 1821 4500 3356 4570; baseline 0.006 -17"><span class='ocrx_word' id='word_1_747' title='bbox 1821 4502 2000 4554; x_wconf 86' lang='lat' dir='ltr'><strong>nantia</strong></span> <span class='ocrx_word' id='word_1_748' title='bbox 2039 4500 2338 4570; x_wconf 65' lang='lat' dir='ltr'><strong>otiendorf</strong></span> <span class='ocrx_word' id='word_1_749' title='bbox 2395 4505 2494 4570; x_wconf 74' lang='lat' dir='ltr'><strong>piae.</strong></span> <span class='ocrx_word' id='word_1_750' title='bbox 2551 4504 2693 4555; x_wconf 89' lang='lat' dir='ltr'><strong>enim</strong></span> <span class='ocrx_word' id='word_1_751' title='bbox 2741 4500 2923 4558; x_wconf 30' lang='lat' dir='ltr'><strong>ranre&#39;s</strong></span> <span class='ocrx_word' id='word_1_752' title='bbox 2973 4507 3356 4570; x_wconf 86' lang='lat' dir='ltr'><strong>cacophoniatn</strong></span> 
     </span>
    </p>
   </div>
   <div class='ocr_carea' id='block_1_113' title="bbox 1820 4568 3359 4637">
    <p class='ocr_par' dir='ltr' id='par_1_113' title="bbox 1820 4568 3359 4637">
     <span class='ocr_line' id='line_1_114' title="bbox 1820 4568 3359 4637; baseline 0.006 -16"><span class='ocrx_word' id='word_1_753' title='bbox 1820 4570 1974 4623; x_wconf 88' lang='lat' dir='ltr'><strong>istam</strong></span> <span class='ocrx_word' id='word_1_754' title='bbox 2026 4568 2175 4621; x_wconf 77' lang='lat' dir='ltr'><strong>facile</strong></span> <span class='ocrx_word' id='word_1_755' title='bbox 2207 4568 2463 4634; x_wconf 77' lang='lat' dir='ltr'><strong>sentiunt,</strong></span> <span class='ocrx_word' id='word_1_756' title='bbox 2496 4585 2617 4623; x_wconf 92' lang='lat' dir='ltr'><strong>cum</strong></span> <span class='ocrx_word' id='word_1_757' title='bbox 2664 4572 2790 4633; x_wconf 84' lang='lat' dir='ltr'><strong>hinc</strong></span> <span class='ocrx_word' id='word_1_758' title='bbox 2824 4571 3041 4625; x_wconf 74' lang='lat' dir='ltr'><strong>Matrem</strong></span> <span class='ocrx_word' id='word_1_759' title='bbox 3079 4568 3192 4637; x_wconf 82' lang='lat' dir='ltr'><strong>Dei.</strong></span> <span class='ocrx_word' id='word_1_760' title='bbox 3236 4576 3359 4629; x_wconf 85' lang='lat' dir='ltr'><strong>inde</strong></span> 
     </span>
    </p>
   </div>
   <div class='ocr_carea' id='block_1_114' title="bbox 1821 4638 3356 4705">
    <p class='ocr_par' dir='ltr' id='par_1_114' title="bbox 1821 4638 3356 4705">
     <span class='ocr_line' id='line_1_115' title="bbox 1821 4638 3356 4705; baseline 0.006 -17"><span class='ocrx_word' id='word_1_761' title='bbox 1821 4638 1964 4697; x_wconf 85' lang='lat' dir='ltr'><strong>illam</strong></span> <span class='ocrx_word' id='word_1_762' title='bbox 1982 4638 2150 4705; x_wconf 80' lang='lat' dir='ltr'><strong>ipsam</strong></span> <span class='ocrx_word' id='word_1_763' title='bbox 2173 4638 2275 4691; x_wconf 88' lang='lat' dir='ltr'><strong>sub</strong></span> <span class='ocrx_word' id='word_1_764' title='bbox 2294 4638 2369 4691; x_wconf 85' lang='lat' dir='ltr'><strong>ira</strong></span> <span class='ocrx_word' id='word_1_765' title='bbox 2391 4639 2875 4701; x_wconf 69' lang='lat' dir='ltr'><strong>Dei,audinnrhinc</strong></span> <span class='ocrx_word' id='word_1_766' title='bbox 2898 4655 3113 4695; x_wconf 82' lang='lat' dir='ltr'><strong>rursum</strong></span> <span class='ocrx_word' id='word_1_767' title='bbox 3132 4652 3356 4697; x_wconf 83' lang='lat' dir='ltr'><strong>matrem</strong></span> 
     </span>
    </p>
   </div>
   <div class='ocr_carea' id='block_1_115' title="bbox 1821 4706 3355 4779">
    <p class='ocr_par' dir='ltr' id='par_1_115' title="bbox 1821 4706 3355 4779">
     <span class='ocr_line' id='line_1_116' title="bbox 1821 4706 3355 4779; baseline 0.007 -23"><span class='ocrx_word' id='word_1_768' title='bbox 1821 4706 1932 4779; x_wconf 73' lang='lat' dir='ltr'><strong>Dei,</strong></span> <span class='ocrx_word' id='word_1_769' title='bbox 1954 4707 2074 4779; x_wconf 80' lang='lat' dir='ltr'><strong>inde</strong></span> <span class='ocrx_word' id='word_1_770' title='bbox 2106 4707 2205 4758; x_wconf 90' lang='lat' dir='ltr'><strong>sub</strong></span> <span class='ocrx_word' id='word_1_771' title='bbox 2240 4708 2431 4779; x_wconf 72' lang='lat' dir='ltr'><strong>fece_et</strong></span> <span class='ocrx_word' id='word_1_772' title='bbox 2462 4710 2628 4779; x_wconf 81' lang='lat' dir='ltr'><strong>t&#39;etore</strong></span> <span class='ocrx_word' id='word_1_773' title='bbox 2671 4709 3234 4779; x_wconf 80' lang='lat' dir='ltr'><strong>peccati,Neqnevero</strong></span> <span class='ocrx_word' id='word_1_774' title='bbox 3253 4713 3355 4777; x_wconf 79' lang='lat' dir='ltr'><strong>du-</strong></span> 
     </span>
    </p>
   </div>
   <div class='ocr_carea' id='block_1_116' title="bbox 1822 4775 3358 4848">
    <p class='ocr_par' dir='ltr' id='par_1_116' title="bbox 1822 4775 3358 4848">
     <span class='ocr_line' id='line_1_117' title="bbox 1822 4775 3358 4848; baseline 0.005 -21"><span class='ocrx_word' id='word_1_775' title='bbox 1822 4775 2291 4848; x_wconf 80' lang='lat' dir='ltr'><strong>bito,si_secta_rn_m</strong></span> <span class='ocrx_word' id='word_1_776' title='bbox 2313 4775 2592 4848; x_wconf 69' lang='lat' dir='ltr'><strong>aﬂ‘ectione</strong></span> <span class='ocrx_word' id='word_1_777' title='bbox 2614 4775 2837 4848; x_wconf 75' lang='lat' dir='ltr'><strong>semota,</strong></span> <span class='ocrx_word' id='word_1_778' title='bbox 2874 4775 3032 4848; x_wconf 82' lang='lat' dir='ltr'><strong>etiam</strong></span> <span class='ocrx_word' id='word_1_779' title='bbox 3064 4780 3295 4848; x_wconf 85' lang='lat' dir='ltr'><strong>vosipsi,</strong></span> <span class='ocrx_word' id='word_1_780' title='bbox 3320 4775 3358 4834; x_wconf 75' lang='grc' dir='ltr'><strong>ὐ</strong></span> 
     </span>
    </p>
   </div>
   <div class='ocr_carea' id='block_1_117' title="bbox 1822 4842 3354 4909">
    <p class='ocr_par' dir='ltr' id='par_1_117' title="bbox 1822 4842 3354 4909">
     <span class='ocr_line' id='line_1_118' title="bbox 1822 4842 3354 4909; baseline 0.005 -15"><span class='ocrx_word' id='word_1_781' title='bbox 1822 4842 2178 4895; x_wconf 85' lang='lat' dir='ltr'><strong>amantissimi</strong></span> <span class='ocrx_word' id='word_1_782' title='bbox 2215 4843 2429 4909; x_wconf 81' lang='lat' dir='ltr'><strong>fratres,</strong></span> <span class='ocrx_word' id='word_1_783' title='bbox 2464 4846 2516 4898; x_wconf 91' lang='lat' dir='ltr'><strong>in</strong></span> <span class='ocrx_word' id='word_1_784' title='bbox 2569 4846 2825 4900; x_wconf 83' lang='lat' dir='ltr'><strong>cordibus</strong></span> <span class='ocrx_word' id='word_1_785' title='bbox 2847 4846 3038 4899; x_wconf 74' lang='lat' dir='ltr'><strong>Vestris</strong></span> <span class='ocrx_word' id='word_1_786' title='bbox 3081 4842 3209 4899; x_wconf 65' lang='lat' dir='ltr'><strong>rem&#39;</strong></span> <span class='ocrx_word' id='word_1_787' title='bbox 3234 4842 3354 4902; x_wconf 86' lang='lat' dir='ltr'><strong>eam</strong></span> 
     </span>
    </p>
   </div>
   <div class='ocr_carea' id='block_1_118' title="bbox 1821 4912 3355 4981">
    <p class='ocr_par' dir='ltr' id='par_1_118' title="bbox 1821 4912 3355 4981">
     <span class='ocr_line' id='line_1_119' title="bbox 1821 4912 3355 4981; baseline 0.004 -18"><span class='ocrx_word' id='word_1_788' title='bbox 1821 4912 2491 4981; x_wconf 74' lang='lat' dir='ltr'><strong>tranquilliustractare-tis,</strong></span> <span class='ocrx_word' id='word_1_789' title='bbox 2513 4915 2696 4981; x_wconf 81' lang='lat' dir='ltr'><strong>procul</strong></span> <span class='ocrx_word' id='word_1_790' title='bbox 2713 4913 2878 4967; x_wconf 83' lang='lat' dir='ltr'><strong>dubio</strong></span> <span class='ocrx_word' id='word_1_791' title='bbox 2904 4916 3042 4970; x_wconf 87' lang='lat' dir='ltr'><strong>hanc</strong></span> <span class='ocrx_word' id='word_1_792' title='bbox 3070 4912 3355 4971; x_wconf 82' lang='lat' dir='ltr'><strong>absurdam</strong></span> 
     </span>
    </p>
   </div>
   <div class='ocr_carea' id='block_1_119' title="bbox 1819 4979 3356 5048">
    <p class='ocr_par' dir='ltr' id='par_1_119' title="bbox 1819 4979 3356 5048">
     <span class='ocr_line' id='line_1_120' title="bbox 1819 4979 3356 5048; baseline 0.004 -17"><span class='ocrx_word' id='word_1_793' title='bbox 1819 4979 2208 5032; x_wconf 81' lang='lat' dir='ltr'><strong>dissonantiam</strong></span> <span class='ocrx_word' id='word_1_794' title='bbox 2240 4979 2532 5037; x_wconf 57' lang='lat' dir='ltr'><strong>sentiretis;</strong></span> <span class='ocrx_word' id='word_1_795' title='bbox 2560 4982 2627 5039; x_wconf 78' lang='lat' dir='ltr'><strong>At</strong></span> <span class='ocrx_word' id='word_1_796' title='bbox 2649 4983 2774 5048; x_wconf 85' lang='lat' dir='ltr'><strong>quia</strong></span> <span class='ocrx_word' id='word_1_797' title='bbox 2811 4999 2951 5037; x_wconf 88' lang='lat' dir='ltr'><strong>nunc</strong></span> <span class='ocrx_word' id='word_1_798' title='bbox 2978 4987 3356 5048; x_wconf 79' lang='lat' dir='ltr'><strong>magistrorum</strong></span> 
     </span>
    </p>
   </div>
   <div class='ocr_carea' id='block_1_120' title="bbox 1821 5048 3356 5119">
    <p class='ocr_par' dir='ltr' id='par_1_120' title="bbox 1821 5048 3356 5119">
     <span class='ocr_line' id='line_1_121' title="bbox 1821 5048 3356 5119; baseline 0.003 -20"><span class='ocrx_word' id='word_1_799' title='bbox 1821 5048 2202 5103; x_wconf 86' lang='lat' dir='ltr'><strong>traditionibus</strong></span> <span class='ocrx_word' id='word_1_800' title='bbox 2269 5051 2484 5114; x_wconf 82' lang='lat' dir='ltr'><strong>addicti,</strong></span> <span class='ocrx_word' id='word_1_801' title='bbox 2536 5062 2696 5119; x_wconf 86' lang='lat' dir='ltr'><strong>atque</strong></span> <span class='ocrx_word' id='word_1_802' title='bbox 2752 5051 2954 5105; x_wconf 87' lang='lat' dir='ltr'><strong>idcirco</strong></span> <span class='ocrx_word' id='word_1_803' title='bbox 2990 5048 3125 5106; x_wconf 83' lang='lat' dir='ltr'><strong>male</strong></span> <span class='ocrx_word' id='word_1_804' title='bbox 3184 5053 3356 5106; x_wconf 68' lang='lat' dir='ltr'><strong>allecti</strong></span> 
     </span>
    </p>
   </div>
   <div class='ocr_carea' id='block_1_121' title="bbox 1821 5119 3362 5190">
    <p class='ocr_par' dir='ltr' id='par_1_121' title="bbox 1821 5119 3362 5190">
     <span class='ocr_line' id='line_1_122' title="bbox 1821 5119 3362 5190; baseline 0.001 -20"><span class='ocrx_word' id='word_1_805' title='bbox 1821 5125 1948 5170; x_wconf 89' lang='lat' dir='ltr'><strong>sunt</strong></span> <span class='ocrx_word' id='word_1_806' title='bbox 1989 5119 2230 5190; x_wconf 75' lang='lat' dir='ltr'><strong>quidam,</strong></span> <span class='ocrx_word' id='word_1_807' title='bbox 2269 5120 2344 5173; x_wconf 93' lang='lat' dir='ltr'><strong>nil</strong></span> <span class='ocrx_word' id='word_1_808' title='bbox 2376 5120 2567 5190; x_wconf 83' lang='lat' dir='ltr'><strong>niir_um</strong></span> <span class='ocrx_word' id='word_1_809' title='bbox 2597 5120 2646 5190; x_wconf 86' lang='lat' dir='ltr'><strong>si</strong></span> <span class='ocrx_word' id='word_1_810' title='bbox 2678 5131 2708 5173; x_wconf 89' lang='lat' dir='ltr'><strong>a</strong></span> <span class='ocrx_word' id='word_1_811' title='bbox 2741 5134 2816 5190; x_wconf 71' lang='lat' dir='ltr'><strong>re,</strong></span> <span class='ocrx_word' id='word_1_812' title='bbox 2838 5119 3183 5190; x_wconf 85' lang='lat' dir='ltr'><strong>quantumvis</strong></span> <span class='ocrx_word' id='word_1_813' title='bbox 3205 5122 3362 5174; x_wconf 68' lang='lat' dir='ltr'><strong>abm-</strong></span> 
     </span>
    </p>
   </div>
   <div class='ocr_carea' id='block_1_122' title="bbox 1821 5186 3355 5253">
    <p class='ocr_par' dir='ltr' id='par_1_122' title="bbox 1821 5186 3355 5253">
     <span class='ocr_line' id='line_1_123' title="bbox 1821 5186 3355 5253; baseline 0.001 -16"><span class='ocrx_word' id='word_1_814' title='bbox 1821 5198 1909 5249; x_wconf 86' lang='lat' dir='ltr'><strong>na,</strong></span> <span class='ocrx_word' id='word_1_815' title='bbox 1957 5200 2063 5237; x_wconf 90' lang='lat' dir='ltr'><strong>non</strong></span> <span class='ocrx_word' id='word_1_816' title='bbox 2115 5188 2412 5253; x_wconf 80' lang='lat' dir='ltr'><strong>patiuntur.</strong></span> <span class='ocrx_word' id='word_1_817' title='bbox 2456 5186 2607 5252; x_wconf 83' lang='lat' dir='ltr'><strong>Quod</strong></span> <span class='ocrx_word' id='word_1_818' title='bbox 2655 5190 2701 5242; x_wconf 87' lang='lat' dir='ltr'><strong>si</strong></span> <span class='ocrx_word' id='word_1_819' title='bbox 2746 5186 2887 5243; x_wconf 74' lang='lat' dir='ltr'><strong>forte</strong></span> <span class='ocrx_word' id='word_1_820' title='bbox 2928 5204 3033 5243; x_wconf 91' lang='lat' dir='ltr'><strong>non</strong></span> <span class='ocrx_word' id='word_1_821' title='bbox 3086 5192 3156 5242; x_wconf 90' lang='lat' dir='ltr'><strong>ita</strong></span> <span class='ocrx_word' id='word_1_822' title='bbox 3218 5190 3355 5241; x_wconf 80' lang='lat' dir='ltr'><strong>beati</strong></span> 
     </span>
    </p>
   </div>
   <div class='ocr_carea' id='block_1_123' title="bbox 1818 5255 3362 5321">
    <p class='ocr_par' dir='ltr' id='par_1_123' title="bbox 1818 5255 3362 5321">
     <span class='ocr_line' id='line_1_124' title="bbox 1818 5255 3362 5321; baseline 0.003 -17"><span class='ocrx_word' id='word_1_823' title='bbox 1818 5255 2174 5320; x_wconf 90' lang='lat' dir='ltr'><strong>quorumdam</strong></span> <span class='ocrx_word' id='word_1_824' title='bbox 2208 5257 2367 5321; x_wconf 90' lang='lat' dir='ltr'><strong>oculi,</strong></span> <span class='ocrx_word' id='word_1_825' title='bbox 2409 5265 2467 5309; x_wconf 89' lang='lat' dir='ltr'><strong>ut</strong></span> <span class='ocrx_word' id='word_1_826' title='bbox 2504 5258 2615 5310; x_wconf 64' lang='lat' dir='ltr'><strong>haec</strong></span> <span class='ocrx_word' id='word_1_827' title='bbox 2655 5257 2887 5320; x_wconf 84' lang='lat' dir='ltr'><strong>videant,</strong></span> <span class='ocrx_word' id='word_1_828' title='bbox 2915 5259 3099 5311; x_wconf 86' lang='lat' dir='ltr'><strong>saltem</strong></span> <span class='ocrx_word' id='word_1_829' title='bbox 3142 5271 3206 5308; x_wconf 90' lang='lat' dir='ltr'><strong>ne</strong></span> <span class='ocrx_word' id='word_1_830' title='bbox 3252 5257 3362 5309; x_wconf 86' lang='lat' dir='ltr'><strong>sint</strong></span> 
     </span>
    </p>
   </div>
   <div class='ocr_carea' id='block_1_124' title="bbox 1820 5325 3215 5390">
    <p class='ocr_par' dir='ltr' id='par_1_124' title="bbox 1820 5325 3215 5390">
     <span class='ocr_line' id='line_1_125' title="bbox 1820 5325 3215 5390; baseline 0 -15"><span class='ocrx_word' id='word_1_831' title='bbox 1820 5336 2073 5389; x_wconf 86' lang='lat' dir='ltr'><strong>nequam,</strong></span> <span class='ocrx_word' id='word_1_832' title='bbox 2114 5333 2169 5377; x_wconf 91' lang='lat' dir='ltr'><strong>nt</strong></span> <span class='ocrx_word' id='word_1_833' title='bbox 2194 5325 2297 5385; x_wconf 87' lang='lat' dir='ltr'><strong>his.</strong></span> <span class='ocrx_word' id='word_1_834' title='bbox 2328 5327 2417 5390; x_wconf 86' lang='lat' dir='ltr'><strong>qui</strong></span> <span class='ocrx_word' id='word_1_835' title='bbox 2445 5326 2642 5390; x_wconf 88' lang='lat' dir='ltr'><strong>vident,</strong></span> <span class='ocrx_word' id='word_1_836' title='bbox 2675 5326 2964 5380; x_wconf 78' lang='lat' dir='ltr'><strong>invideant.</strong></span> <span class='ocrx_word' id='word_1_837' title='bbox 2997 5326 3085 5377; x_wconf 82' lang='lat' dir='ltr'><strong>Sic</strong></span> <span class='ocrx_word' id='word_1_838' title='bbox 3108 5325 3215 5376; x_wconf 83' lang='lat' dir='ltr'><strong>ille.</strong></span> 
     </span>
    </p>
   </div>
   <div class='ocr_carea' id='block_1_125' title="bbox 1890 5343 3357 5462">
    <p class='ocr_par' dir='ltr' id='par_1_125' title="bbox 1890 5343 3357 5462">
     <span class='ocr_line' id='line_1_126' title="bbox 1890 5343 3215 5390; baseline 0.002 -18"><span class='ocrx_word' id='word_1_839' title='bbox 1890 5343 2073 5389; x_wconf 72' lang='lat' dir='ltr'><strong>quam,</strong></span> <span class='ocrx_word' id='word_1_840' title='bbox 2114 5343 2169 5377; x_wconf 89' lang='grc' dir='ltr'><strong>ιιι</strong></span> <span class='ocrx_word' id='word_1_841' title='bbox 2194 5343 2297 5385; x_wconf 83' lang='lat' dir='ltr'><strong>nis.</strong></span> <span class='ocrx_word' id='word_1_842' title='bbox 2366 5343 2417 5380; x_wconf 87' lang='lat' dir='ltr'><strong>ut</strong></span> <span class='ocrx_word' id='word_1_843' title='bbox 2445 5343 2642 5390; x_wconf 81' lang='lat' dir='ltr'><strong>vwem,</strong></span> <span class='ocrx_word' id='word_1_844' title='bbox 2675 5343 2964 5380; x_wconf 79' lang='lat' dir='ltr'><strong>invideant.</strong></span> <span class='ocrx_word' id='word_1_845' title='bbox 2997 5343 3085 5377; x_wconf 71' lang='lat' dir='ltr'><strong>mc</strong></span> <span class='ocrx_word' id='word_1_846' title='bbox 3108 5343 3215 5376; x_wconf 71' lang='lat' dir='ltr'><strong>iure.</strong></span> 
     </span>
     <span class='ocr_line' id='line_1_127' title="bbox 1890 5343 3357 5462; baseline 0.001 -18"><span class='ocrx_word' id='word_1_847' title='bbox 1890 5390 2001 5458; x_wconf 74' lang='lat'><strong>(82)</strong></span> <span class='ocrx_word' id='word_1_848' title='bbox 2040 5393 2180 5456; x_wconf 80' lang='lat' dir='ltr'><strong>Quid</strong></span> <span class='ocrx_word' id='word_1_849' title='bbox 2203 5403 2301 5460; x_wconf 76' lang='lat' dir='ltr'><strong>,est</strong></span> <span class='ocrx_word' id='word_1_850' title='bbox 2328 5343 2628 5462; x_wconf 78' lang='lat' dir='ltr'><strong>qDeiparam</strong></span> <span class='ocrx_word' id='word_1_851' title='bbox 2679 5396 2846 5449; x_wconf 87' lang='lat' dir='ltr'><strong>solam</strong></span> <span class='ocrx_word' id='word_1_852' title='bbox 2881 5410 2998 5447; x_wconf 84' lang='lat' dir='ltr'><strong>esse</strong></span> <span class='ocrx_word' id='word_1_853' title='bbox 3041 5392 3357 5462; x_wconf 54' lang='lat' dir='ltr'><strong>immaculaf</strong></span> 
     </span>
    </p>
   </div>
   <div class='ocr_carea' id='block_1_126' title="bbox 1820 5461 3351 5532">
    <p class='ocr_par' dir='ltr' id='par_1_126' title="bbox 1820 5461 3351 5532">
     <span class='ocr_line' id='line_1_128' title="bbox 1820 5461 3351 5532; baseline -0.001 -20"><span class='ocrx_word' id='word_1_854' title='bbox 1820 5466 1951 5532; x_wconf 79' lang='lat' dir='ltr'><strong>tam,</strong></span> <span class='ocrx_word' id='word_1_855' title='bbox 1973 5461 2072 5512; x_wconf 80' lang='lat' dir='ltr'><strong>nisr</strong></span> <span class='ocrx_word' id='word_1_856' title='bbox 2107 5463 2274 5515; x_wconf 79' lang='lat' dir='ltr'><strong>solam</strong></span> <span class='ocrx_word' id='word_1_857' title='bbox 2329 5461 2455 5532; x_wconf 81' lang='lat' dir='ltr'><strong>sine</strong></span> <span class='ocrx_word' id='word_1_858' title='bbox 2470 5463 2717 5532; x_wconf 88' lang='lat' dir='ltr'><strong>originali</strong></span> <span class='ocrx_word' id='word_1_859' title='bbox 2774 5464 2982 5532; x_wconf 74' lang='lat' dir='ltr'><strong>macula</strong></span> <span class='ocrx_word' id='word_1_860' title='bbox 3011 5461 3351 5532; x_wconf 72' lang='lat' dir='ltr'><strong>conceptam?</strong></span> 
     </span>
    </p>
   </div>
   <div class='ocr_carea' id='block_1_127' title="bbox 1783 5527 3349 5599">
    <p class='ocr_par' dir='ltr' id='par_1_127' title="bbox 1783 5527 3349 5599">
     <span class='ocr_line' id='line_1_129' title="bbox 1783 5527 3349 5599; baseline -0.005 -11"><span class='ocrx_word' id='word_1_861' title='bbox 1783 5582 1787 5588; x_wconf 90' lang='lat'><strong>.</strong></span> <span class='ocrx_word' id='word_1_862' title='bbox 1821 5527 1896 5599; x_wconf 78' lang='lat' dir='ltr'><strong>ita</strong></span> <span class='ocrx_word' id='word_1_863' title='bbox 1928 5536 1984 5599; x_wconf 79' lang='lat' dir='ltr'><strong>ut</strong></span> <span class='ocrx_word' id='word_1_864' title='bbox 2019 5545 2142 5583; x_wconf 89' lang='lat' dir='ltr'><strong>cum</strong></span> <span class='ocrx_word' id='word_1_865' title='bbox 2176 5531 2351 5584; x_wconf 77' lang='lat' dir='ltr'><strong>caeteri</strong></span> <span class='ocrx_word' id='word_1_866' title='bbox 2382 5527 2582 5589; x_wconf 68' lang='lat' dir='ltr'><strong>omnes</strong></span> <span class='ocrx_word' id='word_1_867' title='bbox 2617 5531 2857 5599; x_wconf 85' lang='lat' dir='ltr'><strong>concepti</strong></span> <span class='ocrx_word' id='word_1_868' title='bbox 2887 5532 2947 5599; x_wconf 83' lang='lat' dir='ltr'><strong>in</strong></span> <span class='ocrx_word' id='word_1_869' title='bbox 2976 5538 3194 5599; x_wconf 81' lang='lat' dir='ltr'><strong>peccato</strong></span> <span class='ocrx_word' id='word_1_870' title='bbox 3233 5527 3349 5581; x_wconf 75' lang='lat' dir='ltr'><strong>lua-</strong></span> 
     </span>
    </p>
   </div>
   <div class='ocr_carea' id='block_1_128' title="bbox 1819 5594 3008 5669">
    <p class='ocr_par' dir='ltr' id='par_1_128' title="bbox 1819 5594 3008 5669">
     <span class='ocr_line' id='line_1_130' title="bbox 1819 5594 3008 5669; baseline -0.002 -18"><span class='ocrx_word' id='word_1_871' title='bbox 1819 5596 1947 5663; x_wconf 85' lang='lat' dir='ltr'><strong>rint,</strong></span> <span class='ocrx_word' id='word_1_872' title='bbox 1970 5595 2085 5667; x_wconf 88' lang='lat' dir='ltr'><strong>ipsa</strong></span> <span class='ocrx_word' id='word_1_873' title='bbox 2112 5602 2225 5655; x_wconf 82' lang='lat' dir='ltr'><strong>sola</strong></span> <span class='ocrx_word' id='word_1_874' title='bbox 2258 5612 2510 5669; x_wconf 84' lang='lat' dir='ltr'><strong>concepta</strong></span> <span class='ocrx_word' id='word_1_875' title='bbox 2553 5600 2709 5659; x_wconf 74' lang='lat' dir='ltr'><strong>fuerit</strong></span> <span class='ocrx_word' id='word_1_876' title='bbox 2743 5594 2857 5653; x_wconf 72' lang='lat' dir='ltr'><strong>sine</strong></span> <span class='ocrx_word' id='word_1_877' title='bbox 2882 5594 3008 5650; x_wconf 78' lang='lat' dir='ltr'><strong>illo?</strong></span> 
     </span>
    </p>
   </div>
   <div class='ocr_carea' id='block_1_129' title="bbox 2929 5687 3007 5749">
    <p class='ocr_par' dir='ltr' id='par_1_129' title="bbox 2929 5687 3007 5749">
     <span class='ocr_line' id='line_1_131' title="bbox 2929 5687 3007 5749; baseline 0.051 -4"><span class='ocrx_word' id='word_1_878' title='bbox 2929 5687 3007 5749; x_wconf 84' lang='lat'><strong>38</strong></span> 
     </span>
    </p>
   </div>
  </div>
