3936 6304
3867 102 3882 198 i

629 318 765 404 .1203
1722 325 1780 380 S.
1824 322 2128 403 JOSEPHI
2166 324 2713 386 HYMNOGRAPIII
3649 321 3770 387 12οι
3875 207 3886 350 l

632 432 791 498 lingis
826 431 1024 485 Christi
1074 431 1405 495 vehiculum;
1434 429 1602 498 gaude
1645 433 2034 488 maledictionis
2069 450 2158 490 so-

2283 439 2400 489 iei’ov
2421 437 2600 506 ὄχημα
2629 439 2720 489 τοῦ
2755 437 3012 507 βασιλέως
3041 438 3289 507 Χριστοῦ,
3315 440 3492 510 χαῖρε,
3514 435 3661 502 λῦσις
3688 441 3769 508 τῆς

633 524 783 586 lutio,
818 537 850 575 0
877 522 1123 576 omnibus
1159 522 1613 576 benedictionibus
1641 525 1931 579 cumulata.

2283 530 2419 598 ὶρᾶς,
2446 529 2859 597 παντευλόγητε.

1368 694 1374 701 _
1575 636 1731 705 18³1
1772 636 1854 690 Ex-
1885 637 2089 691 Canone
2126 637 2179 690 in
2206 637 2262 692 S.
2297 635 2625 705 Epicuream,
2649 637 2731 690 die
2754 637 2841 691 27.

700 724 834 780 Ecce
875 735 1076 779 naturae
1109 726 1249 793 leges
1298 725 1618 778 iunovantur
1655 725 1707 777 in
1737 733 1806 790 te,
1837 740 1871 780 ο
1903 727 1970 780 ab
2009 725 2156 779 omni
2252 717 2428 780 eidem
2461 740 2581 779 cuin
2613 725 2775 779 animi
2805 726 3160 783 exsultatione
3192 727 3434 783 adducta:
3455 737 3604 782 sunt.

563 810 572 817 ’
632 817 750 869 labe
774 815 1058 880 immunis;
1093 815 1252 868 Deum
1284 814 1426 867 enim
1459 815 1601 883 paris
1631 825 1684 869 et
1708 817 1973 870 hominem
1999 831 2159 884 supra
2322 811 2536 870 Natum
2575 830 2742 870 novas
2793 815 2933 885 leges
2985 817 3247 882 indidisti,
3288 833 3321 872 ο
3353 816 3536 887 Virgo,
3578 819 3776 885 quando

637 913 840 958 naturae
862 905 1189 972 rationisque
1213 903 1374 970 leges,
1418 918 1575 971 quem
1610 920 1733 958 cum
1761 920 1942 958 amore
1986 905 2162 958 adole-
2256 920 2413 975 supra
2437 915 2640 960 natura:
2657 907 2896 960 ordinem
2917 907 3197 976 peperisti;
3225 910 3364 963 Deus
3385 909 3528 962 enim
3557 918 3608 961 et
3638 910 3776 961 homo

636 995 888 1050 scenttiiaa
915 993 1175 1046 ferventer
1197 993 1517 1049 dilexerunt.
2259 995 2358 1049 fuit
2388 995 2475 1049 ille
2505 997 2594 1064 qui
2621 1011 2684 1050 ex
2719 1005 2769 1049 te
2796 997 2952 1050 modo
2979 995 3230 1050 incﬂ'abili
3263 998 3574 1052 incarnatus
3602 1007 3696 1050 est.

711 1085 1053 1139 Permansisti
1084 1093 1204 1152 post
1235 1094 1439 1153 partum
1478 1085 1953 1154 supernaturaliter
1986 1087 2157 1155 virgo,
2331 1083 2490 1153 Virgo
2525 1094 2668 1139 casta
2703 1097 2822 1154 post
2855 1097 3060 1156 partum
3097 1088 3386 1141 venerabili
3419 1097 3634 1156 stupore
3681 1089 3775 1154 lik-

639 1190 671 1226 ο
701 1175 803 1228 Deo
853 1175 1200 1239 charissima;
1237 1183 1395 1243 atque
1429 1190 1606 1228 amore
1629 1176 1702 1227 tui
1727 1176 1997 1229 vulnerata
2049 1177 2161 1231 1ιὶΕο
2266 1192 2388 1229 num
2423 1177 2779 1244 perinansisti,
2814 1191 2844 1228 ο
2877 1173 3162 1230 inviolata:
3191 1178 3361 1236 Deum
3389 1193 3528 1230 enim
3563 1175 3774 1230 Verbum

641 1264 788 1331 virgo
820 1271 871 1315 et
907 1273 1108 1332 martyr
1144 1263 1389 1316 alacriter
1425 1263 1734 1326 decertavit,
1773 1273 1825 1316 et
1853 1273 1974 1331 post
2019 1273 2091 1325 te.
2131 1281 2164 1318 ο
2267 1267 2535 1334 peperisti,
2587 1281 2746 1335 quem
2779 1268 2932 1337 virgo
2979 1267 3255 1334 Epicharis
3283 1268 3333 1320 in
3371 1267 3546 1321 medio
3585 1267 3776 1335 iniquo-

641 1365 809 1412 casta.
843 1353 1065 1407 adducta
1093 1365 1173 1407 est
1216 1353 1422 1420 Sponso
1459 1367 1556 1406 suo
1598 1367 1698 1406 una
1723 1369 1843 1408 cum
1873 1353 2170 1423 virginibus
2263 1370 2382 1409 rum
2411 1365 2754 1425 tyrannorum
2786 1359 3064 1421 confitens,
3087 1358 3418 1413 exclamabat
3443 1376 3456 1411 :
3481 1355 3778 1411 Benedictus

643 1445 884 1497 lidelihus
907 1446 1127 1497 choreas
1148 1445 1370 1498 ducens.
1431 1436 1441 1448 ⁸
2267 1445 2426 1507 Deus,
2454 1458 2556 1501 etc.

714 1534 944 1587 Verbum
982 1535 1150 1588 Patris
1182 1534 1530 1590 substantiale
1561 1534 1762 1604 absque
1800 1536 1907 1590 ulla
1939 1537 2018 1591 sui
2054 1552 2172 1588 mu-
2336 1532 2727 1586 Sacratissimis
2766 1533 2987 1586 vocibus
3019 1533 3371 1588 sacratissimi
3404 1532 3672 1602 propheta
3705 1533 3777 1584 lu.

646 1620 841 1677 talione
870 1640 931 1676 ex
962 1634 1028 1687 te,
1063 1639 1092 1676 ο
1126 1623 1301 1693 Virgo,
1334 1627 1666 1680 incarnatum
1690 1636 1789 1688 est,
1815 1627 1969 1696 cujus
1991 1642 2173 1680 amore
2269 1629 2438 1674 turam
2473 1629 2525 1674 te
2565 1619 2654 1674 Dei
2698 1620 2914 1674 Matrem
2949 1620 3229 1675 manifeste
3279 1623 3778 1690 prmnuntiaverunt,

647 1727 896 1765 succensa
932 1711 1206 1781 Epicharis
1231 1715 1535 1770 caelestibus
1565 1715 1814 1771 thalamis
1843 1716 1997 1784 digna
2029 1715 2165 1771 facta
2198 1721 2238 1774 Β
2267 1727 2300 1766 o
2337 1721 2482 1766 casta
2527 1719 2578 1764 et
2618 1711 2872 1764 inviolata
2904 1708 2917 1764 ξ
2951 1725 3108 1779 quem
3149 1711 3396 1764 omnibus
3434 1711 3778 1764 dominantem

647 1813 746 1855 051.

713 1891 1111 1959 (ὶοπψΙιιοιρτίε,
1143 1905 1174 1943 o
1215 1891 1456 1960 Deipara,
1498 1896 1607 1947 sola
1646 1895 1821 1949 divina
1859 1897 2024 1960 gratia
2059 1897 2166 1964 ple-

648 1981 869 2034 uissima
896 2020 910 2043 ,
966 1983 1225 2036 maternis
1275 1984 1413 2038 ulnis
1461 1984 1586 2048 tuis,
1622 1986 1766 2038 illum
1810 1987 1900 2054 qui
1933 1987 2166 2054 comple-

649 2070 808 2124 ctitur
846 2079 898 2123 et
925 2072 1160 2123 continet
1181 2072 1451 2126 universa.
1916 2073 1920 2076 ’

719 2159 946 2213 Odorem
981 2161 1353 2214 suavissimum
1399 2162 1514 2215 Filii
1565 2179 1628 2217 ex
1659 2174 1708 2218 te
1759 2166 2014 2220 incarnati
2052 2167 2172 2221 illu-

649 2249 924 2303 strissiinm
964 2250 1148 2318 puella:
1174 2251 1542 2319 percipieiites,
1590 2263 1708 2322 post
1736 2264 1804 2317 te,
1837 2270 1867 2309 ο
1897 2257 2194 2319 inviolata,.

652 2377 971 2450 EgACanone
1079 2380 1203 2445 festo
1242 2379 1294 2433 S.
1314 2380 1557 2450 Gregorii
1595 2400 1794 2450 mngmc
1820 2386 2092 2441 Armeniw.
2123 2397 2171 2438 et

680 2445 773 2501 SS.
796 2451 952 2500 Mart.
987 2446 1262 2515 liipsimim,
1296 2445 1528 2514 Gaianae,
1559 2463 1604 2503 et
1628 2445 1904 2516 sociarum,
1939 2458 2019 2506 die
2049 2455 2133 2508 50.

721 2617 967 2692 Mulieres
1013 2635 1168 2674 cruce
1202 2622 1340 2675 iliius
1387 2624 1476 2692 qui
1522 2640 1584 2677 ex
1622 2635 1690 2689 te,
1722 2642 1754 2679 ο
1795 2636 1961 2692 casta,
2000 2628 2174 2681 incar-

654 2715 801 2758 catus
827 2715 928 2770 est,
960 2709 1235 2771 roborataz,
1278 2714 1705 2766 constantissime
1751 2715 2172 2778 ilccertaverunt,

655 2805 708 2848 ct
761 2796 998 2866 adducta:
1047 2809 1172 2852 sunt
1217 2799 1282 2851 ad
1333 2801 1478 2853 illum
1513 2811 1630 2867 post
1677 2812 1726 2854 te
1779 2802 2044 2871 Virginem
2081 2824 2095 2858 :
2126 2818 2177 2858 et

657 2884 1030 2950 spleniloribus
1077 2886 1427 2955 virginitatis,
1479 2899 1531 2941 et
1579 2900 1868 2961 martyrum
1922 2893 2177 2961 sanguine

658 2970 877 3038 fulgent.

729 3057 983 3125 Ripsimia
1031 3070 1230 3130 martyr
1278 3064 1453 3117 sciens
1508 3074 1558 3118 te
1602 3067 1825 3134 puellam
1857 3063 2023 3121 Solam
2062 3038 2245 3121 essec

656 3143 919 3215 Virginem
964 3160 1203 3216 matrem,
1235 3153 1491 3206 oblectata
1524 3164 1605 3208 est
1644 3157 2036 3224 pulchritudine
2060 3166 2172 3222 tua,

653 3245 706 3290 et
751 3238 963 3292 Christo
998 3249 1115 3307 post
1152 3249 1202 3295 te
1256 3242 1479 3296 adducta
1523 3253 1633 3308 est,
1664 3247 2043 3300 certaminibus
2082 3263 2174 3304 co-

656 3342 899 3381 ῐυεοπηε.

726 3412 795 3466 Ut
831 3415 1125 3482 pulchram,
1185 3425 1242 3468 ut
1278 3417 1518 3482 electam,
1554 3428 1611 3472 ut
1653 3421 1944 3487 speciosam
1982 3422 2180 3476 dilexe-

657 3513 778 3553 runt
816 3513 865 3554 te
902 3505 1304 3558 adulescentula:
1350 3508 1552 3574 puellae,
1594 3523 1708 3576 qua:
1755 3525 1875 3563 eum
1919 3509 2176 3578 Ripsimia

656 3588 992 3642 decertarunt
1021 3607 1033 3642 ι
1079 3599 1130 3642 et
1156 3601 1272 3656 post
1302 3600 1370 3654 te,
1405 3607 1436 3643 ο
1471 3592 1626 3660 Virgo
1659 3592 1824 3646 Mater
1862 3593 2044 3656 Maria,
2082 3594 2177 3646 ad-

657 3676 826 3729 ductze
853 3685 973 3729 sunt
1001 3678 1063 3730 ad
1093 3676 1282 3732 Filium
1317 3688 1460 3732 tuum
1493 3681 1748 3734 laetantes.

715 3764 841 3828 Quin
885 3765 1222 3833 fragrantlam
1281 3769 1530 3836 unguenti
1587 3769 1745 3822 Verbi
1802 3771 1940 3839 quod
1990 3786 2050 3824 ex
2102 3783 2173 3837 te,

662 3851 1008 3921 Virgo'casta,
1037 3858 1357 3919 coruscavit,
1392 3864 1765 3926 perceperunt;
1797 3876 1892 3928 per
1911 3863 2159 3916 athletica

659 3943 948 3996 certamina
973 3943 1068 4011 ipsi
1092 3955 1254 4012 grata:
1278 3955 1608 4015 acceptarquc
1625 3947 1838 4001 fuerunt
1863 3951 2170 4014 gaudentes.

726 4030 913 4084 Statim
953 4042 1108 4099 atque
1133 4032 1385 4101 Ripsimia
1421 4036 1630 4088 rescivit
1668 4037 1979 4090 crucifixum
2012 4038 2174 4093 fuisse

658 4120 828 4186 illum,
862 4123 950 4190 qui
974 4136 1034 4176 ex
1065 4132 1111 4176 te
1146 4123 1450 4178 incarnatus
1478 4135 1576 4187 cst,
1604 4125 1847 4192 Deipara,
1872 4127 2031 4179 snnul
2054 4143 2175 4179 crn-

658 4212 809 4265 cilixa
839 4223 918 4266 est
947 4228 1064 4266 cum
1091 4229 1172 4276 eo,
1202 4223 1446 4281 tanquam
1471 4229 1600 4280 agna
1630 4230 1746 4266 cum
1781 4228 2008 4284 pastore,
2035 4219 2175 4270 velut

658 4302 870 4355 victima
896 4302 981 4356 Dei
1015 4305 1373 4357 immaculata.

2272 1801 2728 1870 superexaltamus
2758 1800 2812 1854 in
2842 1800 3020 1853 omnia
3047 1799 3258 1854 smeula.

2345 1891 2583 1944 Lucifera
2623 1891 2809 1954 nubes,
2857 1906 2975 1959 qua:
3026 1889 3263 1942 divinum
3303 1889 3481 1942 lumen
3527 1887 3781 1959 peperisti,

2278 1981 2595 2035 miserabilis
2624 1981 2813 2033 animae
2860 1995 2990 2032 mea:
3023 1979 3199 2032 nubila
3232 1978 3480 2046 dispellef,
3516 1993 3550 2029 0
3583 1976 3667 2030 Dei
3698 1978 3782 2031 Ge-

2281 2069 2462 2129 nitrix,
2496 2077 2546 2120 et
2578 2069 2694 2121 luce
2730 2068 2889 2136 188
2921 2068 3108 2121 salutis
3139 2067 3375 2120 illumina
3411 2080 3514 2129 me,
3547 2080 3664 2135 quae
3688 2067 3782 2118 sola

2279 2174 2335 2212 cs
2367 2159 2534 2217 bona;
2577 2168 2633 2210 nt
2666 2172 2785 2211 cum
2817 2158 2917 2211 ﬁde
2950 2165 3001 2211 et
3029 2155 3216 2210 ati‘ectu
3249 2165 3298 2209 te
3328 2156 3656 2209 incessanter
3687 2170 3782 2207 ma-

2281 2249 2542 2318 gnificem.

2290 2385 2380 2434 Ἐκ
2419 2383 2519 2435 τοῦ
2559 2374 2829 2446 ΚανόναἸ
2865 2382 2946 2445 εις
2979 2381 3084 2432 τὸν
3126 2380 3295 2447 ἅγιον
3337 2380 3661 2448 Γρηγόριον
3696 2376 3784 2441 τῆς

2341 2453 2601 2518 μεγάλης
2639 2451 2962 2515 Ἀρμενίας.
3021 2450 3111 2518 καὶ
3137 2450 3267 2518 ,τὰς
3303 2447 3782 2518 ἁγίας-μάρτυρας

2360 2516 2672 2586 Ῥιψιμίαν,
2707 2517 2969 2582 Γαιανὴν
2994 2517 3088 2569 καὶ
3123 2517 3345 2582 ἐτέρας.
3383 2516 3575 2584 ἡμέρᾳ
3605 2516 3664 2565 λ’.

2351 2633 2606 2693 Γυναῖκες
2656 2630 2731 2698 τῷ
2767 2629 2980 2698 σταυρῷ
3034 2628 3126 2680 τοῦ
3173 2630 3236 2680 ὲκ
3288 2626 3382 2679 σοῦ
3437 2625 3782 2695 σαρκωθέντος

2286 2718 2719 2790 κραταιούμεναι,
2756 2717 2908 2785 ἁγνὴ,
2935 2715 3228 2786 ὲνήθλησαν
3259 2713 3515 2785 στερρῶς,
3546 2714 3639 2764 καὶ
3664 2709 3785 2776 αὐτῷ

2287 2799 2722 2877 προσηνέχθησαν
2770 2806 2986 2858 ὄπισθέν
3036 2821 3125 2856 σου
3153 2802 3252 2872 ’τῆς
3282 2803 3575 2872 Παρθένου,
3608 2801 3785 2870 παρθι-

2279 2896 2392 2958 νέας
2413 2895 2752 2964 λαμπρότησι
2780 2896 2870 2946 καὶ
2901 2894 3187 2963 μαρτύρων
3217 2893 3272 2944 ἐν
3294 2893 3485 2960 αἵματι
3515 2891 3784 2959 λάμπουσι.

2348 3068 2800 3136 Μητροπάρθενον
2856 3068 3020 3138 κόρην
3073 3083 3130 3119 σε
3197 3066 3441 3136 Ῥιψιμια
3497 3067 3532 3135 ἡ
3604 3065 3784 3135 μάρτυς

2283 3157 2615 3224 ἐπισταμένη
2651 3158 2835 3224 μόνην,
2871 3156 3094 3224 ιθέλχθη
3118 3173 3208 3207 σου
3233 3158 3353 3217 ταῖς
3388 3154 3686 3213 καλλοναῖς,
3712 3154 3784 3203 καὶ

2280 3240 2357 3307 τῷ
2400 3240 2614 3308 Χριστῷ
2642 3241 2812 3292 ὀπίσω
2856 3257 2946 3292 σου
2976 3241 3352 3309 προσήνεκται,
3382 3240 3563 3306 ἄθλοις
3589 3240 3783 3304 oculati-

2284 3344 2478 3380 πουσα.

2363 3417 2448 3476 Ὠς
2473 3418 2658 3488 καλὴν,
2696 3417 2770 3478 ώς
2804 3418 3062 3483 ὲκλεκτήν
3117 3435 3196 3480 σε,
3241 3417 3314 3481 ὡς
3358 3417 3567 3486 ὡραίαν
3594 3418 3784 3483 ἠγάπη-

2287 3523 2382 3557 σαν
2452 3507 2684 3568 νεάνιδες
2736 3507 2913 3576 κόραι,
2972 3508 3105 3575 μετὰ
3171 3506 3444 3575 Ῥιψιμέας
3491 3507 3781 3574 ἀθλήσασαι,

2285 3595 2696 3663 Παρθενομῆτορ
2715 3595 2916 3664 Μαρία,
2941 3596 3031 3646 καὶ
3054 3595 3224 3646 ὀπίσω
3251 3611 3342 3647 σου
3368 3595 3782 3665 προσηνέχθησαν

2279 3683 2357 3749 τῷ
2391 3683 2464 3748 σῷ
2495 3681 2624 3749 Υῐῷ,
2660 3684 3092 3751 εὐφραινόμεναι.

2347 3772 2412 3822 Al
2444 3773 2540 3841 τῆς
2569 3772 2738 3840 ὀσμῆς
2766 3773 3142 3841 αἰσθανόμεναι
3163 3771 3254 3824 τοῦ
3285 3773 3568 3843 μύρουτοῧ
3602 3776 3659 3828 ἔκ
3685 3773 3778 3835 σοῦ,

2281 3861 2416 3930 ἁγνὴ
2447 3864 2704 3931 Παρθένε,
2741 3863 3110 3931 ἐκλάμψαντος
3157 3865 3358 3930 Λόγου,
3399 3865 3469 3916 δι’
3511 3865 3781 3934 ἀθλητικῶν

2281 3950 2426 4019 αὐτῷ
2453 3951 2674 4015 ἀγώνων
2707 3951 3071 4019 εὐηρέστησαν
3094 3953 3390 4020 χαίρουσαι.

2347 4040 2725 4108 Σταυρωθέντα
2758 4041 2844 4092 τὸν
2873 4041 2934 4093 ἐκ
2962 4041 3053 4093 σοῦ
3080 4041 3151 4103 ὡς
3187 4041 3398 4109 ἐπέγνω
3420 4041 3778 4111 σαρκούμενον,

2280 4122 2519 4186 Θεοτόκε,
2571 4125 2817 4194 Ῥιψιμια
2860 4127 3005 4194 αὑτῷ
3060 4128 3441 4196 συνέστρωται,
3505 4129 3577 4192 ὡς
3634 4128 3778 4196 ἀμνὸς

2281 4211 2512 4278 ποιμένι,
2542 4214 2727 4282 ἱερεῖον
2753 4213 2884 4265 Θεοῦ
2909 4215 2979 4276 ὼς
3008 4214 3304 4284 ἀμώμητον

728 4390 1019 4459 Martyricis
1060 4394 1268 4445 coronis
1315 4405 1580 4449 exornatae
1619 4398 1824 4464 puellm,
1874 4397 1936 4450 ad
1991 4399 2172 4459 Deum,

2348 4388 2708 4457 Μαρτυρικοϊς
2743 4388 3021 4454 στεφάνοις
3069 4390 3613 4456 κατακεκοσμημέναι
3653 4386 3782 4452 κόραι

660 4479 751 4546 qui
779 4493 843 4533 ex
873 4479 1085 4549 Virgine
1115 4491 1330 4534 exortus
1353 4493 1450 4545 est,
1477 4485 1713 4538 adducta:
1746 4495 1889 4550 sunt,
1920 4488 2177 4540 melodice

660 4569 953 4622 clamantes
987 4585 997 4618 :
1033 4570 1341 4623 Benedictus
1377 4570 1531 4635 Deus,
1567 4584 1667 4626 etc.

643 4658 652 4663 ’
745 4657 850 4711 Nec
907 4668 1291 4720 tormentorum
1357 4660 1744 4713 multitudinem
1801 4662 2178 4725 reformidans,

663 4760 760 4797 nec
802 4745 978 4798 carnis
1019 4747 1390 4813 -volitptatibus
1447 4749 1815 4810 succumbens,
1876 4760 2054 4802 natum
2115 4767 2179 4804 ex

664 4833 705 4883 V
733 4835 878 4901 rgine
898 4835 1171 4887 Dominum
1195 4835 1434 4890 confessa
1457 4847 1536 4890 est
1559 4838 1812 4906 Ripsiniia
1835 4840 2138 4893 exclamans
2165 4858 2179 4892 :

667 4924 962 4976 Benedicite
983 4933 1034 4976 et
1064 4926 1268 4979 laudate
1297 4925 1601 4981 Dominum.

733 5014 872 5066 Luce
906 5016 1079 5067 vultus
1110 5016 1267 5079 illius,
1298 5019 1387 5084 qui
1427 5034 1485 5071 ex
1532 5029 1578 5070 te
1613 5020 1930 5079 coruscavil,
1960 5035 1990 5072 ο
2024 5018 2181 5088 Virgo

662 5115 928 5172 perpetua,
970 5105 1224 5159 illustrata
1266 5109 1517 5174 Ripsimia
1573 5122 1693 5159 cum
1752 5108 1937 5161 affectu
1973 5110 2182 5175 pertulit

669 5195 942 5258 passiones
971 5193 1128 5262 189
1158 5195 1292 5262 ejus,
1340 5206 1387 5246 ct
1433 5203 1652 5245 mortem
1681 5193 1793 5261 ejus
1820 5196 1868 5246 in
1897 5211 1991 5248 sua
2022 5211 2180 5250 carne

665 5285 954 5349 expressit;
995 5286 1130 5336 unde
1165 5299 1302 5335 nunc
1336 5286 1566 5336 exsultat
1605 5300 1722 5337 cum
1759 5286 1870 5339 illo.

1113 5394 1359 5446 MICNSIS
1389 5393 1713 5447 OCTOBER.

763 5480 844 5533 Es
875 5482 1076 5534 Cimone
1100 5484 1149 5532 in
1174 5483 1296 5547 {esto
1327 5482 1380 5533 8.
1408 5483 1684 5536 (Iliart'tinaz
1709 5485 1891 5553 Mart.,
1918 5488 2000 5540 die
2021 5489 2070 5542 5.

732 5629 1318 5692 Ιὶρμιοάιγιιιτριιδιιιτιῐε
1377 5647 1532 5694 capax
1582 5635 1710 5687 fui-ta
1737 5653 1811 5695 es,
1845 5652 1876 5688 ο
1906 5637 1992 5690 Dei
2033 5628 2179 5698 acui.

2279 4476 2354 4543 τῷ
2384 4479 2445 4526 ὲκ
2498 4476 2769 4544 Παρθένου
2817 4477 3148 4528 ἀνατείλαντι
3201 4476 3317 4543 Θεῷ
3367 4475 3780 4545 προσηνέχθησαν

2284 4565 2587 4635 μελῳδικῶς
2616 4565 2851 4626 βοῶσαι·
2885 4565 3179 4632 Εὐλογητὸς
3211 4561 3277 4630 εἷ,
3299 4567 3325 4616 ὁ
3343 4566 3498 4627 Θεός.

2350 4657 2422 4709 Οὐ
2458 4636 2700 4725 βασάνιυν
2720 4656 2924 4723 πληθὺν
2949 4657 3372 4721 δειλιάσασα,ιοὺ
3398 4657 3597 4724 σαρκὸς
3624 4653 3782 4722 ἡδονὰς

2281 4747 2619 4812 ὖποκύψασα,
2641 4747 2731 4797 τὸν
2750 4747 2812 4798 ἐκ
2844 4746 3113 4814 Παρθένου
3130 4748 3330 4815 Κύριον
3346 4747 3609 4813 ὡμολόγει
3632 4744 3780 4812 βοῶσι

2282 4837 2313 4904 ἠ
2356 4835 2599 4904 Titi/ipf;
2619 4851 2632 4866 ο
2656 4835 2960 4902 Εὑλογεῐτε,
2990 4837 3203 4906 ὑμνεῖτε
3229 4836 3318 4887 τὸν
3345 4834 3566 4904 Κύριον.

2349 5012 2486 5063 (Moti.
2515 5013 2606 5063 τοῦ
2634 5012 2915 5080 προσώπου
2960 5012 3049 5064 τοῦ
3091 5012 3153 5062 ὲκ
3201 5010 3290 5063 σοῦ
3323 5011 3681 5079 ἐκλάμψαντος
3708 5007 3773 5055 ἐλ-

2282 5102 2598 5168 λαμςῠεῖσα,
2670 5102 3042 5167 ’Λειπάρθενε,
3097 5100 3241 5170 πόθῳ
3293 5102 3500 5169 ὰσχέτῳ
3565 5099 3778 5166 Tit-(Hui:

2283 5188 2575 5254 ’παθήματα
2609 5188 2768 5239 αὐτοῦ
2803 5188 2894 5239 καὶ
2938 5187 3026 5239 τὸν
3061 5188 3285 5241 θάνατον
3314 5191 3490 5257 οἰκείᾳ
3525 5193 3588 5258 τῇ
3645 5191 3778 5253 σαρκὶ

2283 5277 2594 5340 ἑξεικὸνισεν
2614 5294 2625 5306 ·
2658 5277 2775 5328 ὅθεν
2809 5277 2904 5329 σὺν
2945 5278 3023 5328 σοὶ
3054 5278 3144 5329 νῦν
3174 5279 3550 5346 ὲπαγάλλεται.

2753 5391 2904 5442 MHN
2937 5392 3324 5445 ΟΚΤΩΒΡΙΟΣ.

2293 5477 2389 5530 ’Ex
2420 5478 2521 5531 τοῦ
2553 5479 2807 5543 Κανόνος
2845 5484 2928 5544 εὶς
2957 5481 3067 5544 τὴν
3093 5483 3266 5549 ἁγίαν
3289 5480 3554 5547 μάρτυρα
3584 5479 3776 5547 Χαριτὸ-

2821 5568 2956 5617 mir,
2984 5551 3162 5618 ἡμέρᾳ
3190 5557 3249 5601 ε’.

2347 5636 2549 5703 Χωρίον
2596 5640 2892 5709 χωρητικὸν
2927 5642 3211 5708 γεγένησαι
3248 5641 3345 5710 τῆς
3385 5641 3528 5704 Θείας
3569 5642 3769 5708 (θέσεως.
