3936 6304
159 321 303 390 1209

1510 330 1846 390 MARIALE

3198 339 3332 411 1210
3406 393 3413 400 .

160 442 412 510 κυήσασα
441 439 534 492 τοῦ
581 441 806 512 nam,
831 441 1089 511 Παρθένε,
1113 441 1200 494 τὸν
1226 439 1554 511 σννᾶναρχον
1598 444 1689 497 καὶ
1717 449 1742 506 Α

1809 444 2020 497 Verbum
2061 443 2231 498 Patris
2260 444 2613 508 enixa,eidem
2651 446 2792 503 Patri
2817 458 3161 516 cozeternum,
3183 456 3332 509 simi.

161 529 451 596 πναῖδιον,
479 526 538 588 οὗ
565 535 681 593 ταῖς
703 526 1094 601 φρυικτωρίαις
1119 534 1165 584 οἱ
1183 532 1406 600 ἀθληταὶ
1428 547 1700 600 καταυγα-

163 618 383 682 σθέντες
412 621 595 684 uesta;
617 621 714 689 τὴν
739 620 906 672 νύκτα
937 621 1304 694 παρέδραμον.

235 710 525 773 Συνέλασες
555 712 609 762 ὲν
633 711 827 779 γαστρὶ
853 711 940 763 τὸν
968 713 1305 783 προαιώνιον,
1324 712 1582 782 ἇχραντε,
1607 713 1699 764 καὶ
1772 740 1776 744 λ

159 797 387 860 vitam;
432 801 490 849 tv
545 797 710 867 σαρκὶ
737 798 828 850 τὸν
877 799 1034 867 φύσει
1085 802 1394 869 ἀπρόσιτον,
1443 802 1534 853 καὶ
1560 801 1713 868 γάλα,

162 887 426 951 ιπότισας
446 888 537 940 τὸν
561 889 763 960 τροφέα
790 890 1021 954 πάντων,
1044 890 1320 963 Θεομῆτορ
1342 891 1697 962 ἁπειρὸγαμε.

233 1070 495 1126 Κινοῦται
534 1073 589 1124 ὲν
657 1072 836 1143 μήτρᾳ
892 1087 983 1126 σου
1047 1071 1317 1143 Πατρῲων
1364 1075 1578 1130 κόλπων
1626 1076 1702 1146 μὴ

160 1162 528 1229 ἀφιστάμενος
555 1165 582 1215 ὁ
610 1163 969 1232 πληρέστατος
995 1165 1182 1230 Λόγος,
1209 1165 1301 1216 καὶ
1330 1165 1461 1232 σὰρξ
1491 1168 1698 1234 ὁρᾶται,

165 1253 263 1308 καὶ
287 1251 479 1320 βρέφος
505 1251 764 1325 τίκτεται,
793 1250 834 1320 ᾧ
862 1253 1095 1324 μελῳδοῦ
1105 1270 1224 1321 μιν,
1263 1253 1438 1322 Παρθέ
1450 1272 1522 1318 νε,
1544 1255 1704 1324 γηθό-

167 1357 344 1410 μενοι·
387 1341 738 1413 Εὐλογητδς”ὁ
759 1344 890 1407 Θεὸς
912 1345 939 1397 6
961 1343 1068 1397 τῶν
1099 1341 1370 1412 πατέρων.

238 1514 344 1566 Σὺν
394 1513 697 1585 ἀσωμάτων
744 1513 953 1580 τάξεσι,
993 1515 1090 1568 σὺν
1129 1513 1420 1584 μαρτύρων
1452 1513 1708 1584 στρατεύ-

168 1619 320 1674 μασι,
373 1605 468 1656 σὺν
505 1607 616 1667 τοῖς
659 1605 973 1667 ἀποστόλοις
999 1605 1092 1658 καὶ
1118 1606 1442 1674 προφήταις.
1472 1605 1707 1667 ἅπαντας

166 1695 268 1764 τὴν
298 1694 896 1757 πάντωνιδεσπόζουσαν
916 1697 1022 1748 τῶν
1045 1696 1357 1763 ποιημάτων
1390 1695 1704 1758 Δέσποιναν,

1799 533 2027 602 iiterque
2095 533 2356 601 principio
2426 551 2675 590 carens:
2740 538 2895 605 cujus
2959 539 3332 606 splendorihus

1798 624 2014 678 athletae
2036 623 2302 688 irradiati,
2339 625 2664 680 infidelitatis
2695 640 2900 682 noctem
2930 643 3331 702 percurrerunt.

1867 711 2167 778 Concepisti
2206 713 2259 764 in
2309 725 2478 775 utero,
2508 731 2539 766 ο
2568 717 2924 782 immaculata,
2962 733 3084 771 eum
3129 721 3220 786 qui
3253 730 3334 773 est

1799 806 1924 855 ante
1951 800 2143 854 stecula
2170 815 2185 865 ;
2216 799 2465 868 peperisti
2511 804 2562 854 in
2619 817 2779 855 carne
2817 819 2938 857 eum
2987 795 3076 872 qui
3133 814 3335 858 naturae

1796 901 1877 944 est
1917 888 2321 953 inaccessibilis,
2354 891 2488 943 lacte
2521 893 2713 958 potasti
2749 908 2870 945 eum
2905 894 2997 961 qui
3025 895 3187 947 nutrit
3210 895 3334 947 uni-

1797 998 1972 1048 versa,
1999 996 2031 1035 ο
2065 981 2153 1034 Dei
2180 979 2346 1033 Mater
2375 982 2552 1034 nescia
2593 981 2711 1034 viri.

1867 1071 2196 1126 Evacuatum
2230 1082 2310 1126 est
2334 1070 2386 1124 in
2413 1079 2562 1123 utero
2593 1081 2706 1135 tuo,
2759 1087 2791 1123 ο
2821 1071 3002 1140 Virgo,
3052 1088 3157 1126 non
3190 1088 3338 1127 recr-

1797 1162 1929 1216 dens
1961 1177 1990 1215 a
2023 1160 2250 1216 Paterno
2274 1161 2415 1224 sinu,
2455 1159 2687 1215 Verbum
2721 1161 3100 1229 plenissimum,
3135 1169 3185 1214 et
3211 1174 3336 1215 caro

1799 1255 2068 1323 apparuit,
2099 1262 2261 1322 atque
2318 1251 2499 1307 inl'ans
2551 1261 2734 1305 natum
2775 1261 2901 1306 est:
2951 1253 3033 1305 cui
3100 1252 3337 1305 suaviter

1800 1344 2045 1398 eanimus
2095 1341 2380 1396 ltetahundi
2416 1359 2430 1396 :
2461 1340 2782 1400 Benedictus
2814 1339 2951 1394 Deus
2991 1348 3196 1408 patrum
3249 1356 3340 1394 no-

1804 1441 2060 1486 strorum.
2153 1459 2170 1478 9
2787 1484 2790 1487 ,

1875 1519 2028 1588 193
2057 1519 2185 1572 Cum
2217 1519 2519 1588 agminibus
2547 1518 3010 1593 incorporearum,
3046 1534 3167 1573 eum
3200 1535 3342 1573 mar-

1805 1620 1980 1680 tyrntn
2023 1609 2378 1673 exercitibus,
2433 1624 2553 1663 cum
2609 1611 2868 1678 apostolis
2914 1624 2978 1662 ac
3031 1611 3343 1678 prophetis,

1807 1714 1993 1752 omnes
2029 1700 2273 1769 religiose
2306 1701 2493 1768 pieque
2519 1699 2886 1755 collaudemns
2925 1699 3340 1755 Dominatricem

161 1783 239 1846 ὡς
269 1784 376 1836 τῶν
404 1784 681 1854 Χερουϐὶμ
717 1786 1039 1855 ἁγιωτέραν.
1068 1788 1160 1839 καὶ
1195 1787 1358 1854 μόνην
1380 1784 1512 1838 Θεοῦ
1541 1785 1707 1854 ἁγνὴν
1739 1771 1742 1822 Ῑ

1809 1787 2045 1841 omnium
2068 1825 2084 1852 ,
2115 1788 2353 1856 reginam
2378 1803 2555 1842 rerum
2582 1799 2903 1854 creatarum,
2930 1798 3180 1858 tanquam
3206 1789 3346 1842 Che-

166 1874 394 1943 Μητέρα
414 1873 649 1936 εὑσεδῶς
675 1875 1036 1945 ἅνυμνοῦμεν,
1059 1875 1289 1944 Χριστὸν
1314 1873 1708 1946 ὑπεροψοῦντες

166 1965 248 2023 εἰς
276 1966 479 2026 πάντας
520 1966 645 2028 τοὺς
669 1965 888 2028 αἰῶνας.

237 2056 424 2108 hicat
469 2075 591 2126 μου,
638 2057 842 2127 Σῶτερ,
871 2058 900 2110 6
929 2055 1158 2126 τεχθεὶς,
1204 2055 1298 2108 καὶ
1342 2054 1574 2124 φυλάξας
1612 2053 1708 2125 τὴν

165 2145 430 2199 τεκοῦσαν
456 2163 514 2198 σε
540 2146 773 2216 ἄφθορον
798 2145 936 2214 μετὰ
960 2145 1057 2214 τὴν
1080 2145 1295 2214 κύησιν,
1333 2147 1459 2197 ὅταν
1482 2145 1708 2214 καθίσῃς

167 2234 353 2299 κρῐναι
384 2232 451 2285 τὰ
476 2232 611 2302 ἔργα
636 2251 761 2303 μου,
787 2235 884 2295 τὰς
914 2231 1142 2303 ἀνομίας
1169 2230 1443 2302 παρορῶν,
1487 2234 1579 2284 καὶ
1611 2234 1708 2294 τὰς

164 2323 440 2392 ἁμαρτίας
496 2341 614 2392 μου,
669 2324 743 2386 ὡς
775 2323 1172 2395 ἀναμάρτητος,
1225 2323 1468 2393 ἐλεήμων
1508 2323 1535 2375 ὁ
1578 2321 1708 2385 Θεὸς

165 2414 264 2468 καὶ
283 2412 676 2484 φιλάνθρωπος.

1811 1872 1988 1926 rubim
2037 1875 2384 1935 sanctiorem,
2419 1881 2472 1926 ει
2516 1875 2683 1927 solam
2717 1876 2807 1928 Dei
2848 1886 3070 1929 matrem
3102 1876 3346 1930 castissi-

1810 1977 1973 2024 mam,
2009 1961 2281 2016 Christum
2342 1963 2800 2030 superexallantes
2831 1965 2884 2016 in
2915 1965 3094 2018 omnia
3123 1966 3338 2019 saecula.

1878 2051 2041 2106 Parce
2065 2052 2214 2117 mihi,
2249 2051 2511 2114 Salvator,
2537 2052 2626 2122 qui
2651 2063 2806 2108 natus
2831 2069 2909 2117 es,
2942 2063 2993 2107 et
3019 2057 3343 2109 conservasti

1806 2142 2172 2212 incorruptam
2214 2153 2335 2212 post
2380 2152 2588 2212 partum
2635 2145 2944 2213 genitricem
2996 2130 3170 2207 tuam,
3221 2161 3343 2197 cum

1807 2232 2009 2287 sederis
2042 2233 2107 2286 ad
2139 2231 2425 2300 iudicanda
2463 2246 2624 2300 opera
2659 2248 2807 2295 mea;
2849 2232 3196 2286 dissimulans
3242 2232 3345 2282 ini-

1807 2325 2039 2392 quitates
2069 2332 2122 2377 et
2153 2333 2369 2392 peccata
2416 2338 2555 2382 mea.
2594 2332 2846 2390 tanquam
2883 2323 3259 2389 impeccabilis,
3296 2332 3350 2376 et

1807 2413 1949 2469 Deus
1976 2415 2306 2478 misericors,
2336 2425 2495 2483 atque
2537 2415 2814 2468 hominum
2849 2424 3074 2469 amator.

1018 2521 1102 2576 Ea:
1123 2521 1328 2578 Conone
1347 2525 1401 2577 in
1432 2522 1530 2578 SS.
1564 2525 1812 2593 Carpam,
1835 2537 1882 2579 et
1909 2523 2182 2595 Popylum,
2208 2525 2290 2580 die
2318 2527 2380 2579 l3
2406 2525 2561 2595 (86‘).

240 2631 286 2687 0
311 2640 461 2700 porta
486 2632 638 2699 lucis,
680 2649 798 2702 quae
826 2647 891 2687 ex
922 2632 1243 2702 in‘corruptis
1273 2634 1566 2688 visceribus
1597 2634 1700 2687 tuis

69 2753 83 2761 -
168 2721 392 2786 eﬂulsit,
430 2723 577 2775 vibra
649 2723 700 2774 in
769 2738 855 2777 me
928 2723 1309 2777 illuminativos
1390 2723 1712 2791 paenitentiae

170 2811 384 2876 radios,
438 2823 492 2866 et.
538 2812 736 2880 dissipa
772 2821 1114 2880 peccatorum
1148 2827 1389 2867 meorum
1445 2812 1709 2878 tenebras,

171 2918 206 2954 ο
236 2902 417 2956 divina
448 2903 618 2970 gratia
650 2903 982 2976 plenissima.
1157 2920 1176 2937 κ
1482 2971 1486 2976 _
1595 2902 1603 2911 ’

243 2994 622 3062 COgnovimus,
689 2993 944 3056 Domine,
1004 2993 1145 3062 quod
1197 3009 1318 3048 cum
1379 2993 1518 3047 Deus
1567 3008 1715 3048 esses

1805 2637 1971 2689 Deum
2000 2635 2628 2704 incOmprehensibilem,
2661 2622 2915 2703 peperisti
2952 2650 3110 2702 supra
3142 2643 3345 2686 natura:

1814 2726 2051 2789 modum,
2075 2727 2448 2795 plasmatorem
2481 2735 2697 2780 naturae.
2728 2726 2973 2793 Magnum
2998 2724 3345 2794 mysterium!

1815 2816 2200 2885 inintelligibile
2234 2817 2390 2887 194
2420 2817 2768 2880 miraculum,
2811 2832 2842 2869 0
2890 2816 3045 2883 Virgo
3090 2816 3200 2867 sola
3231 2815 3350 2867 sine
3403 2872 3410 2876 η

1816 2909 1919 2962 ulla
1950 2911 2156 2962 macula
2189 2908 2317 2977 (87).

1886 2998 1960 3051 Ex
2013 2999 2125 3052 luto
2178 2999 2518 3067 passionum,
2573 3014 2637 3053 ex
2693 2998 2947 3051 barathro
3007 3006 3356 3064 peccatomm.

169 3087 437 3156 principio
466 3102 686 3152 carens,
716 3087 1037 3154 principium
1074 3088 1271 3140 habere
1304 3085 1628 3145 sustinuisti.
1659 3094 1712 3138 et
1739 3113 1782 3170 ο
1813 3089 1966 3149 educ,
1997 3097 2050 3141 et
2079 3103 2198 3154 rege
2224 3103 2306 3139 me
2338 3103 2548 3140 servum
2583 3096 2729 3141 tuum
2769 3101 2982 3151 semper
3013 3087 3347 3139 conﬁtentem

169 3193 241 3231 ex
267 3177 480 3246 Virgine
503 3179 701 3245 absque
728 3179 1020 3230 mutatione
1039 3178 1348 3245 procedere,
1371 3192 1526 3245 quam
1551 3178 1711 3231 etiam

174 3273 301 3335 post
329 3274 538 3333 partum
571 3265 933 3334 incorruptam
962 3281 1255 3343 puramque
1278 3266 1626 3319 conservasti.

250 3353 565 3407 Tbalamum
621 3353 712 3406 Dei
752 3355 1253 3419 incontaminatum,
1304 3363 1538 3408 montem
1568 3369 1597 3408 a
1633 3356 1710 3408 la-

173 3445 363 3514 picldte
387 3445 631 3498 manibus
654 3445 964 3507 immunem,
994 3459 1171 3498 arcam
1205 3451 1446 3513 sanctam
1475 3459 1538 3498 ac
1566 3459 1715 3497 men-

175 3529 322 3600 sam,
368 3547 422 3590 et
464 3536 716 3590 carbonis
760 3534 1125 3588 immaterialis
1164 3534 1494 3586 thuribulum
1529 3547 1716 3586 omnes

175 3626 361 3680 ﬁdeles
390 3633 441 3678 te
475 3625 851 3694 praedicamus,
878 3639 908 3677 ο
939 3633 1084 3678 casta
1137 3623 1314 3692 Virgo,
1364 3631 1474 3677 tota
1520 3626 1714 3677 imma-

179 3717 387 3771 culata.
465 3784 467 3787 ι
1527 3760 1532 3766 .

249 3805 467 3860 Portum
502 3805 791 3859 salutarem
825 3812 897 3869 te,
932 3820 962 3858 ο
994 3803 1175 3875 Virgo,
1215 3803 1470 3858 habentes
1494 3819 1590 3858 nos
1618 3803 1710 3872 qui

171 3898 396 3953 assidue
428 3897 478 3949 in
514 3896 954 3964 gravissimorum
1009 3897 1270 3947 malorum
1309 3894 1496 3962 pelago
1541 3895 1713 3962 jacta-

174 4005 324 4053 mur,
373 3988 437 4040 ad
469 3996 519 4040 te
549 3985 908 4054 confugimus,
939 3994 992 4039 et
1034 3986 1087 4038 in
1131 3993 1181 4038 te
1221 3994 1521 4052 sperantes,
1569 3985 1710 4038 mala

177 4081 420 4136 hostium
452 4068 678 4132 consilia
708 4092 810 4128 non
849 4076 1220 4129 formidamus.

246 4169 549 4238 Concepisti
601 4169 803 4236 absque
851 4167 1019 4220 virilis
1057 4167 1310 4221 consortii
1349 4166 1709 4234 experientia.

185 4303 290 4356 Ἐκ
320 4299 422 4351 τοῦ
458 4297 720 4359 Κανόνος
746 4297 829 4359 εὶς
857 4293 995 4357 τοὺς
1020 4295 1222 4361 ἁγίους
1253 4293 1552 4361 μάρτυρας
1599 4297 1712 4346 Να·

244 4367 459 4432 ζ’ἀριον,
521 4369 566 4418 Γ
568 4365 841 4431 ερϐάσον,
903 4364 1232 4429 Προτὰσιον
1287 4363 1384 4414 καὶ
1449 4365 1708 4426 Κέλσον,

247 4435 438 4502 ἡμέρᾳ
464 4433 543 4487 ιδ’.

249 4545 362 4614 Τὴν
409 4545 573 4614 μόνην
609 4543 928 4612 χωρήσασαν
970 4544 1057 4594 τὸν
1115 4544 1219 4613 πρὸ
1263 4544 1470 4596 αἰώνων
1516 4544 1715 4612 Κύριον

173 4641 236 4690 ὲν
275 4638 454 4705 μήτρᾳ
485 4634 814 4702 πανάμωμον
838 4635 1003 4701 κόρην
1025 4635 1369 4702 ὑμνήσωμεν,
1399 4634 1477 4683 ὅτι
1500 4633 1717 4697 γέγονεν

173 4727 419 4804 οὐρανῶν
463 4725 789 4794 πλατυτέρα,
834 4724 964 4774 Θεὸν
1002 4723 1373 4791 σωματώσασα
1403 4723 1465 4773 δι’
1512 4723 1712 4788 ἀγαῡό-

173 4833 342 4886 τηταρ

251 4907 433 4974 Νόμου
467 4906 764 4976 προετύπου
791 4922 848 4957 σε
948 4902 1115 4972 σκηνὴ
1142 4902 1462 4970 γενήσεσθαι
1493 4901 1711 4968 μέλλου-

176 5015 303 5059 σαν,
334 4997 491 5064 ἁγνὴ,
531 4997 661 5048 Θεοῦ
708 4997 857 5062 ἅγιον
890 4994 1166 5062 σκήνωμα,
1218 4992 1272 5040 ὲ·
1327 4985 1372 5057 ᾧ
1420 4995 1446 5044 ὁ
1497 4993 1714 5062 ἱλασμὸς

172 5086 339 5156 ἡμῶν
394 5086 657 5156 ἀγιασμὸν
708 5084 1044 5154 δωρούμενος
1097 5083 1258 5133 πᾶσιν
1309 5084 1439 5150 ἡμῖν
1496 5083 1715 5135 ἐπελεύ-

173 5195 354 5234 σεται.
667 5229 683 5241 ,

251 5268 343 5339 Μὴ
380 5267 612 5330 κενώσας
637 5269 757 5330 τοὺς
811 5268 1142 5336 Πατρῷον-τὸ
1173 5265 1448 5336 ὑπέρθεος,
1484 5267 1711 5335 ἄχραντε

259 5436 392 5501 (86')
425 5435 763 5488 Desideratur
796 5433 847 5485 in
883 5433 1094 5485 Menaeis
1127 5432 1421 5498 impressis.

253 5505 363 5572 (87)
394 5504 526 5568 Quia
551 5504 657 5554 sola
688 5505 823 5554 inter
852 5518 1037 5554 omnes
1065 5502 1188 5552 Adae
1217 5501 1351 5553 ﬁlios
1375 5504 1488 5554 sine
1514 5505 1710 5568 peccati

172 5574 457 5639 originalis
507 5573 710 5622 macula
765 5579 1036 5636 concepta.
1071 5573 1200 5621 Cum
1244 5572 1380 5621 enim
1424 5587 1607 5639 omnes
1658 5574 1710 5625 in

176 5638 353 5698 Adam
377 5642 740 5710 peccaverint,
773 5648 829 5693 ut
859 5639 1031 5707 inquit
1071 5639 1353 5706 Apostolus
1384 5640 1433 5692 in
1468 5638 1698 5709 Epistula

1815 3186 1868 3232 te
1898 3177 2197 3245 Deiparam.
2235 3177 2311 3230 Tu
2343 3178 2481 3231 enim
2519 3193 2729 3246 semper
2781 3191 2968 3229 eorum
3014 3176 3106 3243 qui
3148 3174 3347 3228 eadunt

1812 3285 1869 3324 es
1897 3269 2117 3323 erectio.

1885 3358 2070 3411 Prinne
2129 3361 2318 3414 matris
2376 3368 2570 3413 nostra
2607 3359 2730 3414 Eva:
2773 3360 3198 3414 maledictienem
3236 3369 3348 3407 ma-

1794 3445 2025 3509 nnil‘este,
2063 3461 2095 3499 ο
2128 3445 2312 3515 Virgo,
2351 3449 2577 3502 solvisti.

1887 3535 2050 3590 Sacer
2097 3539 2472 3605 prophetarum
2509 3538 2811 3591 divinorum
2860 3537 3056 3591 chorus
3102 3535 3350 3601 praedicat

1818 3633 1887 3689 te,
1929 3642 1961 3677 ο
1994 3628 2299 3691 purissima,
2339 3627 2569 3680 futuram
2623 3629 2840 3681 Matrem
2892 3627 3002 3687 Dei,
3035 3627 3119 3679 cui
3166 3640 3350 3677 omnes

1815 3717 2112 3769 clamamus
2140 3736 2152 3768 :
2186 3717 2506 3781 Beaedicite,
2540 3720 2742 3778 omnia,
2774 3727 2858 3770 etc

1883 3805 2011 3858 Fers
2054 3806 2106 3857 in
2156 3806 2315 3869 ulnis,
2355 3821 2388 3858 0
2430 3808 2770 3869 castissima,
2822 3817 3074 3873 tanquam
3125 3812 3350 3855 tnronus

1813 3894 2162 3957 Cherubicus,
2194 3895 2452 3949 lerentem
2474 3897 2676 3959 omnia,
2707 3898 2797 3964 qui
2829 3905 3046 3964 propter
3075 3911 3171 3947 nos
3194 3910 3350 3945 carne

1814 3994 1992 4037 nostra
2021 3986 2384 4040 circumdatus
2406 3993 2508 4047 est,
2541 3994 2592 4038 et
2623 4000 2742 4037 cum
2776 3995 2916 4037 esset
2955 3985 3204 4051 simplex,
3256 3983 3352 4034 dn-

1812 4074 1931 4143 plex
1961 4077 2241 4144 apparuit;
2290 4091 2450 4145 quem
2483 4086 2536 4129 tu
2562 4092 2768 4144 seraper
2811 4089 3026 4143 precare
3055 4089 3150 4141 pro
3181 4072 3355 4133 nobis,

1814 4167 2153 4220 laudantibus
2182 4176 2250 4220 te.

1819 4301 1900 4354 EI.
1937 4303 2141 4356 Canonc
2166 4305 2216 4358 in
2240 4304 2371 4370 festo
2403 4302 2503 4354 SS.
2545 4300 2788 4360 Nazari',
2822 4300 3055 4364 (ἔστινκαὶ,
3094 4300 3348 4365 Protasii,

2166 4412 2174 4418 .
2238 4382 2284 4424 et
2318 4371 2453 4425 Celsi
2491 4382 2673 4432 mart.,
2703 4372 2785 4423 die
2823 4370 2905 4422 14.

1883 4542 2183 4596 Laudemus
2216 4542 2770 4595 immaculatissimam
2799 4541 3054 4608 puellam,
3082 4556 3200 4608 qua:
3233 4541 3345 4593 sola

1815 4638 1867 4688 in
1900 4646 2050 4687 utero
2093 4633 2396 4693 Dominum.
2447 4634 2537 4700 qui
2575 4641 2656 4685 est
2694 4642 2816 4684 ante
2846 4633 3058 4692 smrula,
3110 4647 3352 4696 couipre-
3406 4669 3408 4672 μ

1813 4726 2032 4778 hendit:
2067 4725 2199 4777 facta
2231 4733 2313 4779 est
2347 4726 2488 4776 enim
2533 4725 2686 4776 latior
2713 4724 2882 4785 caelis,
2917 4722 3080 4774 Deum
3115 4737 3340 4793 corpore

1812 4816 2042 4868 vestiens
2067 4822 2279 4882 propter
2306 4815 2472 4881 ipsius
2501 4815 2814 4866 bonitatem.

1891 4904 2080 4972 Legale
2137 4905 2537 4957 tabernaculum
2589 4902 2959 4971 prmﬁgurabat
3014 4911 3062 4954 te
3118 4901 3348 4954 futuram

1819 5007 1936 5044 esse
1963 4999 2201 5044 sanetum
2240 4993 2327 5044 Dei
2380 4991 2802 5052 tabernaculum,
2855 5005 2887 5040 ο
2925 4999 3091 5052 casta,
3147 4991 3198 5041 in
3245 5005 3351 5055 quo

1821 5083 2180 5148 superveniret
2207 5083 2515 5150 propitiatio
2539 5091 2740 5141 nostra,
2774 5095 2892 5149 quae
2919 5082 3072 5133 nobis
3098 5079 3348 5131 omnibus

1819 5173 2289 5226 sanetitieationem
2321 5174 2620 5242 largiretur.

1890 5262 2001 5316 Non
2052 5265 2358 5332 relinquens
2410 5278 2631 5317 vacuum
2680 5262 2967 5315 Paternum
3023 5261 3198 5314 sinum
3260 5259 3350 5311 ille

1818 5435 1879 5487 ad
1908 5434 2174 5489 Romanos
2200 5452 2315 5502 cap.
2347 5452 2395 5497 v,
2433 5435 2481 5487 in
2531 5435 2626 5487 hac
2653 5437 2884 5502 generali
2921 5433 3096 5497 regula
3131 5433 3320 5502 seude

1817 5512 1960 5556 creto
1992 5509 2054 5556 de
2087 5499 2302 5572 peccat—0
2341 5505 2581 5569 originali
2617 5499 2677 5555 ΒΪ
2707 5505 2974 5570 Virginem
3004 5499 3348 5572 comprehen-

1817 5573 1940 5623 dere
1966 5569 2256 5626 declaravit
2287 5589 2393 5627 sua:
2428 5574 2738 5629 intentionis
2774 5569 2878 5627 non
2909 5585 3024 5623 esse
3055 5569 3340 5625 coaciliutn

1805 5640 2172 5696 Tridentinnm
2204 5644 2444 5697 schionc
2475 5642 2526 5696 5.
