3936 6304
181 350 320 418 1229

1549 341 1908 402 MARIALE.

3225 332 3364 399 1230

173 460 318 531 ὑπὲρ
338 458 497 526 λόγον
528 451 825 523 παράδοξον
868 452 1105 522 τρόπον;
1135 447 1296 518 φύσει
1335 445 1444 518 γὰρ
1479 447 1613 501 Θεδν
1637 465 1726 500 σε-

1866 463 1915 503 is
1942 446 2014 501 tui
2043 443 2207 514 208
2233 442 2516 510 rationem,
2552 457 2677 515 qua
2696 443 2844 499 omni
2873 443 3083 500 ratione
3100 450 3182 498 est
3209 456 3369 513 rupe-

176 548 527 623 σαρκωμένον
557 545 694 619 ὑπὲρ
722 544 877 613 λόγον
907 543 1167 613 ἐκύησας.

175 809 518 876 κατάκριτοι,
545 808 637 862 καὶ
668 805 1018 875 συνήφθημεν
1051 805 1235 865 άΰλοις
1275 802 1603 882 λειτουργοῖς
1632 804 1725 856 καὶ

174 897 272 951 τοῦ
302 897 627 969 παραδείσου
658 894 989 965 ἠξιώθημεν,
1036 896 1093 947 έν
1119 891 1358 962 γυναιξὶν
1393 893 1722 963 εὐλογημένη

175 988 550 1058 θεοχαρίτωτε.
1013 1038 1019 1054 τ
1460 1045 1463 1052 ,
1660 1015 1664 1018 -

247 1075 577 1146 Δυοώπησον
635 1074 775 1145 ὑπὲρ
822 1071 928 1127 τῶν
990 1071 1215 1126 οἰκετῶν
1262 1089 1375 1138 σου,
1443 1071 1725 1140 Θεόνυμφε

175 1166 426 1231 Θεοτόκε,
459 1166 550 1218 τὸν
574 1167 639 1218 ὲκ
670 1163 762 1216 σοῦ
795 1161 1166 1234 σαρκωθέντα,
1198 1161 1328 1214 Θεὸν
1352 1161 1528 1231 ἡμῶν,
1551 1160 1634 1214 ὅτι.
1668 1159 1726 1212 σὲ

175 1257 273 1310 καὶ
303 1258 470 1327 μόνην
503 1254 836 1327 προστασίαν
865 1252 1047 1305 πιστοὶ
1074 1249 1432 1320 ἐπιστάμεθα.

263 1431 450 1485 Ῥὗσαι
491 1433 637 1502 ἡμᾶς
677 1429 1017 1502 πειρασμῶν,
1058 1429 1152 1481 καὶ
1183 1426 1432 1496 θλίψεων,
1465 1416 1558 1478 καὶ
1596 1441 1732 1496 συμ-

179 1525 366 1593 φορῶν
399 1522 772 1584 παντοδαπῶν,
813 1523 909 1574 καὶ
936 1518 1234 1590 Βαρϐάρων
1293 1517 1614 1588 ἐπιδρομῆς,
1642 1515 1736 1567 Δέο

179 1629 376 1666 σποινα
401 1614 736 1683 πανύμνητε,
781 1613 927 1675 ὅπως
969 1629 1027 1663 σε
1057 1610 1382 1678 δοξάζωμεν,
1411 1608 1504 1662 καὶ
1529 1608 1619 1660 τὸν
1674 1607 1738 1658 ὲκ

179 1701 280 1757 σοῦ
309 1703 921 1772 τεχθέντα,’Θεόνυμφε,
971 1702 1077 1756 τὸν
1100 1702 1308 1754 αἰνετὸν
1327 1761 1330 1764 ,
1350 1699 1459 1754 τῶν
1489 1699 1737 1768 πατέρων

177 1794 316 1849 Θεὸν
337 1791 431 1850 καὶ
464 1793 836 1864 ὑπερένδοξον.

265 1976 354 2030 Ἐν
382 1979 448 2047 τῇ
487 1975 738 2046 ἁφλέκτῳ
768 1975 934 2046 βάτῳ,
963 1974 1056 2028 καὶ
1097 1971 1396 2044 δροσοϐόλῳ
1438 1967 1650 2039 καμίνῳ
1675 1969 1738 2021 σὺ

173 2068 558 2138 προεγράφης,
602 2066 1053 2138 Μητροπάρθενε,
1126 2065 1418 2136 ἀφράστως
1485 2061 1738 2132 κυήσασα

173 2158 594 2229 σισαρκωμένον
622 2158 772 2224 Θεὸν,
810 2159 948 2227 ἁγνὴ
973 2156 1331 2227 εὐλογημένη.

255 2249 326 2301 Σὲ
357 2247 452 2302 καὶ
471 2249 666 2317 τεῖχος,
707 2249 801 2301 καὶ
830 2246 1168 2318 καταφυγὴν,
1213 2248 1307 2301 καὶ
1340 2246 1581 2318 κλίμακα
1612 2245 1745 2314 πρὸς

181 2339 322 2409 ὕψος
380 2339 722 2410 μετάγουσαν
769 2339 829 2392 τὸ
863 2339 1220 2410 ἀνθρώπινον,
1245 2339 1550 2410 πανάμωμε
1581 2337 1740 2408 ἁγνὴ.

176 2430 391 2494 ειδότες
446 2429 830 2500 κραυγάξομεν
859 2446 872 2461 ·
934 2430 1240 2499 Εὑλογεϊτε,
1281 2431 1457 2484 πάντα
1486 2430 1553 2483 τά
1607 2428 1744 2498 ἔργα

175 2521 432 2597 Κυρίου,
447 2522 536 2574 τὸν
559 2503 781 2589 Κύριον,
805 2522 1090 2590 ὑμνεῖτε...

265 2612 444 2666 Σῶσόν
475 2630 560 2683 με,
597 2599 754 2683 ἁγνὴ,
787 2614 821 2682 ἡ
846 2613 937 2688 τὸν
965 2614 1189 2684 Σωτῆρα
1227 2614 1582 2682 ἀποκυήσασα
1614 2612 1748 2682 Χρι-

187 2705 341 2769 στὸν,
365 2705 496 2773 ἡμίν
520 2703 872 2774 ὁμοιωθέντα,
896 2704 1041 2767 ὅπως
1062 2705 1119 2757 έν
1143 2704 1346 2758 αἰνέσει
1369 2719 1428 2755 σε
1456 2691 1542 2755 ἀεὶ
1577 2718 1752 2771 μακα-

188 2795 458 2865 ρίζωμεν,
490 2795 848 2866 εὐλογημένη.

259 2886 446 2956 Φέρεις
473 2886 565 2939 τὸν
594 2887 661 2938 τὰ
699 2887 875 2951 πάντα
915 2886 1171 2955 φέροντα,
1205 2885 1300 2938 καὶ
1348 2884 1635 2954 γαλουχείς
1663 2882 1751 2934 τὸν

184 2968 326 3030 πᾶσι
359 2977 561 3048 τροφὴν
592 2976 919 3046 παρέχοντα,
950 2977 1092 3047 μέγα
1131 2978 1224 3030 καὶ
1253 2974 1478 3045 φρικτὸν
1522 2975 1582 3028 τὸ
1615 2974 1754 3043 ὑπὲρ

183 3063 317 3119 νοῦν
344 3082 435 3118 σου
466 3066 778 3137 μυστήριον,
809 3066 1019 3120 meum
1045 3066 1137 3119 τοῦ
1175 3065 1371 3118 σεπτοῦ
1396 3061 1752 3132 ἁγιάσματος,

183 3155 437 3227 Παρθένε
473 3155 719 3224 Θεοτόκε,
756 3158 877 3210 ὅθεν
913 3156 1119 3221 πιστῶς
1151 3173 1211 3210 σε
1249 3154 1645 3226 μακαρίζομεν.

265 3341 445 3402 Φωτὸς
482 3334 1018 3411 οίκητὴριον,ἁγνὴ,
1074 3339 1396 3409 γεγένησαι*
1450 3340 1539 3393 διὰ
1599 3328 1758 3393 τοῦτο

192 3428 424 3482 ἱκετεύω
457 3445 534 3493 σε,
576 3429 828 3498 φώτισον,
859 3430 1072 3500 δέομαι,
1127 3431 1224 3494 τὰς
1283 3431 1449 3501 κόρας
1477 3431 1575 3500 τῆς
1605 3447 1758 3484 τετα-

190 3521 537 3590 πεινωμένης
565 3521 787 3591 καρδίας
811 3539 910 3590 μου
944 3521 1128 3577 παθῶν
1158 3525 1276 3584 ταῖς
1299 3524 1561 3592 χαλεπαῖς
1582 3523 1760 3594 ἀμαυ-

190 3610 440 3682 ρότησιν,
459 3612 606 3676 ὅπως
633 3613 689 3666 ιν
711 3612 886 3666 πίστει
916 3613 1200 3685 μακαρίζω
1225 3630 1328 3690 se.

680 3765 834 3820 MHN
868 3766 1286 3821 ΝΟΕΜΒΡΙΟΣ.

161 3929 164 3931 λ
205 3894 312 3969 ᾟκ
364 3895 470 3950 τοῦ
520 3897 786 3969 Κανρνος
809 3898 899 3969 εις
925 3873 934 3881 ’
964 3895 1104 3969 τοὺς
1136 3899 1342 3969 ἁγίους
1371 3896 1760 3965 Ἀναργύρους

447 3964 704 4035 Κοσμᾶν
727 3966 821 4019 καὶ
853 3964 1390 4036 Δαμιανὸν,“ἡμέρᾳ
1420 3973 1487 4020 α’.

264 4095 510 4188 ,Σωτῆρα
549 4117 644 4171 καὶ
677 4117 808 4171 Θεὸν
846 4117 903 4184 ἐξ
933 4119 1111 4186 ἁγνῶν
1143 4136 1235 4177 σου
1267 4119 1513 4189 αἱμάτων
1543 4095 1758 4188 ἐσωμά-

197 4225 408 4272 τωσας,
434 4210 712 4280 ἁγνὴφτδν
741 4210 990 4274 δείξαντα
1020 4212 1152 4282 ἡμῖν
1183 4211 1398 4282 ἰατροὺς
1427 4210 1533 4265 τῶν
1574 4212 1760 4265 παθῶν

191 4303 230 4371 ἡ
243 4300 384 4369 μῶν,
416 4300 671 4370 ἁχραντε,
699 4302 1082 4371 σωτηριὼδεις,
1122 4291 1216 4354 καὶ
1269 4303 1502 4373 θερμοὺς
1547 4304 1761 4373 ἀντιλή-

195 4388 414 4460 maps;
442 4392 568 4454 τοὺς
598 4392 831 4454 σεπτοὺς
859 4393 1219 4465 Ἀναργύρους
1243 4395 1298 4448 ὲν
1329 4397 1620 4466 πνεύματι.

273 4566 636 4646 ’Ὧραιοτάτην
667 4576 723 4627 ὲν
749 4575 962 4642 γυναιξί
993 4592 1049 4626 σε
1080 4575 1210 4640 Θεὸς
1238 4576 1532 4657 ὲξεξιέξατο,
1573 4578 1664 4630 καὶ
1694 4538 1756 4631 έκ
1835 4538 1860 4592 τ’

195 4666 301 4718 σοῦ
333 4666 695 4736 σωματικῶς,
723 4667 886 4736 ἁγνὴ,
919 4667 1173 4737 τεχθῆναι
1220 4669 1532 4738 ηὐδόκησεν,
1569 4671 1596 4721 ό
1625 4670 1756 4722 ἀναοι

179 4737 515 4826 παυόμενος
548 4750 606 4810 ὲν
637 4759 747 4820 τοῖς
782 4757 956 4825 ἁγίοις
983 4757 1168 4811 αὑτοῦ.

273 4869 625 4938 Συμπαθείας
683 4889 771 4941 με,
811 4872 1074 4942 Παρθένε,
1111 4877 1210 4944 τῆς
1242 4876 1298 4927 ἐν
1356 4874 1437 4926 σοὶ
1488 4858 1757 4940 καταξίω-

135 5000 145 5008 .
198 4977 323 5023 σον,
350 4963 384 5030 ἡ
409 4962 638 5016 τεκοῦσα
667 4965 837 5039 Λόγον
861 4964 1018 5034 μόνον
1049 4965 1260 5036 ἀληθῶς
1293 4984 1354 5018 συ
1364 4967 1756 5035 μπαθέστατον,

143 5057 152 5064 “
194 5053 298 5107 τὸν
328 5055 627 5123 συμπαθεῖς
651 5058 774 5121 τοὺς
799 5058 1006 5126 ἁγίους
1030 5059 1382 5119 ἀναδείξαντα
1416 5048 1640 5132 ίατῆρας
1672 5065 1761 5115 καὶ

197 5145 651 5216 θαυματουργοὺς
681 5152 738 5204 ὲν
769 5154 883 5213 τοῖς
906 5136 1144 5222 τέρασιν.

277 5326 480 5396 Σοφίαν
508 5327 746 5404 ὲκύησας
791 5333 925 5386 Θεοῦ
980 5335 1078 5405 τὴν
1110 5333 1488 5399 ένυπόστατον,
1528 5336 1764 5407 άχραντε
1856 5371 1892 5383 .~

199 5416 450 5488 Παρθένε
484 5419 733 5498 Θεοτόκε,
766 5423 867 5492 τὴν
894 5425 1019 5486 τοὺς
1046 5425 1230 5492 ἁγίους
1258 5427 1560 5494 πανσόφους
1593 5427 1765 5492 δείξα-

203 5528 336 5575 σαν,
366 5508 432 5561 δι’
466 5500 542 5561 ὧν
576 5510 676 5579 τῆς
706 5513 900 5574 κακίας
943 5510 1197 5582 σοφιστοῦ
1227 5515 1478 5570 πέπτωκε
1517 5515 1576 5568 τὺ
1594 5520 1766 5588 φρύα-

202 5617 328 5672 γμα
357 5599 451 5651 καὶ
482 5599 630 5651 δεινὰ
661 5603 1142 5672 πανουργεύματα.
1516 5607 1519 5609 ’

280 5690 431 5750 Ναόν
454 5707 513 5745 σε
547 5691 783 5762 καθαρὸν
807 5694 1201 5765 ἀπειργάσατο,
1232 5697 1514 5765 Δέσποινα,
1548 5699 1574 5751 ὁ
1600 5699 1767 5754 καθα-

1826 537 1977 594 rior?
2005 535 2138 589 Eum
2174 548 2404 603 namque
2429 534 2523 605 qui
2579 543 2767 605 suapte
2819 542 3015 589 natura
3056 533 3192 588 Deus
3230 542 3367 600 erat,

1808 641 1986 695 supra
2028 622 2173 678 verbi
2203 630 2544 691 conceptum,
2576 623 2913 678 incarnatum
2952 622 3227 691 peperisti.

262 717 566 790 ’Υμνοῦμέν
600 733 657 771 σε
689 717 755 770 δι’
807 711 878 787 ἧς
935 712 1334 782 έδικαιὼθημεν
1374 712 1423 763 οί
1466 711 1724 783 πρότερον
1807 756 1811 760 .

1892 710 2196 764 Laudamus
2237 718 2306 775 te,
2367 722 2399 762 ο
2440 707 2716 765 benedicta
2763 710 2902 766 inter
2948 710 3220 774 mulieres,
3264 707 3374 763 Deo

1826 802 2162 874 gratissima,
2221 816 2318 871 per
2347 815 2508 871 quam
2538 819 2634 858 nos
2679 813 2838 862 antea
2892 805 3130 858 damnati
3175 802 3375 872 justiti-
3455 790 3459 798 ’

1824 894 1928 949 cati
1954 908 2162 956 sumus,
2194 899 2247 945 et
2275 891 2718 955 immaterialibus
2744 894 3007 950 ministris
3024 895 3280 964 cooptati,
3313 908 3378 948 ac

1828 984 2079 1055 paradiso
2110 983 2256 1052 digni
2283 982 2407 1037 facti
2443 998 2651 1038 sumus.
2677 998 2679 1000 ·

1897 1073 2092 1139 Exora,
2129 1087 2162 1127 ο
2196 1071 2288 1128 Dei
2309 1072 2519 1143 Sponsa
2544 1070 2927 1142 Deipara,gpro
2974 1072 3214 1127 famulis,
3247 1070 3377 1134 tuis,

1825 1161 1992 1218 Deum
2028 1172 2295 1228 nostrum,
2328 1164 2422 1233 qui
2467 1177 2532 1232 ex
2571 1171 2622 1217 te
2651 1162 2964 1218 incarnatus
2993 1173 3076 1217 est
3107 1181 3121 1218 :
3155 1173 3207 1218 te
3232 1163 3377 1216 extim

1726 1310 1744 1317 _
1827 1253 2044 1308 unicum
2101 1253 2456 1324 patrocinium
2509 1263 2754 1308 nostrum
2809 1265 2910 1306 nos
2965 1251 3146 1306 ﬁdeles
3202 1264 3372 1321 agno—

1829 1358 2053 1398 scrmus.

1870 1429 1874 1434 ’
1902 1434 2091 1489 Libera
2125 1449 2246 1500 nos,
2270 1450 2300 1489 ο
2329 1434 2577 1499 Domina,
2617 1449 2828 1489 sumine
2879 1431 3170 1495 laudanda,
3199 1444 3228 1483 a
3269 1440 3386 1484 ten-

1841 1526 2162 1591 tationibus,
2204 1510 2666 1605 ttjliulationibus,
2722 1525 3026 1595 omnigenis
3068 1523 3390 1578 calamitati-

1835 1616 1958 1678 bus,
1990 1626 2147 1687 atque
2197 1633 2231 1675 a
2262 1617 2619 1672 Barbarorum
2647 1616 2870 1671 incursu
2928 1633 2940 1668 ε
3003 1624 3060 1669 ιιι
3099 1625 3172 1679 ιε,
3209 1630 3240 1668 o
3294 1612 3390 1667 Dei

1838 1705 2069 1774 Sponsa,
2111 1705 2493 1774 gloriﬁcemus,
2521 1714 2683 1775 atque
2714 1705 2886 1772 illum,
2917 1706 3007 1775 qui
3045 1721 3107 1760 ex
3148 1714 3199 1759 te
3230 1712 3390 1758 natus

1769 1787 1813 1842 Β
1841 1804 1943 1861 est,
1977 1796 2299 1875 laudabilem
2349 1812 2411 1851 ac
2451 1799 2911 1868 supergloriosum
2947 1797 3116 1853 Deum
3173 1807 3386 1867 patrum

1837 1895 2170 1942 nostrorum.
2923 1953 2931 1965 ν

1909 1976 1964 2032 In
1997 1978 2131 2032 rubo
2159 1977 2520 2044 incombusto,
2571 1986 2623 2031 et
2667 1977 2721 2032 in
2756 1979 2972 2032 fornace
3003 1993 3124 2033 rore
3154 1979 3391 2046 perfusa,
3439 1975 3446 1978 ’

1841 2078 1896 2123 ιιι
1953 2069 2293 2138 praeﬁgurata
2355 2083 2434 2135 es,
2474 2083 2506 2123 ο
2546 2067 2713 2124 Mater
2747 2069 2908 2139 Virgo
2937 2081 3104 2134 casta,
3143 2083 3205 2122 ac
3232 2069 3395 2122 bene-

1841 2158 2006 2223 dicta,
2036 2174 2154 2228 quae
2183 2159 2350 2214 Deum
2381 2159 2723 2214 incarnatum
2750 2159 3093 2214 ineffabiliter
3141 2159 3394 2227 genuisti.

1911 2246 1988 2302 Te
2014 2233 2250 2312 murum,
2291 2247 2580 2318 refugium,
2627 2258 2678 2302 et
2711 2248 2933 2312 scalam,
2983 2263 3102 2317 qua:
3150 2248 3296 2302 ducit
3331 2249 3395 2300 ad

1844 2322 2224 2395 sublimitatem
2249 2339 2545 2394 humanum
2572 2355 2764 2409 genus,
2795 2349 3174 2408 agnoscentes,
3198 2354 3229 2392 ο
3249 2347 3394 2392 casta

1843 2429 2067 2484 abomni
2086 2430 2201 2484 labe
2219 2424 2498 2496 immunis,
2515 2431 2811 2485 clamamus
2836 2449 2848 2485 :
2869 2430 3193 2496 Benedicite,
3219 2430 3398 2484 omnia

1843 2536 2005 2591 opera
2040 2520 2270 2586 Domini,
2303 2521 2611 2585 Dominum,
2644 2522 2877 2582 laudate.
2908 2529 3012 2576 etc.

1918 2610 2134 2666 Salvum
2164 2628 2246 2667 me
2271 2613 2376 2678 fac,
2418 2630 2450 2669 ο
2480 2619 2650 2678 casta,
2689 2604 2808 2684 ψιτὲ
2834 2613 3108 2668 Christum
3155 2612 3401 2667 Salvato-

1809 2687 1816 2694 ’
1849 2716 1982 2763 rem,
2010 2699 2212 2756 factum
2247 2703 2402 2758 nobis
2435 2705 2666 2758 similem
2699 2704 2988 2772 peperisti,
3031 2715 3093 2757 ut
3121 2719 3245 2758 cum
3281 2704 3401 2756 lau-

1792 2846 1795 2849 _
1850 2789 2008 2842 dibus
2033 2799 2086 2843 te
2107 2804 2315 2860 semper
2345 2792 2732 2856 beatiﬁcemus,
2757 2807 2790 2847 o
2826 2793 3123 2847 benedicta.

1923 2881 2110 2935 Portas
2136 2896 2255 2935 eum
2290 2883 2379 2952 qui
2413 2893 2593 2953 portat
2644 2884 2917 2952 universa,
2958 2893 3013 2939 et
3047 2884 3185 2938 lacte
3227 2882 3433 2953 nutris-

1853 2985 1999 3035 eum,
2030 2972 2122 3041 qui
2149 2972 2238 3025 dat
2267 2975 2520 3029 omnibus
2551 2990 2753 3030 escam.
2820 2972 3069 3045 Magnum
3125 2988 3188 3029 ac
3219 2972 3406 3028 formi-

1855 3058 2372 3129 dabile:mysterium
2396 3073 2568 3130 tuum,
2595 3065 2738 3134 quod
2757 3078 2980 3118 omnem
3001 3073 3231 3118 mentem
3248 3059 3410 3129 tran-

1829 3151 2082 3216 scendit,
2140 3166 2176 3205 ο
2202 3152 2341 3207 Area
2384 3155 2701 3208 veneranda:
2729 3146 3406 3226 sanctificationis,"“Virgo

1856 3238 2079 3310 Deipara
2109 3259 2123 3295 :
2158 3245 2299 3298 unde
2331 3253 2381 3299 te
2410 3245 2642 3299 ﬁdeliter
2664 3245 3057 3300 beatiﬁcamus.
3261 3301 3267 3308 ,

1925 3331 2092 3386 Lucis
2114 3332 2478 3386 habitaculum
2505 3320 2748 3397 lactantes,
2784 3348 2816 3388 ο
2839 3346 3012 3397 casta,
3052 3329 3403 3404 quamobrem

1858 3429 1910 3475 te
1929 3435 2140 3490 precor,
2179 3422 2444 3487 illumina,
2463 3438 2665 3492 quaso,
2696 3425 2927 3493 pupillas
2953 3425 3275 3500 miserabilis
3297 3438 3408 3479 cor-

1858 3514 1943 3568 dis
1972 3508 2098 3577 inei,
2135 3515 2368 3583 graviter
2419 3529 2447 3567 a
2481 3516 2826 3584 passionibus
2869 3516 3204 3578 obscuratas,
3260 3509 3410 3571 utz‘te
3492 3544 3494 3550 ι

1859 3619 1982 3682 cum
2011 3606 2113 3660 ﬁde
2135 3597 2470 3680 "beatifiCe‘m';
2688 3608 2707 3616 ..
2826 3607 2851 3622 ,.
2922 3601 2928 3604 ‹
3214 3607 3221 3612 _

2204 3713 2366 3828 209
2393 3758 2644 3814 MENSIS
2672 3758 3071 3814 NOVEMBER-

1861 3890 1945 3944 Ex
1975 3891 2186 3947 Canone
2223 3894 2278 3946 in
2317 3894 2449 3969 festo
2481 3894 2581 3948 SS.
2621 3895 2820 3950 Cosme
2853 3905 2905 3969 ει
2941 3895 3191 3969 ()amiam'
3209 3907 3379 3969 mat-13

2245 3978 2358 4016 rum
2393 3968 2804 4034 Anargyrorum,
2829 3965 2913 4018 die
2942 3966 2991 4019 1.

1905 4087 2271 4176 salvatorem
2305 4136 2367 4175 ac
2400 4121 2564 4186 Deum
2597 4137 2662 4176 cx
2719 4121 3268 4193 puris-sanguinibus
3303 4123 3412 4178 tuis

1860 4209 2179 4278 corporasti,
2214 4225 2247 4263 ο
2279 4220 2426 4265 casta
2477 4221 2637 4280 atque
2695 4212 3081 4278 immaculata;
3114 4212 3208 4282 qui
3248 4226 3410 4267 vene-

1861 4303 2058 4356 randos
2101 4301 2154 4354 in
2188 4292 2378 4370 spiritu
2411 4301 2741 4372 Anargyros,
2785 4286 3411 4372 salutaresvpassionum
3514 4307 3520 4313 ”

1790 4435 1836 4494 D
1866 4400 2168 4447 nostrarum
2243 4394 2480 4448 medicos
2497 4433 2513 4458 ,

2601 4405 2665 4446 ac
2747 4390 3021 4445 ferventes
3097 4389 3414 4447 defensores

1835 4534 1842 4541 .
1863 4484 2055 4540 effecit.
3281 4545 3283 4547 ,

1934 4575 2008 4630 Τε
2041 4576 2497 4646 speciosissimam
2529 4579 2670 4633 inter
2696 4579 2951 4633 mulieres
2987 4578 3129 4632 Deus
3159 4566 3346 4645 elegit,
3384 4587 3417 4628 ο

1864 4675 2035 4728 casta,
2069 4676 2122 4719 et
2148 4681 2212 4720 ex
2258 4677 2308 4722 te
2347 4669 2699 4737 corporaliter
2731 4669 2877 4724 nasci
2925 4669 3028 4723 sibi
3079 4664 3422 4744 complacuit.

1867 4759 1954 4810 ille
1983 4757 2073 4827 qu‘i
2112 4760 2405 4827 requiescit
2440 4760 2494 4812 in
2527 4760 2730 4815 sanctis
2754 4760 2888 4813 suis.

1935 4869 2329 4938 Compassione
2353 4872 2463 4936 illa,
2490 4887 2615 4941 qua:
2640 4880 2722 4926 est
2751 4871 2804 4924 in
2830 4881 2901 4932 te,
2934 4870 3155 4939 dignum
3189 4883 3272 4922 me
3306 4868 3409 4933 lac,
3440 4933 3450 4937 _

1867 4977 1908 5038 οΔ
1935 4961 2120 5031 Virgo,
2150 4977 2270 5032 qua:
2296 4959 2527 5017 Verbum
2550 4961 2824 5032 peperisti,
2848 4961 3022 5015 solum
3050 4973 3176 5013 vere
3203 4971 3416 5012 summa

1839 5049 2521 5126 .co’mpassione'plenum,
2560 5055 2654 5124 qui
2702 5055 2940 5108 medicos
2985 5067 3048 5106 ac
3081 5051 3418 5104 thaumatur-

1869 5163 1963 5218 gos
1997 5148 2048 5201 in
2089 5149 2370 5219 prodigiis,
2406 5133 2825 5217 icomp‘assionis
2888 5145 2941 5199 in
2992 5159 3090 5197 nos
3141 5147 3415 5206 compotes

1868 5241 2063 5296 eﬂ‘ecit.
2187 5223 2193 5227 ’
2507 5256 2509 5258 ·
2633 5225 2635 5227 ’

1955 5333 2287 5402 Sapientiam
2322 5333 2412 5388 Dei
2463 5331 2844 5387 subsistentem
2876 5329 3127 5400 genuisti,
3161 5341 3193 5381 ο
3239 5328 3418 5381 invio-

1856 5425 1978 5479 ista
2033 5422 2192 5494 Virgo
2243 5415 2496 5494 Deipara,
2557 5438 2679 5492 qua:
2723 5433 2940 5477 sanctos
2985 5419 3418 5488 sapientissimos

1871 5517 2081 5582 ell‘ecit;
2131 5533 2225 5586 per
2276 5533 2412 5588 quos
2461 5515 2678 5585 maligni
2730 5514 2982 5583 sophista:
3042 5512 3307 5581 iactantia
3366 5521 3421 5567 ct

1873 5607 2097 5683 hostiles
2127 5618 2278 5663 astus
2307 5607 2638 5663 ceciderunt.
3222 5620 3226 5625 ‘

1946 5698 2228 5771 Templum
2266 5713 2463 5770 purum
2492 5695 2667 5757 ell'ecit
2691 5709 2761 5768 te,
2788 5692 3037 5762 Domina,
3066 5692 3417 5765 purissimum
3522 5759 3525 5762 _
