3948 6304
124 304 252 365 1233
271 303 277 310 ’

1482 299 1837 357 MARIALE.

3149 297 3284 360 1234

115 411 728 485 ὐπάρχεις,πανάμωμε,
758 402 996 463 ὅθενίσοῦ
1022 407 1231 476 δέομαι,
1257 407 1648 475 συμπτωθέντα

1760 415 1895 462 stant
1924 405 2259 461 continuatio
2295 418 2371 468 es,
2410 422 2441 457 ο
2473 406 2729 459 immunis
2765 405 2833 458 ab
2864 405 3014 459 omni
3040 412 3287 471 macula;

116 524 215 575 μου
262 505 351 557 τὸν
400 500 521 554 νοῦν
574 502 639 571 τῇ
696 497 939 568 ἁμαρτίᾳ.
990 496 1647 581 ἀνόρθωσον,.Δέσποινα,

112 597 255 659 ὅπως
276 594 479 660 δοξάζω
510 609 588 644 σε.

194 686 250 736 '0
298 683 704 751 ἁπερίγραπτος
774 675 990 737 κόλποις
1016 676 1244 745 Πατρὸς,
1296 675 1513 737 κόλποις
1550 678 1648 745 τῆς

114 777 329 845 Μητρὸς
362 770 632 843 σαρκικῶς
663 770 1053 840 περιγράφεται
1083 767 1331 836 Χριστὸς,
1366 766 1499 836 μετὰ
1522 765 1646 832 γιίν⁹

112 878 265 928 νησιν
302 860 501 927 ταύτην
523 857 694 927 ἀληθῆ
747 857 1011 930 παρθένον
1044 855 1180 925 ὑπὲρ
1232 854 1353 908 νοῦν
1389 853 1647 922 διαφυλά-

113 952 228 1011 ξας,
283 943 327 1015 ᾧ
381 947 774 1016 μεγαλοφὼνως
827 946 1034 1015 βοῶμεν
1064 946 1361 1015 ’ᾏοωμεν
1401 942 1479 1013 τῷ
1530 942 1648 1012 Θεῷ

114 1040 287 1107 ήμῶν,
311 1038 391 1090 ὅτι
410 1037 740 1102 δεδόξασται.

193 1129 427 1181 Ῥανίσιν
480 1127 657 1189 ἐλέους
713 1144 830 1192 σου,
876 1125 1139 1196 Παρθένε,
1199 1128 1323 1188 τούς
1373 1127 1647 1196 ἄνθρακας

110 1217 302 1267 σϐέσον
359 1216 465 1267 τῶν
514 1214 660 1282 ἐμῶν
726 1214 1155 1284 ἁμαρτημάτων,
1224 1214 1499 1280 πάναγνε,
1557 1214 1651 1265 καὶ

110 1307 434 1375 ἒσόεσμένον
465 1305 663 1373 ἄναψον
678 1306 767 1357 τὸν
795 1305 982 1375 λύχνοιν
1002 1305 1098 1374 τῆς
1127 1303 1351 1373 καρδίας
1383 1320 1484 1372 μου
1518 1320 1647 1374 χρνο

110 1397 176 1462 σῇ
212 1394 418 1462 λυχνίᾳ,
456 1394 778 1462 Μνάμωμε.

180 1483 321 1545 Νοῦς
356 1483 474 1535 οὐδὲ
520 1484 767 1552 οὐράνιος
823 1482 921 1550 τὴν
961 1481 1101 1551 ύπὶρ
1137 1480 1261 1534 νοῦν
1302 1498 1395 1534 σου
1445 1480 1653 1550 λοχείαν

108 1574 472 1641 διερμηνεύει,
514 1574 682 1642 Κόρηο
720 1572 811 1624 νοῦ
845 1573 950 1642 γὰρ
982 1572 1076 1624 τοῦ
1106 1570 1322 1641 πρώτου
1362 1572 1420 1623 ὲν
1456 1570 1654 1639 γαστρὶ

109 1663 301 1729 Λόγον,
335 1662 492 1733 ἁγνὴ,
519 1662 807 1725 συνέλαὸες
836 1660 925 1714 τὸν
973 1661 1043 1715 τὰ
1077 1660 1251 1715 πάντα
1280 1660 1424 1729 λόγῳ
1452 1675 1650 1728 συστηο

108 1757 663 1911 σάξῖῗζίλαστήριον
708 1842 923 1894 πάντων
970 1840 1173 1911 βροτῶν
1216 1839 1396 1891 πίστει
1431 1835 1656 1890 ίκετεύω

106 1935 202 1987 καὶ
228 1935 438 2002 δέομαι,
484 1934 839 2003 εὐλογημένη,
878 1933 1034 1986 ῐλεὼν
1070 1948 1161 2001 μοι
1198 1931 1288 1983 τὸν
1330 1929 1520 2000 κριτὴν
1565 1928 1657 1981 τὸν

106 2026 197 2076 σὸν
222 2024 348 2078 Υίδν
368 2024 578 2095 ἀπέργει
590 2041 700 2089 σαι,
726 2025 872 2083 ὅπως
899 2020 1212 2092 καταχρίως
1236 2019 1441 2085 δοξάζω
1471 2035 1549 2072 σε.

189 2202 313 2256 Ἐπὶ
329 2202 517 2272 θρόνου
546 2201 854 2270 ἐπηρμένου
889 2200 1131 2271 φοϐερῶς
1154 2200 1181 2252 ό
1215 2198 1519 2267 καθήμενος
1548 2214 1654 2267 μη-

105 2296 322 2359 τρικαῖς
345 2292 607 2359 ἀγκάλαις
638 2291 832 2363 βρέφος
862 2291 1201 2361 χρηματίσας
1220 2288 1524 2352 καθέζεται,
1556 2289 1655 2358 τὴν

106 2384 530 2452 συμπτωθεῐσαν
550 2384 729 2437 είκόνα
761 2380 1170 2450 ἀνορθούμενος,
1208 2381 1302 2435 καὶ
1323 2380 1423 2452 τὴν
1461 2380 1655 2433 θέωσιν

106 2478 216 2537 τοῖς
250 2473 312 2538 ἐξ
354 2472 521 2544 Ἀδὰμ
543 2474 922 2543 χαριζόμενος.

174 2584 317 2645 Νοός
356 2600 455 2651 μου
481 2564 812 2653 θεράπευσον
853 2582 949 2644 τὰς
1004 2580 1293 2649 ἐκτροπὰς,
1330 2578 1657 2647 πανάμωμε,

105 2676 265 2727 ίασαι
303 2674 372 2727 τὰ
398 2674 543 2742 πάθη
574 2673 672 2743 τῆς
692 2672 866 2741 ψυχῆς
892 2689 1013 2740 μου,
1046 2670 1143 2739 τῆς
1171 2668 1442 2740 ῥᾳθυμίας
1470 2668 1659 2731 σκότος

104 2763 403 2828 ἀπέλασον,
450 2766 596 2825 ὅπως
644 2766 701 2816 ὲν
728 2763 933 2817 αἰνέσει
965 2779 1023 2815 σε
1067 2763 1218 2831 ὐμνῶ
1248 2761 1347 2829 τὴν
1393 2759 1662 2829 ἀειμακά-

107 2871 318 2922 ριστον,
355 2855 581 2907 Θεοτόκε
609 2854 945 2923 πανύμνητε.
1342 2848 1351 2857 ’

189 2943 261 2995 Ἦ
287 2941 580 3012 τδνἎμνδν
609 2944 698 2995 καὶ
720 2942 919 3011 Κύριον
936 2943 1184 3011 κυήσασα
1211 2939 1660 3010 σαρκὶ,ῐ1αρθένε,

1756 499 1893 554 unde
1941 506 1992 551 te
2030 512 2237 566 precor,
2265 513 2297 549 ο
2342 497 2584 559 Domina,
2638 498 2781 567 erige
2827 507 3065 552 mentem
3113 514 3285 556 mear:

1751 598 1969 658 peccato
2004 588 2313 655 collapsam,
2350 596 2408 639 ut
2442 587 2729 655 gloriticem
2769 598 2837 642 te.

1822 678 2322 744 lncircumseriptus
2376 676 2429 729 in
2456 676 2577 731 sinu
2627 679 2823 741 Patris,
2856 680 2906 732 in
2950 678 3133 733 Matris
3158 679 3289 733 sinu

1751 769 2049 823 secundum
2081 782 2296 820 carnem
2336 766 2582 821 Christus
2631 769 3117 833 circumscribitur,
3154 784 3287 824 con-
3388 837 3393 842 _

1752 871 1972 911 servans
2003 856 2145 909 illam
2194 870 2355 923 supra
2393 870 2417 893 ν
2523 856 2588 895 ’τοι
2624 866 2864 924 captum,
2903 859 3161 926 virginem
3196 873 3289 913 ve-

1752 963 1863 1000 ram
1894 954 2013 1016 post
2038 954 2284 1015 partum:
2308 944 2373 997 ad
2464 960 2495 975 ~'
2533 962 2562 996 ,ι
2589 960 2776 1014 magna
2796 962 2926 999 voce
2952 948 3286 1002 clamamus:

1750 1037 2039 1091 Cantemus
2068 1033 2176 1089 Deo
2202 1042 2410 1095 nostro,
2447 1034 2700 1100 quoniam
2730 1036 3064 1103 glorilicatus
3096 1049 3201 1090 est.

1820 1126 1989 1180 Stillis
2046 1122 2428 1180 misericordia;
2463 1130 2589 1183 tum,
2638 1137 2669 1175 0
2728 1124 2892 1193 Virgo
2954 1126 3284 1186 castissima,

1754 1218 2034 1286 exstingue
2105 1216 2370 1271 carbones
2457 1223 2798 1280 peccatorum
2875 1232 3159 1278 meorum;
3244 1227 3297 1269 et

1754 1309 2003 1376 lychnum
2029 1308 2208 1361 cordis
2231 1306 2335 1360 mei
2362 1305 2694 1358 exstinctum
2729 1308 2984 1370 accende,
3013 1324 3045 1361 ο
3076 1309 3294 1361 lucerna

1754 1412 1934 1459 aurea,
1958 1398 2478 1473 immaculatissima.

1815 1486 1889 1541 Ne
1936 1489 2168 1543 caelestis
2212 1489 2429 1557 quidem
2492 1507 2644 1545 mens
2702 1500 2913 1560 partum
2976 1501 3147 1547 tuum,
3198 1489 3291 1550 qni

1754 1591 1968 1630 omnem
2002 1588 2220 1646 superat
2249 1590 2502 1645 mentem,
2546 1582 2817 1648 explicare
2846 1580 3004 1641 valet,
3037 1593 3070 1631 ο
3108 1579 3283 1646 pun-lla

1755 1670 1920 1717 casta.
1977 1663 2173 1720 Primae.
2202 1666 2343 1719 enim
2387 1669 2583 1723 mentis
2628 1668 2883 1729 Verbum,
2935 1669 3076 1735 quod
3110 1668 3292 1720 omnia

1757 1753 1919 1807 verbo
1948 1755 2155 1816 statuit,
2195 1755 2246 1808 in
2287 1766 2439 1809 utero
2468 1768 2559 1811 tuo
2588 1760 2902 1825 concepisti.

1834 1838 1909 1892 'l'e
1967 1842 2208 1894 omnium
2250 1830 2526 1897 hominum
2562 1847 2997 1913 propitiatnrium
3025 1862 3148 1899 cum
3198 1847 3301 1900 lide

1759 1944 1889 1997 rogo
1950 1944 2013 1982 ac
2041 1930 2323 1998 deprecor,
2381 1946 2414 1984 ο
2457 1934 2735 1987 benedicta
2774 1954 2785 1987 :
2823 1938 3109 2004 propitium
3167 1937 3301 1989 mihi

1756 2020 1917 2073 redde
1970 2020 2211 2076 Judicem
2244 2020 2438 2076 Filium
2472 2032 2644 2088 tuum,
2679 2037 2733 2079 ut
2762 2036 2810 2078 te
2838 2042 2934 2095 pro
2970 2028 3149 2080 debito
3182 2029 3296 2097 glo-

1757 2110 1980 2163 rilieem.

1821 2200 1922 2263 Qui
1981 2216 2145 2270 super
2178 2203 2433 2257 thronum
2465 2204 2732 2257 elevatum
2767 2199 3080 2262 terribiliter
3118 2210 3291 2271 sedet,

1757 2288 1810 2342 in
1841 2290 2001 2358 212
2061 2291 2202 2347 ulnis
2261 2295 2541 2357 maternis,
2601 2297 2777 2351 l'actus
2834 2297 3034 2363 infans,
3078 2300 3297 2362 residet,

1756 2382 1968 2449 erigens
1994 2383 2276 2451 imaginem
2310 2386 2630 2453 collapsam,
2658 2396 2711 2439 et
2760 2388 3152 2444 deillcationem
3181 2391 3313 2443 ﬁliis

1756 2469 1884 2522 Adae
1908 2470 2139 2537 gratiose
2166 2473 2496 2541 impertiens.

1830 2578 2023 2637 Mentis
2053 2596 2188 2635 meae
2203 2579 2546 2651 evagationes
2572 2601 2725 2651 cura,
2758 2601 2791 2640 ο
2823 2588 3148 2655 purissima;
3176 2605 3301 2658 pas-

1761 2668 2005 2723 sionibus
2034 2671 2227 2724 anima:
2255 2687 2384 2725 mea:
2412 2673 2654 2738 medere;
2688 2677 3021 2745 negligentiae
3051 2680 3305 2733 tenebras

1760 2758 1995 2825 expelle;
2023 2766 2079 2811 ut
2106 2768 2157 2813 te
2205 2776 2414 2829 semper
2455 2762 2824 2818 beatissimam
2873 2766 3120 2822 laudibus
3160 2770 3305 2823 cele-

1764 2849 1920 2901 brare
1946 2849 2171 2916 possim,
2205 2865 2238 2904 o
2264 2850 2489 2919 Deipara
2510 2854 2656 2906 omni
2688 2854 2848 2908 laude
2874 2856 3210 2927 dignissima.

1833 2936 1878 2990 Ο
1912 2936 2075 3007 Virgo
2102 2940 2298 3007 puella,
2333 2942 2710 3007 immaculata,
2741 2957 2805 2997 ac
2829 2946 3157 3009 veneranda,
3189 2962 3307 3015 qum

107 3032 251 3101 μόνη
282 3031 585 3100 ἀμόλυντελ
607 3031 797 3100 σεμνὴ,
828 3030 947 3084 θεία
987 3030 1205 3096 κιδωτὲ,
1238 3029 1408 3100 σεπτη
1436 3028 1654 3097 λυχνία,

1761 3028 1970 3095 Agnum
2011 3043 2075 3081 ac
2129 3029 2410 3084 Dominum
2458 3032 2511 3084 in
2568 3047 2733 3085 carne
2786 3036 3078 3101 peperisti;
3112 3054 3145 3089 ο
3175 3053 3297 3091 arca

102 3118 208 3188 τὴν
238 3119 419 3188 ψυχήν
436 3136 547 3189 -μου
573 3118 939 3187 καταύγασον.

188 3300 264 3352 Ἦ
296 3299 429 3368 μόνη
466 3299 677 3353 πάντων
725 3299 966 3369 βοήθεια,
1020 3300 1285 3369 βοήθησον
1315 3299 1448 3367 ἡμῖν
1491 3298 1665 3349 κινδυ-

105 3390 350 3450 νεύουσι,
386 3391 478 3441 καὶ
510 3393 665 3460 χεῖρα
713 3390 920 3459 ὄρεξον,
971 3390 1066 3441 καὶ
1095 3390 1228 3459 πρὸς
1261 3387 1486 3479 λιμένας
1516 3387 1671 3456 ἐμϐί-

105 3480 281 3532 6ασον
308 3479 407 3547 τῆς
436 3479 721 3548 σωτηρίας,
756 3481 905 3550 Κόρη
944 3478 1318 3548 θεοχαρίτωτε.

198 3660 503 3728 Ἦφάνισας
551 3659 649 3728 τῆς
701 3658 1065 3728 προμήτορος,
1106 3656 1278 3727 Κόρη,
1336 3656 1396 3709 τὸ
1446 3656 1666 3719 ὄνειδος,

103 3753 392 3819 εὐλογίαις
431 3752 521 3803 τὸν
565 3752 711 3820 ἡμᾶς
746 3748 1108 3818 στεφανοῦντα
1136 3752 1403 3818 κυήσασα,
1448 3750 1543 3804 καὶ
1573 3750 1669 3821 τὴν

103 3845 296 3912 λύπην
318 3843 516 3912 ταύτης
540 3845 621 3904 είς
648 3842 842 3911 χαρὰν,
875 3841 1072 3910 ἀγαθὴ,
1111 3842 1492 3910 μετενήνοχας.

202 3933 589 3985 Ἀναλλοίωτον
604 3931 838 3985 τεκοῦσα
868 3932 1001 4000 μόνη
1030 3931 1251 4001 Κύριον,
1284 3930 1667 3999 θεοχαρίτωτε,

101 4027 175 4094 τῇ
204 4023 360 4092 δεξιᾷ
388 4021 576 4087 αὐτοῦ,
622 4022 782 4089 ἁγνὴ,
816 4020 1103 4073 ἀλλοιῶσαί
1139 4037 1238 4088 μον
1281 4020 1372 4071 τδν
1400 4020 1523 4073 νοῦν
1561 4021 1670 4073 ἱκέ-

101 4129 241 4166 τευε
281 4112 417 4181 πρὸς
476 4110 543 4162 τὰ
600 4110 906 4179 κρείττονα,
976 4108 1162 4172 δεινῶς
1211 4109 1673 4179 περιτρεπόμενον

95 4206 240 4267 ταῐς
265 4202 359 4256 τοῦ
384 4202 498 4271 βίου
525 4199 822 4269 ἀσχολίαις.

1762 3114 1961 3178 divina,
1993 3116 2417 3181 ocandelabrum
2434 3119 2758 3184 venerabile,
2802 3120 3045 3175 illumina
3069 3125 3316 3175 animam-

1764 3219 1958 3258 meam.

1832 3293 1876 3348 Ο
1905 3296 2098 3363 puella,
2131 3296 2311 3350 divina
2358 3299 2526 3363 gratia
2551 3300 3006 3367 cumulatissima,
3042 3317 3162 3370 qua:
3188 3304 3299 3356 sola

1768 3400 1826 3439 es
1852 3387 2092 3438 omnium
2120 3388 2402 3447 auxilium,
2448 3390 2711 3443 auxiliare
2753 3391 2909 3444 nobis
2956 3393 3305 3459 periclitanti-

1710 3508 1713 3509 ν
1768 3475 1887 3537 bus,
1915 3483 1968 3528 et
1997 3491 2213 3529 manum
2247 3477 2401 3532 nobis
2434 3479 2717 3547 porrigens
2747 3480 2812 3532 ad
2862 3490 3079 3548 portum
3113 3482 3315 3535 salutis

1768 3564 1937 3619 deduc
1968 3580 2087 3619 nos.

1839 3654 2078 3709 Dedecus
2104 3656 2290 3724 prima:
2322 3656 2445 3710 Mali
2463 3658 2507 3711 is
2534 3656 2833 3721 abolevisti,
2861 3673 2892 3712 ο
2919 3659 3117 3726 puella,
3160 3660 3308 3718 illum

1768 3746 1947 3808 enixa,
1988 3748 2079 3814 qui
2107 3763 2207 3802 nos
2257 3748 2719 3803 benedictionibus
2742 3760 2993 3813 coronat;
3028 3759 3082 3804 et
3115 3767 3313 3805 maero-

1769 3851 1879 3889 rem
1900 3836 2016 3903 ejus
2044 3837 2096 3890 in
2127 3838 2400 3905 gaudium,
2427 3853 2459 3890 o
2497 3838 3307 3917 benignissimakcommntasti.

1850 3924 1894 3977 Ο
1936 3935 2107 3988 casta,
2138 3925 2247 3977 Deo
2273 3927 2613 3991 charissima,
2647 3944 2766 3996 qua:
2790 3930 2902 3983 sola
2927 3933 3309 3987 immutabilem

1772 4009 2055 4067 hominum
2088 4016 2363 4084 peperisti,
2407 4032 2628 4086 precare
2659 4030 2719 4072 ut
2759 4019 2977 4074 dextera
3010 4038 3106 4075 sua
3137 4034 3309 4077 mutet

1772 4112 2004 4159 mentem
2026 4119 2199 4158 meam
2223 4106 2287 4159 ad
2322 4108 2563 4171 meliora,
2594 4124 2713 4178 qua:
2737 4112 2969 4179 graviter
3002 4115 3123 4166 vitm
3148 4128 3312 4168 occu-

1775 4196 2085 4266 pationibus
2105 4198 2572 4253 circumvolvitur.

184 4313 600 4383 Σωματωθέντα
628 4310 799 4377 Λόγον
830 4308 1246 4379 ἀνερμηνεύτως
1271 4309 1496 4371 τίκτεις,
1524 4309 1662 4379 ἁγνὴ

1832 4306 2069 4362 Verbum
2100 4318 2439 4377 corporatum
2466 4310 2822 4378 inexplicabili
2850 4312 3008 4365 modo
3034 4315 3309 4381 peperisti,

102 4406 387 4476 Ιῖαρθένε,
419 4405 543 4466 τοὺς
591 4400 993 4471 κραυγάζοντας
1026 4398 1254 4452 θανάτου
1282 4397 1663 4468 λυτρούμενον·

111 4500 183 4550 '0
212 4496 331 4547 τῶν
358 4494 606 4563 πατέρων
626 4490 776 4555 Θεὸς,
802 4491 1086 4558 εὐλογητὸς
1116 4486 1187 4547 εἴ.

194 4584 439 4655 Ὠράθης
491 4582 736 4651 ἀγγέλων
786 4582 1082 4661 ὐπερτέρα,
1154 4582 1285 4635 Θεὸν
1350 4584 1670 4652 ἀπορρήτως

103 4676 542 4747 σωματώσασα·
585 4674 769 4726 τοῦτον
810 4668 901 4726 οὖν
940 4672 1170 4739 ἱκέτευε,
1211 4673 1473 4726 Δέσποινα
1536 4690 1671 4725 παν-

102 4776 350 4839 ἀμωμε,
377 4767 485 4818 τῶν
515 4764 790 4834 σαρκικῶν
805 4763 1074 4833 ἀνώτερον
1106 4765 1291 4817 παθῶν
1319 4765 1568 4833 γενέσθαι
1606 4781 1671 4830 με

100 4862 248 4921 νοὸς
275 4862 336 4911 ὲν
371 4856 546 4925 ὑψηλῇ
589 4852 911 4907 ταπεινώσει
944 4854 1411 4921 ἀννμνολογοῦντα
1444 4853 1541 4923 τὴν
1574 4854 1672 4925 σὴν

101 4966 395 5038 μεγίστην
422 4964 600 5033 χάριν.

184 5057 319 5111 Τῶν
342 5055 522 5107 κακῶν
551 5072 651 5123 μου
672 5053 733 5105 τὺ
746 5052 976 5119 πέλαγος
998 5044 1245 5122 ξήρανον,
1276 5050 1675 5119 εὐσπλαγχνίας

102 5151 382 5217 κυήσασα
406 5143 638 5209 πέλαγος
663 5142 755 5194 τὸν
780 5142 1071 5211 Λυτρωτὴν
1103 5142 1194 5193 καὶ
1218 5140 1437 5208 Κύριον,
1472 5135 1515 5207 ᾧ
1536 5142 1674 5209 βοῶ-

103 5258 252 5307 μεν,
279 5233 524 5304 Παρθένε
557 5248 572 5262 ⁸
606 5234 786 5285 Πάντα
835 5232 904 5286 τὰ
948 5232 1107 5303 ἔργα,
1135 5231 1424 5297 εὐλογεῖτε,
1456 5232 1674 5301 ὑμνεῖτε

100 5334 215 5387 τὸν
247 5326 474 5394 Κύριον.

187 5417 465 5479 Φώτισον,
512 5414 669 5482 ἁγνὴ,
705 5412 881 5481 ψυχῆς
938 5430 1037 5481 μου
1084 5412 1151 5462 τὰ
1201 5412 1442 5479 ὄμματα,
1497 5410 1674 5478 φῶςὴ

104 5511 407 5579 κυήσασα,
435 5505 510 5574 μὴ
550 5503 897 5556 καταλαῆἐτω
932 5520 999 5569 με
1045 5506 1141 5567 τῆς
1178 5502 1447 5571 ἁμαρτίας
1492 5500 1676 5563 σκότος

105 5598 455 5675 βαθύτατον,
477 5594 550 5665 μὴ
575 5594 632 5647 δὲ
664 5592 821 5664 βυθὸς
848 5593 1069 5676 καλύψῃ
1090 5610 1154 5663 με
1172 5595 1269 5663 τῆς
1297 5590 1674 5661 ἀπογνώσεως,

1773 4939 1923 4992 litate
1976 4940 2188 5008 hymnis
2260 4942 2617 4995 celebrantem
2680 4944 2967 4998 maximam

1771 4414 1802 4453 ο
1834 4400 1994 4469 Virgo
2019 4410 2185 4459 casm,
2215 4401 2357 4467 quod
2388 4401 2603 4455 redimit
2633 4418 2660 4454 a
2707 4413 2877 4457 morte
2922 4420 3040 4469 eos,
3074 4406 3164 4473 qni
3198 4406 3312 4458 cla-

1774 4499 1917 4542 tnant
1952 4508 1963 4542 :
1996 4489 2315 4543 Benedictus
2350 4506 2429 4555 es,
2473 4490 2611 4545 Deus
2638 4502 2847 4560 patrum
2875 4503 3207 4549 nostrorum.

1833 4578 2137 4647 Apparuisti
2168 4581 2369 4649 angelis
2404 4581 2692 4635 sublimior
2742 4600 2864 4637 cum
2906 4585 3071 4641 Deum
3116 4588 3311 4642 ineffa-

1772 4667 1950 4720 biliter
1978 4671 2298 4736 corporasti.
2346 4669 2605 4724 Eumdem
2645 4687 2771 4741 ergo
2802 4675 3107 4741 deprecare,
3157 4692 3188 4730 ο
3212 4679 3315 4730 Do-

1773 4756 1917 4809 mina
1948 4757 2016 4810 ab
2044 4758 2191 4810 omni
2229 4760 2348 4812 labe
2375 4776 2529 4827 pura,
2554 4771 2612 4815 ut
2646 4777 2729 4814 me
2755 4764 3065 4817 carnalibus
3105 4767 3314 4832 passio-

1773 4847 1931 4901 nibus
1959 4848 2290 4916 superiorem
2327 4850 2539 4913 eﬂlciat,
2561 4853 2612 4905 in
2658 4853 2873 4906 sublimi
2907 4857 3113 4911 mentis
3135 4858 3317 4912 humi-

3047 4950 3298 5016 gratiam.

1839 5050 2099 5106 Malorum
2125 5068 2367 5106 meorum
2414 5053 2658 5123 pelagum
2707 5056 2942 5117 essicca,
2972 5075 3004 5112 ο
3048 5059 3228 5128 Virgo,
3259 5072 3313 5114 tu

1776 5157 1894 5210 qua:
1923 5141 2305 5196 misericordiae
2326 5143 2570 5211 pelagum
2598 5144 3010 5213 Redemptorem
3044 5167 3104 5203 ac
3136 5151 3317 5202 Domi-

1735 5260 1743 5271 ι
1776 5247 1904 5285 num
1928 5233 2200 5300 peperisti,
2234 5233 2318 5284 cui
2344 5231 2736 5289 voril‘eramur:
2774 5238 3097 5303 Bene-dieue,
3133 5244 3312 5295 umnia

1777 5338 1958 5391 opera,
1996 5331 2049 5377 et
2080 5322 2290 5377 laudate
2315 5322 2621 5378 Dominum.

1846 5413 2113 5475 lllumina,
2167 5430 2199 5463 ο
2252 5423 2422 5478 casta,
2457 5418 2646 5472 oculos
2703 5425 2893 5475 mentis
2924 5438 3070 5483 meae,
3108 5432 3162 5476 tu
3196 5440 3315 5491 qua:

1778 5506 1950 5558 lucem
2012 5505 2303 5574 peperisti;
2362 5522 2430 5559 ne
2483 5525 2566 5563 me
2622 5512 3058 5580 profundissima:
3112 5515 3313 5583 peccati

1780 5594 2007 5649 tenebrae
2028 5595 2447 5664 deprehendant,
2480 5614 2652 5671 neque
2677 5602 3067 5673 desperationis
3087 5605 3313 5678 abysso:
