3948 6304
553 281 691 346 1235

1666 296 1727 356 S.
1759 295 2067 359 JOSEPHI
2101 292 2655 361 HYMNOGRAPHI

3622 291 3772 357 ιη

550 391 840 452 absorbeat
861 380 951 453 me
982 416 996 454 :
1033 396 1126 453 sed
1144 375 1397 471 tu213
1433 402 1642 459 salvum
1672 420 1757 462 me
1788 406 1896 474 fac,
1934 418 2096 478 atque

2218 381 2312 465 ἀγ
2354 409 2492 479 αὑτή
2527 424 2593 479 με
2646 406 2821 459 σῶσον
2876 406 2967 460 καὶ
3000 382 3334 476 κυϐερνηᾶον
3384 400 3523 472 πρὸς
3556 398 3769 470 λιμένι

548 485 615 537 ad
667 493 880 554 portum
932 486 1127 542 divina
1196 488 1491 547 voluntatis
1559 494 1907 563 gubernatrix
1979 507 2097 552 esto

552 576 706 633 mihi.
1176 646 1181 651 ν
1968 586 1973 591 ’

618 668 761 722 Luce
791 651 1338 735 tua'irradia‘me,'o
1368 672 1567 727 munda
1617 673 1684 728 ab
1734 676 1878 729 omni
1924 691 2095 743 naevo,

546 771 666 829 qua
698 758 871 814 lucem
906 759 1335 816 inaccessibilem
1362 765 1650 833 peperisti;
1684 767 1881 837 dissipa
1914 768 2096 822 nubila

546 850 740 906 animae
771 867 921 917 mea,
951 864 1003 908 et
1033 870 1063 909 a
1095 844 1329 912 tenebris
1358 860 1505 928 eripe
1530 876 1644 924 me,
1675 861 1932 926 obsecro,
1958 862 2097 917 divi-

498 975 509 986 ι
548 958 739 1013 Itaque
772 944 967 1001 salutis
1004 945 1226 1016 dignum
1256 947 1342 1005 fac
1373 966 1491 1017 me,
1537 962 1595 1007 ut
1626 954 1834 1008 laudem
1864 964 1914 1008 te
1946 957 2094 1010 omni

547 1032 706 1089 laude
732 1033 1129 1105 dignissimam.

2202 504 2296 556 τοῦ
2325 500 2470 555 Θειου
2502 499 2837 569 θελήματος..
2892 506 2902 519 ’

2274 683 2415 737 Φωτί
2447 698 2513 749 με
2542 678 2883 748 καταύγασον
2912 680 2991 749 τῷ
3023 678 3121 748 σῷ,
3153 678 3481 746 Μνάμωμε,
3504 676 3536 746 ἡ
3560 670 3769 727 tento?»-

2204 793 2275 829 σα
2298 776 2411 842 φῶς
2435 772 2743 843 ἀπρόσιτον,
2771 770 2932 823 λῦσον
2988 768 3055 822 τὰ
3104 770 3238 839 νέφη
3270 769 3368 837 τῆς
3412 766 3585 836 ψυχῆς
3628 779 3763 833 μου,

2199 864 2289 917 καὶ
2315 864 2537 925 σκότους
2560 878 2625 931 με
2656 860 2980 930 ὲξάρπασον,
3016 858 3230 928 δέομαι,
3262 858 3356 913 καὶ
3398 858 3547 919 θείας
3574 870 3770 923 mq-

2202 956 2321 1026 ρίας
2352 954 2596 1020 ἀξίωσον,
2630 953 2715 1006 ἵνα
2740 950 2893 1022 ὑμνῶ
2915 941 2979 1003 σε’
2999 950 3099 1021 τὴν
3136 950 3509 1020 πανύμνητον.

1263 1146 1345 1203 Ea:
1376 1150 1584 1206 Canens
1612 1152 1664 1206 in
1695 1150 1796 1207 SS.
1841 1153 2169 1212 Galationam
2218 1170 2267 1215 et
2306 1159 2601 1229 Epistemen
2638 1160 2811 1231 (92“),
2850 1158 2933 1214 die
2959 1156 3010 1214 5.

614 1254 938 1342 Presidium
966 1260 1346 1316 tribulatorum
1369 1301 1384 1326 ,
1417 1263 1565 1318 salus
1595 1270 1649 1317 et
1690 1278 1817 1333 spes
1843 1264 2098 1337 despera-

2272 1270 2529 1340 Peperisti
2560 1271 2613 1325 in
2642 1280 2881 1338 tempore
2915 1266 3172 1336 temporis
3210 1270 3518 1333 expertem,
3543 1276 3576 1317 o
3598 1272 3772 1317 sanc-

548 1352 762 1415 torum,
803 1350 1029 1437 Deipara
1077 1354 1222 1407 omni
1263 1353 1418 1409 laude
1450 1354 1797 1421 celebranda,
1843 1355 2103 1426 impensis
2198 1362 2443 1427 tissima,
2474 1362 2748 1416 hominem
2783 1359 2982 1415 factum
3028 1346 3250 1429 propter
3286 1356 3519 1411 salutem
3573 1348 3769 1406 homi-

546 1439 803 1507 precibus
837 1456 933 1495 ora
979 1456 1080 1511 pro
1111 1443 1297 1506 nobis,
1330 1451 1390 1498 ut
1426 1457 1458 1515 a
1496 1445 1757 1512 periculis
1786 1446 2099 1501 liberemur.

618 1531 863 1587 Dissolve
921 1532 1071 1587 cordi
1107 1548 1229 1588 meo
1261 1533 1647 1591 circumfusam
1698 1537 1915 1602 nubem,
1952 1554 1985 1594 ο
2017 1553 2108 1594 ca-

460 1616 463 1620 ’
547 1620 792 1677 stissima
814 1637 832 1687 ;
856 1621 1038 1677 evibra
1066 1622 1121 1677 in
1145 1639 1229 1678 me
1258 1624 1467 1680 radium
1502 1641 1641 1681 veras
1678 1626 2039 1696 pmnitentiae,
2074 1642 2106 1682 o

550 1722 705 1781 porta
752 1711 891 1768 lucis
938 1713 1256 1780 benedicta,
1297 1723 1460 1786 atque
1505 1716 1817 1773 omnimoda
1870 1721 2100 1788 puritate

549 1811 826 1869 exornata,
850 1813 906 1860 et
930 1806 1188 1873 concede,
1220 1815 1281 1877 ut
1302 1807 1443 1863 sicut
1473 1810 1526 1864 in
1549 1808 1637 1865 die
1667 1810 1888 1865 honeste
1914 1811 2102 1865 ambu-

549 1893 653 1950 lem
684 1893 738 1950 in
768 1897 1047 1966 praceptis
1082 1896 1193 1953 Dei.
1267 1891 1279 1919 ³
1357 1886 1363 1893 ’
1550 1901 1555 1911 ’

620 1982 703 2040 Me
733 1986 911 2041 noxiis
939 1986 1322 2043 affectionibus
1354 1998 1688 2060 peremptum
1733 2007 1796 2046 ac
1826 2000 2099 2046 mortuum

549 2076 784 2141 vivifica,
815 2093 847 2131 ο
876 2079 1076 2148 puella,
1103 2096 1224 2149 quae
1251 2081 1415 2135 vitam
1447 2081 1589 2136 illam
1623 2082 1965 2152 peperisti,-a
1995 2096 2100 2150 qua

552 2168 809 2224 universa
840 2170 1031 2225 mortis
1058 2170 1138 2226 vis
1162 2180 1221 2226 et»
1242 2173 1479 2239 potentia
1508 2172 1770 2228 dissoluta
1789 2183 1902 2226 'est.

622 2258 832 2328 Lingua
860 2261 1250 2329 terrigenarum
1282 2275 1623 2330 nequaquam
1654 2243 1848 2317 sumcit
1882 2261 1949 2319 ad
1984 2261 2101 2315 lau-

549 2348 783 2404 dandam
826 2356 898 2411 te,
932 2364 1051 2415 quae
1080 2349 1173 2403 Dei
1212 2350 1444 2423 genitrix
1486 2350 1627 2405 facta
1661 2366 1754 2413 es,
1788 2365 1821 2405 ο
1861 2350 2102 2407 Domini-

551 2452 705 2508 para,
724 2448 785 2492 ct
813 2435 975 2507 Virgo
1003 2438 1534 2504 immaculatissima,
1574 2448 1734 2511 atque
1759 2440 2103 2496 Christiano-

551 2544 675 2591 rum
711 2526 1043 2599 confugium.

624 2735 976 2791 Altitudinem
1006 2735 1267 2790 tremendi
1296 2736 1536 2807 mysterii
1563 2737 1661 2797 tui,
1687 2744 1737 2790 et
1763 2737 2101 2805 profundita-

556 2837 665 2883 tem
690 2828 838 2883 illius
859 2826 1480 2895 incomprehensibilem,
1503 2827 1625 2896 quis
1649 2826 1844 2889 valeat,
1866 2841 1899 2880 ο
1921 2825 2126 2897 γῆθος

2200 1468 2352 1508 num.

2248 1563 2404 1622 'Cum
2435 1564 2702 1620 universis
2732 1561 2987 1637 supernis
3012 1576 3075 1617 ae
3106 1558 3419 1616 coelestibus
3444 1552 3769 1611 ordinibus,

2133 1671 2178 1729 Β
2206 1672 2306 1712 nos
2338 1670 2527 1712 omnes
2561 1655 2843 1725 Deiparam
2878 1655 3107 1725 puellam
3128 1692 3143 1717 ,
3173 1667 3270 1721 per
3292 1649 3537 1713 eamdem
3566 1658 3771 1699 conse-

2199 1748 2311 1802 cuti
2339 1747 2599 1812 salutem,
2624 1761 2820 1816 magna
2849 1759 2979 1800 voce
3013 1741 3404 1797 beatiﬂcemus.

2271 1860 2577 1930 Tanquam,
2632 1856 3089 1929 pretiosissimum
3170 1868 3235 1909 ac
3299 1845 3769 1907 sublimissimum

2169 1948 2172 1950 ⁷
2204 1951 2457 2005 thronum
2519 1948 2611 2005 Dei
2661 1948 2922 2015 altissimi!
2954 1946 3257 2009 laudemus,
3294 1957 3329 1997 ο
3355 1938 3579 2011 populi,
3608 1934 3770 1989 illam

2203 2060 2322 2113 quae
2342 2032 2457 2098 sola
2482 2049 2601 2111 post
2630 2048 2842 2111 partum
2874 2046 3047 2093 mater
3075 2036 3177 2091 fuit
3203 2043 3256 2089 et
3291 2034 3462 2101 virgo.

2207 2184 2229 2214 ,η
2279 2152 2358 2207 Tu
2402 2167 2481 2215 es,
2515 2165 2548 2207 ο
2592 2151 2854 2220 Deipara,
2885 2163 3036 2203 arma
3092 2148 3379 2201 nostraet
3424 2147 3617 2197 murus
3661 2147 3770 2195 :tu

2200 2243 2509 2314 praesidium
2538 2250 2590 2296 et
2618 2238 2864 2295 defensio
2893 2236 3284 2307 recurrentium
3314 2233 3377 2287 ad
3410 2242 3460 2287 te
3489 2250 3502 2285 :
3533 2240 3585 2285 et
3612 2242 3775 2284 nunc

2201 2341 2253 2388 te
2278 2330 2565 2387 oratricem
2598 2338 2838 2383 nostram
2869 2325 3276 2398 constituimus,
3307 2330 3366 2376 ut
3408 2320 3475 2375 ab
3504 2318 3774 2373 hostibus

2205 2422 2408 2478 nostris
2435 2421 2748 2476 liberemur.

1003 2620 1164 2694 214
1189 2620 1270 2676 Ea:
1291 2621 1502 2677 Cauonc
1521 2624 1573 2678 in
1604 2620 1702 2678 SS.
1733 2622 1894 2679 Mart.
1933 2623 2178 2691 Auctum,
2210 2624 2545 2691 Taurianam,
2575 2634 2623 2679 et
2650 2622 3094 2691 Thessalonicam,
3126 2622 3210 2675 die
3237 2622 3288 2674 7.

2198 2737 2465 2809 processit
2497 2752 2563 2792 ex
2595 2746 2748 2793 utero
2776 2745 2902 2801 tuo,
2929 2710 3133 2805 etcum
3175 2734 3471 2788 humanam
3506 2739 3766 2783 naturar-

2208 2830 2509 2899 speciosam
2543 2828 2885 2892 reddidisset,
2908 2827 3088 2881 divina
3111 2826 3419 2896 cognitione
3445 2820 3766 2880 illustravit,

555 2917 734 2973 verbis
772 2915 1079 2985 explicare!
1108 2914 1286 2970 Deum
1335 2916 1478 2969 enim
1515 2916 1780 2984 peperisti
1829 2916 2100 2969 hominem
2131 2939 2171 2994 ο
2208 2936 2270 2974 ac
2306 2919 2524 2973 malitiae
2550 2915 3249 2982 deformitatemabstulit,
3291 2927 3326 2968 o
3355 2911 3514 2981 Virgo
3556 2922 3767 2977 sponsa

555 3009 757 3065 factum
790 3001 926 3063 citra
942 3022 1172 3075 .omnem
1194 3021 1411 3061 causam
1453 3014 1508 3061 et
1543 3007 1826 3061 rationem.
1877 3053 1882 3057 .

625 3098 707 3154 Ad
753 3107 805 3154 te
852 3112 1066 3162 semper
1096 3095 1375 3166 confugio,
1410 3111 1445 3150 ο
1474 3094 1720 3159 Domina,
1758 3097 2105 3152 multitudine

553 3191 1026 3258 tentationum'per
1043 3188 1285 3258 singulos
1300 3188 1414 3242 dies
1437 3187 1827 3243 circumdatus.
1851 3187 2105 3244 Miserere

557 3282 661 3337 mei
699 3290 754 3337 et
798 3281 947 3337 salva
989 3296 1111 3343 me,
1145 3296 1178 3335 ο
1216 3279 1331 3333 sola
1377 3278 1523 3333 omni
1564 3277 1721 3333 laude
1753 3278 2103 3349 dignissima,

555 3376 677 3443 qua:
705 3373 1041 3439 salvatorem
1076 3386 1140 3425 ac
1199 3369 1487 3424 Dominum
1531 3370 1910 3423 universorum
1945 3357 2107 3438 pepe-

555 3462 702 3518 risti.

628 3552 981 3606 Peecatorum
1015 3556 1332 3619 tempestate
1358 3548 1750 3620 deprehensum
1773 3589 1785 3613 ,
1819 3550 1954 3603 etin
1992 3549 2106 3604 dis.

558 3642 785 3699 crimine
815 3642 1193 3707 Constitutum,
1221 3657 1345 3711 rege
1368 3656 1472 3705 me,
1496 3656 1531 3695 ο
1564 3640 1809 3709 Deipara,
1851 3650 2106 3711 tanquam

557 3733 927 3802 gubernatrix,
955 3742 1009 3787 et
1040 3732 1108 3787 ad
1140 3731 1486 3801 tranquillum
1517 3732 1953 3799 compunctionis
1980 3747 2107 3802 por-

555 3834 669 3879 tum
701 3824 895 3893 dirige.

633 3913 963 3970 Gravissima
992 3921 1333 3984 peccatorum
1365 3914 1576 3969 sarcina
1600 3914 1962 3986 undequaque
1986 3932 2105 3988 pre-

558 4023 706 4073 mor;
734 4017 787 4064 et
820 4007 997 4061 clamo
1027 4005 1093 4068 ad
1141 4014 1210 4070 te,
1244 4019 1278 4060 o
1323 4006 1657 4072 castissima,
1695 4017 1751 4061 ut
1781 4010 1849 4063 ab
1878 3998 1978 4063 hac
2022 4023 2106 4063 me

557 4099 839 4153 sublevare
876 4097 1146 4168 digneris,
1184 4106 1237 4152 et
1281 4098 1556 4166 imponere
1586 4099 1715 4151 mihi
1755 4098 1942 4169 jugum
1989 4100 2107 4154 lere

560 4189 652 4243 lilii
683 4189 828 4259 quod
878 4188 995 4243 sine
1028 4187 1414 4257 impedimento
1445 4187 1612 4243 feram
1639 4228 1654 4253 ,
1700 4188 1882 4243 divina
1935 4190 2106 4245 inter-

556 4278 802 4334 cessione
830 4288 943 4343 tua,
969 4295 1001 4332 ο
1034 4278 1147 4332 sola
1174 4278 1241 4332 ab
1272 4278 1415 4331 omni
1442 4278 1561 4331 labe
1588 4280 1964 4334 mundissima.

635 4366 889 4430 Verbum,
918 4379 1151 4435 sponsus
1183 4366 1460 4433 speciosus
1490 4373 1745 4435 tanquam
1774 4381 1837 4422 ex
1867 4366 2105 4421 thalamo

2206 3009 2323 3065 Dei.
2446 3076 2449 3077 ί
2648 3063 2655 3069 .
3368 3064 3387 3079 ,

2275 3076 2526 3152 Animam
2555 3114 2732 3154 meam
2764 3098 3013 3168 pessimis
3045 3095 3250 3167 peccati
3276 3076 3473 3164 jaculis
3503 3090 3768 3145 vulnera-

2208 3205 2315 3248 tam
2346 3192 2607 3245 miserare
2652 3208 2665 3243 :
2700 3198 2933 3243 mentem
2974 3203 3147 3241 meam
3180 3185 3414 3257 graviter
3452 3191 3766 3249 transgreso

2206 3283 2450 3343 sionibus
2468 3283 2809 3336 obscuratam
2828 3279 3091 3343 illumina,
3116 3276 3343 3331 Domina
3366 3274 3610 3343 Deipara,
3641 3286 3767 3341 qua

2183 3376 2342 3430 'lucis
2372 3375 2613 3430 datorem
2637 3371 2909 3425 Christum
2943 3369 3215 3440 peperisti.

2276 3468 2523 3520 Animam
2554 3480 2725 3526 meam
2756 3462 3114 3533 passionibus,
3141 3456 3495 3528 plurimisque
3522 3452 3765 3524 peccatis

2209 3565 2561 3628 peremptam,
2594 3556 2715 3609 vitae
2750 3553 3004 3614 restitue,
3040 3566 3073 3604 o
3110 3549 3272 3619 Virgo
3304 3547 3562 3615 inviolata
3586 3585 3599 3610 ,
3638 3557 3765 3614 qua

2210 3649 2379 3703 Vitam
2403 3647 2656 3717 genuisti,
2680 3662 2798 3716 quae
2823 3653 3152 3714 per'mortem
3176 3652 3230 3697 et
3248 3640 3557 3710 passionem
3573 3651 3760 3699 suam,

2182 3753 2394 3794 omnes
2428 3736 2617 3792 mortis
2645 3736 2788 3791 vires
2820 3733 3099 3797 dissolvit;
3136 3741 3203 3791 et,
3227 3730 3463 3785 concede
3505 3727 3667 3791 mihi,
3704 3736 3766 3781 ut

2207 3839 2359 3900 grato
2402 3830 2565 3883 corde
2611 3828 2896 3883 concinam
2957 3843 2970 3880 :
3027 3822 3071 3879 Ο
3128 3823 3391 3893 populus,
3448 3819 3765 3889 superent—

2207 3930 2315 3997 tate
2338 3958 2353 3981 ,
2386 3927 2492 3973 εις.

2277 4009 2434 4079 215
2454 4007 2719 4072 lllumina,
2753 4015 2907 4076 porta
2927 4003 3084 4066 lucis,
3110 4001 3347 4056 animam
3371 4014 3569 4063 meam,
3594 4012 3761 4068 quam

2206 4100 2459 4154 inimicus
2503 4106 2844 4168 peccatorum
2893 4094 3132 4149 tenebris
3174 4092 3483 4147 obscuravit
3533 4108 3549 4145 :
3600 4098 3661 4143 et
3698 4088 3763 4142 ab

2210 4188 2464 4245 omnibus
2511 4188 2670 4254 hujus
2705 4187 2828 4241 vitae
2857 4182 3389 4255 perturbationibus,
3423 4170 3485 4235 ac
3518 4178 3763 4234 tenebris

2136 4255 2181 4311 Ῑ)
2212 4282 2502 4352 perpetuis,
2536 4289 2701 4349 atque
2738 4280 2805 4333 ab
2851 4279 2994 4348 igne,
3024 4286 3077 4330 et
3112 4289 3297 4329 verme
3341 4273 3506 4326 libera
3546 4284 3632 4323 me
3655 4310 3671 4332 ,
3704 4278 3763 4323 ut

2209 4373 2504 4445 [loriﬂcem
2535 4380 2604 4436 te,
2638 4386 2670 4424 o
2706 4369 2954 4438 Deipara,
2992 4366 3271 4421 hominum
3304 4362 3593 4418 revocatio.

1444 4479 1526 4532 Ea:
1550 4480 1760 4535 Canone
1784 4482 1838 4535 in
1867 4468 1923 4536 S.
1959 4483 2265 4539 Michaelem
2296 4479 2683 4555 archangelum,
2717 4484 2801 4537 die
2822 4482 2852 4536 8

627 4594 794 4663 Virgo
836 4591 988 4646 omni
1028 4590 1185 4643 laude
1219 4592 1487 4645 cumulata
1510 4632 1525 4652 ,
1555 4592 1866 4660 angelorum
1900 4595 2102 4659 decus,

554 4688 838 4745 hominum
874 4681 1175 4746 auxilium,
1224 4692 1279 4735 tu
1323 4684 1449 4735 mihi
1481 4683 1611 4735 affer
1655 4700 1810 4754 Opem
1855 4685 2107 4739 ﬂuctibus

554 4782 784 4851 iactato,
830 4785 991 4845 atque
1031 4774 1238 4844 peccati
1285 4784 1602 4843 tempestate
1638 4791 1849 4844 semper
1900 4774 2107 4845 agitato

556 4885 622 4926 ac
650 4884 785 4941 pene
812 4868 1079 4932 demerso,
1116 4875 1275 4935 atque
1311 4867 1364 4919 in
1394 4881 1609 4921 summo
1639 4867 1952 4920 discrimine
1986 4880 2109 4920 ver-

558 4960 721 5017 santi.

622 5048 1042 5117 ‘Qui'voluntate
1072 5064 1167 5104 sua
1194 5048 1576 5102 immateriales
1610 5047 1848 5100 condidit
1877 5044 2102 5112 mentes,

458 5143 464 5157 '
560 5143 614 5195 in
648 5150 801 5195 utere
828 5151 917 5194 tuo
943 5141 1201 5194 materiali
1235 5140 1534 5193 voluntarie
1563 5138 1839 5200 habitavit,
1868 5152 1899 5191 o
1922 5140 2109 5192 imma-

562 5236 911 5297 culatissima,
942 5244 1102 5303 atque
1131 5236 1181 5288 in
1205 5250 1363 5289 carne
1388 5231 1639 5301 apparuit
1665 5232 1826 5287 homo
1857 5233 2105 5298 visibilis,

562 5327 654 5396 qui
680 5336 794 5379 erat
819 5326 1125 5379 invisibilis.

631 5418 820 5473 Partus
856 5419 929 5469 tui
963 5418 1271 5483 mysterium
1314 5414 1685 5469 admirandum
1730 5414 2105 5469 intellectuali-

564 5520 643 5566 ter
677 5511 969 5566 docebatur
991 5507 1114 5561 olim
1148 5524 1294 5561 sacer
1326 5508 1505 5574 Vates,
1539 5509 1588 5562 in
1618 5508 1817 5577 spiritu
1840 5508 2029 5562 videns
2058 5518 2107 5562 te

628 5648 788 5722 (92“)
823 5647 1001 5712 Deest,
1034 5656 1088 5703 ut
1117 5656 1397 5715 sequentes
1422 5647 1545 5719 duo,
1578 5650 1629 5703 in
1667 5647 1883 5705 Menaeis
1910 5648 2207 5719 impressis.

2210 4596 2546 4667 apertissime
2573 4607 2807 4651 montem
2834 4597 3171 4661 umbrosum,
3195 4609 3261 4649 ex
3290 4608 3396 4663 quo
3428 4592 3564 4646 Deus
3595 4606 3760 4646 sanc-

2211 4698 2298 4742 tus
2330 4689 2477 4742 venit
2514 4696 2850 4757 corporatus.
3698 4736 3701 4737 ν

2282 4777 2735 4834 lntellectualibus
2790 4779 2995 4849 angelis
3070 4778 3439 4833 sublimiorem
3505 4784 3555 4828 te
3614 4773 3757 4828 Deus

2210 4870 2482 4932 ostendit,
2514 4856 2789 4938 ingressus
2820 4869 2871 4923 in
2914 4875 3123 4923 uterum
3158 4877 3343 4933 tuum;
3372 4881 3530 4936 quem
3564 4865 3757 4936 depre-

2210 4948 2353 5026 care,
2391 4977 2424 5015 o
2455 4970 2564 5015 tota
2597 4976 2730 5031 pura
2777 4970 2828 5015 et
2875 4961 3128 5015 inviolata
3151 5000 3165 5023 ,
3208 4973 3418 5028 semper
3452 4972 3548 5026 pro
3580 4957 3756 5013 salute

2214 5053 2515 5107 animarum
2548 5062 2874 5107 nostrarum.
3687 5093 3693 5096 .

2256 5160 2259 5161 ν
2285 5144 2481 5197 Beatus
2508 5144 2755 5212 populus,
2780 5143 2871 5213 qui
2896 5157 3105 5211 semper
3135 5141 3407 5195 beatificat
3428 5150 3499 5203 te,
3522 5155 3556 5195 ο
3575 5139 3754 5196 beata.

2214 5252 2331 5305 (111:1:
2366 5234 2530 5288 Deum
2566 5235 2780 5289 beatum
2828 5233 3100 5302 peperisti,
3132 5233 3223 5301 qui
3262 5231 3516 5286 ineffabili
3556 5230 3759 5284 unione

2215 5326 2631 5379 misericorditer
2654 5324 2898 5377 homines
2926 5323 3214 5378 deificavit.

2282 5416 2472 5469 Mentis
2518 5429 2723 5483 magnae
2768 5412 3004 5469 Verbum
3041 5425 3299 5469 aeternum
3340 5428 3463 5468 cum
3513 5412 3567 5465 in
3615 5420 3692 5475 te,
3729 5424 3761 5463 ο

2213 5508 2410 5575 puella,
2440 5521 2563 5561 vere
2596 5504 2849 5561 ineﬂ‘abili
2899 5520 2962 5562 ae
3001 5505 3261 5575 stupenda
3307 5504 3519 5560 ratione
3553 5501 3763 5559 inhabi-
