3948 6304
118 267 262 355 παι-ι’

1475 294 1832 358 MARIALE.

3172 289 3306 357 i238

105 417 250 460 tasse
267 406 484 463 vidisset
509 407 862 478 archangelus
885 406 1455 473 G'abriel,exelamavit
1483 425 1496 462 :
1523 409 1653 472 Ave,
1683 415 1731 473 Λ
1825 414 1904 469 Ad
1935 427 2119 468 vocem
2145 411 2318 479 angeli
2350 409 2614 464 Gabriciis
2646 407 2941 477 concepisti
2976 405 3141 462 Deum
3176 406 3302 462 Ver-

103 513 136 550 o
171 496 468 565 benedicta,
492 498 717 553 lhr0nus
741 499 1025 553 Altissimi.

173 583 461 644 Prouubus
500 589 729 658 divinus
775 589 1128 657 archangelus
1168 599 1352 646 astans
1399 592 1653 646 clamavit

108 677 170 728 ad
201 689 254 733 te
287 697 298 732 :
334 681 462 744 Ave,
497 693 692 746 sponsa
726 677 817 731 Dei
846 679 1087 748 innupta,
1115 682 1426 752 angelorum
1461 683 1650 752 gloria,

106 776 273 837 atque
303 769 576 822 hominum
605 768 763 838 216
784 769 928 825 salus
953 778 1005 824 et
1028 772 1439 828 munimentum.

121 942 215 994 Ἐκ
247 942 350 1016 τοῦ
381 941 749 1016 Κανόγοςὶείς
771 942 909 1016 τοὺς
931 943 1134 1016 ἁγίους
1156 944 1456 1016 μᾴρτυρας
1492 947 1651 1016 Ὀνη-

179 1012 436 1076 σιφόρον
470 1010 571 1079 καὶ
630 1012 980 1077 Πορφύριον,
1013 1011 1109 1079 καὶ
1153 1012 1257 1075 τὰς
1293 1010 1465 1079 ὁσίας*
1526 1010 1651 1071 Μὰ-

177 1079 411 1146 τρώνην
439 1078 534 1132 καί
567 1081 948 1146 Θεοκτίστην,
975 1078 1161 1147 ἡμέρᾳ
1185 1080 1256 1134 0'.

181 1228 457 1296 Ἔστησας
497 1228 721 1281 Θανάτου
751 1228 846 1296 τὴν
886 1227 1189 1298 τυραννίδα,
1239 1229 1532 1284 ἀθανασίαν
1563 1235 1654 1286 καὶ

108 1317 256 1386 ζωὴν
286 1317 362 1387 τῷ
417 1319 603 1388 κόσμῳ
650 1319 915 1388 κυήσασα,
974 1317 1204 1386 Χριστὸν
1245 1321 1336 1374 τὸν
1364 1323 1654 1392 Λυτρωτὴν

108 1407 286 1476 ἡμῶν,
319 1408 558 1477 Παρθένε
591 1409 960 1485 ἀπειρόγαμε.
1487 1431 1490 1434 ·

186 1495 256 1548 Ἦ
279 1499 524 1568 κυήσασα
546 1498 731 1567 κόσμῳ
757 1499 903 1551 θείαν
933 1502 1202 1570 σωτηρίαν
1230 1502 1322 1554 καὶ
1341 1501 1654 1571 ἀνάκλησιν,

107 1587 229 1648 ταις
256 1588 566 1656 πρεσϐείαις
595 1607 685 1641 σου
709 1590 846 1654 σῶζε
880 1592 1006 1655 τοὺς
1045 1592 1250 1656 πιστῶς
1282 1608 1365 1644 σοι
1396 1592 1654 1662 προστρέ-

107 1693 326 1743 χοντας,
352 1679 600 1747 ἄχραντε.

1753 504 1904 568 bum,
1938 518 1970 558 ο
2004 500 2500 563 intemeratissima,
2533 498 2624 566 qui
2656 498 2819 551 verbo
2850 511 3015 564 super
3043 508 3140 548 nos
3162 511 3312 550 exer-

1753 593 1894 647 citus
1917 590 2138 653 creavit,
2166 596 2218 642 et
2245 587 2463 641 verbum
2493 592 2730 656 prtestat,
2761 599 2870 654 quo
2898 583 3114 637 laudare
3139 582 3310 655 possi-

1754 697 1876 736 mus
1907 687 2153 736 sanctam
2187 679 2331 732 illius
2363 675 2878 730 condescensionem
2903 713 2918 739 ,
2949 688 3069 744 qua:
3099 682 3182 729 est
3215 687 3302 727 su-

1756 787 1848 841 per
1865 785 2024 826 omne
2054 770 2274 826 verbum
2306 776 2360 823 et
2383 766 2790 839 cogitationem.

1756 941 1839 994 Ea:
1869 939 2079 995 Canone
2109 938 2308 1008 duplici
2347 940 2399 991 in
2448 937 2579 1004 festo
2614 935 2714 990 SS.
2749 931 3304 1008 Quesiphari-eLPor-

1819 1010 1988 1079 phyrii
2020 1001 2305 1133 Ztargjrum
2327 1017 2376 1062 et
2409 1001 2712 1060 educturum
2742 1001 2995 1057 Matrona:
3033 1019 3094 1055 ac
3120 1001 3312 1054 Theoc-

1826 1082 1985 1142 tistw,
2059 1080 2107 1132 ie
2166 1098 2188 1133 4

1823 1224 2006 1279 Finem
2041 1224 2347 1293 imposuisti
2386 1224 2576 1278 mortis
2614 1220 2922 1293 tyrannidi,
2951 1233 2983 1272 ο
3013 1218 3174 1287 Virgo
3207 1218 3339 1271 viri.

1757 1317 1956 1380 nescia,
1997 1316 2193 1370 mundo
2229 1314 2688 1369 immortalitatem
2742 1327 2807 1366 ac
2846 1311 3012 1364 vitam
3055 1308 3312 1386 genu-isti,

1755 1404 2025 1459 Christum
2058 1406 2264 1460 scilicet
2288 1405 2698 1474 Redemptorem
2735 1412 3004 1457 nostrum.

1825 1491 1867 1546 Ο
1897 1493 2151 1548 inviolata
2171 1533 2184 1557 ,
2235 1510 2354 1564 quae
2382 1495 2616 1550 divinam
2654 1495 2882 1568 salutem
2909 1509 2975 1546 ac
3013 1489 3316 1561 reparatio-

1761 1598 1878 1636 nem
1922 1584 2119 1638 mundo
2164 1587 2452 1653 peperisti,
2500 1588 2645 1639 salva
2680 1584 3160 1640 intercessionibus
3207 1583 3314 1637 tuis
3403 1640 3414 1646 ,

1760 1688 1854 1727 eos
1882 1674 1970 1741 qui
2009 1673 2235 1727 lideliter
2262 1686 2545 1728 recurrunt
2582 1676 2644 1728 ad
2686 1687 2753 1728 te.
2945 1672 2948 1679 ’

176 1731 702 1833 Νεύσονῖιπάναγνε.
751 1767 986 1837 σωθῆναί
1019 1785 1107 1837 με·
1139 1771 1229 1822 τὸν
1260 1769 1368 1840 γὰρ
1391 1767 1515 1840 Θείῳ
1539 1770 1654 1824 νεύ-

1829 1763 2040 1826 Λιιηυο,
2059 1763 2428 1826 ocastissima,
2455 1763 2613 1817 saluti
2647 1777 2777 1817 meae
2801 1780 2814 1816 :
2842 1764 3037 1817 ctenim
3068 1771 3202 1816 nutu
3226 1760 3311 1816 di-

112 1865 246 1916 ματι
295 1852 353 1904 τὸ
408 1855 513 1905 πᾶν
547 1856 878 1925 περιάγοντα
927 1848 1290 1927 ὲσωμάτωσας
1327 1858 1455 1912 Θεὸν
1485 1860 1658 1927 Λόγον

109 1938 253 2009 ὑπὲρ
281 1940 433 2008 λόγον
461 1943 552 1996 καὶ
580 1943 834 1999 διάνοιαν.

182 2030 424 2085 Ἤνωται
452 2034 508 2085 ἐν
530 2037 711 2122 μήτρᾳ
754 2053 843 2090 σου
872 2041 898 2091 ὁ
920 2039 1292 2109 Πλαστουργὸς
1317 2045 1498 2116 σαρκὶ,
1529 2043 1661 2096 πάν-

108 2135 264 2185 αγνε,
328 2124 514 2190 μείνας
551 2126 578 2178 δ
607 2122 695 2197 ἦν,
734 2129 880 2192 ὅπως
911 2132 969 2184 τὸ
997 2132 1056 2184 εὖ
1102 2130 1239 2186 εἶναι
1279 2139 1387 2199 τοῖς
1452 2136 1659 2207 ἀνθρώ-

111 2226 238 2272 ποις
273 2211 600 2284 δωρήσηται.

179 2294 605 2372 Σωματούμενον
657 2305 892 2376 ὲκύησας
921 2309 1050 2364 Θεὸν
1079 2311 1269 2380 Λόγον,
1300 2315 1651 2386 ὁμοιωθῆναι,

108 2388 288 2459 Κόρη,
318 2391 404 2444 διὰ
429 2395 703 2464 σπλάγχνα
731 2398 910 2462 ἐλέους
940 2403 1100 2455 πᾶσιν
1116 2403 1496 2474 εύδοκήσαντα,
1523 2423 1657 2460 παν-

119 2479 320 2548 ἀμωμε
344 2483 622 2536 Δέσποινα.

181 2569 258 2619 Οὐ
288 2570 458 2624 λιπὼν
483 2574 548 2625 τὰ
579 2573 823 2645 οὐράνια,
874 2577 1127 2648 ἄχραντε,
1163 2581 1411 2637 κενοῦται
1437 2583 1566 2647 Θεὸς
1593 2587 1651 2638 ὲν

114 2658 310 2729 μήτρᾳ
337 2677 448 2727 σου,
481 2663 573 2715 καὶ
604 2670 872 2736 μετρεῖται
901 2671 928 2722 ὁ
960 2670 1261 2742 ἀμέτρητος
1281 2674 1349 2726 τὰ
1381 2675 1662 2747 ἀμέτρητά

114 2765 219 2816 μου
245 2749 386 2803 λύων
417 2754 747 2824 πταίσματα.

197 2837 503 2909 Ἐνῴκησεν
533 2845 591 2895 ὲν
617 2849 698 2896 σοὶ
727 2848 990 2916 χωρηθεὶς
1013 2852 1040 2902 ὁ
1072 2849 1373 2921 ἀχώρητος,
1405 2853 1497 2907 καὶ
1523 2854 1658 2908 ἔδειο

113 2926 201 2990 ξεν
224 2929 465 2998 οὐρανῶν
494 2949 551 2984 σε
585 2934 939 3006 πλατυτέραν,
977 2939 1214 3009 Παρθένε
1243 2957 1256 2972 ο
1286 2941 1364 2993 διό
1388 2959 1442 2995 σε
1476 2961 1658 3012 μακα-

112 3017 354 3089 ρίζομεν.

177 3068 298 3089 .-,--
317 3068 354 3074 ν-

177 3110 410 3181 Νεκρῶν
429 3130 482 3165 τε
516 3115 606 3168 καὶ
634 3115 739 3168 τῶν
759 3115 970 3180 ζώντων
1001 3107 1273 3191 Δεσπότην
1298 3122 1658 3189 ἀποτεκοῦσα,
1684 3068 1731 3130 c

114 3197 183 3250 τὰ
216 3199 383 3270 πάθη,
413 3203 736 3281 πανάμωμε,
768 3207 837 3259 τὰ
857 3212 954 3277 τῆς
986 3210 1181 3277 σαρκός
1206 3228 1305 3280 μου
1336 3211 1658 3268 θανάτωσον.

185 3386 454 3456 Νομίμων
485 3389 606 3458 δίχα
649 3389 882 3457 φύσεως,
924 3392 1187 3461 Παρθένε,
1237 3396 1326 3447 τὸν
1374 3399 1662 3466 νομοδότην
1715 3405 1721 3411 “

116 3475 342 3542 τίκτεις,
371 3479 774 3534 ἀναπλάττοντα
795 3482 892 3550 τὴν
910 3499 1031 3535 συντ
1043 3483 1281 3552 ριεεῖσαν
1307 3486 1466 3553 φύσιν
1487 3489 1661 3558 ἡμῶν,

115 3567 174 3618 ὃν
197 3567 434 3621 δυσώπει
464 3569 630 3621 σῶσαί
663 3587 729 3640 με
767 3571 1054 3640 ἁμαρτίαις
1086 3575 1516 3644 συντριϐόμενον.

185 3738 486 3792 Δεδούλωτο
513 3742 758 3812 ἁμαρτίᾳ
788 3746 818 3813 ἡ
850 3744 1007 3812 φύσις
1028 3747 1134 3799 τῶν
1160 3749 1479 3818 ἀνθρώπων,
1528 3753 1663 3807 ἀλλά

116 3827 320 3899 ταύτην
350 3829 562 3900 ὲρῤύσω
597 3833 691 3899 τῆς
720 3835 981 3902 πονηρᾶς,
1027 3837 1272 3898 Θεοτὸκε,
1302 3839 1543 3902 δουλείας
1570 3843 1661 3893 τὸν

113 3917 224 3970 τῶν
247 3917 496 3971 ἁπάντων
522 3921 792 3986 Δεσπότην
821 3923 1066 3992 κυήσασα
1097 3923 1184 3976 τὸν
1221 3925 1466 3989 δείξαντα
1505 3930 1663 3981 πᾶσιν

114 4006 249 4075 ἡμῖν
277 4008 375 4074 τῆς
393 4004 538 4075 ζωῆς
562 4007 660 4069 τὰς
702 4008 960 4072 εἰσόδους,
986 4010 1312 4079 ποινάμωμε.

187 4180 611 4250 Σεσαρκωμένον
654 4182 819 4252 ᾼόγον
878 4183 982 4235 σῶν
1033 4184 1090 4248 ἐξ
1143 4185 1389 4254 αἱμάτων
1464 4188 1667 4250 τίκτεις

119 4271 348 4342 βροτοὺς
375 4271 572 4325 Θεῶσαι
602 4273 982 4343 εὐδοκήσαντα,
1016 4276 1277 4346 Παρθένε,
1298 4279 1418 4339 τοὺς
1441 4278 1668 4346 μιξλττον⁴

115 4362 312 4424 τας-Ὀ
337 4361 444 4414 τῶν
479 4363 724 4434 πατέρων
755 4364 908 4434 ἡμῶν
936 4365 1085 4431 Θεὸς,
1118 4366 1400 4436 εὐλογητὸς
1428 4364 1498 4421 εί.

187 4544 404 4600 Δύουσα
432 4545 573 4614 Εὔας
602 4547 700 4615 τὴν
726 4549 992 4617 κατάραν,
1023 4549 1416 4620 παναμώμητε,
1449 4552 1666 4621 ἐγέννη-

119 4653 242 4700 σας,
284 4635 543 4706 Παρθένε,
573 4622 663 4689 τὸν
693 4627 799 4691 τῶν
819 4639 955 4690 ὅλων
980 4641 1128 4703 Θεὸν,
1158 4641 1446 4711 ἀφράστως
1478 4641 1667 4695 συλλαο

118 4727 315 4791 ϐοῦσα,
346 4728 438 4781 καὶ
489 4729 624 4800 ὑπὲρ
662 4729 784 4781 νοῦν
818 4731 1068 4800 κυήσασα
1127 4734 1398 4802 σωτηρίαν
1425 4736 1552 4797 ’τοῖς
1579 4736 1668 4786 ἀν-

115 4817 378 4887 ϐρὼποις.
1582 4871 1588 4877 .

202 4905 386 4959 Ῥόδον
423 4908 675 4984 ἐκλεκτὸν
702 4913 759 4963 ὲν
794 4912 913 4973 ταῖς
949 4912 1177 4977 κοιλάσι,
1215 4915 1384 4981 Κόρη,
1423 4916 1516 4968 τοῦ
1552 4917 1665 4985 βίου

115 4995 394 5068 εὑρηκὼς,
425 4998 638 5068 ἠράσθη
684 5017 774 5054 σου
799 5003 906 5054 ’τοῦ
946 5003 1170 5067 κάλλους
1197 5006 1363 5072 Λόγος
1394 5007 1487 5060 τοῦ
1512 5009 1666 5077 Θεοῦ,

117 5089 213 5141 καὶ
256 5089 556 5157 σαρκωθεὶς
583 5091 839 5143 εύωδίασε
863 5093 961 5162 τὴν
993 5095 1337 5163 οἰκουμένην.

203 5260 384 5330 ἰδοῦή
416 5261 700 5330 Παρθένος,
725 5263 796 5326 ῶς
813 5283 973 5333 φησιν
989 5269 1044 5318 ἐν
1063 5268 1327 5337 πνεύματι
1358 5272 1384 5322 ὀ
1423 5271 1667 5336 Ἡσαΐας,

117 5353 284 5423 ἔσχεν
322 5351 380 5403 έν
416 5353 588 5422 κοιλίᾳ
631 5353 720 5404 τὸν
772 5355 914 5421 ἡμᾶς
947 5358 1248 5426 ῥυσάμενον
1287 5360 1412 5427 ᾅδου
1468 5363 1670 5426 κοιλίας

118 5441 366 5526 εὐσεϐῶς
391 5443 624 5511 βοῶντας
651 5461 664 5475 ·
709 5445 954 5513 Ὑμνεῖτε
1000 5449 1090 5501 τὸν
1142 5449 1339 5520 Κύριον
1381 5453 1469 5503 καὶ
1503 5453 1670 5524 ὑπερ-

121 5532 348 5601 υψοῦτε.
1070 5535 1072 5538 ’

197 5623 438 5693 Φορέσας
493 5641 557 5694 με
599 5624 716 5677 ὅλον
775 5627 836 5679 ἐκ
885 5626 990 5682 τῶν
1046 5629 1152 5684 σῶν
1215 5631 1370 5702 θείων
1428 5632 1669 5701 αἱμάτων

1761 1848 1886 1902 vino
1919 1849 2166 1904 universa
2193 1850 2648 1920 cireutnageutem
2681 1852 2846 1906 Deum
2883 1851 3117 1908 Verbum
3146 1867 3309 1922 supra

1713 1939 1723 1946 ’
1759 1937 1905 1991 verbi
1942 1939 2241 2012 mentisque
2263 1950 2579 2009 conceptum
2616 1943 2942 2009 corporasti.

1834 2023 2024 2084 Unitus
2051 2039 2131 2084 est
2174 2033 2226 2084 in
2275 2040 2428 2086 utero
2457 2040 2552 2086 tuo
2593 2032 2742 2086 carui
2772 2032 3018 2097 Creator,
3058 2045 3092 2085 ο
3120 2031 3317 2087 castis«

1761 2120 1920 2185 sima,
1953 2137 2178 2176 manens
2216 2122 2267 2178 id
2300 2124 2443 2193 quod
2471 2135 2622 2191 erat,
2656 2133 2715 2179 ut
2744 2107 3058 2178 hominibus
3089 2121 3325 2179 felicita-

1761 2220 1863 2264 tem
1894 2211 2018 2266 vita:
2053 2213 2358 2282 largiretur.

1834 2301 1996 2356 Deum
2028 2302 2262 2357 Verbum
2298 2309 2641 2372 corporatnm
2678 2303 2953 2373 peperisti,
2986 2319 3018 2357 ο
3049 2301 3317 2373 puella-ac

1760 2390 1984 2445 Domina
2010 2393 2531 2458 immaculatissima,
2553 2396 2636 2448 cui
2662 2396 2912 2462 placitum
2941 2393 3039 2447 fuit
3062 2393 3318 2446 omnibus

1761 2482 2048 2535 asituilari
2083 2492 2298 2551 propter
2329 2473 2536 2539 viscera
2570 2484 2953 2539 misericordiae
2976 2497 3105 2536 sure.

1831 2569 1947 2622 Non
1989 2571 2300 2647 relinquens
2332 2573 2573 2627 coelestia
2609 2573 2942 2627 exinanito-5.
2968 2572 3221 2626 estnDeus
3262 2571 3352 2624 in.-

1763 2668 1914 2715 ntero
1939 2670 2051 2727 tuo,
2095 2678 2126 2716 o
2152 2663 2425 2727 inviolata,
2455 2673 2507 2717 et
2538 2664 2834 2718 immensus
2863 2671 3206 2718 mensuratus
3235 2670 3328 2715 est.

1765 2747 2030 2804 immensa
2063 2758 2279 2818 peccata
2307 2749 2635 2805 diminuens.

1833 2837 2105 2894 Habitavit
2126 2841 2178 2894 in
2206 2849 2256 2894 te
2278 2829 2704 2910 comprehensus
2727 2839 3315 2910 incomprehensibilis,

1761 2935 1813 2982 et
1847 2928 2021 2983 eﬂ‘ecit
2066 2939 2116 2984 te
2146 2931 2327 2986 .coelis
2381 2931 2660 3007 latiorem,
2724 2945 2757 2985 ο
2809 2930 2993 2999 Virgo.
3031 2929 3321 2999 Propterea

1764 3015 1971 3072 beatam
2001 3028 2051 3072 te
2075 3019 2324 3076 dicimus.

1837 3105 2169 3160 Mortuorum
2201 3094 2264 3162 ac
2303 3109 2598 3162 viventium
2623 3109 2931 3164 ’Dominum
2962 3109 3121 3164 enixa
3144 3148 3159 3173 ,
3188 3125 3317 3178 pas-

1763 3199 1943 3254 siones
1975 3201 2152 3254 carnis
2189 3216 2319 3269 mea:
2349 3200 2635 3263 mortiﬁca,
2684 3215 2716 3255 o
2760 3199 3016 3255 immunis
3054 3198 3123 3253 ah
3168 3199 3313 3253 onmi

1764 3289 1997 3341 macula.

1835 3380 1989 3448 217
2019 3379 2224 3434 .Pra‘ter
2268 3390 2557 3435 consuetas
2599 3391 2804 3436 natura:
2850 3382 2997 3451 leges
3039 3370 3312 3449 peperisti,

1766 3484 1796 3522 ο
1823 3468 2018 3539 Virgo,
2057 3470 2437 3546 legislatorem,
2473 3471 2562 3539 qui
2618 3480 2864 3524 naturam
2915 3478 3152 3524 nostram
3188 3483 3318 3521 con-

1767 3560 1943 3613 tritam
1975 3560 2304 3615 reformavit.
2343 3563 2600 3615 Eumdem
2658 3564 2950 3630 deprecare
2974 3602 2988 3628 ,
3026 3570 3083 3616 ut
3126 3560 3256 3614 mihi
3287 3575 3356 3614 at:

1765 3652 1996 3717 peccatis
2026 3651 2254 3705 contrito
2287 3653 2510 3711 salutem
2542 3656 2822 3707 concedat.

1835 3738 1891 3793 lu
1935 3743 2246 3796 servitutem
2291 3744 2492 3808 peccati
2531 3745 2740 3797 redacta
2787 3754 2868 3798 est
2900 3754 3089 3799 natura
3138 3747 3318 3800 homi-

1766 3846 1926 3894 num;
1961 3843 2013 3886 at
2043 3845 2116 3893 tu,
2152 3849 2182 3886 ο
2228 3833 2470 3901 Deipara,
2512 3835 2654 3887 illam
2724 3851 2752 3886 a
2795 3836 3320 3902 possiem-servitute

1765 3922 2058 3988 redemisti,
2091 3921 2375 3976 Dominum
2427 3924 2805 3978 universorum
2845 3925 3033 3988 enixa,
3066 3940 3098 3978 ο
3125 3928 3321 3981 imma-

1767 4014 2118 4076 culatissima,
2165 4013 2254 4082 qui
2312 4017 2564 4068 omnibus
2602 4016 2760 4069 nobis
2809 4015 2951 4068 vitae.
2997 4014 3179 4070 aditus
3224 4018 3318 4070 de-

1768 4103 2105 4154 momtravit.

1838 4189 2174 4248 lncarnattnn
2212 4191 2441 4246 Verbum
2506 4208 2568 4245 ex
2613 4192 2720 4246 tuis
2766 4193 3120 4260 sanguinibus
3164 4211 3318 4263 pepec

1768 4282 1907 4341 risti,
1938 4297 1968 4334 ο
2010 4280 2207 4349 Virgo;
2238 4283 2320 4333 Cui
2358 4282 2612 4349 placitum
2643 4281 2752 4333 fuit
2780 4283 3032 4335 deiﬁcare
3069 4284 3318 4336 homines

1695 4377 1746 4435 1)
1773 4371 1860 4438 qui
1880 4370 2165 4424 concinunt
2201 4390 2214 4424 :
2244 4369 2559 4426 Benedictus
2589 4387 2666 4437 es,
2702 4371 2841 4425 Deus
2865 4383 3076 4440 patrum
3107 4382 3322 4428 nostro-

1770 4477 1909 4517 rum.

1842 4551 2070 4608 Solvens
2100 4553 2221 4607 Eva:
2252 4553 2702 4619 maledictionem,
2733 4555 3000 4623 genuisti,
3027 4570 3058 4607 ο
3091 4555 3318 4608 inviola-

1765 4643 1998 4706 tissime,
2047 4642 2300 4698 omnium.
2331 4643 2529 4706 Deum;
2570 4661 2729 4712 quem
2765 4646 3111 4702 inell'ahilitet’
3133 4660 3316 4700 concc-

1767 4733 1914 4800 pisti,
1950 4742 2111 4801 atque
2139 4733 2625 4802 inexcegitabilitcr
2665 4732 2920 4801 peperisti
2947 4733 2996 4783 in
3035 4731 3315 4784 hominum

1769 4822 2019 4876 salutem.

1839 4914 1969 4966 Cum
1999 4923 2069 4974 te,
2111 4914 2369 4982 opuella,
2414 4926 2587 4965 rosam
2621 4911 2841 4964 electam
2894 4912 2944 4965 itt
2980 4912 3319 4964 conuallibus

1769 5001 1890 5055 vitae
1932 5002 2159 5056 Verbum
2218 5003 2310 5056 Dei
2365 5001 2697 5065 invenisset,
2748 5000 3168 5069 pulchritudinis
3217 5013 3317 5053 tua:

1769 5107 1951 5146 amore
1991 5101 2205 5162 captum
2252 5101 2354 5157 est,
2399 5099 2452 5145 et
2479 5091 3059 5159 incarnatunhodore
3099 5091 3318 5158 replevit

1769 5182 1950 5235 orbem
1981 5192 2266 5236 terrarum.
2319 5246 2321 5249 ι
2349 5193 2356 5200 ’

1841 5271 1977 5325 Ecce
2006 5271 2185 5340 Virgo,
2206 5269 2656 5340 quemadmodum
2683 5269 2946 5339 inspiritu
2973 5270 3103 5322 dixit
3128 5272 3315 5334 Isaias,

1771 5362 1824 5415 in
1857 5372 2006 5415 utero
2037 5362 2222 5414 habuit
2266 5362 2413 5412 illum
2457 5360 2546 5427 qui
2591 5376 2689 5414 nos
2724 5360 2790 5412 ab
2833 5359 3126 5416 inferorum
3164 5370 3318 5415 utero

1771 5453 2018 5515 redemit,
2052 5450 2294 5520 religiose
2327 5459 2581 5503 canentes
2611 5468 2623 5503 :
2659 5449 2893 5502 Laudate
2928 5448 3230 5511 Dominum,
3264 5462 3316 5505 et

1771 5543 2164 5610 superexaltate
2187 5582 2200 5606 ,
2234 5547 2336 5594 ctc.

1843 5634 2042 5690 Ferens
2070 5650 2153 5689 me
2185 5642 2354 5689 totum
2389 5626 2642 5703 tanquam
2670 5641 2866 5687 vestem
2897 5643 2959 5682 ex
2992 5629 3097 5682 tuis
3119 5630 3313 5686 divinis
