3948 6304
519 311 653 376 1239

1602 380 1613 386 _
1633 316 1693 375 S.
1732 315 2040 376 JOSEPHI
2077 315 2641 382 HYMNOGRAPHI

3589 308 3740 372 1240

513 410 866 496 sanguinibus
887 464 902 490 ,
947 440 980 479 ο
1010 425 1482 480 intemeratissima
1506 467 1520 492 ,
1553 434 1806 496 tanquam
1838 441 2059 497 sponsus

2180 429 2495 499 προέρχεται
2522 427 2598 492 ὡς
2636 427 2885 498 νυμφῖος,
2921 428 3315 499 παναμώμητε,
3345 425 3373 478 ὁ
3422 424 3733 493 Δεσπότης,

518 518 782 570 Dominus
831 518 1130 584 processit;
1166 525 1217 569 et
1248 506 1388 571 lacte
1420 526 1511 571 tuo
1558 519 1792 572 nutritus
1832 528 1947 582 est,
1979 518 2069 586 qui

513 610 741 660 consilio
778 622 875 661 suo
920 607 1091 661 nutrit
1118 622 1306 661 omnes
1350 619 1651 672 creaturas,
1710 623 1743 661 ο
1793 610 2068 663 benedicta

511 711 725 759 Semper
749 692 932 764 Virgo.

583 785 625 837 Ο
654 786 852 854 puella,
885 804 1000 853 qum
1025 787 1275 841 manibus
1305 788 1411 842 tuis
1436 787 1584 840 illum
1610 788 1799 851 tulisti,
1822 786 1911 854 qui
1934 797 2067 840 nutu

515 877 615 929 fert
646 878 923 939 universa,
958 877 1122 929 libera
1159 894 1244 932 me
1277 894 1308 931 a
1342 893 1503 931 manu
1546 879 1705 931 alieni
1744 877 2070 931 mediatione

512 977 625 1030 tua,
650 979 701 1021 ct
727 968 846 1021 luce
878 976 965 1020 tua
990 968 1230 1020 illumina
1266 978 1499 1021 mentem
1526 982 1696 1020 meam
1723 1006 1739 1031 ,
1760 975 1812 1020 et
1833 967 2068 1020 alienum

508 1059 598 1112 fac
616 1073 697 1110 me
717 1073 745 1110 a
771 1058 1112 1126 passionibus
1131 1074 1249 1127 quae
1268 1057 1608 1128 impudenter
1628 1067 1939 1127 Oppugnant
1960 1072 2068 1112 me.

475 1242 675 1325 ~218
698 1254 1015 1326 ExiCanone
1043 1274 1095 1309 an
1122 1258 1252 1326 [€le
1277 1256 1374 1309 33-
1409 1255 1767 1325 αΡθ³ί⁰ί⁰⁷²ί⁷⁷²
1808 1256 2065 1326 olympw’

770 1325 1053 1378 Rhodiouis
1075 1365 1087 1389 ,
1123 1325 1388 1394 Sosipatri
1408 1366 1421 1390 ,
1450 1334 1574 1392 etc.,
1604 1326 1687 1378 die
1719 1327 1805 1379 10.

585 1500 767 1554 Genu;
790 1502 1080 1571 humanum
1106 1510 1392 1568 partu-tuo
1419 1500 1723 1556 reiermasti
1746 1541 1759 1563 ,
1792 1516 1823 1553 ο
1855 1499 2018 1569 Virgo
2051 1518 2067 1551 :

447 1617 451 1621 τ
512 1592 746 1648 Verbum
809 1608 1041 1661 namque
1101 1592 1788 1664 Patrisxgenuistihquod
1849 1607 2064 1645 carnem

515 1682 796 1735 mortalem
852 1683 1114 1751 gestavit,
1169 1692 1222 1735 et
1285 1683 1398 1736 vias
1440 1682 1865 1736 immortalitatis
1910 1680 2065 1734 nobis

511 1769 766 1823 ostendit.

581 1856 929 1926 Uuigenitum
966 1858 1140 1912 Patris
1180 1858 1399 1923 Filium,
1430 1858 1520 1926 qui
1554 1857 1705 1926 prius
1731 1855 1908 1910 fuerat
1948 1856 2062 1911 sine

482 1957 716 2009 ’τηου-ε,
748 1964 891 2001 nunc
928 1965 989 2003 ex
1026 1958 1076 2001 te
1109 1949 1228 2002 sine
1276 1959 1429 2017 patre
1471 1956 1655 2001 natum
1687 1956 2059 2017 agnoscentes,

509 2034 603 2088 Dei
640 2027 864 2089 matrem
899 2046 948 2091 te
980 2038 1323 2102 conﬁtemur,
1370 2052 1491 2107 quae
1530 2038 1646 2091 sine
1682 2037 1867 2101 dolore
1903 2052 2062 2104 pepe-

510 2125 653 2191 risti,
690 2120 748 2179 ei
788 2130 941 2193 virgo
970 2128 1313 2197 pernmnsisti
1343 2128 1547 2181 ratione
1574 2126 1830 2181 ‘inetfabili
1855 2166 1870 2189 ,
1902 2142 1935 2181 ο
1965 2124 2058 2180 Dei

510 2231 709 2286 sponsa
733 2216 919 2270 Maria.
1764 2219 1771 2223 ’
2044 2235 2056 2244 ·

582 2307 835 2360 Min-acula
868 2307 1143 2375 superavit
1175 2308 1426 2361 universa
1461 2309 1777 2362 miraculum
1805 2307 1936 2361 illud
1963 2322 2061 2361 no-

505 2411 659 2460 vum,
698 2396 839 2463 quod
878 2398 931 2449 in
965 2406 1038 2460 te,
1084 2412 1116 2450 ο
1163 2397 1478 2465 purissima,
1520 2397 1805 2451 manifeste
1857 2397 2057 2451 factum

504 2492 618 2536 est:
645 2482 810 2536 Deum
830 2484 971 2537 enim
995 2484 1345 2552 corporaliter
1366 2485 1643 2553 peperiSti,
1664 2501 1696 2539 ο
1720 2484 1811 2539 Dei
1833 2499 2055 2553 sponsa,

507 2573 817 2628 hominibus
864 2574 1286 2637 misericorditer
1340 2576 1549 2630 unitum
1607 2575 1808 2630 unione
1857 2579 2059 2644 imper-

504 2666 686 2719 mista.

575 2755 883 2825 Concepisti
913 2773 1005 2825 per
1033 2757 1256 2813 verbum
1296 2757 1575 2823 Verbum,
1621 2772 1655 2811 ο
1698 2756 2056 2811 illibatissima

512 2846 756 2915 Deipara,
789 2863 852 2900 ac
892 2857 1059 2916 supra
1094 2849 1348 2913 verbum,
1373 2848 1576 2902 factum
1624 2848 1921 2907 homirnam.
1961 2861 2054 2914 pe-

507 2936 715 3004 peristi,
753 2945 1033 3005 propterea
1070 2946 1118 2992 te
1150 2938 1326 2993 verbis
1360 2938 1619 2993 divinitus
1650 2936 1924 3007 irispiratis
1963 2950 2053 2990 as-

506 3026 661 3079 sidue
689 3018 1076 3082 beatiﬁcamus.

576 3111 854 3182 Tanquam
903 3116 1047 3169 aliud
1097 3115 1294 3169 caelum
1352 3116 1519 3185 priori
1576 3117 1713 3171 ccelo
1765 3090 2123 3171 sublimiusC

502 3202 725 3271 factum,
752 3214 823 3269 te,
847 3205 1095 3263 Domina.
1114 3206 1476 3276 gloriﬁcamus
1498 3224 1511 3273 ;
1532 3209 1675 3276 quod
1695 3209 1848 3262 nobis
1872 3207 2051 3261 Solem

501 3294 721 3363 iustitiae
761 3297 1002 3361 protulit,
1035 3308 1088 3350 et
1131 3296 1427 3365 profundas
1461 3298 1777 3365 ignorantia:
1808 3298 2053 3351 tenebras

504 3386 823 3437 elimiuarit.
1894 3388 1899 3393 ’

583 3470 821 3525 Verbum
854 3472 1026 3527 Patris
1081 3483 1405 3528 coaeternum
1429 3514 1442 3537 ,
1472 3475 1781 3529 hominibus
1824 3475 2054 3541 manife-

506 3569 727 3624 statum,
761 3565 1080 3630 corporasti,
1113 3579 1145 3618 ο
1172 3565 1366 3633 puella,
1409 3575 1461 3619 et
1504 3567 1555 3619 in
1602 3580 1762 3619 carne
1803 3566 2053 3633 peperisti

508 3651 779 3703 hominem
814 3653 1008 3705 fartum
1041 3665 1259 3722 propter
1290 3654 1525 3709 hominis
1554 3655 1805 3709 salutem.
1844 3654 2055 3713 Lauda-

502 3739 627 3793 bilis
650 3750 700 3794 et
725 3742 1157 3810 supergloriosus
1187 3745 1329 3798 Deus
1353 3754 1587 3814 patrum.

578 3830 718 3885 Urna
740 3848 859 3899 qu:e
888 3834 1014 3887 olim
1051 3850 1251 3889 manna
1290 3835 1512 3900 ferebat,
1545 3844 1617 3899 te,
1655 3853 1687 3891 0
1721 3846 1886 3902 casta,
1926 3837 2052 3906 ﬁgu-

502 3921 655 3974 rabat
688 3939 700 3973 :
732 3922 1004 3977 Christum
1044 3928 1208 3989 enim,
1236 3927 1573 3981 dulcedinem
1618 3936 1880 3994 nostram,
1923 3944 2050 3997 por-

504 4012 649 4074 tasti,
681 4026 712 4063 ο
743 4014 1064 4079 yenerauda,
1099 4025 1151 4069 et
1189 4017 1240 4069 in
1269 4031 1433 4070 carne
1471 4018 1749 4085 peperisti,
1778 4018 1867 4085 qui
1892 4018 2051 4085 eripit

501 4101 570 4153 ab
595 4103 740 4155 omni
766 4105 1121 4160 amaritudine
1146 4107 1565 4161 foedissimorum
1593 4118 1929 4176 peccatorum
1957 4122 2049 4162 eos

501 4192 591 4259 qui
622 4195 1027 4261 superexaltant
1054 4196 1226 4266 ipsum
1266 4197 1321 4251 in
1355 4197 1570 4253 sacula.

573 4283 759 4350 Parce,
791 4285 1044 4352 Domine,
1095 4289 1290 4356 populo
1316 4298 1407 4342 tuo
1429 4329 1444 4353 ,
1505 4302 1534 4340 a
1565 4287 1924 4341 Barbarorum
1967 4288 2050 4341 in-

2173 520 2265 569 καὶ
2302 519 2531 584 γάλακτι
2555 518 2871 589 ὲκτρέφεται
2897 518 3112 572 ἃπασαν
3168 518 3263 586 τὴν
3309 517 3488 569 κτίσιν
3514 512 3739 584 διατρέ-

2173 627 2287 677 φων
2318 608 2632 678 βουλήματι,
2660 609 2997 681 εὐλογημένη
3037 608 3411 678 Ἀειπὰρθενε.

2245 783 2510 853 Φέρουσα,
2539 784 2714 855 Κόρη,
2750 786 2868 846 ταῖς
2895 785 3052 853 χερσὶ
3097 784 3184 836 τδν
3215 783 3282 836 τά
3322 782 3618 851 σύμπαντα
3656 781 3742 849 τῷ

2174 874 2395 943 νεύματι
2422 875 2673 942 φέροντα,
2704 875 2886 944 χειρός
2923 891 2988 943 με
3016 873 3289 941 λύτρωσαι
3313 872 3406 925 τοῦ
3440 871 3735 941 ἀλλοτρίου

2171 967 2233 1033 τῇ
2274 964 2513 1034 μεσιτείᾳ
2539 982 2652 1029 σου,
2686 966 2779 1019 καὶ
2799 964 2877 1033 τῷ
2904 962 3041 1031 φακὲ
3062 981 3155 1016 σου
3181 963 3278 1032 τὴν
3312 962 3451 1032 ἐμὴν
3485 961 3739 1014 διάνοιαν

2172 1059 2420 1123 φώτισον,
2456 1055 2552 1108 καὶ
2580 1056 2934 1125 ἀλλοτρίωσον
2961 1055 3077 1106 τῶν
3109 1053 3295 1106 παθῶν
3338 1053 3445 1105 τῶν
3490 1052 3733 1115 ἀναιδῶς

2170 1146 2547 1217 πολεμούντων
2577 1163 2666 1217 με.

2180 1254 2281 1307 Ἐκ
2331 1253 2437 1305 τοῦ
2475 1256 2742 1318 Κανόνος
2780 1256 2865 1321 εἰς
2909 1255 3049 1317 τοὺς
3090 1253 3295 1320 ἁγίους
3341 1252 3736 1321 ἀποστόλους

2248 1321 2546 1390 Ὀλυμπᾶν
2558 1366 2573 1391 ,
2590 1325 2887 1397 Ῥοδίων-α,
2915 1325 3316 1389 Σωσίπατρον,
3337 1338 3391 1373 κ.
3407 1326 3460 1375 τ.
3476 1323 3562 1385 1.,
3580 1320 3735 1387 ἠμέ-

2228 1408 2309 1459 ρᾳ
2341 1398 2393 1445 ι’.

2235 1503 2392 1567 Γένος
2420 1503 2479 1556 τὸ
2528 1504 2867 1575 ἀνθρώπινον
2909 1509 2973 1574 τῇ
3014 1509 3078 1577 σῇ
3115 1504 3409 1575 κυοφορίᾳ,
3439 1501 3694 1571 Παρθένε
3715 1540 3736 1566 ,

2166 1593 2489 1657 ἀνέπλασας·
2506 1595 2674 1663 Λόγον
2696 1596 2808 1665 γάρν
2822 1596 2951 1665 ἑκύη
2962 1615 3055 1659 σας
3067 1597 3161 1648 τὸν
3174 1596 3265 1648 τοῦ
3283 1594 3514 1661 Πατρὸς,
3540 1595 3732 1659 σάρκα

2167 1681 2363 1751 Θνητὴν
2395 1683 2698 1752 φορέσαντα
2719 1723 2733 1748 ,
2767 1684 2861 1736 καὶ
2890 1683 3186 1748 ἀθανασίας
3227 1684 3379 1746 ὀδοὺς
3418 1684 3549 1751 ἡμῖν
3588 1683 3735 1734 ὑπο-

2090 1763 2139 1821 Β
2163 1771 2432 1835 δείξαντα.

2232 1863 2358 1915 Υἱὺν
2390 1862 2482 1915 τοῦ
2510 1862 2716 1932 [ἰατρὸς
2752 1864 3030 1933 μονογενῆ,
3075 1862 3323 1931 ἀμήτορα
3350 1860 3409 1914 τδ
3434 1859 3597 1929 πρότε
3610 1875 3743 1928 ρον,

2162 1956 2225 2006 ὲκ
2262 1952 2354 2005 σοῦ
2400 1954 2655 2023 τεχθέντα
2712 1954 2928 2023 γνόντες
2977 1955 3259 2023 ἀπάτορα,
3308 1952 3443 2006 Θεοῦ
3494 1952 3732 2019 Μητέρα

2161 2044 2525 2112 ὁμολογοῦμέν
2572 2061 2660 2107 σε,
2705 2044 2928 2108 ἀπαθῶς
2974 2045 3253 2113 κυήσασαν
3308 2043 3399 2095 καὶ
3452 2040 3741 2111 παρθένον

2164 2134 2421 2202 μείνασαν
2451 2133 2589 2203 ὑπὲρ
2618 2134 2790 2201 λόγον,
2819 2134 3006 2205 Μαρία
3039 2134 3340 2205 Θεόνυμφε.

2227 2314 2808 2383 Θαυμάτωνιὲπέκεινα
2841 2314 3126 2378 ἁπάντων,
3158 2312 3492 2380 πανάμωμε,
3529 2311 3588 2363 τδ
3632 2309 3737 2364 ἐπὶ

2160 2402 2242 2456 σοὶ
2272 2402 2631 2473 κενουργηθὲν
2662 2402 2843 2471 θαῦμα
2876 2402 3085 2473 ἐδείχθη
3122 2400 3377 2470 ἐμφανῶς
3398 2418 3412 2430 ·
3446 2398 3577 2451 Θεὸν
3610 2400 3733 2467 γὰρ

2157 2492 2393 2563 ἐκύησας
2415 2491 2738 2561 σωματικῶς
2761 2531 2778 2556 ,
2813 2492 3016 2562 βροτοῖς
3042 2491 3108 2545 δι’
3140 2485 3317 2546 οἶκτον
3341 2488 3635 2559 ἑνούμενον
3667 2490 3734 2539 ἐν

2159 2584 2447 2653 ἀσυγχύτῳ
2472 2583 2657 2636 ἐνώσει
2673 2623 2687 2647 ,
2719 2582 3019 2653 Θεόνυμφε.

2229 2762 2519 2826 Συνέλαδες
2556 2761 2644 2816 διά
2681 2762 2839 2830 λόγου
2879 2763 2972 2815 τὸν
2998 2762 3184 2830 Λόγον,
3214 2760 3573 2828 -πανάμωμε,
3624 2758 3728 2809 καὶ

2156 2853 2338 2915 ἔτεκες
2382 2853 2523 2925 ὑπὲρ
2565 2852 2721 2920 λόγον
2752 2852 3061 2921 γενόμενον,
3097 2848 3354 2914 Θεοτόκε,
3390 2847 3725 2916 ἄνθρωπον*

2154 2941 2235 2995 διό
2270 2958 2328 2994 σε
2366 2940 2542 3009 λόγοις
2579 2938 2954 3001 θεοπνεύστοις
2994 2937 3281 2999 διαπαντὸς
3315 2933 3705 3005 μακαρίζομεν

2238 3124 2325 3184 Ὠς
2353 3124 2509 3177 ἀλλον
2543 3123 2768 3193 οὐρανὸν
2800 3120 2895 3176 τοῦ
2929 3120 3140 3191 πρώην,
3170 3119 3459 3180 Δέσποινα,
3488 3115 3727 3185 δειχθεῖ-

2157 3232 2254 3267 σαν
2302 3214 2624 3283 ὑψηλότερόν
2672 3230 2730 3264 σε
2765 3212 3075 3280 δοξάζομεν,
3100 3203 3402 3262 τὸνἮλιον
3441 3209 3571 3275 ἡμῖν
3613 3206 3726 3273 τῆς

2154 3304 2497 3370 δικαιοσύνης
2528 3302 2902 3367 ἀνατείλαντα,
2934 3302 3028 3353 καὶ
3053 3299 3112 3351 τὸ
3154 3298 3287 3367 βαθὺ
3314 3298 3413 3366 τῆς
3437 3295 3726 3362 ἀγνωσίας

2158 3392 2342 3451 σκότος
2366 3389 2646 3454 διώξαντα.

2226 3481 2329 3532 Τὸν
2344 3478 2438 3531 τοῦ
2466 3478 2675 3546 [ἰατρὸς
2700 3477 2868 3543 Λόγον
2890 3477 3154 3529 συναῖδιον
3174 3474 3573 3543 ὲμφανισθέντα
3593 3474 3721 3533 τοῖς

2156 3569 2362 3639 βροτοῖς
2398 3569 2783 3636 ὲσωμάτωσας,
2820 3567 2913 3619 καὶ
2946 3565 3108 3634 σαρκὶ
3128 3605 3143 3628 ,
3176 3564 3325 3631 Κόρη
3346 3604 3359 3627 ,
3388 3561 3721 3629 ἀπεκύησας

2154 3660 2437 3730 ἄνθρωπον
2464 3657 2771 3725 γενόμενον,
2800 3654 2888 3727 διὰ
2909 3654 2964 3707 τὸ
2996 3654 3164 3706 σῶσαι
3196 3653 3285 3705 τὸν
3314 3650 3619 3721 ἄνθρωπον.
3641 3649 3710 3702 Ὀ

2151 3748 2359 3810 αἰνετὺς
2390 3748 2497 3799 τῶν
2528 3747 2781 3815 πατέρων
2814 3746 2942 3806 Θεὸς
2966 3744 3059 3796 καὶ
3091 3742 3457 3813 ὑπερένδοξος.

2220 3842 2457 3909 Στάμνος
2480 3841 2646 3893 πάλαι
2670 3838 3098 3909 φέρουσα,ἀγνὴ,
3120 3837 3315 3889 ὲτύπου
3341 3853 3398 3888 σε
3423 3836 3482 3888 τὸ
3509 3836 3709 3903 μάννα·

2152 3934 2193 3984 Χ
2203 3933 2380 4001 ριστὸν
2392 3933 2519 4000 γὰρ,
2533 3931 2622 3984 τὸν
2634 3929 2944 3998 γλυκασμδν
2960 3928 3137 3997 ἡμῶν,
3160 3926 3482 3988 ὲόἁστασας,
3509 3944 3564 3977 σε
3574 3927 3708 3996 μνὴ,

2152 4023 2437 4091 καὶῆσαρκὶ
2464 4020 2699 4089 ὲκύησας
2732 4018 3006 4087 ὲξαίροντα
3036 4016 3213 4087 πάσης
3242 4016 3464 4085 πικρίας
3489 4017 3712 4068 ἀτόπων

2150 4109 2504 4179 ἐγκλημάτων
2570 4110 2694 4171 τοὺς
2756 4107 3161 4178 ὑπεροψοῦντας
3221 4106 3380 4159 αὐτὸν
3441 4108 3518 4168 εἰς
3578 4107 3710 4168 τοὺς

2150 4200 2365 4261 αἰῶνας.

2217 4289 2400 4340 Φεϊσαι
2428 4287 2521 4338 τοῦ
2546 4286 2673 4337 λαοῦ
2706 4302 2818 4347 σου,
2855 4285 3046 4351 Κύριε,
3078 4278 3373 4351 ἐπιδρομῆς
3403 4281 3707 4352 Βαρϐάρων

441 4409 446 4415 -
503 4391 689 4436 cursu,
719 4380 950 4445 peccatis
972 4418 985 4441 ,
1020 4362 1438 4441 tentationibus,
1466 4387 1520 4432 et
1542 4390 1742 4431 aeterno
1784 4378 2046 4445 supplicio

2180 4382 2294 4447 γμᾶς
2317 4378 2673 4448 λυτρούμενος
2693 4417 2706 4435 .
2744 4377 2835 4428 καὶ
2876 4375 3182 4445 ἁμαρτιῶν,
3219 4374 3310 4426 καὶ
3342 4376 3663 4442 πειρασμῶν
3686 4413 3703 4438 ,

504 4465 737 4517 liberans
777 4482 874 4519 uos
909 4482 1001 4533 per
1028 4468 1191 4535 219
1214 4483 1395 4534 preces
1428 4469 1780 4523 sanctissime
1809 4467 2046 4536 Virginis

502 4554 794 4611 Gcnitricis
826 4565 929 4610 tuae
956 4567 1006 4611 et
1030 4558 1384 4626 gloriosorum
1412 4560 1774 4628 apostolorum
1804 4568 2041 4613 tuorum.

2149 4471 2241 4522 καὶ
2296 4472 2562 4543 κολάσεως
2611 4468 2866 4530 αἰωνίου,
2922 4468 3105 4535 εὐχαῖς
3161 4466 3257 4535 τῆς
3310 4466 3570 4533 τεκούσης
3612 4483 3701 4529 σε,

2148 4558 2387 4628 Παρθένε
2420 4558 2687 4623 παναγία,
2721 4557 2814 4608 καὶ
2841 4556 2945 4607 τῶν
2977 4554 3199 4617 ἐνδόξων
3230 4554 3531 4606 ἀποστόλων
3576 4571 3699 4609 σου.

502 4675 585 4729 Ex
616 4674 827 4729 Conone
887 4674 939 4727 in
1003 4660 1100 4729 SS.
1155 4673 1407 4740 Orestem,
1466 4675 1694 4741 Menam,
1765 4674 2059 4809 Vicéoreiig,(

800 4772 813 4785 κ
1883 4760 1927 4797 te

2180 4670 2887 4809 amntium"Stephanidem,
2926 4679 2973 4721 et
3027 4667 3349 4721 Theodorum
3400 4669 3696 4733 Studium,

1883 4760 1927 4797 le
1955 4760 2020 4797 ιυ
2047 4760 2137 4797 (π
2208 4760 2242 4797 lo

568 4857 611 4910 Ο
648 4857 1063 4911 laudabilissima
1088 4899 1100 4919 ,
1148 4873 1267 4922 quae
1311 4857 1423 4911 sola
1457 4872 1618 4926 supra
1663 4868 1869 4914 natura:
1899 4858 2044 4913 ordi-

500 4961 618 4997 nem
649 4945 989 4999 Conditorem
1018 4957 1069 4999 et
1109 4944 1387 4999 Factorcm
1447 4946 1723 5011 universi,
1756 4947 1849 5016 qui
1903 4947 1957 5001 in
1991 4957 2043 5001 te

501 5046 722 5086 naturas
755 5036 1046 5098 innovavit,
1072 5037 1347 5104 peperisti,
1380 5036 1583 5090 redime
1612 5050 1696 5089 me
1726 5050 1754 5087 a
1786 5037 2047 5105 peccatis,

498 5129 551 5177 et
572 5137 603 5174 a
636 5125 912 5178 tormentis
933 5127 1076 5193 eripe
1105 5141 1214 5181 me.

568 5212 769 5267 Medica
816 5224 1045 5268 mentem
1090 5232 1260 5271 meam
1313 5218 1488 5284 pravis
1536 5215 1907 5272 affectionibus
1958 5215 2041 5271 vi-

500 5304 678 5357 tiatam
702 5316 780 5369 ,⁸ο
808 5306 1058 5359 inviolata
1083 5324 1095 5369 ;
1123 5324 1183 5361 ae
1209 5310 1404 5363 divina:
1428 5307 1616 5376 gratiae
1643 5306 1761 5361 lzeta
1789 5308 1906 5363 luce
1931 5308 2043 5361 ani-

499 5402 639 5446 mant
669 5384 837 5448 meam
886 5394 1160 5461 perfunde.

567 5485 775 5539 Malitia:
808 5486 1019 5537 turhine
1050 5488 1394 5556 exagitatum,
1428 5498 1480 5543 et
1503 5488 1803 5557 procelloso
1833 5490 2041 5561 passio-

566 5636 737 5703 tﬂﬂ'")
770 5636 1108 5692 Desideratur
1132 5641 1183 5693 in
1213 5641 1428 5697 Menmis
1458 5642 1758 5711 impressis.

2152 4866 2277 4905 num
2308 4853 2494 4921 pelago
2514 4852 2775 4920 jactatum
2802 4853 2946 4907 salva
2972 4867 3185 4907 servum
3218 4862 3370 4905 tuum
3403 4853 3466 4904 ad
3488 4862 3537 4905 te
3561 4866 3698 4905 cono

2148 4941 2458 5011 fugientem,
2487 4958 2520 4994 ι)
2550 4942 2826 4996 inviolata.

2216 5033 2261 5085 A
2288 5033 2539 5087 violentis
2574 5035 2779 5102 peccati
2812 5034 3082 5097 ﬂuctibus,
3117 5048 3147 5087 a
3182 5034 3494 5102 passionum
3532 5032 3695 5102 igno-

2148 5124 2333 5186 minia,
2358 5134 2519 5195 atque
2546 5126 2614 5181 ab
2643 5126 2811 5186 omni,
2843 5124 2985 5193 quod
3020 5124 3354 5190 circumstat,
3386 5124 3551 5186 malo,
3576 5123 3693 5177 sal-

2146 5230 2243 5270 vos
2267 5202 2351 5269 lac
2376 5230 2557 5271 servos
2590 5228 2729 5281 tuos,
2756 5230 2789 5269 ο
2811 5224 2979 5268 casta.

2218 5306 2477 5361 Mortiﬁca
2533 5308 2713 5361 carnis
2755 5322 2884 5360 mea:
2920 5305 3285 5375 prudentiam,
3326 5304 3489 5371 Virgo
3523 5302 3699 5354 invio-

2149 5398 2277 5461 lata,
2304 5411 2425 5464 qua:
2448 5397 2721 5452 Christum
2746 5396 3059 5466 concepisti,
3091 5396 3183 5465 qui
3218 5394 3401 5448 divina
3456 5393 3697 5461 potentia

2149 5501 2413 5543 mortuam
2444 5488 2719 5543 hominum
2750 5489 2998 5543 naturam
3028 5484 3338 5542 viviﬁcavit.
