3948 6304
160 388 289 453 Ῑῖ-ξι

1530 378 1892 439 MARIALE.

3218 374 3361 440 i212

222 487 453 545 Verbum
482 486 593 553 Dei,
621 485 890 541 innovatis
917 493 1121 539 naturae
1145 484 1381 556 legibus,
1406 500 1526 539 cum
1549 495 1695 539 esset
1722 484 1770 542 A
1797 494 2039 553 ereptum
2062 523 2077 548 ,
2115 483 2517 553 incorruptione
2564 483 2805 540 donavit.
2870 482 3231 549 Quamobrem
3301 496 3360 543 te

156 579 275 659 sine
289 580 574 650 principio,
602 593 666 632 ex
687 577 834 646 puris
856 576 1209 645 sanguinibus
1236 578 1342 632 tuis
1364 577 1700 631 incarnatum

155 676 258 734 est,
284 685 317 723 o
350 670 535 739 Virgo,
574 683 735 735 supra
766 666 992 720 rationis
1023 675 1236 733 captum
1258 706 1271 729 ,
1302 675 1356 719 et
1394 665 1592 718 factmn
1619 666 1701 716 in-

157 760 297 825 fans,
335 760 607 813 hominem
638 765 950 824 corruptum
982 756 1383 824 redintegravit.

228 847 490 900 Dominus
520 845 839 907 altissimus,
873 860 994 897 cum
1030 854 1173 897 esset
1207 858 1367 896 verus
1400 842 1560 905 Deus,
1608 841 1706 893 hu-

158 954 373 993 manam
406 938 632 990 formam
658 952 721 990 ex
750 943 802 989 te
830 936 1087 1004 suscepit,
1120 950 1153 987 υ
1190 933 1349 1003 Virgo
1372 933 1700 995 castissima,

161 1038 325 1097 atque
362 1026 630 1080 hominem
670 1024 969 1089 deiﬁcavit,
1006 1037 1240 1091 eumque
1283 1037 1313 1076 a
1363 1023 1707 1090 corruptione

173 1206 276 1259 Ἕκ
328 1203 430 1256 τοῦ
479 1203 741 1264 Κατ-ὄνος
778 1203 863 1265 είς
908 1201 1012 1253 τὸν
1053 1199 1221 1267 ἅγιον
1275 1197 1561 1262 Ἰωάννην
1608 1198 1713 1250 τὸν

586 1271 942 1338 Ἐλειξμονα,
984 1268 1169 1337 ἡμέρᾳ
1210 1267 1297 1338 ιβ’.

237 1403 356 1456 Ἵνα
384 1404 507 1465 τοὺς
540 1404 687 1456 κάτω
715 1407 823 1464 τοῖς
854 1402 965 1455 ἄνω
989 1401 1292 1469 συνάψειεν,
1327 1401 1355 1453 ὁ
1390 1401 1546 1469 μόνος
1580 1400 1715 1452 πάν-

168 1511 281 1547 των
307 1493 434 1555 Θεὸς
482 1495 693 1563 μήτραν
743 1494 1113 1562 ἀπειρόγαμον
1162 1491 1351 1554 ὑπέδυ,
1388 1493 1485 1544 καὶ
1519 1491 1718 1557 σαρκὸς

168 1584 353 1652 φανεὶς
377 1585 433 1636 ὲν
461 1587 781 1652 ὁμοιώματι,
812 1587 908 1653 τῆς
931 1584 1128 1654 ἔχθρας
1162 1583 1221 1637 τὸ
1248 1583 1555 1652 μεσὸτειχον
1586 1582 1720 1634 ἑλὼν

168 1675 390 1743 είρήνην
421 1673 727 1740 ἐμεσίτευσε
751 1713 766 1737 ,
793 1676 884 1727 καὶ
924 1673 1067 1744 ζωὴν
1096 1673 1390 1745 ὲσράσευσε
1410 1713 1425 1739 ,
1457 1673 1549 1725 καὶ
1575 1671 1722 1724 θείαν

167 1764 565 1833 ἀπολύτρωσιν.

253 1855 374 1907 Ἐπὶ
400 1858 501 1919 σοὶ,
548 1856 808 1923 παναγὶα,
851 1857 878 1908 ὁ
910 1856 1001 1908 τοῦ
1038 1856 1236 1917 παντὸς
1263 1856 1430 1917 αἴτιος
1460 1853 1527 1906 διῖ
1555 1854 1724 1924 ὑπερο

170 1942 333 2010 σοὶ-ὴν
359 1944 752 2012 εὐσπλαγχνίας
790 1943 954 1996 θέλων
977 1945 1272 2011 ἐσκήνωσε,
1307 1943 1401 1995 καὶ
1428 1942 1727 2010 καθηγίασε

168 2031 272 2102 τὴν
305 2033 412 2086 τῶν
458 2033 755 2104 ἀνθρώπων
811 2034 997 2087 οὕσίαν
1026 2032 1329 2103 παρασάσει
1358 2014 1616 2103 πρότερον
1644 2027 1728 2094 ἐξ·

168 2121 430 2191 ολισθήσα
439 2140 551 2177 σαν.

249 2211 428 2263 Ἴασαί
460 2230 557 2281 μου
582 2212 648 2267 τὰ
672 2213 992 2285 τραύματα,
1037 2212 1208 2283 Κόρη,
1242 2214 1337 2283 τῆς
1364 2214 1607 2284 καρδίας,
1637 2214 1731 2267 καὶ

170 2302 540 2358 κατευόδωσον
568 2304 663 2373 τῆς
695 2303 871 2373 ψυχῆς
904 2318 1005 2372 μου
1039 2301 1105 2355 τὰ
1150 2305 1420 2374 κινήματα
1448 2306 1527 2366 είς
1556 2304 1690 2356 Θεοῦ
1712 2344 1726 2369 ,

170 2391 417 2460 Παρθένε
440 2433 453 2457 ,
481 2394 548 2445 τὰ
570 2394 864 2464 θελήματα.

245 2507 356 2577 Τὴν
387 2508 756 2562 σκοτισθεῖσαν
780 2510 956 2581 ψυχήν
984 2527 1083 2581 μου
1114 2514 1234 2573 ταῖς
1287 2512 1615 2583 φιληδονίαις
1636 2512 1729 2567 τοῦ

174 2596 313 2668 βίου,
342 2599 476 2668 ἁγνὴ
502 2600 826 2669 πανάμωμε,
852 2602 929 2671 τῷ
959 2603 1094 2669 φωτὶ
1120 2601 1201 2673 τῷ
1224 2602 1300 2672 σῷ
1318 2603 1517 2674 ταύτην
1534 2606 1733 2659 καταύ-

172 2703 363 2756 γασον,
395 2691 427 2758 ἡ
457 2689 516 2741 τὸ
545 2690 657 2758 φῶς
683 2692 914 2761 Χριστὸν
942 2691 1169 2745 τεκοῦσα
1192 2693 1288 2763 τῆς
1320 2694 1588 2761 ἀγνωσίας
1612 2696 1734 2750 σκό.

172 2794 266 2839 τος
296 2796 509 2831 Λυοντα.

248 2888 559 2957 Νοήσαντες
626 2889 873 2960 θεηγόροι
918 2892 1190 2962 προφῆται
1243 2896 1542 2965 μυστηρίου
1600 2914 1731 2964 σου,

177 2977 453 3047 Παρθένε,
508 2980 567 3030 τὸ
620 2978 801 3046 βάθος,
860 2982 1214 3049 προφητικῶς
1268 2966 1736 3055 προκατήγγειλαν

1804 574 2036 627 universi
2066 573 2453 636 benedicimus,
2482 588 2514 627 0
2544 572 2635 628 Dei
2666 588 2865 642 sponsa
2889 572 3076 626 Maria.

1873 665 2204 719 llorrescunt
2258 666 2567 739 angelorum
2623 666 2861 731 ordines,
2913 679 2948 719 ο
2990 664 3356 727 immaculata,

1804 754 2205 808 considerantes
2234 754 2546 820 mysterium
2570 762 2756 820 partus
2784 753 2881 817 tui,
2906 751 3050 821 quod
3076 761 3161 806 est
3185 766 3349 819 supra

1806 852 2055 895 naturam
2090 860 2104 896 :
2141 842 2301 910 220
2328 842 2490 895 Deum
2535 843 2674 896 enim
2709 843 2980 911 peperisti,
3017 851 3071 897 et
3103 852 3360 912 tanquam

1809 934 1976 987 lilium
2006 934 2215 987 iactasti
2255 948 2376 986 eum
2403 934 2495 1002 qui
2527 933 2696 986 nutrit
2721 934 3000 987 universa.

1813 1215 1894 1268 Ex
1916 1214 2123 1270 Canone
2145 1215 2198 1267 in
2222 1214 2354 1298 [esto
2380 1208 2437 1267 S.
2458 1212 2683 1265 Joannis
2709 1210 3141 1281 Elcemosynarii,
3166 1212 3250 1266 die
3278 1207 3359 1265 l2.

1885 1415 1957 1469 lit
1999 1414 2303 1483 superiores
2332 1429 2395 1467 ac
2442 1423 2692 1469 cmtestes
2730 1428 2854 1468 cum
2895 1410 3242 1464 inferioribus
3276 1425 3369 1463 co-

1819 1506 2051 1573 pblaret,
2096 1504 2244 1557 solus
2278 1504 2518 1556 omnium
2572 1503 2710 1556 Deus
2742 1512 2952 1555 uterum
2984 1500 3251 1553 illibatum
3286 1498 3370 1551 in-

1821 1609 2040 1661 gressus
2070 1603 2171 1657 est,
2200 1602 2252 1646 et
2292 1593 2343 1646 in
2381 1593 2732 1649 similitudine
2761 1592 2944 1647 carnis
2969 1606 3256 1659 apparens,
3284 1588 3376 1643 in—

1825 1685 2081 1739 termedio
2111 1685 2399 1738 inimicitia:
2425 1686 2625 1753 pariete
2650 1675 2881 1748 sublato:
2914 1699 3099 1752 pacem
3130 1682 3369 1751 interpo-

1752 1798 1793 1851 Β
1823 1776 1951 1838 suit,
1983 1783 2036 1826 et
2066 1774 2227 1827 vitam
2251 1816 2264 1837 ,
2301 1773 2645 1843 divinumque
2672 1774 3091 1841 redemptionem
3132 1770 3372 1826 donavit.
3438 1773 3443 1779 ’

1902 1866 1958 1919 In
1994 1873 2076 1929 te,
2112 1880 2145 1918 ο
2186 1866 2522 1919 sanctissima
2550 1903 2564 1927 ,
2612 1864 2846 1917 universi
2897 1870 3102 1925 auctor,
3157 1868 3377 1929 propter

1827 1970 2109 2010 excessum
2142 1955 2520 2009 misericordiae
2547 1969 2659 2007 suae
2700 1954 3001 2007 voluntarie
3026 1952 3335 2005 inhabitans
3358 1986 3375 2011 .

1829 2045 2186 2102 sanctiﬁcavit
2238 2045 2519 2099 hominum
2568 2043 2945 2108 substantiam,
2996 2056 3114 2111 qua:
3163 2048 3381 2111 propter

1828 2138 2056 2208 primam
2089 2120 2571 2205 transgressionem
2594 2140 2895 2188 corruerat.

1902 2224 2113 2278 Medere
2144 2222 2459 2277 vulneribus
2488 2220 2666 2276 cordis
2697 2220 2823 2281 mei,
2855 2234 2888 2273 o
2910 2217 3087 2288 puella
3118 2214 3303 2285 Virgo,
3329 2226 3384 2269 et

1831 2316 2026 2369 anima:
2049 2330 2179 2369 meae
2203 2320 2383 2367 motus
2406 2312 2473 2367 ad
2501 2310 2595 2367 Dei
2621 2310 2953 2382 voluntatem
3004 2304 3382 2376 perﬁciendam

1832 2406 1972 2461 felici
1997 2406 2210 2459 tramite
2236 2403 2425 2473 dirige.

1900 2521 2150 2574 Animam
2185 2533 2359 2572 meam
2395 2516 2730 2583 voluptatum
2764 2512 2887 2566 vita:
2923 2526 3110 2566 amore
3159 2510 3385 2564 obtene-

1831 2614 2038 2667 bratam
2092 2611 2212 2665 luce
2263 2618 2356 2662 tua
2415 2604 2657 2659 illumina
2682 2644 2697 2669 ,
2733 2618 2765 2656 ο
2800 2610 2982 2667 casta,
3015 2615 3080 2655 ac
3113 2599 3275 2653 libera
3314 2598 3384 2650 ab

1832 2703 1977 2759 omni
2015 2702 2151 2766 labe,
2194 2714 2314 2769 quae
2359 2699 2533 2752 lucem
2566 2685 2839 2749 Christum
2888 2692 3174 2763 peperisti,
3214 2706 3244 2743 a
3278 2704 3386 2759 quo

1834 2777 2150 2862 ignorantia:
2179 2776 2831 2843 tenebriedissolvuntur.

1908 2902 2226 2971 Diviniloqui
2261 2900 2529 2969 propheta:
2579 2897 2851 2971 intellectu
2888 2892 3122 2948 assecuti
3160 2887 3388 2959 profun-

1837 2996 2057 3050 ditatem
2118 2991 2361 3062 mysterii
2410 2990 2511 3049 tui,
2571 3004 2604 3043 ο
2644 2986 2836 3054 Virgo,
2894 2983 3205 3053 praphetice
3258 2978 3387 3032 illud

174 3066 355 3127 τοῦτο,
384 3066 865 3133 φωταγωγούμενοι
888 3067 1014 3137 θείῳ
1031 3068 1326 3138 Πνεύματι,
1356 3073 1552 3127 καὶνῦν
1576 3077 1733 3144 ἡμεῖς

1851 3085 2281 3143 :nuntiaverunt,
2334 3078 2503 3133 divini
2554 3077 2787 3145 Spiritus
2838 3074 2958 3127 luce
3003 3068 3277 3124 illustrati.
3327 3066 3392 3119 Et

177 3154 493 3223 περιφανῶς
519 3153 616 3217 τὰς
646 3156 893 3219 ἐκϐάσεις
922 3157 1151 3227 ὁρῶντες
1177 3161 1519 3231 πιστεύομεν.

256 3332 410 3402 Μόνη
449 3333 538 3388 τὸν
582 3334 677 3388 ἕνα
724 3336 822 3404 τῆς
853 3338 1077 3406 Τριάδος
1128 3341 1497 3412 ἀπεγέννησας
1547 3348 1602 3400 ὲν
1644 3350 1735 3403 δύο

98 3466 107 3469 _
176 3424 300 3485 ut;
347 3423 550 3487 οὐσίαις
583 3424 871 3478 ὑποστάσει
918 3430 1018 3497 μιᾷ
1059 3429 1362 3500 ὁρώμενον,
1398 3436 1669 3505 Παρθένε,
1698 3435 1741 3508 ᾧ

181 3513 554 3583 μελῳδοῦμεν·
580 3514 751 3584 Κύριε
781 3519 807 3567 ὁ
830 3516 981 3580 Θεὸς,
1006 3519 1290 3591 εὐλογητὸς
1320 3520 1387 3577 εἴ.
1459 3526 1472 3543 ⁵

229 3596 235 3600 Ι
262 3622 505 3692 Ῥείθρου
534 3624 729 3687 ζῶντος
748 3624 949 3695 ὤφθης,
992 3631 1249 3696 παναγίαη
1283 3634 1564 3703 σκῆνωμα,
1594 3638 1650 3703 ἐξ
1680 3632 1741 3693 οὗ
1818 3613 1830 3628 ο

180 3714 400 3776 πιόντες
434 3715 479 3765 οἱ
515 3716 906 3779 θανατωθέντες
938 3718 1033 3786 τὴν
1064 3719 1204 3789 ζωὴν
1237 3722 1583 3791 κὶηρούμεθα
1609 3730 1737 3780 ἁνα-

178 3803 439 3864 6οὼντες·
474 3804 777 3871 Εὑλογεῖτε,
814 3807 1076 3883 πάντατὰ
1105 3808 1258 3877 ἔργα,
1278 3811 1368 3863 τὸν
1388 3813 1607 3882 Κύριον,
1644 3816 1736 3867 καὶ

176 3896 526 3967 ὁπερυψοῦτε
554 3899 632 3960 είς
664 3892 864 3961 πάντας
885 3900 1008 3962 τοὺς
1036 3900 1254 3963 αίῶνας.
1550 3902 1555 3907 ’

255 4081 489 4132 Φανεῖσα
542 4077 846 4147 πλατυτέρα
893 4078 1168 4147 οὐρανῶν,
1199 4080 1471 4151 Παρθένε,
1522 4082 1613 4137 τὸν
1658 4084 1745 4137 λο-

177 4168 383 4235 γισμόν
418 4184 517 4236 μου
566 4166 917 4235 στενοὺμενον
950 4168 1233 4231 πλάτυνόν,
1271 4173 1569 4239 χιρρητικὸν
1592 4191 1744 4245 χαρι-

174 4257 410 4329 σμάτων
433 4258 586 4311 θείων
608 4257 940 4312 δεικνύουσα.

1840 3186 2115 3226 nunc-nos
2146 3170 2356 3222 illorum
2387 3168 2625 3221 vaticinii
2658 3166 2861 3220 exitum
2893 3160 3176 3217 manifeste
3206 3158 3391 3211 viden-

1841 3270 1941 3326 tes,
1978 3259 2267 3314 credimus.

1910 3350 1988 3403 Tu
2022 3349 2154 3411 sola,
2200 3362 2231 3401 ο
2270 3346 2473 3417 Virgo,
2527 3359 2693 3397 unum
2733 3340 3017 3396 Trinitatis
3072 3340 3126 3393 in
3178 3339 3400 3392 duabus

1844 3438 2161 3494 substantiis
2180 3432 2339 3505 atque
2367 3437 2524 3489 unica
2553 3433 2821 3502 hypostasi
2846 3432 3086 3500 agnitum
3113 3429 3390 3499 peperisti,

1843 3530 1927 3582 cui
1954 3528 2290 3583 concinimus
2318 3544 2331 3579 :
2357 3525 2676 3587 Benedictus
2702 3538 2783 3588 es,
2836 3522 3065 3575 Domine
3094 3520 3255 3585 Deus,
3285 3530 3400 3573 etc-

1910 3639 2083 3693 Fluvii
2116 3637 2342 3691 viventis
2375 3635 2781 3690 tabernaculum
2818 3634 2955 3687 facta
2988 3647 3069 3695 es,
3107 3646 3139 3685 ο
3168 3627 3412 3685 sanctis?

1840 3733 1998 3795 sima,
2025 3746 2089 3782 ex
2118 3744 2227 3798 quo
2258 3715 2501 3781 bibentes
2539 3741 2637 3779 nos
2666 3725 2757 3792 qui
2791 3723 2986 3777 mortui
3014 3736 3252 3784 eramus,
3287 3721 3398 3773 ha:-

1836 3823 1991 3876 redes
2017 3821 2137 3874 vitae
2161 3819 2459 3882 evadimus,
2493 3816 2827 3870 clamantes:
2854 3812 3183 3875 Benedicite,
3211 3812 3402 3864 omnia:

1838 3928 2021 3983 opera,
2058 3909 2378 3975 Dominum,
2407 3916 2461 3961 et
2494 3888 2891 3975 supereialtate
2934 3917 3058 3956 eum
3108 3901 3159 3955 in
3211 3901 3406 3955 omnia.

1839 4004 2057 4059 sarcula.

1916 4094 2016 4157 Tu,
2053 4111 2085 4149 ο
2113 4093 2275 4163 Virgo
2296 4133 2310 4157 ,
2340 4108 2459 4161 qua:
2488 4090 2639 4145 cmlis
2667 4089 2828 4143 latior
2864 4086 3197 4157 apparuisti,
3231 4085 3407 4138 dilata-

1846 4195 2075 4237 mentem
2127 4185 2282 4252 221
2334 4197 2504 4235 meam
2553 4188 2933 4249 angustatam,
2979 4187 3033 4231 et
3084 4176 3407 4230 divinorum

1845 4274 2231 4328 charismatum
2260 4286 2508 4341 capacem
2544 4270 2724 4323 redde.

985 4399 1067 4451 Ea:
1093 4388 1300 4455 Cianone
1324 4401 1376 4452 in
1408 4399 1465 4454 S.
1500 4400 1797 4470 Philippum
1819 4383 2143 4472 Apostolum,
2169 4406 2255 4459 die
2284 4405 2347 4458 M
2370 4401 2591 4474 (92““).

256 4535 303 4593 0
324 4537 681 4600 sanctissima,
718 4537 932 4605 Deoque
954 4537 1281 4605 gratissima,
1307 4548 1425 4591 esto
1455 4540 1587 4591 mihi
1634 4541 1734 4593 ad-

1851 4560 1980 4607 mur,
2014 4559 2046 4597 ο
2089 4543 2476 4612 benignissima
2530 4539 2623 4595 Dei
2668 4537 2933 4601 Genitrix,
2980 4536 3048 4591 ab
3075 4535 3222 4590 omni
3256 4520 3435 4589 malo”

168 4627 357 4699 jutrix
389 4635 441 4681 et
472 4636 692 4694 patrona
726 4628 866 4695 apud
916 4626 1212 4689 Christum,
1245 4638 1302 4680 ut
1340 4628 1528 4679 liberet
1555 4644 1637 4681 me
1668 4629 1735 4682 ab

171 4716 636 4785 mternojudicio,
669 4726 723 4770 et
747 4718 814 4770 ab
852 4717 1160 4770 omnimoda
1195 4719 1460 4785 serpentis
1486 4718 1731 4771 laesione.

256 4807 454 4861 Mentis
508 4822 639 4860 mea:
700 4807 1028 4876 vagationes,
1116 4792 1364 4876 corporis
1420 4809 1734 4873 passiones,

172 4910 354 4965 atque
383 4897 575 4951 animae
600 4897 816 4951 morbos
854 4912 1001 4963 cura,
1032 4914 1065 4951 ο
1103 4897 1287 4967 Virgo,
1320 4907 1372 4951 et
1398 4900 1603 4952 ad.vi:ts
1639 4901 1735 4954 ho-

98 5028 103 5032 .
166 5004 287 5045 nas
319 4988 490 5057 dirige
516 5004 622 5053 me,
651 4998 709 5042 ut
734 4988 935 5042 faciens
961 4990 1053 5043 Dei
1084 4989 1433 5055 voluntatem,
1464 4991 1736 5045 inveniam

167 5079 354 5132 vitam
386 5088 659 5131 aeternam.
978 5094 980 5096 '

253 5168 537 5236 Tanquam
562 5170 855 5224 animatum
877 5170 1085 5224 Domini
1114 5171 1395 5240 palatium,
1422 5185 1473 5226 et
1493 5160 1727 5227 fidelium

166 5258 422 5329 asylum,
452 5273 766 5327 eorumque,
818 5262 908 5327 qui
942 5262 993 5313 in
1044 5262 1484 5316 trilmlatinnibus
1513 5279 1735 5319 versane

168 5363 297 5412 tur,
333 5348 610 5412 auxilium,
635 5356 687 5402 et
707 5350 894 5402 ducem
928 5350 1259 5405 infallibilem
1313 5352 1479 5421 gratia
1517 5355 1730 5422 plenam

164 5439 489 5493 laudemus.

256 5526 358 5589 Te,
387 5544 506 5594 qua:
535 5528 791 5595 optimum
839 5528 1116 5583 Dmninunt
1160 5531 1435 5600 peperisti,
1475 5532 1735 5601 depreca-

252 5698 458 5767 (9:‘."",-
498 5699 837 5755 Desideratur
865 5699 916 5753 in
949 5700 1164 5759 Muttinis
1186 5702 1478 5773 impressis.

1831 4638 1990 4705 eripe
2018 4635 2273 4704 populum
2312 4643 2487 4688 tuum.

1913 4771 2272 4825 lntelleetuale
2320 4769 2700 4823 candelabrum
2755 4774 2806 4819 te
2856 4762 3115 4831 propheta
3144 4760 3298 4823 vidit,
3353 4776 3398 4813 ο

1844 4856 2117 4921 inviolata,
2154 4872 2277 4910 vere
2316 4856 2518 4910 habens
2564 4856 2856 4912 lucernam,
2915 4850 3393 4910 illuminationem,

1840 4958 1893 5002 et
1936 4949 2371 5017 propitiationem
2402 4948 2701 5000 animarum
2741 4952 3073 4996 nostrarum.

1913 5061 2121 5129 Lingua
2141 5071 2191 5115 et
2221 5060 2380 5115 curde
2403 5070 2453 5112 te
2483 5057 2713 5126 praedico
2752 5056 3053 5124 Deiparam,
3088 5068 3120 5105 ο
3166 5050 3394 5101 inviola-

1842 5153 2084 5215 tissima;
2178 5150 2345 5204 Deum
2431 5148 2572 5202 enim
2650 5146 3010 5200 immortalem
3110 5140 3391 5209 peperisti,

1841 5238 1925 5291 cui
1985 5252 2172 5291 omnes
2223 5236 2555 5290 modulantes
2608 5234 2873 5297 canimus,
2931 5229 3253 5297 Benedictus.
3296 5242 3377 5288 es,

1842 5325 2006 5390 Deus,
2036 5334 2140 5379 etc.

1914 5436 2066 5490 Illum
2104 5435 2196 5505 qui
2257 5442 2339 5488 est
2374 5442 2499 5488 ante
2551 5434 2773 5497 sa-cula,
2807 5445 3000 5486 novum
3033 5428 3288 5481 infantem
3329 5432 3391 5479 ire

1845 5536 1986 5583 terra
2015 5525 2291 5597 peperisti,
2323 5539 2356 5578 ο
2383 5523 2564 5594 Virgo,
2589 5524 2933 5579 innovantcm
2969 5533 3089 5585 nos,
3126 5516 3220 5588 qui
3246 5516 3388 5570 auti-
