3948 6304
413 252 545 317 1247

1463 235 1465 240 “
1518 255 1577 314 δι
1618 252 1927 315 JOSEPHI
1965 252 2514 314 HYMNOGRAPHI

3479 246 3623 315 1248

411 363 716 426 dissolutio,
765 371 1064 432 martyrum
1113 375 1338 428 corona,
1370 361 1533 433 224
1574 362 1952 418 coniessorum

2103 365 2416 433 τεφάνωμα,
2446 362 2606 416 ὁσίων
2633 362 2891 432 καύχημα
2920 363 3014 418 καὶ
3050 349 3352 434 ἀνθρώπιον
3379 364 3621 422 εὐσεϐῶν

414 454 606 522 gloria,
644 463 806 521 atque
829 452 1110 506 hominum
1141 452 1356 523 piorum
1391 454 1820 507 iirnramentum.

415 565 497 619 Ea:
519 564 724 618 Curione
752 564 808 615 in
843 563 973 632 festo
997 561 1052 616 S.
1089 554 1409 617 Philemonis
1449 564 1674 633 apostoli
1699 575 1748 618 et
1789 564 1962 618 socio-

997 649 1131 694 rum,
1166 634 1249 686 die
1279 635 1371 686 22.

481 743 698 797 Divinus
721 743 850 797 olim
879 743 1263 812 pr0phetarum
1307 746 1583 814 catalogus
1612 717 1966 800 multiformi-

2065 459 2124 509 τὸ
2156 456 2492 527 κραταίωμα.

2076 567 2175 621 Ἐκ
2202 565 2307 619 τοῦ
2332 567 2594 629 Κανόνος
2618 565 2705 627 εἰς
2738 563 2842 616 τὸν
2869 564 3040 632 ἄτιον
3072 566 3413 619 ἀπόστολον
3435 566 3619 631 Φιλή-

2277 651 2432 703 μονα
2453 635 2548 687 καὶ
2577 634 2713 699 τοὺς
2739 633 2858 686 σὺν
2881 633 3057 699 αὐτῷ,
3081 635 3269 703 ἡμέρᾳ
3295 635 3397 704 κβν.

2137 746 2202 796 Σὲ
2224 745 2513 814 προφητῶν
2538 743 2703 797 πάλαι
2727 746 2754 796 ό
2777 745 2918 807 Θεῖος
2939 745 3233 814 κατάλογος
3263 744 3620 806 πολυειδέσιν.

417 836 516 887 bus
565 834 825 903 symbolis
869 843 920 887 te
984 847 1107 887 vere
1149 849 1179 888 a
1228 834 1386 904 longe
1450 833 1966 904 praadescripserunt

2104 852 2299 907 χραντε
2322 875 2336 900 ,
2377 836 2662 905 συμϐόλοις
2710 835 2990 907 πόρρωθεν
3022 837 3395 907 προεκήρυξεν
3429 835 3617 897 ὅντως,

416 925 586 979 solam
617 925 913 992 parituram
951 939 1073 978 esse
1105 925 1413 980 Dominum.

486 1014 620 1068 Cum
665 1016 1009 1084 apparuisses
1034 1017 1188 1084 pura”,
1238 1031 1300 1070 ac
1357 1026 1462 1069 tota
1509 1015 1881 1080 immaculata,
1934 1031 1966 1070 ο

419 1106 584 1175 Virgo
604 1146 619 1172 ,
662 1109 945 1176 suscepisti
983 1109 1034 1161 in
1058 1108 1355 1163 visceribus
1389 1108 1493 1162 tuis
1513 1108 1677 1161 Deum
1707 1106 1967 1174 Verbum,

417 1200 510 1268 qui
535 1210 780 1253 naturam
813 1209 1053 1252 nostram
1086 1208 1426 1269 peccatorum
1450 1197 1763 1251 excessibus
1787 1199 1968 1267 inqui-

418 1299 601 1342 natam
629 1290 959 1358 puriﬁcavit.

475 1379 659 1434 Laudo
687 1389 758 1441 te,
789 1394 913 1433 vere
939 1379 1082 1435 omni
1103 1378 1256 1432 laude
1282 1377 1628 1447 dignissima,
1658 1392 1776 1446 quae
1802 1377 1966 1432 Deum

419 1469 654 1525 Verbum
720 1471 866 1524 omni
929 1469 1085 1523 laude
1137 1468 1474 1534 superiorem
1534 1483 1698 1535 supra
1767 1481 1971 1523 natura!

420 1562 641 1616 modum
677 1560 931 1628 peperisti
965 1578 979 1616 :
1016 1569 1069 1613 et
1099 1575 1287 1628 precor
1320 1567 1392 1623 te,
1423 1567 1482 1613 ut
1509 1559 1742 1613 infelicis
1775 1559 1970 1613 animae

2067 928 2165 996 τὴν
2190 927 2354 996 μόνην
2375 926 2465 980 τὸν
2491 927 2764 995 Δεσπότην
2795 924 3206 996 ἀποκυήσασαν.

2139 1019 2369 1070 Φανεῖσα
2393 1017 2609 1086 καθαρά
2638 1015 2731 1068 καὶ⁵
2757 1019 3141 1085 πανακήρατος
3173 1016 3333 1079 ἐδέξω
3356 1017 3413 1068 ὲν
3439 1016 3624 1084 μήτρα

2068 1107 2159 1160 τὸν
2207 1106 2378 1174 Λόγον
2420 1107 2582 1171 Θεὸν,
2618 1106 2710 1158 τὸν
2761 1105 3073 1174 καθάραντα
3118 1107 3215 1177 τὴν
3263 1105 3423 1174 φύσιν
3464 1105 3627 1175 ἡμῶν

2074 1200 2430 1271 ρυπωθεῖσαν,
2455 1199 2716 1271 Ιιαρθένε,
2740 1199 2910 1268 άτοπή
2919 1215 3102 1268 μασιν.

2151 1384 2335 1456 Ὕμνῶ
2364 1398 2422 1437 σε
2454 1383 2686 1454 άληθῶς.
2716 1383 3051 1451 πανύμνητε,
3085 1378 3465 1448 ὐπερῦμνητον
3493 1378 3631 1430 Θεὸν

2072 1479 2241 1546 Λόγον
2271 1477 2558 1546 ὑπερφυῶς
2587 1476 2838 1537 τέεασαν,
2869 1475 2960 1526 καὶ
2996 1473 3183 1538 δέομαι
3223 1473 3323 1540 τῆς
3362 1472 3628 1534 ταπεινῆς

2077 1587 2176 1640 μου
2192 1569 2368 1638 ψυχῆς
2387 1565 2722 1637 θεραπεῦσαι
2736 1565 2804 1617 τὰ
2830 1566 3132 1634 νοσήματα,
3153 1563 3228 1626 ὡς
3248 1562 3426 1632 ἀγαθὴ
3448 1563 3632 1632 ὑπάρ-

420 1668 554 1714 meae
578 1652 794 1706 morbos
820 1667 998 1716 cures,
1029 1651 1224 1721 quippe
1245 1667 1366 1720 qua:
1393 1650 1626 1721 benigna
1652 1667 1733 1714 es,
1754 1667 1784 1704 ο
1809 1666 1971 1721 spon-

2103 1676 2257 1727 owa,
2285 1659 2583 1728 Θεόνυμφε.

421 1760 481 1798 sa
518 1743 632 1798 Dei.
1853 1785 1855 1788 s

484 1830 531 1887 Ο
581 1832 830 1898 Domina,
863 1832 1010 1888 salva
1067 1847 1168 1888 nos
1238 1832 1556 1902 gravissima
1603 1833 1969 1887 tentationum

423 1931 740 1992 tempestate
783 1924 1038 1991 jactatos,
1071 1931 1124 1976 et
1157 1923 1530 1976 'Barbarorum
1575 1924 1971 1978 immitissimo-

427 2031 544 2068 rum
578 2015 915 2080 incursibus,
947 2026 1000 2069 et
1047 2016 1352 2070 crudelibus
1394 2015 1696 2070 dientonum
1742 2016 1976 2069 invasio-

425 2110 585 2162 nibus
619 2109 869 2164 aﬂlictos.
1772 2166 1775 2169 .

492 2198 847 2266 Corporatum
881 2206 964 2252 est
995 2196 1228 2251 Verbum
1281 2196 1335 2248 in
1365 2205 1552 2248 ventre
1604 2203 1698 2247 tuo
1729 2211 1743 2247 :
1773 2202 1827 2248 et
1853 2209 1977 2261 pro-

423 2299 541 2355 pter
567 2303 719 2340 suatu
758 2287 1187 2341 misericordiam
1239 2285 1457 2353 agnosci
1490 2285 1659 2337 voluit
1706 2284 1888 2348 homo,
1919 2290 1976 2335 ut

429 2377 700 2430 hominem
729 2377 960 2432 elliceret
1014 2377 1273 2439 DeumMO
1320 2375 1495 2443 puella
1543 2375 1608 2426 ab
1641 2373 1790 2428 omni
1822 2387 1976 2427 naevo

429 2464 687 2525 immunis
711 2464 841 2532 (96).

493 2553 775 2608 Fortitudo
805 2554 1116 2619 humilium,
1144 2561 1198 2607 et
1226 2555 1444 2608 lucerna
1483 2554 1682 2614 lucida,
1713 2562 1764 2606 et
1796 2567 1978 2606 mensa

429 2647 607 2699 divina
644 2664 655 2698 :
707 2660 884 2707 mons,
938 2655 989 2699 et
1019 2655 1171 2714 porta
1223 2647 1482 2714 impervia
1545 2663 1558 2697 :
1600 2647 1827 2697 thronus
1862 2642 1976 2706 Dei,

430 2746 484 2788 rt
535 2735 837 2803 palatium:
874 2736 1022 2804 virga
1080 2736 1285 2796 Aaron,
1333 2745 1386 2789 et
1418 2750 1551 2788 urna
1611 2750 1746 2788 auro
1779 2734 1980 2801 fulgida

432 2827 572 2879 tacta
599 2840 677 2888 es,
703 2840 736 2878 ο
759 2824 943 2892 Virgo,
975 2840 1095 2895 quae
1130 2824 1428 2890 Christum,
1460 2825 1580 2878 vitae
1607 2840 1825 2886 manna,
1853 2839 1979 2892 por-

435 2915 587 2968 tavit.

2143 1844 2441 1906 Δέσποινα,
2499 1840 2670 1894 σῶσον
2726 1842 2873 1910 ἡμᾶς
2926 1837 3354 1910 χειμαζομένους
3410 1836 3637 1905 χαλεπῷ

2077 1932 2298 1986 κλύδωνι
2322 1931 2429 1984 τῶν
2459 1931 2794 2000 πειρασμῶν.
2829 1929 2922 1980 καὶ
2949 1929 3056 1979 τῶν
3086 1927 3373 1997 ἀνημέρων
3411 1925 3633 1994 Βαρϐά-

2077 2041 2184 2094 ρων
2211 2011 2521 2092 ἐκδρομαῖς,
2552 2021 2646 2072 καὶ
2672 2021 2788 2080 ταῖς
2813 2019 2919 2071 τῶν
2943 2017 3210 2088 δαιμόνων
3229 2015 3428 2078 δειναῖς
3453 2013 3639 2073 imoi-

2077 2127 2244 2164 σεσιν.

2146 2196 2494 2268 Σωματοῢται
2546 2199 2573 2249 ό
2623 2197 2794 2265 Λόγος
2837 2199 2892 2248 ὲν
2929 2199 3109 2268 μήτρᾳ
3150 2213 3243 2249 σου
3267 2236 3283 2258 ,
3314 2197 3408 2248 καὶ
3434 2197 3503 2247 δι’
3542 2195 3640 2246 εὖ-

2077 2289 2413 2359 σπλαγχνίαν
2439 2290 2758 2358 γνωρίζεται
2806 2288 3106 2358 ἅνθρωπος,
3142 2288 3229 2341 ἵνα
3263 2287 3395 2339 Θεὸν
3424 2286 3516 2337 τὸν
3543 2284 3640 2339 άν-

2077 2383 2290 2453 θρωπον
2316 2381 2711 2452 ἀπεργάσηται,
2740 2381 2891 2451 Κόρη
2921 2381 3251 2449 πανάμωμε.

2159 2564 2333 2632 ’ἰσχὺς
2377 2564 2680 2626 ταπεινῶν,
2728 2561 2822 2614 καὶ
2862 2558 3049 2629 λυχνία
3089 2558 3346 2626 φωτεινὴ,
3392 2556 3484 2609 καὶ
3521 2556 3642 2608 Θεία

2079 2654 2325 2724 τράπεζα
2353 2693 2368 2713 .
2403 2653 2529 2723 ὅρος
2565 2654 2657 2705 καὶ
2707 2652 2848 2719 πύλη
2890 2650 3224 2711 ἀδιόδευτος,
3277 2648 3464 2718 θρόνος
3501 2645 3641 2698 Θεοῦ

2081 2744 2172 2797 καὶ
2197 2743 2472 2806 παλάτιον,
2509 2742 2699 2812 ῥάϐδος
2747 2739 2954 2809 Ἀαρών
2989 2756 3048 2790 τε
3082 2738 3176 2791 καὶ
3198 2737 3432 2806 στάμνος
3466 2749 3642 2805 χρυσ-

2081 2834 2376 2902 αυγίζουσα
2439 2833 2715 2899 πέφυκας,
2748 2830 2980 2900 Χριστὸν
3011 2828 3100 2881 τὸν
3143 2827 3317 2898 μάννα
3342 2827 3440 2895 τῆς
3468 2823 3640 2892 ζωῆς,

2081 2922 2322 2991 Παρθένε
2338 2962 2352 2986 ,
2378 2920 2633 2989 φέρουσα.

463 3024 468 3034 ί
498 3003 684 3057 Novus
706 3004 990 3070 paradisus
1019 3018 1144 3058 vere
1167 3003 1322 3059 nobis
1349 3012 1535 3058 venter
1562 3013 1684 3056 tuus
1712 3002 1977 3070 apparuit,

2151 3011 2282 3074 Νέος
2307 2994 2626 3078 παράδεισος
2651 3011 2785 3078 ἡμῖν
2805 3008 2836 3078 ἡ
2865 3008 3080 3077 γαστήρ
3102 3023 3194 3059 σου
3217 3003 3450 3073 άληθῶς,
3473 3001 3640 3072 ἁγνὴ.

431 3110 466 3150 o
495 3104 643 3150 casta
671 3093 921 3162 Deipara,
953 3095 1002 3147 in
1045 3108 1152 3161 quo
1201 3093 1526 3162 germinavit
1585 3093 1706 3147 vitae
1752 3093 1978 3162 lignum,

431 3201 528 3254 per
558 3183 700 3253 quod
734 3183 810 3237 illi
837 3183 929 3252 qui
974 3182 1151 3237 fructu
1186 3184 1313 3251 ligni
1337 3192 1553 3252 gustato
1577 3184 1775 3238 mortui
1803 3190 1978 3247 erant,

432 3273 630 3330 iterum
662 3273 917 3328 viviﬁcati
942 3274 1006 3327 ad
1040 3274 1354 3342 paradisum
1385 3273 1738 3327 reducuntur.

519 3365 654 3418 Fers
697 3363 962 3418 ferentem
1016 3364 1300 3427 omnia,et
1346 3364 1672 3437 nutrientem
1723 3365 1917 3430 nutris,
1953 3357 1986 3417 ο

441 3452 994 3509 immaculatisslma:
1029 3466 1128 3505 nec
1160 3463 1346 3520 partus
1378 3451 1456 3504 tui
1498 3451 1759 3507 rationem
1810 3463 1989 3507 mente

439 3546 653 3613 assequi
694 3553 868 3613 potes.
904 3542 1134 3610 Superat
1154 3558 1366 3597 omnem
1401 3551 1634 3598 mentem
1667 3544 1984 3598 miraculum

441 3648 615 3698 tuum.
645 3635 789 3704 quod
822 3634 1039 3702 angelos
1073 3633 1232 3702 225
1268 3642 1429 3702 atque
1489 3635 1734 3688 homines
1766 3646 1987 3703 stupore

443 3727 720 3795 percellit,
762 3726 891 3779 dum
929 3725 1110 3777 vident
1149 3725 1200 3776 te
1245 3723 1416 3777 solam
1454 3723 1727 3794 Virginem
1760 3723 1986 3779 Matrem

443 3816 559 3872 Dei.

447 3929 526 3984 Ex
567 3946 760 3984 canone
790 3927 842 3980 in
873 3928 1002 3998 festo
1032 3925 1096 3998 VS.
1126 3925 1307 3998 Patris
1338 3929 1504 3998 nostri
1534 3926 1785 3998 Gregorii
1821 3932 1988 3983 Acra-

749 3998 949 4067 gantiui
985 3995 1377 4067 [Agrigentini],
1409 3998 1492 4049 die
1521 3997 1608 4051 9.3.
1653 3995 1667 3998 ⁷
1928 4011 1933 4016 ·

511 4110 586 4165 Te
621 4125 745 4165 vere
789 4125 852 4163 ac
904 4107 1113 4178 proprie
1164 4107 1442 4175 Deiparatn
1480 4110 1777 4175 conﬁteor;
1807 4111 1990 4165 Domi-

445 4218 571 4256 num
634 4203 775 4256 enim
808 4202 1164 4272 inexplicabili
1202 4201 1360 4253 modo
1394 4201 1670 4268 peperisti,
1705 4219 1737 4256 ο
1770 4204 1986 4272 Deipara

447 4294 732 4354 inviolata,
766 4292 857 4359 qui
895 4293 945 4344 in
990 4291 1200 4345 duabus
1247 4291 1570 4345 substantiis
1627 4306 1690 4352 ac
1740 4294 1993 4346 volunta-

447 4383 590 4434 tibus
621 4381 955 4447 intelligitur.

521 4468 691 4524 Verba
719 4469 1177 4538 diviuiloquorum
1201 4483 1502 4536 praeconum
1530 4471 1792 4541 completa
1820 4479 1948 4526 sunt
1975 4487 1990 4524 :

445 4625 573 4677 dum
626 4622 846 4676 domum
903 4621 1218 4686 virginalem
1266 4621 1575 4674 deliciarum
1634 4637 1850 4676 suarum
1879 4628 1992 4676 ser-

447 4692 590 4746 vavit
635 4692 702 4745 ab
746 4689 896 4743 (mini
946 4691 1124 4756 culpa.
1161 4689 1340 4756 Neque
1392 4691 1442 4742 iu
1496 4693 1636 4743 hunc
1681 4693 1988 4756 paradisum

447 4762 688 4815 invenire
741 4760 915 4827 potuit
972 4760 1270 4825 ingressum
1333 4760 1553 4812 callidus
1611 4760 1994 4825 serpenszfuit

448 4830 590 4882 enim
639 4830 931 4883 conclusus
977 4828 1186 4884 hortus,
1219 4829 1324 4880 imo
1377 4829 1487 4893 ipsa
1536 4827 1694 4893 Virgo
1743 4829 1996 4882 contrivit

449 4907 616 4967 caput
649 4899 936 4967 serpentis,
977 4916 994 4947 ι
1017 4898 1130 4967 _Sic
1179 4897 1286 4950 ille.
1311 4896 1377 4967 Et
1402 4897 1458 4949 P.
1494 4896 1541 4949 J.
1586 4897 1847 4952 Eusebius
1877 4896 1996 4949 Nic-

451 4965 724 5035 remberg,
751 4967 801 5018 iu
855 4966 967 5020 suis
1017 4965 1377 5034 Exceptionib.
1411 4981 1529 5032 cap.
1567 4967 1646 5027 l3,
1693 4982 1816 5019 cum
1860 4977 2004 5035 retu-

453 5038 602 5090 lisset
641 5033 761 5087 a'S.
793 5036 1083 5087 Athanasio
1133 5038 1182 5088 in
1220 5036 1440 5088 bomilia
1477 5040 1526 5086 iu
1555 5035 1850 5089 Occursum
1903 5033 2006 5088 Do-

457 5106 588 5158 mini
643 5104 705 5156 B.
750 5102 1021 5172 Virginem
1093 5106 1400 5172 paradisum
1469 5106 1647 5156 divina
1710 5106 2002 5168 plantatqu

460 5189 623 5227 manu
677 5163 875 5227 l'uissev
904 5163 1240 5239 appellatalii.
1310 5175 1530 5243 subdit:
1567 5191 1584 5219 ι
1622 5173 1687 5243 Β.
1713 5163 1881 5243 ’νίτεο
1926 5175 2006 5225 di-

357 5287 361 5290 η
459 5245 600 5296 citur
647 5243 924 5305 paradisus
960 5243 1228 5309 plantatus
1262 5259 1421 5295 manu
1481 5241 1711 5300 Domini,
1753 5241 2002 5309 quoniam

463 5312 518 5362 in
551 5312 878 5376 plantatione
912 5327 1023 5363 sua:
1063 5315 1372 5373 creat-iouis,
1417 5313 1527 5363 sola
1580 5325 1770 5363 manus
1817 5311 1928 5372 Dei,
1953 5322 2005 5364 et

463 5381 631 5448 gratia
680 5376 811 5438 eius
848 5381 1026 5432 locum
1083 5380 1284 5440 habuit,
1333 5396 1439 5432 non
1486 5388 1661 5431 autent
1721 5382 2000 5448 vestigium

464 5447 661 5500 diaboli
686 5460 737 5502 et
757 5449 996 5512 ejusdem
1035 5453 1275 5502 servitus.
1320 5469 1336 5499 ι

539 5517 646 5586 (96)
681 5518 817 5582 Quid
875 5518 1429 5586 hacucxclamatione
1501 5519 1854 5585 opportunius
1908 5534 2004 5585 pro

469 5582 812 5642 immaculata
869 5585 925 5636 Β.
977 5582 1203 5650 Virginis
1263 5582 1611 5656 couccptione
1677 5582 2005 5643 astrueuda?

2019 4352 2072 4412 D

2081 3103 2266 3171 ὼράθη
2289 3141 2304 3163 .
2337 3102 2480 3170 ζωῆς
2513 3101 2668 3166 ξύλον
2718 3101 3028 3166 βλαστάνον)
3054 3139 3069 3164 ,
3102 3098 3198 3150 καὶ
3227 3097 3350 3157 τοὺς
3380 3095 3646 3154 θανέντας

2083 3191 2279 3260 καρπῷ
2310 3190 2402 3242 τοῦ
2448 3190 2606 3255 ξύλου
2639 3190 2800 3241 πάλιν
2841 3189 2978 3258 πρὸς
3013 3187 3340 3256 παράδεισον
3379 3185 3646 3252 ζωοποιη-

2085 3282 2273 3344 θέντας
2303 3281 2539 3345 εἰσάγον,
2570 3278 2817 3332 Θεοτόκε.

2154 3372 2343 3439 Φέρεις
2375 3371 2466 3422 τὸν
2497 3369 2729 3439 φέροντα
2755 3368 2954 3431 πάντα,
2995 3366 3088 3418 καὶ
3113 3364 3492 3433 τδντρέφοντα
3513 3364 3644 3435 τρέ-

2085 3478 2223 3529 φεις,
2253 3461 2343 3512 τὸν
2374 3459 2572 3529 τρόπον
2609 3458 2708 3527 τῆς
2737 3458 2947 3527 λοχείας
2976 3456 3224 3526 οὐδαμῶς
3261 3456 3596 3524 ἐπισταμένη
3623 3498 3641 3520 ,

2086 3550 2411 3619 πανάμωμε·
2444 3549 2584 3616 ὑπὲρ
2612 3549 2735 3601 νοῦν
2766 3548 2828 3600 τὸ
2857 3547 2951 3600 σοῦ
2983 3547 3165 3616 θαῦμα
3189 3547 3448 3614 ἀγγέλους
3473 3563 3646 3600 κατα·

2087 3640 2318 3709 πλῆττον
2345 3639 2437 3692 καὶ
2464 3638 2688 3708 βροτοὺς
2709 3638 2833 3700 τοὺς
2856 3637 3059 3701 εἰδότας
3085 3654 3144 3689 σε
3177 3637 3344 3707 μόνην
3371 3637 3646 3707 Παρθένον

2086 3730 2424 3801 Θεομήτορα.

2099 3926 2200 3978 Ἐκ
2244 3922 2350 3975 τοῦ
2402 3923 2669 3986 Κανόνος
2705 3922 2790 3986 εἰς
2837 3921 2942 3973 τὸν
2989 3920 3156 3984 ἅγιον
3201 3920 3424 3988 Πατέρα
3477 3917 3650 3988 ἡμῶν

2191 3992 2516 4059 Γρηγόριον
2554 3990 2660 4043 τὸν
2698 3990 3178 4057 Ἀκραγαντῖνον,
3204 3990 3390 4056 ἡμέρᾳ
3425 3994 3529 4056 κγ’.
3741 3991 3745 3999 “

2158 4103 2414 4156 Θεοτόκον
2439 4119 2497 4155 σε
2523 4102 2735 4170 άληθῶς
2765 4101 3010 4170 ὁμολογῶ
3031 4117 3044 4130 ο
3061 4100 3286 4162 τέτοκας
3305 4101 3413 4168 γὰρ
3442 4100 3646 4169 Κύριον

2090 4192 2502 4264 ἅνερμηνεύτως
2546 4195 2602 4244 ἐν
2640 4192 2788 4245 δυσὶν
2827 4194 3054 4258 οὐσίαις,
3089 4191 3323 4261 άχραντε
3363 4185 3642 4260 nepam,

2095 4286 2185 4338 καὶ
2215 4284 2463 4353 θελήσεσι
2490 4283 2928 4352 κατανοοῦμενον.

2177 4471 2359 4540 Ῥῆσις
2389 4468 2642 4537 κηρύκων
2677 4467 2949 4537 Θεηγόρων
2978 4465 3362 4536 άνεπληρώθη’
3401 4464 3507 4518 ἰδοὺ
3538 4463 3648 4530 γὰρ

2097 4621 2236 4687 Quid
2265 4623 2406 4674 enim
2441 4621 2600 4675 fuerit
2640 4620 2904 4673 allirumre
2928 4618 3205 4686 Deiparam
3234 4618 3303 4671 ab
3324 4619 3468 4673 οηιηί
3496 4633 3648 4672 ηαξνο

2100 4694 2267 4744 fuisse
2328 4691 2640 4752 immunem,
2670 4706 2831 4755 quam
2887 4703 3100 4742 Omnem
3150 4704 3372 4754 prorsus
3418 4689 3484 4740 ab
3535 4689 3646 4752 ipsa

2101 4759 2325 4828 peccati,
2353 4763 2466 4813 sive
2512 4758 2760 4822 aetualis,
2793 4761 2906 4828 sive
2955 4759 3232 4828 originalis
3277 4772 3482 4828 naevum
3532 4771 3652 4824 pro-

2100 4825 2350 4896 pulsare?
2375 4830 2648 4882 Consonat
2706 4830 2762 4881 S.
2809 4825 3012 4881 Sabbas
3046 4825 3118 4896 fin
3139 4895 3145 4896 γ
3169 4825 3382 4878 Menaeis
3404 4825 3645 4896 “Graecoe

2100 4894 2240 4962 runt,
2258 4897 2342 4952 die
2361 4898 2394 4952 3
2420 4897 2683 4964 Januarii,
2707 4899 2809 4952 ode
2833 4896 3027 4961 3,dum
3057 4894 3339 4963 Deiparam
3369 4894 3651 4964 alloquens

2104 4970 2180 5022 ait
2210 4986 2225 5020 :

2244 5061 2431 5125 Nemo,
2464 5069 2520 5113 ut
2549 5071 2624 5122 tu,
2656 5058 2898 5111 Domina.
2925 5056 3220 5123 inculpata:
3247 5066 3324 5110 est
3348 5073 3512 5126 a'que,

2107 5129 2216 5184 Nec
2243 5142 2430 5200 praeter
2452 5142 2499 5183 te
2522 5128 2962 5182 incontaminatus
2985 5127 3328 5194 quisquam,_o
3354 5125 3660 5265 πίεζρμαίίί

3403 5211 3426 5246 s
3490 5205 3658 5262 Jccta.

3403 5205 3658 5262 subjecta.

2107 5289 2171 5343 Et
2206 5289 2422 5349 ibidem,
2451 5287 2536 5340 die
2565 5288 2585 5338 Ι
2643 5285 2909 5349 Januarii,
2937 5284 3050 5341 Ode
3079 5286 3134 5350 9,

2147 5370 2180 5388 I
2249 5403 2288 5454 Τ
2294 5419 2345 5460 ιι,
2373 5417 2485 5467 qua:
2513 5399 2574 5452 ab
2606 5401 2746 5452 armti
2771 5416 2824 5454 es
2855 5416 2997 5455 nwvo
3019 5401 3238 5453 intacta.

2111 5518 2241 5568 Vide
2297 5514 2593 5580 Vclasquez
2660 5513 2730 5567 De
2788 5513 2968 5567 Maria
3021 5510 3354 5567 immaculata
3411 5521 3670 5578 concerta

2110 5587 2227 5640 libr.
2261 5599 2333 5650 ιν,
2362 5585 2576 5640 dissert.
2600 5586 2653 5652 5,
2685 5595 2869 5640 anuot.
2908 5584 2957 5638 l.
