3948 6304
233 364 371 460 tata

1573 343 1929 404 ΜΑΒΙΛΙΕ.

3282 331 3412 398 1250

232 457 417 534 ἔτεκεν
444 481 474 548 ἡ
501 475 772 545 Παρθένος
806 472 922 525 νέον
951 468 1145 539 βρέφος
1174 463 1267 517 τοῦ
1305 461 1473 530 Ἀδὰμ
1505 458 1786 511 παλαιότε-

1918 468 2010 509 cce
2046 436 2190 505 enim
2244 447 2405 517 Virgo
2462 447 2667 517 peperit
2720 444 2977 498 infantem
3036 457 3271 508 novum,
3331 446 3426 515 qui

231 587 411 642 τερον,
435 570 526 620 καὶ
549 565 832 634 σύνθρονον
853 563 947 614 τοῦ
987 558 1331 624 Γεννὴτορος.

307 637 463 718 Γένος
489 656 692 726 βροτῶν
714 653 977 706 σέσωσται
996 650 1062 716 τῇ
1081 644 1221 713 ὑπὲρ
1246 643 1366 695 νοῦν
1388 658 1479 694 σου
1502 637 1781 708 κυοφορίᾳ,

233 750 331 801 καὶ
357 749 405 800 οἱ
432 720 500 798 ἐν.
518 748 695 799 σκότει
722 743 946 812 φθορᾶς,
983 735 1222 802 παναγία
1254 733 1534 792 Δέσποινα,
1564 727 1699 782 εἶδον
1726 720 1806 778 τὸ

114 840 139 912 ἰ
236 839 353 905 φῶς
384 837 446 890 τὸ
472 835 753 904 έκλάμψαν
795 837 856 884 ὲκ
899 827 1130 898 γαστρός
1173 840 1301 887 σου,
1342 823 1435 890 τῆς
1475 820 1649 881 αἰτίας
1690 817 1786 886 τῆς

237 926 600 997 ήμῶν,Κόρη,
623 923 991 982 ἀναπλάσεως.

331 1109 391 1160 '0
422 1106 650 1167 κόλπους
697 1103 791 1157 τοῦ
833 1101 1041 1170 [ἰατρὸς
1080 1100 1152 1170 μὴ
1190 1093 1430 1155 κενώσας
1461 1094 1516 1144 ἒν
1553 1089 1629 1159 τῷ
1662 1074 1790 1157 σαρσ

240 1199 505 1261 κοῦσθαι,
544 1195 882 1262 πανάμωμε,
927 1187 1020 1240 σοῦ
1068 1189 1125 1238 ὲν
1161 1186 1271 1246 τοῖς
1317 1182 1530 1241 κόλποις
1569 1179 1788 1244 ὁρᾶται,

241 1289 608 1361 κρατούμενος
647 1285 717 1346 ὼς
756 1284 988 1351 βρέφος,
1011 1279 1070 1330 ὃν
1097 1276 1373 1340 ὲξιλέωσαι
1411 1273 1520 1332 τοῖς
1558 1265 1791 1328 εὐσεϐῶς

244 1397 304 1431 σε
325 1378 575 1446 τιμῶσιν,
605 1374 843 1442 Παρθένε
874 1369 1170 1436 Θεόνυμφε.
1418 1370 1430 1414 Γ

314 1555 457 1619 Νοῦς
505 1552 763 1623 ἐννοῆσαι,
793 1551 853 1602 τὸ
910 1547 1049 1617 μέγα
1093 1543 1285 1611 ἀπορεῖ
1343 1540 1435 1591 τοῦ
1503 1538 1595 1590 σοῦ
1639 1535 1793 1588 τόκου

247 1649 544 1715 μυστήριον
565 1660 579 1674 ο
610 1641 741 1694 Θεὸν
771 1638 878 1709 γὰρ
908 1635 1142 1704 ὲκύησας
1164 1632 1443 1700 ἄνθρωπον
1474 1624 1758 1694 γενόμενον
1778 1661 1793 1687 ,

255 1735 626 1804 Ἀειπάρθενε,
656 1731 746 1783 τὸν
776 1728 1144 1799 άπερινόητον.

317 1902 731 1977 Μητροπρεπῶς
783 1901 874 1951 τὸν
924 1892 1488 1972 πάντωνιὰπεκύησας
1521 1887 1794 1954 κτίστην..

244 2002 345 2052 καὶ
379 1976 434 2048 ἓν
465 1995 648 2065 χερσὶν
679 1991 1004 2049 ἐϐάστασας,
1037 1983 1351 2055 χερουὸικὸς
1380 1981 1454 2042 ὡς
1476 1978 1678 2046 θρόνος,
1711 1976 1797 2029 τὸν

247 2090 479 2156 συνοχέα
513 2084 605 2136 τοῦ
637 2081 855 2141 παντὸς,
896 2076 1258 2142 ἀπειρόγαμε.

330 2137 716 2242 ὈΑπαράδοξος
752 2137 907 2230 τόκος
938 2137 1416 2225 σουντάςδιανοίας
1442 2137 1598 2228 ἡμῶν
1629 2169 1800 2206 κατα-

207 2321 212 2323 _
247 2269 495 2336 πλήττει.
534 2265 669 2332 μόνη
704 2257 1062 2327 εὐλογημένη.
1098 2253 1225 2314 Θεὸς
1260 2252 1368 2322 γὰρ
1395 2250 1457 2301 ὲκ
1484 2246 1576 2300 σοῦ
1619 2247 1801 2314 σάρκα

249 2355 657 2431 προ[σ]έλα6εν,
693 2353 826 2421 ὅπερ
846 2347 912 2420 ἦν
931 2341 1230 2415 διαμείνας,
1260 2342 1506 2404 Θεοτόκε,
1541 2341 1802 2407 ἄτρεπτος

247 2455 318 2522 τῇ
349 2430 506 2516 φύσει
587 2445 646 2498 ὃν
673 2438 1057 2511 ὑπερυψοῦμεν
1083 2437 1160 2499 εἰς
1191 2435 1397 2496 πάντας
1424 2431 1547 2493 τοὺς
1580 2430 1799 2488 αἰῶνας.

323 2626 443 2687 Φῶς
469 2627 501 2694 ή
530 2611 756 2676 τεκοῦσα
786 2619 1009 2687 ἄχρονον
1029 2655 1044 2680 ,
1069 2575 1129 2666 τὸ
1158 2571 1440 2679 εκλάμψαν
1473 2609 1536 2661 ὲκ
1564 2605 1822 2672 Πατρδς,

251 2715 490 2784 φώτισόν
522 2730 644 2782 μου,
687 2711 858 2778 Κόρη,
907 2708 1004 2775 τὴν
1036 2702 1230 2773 ψυχὴν,
1268 2703 1362 2754 κα)⁸
1404 2699 1493 2750 τὸν
1531 2697 1673 2782 νοῦν,
1704 2712 1807 2762 μα-

221 2824 224 2827 ’
252 2775 398 2876 κρὰν
429 2775 536 2859 ἀπ’⁷
564 2779 696 2870 ἐμοῦ
741 2775 1070 2850 ἐκδιώκουσα
1103 2794 1163 2845 τὸ
1207 2792 1394 2851 σκότος
1437 2789 1543 2839 τῶν
1581 2775 1807 2843 παθῶν.

252 2874 348 2952 ἵνα
400 2912 460 2948 σε
492 2892 809 2965 μακαρίζω,
854 2889 953 2957 τὴν
995 2883 1420 2954 ἀειμακάρισ-τον
1458 2878 1566 2931 τῶν
1607 2874 1810 2928 πιστῶν

255 2986 471 3040 ἐλπίδα.
1219 2975 1223 2978 ’

269 3079 368 3130 Ἐκ
401 3073 514 3128 τοῦ
539 3074 802 3136 Κανόνος
837 3071 922 3132 εις
957 3066 1082 3166 ἰὸνᾷ
1107 3065 1280 3166 doqur
1311 3056 1622 3123 Κλήμεντά
1678 3051 1810 3104 Ῥὡ-
1835 3105 1879 3166 C

793 3128 940 3208 me.
969 3136 1158 3204 ἡμέρᾳ
1185 3128 1280 3186 κδό

349 3252 625 3320 ’Δγίασον,
659 3247 953 3308 Δέσποινα,
986 3243 1083 3311 τὴν
1115 3239 1372 3307 ταπεινήν
1406 3251 1505 3303 μου
1538 3232 1771 3283 διάνοιαν
1793 3267 1808 3289 ,

262 3347 297 3413 ὴ
353 3344 441 3394 τὸν
473 3338 791 3408 ὑπερούσιον
838 3333 1007 3399 Λόγον
1054 3311 1320 3396 κυήσασα,
1360 3325 1453 3378 καὶ⁸
1502 3324 1813 3391 ὑπάρχουσα

263 3412 456 3486 πασῶν
481 3428 752 3498 άγιωτέρα
773 3424 879 3478 τῶν
901 3423 1012 3477 άνω
1032 3420 1332 3488 δυνάμεων,
1361 3412 1736 3483 θεοχαρίτωτε.

347 3612 644 3685 Κυριοτόκε
665 3649 680 3675 ,
709 3610 742 3678 ἡ
785 3606 915 3660 Θεὸν
947 3601 1269 3673 suemus;
1300 3597 1548 3666 κυήσασα
1581 3593 1670 3645 τὸν
1703 3556 1816 3644 Σω-

269 3706 411 3774 τῆρα
435 3680 539 3754 ’τοῦ
575 3698 792 3760 παντὸς,
834 3694 991 3745 αὑτὸν
1019 3691 1254 3762 δυσώπει
1286 3684 1520 3754 σωθῆναι
1559 3698 1626 3750 με
1654 3680 1820 3733 πάθε-

273 3809 359 3844 σιν
384 3789 638 3842 ικὰστοτε
668 3781 1171 3853 περιαντλούμινον.

363 3880 743 3940 Ἀναπλάττεις
790 3872 1160 3943 συντριϐεῖσαν
1209 3865 1303 3919 καὶ
1334 3863 1505 3933 φθορᾷ
1542 3859 1822 3926 ὑποκύψα-

1882 546 2090 601 Adamo
2125 550 2207 598 est
2237 541 2530 610 antiquior,
2563 549 2614 593 et
2644 537 2866 607 aequalis
2897 537 3141 591 considet
3169 535 3332 589 Patri.

1953 636 2133 690 Genus
2157 632 2437 686 hominum
2467 631 2730 684 salvatum
2762 636 2844 682 est
2873 644 2964 696 per
3001 635 3212 695 partum
3249 633 3425 688 tuum.

1886 727 1978 795 qui
2013 732 2233 794 superat
2257 737 2471 775 omnem
2512 721 2912 795 cogitationem,
2959 725 3013 772 et
3066 707 3102 769 ii
3135 717 3227 784 qui
3261 717 3314 768 in
3350 722 3432 768 te-

1886 811 2068 867 nebris
2114 791 2916 876 corruptionis'versabantttr,
2956 805 3206 858 viderunt
3250 803 3432 855 lumen

1885 899 2026 970 quod
2055 898 2356 952 coruscavit
2379 911 2442 949 ex
2462 904 2613 949 utero
2640 904 2752 959 tuo,
2781 910 2814 947 o
2849 894 3070 946 Domina
3093 881 3432 948 sanctissima

1886 989 2080 1058 puella,
2116 1001 2278 1042 causa
2311 985 2665 1054 reparationis
2695 997 2912 1048 nostrae.
2970 999 2974 1002 ’

1957 1078 2007 1132 ls
2039 1078 2130 1148 qui
2164 1076 2458 1130 Paternum
2502 1075 2681 1129 sinum
2712 1089 2828 1126 non
2867 1073 3154 1140 reliquerat
3202 1060 3430 1125 vacuum

1891 1170 1942 1224 in
1974 1184 2070 1223 sua
2107 1167 2508 1231 incarnatione,
2545 1165 2597 1218 in
2630 1165 2752 1218 sinu
2781 1171 2874 1217 tuo
2889 1165 3038 1218 visus
3067 1171 3168 1230 est,
3200 1179 3232 1215 o
3257 1162 3435 1232 puris-

1890 1262 2047 1321 sima,
2094 1263 2332 1311 arctatus
2381 1264 2636 1324 tanquam
2678 1252 2889 1314 infans,
2940 1268 3095 1320 quem
3141 1251 3434 1320 propitium

1890 1350 2053 1403 redde
2085 1349 2170 1411 iis,
2218 1348 2311 1416 qui
2359 1357 2408 1401 te
2448 1346 2698 1415 religiose
2740 1345 3046 1406 honorant,
3081 1358 3113 1394 o
3149 1339 3311 1408 Virgo
3342 1339 3433 1393 Dei

1892 1455 2107 1508 sponsa.

1965 1531 2179 1583 Haesitat
2233 1543 2384 1581 mens
2441 1526 2744 1596 recogitans
2806 1538 3061 1591 magnum
3116 1527 3305 1590 partus
3363 1520 3438 1574 lui

1895 1620 2228 1690 mysterium,
2250 1637 2280 1671 ο
2309 1618 2470 1687 Virgo
2499 1618 2693 1671 :Deum
2719 1616 2860 1668 cuitu
2886 1613 3135 1682 peperisti
3165 1610 3440 1665 hominem

1897 1710 2132 1775 factum,
2189 1725 2346 1778 quem
2408 1709 2553 1761 nulla
2619 1720 2771 1759 tuens
2827 1703 3157 1772 cogitatione
3225 1700 3442 1768 assequi

1825 1785 1869 1843 Β
1902 1809 2089 1869 potest.

1965 1891 2211 1941 Omnium
2245 1887 2552 1942 Creatorem
2597 1887 2869 1955 peperisti,
2911 1892 2970 1938 ut
3011 1885 3230 1938 Matrem
3285 1881 3441 1936 talem

1896 1975 2146 2038 decebat;
2178 1982 2230 2026 et
2255 1975 2395 2026 velut
2421 1973 2647 2026 thronus
2677 1972 3024 2034 clternbicus,
3057 1969 3284 2040 portasti
3317 1984 3441 2024 eum

1898 2064 1988 2130 qui
2021 2062 2254 2115 c'ontinet
2284 2077 2347 2115 ac
2375 2068 2552 2130 portat
2580 2060 2912 2123 universum,
2945 2073 2978 2112 o
3008 2058 3255 2125 innupta.

1968 2153 2332 2207 Admirandus
2356 2159 2544 2220 partus
2574 2161 2717 2212 tuus,
2750 2163 2782 2202 ο
2811 2149 2925 2202 sola
2959 2148 3260 2211 benedicta,
3293 2158 3447 2198 men-

1901 2255 1981 2299 tes
2033 2254 2248 2298 nostras
2303 2252 2526 2311 stupore
2575 2238 2816 2309 percellit
2856 2237 3041 2293 :Deus
3088 2237 3234 2292 enim
3284 2250 3346 2289 ex
3400 2243 3451 2287 te

1900 2348 2118 2388 carnem
2157 2332 2435 2398 suscepit,
2491 2344 2522 2382 o
2553 2328 2778 2395 Deipara
2801 2366 2816 2390 ,
2855 2334 3174 2395 permanens
3210 2324 3261 2378 id
3305 2324 3449 2393 quod

1899 2435 2034 2485 erat,
2074 2421 2425 2476 immutabilis
2467 2428 2659 2473 natura
2709 2433 2722 2469 :
2773 2432 2930 2486 quem
2980 2414 3449 2483 superexaltamus

1902 2513 1956 2565 in
1989 2510 2174 2564 omnia
2206 2508 2425 2562 saecula.
2929 2525 2932 2528 λ

1897 2649 1900 2652 .
1969 2601 2010 2654 Ο
2046 2600 2216 2669 puella
2245 2613 2364 2667 quae
2389 2598 2560 2651 lucem
2588 2605 2841 2650 :cternam
2881 2609 2944 2648 ex
2975 2593 3129 2645 Patre
3157 2605 3450 2644 coruscan-

1905 2697 2008 2742 tem
2042 2688 2318 2758 pcperisti,
2352 2686 2595 2739 illumina
2625 2685 2859 2738 animam
2892 2697 2955 2734 ac
2985 2689 3216 2735 mentem
3251 2693 3450 2734 meam.

1907 2793 1938 2830 o
1962 2776 2142 2844 Virgo,
2185 2777 2346 2844 226
2374 2775 2530 2843 longe
2564 2773 2830 2841 repellens
2868 2785 2896 2822 a
2936 2784 3020 2822 me
3054 2768 3302 2822 tenebras
3338 2781 3459 2834 pas-

1908 2868 2142 2930 sionum,
2174 2875 2231 2918 ut
2255 2865 2549 2919 bcatilicem
2575 2871 2647 2926 te,
2679 2875 2887 2928 semper
2915 2858 3280 2912 beatissimam
3305 2870 3453 2924 spem
3542 2909 3552 2920 ,

1913 2960 2171 3014 ﬁdelium.

1971 3046 2062 3104 .Eat
2087 3061 2282 3097 canone
2302 3045 2352 3095 in
2386 3043 2514 3111 festo
2536 3039 2592 3095 S.
2621 3039 2898 3094 Clementis
2927 3035 3166 3097 Romani,
3194 3034 3275 3086 die
3294 3033 3385 3086 24.

1980 3228 2299 3289 Sanctitica,
2357 3223 2579 3277 Domina
2610 3261 2624 3284 ,
2671 3209 2920 3274 miseram
2966 3223 3200 3270 mentem
3253 3227 3461 3274 meam,

1913 3335 2030 3389 quae
2087 3311 2607 3387 supersubstantiale
2657 3309 2893 3364 Verbum
2926 3306 3192 3375 genuisti,
3242 3312 3296 3357 et
3339 3303 3464 3354 uni-

1914 3411 2087 3464 versis
2136 3405 2388 3475 supernis
2446 3400 2801 3473 potestatibus
2848 3398 3081 3452 sanctior
3127 3410 3221 3459 cs,
3276 3407 3308 3445 ο
3358 3390 3466 3442 Deo

1862 3515 1864 3518 '
1917 3497 2258 3556 charissima.

1988 3589 2030 3643 0
2070 3585 2431 3651 Dominipara,
2464 3595 2583 3651 qua:
2627 3573 2797 3632 Deum
2842 3573 3184 3628 ineil‘abiliter
3212 3567 3466 3637 genuisti.

1921 3679 2156 3739 universi
2195 3677 2549 3736 Salvatorem,
2593 3670 2840 3724 eumdem
2897 3665 3185 3731 deprecare
3219 3670 3275 3711 ut
3307 3656 3474 3710 salvct

1920 3788 2006 3829 me
2032 3770 2248 3825 assidue
2275 3762 2614 3834 passionibus
2644 3756 3055 3812 circumdatum.

1990 3855 2325 3915 RestauraSti
2387 3853 2672 3904 humanam
2735 3854 2980 3896 naturam
3071 3836 3359 3890 contritam
3421 3840 3476 3885 et

274 3992 378 4028 σαν
405 3975 502 4043 τὴν
550 3926 810 4046 βροτείαν
835 3926 1025 4034 φύσιν,
1078 3926 1358 4030 ἄχραντε,⁷
1396 3926 1526 4007 Θεὸν
1565 3949 1813 4046 amputab-

1924 3947 2252 4017 corruptioni
2294 3941 2612 4010 subiectam,
2646 3952 2678 3988 ο
2726 3933 2977 3987 inviolata
3015 3941 3174 3996 atque
3208 3926 3430 3991 innupta
3454 3962 3472 3984 ,

1944 4045 1949 4046 ’
2102 4040 2130 4046 ’λ
2570 4030 2604 4046 ιο
2704 4041 2758 4046 --
2802 4037 2958 4046 --ω-ι.
3004 4031 3208 4046 ..-ιηηη
3255 4014 3471 4046 mna...“

275 4079 441 4124 σασα,
459 4014 725 4128 ικαίἾύπὲρ
745 4014 902 4124 φύσῐιν
927 4014 1181 4112 τεκοῦσα,
1204 4014 1539 4114 ἀπειρόγαμε
1561 4056 1574 4070 ·
1599 4014 1813 4108 ᾦτκραυ·

1926 4045 2051 4099 tlum
2100 4040 2266 4094 Deum
2309 4030 2643 4102 corporasti,
2699 4041 2761 4079 ac
2800 4037 2963 4092 supra
3004 4031 3209 4073 natura:
3255 4014 3472 4068 modum

2627 4122 2637 4128 ·
3006 4111 3063 4128 η·
3110 4111 3175 4128 ηε-
3242 4107 3452 4128 ηιμ-ε-.-

277 4155 540 4227 γάζομεν·
572 4151 728 4216 Δόξα,
756 4146 975 4218 Χριστὲ,
1007 4145 1074 4213 τῇ
1103 4139 1323 4207 δυνάμει
1354 4152 1468 4188 σου.

359 4345 468 4416 Τὴν
517 4340 684 4411 ἁγνὴν
735 4333 1013 4404 άγνεύοντι
1064 4328 1377 4398 τιμήσωμεν
1420 4320 1546 4384 νοῒξ
1578 4315 1832 4385 καλλονὴν

283 4439 382 4494 τοῦ
425 4402 653 4491 ’Ίακῶέ
695 4402 814 4493 ταῖς
879 4424 1080 4486 ἐνθέοις
1139 4417 1366 4489 πράξεσι
1421 4409 1830 4478 καλλυνόμενοι,
1858 4407 2097 4477 DJacob
2141 4402 2333 4458 divinis

285 4527 526 4587 εὐσεϐῶς
557 4524 882 4593 ὑμνήσωμεν
914 4517 986 4579 ὼς
1018 4511 1243 4584 Μητέρα
1271 4509 1364 4562 τοῦ
1394 4505 1526 4557 Θεοῦ
1556 4500 1730 4571 ήμῶν.

363 4588 655 4688 Μεμύηται
685 4588 921 4671 ’Ἡσαΐας
951 4609 1012 4660 τὸ
1052 4606 1210 4677 βάθος
1251 4601 1344 4654 τοῦ
1374 4599 1529 4650 τόκου
1577 4609 1666 4643 σου
1688 4631 1702 4653 ,
1745 4588 1837 4650 καὶ

297 4679 569 4781 παρθένον
616 4708 675 4760 ὲν
717 4701 910 4771 γαστρί
957 4715 1048 4779 σου
1084 4692 1344 4762 ἐκήρυξεν
1389 4688 1610 4756 ἔχουσαν
1647 4682 1737 4733 τὸν
1773 4679 1837 4730 δι’

295 4775 695 4869 εὐσπλαγχνίαν
726 4775 1070 4864 σαρκωοέντα
1101 4789 1163 4838 ἐκ
1199 4783 1312 4846 σοῦ,
1343 4777 1700 4846 άπειρόγαμε.

384 4985 441 5036 ὐ
487 4984 598 5043 τοῖς
653 4980 784 5032 πᾶσι
832 4969 1196 5043 παρεχόμενος
1238 4960 1530 5032 βουλήματι
1568 4956 1629 5008 τὸ
1671 4950 1843 5017 εἶναι,

303 5075 564 5141 πάναγνε,
598 5073 661 5126 ὲκ
705 5069 797 5122 σοῦ
827 5066 997 5136 ἀρχὴν
1036 5057 1288 5131 χρονικῆν
1353 5045 1736 5119 λαμϐάνεικαὶ
1764 5045 1847 5094 τί-
1903 5056 1907 5060 '
1947 5056 1978 5095 ο
2014 5048 2119 5092 tota
2150 5051 2240 5089 cas

307 5183 511 5232 κτεται,
533 5163 672 5215 λύων
704 5161 771 5212 τὰ
792 5158 980 5228 χρόνια
1013 5148 1426 5222 παραπτώματα
1454 5142 1550 5210 τῆς
1590 5152 1847 5205 συμπτω-

306 5263 513 5328 θείσης,
548 5257 801 5326 άχραντε,
839 5251 946 5303 τῶν
979 5245 1178 5317 βροτῶν
1214 5236 1440 5312 ῥευστῆς
1470 5232 1674 5290 οὐσῐας.

381 5319 704 5417 ἀ’φρικτοῦ
735 5343 825 5395 καὶ
849 5340 1084 5410 ἀρρήτου
1111 5328 1392 5401 θεάματοςῑ
1425 5327 1482 5376 ὲν
1504 5319 1698 5389 γαστρὶ
1726 5333 1826 5369 κατ

310 5442 448 5497 οικεῖ
483 5413 838 5505 όνάχώρητος,
873 5430 965 5483 καὶ
999 5426 1133 5498 σὰρξ
1192 5419 1470 5491 ἀτρέπτως
1498 5413 1723 5481 γίνεται,
1761 5425 1830 5459 κα

1701 5499 1856 5554 τόκον
1956 5493 2072 5546 sine
2119 5486 2226 5538 nlla
2272 5478 2570 5535 mutatione
2602 5475 2677 5547 lit.‘
2711 5483 2872 5532 caro;
2919 5470 3109 5524 meque

313 5536 426 5589 θεοῖ
473 5547 539 5600 με
579 5502 895 5588 δι’νοῐκτον,
943 5519 1038 5574 καὶ
1082 5519 1179 5588 τὴν
1228 5508 1491 5568 τεκοῦσαν
1533 5502 1668 5576 μετὰ

316 5626 570 5698 φυλάττει
606 5617 949 5687 άγνεύουσαν.
1559 5620 1562 5623 ·

1928 4133 2178 4206 peperisti
2215 4148 2228 4183 :
2283 4129 2346 4180 all
2382 4139 2539 4194 quem
2592 4122 2895 4175 clamamus
2940 4132 2952 4167 :
3004 4111 3207 4172 Gloria,
3240 4107 3477 4170 Christe,

1929 4227 2184 4299 putentize.
2204 4235 2326 4273 tuae.

2001 4291 2211 4371 Castam
2242 4320 2389 4364 casta
2415 4313 2588 4360 mente
2611 4303 2941 4356 bonoremus
2973 4313 2986 4348 :
3015 4290 3477 4364 pulchritudinem

2367 4397 2665 4452 actionibus
2707 4391 3028 4444 decorantes
3069 4383 3318 4452 religiose
3362 4379 3483 4433 lau-

1935 4501 2155 4558 demus,
2194 4502 2448 4561 tanquam
2485 4486 2578 4540 Dei
2609 4483 2780 4539 nostri
2818 4480 3065 4533 Matrem.

2007 4587 2251 4642 initiatus
2296 4591 2378 4636 est
2428 4579 2590 4633 Isaias
2638 4561 2922 4644 profundis
2973 4566 3243 4638 mysteriis
3300 4568 3486 4631 partus

1940 4681 2041 4744 tui,
2089 4686 2142 4731 et
2169 4656 2477 4745 praedicavit
2503 4677 2554 4723 te
2589 4667 2870 4736 virginem,
2910 4675 3029 4730 quae
3061 4659 3110 4710 in
3141 4664 3293 4709 utero
3332 4651 3488 4731 habi-

1943 4780 2063 4824 tura
2097 4781 2216 4821 cras
2249 4778 2371 4818 eum
2400 4763 2490 4830 qui
2521 4766 2740 4828 propter
2781 4769 2932 4807 suam
2965 4745 3392 4803 misericordiam
3423 4756 3487 4793 ιι

1944 4871 1996 4914 te
2030 4859 2340 4911 incarnatus
2368 4859 2470 4915 est,
2505 4865 2537 4901 o
2567 4845 2741 4901 nescia
2772 4842 2894 4896 viri.
2937 4899 2942 4903 .

2015 4951 2108 5001 llle
2147 4945 2238 5015 qui
2265 4942 2519 4997 omnibus
2557 4938 2772 4991 deoreto
2814 4946 2908 4985 suo
2933 4927 3132 4998 praebet
3159 4915 3296 4984 esse,
3316 4934 3384 4971 ex
3418 4928 3488 4978 te,

2247 5043 2294 5086 ta
2328 5042 2488 5100 atque
2527 5024 2805 5082 inviolata,
2837 5016 3161 5087 principium
3203 5006 3493 5074 temporale

1950 5128 2185 5195 suscepit
2249 5139 2312 5177 ac
2373 5127 2530 5174 natus
2582 5122 2696 5176 est,
2741 5112 2963 5177 expians
3020 5105 3212 5156 delicta
3289 5105 3522 5167 naturze

1949 5219 2228 5275 hominum
2262 5213 2438 5271 lluxaa.
2466 5222 2582 5276 qua:
2611 5206 2905 5258 corruerat.

2022 5307 2065 5362 Ο
2122 5271 2498 5373 spectaculum
2545 5289 2936 5348 formidandum
2981 5295 3141 5348 atque
3196 5271 3495 5327 ineffabile!

1833 5407 1854 5457 ἱ
1953 5403 2012 5454 ln
2051 5369 2234 5449 ven-tre
2269 5393 2475 5445 habitat
2517 5388 2582 5447 is,
2631 5396 2790 5450 quem
2828 5375 2954 5431 nihil
2986 5380 3174 5435 capere
3204 5369 3415 5432 potest,
3447 5371 3499 5411 et

3136 5467 3252 5506 sua
3288 5449 3500 5502 deiﬁcat

1959 5574 2371 5636 miseritordia;
2428 5577 2480 5622 et
2542 5561 2862 5620 Genitrieem
2921 5562 3072 5606 suam
3124 5551 3245 5616 post
3290 5547 3500 5611 partum

1942 5696 1944 5699 ι
1965 5677 2166 5723 castam
2198 5666 2498 5718 conservat.-
3369 5639 3373 5644 ”
