3948 6304
159 355 164 357 ’
239 349 390 413 18153

1603 327 1969 393 manus.
2240 314 2250 327 "
2516 281 2526 381 ζ
3190 340 3193 343 -
3326 317 3467 386 1256

237 465 335 517 καὶ
380 459 599 532 βεὸαίαν
620 459 820 519 πάντες
859 427 935 508 σε.
954 450 1259 522 ἀντίληψιν,
1291 448 1482 520 Μῆτερ
1507 441 1666 512 Θεοῦ,
1697 459 1813 497 κιν-

1943 438 2234 496 olationem
2275 436 2557 500 habemus,
2591 433 2645 488 et
2681 432 2928 490 stabilem
2961 431 3356 499 defensionem,
3392 443 3471 504 te,

235 552 412 606 ὃύνων
450 548 588 614 σῶζε
616 549 751 610 τοὺς·
769 544 986 608 δούλους
1025 559 1143 596 σου.

344 734 386 784 0
413 731 794 801 ἁπεριόριστος
834 727 1012 796 σάρκα
1057 725 1352 779 ἀνελάδετο
1396 721 1580 777 ἔννουν
1615 736 1674 772 τε
1716 719 1807 772 καὶ

244 819 487 891 ἔμψυχον
516 820 578 871 ὲκ
607 817 723 882 σοῦ,
770 813 1143 886 Ἀειπάρθενε,
1169 812 1262 867 τοῦ
1293 813 1462 874 σῶσαι
1492 810 1612 873 τοὺς
1640 807 1806 879 βοῶν·

246 925 368 973 ταςο
409 910 467 962 '0
499 909 650 973 Θεὸς,
681 906 967 976 εὐλογητὸς
1001 901 1068 985 εξ.

320 1074 421 1129 Σοῦ
446 1077 474 1131 ὁ
498 1075 716 1138 τοκετὸς
744 1075 841 1144 τὴν
876 1073 1198 1143 τικτομένην
1233 1070 1435 1142 βλάϐην
1487 1070 1656 1140 κακίᾳ
1716 1068 1807 1122 τοῦ

210 1200 214 1207 ι
248 1167 424 1236 ὄφεως
456 1165 548 1220 νῦν
570 1162 948 1234 “ἀπεστείρωσε
970 1205 984 1230 ,
1033 1164 1184 1234 μόνην
1217 1162 1458 1232 κατάρας
1504 1159 1807 1243 ἀναίρεσις,

251 1255 494 1329 ιιαρθένε
515 1274 528 1287 ·
564 1257 686 1311 ὃθεν
712 1274 770 1310 σε
798 1256 1046 1326 τιμῶμεν
1082 1257 1160 1318 είς
1196 1256 1408 1316 ,πάντας
1432 1253 1557 1316 τοὺς
1587 1251 1808 1312 αἰῶνας.

325 1448 606 1518 Φωτισμόν
650 1462 742 1516 μοι
795 1443 1037 1516 summ
1083 1441 1159 1513 τῷ
1208 1443 1266 1493 ὲν
1321 1440 1501 1494 σκότει
1549 1440 1658 1494 ὄντι
1708 1440 1814 1493 τῶν

255 1538 445 1591 παθῶν
468 1578 484 1603 ,
521 1539 614 1590 καὶ
651 1536 811 1607 ῥῦσαί
847 1552 913 1606 με
941 1533 1194 1605 πονηρῶν
1232 1518 1407 1602 ἔργων
1429 1572 1442 1595 ,
1491 1533 1584 1584 καὶ
1621 1530 1815 1600 φλογὸς

253 1625 682 1695 ιναποκειμένης
712 1641 800 1695 μοι
824 1622 899 1692 τῷ
919 1622 1084 1692 ἀθλίῳ
1106 1621 1198 1676 καὶ
1222 1617 1549 1691 ἁμαρτωλῷ,
1580 1619 1814 1690 ἄχραντε

251 1715 541 1784 Δέσποινα,
573 1713 878 1786 προστασία
903 1713 1010 1766 τῶν
1046 1710 1360 1783 ὑμνούντων
1391 1727 1471 1763 σε.

268 1918 371 1974 Ἐκ
411 1919 517 1974 τοῦ
558 1915 826 1982 Κανόνος
876 1907 963 1982 εἰς
1004 1916 1110 1970 τὸν
1162 1917 1334 1968 ὅσιον
1378 1912 1609 1981 Πατέρα
1650 1911 1820 1981 ἡμῶν

550 1989 856 2056 Στέφανον
884 1991 989 2040 τὸν
1014 1984 1172 2050 νέον,
1204 1986 1388 2053 ἡμέρᾳ
1413 1988 1517 2053 κη’.
1570 2000 1575 2006 ·
1801 2057 1807 2064 _

329 2102 439 2173 Τὴν
479 2102 779 2155 samum
821 2099 1029 2170 πύληνη,
1084 2099 1143 2154 τὸ
1181 2097 1420 2169 καθαρὸν
1465 2098 1562 2166 τῆς
1599 2079 1820 2164 ἁγνείας

259 2194 523 2265 τάμενοςι,
556 2194 656 2263 τὴν
685 2193 857 2264 καλὴν
886 2195 944 2245 ὲν
981 2192 1196 2260 γυναιξὶ
1217 2230 1232 2256 ,
1276 2191 1374 2258 τὴν
1405 2190 1565 2258 ἁγίαν
1594 2191 1818 2243 Δέσποι-

264 2268 362 2341 νσίν
390 2287 595 2354 φωναῖς
626 2270 794 2356 ἱεραῖς
827 2288 854 2337 ὁ
884 2286 1023 2354 ἱερὸς
1049 2267 1175 2348 λαὸς
1200 2282 1531 2352 δοξάσωμεν.

345 2379 440 2431 Ἐκ
480 2377 573 2432 σοῦ
623 2379 722 2449 ’τῆς
781 2379 947 2448 μόνης
1000 2378 1244 2448 καθαρᾶς
1277 2380 1303 2430 ὁ
1347 2375 1607 2447 ὑπέρθεος
1652 2372 1820 2443 Λόγος

259 2466 572 2538 ἐσαρκώθη,
618 2469 692 2532 ὡς
720 2467 850 2534 οἶδε,
878 2471 971 2521 καὶ
1013 2469 1268 2522 διέσωσεν
1295 2469 1461 2540 ἡμᾶς,
1493 2468 1819 2536 τοὺς-προσ-

265 2559 561 2622 κυνοῦντας
607 2560 768 2614 αὑτοῦ
824 2561 921 2630 τὴν
1001 2562 1070 2615 δι’
1117 2556 1293 2615 οἶκτον
1346 2559 1494 2614 θείαν
1545 2559 1818 2630 συγκατά-

263 2650 445 2705 6ασιν.
1124 2654 1126 2656 ’

204 2736 210 2741 ’
348 2743 439 2795 Ἐν
470 2742 574 2808 σοὶ,
615 2743 942 2811 πανάμωμε,
971 2742 1069 2812 τῆς
1111 2741 1382 2812 σωτηρίας
1413 2759 1513 2812 μου
1546 2743 1642 2806 τὰς
1675 2741 1825 2796 ἑλπί-

259 2831 359 2896 δας
402 2832 640 2904 ἐθέμην,
677 2834 770 2886 ἐπὶ
812 2834 909 2902 τὴν
945 2835 1043 2902 σὴν
1092 2833 1305 2902 σκέπην
1345 2834 1693 2900 κατέφευγα·
1729 2850 1824 2901 γε·

217 2915 220 2920 ’
264 2921 361 2975 νοῦ
394 2939 505 2992 μοι,
533 2924 702 2992 Κόρη,
737 2922 948 2994 βοηθὸς,
975 2923 1088 3002 τῶν
1113 2922 1302 2976 δεινῶν
1333 2922 1692 2992 ἐξαιρουμένη
1735 2938 1824 2992 με.

236 3050 252 3062 ς
282 3014 285 3016 ’
349 3015 673 3086 ’Υπεραγία,
705 3017 869 3087 ὴ·τὸν
908 3017 1039 3070 Θεὸν
1071 3016 1208 3086 μόνη
1239 3017 1333 3069 ἐπὶ
1371 3017 1474 3085 γῆς
1505 3015 1588 3078 ὡς,
1612 3014 1825 3084 ἀληθῶς

1908 528 2214 600 inquam,'o
2245 536 2416 583 casta.
2457 525 2672 588 Libera,
2708 538 2742 578 ο
2779 521 2949 578 Mater
2985 522 3168 589 Dei,,a
3213 526 3470 596 periculis

1907 637 2094 678 servos
2125 630 2268 676 tuos.

1977 713 2070 769 Ille
2101 713 2193 783 qui
2225 722 2306 767 est
2358 708 2858 777 incircumscriptus
2899 718 3062 777 atque
3107 706 3462 774 indelinitns,

1907 821 2123 861 carnem
2160 803 2398 872 suscepit
2426 810 2608 856 mente
2654 809 2815 868 atque
2854 799 3034 853 anima
3061 799 3363 869 praeditam,
3403 815 3472 855 ex

1910 905 1984 963 te,
2008 887 2040 950 ο
2070 893 2232 966 Virgo
2260 903 2536 971 perpetua,
2583 903 2640 958 ut
2668 906 2762 946 eos
2791 891 3048 957 salvaret,
3076 892 3170 962 qui
3199 892 3470 947 clamant:

1910 988 2226 1044 Benedictus
2255 1002 2335 1051 es,
2367 983 2531 1050 Deus,
2563 996 2664 1040 etc.

1980 1084 2171 1138 Partus
2202 1089 2328 1134 tuus
2368 1095 2512 1134 nunc
2549 1076 2784 1133 sterilem
2829 1076 3063 1132 reddidit
3090 1090 3309 1141 noxam,
3351 1090 3475 1145 qua:

1910 1188 1976 1228 ex
2004 1170 2500 1240 malitiaserpcntis
2535 1178 2658 1223 nata
2699 1178 2837 1233 erat,
2873 1183 2905 1222 ο
2938 1166 3128 1237 Virgo,
3161 1167 3319 1222 unica
3357 1159 3474 1220 ma-

1912 1263 2215 1319 ledictionis
2262 1261 2678 1325 exterminatio;
2714 1259 3068 1330 quamobrem
3112 1268 3162 1314 te
3194 1259 3251 1314 in
3295 1258 3478 1315 omnia

1913 1354 2108 1410 saecula
2139 1343 2494 1418 honoramus.

1984 1444 2439 1499 llluminationem
2464 1443 2656 1512 largire
2687 1443 2847 1508 mihi,
2884 1444 2937 1497 in
2971 1443 3280 1513 passionum
3328 1450 3480 1496 tene-

1916 1539 2029 1593 bris
2068 1537 2461 1600 commoranti,
2499 1545 2551 1590 et
2601 1535 2766 1588 libera
2799 1547 2885 1588 me
2923 1548 2952 1587 a
2995 1533 3172 1604 pravis
3202 1533 3477 1602 Operibus,

1916 1636 1970 1683 et
2022 1643 2051 1682 a
2094 1623 2312 1684 flamma
2361 1643 2479 1696 qua:
2529 1635 2837 1681 reservatur
2883 1625 3015 1681 mihi
3069 1625 3364 1681 miserabili
3415 1637 3481 1678 ac

1918 1718 2208 1788 peccatori,
2236 1731 2268 1772 ο
2304 1718 2528 1772 Domina
2570 1717 2858 1782 inviolata,
2885 1732 3074 1774 eorum
3097 1754 3112 1781 ,
3146 1715 3237 1786 qui
3267 1724 3319 1771 te
3359 1715 3480 1771 lau-

1849 1793 1890 1851 B
1921 1815 2078 1875 dant,
2111 1809 2495 1879 patrocinium.

1919 1943 2084 2015 229
2145 1942 2475 2001 Eae/canone
2513 1943 2566 1996 in
2605 1941 2859 2066 £91383.
2915 1938 3172 2010 Stephani
3223 1937 3480 2007 Iunioris,

2642 2029 2686 2066 ιε
2792 2050 2807 2065 .
3237 2022 3240 2026 λ

2642 2022 2686 2066 te
2717 2022 2807 2066 ‘28.
3237 2022 3240 2026 “

1929 2122 2209 2200 Portam
2243 2121 2586 2189 imper-viam,
2612 2122 2874 2176 mundum
2904 2120 3170 2175 castitatis
3197 2119 3480 2189 templum,
3532 2159 3536 2163 .

1921 2214 2349 2292 pulcherrimam
2399 2215 2538 2268 inter
2583 2215 2862 2276 mulieres,
2895 2211 3175 2267 Dominam
3213 2220 3509 2276 sanctam,

1921 2308 2097 2362 sacris
2132 2289 2361 2361 vecibus
2394 2320 2551 2360 sacer
2581 2304 2813 2374 populus
2847 2302 3233 2375 glorificemus.
3545 2289 3559 2294 ’

1993 2396 2073 2451 Ex
2105 2407 2156 2451 te
2189 2397 2302 2451 sola
2334 2411 2472 2465 pura
2510 2392 2742 2448 Verbum
2789 2391 3198 2461 superdivlnum
3229 2390 3486 2444 incarna-

1926 2502 2038 2544 tum
2070 2498 2171 2555 est,
2196 2503 2260 2542 eo
2287 2487 2448 2541 modo
2479 2498 2588 2555 quo
2617 2485 2757 2538 idem
2793 2484 2965 2548 novit,
3028 2493 3082 2537 et
3106 2481 3332 2536 salvavlt
3358 2494 3482 2546 nos,

1924 2582 2018 2650 qui
2052 2580 2201 2633 illius
2232 2577 2554 2631 descensum
2587 2574 2831 2629 divinum
2878 2573 2948 2627 ob
2988 2585 3142 2627 suam
3176 2571 3488 2626 misericor-

1927 2674 2069 2726 diam
2101 2670 2299 2724 factum
2330 2669 2646 2723 adoramus.

1973 2762 2056 2812 ’ln
2090 2769 2162 2822 te,
2216 2774 2248 2812 0
2280 2755 2811 2819 immaculatissima,
2848 2752 3040 2809 salulis
3071 2766 3204 2808 mea:
3227 2737 3367 2821 ἐμοῦ
3391 2765 3485 2813 re-

1927 2851 2109 2922 posui,
2142 2850 2244 2904 sub
2275 2857 2420 2902 tuam
2455 2846 2858 2916 protei-tionem.
2896 2843 3116 2914 confugi
3146 2861 3159 2900 :
3197 2843 3484 2904 estomilil

1929 2942 2186 3010 adjutrix,
2223 2955 2256 2994 ο
2288 2939 2491 3009 puella,
2527 2946 2580 2992 et
2605 2954 2634 2991 a
2667 2930 2828 2991 rebtis
2857 2937 3097 3000 molestis
3132 2936 3278 3005 eripe
3310 2950 3392 2989 me
3416 2972 3449 3003 ,ν

1997 3036 2039 3090 0
2065 3043 2437 3104 supersancta,
2487 3027 2606 3100 qua:
2632 3039 3045 3100 supersanctnm
3089 3030 3253 3083 Deum
3285 3029 3399 3083 sola
3432 3025 3488 3083 in

259 3108 359 3160 τὸν
390 3107 686 3178 ὑπεράγιον
711 3107 931 3172 τέξασα,
963 3107 1090 3171 τούς
1126 3125 1185 3161 σε
1229 3108 1485 3161 Θεοτὸκον
1511 3109 1597 3159 ἀεὶ
1623 3106 1822 3176 κηρύτ-

1942 3143 2072 3182 ;εῐιέι
2109 3127 2393 3181 verissime
2447 3123 2736 3193 peperisti,
2788 3136 2904 3186 eos,
2955 3121 3072 3191 qui
3105 3129 3155 3175 te
3204 3119 3488 3190 Di-iparam

262 3215 460 3263 τοντας
496 3201 722 3268 ἁγίασον
752 3199 848 3254 καὶ
878 3200 1049 3252 σῶσον
1075 3202 1141 3271 τῇ
1177 3199 1424 3269 μεσιττίᾳ
1455 3215 1569 3253 oon.

1927 3221 2139 3287 semper
2168 3216 2464 3286 praedicant
2502 3213 2785 3268 sanctitlca
2836 3228 2901 3266 ac
2960 3212 3107 3265 salva
3161 3209 3489 3263 mediatione

1818 3302 1823 3306 ’
1927 3317 2038 3370 tua.

337 3387 452 3456 Τὴν
501 3386 668 3458 μόνην
717 3386 1096 3457 πανύμνητον,
1146 3385 1242 3452 τὴν
1280 3385 1451 3457 καλὴν
1487 3387 1544 3438 ὲν
1577 3386 1822 3454 γυναιξὶ,

261 3479 368 3549 τὴν
415 3478 509 3532 τοῦ
541 3477 676 3532 Θεοῦ
711 3478 1055 3549 λοχεύτριαν,
1089 3477 1428 3548 Χριστιανῶν
1456 3478 1515 3530 τὸ
1544 3480 1717 3548 τεῖχος
1763 3477 1826 3532 τὸ

262 3569 529 3652 sapam,
558 3569 656 3639 τὴν
676 3569 949 3641 ,ἄχραντον
990 3571 1286 3624 Δέσποιναν
1315 3568 1590 3640 ἀδικάστῳ
1631 3569 1825 3643 καρδίᾳ

267 3662 679 3730 μακαρίσωμεν.
1140 3699 1145 3703 .

351 3841 652 3913 Ἰέρώτατοι
681 3840 955 3910 προφῆται
985 3839 1390 3912 προεδήλωσαν,
1427 3839 1590 3911 ἁγνὴ,
1619 3841 1826 3910 ἐκφαν-

261 3933 541 3988 τικὼτατα
567 3935 628 3985 τὸ
666 3936 961 4002 μυστήριον
985 3935 1082 4001 τῆς
1113 3920 1312 4000 σεπτῆς
1345 3931 1558 4002 λοχείας
1586 3947 1701 3996 σου,
1734 3931 1828 3984 καὶ

264 4023 368 4080 νῦν
425 4026 584 4094 ἡμεῖς
635 4025 733 4087 τὰς
794 4025 1046 4086 ὲκὸάσεις
1105 4023 1392 4116 τηλαυγῶς
1440 4022 1828 4087 κατανοοῦντες

262 4112 508 4175 εὐσεδῶς
549 4128 610 4164 σε
649 4111 1045 4182 μακαρίζομεν.

355 4203 663 4272 Ῥαντισμῷ
697 4205 842 4255 θείου
885 4202 1104 4272 λύτρου,
1154 4202 1533 4274 θεοχαρίτωτε,
1568 4202 1632 4255 ὲκ
1666 4200 1826 4262 πλευ-

269 4299 376 4369 ρᾶς
405 4286 728 4359 κενωθέντοξ
752 4295 848 4349 τοῦ
901 4295 994 4348 σοῦ
1028 4295 1156 4347 Υίοῦ
1186 4295 1279 4348 καὶ
1311 4291 1467 4355 θεοῦ,
1499 4293 1589 4344 τὸν
1623 4293 1688 4346 ὲκ
1733 4308 1830 4345 πο-

267 4385 470 4464 vum;
491 4379 763 4457 ἁμαρτίας
808 4386 1080 4455 προσόντα
1132 4400 1221 4454 μοι
1258 4383 1450 4454 ῥύπον,
1481 4380 1714 4435 δυσωπῶ
1748 4395 1826 4448 σε,

162 4535 175 4546 ,
264 4475 601 4546 ἁπόπλυνον,
634 4477 894 4547 Παρθένε.

256 4583 262 4586 ’
341 4573 519 4635 Φωτὺς
551 4571 771 4641 δοχεϊον,
805 4568 1181 4640 θεοχαρίτωτε,
1211 4568 1319 4622 τῶν
1349 4566 1507 4638 ιερῶν
1538 4564 1829 4635 μαρτύρων

269 4664 492 4734 ἀληθῶς
524 4663 584 4716 τὸ
609 4661 935 4733 κραταίωμα
954 4702 969 4728 ,
996 4660 1102 4713 τῶν
1137 4662 1299 4714 ὁσίων
1328 4660 1576 4712 ἁπάντων
1609 4657 1669 4710 τὸ
1699 4656 1830 4709 καύ-

267 4773 448 4827 χημα,
487 4755 658 4807 σῶσον
690 4755 834 4824 ἡμᾶς
864 4753 1146 4816 κινδύνων,
1182 4753 1274 4804 καὶ
1318 4749 1708 4818 περιστάσεων,
1737 4747 1832 4824 καὶ

267 4847 374 4917 τῆς
400 4847 507 4899 τῶν
529 4845 738 4916 ἐχθρῶν
768 4844 1066 4914 ἐπιδρομῆς
1095 4844 1222 4904 τοὺς
1251 4838 1618 4910 ὰνυμνοῦντάς
1637 4827 1723 4892 σε.

283 5055 389 5108 Ἐκ
419 5052 522 5107 τοῦ
571 5053 831 5116 Κανόνος
859 5053 944 5116 είς
974 5048 1081 5102 τὸν
1127 5050 1296 5116 ἅγιον
1336 5031 1605 5116 μάρτυρα
1645 5044 1832 5113 Παρά-

341 5139 531 5192 μονον
569 5123 665 5175 καί
690 5122 796 5174 τὸν
827 5120 996 5190 ἅγιον
1024 5121 1409 5185 Φιλούμενον,
1442 5119 1628 5187 ἡμέρᾳ
1657 5119 1760 5170 κθκ

361 5237 451 5289 Ἐν
488 5237 663 5306 χρόνῳ
692 5219 934 5301 τὸνιέξω
978 5229 1424 5305 χρόνουτέτοκας
1466 5232 1651 5301 βροτὸν
1680 5231 1832 5298 γενό-

275 5345 462 5398 μενον,
494 5329 552 5380 ὃν
599 5329 828 5390 ἐκτενῶς
874 5328 1096 5390 ἱκέτευε,
1141 5327 1298 5393 ἁγνὴ,
1330 5324 1402 5386 ὠς
1440 5324 1560 5377 Υἰόν
1608 5341 1700 5380 σου
1740 5321 1850 5377 καὶ,

273 5422 502 5494 Κύριον,
541 5419 609 5473 τὰ
651 5423 746 5490 τῆς
782 5421 956 5491 ψυχῆς
990 5436 1090 5490 μου
1125 5417 1313 5488 χρόνια
1360 5416 1502 5485 πάθη
1555 5416 1830 5482 ἰάσασθαι,

272 5513 607 5583 ηνὰμωμε.

347 5705 655 5778 Στιρέωσόν
704 5722 803 5781 μου
838 5706 929 5761 τθν
957 5673 1092 5776 ,νουν
1128 5665 1582 5774 περιτρεπόμενον
1616 5700 1829 5765 πολλοῖς

1951 3436 1957 3442 .
1997 3395 2176 3450 Solam
2208 3394 2357 3468 illam
2388 3385 2537 3449 omni
2570 3392 2730 3447 laude
2777 3391 3180 3460 dignissimam,
3240 3387 3492 3464 pulcher-

1927 3487 2119 3548 rimam
2157 3488 2301 3542 illam
2341 3488 2481 3541 inter
2509 3485 2786 3546 mulieres,
2823 3483 2916 3536 Dei
2953 3480 3306 3550 Genitricem,
3338 3477 3492 3533 Chri-

1928 3581 2227 3641 stianorum
2276 3593 2493 3632 murum
2540 3573 3037 3645 inexpugnabilem,
3091 3570 3370 3624 Dominam
3404 3568 3491 3622 in-

1926 3669 2206 3732 violatam,
2231 3668 2461 3724 immoto
2516 3666 2850 3735 minimeque
2880 3663 3144 3719 dubitanti
3175 3662 3339 3718 corde
3365 3661 3495 3716 bea-

1931 3761 2218 3819 titicemns.

1998 3848 2364 3905 Sacratissimi
2407 3847 2682 3917 prophetae
2722 3844 3164 3900 manifestissime
3193 3851 3349 3919 antea
3389 3840 3490 3895 de-

1929 3942 2274 3997 claraverunt
2334 3938 2650 4006 mysterium
2713 3935 3004 3990 venerandi
3054 3931 3396 4003 partus-ini,
3455 3945 3492 3983 ο

1930 4018 2114 4098 casta;
2141 4041 2197 4086 et
2225 4045 2370 4084 nunc
2389 4043 2489 4082 nos
2515 4027 2756 4081 vaticinii
2787 4018 3079 4080 successus
3110 4032 3296 4093 aperte
3325 4035 3496 4092 agno-

1929 4131 2164 4186 scentes,
2195 4130 2246 4175 te
2272 4121 2466 4175 devote
2494 4118 2896 4174 beatiﬁcamus.
3234 4163 3240 4171 .

1988 4213 2313 4286 Aspersorio
2356 4211 2526 4267 divini
2573 4210 2796 4274 lavacri,
2850 4206 2997 4278 quod
3047 4222 3114 4260 ex
3165 4207 3333 4260 latere
3367 4201 3491 4258 Filii

1932 4308 2136 4376 Deique
2167 4307 2246 4360 tui
2288 4304 2516 4361 emtsum
2546 4312 2660 4367 est,
2692 4302 2871 4366 ablue,
2907 4316 2959 4377 te
3009 4314 3220 4369 precor,
3251 4313 3283 4353 ο
3329 4297 3494 4366 Virgo

1935 4397 2044 4452 Deo
2078 4395 2423 4459 charissima,
2465 4393 2678 4459 sordes,
2712 4407 2778 4446 ex
2823 4387 3267 4461 peccati-malitia
3316 4385 3491 4440 inbue-

1932 4500 2112 4544 rentes
2140 4488 2295 4543 mibi.
3225 4477 3228 4480 ’

2001 4578 2046 4634 0
2078 4580 2188 4634 Deo
2214 4578 2556 4640 charissima,
2610 4574 2744 4628 lucis
2778 4569 3215 4641 receptaculum,
3245 4581 3370 4622 vere
3403 4581 3495 4620 sa-

1931 4685 2148 4728 erorum
2201 4677 2497 4740 martyrum
2535 4667 2721 4730 robur,
2760 4675 2810 4718 et
2843 4660 3218 4717 confessorum
3244 4657 3490 4712 omnium

1933 4760 2202 4830 gloriatio,
2233 4759 2413 4813 salvos
2443 4759 2658 4810 faemos
2690 4769 2718 4808 a
2748 4751 3025 4822 periculis,
3055 4757 3108 4802 et
3135 4749 3496 4802 circumstan-

1932 4850 2081 4906 tibus
2105 4849 2527 4912 calamitatibus,
2549 4854 2710 4914 atque
2723 4845 2792 4897 ab
2814 4842 3047 4897 hostium
3067 4837 3492 4903 incursionibus,
3582 4882 3585 4885 ,

1932 4944 2059 4997 dum
2089 4952 2141 4996 te
2167 4939 2420 4995 laudibus
2445 4939 2807 4992 celebramus.

1933 5058 2093 5128 23o
2119 5056 2200 5110 Ex
2227 5071 2423 5109 canona
2445 5056 2495 5108 in
2526 5055 2658 5123 festo
2683 5047 3100 5128 SS.‘ParAaAmoni
3121 5055 3167 5098 et
3194 5039 3492 5094 Philumcni
3515 5116 3520 5121 τ

2421 5119 2736 5193 martyrum,
2773 5121 2856 5173 die
2903 5119 2991 5173 29.
3517 5119 3520 5121 ‘

2007 5239 2063 5294 ln
2092 5248 2331 5307 tempore
2354 5235 2612 5306 peperisti
2661 5248 2808 5297 eum,
2845 5232 2937 5301 qui
2970 5237 3049 5282 est
3079 5233 3229 5277 extra
3255 5231 3490 5287 tempus,

1934 5332 2210 5388 hominem
2245 5330 2446 5385 factum
2485 5346 2496 5380 :
2533 5342 2693 5397 quem
2749 5326 2906 5379 enixe
2946 5323 3252 5386 deprecare,
3281 5330 3314 5366 ο
3343 5321 3489 5366 casta

1935 5439 1998 5478 ac
2030 5433 2138 5477 tota
2173 5420 2546 5484 immaculata,
2580 5427 2833 5486 tanquam
2869 5412 3059 5464 Filium
3099 5416 3249 5457 tuum
3288 5418 3349 5456 ac
3388 5400 3492 5454 Do-

1937 5518 2168 5578 minum,
2205 5513 2553 5582 temporariis
2583 5510 2775 5564 animm
2822 5519 2951 5559 meae
2993 5496 3338 5581 passionibus
3375 5509 3493 5548 mc-

1934 5608 2144 5662 deatur.

2002 5687 2276 5755 Co'nﬁnna
2325 5709 2388 5752 ac
2438 5693 2687 5750 stabilem
2744 5687 2890 5745 cﬂice
2941 5691 3176 5740 mentem
3230 5693 3427 5744 meam,
3460 5689 3494 5730 ο
