3948 6304
564 376 698 440 1255

1660 365 1719 422 S.
1763 361 2071 422 JOSEPHI
2113 353 2658 439 ῌΥΜΝΟΗΒΛΡΙ-ΙῙ

3607 341 3739 405 1235

561 488 727 540 Mater
757 485 845 539 Dei
878 481 1202 542 castissima,
1265 475 1444 530 multis
1488 470 1828 543 passionibus
1865 469 2098 521 circum-
2128 473 2154 526 Α

2227 461 2427 527 πάθεσι,
2477 462 2666 529 Μῆτερ
2720 457 2850 510 Θεοῦ
2908 455 3182 523 πάναγνε,
3240 454 3384 517 ὅπως
3428 452 3740 522 καταχρέως

561 576 837 644 agitatam,
869 582 927 625 ut
958 583 1005 625 te
1044 582 1141 637 pro
1174 565 1350 619 debito
1375 564 1685 633 glorilicem.

625 664 884 716 Homines
942 661 1008 713 ob
1058 655 1507 724 trangressionem
1585 659 1827 703 mortuos
1894 644 2103 698 νίνίίὶεο

565 765 721 821 partu
759 764 849 805 tuo
893 765 1080 803 omnes
1110 745 1470 807 rcsnsoitasti,
1494 759 1525 797 o
1556 742 1715 809 Virgo
1737 739 1900 792 Maria
1935 755 1948 791 :
1974 751 2100 806 pro-

562 854 740 910 pterea
777 852 826 896 te
867 839 1252 910 glorificamus,
1299 845 1351 889 ct
1383 834 1578 889 divinis
1606 831 1853 885 laudibus
1894 828 2101 881 beatam

559 934 916 1000 appellamus.

633 1020 732 1084 Qui
758 1018 900 1072 Patri
935 1033 997 1071 ac
1047 1014 1269 1084 Spiritui
1305 1023 1492 1068 sancto
1519 1010 1772 1079 aequalem
1811 1008 1972 1061 habet
2011 1006 2105 1059 lio-

562 1127 749 1166 itorem
782 1111 1064 1172 Dominus,
1093 1123 1156 1160 ex
1179 1107 1342 1160 castis
1365 1101 1713 1171 sanguinihns
1736 1097 1860 1163 tuis,
1878 1097 2103 1164 oVirgo,

511 1235 516 1240 ι
563 1201 881 1254 incarnatus
914 1206 997 1249 est
1026 1207 1078 1249 et
1112 1197 1287 1247 lactus
1311 1196 1492 1246 homo.

632 1293 674 1341 A
708 1288 976 1341 scandalis
1011 1287 1135 1337 vita:
1181 1284 1345 1334 libera
1383 1296 1502 1342 me,
1539 1293 1570 1328 ο
1606 1271 2102 1333 intemeratissima,

561 1393 658 1446 qni
713 1377 767 1429 in
829 1385 987 1428 nocte
1027 1372 1297 1430 caecitatis,
1357 1367 1672 1420 deformium
1730 1361 2104 1432 cogitationum

566 1469 826 1532 tenebris,
851 1467 922 1520 ob
959 1462 1162 1516 inimici
1219 1460 1513 1520 malitiam,
1550 1469 1760 1520 semper
1815 1459 2108 1518 occupatus

563 1573 706 1612 sum.

636 1646 822 1700 Gaude
858 1654 937 1706 ιιι,
979 1658 1099 1712 qua:
1140 1641 1256 1694 sola
1306 1637 1615 1692 hominibus
1659 1631 1911 1699 gaudium
1946 1644 2106 1698 pepe-

559 1739 682 1792 rristi
724 1755 736 1788 :
773 1737 965 1804 gaude,
1013 1733 1228 1792 ('(l:llllli,
1257 1738 1310 1782 et
1337 1729 1525 1779 throne
1558 1724 1876 1784 Cherubice,
1915 1728 1967 1771 et
2000 1720 2109 1786 glo—

2201 553 2402 616 δοξάζω
2440 568 2519 602 σε.

2271 641 2650 710 Νεκρωοέντας
2683 639 2804 699 τοὺς
2845 636 3159 704 ἀνθρώπους
3189 637 3251 704 τῇ
3295 634 3629 701 παραϐάσει⁹
3668 632 3741 701 τῷ

2207 731 2471 800 ζωηφόρῳ
2531 729 2674 782 τόκω
2721 745 2847 790 σου,
2881 726 3122 796 Παρθένε
3157 725 3364 796 Μαρία,
3409 723 3618 783 πάντας
3650 723 3741 773 ἀν-

2206 821 2452 889 έστησας.
2490 819 2577 871 Διὸ
2612 833 2670 872 σε
2693 817 3009 885 δοξάζομεν,
3043 816 3135 867 καὶ
3164 811 3481 883 θεοῃρεπῶς
3507 808 3741 879 μακαρία

2207 910 2390 980 ζομεν.
3062 889 3068 897 ’

2285 1001 2572 1069 Ὀμότιμος
2627 995 2794 1063 Πατρὶ
2841 994 3157 1061 ἐνυπάρχων
3213 991 3307 1062 θεαὶ
3357 986 3666 1058 Πνεύματι,
3718 987 3745 1037 ὀ

2205 1090 2402 1160 Κύριος
2430 1091 2488 1152 ἐξ
2526 1087 2701 1154 άγνῶν
2723 1102 2814 1137 σου
2843 1084 3127 1152 ἐσαρκώϐη
3153 1083 3414 1151 αἱμάτων,
3439 1080 3600 1146 ἁγνὴ,
3631 1079 3746 1147 βροο

2204 1183 2292 1244 τὸς
2325 1161 2624 1250 γινόμενος.

2287 1271 2473 1321 Ῥῦσαέ
2508 1286 2571 1337 με
2605 1267 2710 1319 τῶν
2762 1265 3066 1318 σκανδάλων
3095 1263 3187 1316 τοῦ
3217 1263 3350 1331 βίου,
3389 1261 3743 1329 πανάχραντε,

2208 1361 2303 1428 τῆς
2352 1362 2406 1412 ὲν
2436 1364 2586 1412 vox-rt
2619 1357 2872 1424 ἀϐλεψίας
2927 1355 3195 1423 λογισμῶν
3237 1354 3447 1404 ἀτόπων
3480 1346 3745 1419 κεκρατη-

2183 1440 2186 1445 ’
2213 1452 2490 1520 μένον,οτῇ
2523 1449 2690 1518 κακία
2729 1447 2820 1499 τοῦ
2851 1445 3144 1514 δυσμενοῦς
3169 1445 3254 1498 ἀεὶ
3285 1441 3681 1510 σκοτιζόμενον.

2278 1636 2466 1703 Χαῖρε,
2498 1635 2529 1700 ὴ
2567 1631 2699 1699 μόνη
2730 1628 2901 1698 χαρὰν
2931 1626 3231 1695 ἀνθρώποις
3257 1624 3528 1691 κυήσασα,
3579 1622 3746 1691 χαῖρε,

2211 1725 2425 1792 οὖρανὲ,
2460 1721 2552 1774 xui.
2581 1722 2732 1790 Θρόνε
2777 1717 3094 1787 Χερουϐικὲ,
3141 1717 3232 1766 καὶ
3262 1713 3540 1782 περίδοξον
3582 1712 3748 1764 παλά-

561 1823 928 1874 ιι·ἱοδίδεὶιιιιιηι
990 1818 1247 1886 palatium
1315 1812 1634 1881 Reginum-is
1680 1809 2020 1872 suzculorum,
2079 1800 2154 1858 οι

2227 1830 2322 1864 ειον
2359 1811 2452 1862 τοῦ
2493 1809 2855 1878 βασιλεύοντος
2896 1807 3002 1857 τῶν
3047 1803 3273 1865 αἰώνων,
3312 1802 3616 1870 πανάμωμε
3666 1801 3749 1850 Δέ-

570 1914 792 1965 l)omina
825 1911 891 1961 ab
922 1909 1068 1959 omni
1102 1907 1311 1958 macula
1342 1904 1619 1955 immunis.

637 2002 793 2068 Legis
831 2001 1056 2060 umbrm,
1085 2006 1139 2049 et
1166 1995 1546 2062 prophetarum
1578 1991 1878 2045 veneranda
1908 2003 2109 2057 praeco-

562 2090 677 2152 nia,
709 2091 1117 2158 pra-ﬁgurarum
1149 2096 1197 2138 te
1237 2084 1473 2136 futuram
1528 2082 1861 2136 inell'abilitcr
1887 2079 1978 2132 Dei
2011 2096 2108 2132 no-

571 2181 665 2232 stri
702 2178 1049 2240 Grnitricetn,
1083 2192 1114 2230 0
1167 2185 1336 2236 casta,
1389 2175 1568 2226 divina
1599 2174 1764 2240 gratia
1796 2172 2109 2223 cumulatis-

572 2269 728 2330 sima,
779 2269 862 2319 t'ui
901 2281 1091 2319 omnes
1137 2265 1474 2318 concipimus
1524 2261 1892 2324 :Bencdicitc,
1935 2261 2113 2312 omnia

573 2373 730 2426 opera
769 2357 998 2421 Domini,
1033 2357 1344 2415 Dominum,
1374 2363 1475 2406 etc.

631 2450 878 2502 lllumina
928 2447 1160 2516 pupillas
1210 2445 1349 2498 oculi
1409 2444 1529 2504 mei
1567 2443 1803 2496 caecitate
1855 2438 2115 2491 mortiferi

569 2542 774 2607 peccati
842 2539 1258 2600 obtenehratas,
1318 2533 1468 2600 oDei
1522 2533 1784 2594 Genitrix,
1817 2531 2116 2583 castissima

577 2631 822 2682 Domina.
860 2626 938 2679 Tu
964 2625 1108 2678 enim
1139 2641 1199 2680 es
1242 2623 1482 2677 ﬁdelium
1513 2621 1774 2675 auxilium
1814 2629 1869 2674 et
1916 2619 2117 2673 illumi-

572 2719 744 2782 natio,
780 2731 813 2770 ο
846 2715 1124 2769 inviolata.
2087 2720 2096 2724 ’⁷

921 2826 1080 2894 231
1116 2823 1358 2878 MENSIS
1397 2820 1776 2878 DECEMBER.

2215 1921 2425 1958 σποινα.

2283 1996 2467 2063 Νόμου
2527 2010 2584 2045 σε
2634 1991 2813 2055 σκιαὶ,
2865 1990 2960 2042 καὶ
2997 1986 3285 2056 προφητῶν
3329 1982 3750 2054 τερ-,διεχάραξαν

2215 2086 2385 2137 σεπτὰ
2411 2082 2769 2152 κηρύγματα,
2800 2081 3046 2150 ἀρρήτως
3078 2077 3370 2147 μέλλουσαν
3411 2074 3626 2124 ἔσεσθαι
3663 2070 3748 2122 τοῦ

2214 2176 2346 2228 (οεοῖ
2373 2175 2525 2245 ἡμῶν
2547 2173 2877 2242 λοχεύτριαν,
2902 2170 3254 2240 θεοχαρίτωτε
3293 2166 3467 2236 ἁγνὴ,⁸
3489 2161 3535 2232 ᾧ
3566 2163 3751 2223 πάντες

2219 2241 2492 2335 μέλπομεν
2524 2280 2538 2294 ⁶
2588 2241 2893 2330 Εὐλογεῖτε,
2951 2262 3126 2313 πάντα
3169 2241 3236 2309 τὰ
3261 2257 3395 2326 ἔργα
3417 2255 3644 2322 Κυρίου,
3672 2250 3751 2303 τὸν

2215 2357 2433 2424 Κύριον.
2890 2385 2908 2398 ο
3102 2374 3114 2398 ι

2283 2447 2519 2497 Φώτισον
2577 2444 2751 2512 ψυχῆς
2817 2458 2915 2511 μου
2965 2438 3062 2500 τὰς
3118 2437 3283 2506 κόρας
3345 2432 3751 2504 ἀμαυρωθείσας

2216 2539 2443 2609 ἁϐλειμᾳ
2495 2539 2592 2606 τῆς
2643 2533 2966 2607 φθοροποιοῦ
3018 2531 3312 2602 ἁμαρτίας,
3366 2525 3752 2594 Θεογεννῆτορ,

2217 2630 2455 2696 πάναγνε
2505 2629 2801 2680 Δέσποινα⁶
2863 2625 2926 2678 σὺ
2981 2624 3086 2693 γὰρ
3136 2622 3340 2672 πιστῶν
3391 2618 3614 2689 βοήθεια
3667 2614 3750 2668 καὶ

2219 2719 2492 2789 φωτισμὸς
2527 2717 2808 2787 ὑπάρχεις,
2849 2715 3105 2784 άχραντε.

2556 2872 2572 2879 -
2667 2829 2815 2884 MllN
2855 2823 3303 2880 ΔΕΚΕΜΒΡΙΟΣ.

1438 2939 1519 2991 Ea:
1553 2957 1747 2992 canone
1773 2941 1826 2991 in
1853 2937 1911 2993 S.
1934 2937 2252 3007 Sophoniam
2288 2947 2587 3016 prophetam
2612 2943 2777 3014 (96‘),
2820 2944 2902 2996 die
2924 2941 2975 2994 5.

647 3056 959 3110 Humanum
1006 3069 1174 3123 genus
1206 3069 1300 3122 per
1331 3063 1382 3107 te
1420 3054 1470 3105 in
1523 3061 1722 3106 sortem
1781 3053 1990 3121 accepit
2048 3066 2128 3104 re-
2153 3041 2197 3102 C
2230 3054 2404 3109 Vitam
2427 3055 2702 3125 peperisti,
2737 3065 2897 3121 atque
2922 3053 2974 3105 in
2999 3050 3136 3103 viam
3167 3047 3317 3118 pacis
3345 3045 3518 3113 dirige
3547 3043 3754 3097 semitas

576 3149 941 3215 demptionem
967 3161 1003 3210 ;.
1032 3144 1228 3198 etenim
1279 3144 1687 3212 Redemptorem
1732 3143 1974 3196 omnium
2016 3143 2129 3193 sola

581 3236 879 3307 peperisti;
931 3239 1212 3302 propterea
1258 3234 1470 3287 beatam
1506 3241 1556 3286 te
1599 3231 1848 3295 dicimus,
1902 3245 1935 3285 o
1968 3229 2130 3298 Virgo

582 3325 834 3394 Deipara,
859 3335 1199 3392 peccatorum
1219 3323 1501 3387 auxilium,
1522 3331 1576 3374 et
1591 3323 1895 3375 cadentium
1911 3321 2128 3374 erectio.

652 3416 966 3482 Conspecta:
992 3423 1117 3467 sunt
1150 3415 1202 3465 in
1235 3423 1291 3466 te
1337 3415 1545 3465 semita:
1591 3411 1880 3464 desiderati
1913 3409 1981 3462 ab
2018 3424 2134 3462 om-

584 3507 765 3560 nibus.
798 3505 891 3558 llle
920 3506 1062 3558 enim
1103 3505 1192 3572 qui
1244 3504 1392 3555 sedet
1428 3504 1478 3552 in
1514 3503 1728 3554 sinibus
1787 3498 2048 3560 Patentis,
2080 3497 2135 3548 in

588 3597 710 3650 sinu
746 3609 860 3661 tuo,
894 3610 926 3648 o
965 3605 1132 3658 casta,
1169 3595 1220 3647 in
1258 3608 1464 3646 morem
1521 3590 1764 3650 infantis,
1825 3590 2048 3651 residet,
2082 3597 2136 3639 et

589 3687 898 3740 Voluntarie
927 3685 1012 3738 lac
1042 3685 1207 3752 sugit,
1239 3685 1330 3752 qui
1369 3690 1537 3735 nutrit
1569 3682 1839 3733 universa.

661 3777 870 3831 Novum
905 3775 1060 3828 no‘bis
1105 3775 1252 3827 velut
1284 3773 1565 3842 puerulum
1601 3769 1890 3839 peperisti,
1928 3767 2136 3822 saeculis

587 3866 844 3918 omnibus
894 3864 1276 3931 antiquiorem,
1305 3860 1710 3914 adulescentula
1746 3860 1900 3911 unica
1934 3857 2140 3926 specio-

528 4029 530 4031 γ
590 3957 846 4017 sissima,
888 3955 1109 4022 gignens
1142 3952 1481 4004 ineliabiliter
1513 3951 1823 4004 Creatorem
1847 3985 1864 4010 ,
1916 3964 1949 4000 ο
1981 3947 2138 4014 Virgo

599 4046 964 4107 sanctissima,
987 4043 1300 4109 angelorum
1324 4041 1843 4108 miraculum,atque
1866 4038 2136 4092 hominum

597 4136 837 4190 ﬁdelium
871 4135 1038 4188 salus.

669 4228 962 4280 Diuturnas
1005 4225 1196 4276 animae
1226 4237 1358 4275 meae
1403 4221 1685 4290 passiones
1729 4235 1878 4284 cura,
1905 4234 1938 4275 o
1973 4219 2127 4271 invio-

596 4317 727 4380 lata,
757 4325 806 4368 te
836 4329 1027 4383 precor
1053 4331 1066 4365 :
1089 4326 1248 4380 atque
1269 4312 1506 4364 omnium
1528 4321 1864 4378 peccatorum
1899 4323 2140 4362 meorum

2226 3148 2420 3200 animae
2449 3159 2579 3198 meae
2611 3142 3015 3205 infelicissimae,
3045 3139 3312 3194 deducens
3337 3150 3421 3188 me
3438 3134 3504 3188 ad
3530 3132 3754 3186 divinam

2232 3237 2323 3292 Dei
2356 3235 2680 3290 voluntatem
2716 3231 3038 3286 faciendam.

2299 3327 2434 3380 Ecce
2463 3341 2608 3379 nunc
2633 3324 2848 3391 impleta
2871 3330 2953 3374 est
2975 3317 3248 3388 prophetia
3271 3315 3533 3385 praeconis
3569 3311 3756 3366 divini:

2231 3431 2354 3469 nam
2385 3413 2545 3483 Virgo
2588 3413 2793 3482 peperit
2826 3412 2997 3473 illum,
3027 3408 3116 3477 qui
3145 3406 3338 3461 saecula
3367 3405 3658 3474 produxit;
3682 3403 3755 3453 cui

2235 3506 2565 3560 modulantes
2585 3504 2805 3558 assidue
2835 3503 3100 3564 canimus,
3121 3499 3363 3553 dicentes
3401 3513 3414 3550 :
3453 3494 3758 3549 Benedictus

2233 3609 2311 3660 es,
2351 3595 2486 3648 Deus
2509 3604 2719 3664 patrum
2744 3601 3079 3647 nostrorum.
3635 3581 3643 3587 ’
3690 3576 3700 3585 ’

2305 3684 2399 3747 Te,
2435 3684 2524 3736 Dei
2556 3684 2797 3736 omnium
2843 3681 3058 3736 Domini
3094 3679 3337 3741 Matrem,
3385 3677 3654 3730 universa!
3686 3689 3760 3742 ge-

2236 3773 2544 3826 nerationes
2569 3772 2726 3839 232
2759 3769 3164 3839 generationum
3206 3782 3418 3834 semper
3448 3765 3756 3824 beatiﬁcauit,

2236 3877 2269 3914 o
2290 3860 2594 3929 purissima,
2642 3870 2696 3913 et
2749 3859 2917 3913 sacris
2947 3857 3119 3910 modis
3147 3856 3448 3926 gloriﬁcant
3480 3872 3498 3906 :
3536 3853 3757 3905 omnium

2238 3950 2434 4018 quippe
2463 3949 2694 4002 fidelium
2727 3948 2933 4016 asylum
2967 3945 3103 3998 facta
3133 3959 3214 4005 es,
3241 3944 3330 4011 qui
3361 3957 3483 3996 cum
3513 3943 3620 3994 tide
3648 3954 3761 3992 cono

2240 4043 2476 4094 cinunt:
2534 4033 3274 4100 Sacerdotes,ibeuedicite;
3333 4032 3540 4099 populi,
3593 4043 3759 4097 super-

2240 4134 2471 4187 exaltate
2507 4133 2557 4184 in
2589 4131 2768 4184 omnia
2793 4128 3012 4182 saecula.

2302 4222 2589 4282 Bonorum
2626 4219 2797 4271 amica
2849 4217 3027 4283 Virgo,
3059 4231 3178 4284 quae
3205 4212 3439 4265 Verbum
3485 4210 3683 4263 bonum
3711 4219 3760 4258 ac

2246 4311 2526 4364 Doininnm
2549 4309 2830 4378 peperisti,
2860 4307 3094 4360 animam
3113 4319 3307 4365 meam,
3335 4317 3454 4371 quae
3475 4301 3685 4370 assidue
3707 4298 3762 4350 ob

606 4402 1024 4470 chirographum
1052 4378 1290 4452 discinde
1308 4401 1492 4451 lancea
1522 4396 1640 4450 Filii
1673 4399 1770 4462 tui,
1798 4413 1969 4466 neque
1997 4397 2143 4449 sinas
2177 4378 2219 4431 θ
2248 4401 2513 4467 serpentis
2551 4400 2787 4452 assultus
2833 4407 2993 4464 atque
3030 4397 3168 4448 ictus
3199 4395 3262 4445 ad
3296 4393 3434 4444 mala
3469 4390 3761 4459 prepondet.

604 4495 782 4563 perire
809 4507 893 4545 me
928 4500 1235 4559 sperantem
1273 4490 1324 4541 in
1353 4499 1425 4553 te,
1464 4504 1498 4550 ο
1525 4489 1833 4557 purissima.

673 4582 868 4636 Carnis
898 4595 1029 4634 meae
1056 4580 1322 4648 appetitus
1366 4579 1650 4640 mortiﬁca,
1678 4593 1710 4630 o
1754 4577 1998 4645 Deipara,
2027 4591 2145 4642 quae

602 4704 686 4758 Ea:
715 4719 910 4757 canone
938 4704 995 4774 in
1025 4704 1160 4770 ferto
1195 4702 1249 4755 S.
1289 4702 1550 4822 ἐμπερίοδὶὶ
1583 4699 1806 4770 episcopi
1833 4697 2144 4758 Ecdicium,

1327 4788 1370 4822 ie
1438 4812 1450 4822 .

1327 4788 1370 4823 ιε
1405 4788 1450 4825 l.

2248 4490 2511 4542 festinans
2559 4490 2754 4540 bonam
2804 4484 2908 4550 fac,
2958 4498 2990 4538 ο
3037 4485 3208 4544 bona,
3264 4490 3517 4548 tanquam
3569 4477 3763 4531 unicum

2250 4580 2557 4648 praesidium
2594 4579 2876 4638 lassorum,
2909 4583 2960 4627 et
2989 4560 3134 4627 salus
3164 4571 3492 4624 laudantium
3522 4579 3597 4622 te.

2260 4706 2352 4755 Ἐκ
2391 4702 2492 4754 τοῦ
2528 4701 2788 4762 Ιξανόνος
2817 4699 2901 4761 εἰς
2938 4695 3040 4748 τὸν
3082 4694 3250 4747 ὅσιον
3289 4693 3635 4760 ’Λρὸρόσιον
3662 4689 3764 4741 ἐπί-

2524 4785 2756 4821 σκοπον
2788 4767 3160 4819 Μεδιολιὶνων
3182 4803 3196 4828 ,
3232 4762 3416 4829 ἡμέρᾳ
3449 4764 3512 4822 ς’.

2333 4882 2609 4950 Ἀσπόρως
2666 4877 2740 4946 τῷ
2787 4878 2877 4929 τοῦ
2934 4875 3140 4943 [ἰατρὸς
3193 4873 3485 4941 βουλήματι
3521 4872 3600 4922 (Ex
3644 4867 3763 4919 Θείον

2257 4975 2569 5041 Πνεύματος
2597 4971 2685 5021 τὸν
2713 4970 2805 5020 τοῦ
2833 4968 2965 5019 Θεοῦ
2997 4965 3313 5031 συνείληφας
3337 4960 3484 5023 Υἰὸν,
3517 4961 3610 5010 καὶ
3632 4957 3765 5025 σαρκὶ

2254 5066 2570 5132 άπεκύησας
2620 5062 2709 5113 τὸν
2752 5061 2814 5111 ὲκ
2852 5057 3056 5127 Πατρδς
3102 5057 3371 5124 ἀμήτορα,
3402 5053 3492 5103 καὶ
3543 5050 3609 5102 δι’
3642 5047 3766 5116 ἡμᾶς

2251 5159 2311 5207 ἐκ
2342 5154 2431 5205 σοῦ
2466 5152 2729 5220 ἀπάτορα.

2324 5244 2361 5293 Γ
2367 5243 2479 5302 ἐνος
2526 5240 2821 5308 ἀνθρώπων
2869 5235 3314 5304 ὲκαινούργησας,
3368 5233 3498 5301 μόνη
3549 5230 3768 5296 κυήσασα

2254 5337 2343 5388 τὸν
2389 5336 2487 5401 τῆς
2517 5333 2726 5400 φύσεως
2765 5330 2919 5400 ἡμῶν
2965 5327 3296 5397 Δημιουργόν
3342 5341 3402 5376 τε
3435 5325 3530 5377 καὶ
3559 5321 3767 5389 Κύριον⁸

2253 5424 2371 5476 ὅθεν
2403 5439 2458 5473 σε
2489 5421 2796 5488 δοξάζομεν,
2827 5418 3199 5487 θεοχαρίτωτε.

2341 5514 2398 5566 'U
2426 5513 2683 5582 θελήματι
2717 5513 2784 5564 τὰ
2813 5512 2986 5564 πάντα
3024 5508 3422 5578 δημιουργήσας
3457 5495 3772 5574 δημιουργεῖν

675 4885 804 4938 Sine
861 4884 1066 4943 semine
1112 4881 1305 4934 Filium
1350 4881 1464 4944 Dei,
1502 4896 1566 4934 ex
1599 4882 1812 4936 decreto
1850 4878 2048 4940 Patris,
2081 4876 2146 4928 de

606 4964 813 5043 Spiritu
849 4975 1032 5028 divino
1061 4973 1380 5041 concepisti,
1412 4982 1573 5038 atque
1617 4974 1950 5024 incarnatnm
1987 4981 2145 5036 pepe-

608 5067 725 5119 risti
747 5106 761 5128 ,
795 5066 884 5133 qui
911 5079 975 5118 ex
1014 5064 1165 5117 Patre
1206 5067 1320 5117 sine
1353 5076 1540 5126 matre,
1580 5073 1633 5115 et
1675 5078 1737 5114 ex
1775 5073 1825 5114 te
1858 5064 1971 5113 sine
2003 5069 2148 5126 patre

609 5167 829 5226 propter
860 5169 959 5210 RC5
986 5165 1146 5207 natus
1184 5165 1284 5207 est.

680 5247 862 5302 Genus
907 5248 1180 5300 hominum
1235 5246 1527 5305 renovasti,
1579 5243 1689 5294 sola
1726 5251 1926 5295 natura:
1961 5249 2153 5295 nostra:

611 5337 1046 5408 Conditoremac
1092 5336 1373 5388 Dominum
1407 5336 1594 5397 enixa;
1625 5349 1789 5402 quare
1812 5345 1860 5386 te
1888 5334 2156 5401 gloriﬁca-

615 5446 757 5494 mus,
786 5446 816 5482 o
855 5429 963 5482 Deo
997 5429 1340 5481 charissima.

684 5521 772 5572 ille
806 5520 896 5586 qui
929 5522 1178 5572 universa
1215 5520 1487 5569 voluntate
1518 5531 1610 5568 sua
1666 5517 1936 5581 formavit,
1971 5526 2158 5584 sponte

688 5668 820 5740 (96⁸)
849 5666 1006 5723 Deest
1028 5671 1082 5724 in
1112 5667 1325 5722 Menaeis
1357 5667 1644 5734 impressis.
