3948 6304
200 359 337 426 1³257

1543 354 1902 417 MARIALE.

3250 344 3382 411 i258

188 492 283 528 ται
322 477 487 528 θέλων
526 476 585 539 ἐξ
612 474 785 543 ἁγνῶν
812 489 905 527 σου
928 476 1194 545 αἱμάτων,
1221 475 1405 538 σώζων
1443 473 1565 534 τοὺς
1592 473 1731 525 εἰδόι

1843 470 2105 524 formatur
2138 482 2201 523 ex
2243 469 2411 523 castis
2452 438 2821 536 sangu‘iuihus
2846 469 2975 533 tuis,
3024 465 3243 521 salvaus
3290 481 3385 519 eos

186 580 288 627 τας
315 581 373 616 σε
400 566 567 634 ἁγνὴν
594 566 928 636 Θεομήτορα.
1474 630 1477 631 ν

266 654 571 722 Βουλήματι
602 655 658 707 τὸ
697 656 802 706 πᾶν
850 656 878 706 ὁ
911 656 1088 721 σοφῶς
1121 653 1503 722 ἐργαζόμενος,
1551 651 1733 722 βουλό-

191 759 356 808 μενος
381 745 682 797 ἀναπλάσαι
712 746 832 806 τοὺς
861 744 1200 813 ἀνθρώπους,
1222 744 1482 813 Παρθένε,
1514 744 1612 811 τὴν
1637 741 1733 810 σὴν

186 835 432 904 γαστέρα
452 834 682 903 ᾤκησεν.

267 923 445 975 Ἴασαι
492 924 590 993 τῆς
640 924 817 994 ψυχῆς
853 941 975 992 μου,
1023 923 1285 993 Παρθένε,
1331 922 1397 974 τὰ
1449 920 1734 991 τραύματα

186 1012 497 1064 ἐπισκιάσει
548 1030 641 1066 σου
681 1014 797 1081 θείᾳ
820 1054 836 1078 ,
867 1014 959 1067 καὶ
994 1012 1083 1065 τὸν
1128 1012 1250 1065 νοῦν
1281 1029 1380 1080 μου
1424 1010 1735 1079 λάμπρυνον

187 1102 539 1155 σκοτισθέντα
566 1102 795 1174 ἀμελείᾳ
820 1104 914 1155 καὶ
940 1104 1106 1173 κακίᾳ
1127 1101 1322 1172 ἐχθροῦ
1346 1100 1731 1171 πολεμήτορος.

274 1282 427 1346 Ἰδοὺ,
475 1282 733 1353 Παρθένε,
776 1284 834 1335 ἐν
861 1285 926 1353 τῇ
970 1282 1163 1352 γαστρί
1212 1298 1303 1333 σου
1340 1282 1402 1334 σὺ
1449 1278 1733 1341 συνέλαϐες

184 1371 381 1437 Λόγον,
402 1368 496 1424 τοῦ
524 1373 731 1440 Πατρὸς
749 1374 1096 1441 συνάναρχον,
1120 1371 1209 1422 καὶ
1235 1372 1396 1439 σαρκὶ
1420 1370 1733 1448 ἀπεκύησας

184 1460 528 1530 δωρούμενον
584 1463 747 1515 πᾶσιν
802 1463 1116 1535 ἀνάκλησιν,
1161 1463 1270 1523 τοῖς
1314 1462 1370 1512 ἐν
1420 1460 1589 1529 Ἀδὰμ
1641 1475 1735 1510 πει

188 1549 367 1611 σούσι,
399 1550 728 1620 πανάμωμε.

266 1640 476 1710 ’Ὠφθης
522 1641 794 1711 ὑπερτέρα
824 1639 1094 1709 οὐρανῶν,
1142 1640 1270 1692 Θεὸν
1309 1637 1555 1708 οὐρανίου
1598 1637 1732 1688 ἀπο-

187 1730 444 1797 κυήσασα
464 1729 553 1783 τὸν
586 1730 652 1782 τὰ
680 1730 913 1797 ἐπίγεια,
946 1730 1204 1797 πάναγνε,
1240 1729 1504 1798 οὐρανίοις
1523 1730 1735 1779 ἐπισυνο

1836 561 1927 629 qui
1967 569 2221 613 te'veram
2264 558 2355 612 Dei
2393 559 2616 611 Matrem
2647 570 2965 627 agnoscunt.

1903 649 2004 714 Qui
2040 650 2262 703 consilio
2307 665 2406 703 suo
2436 650 2748 703 universum
2792 651 3033 705 condidit
3075 650 3384 718 sapienter,

1837 738 2024 791 volens
2056 737 2303 793 homines
2335 738 2649 805 reformare,
2683 749 2895 794 uterum
2932 750 3103 805 tuum,
3134 753 3165 792 0
3197 736 3383 806 Virgo,

1833 825 2170 881 inhabitavit.
3220 834 3223 839 '

1908 914 2137 980 Medere,
2192 914 2378 986 Virgo,
2434 918 2745 972 vulneribus
2795 920 2989 974 animae
3035 935 3166 973 mem
3203 917 3381 998 divina

1833 1003 2140 1058 visitatione
2179 1014 2299 1069 ttta,
2350 998 2690 1076 mentemque
2737 1025 2909 1063 meam
2951 1010 3268 1079 negligentia
3323 1026 3386 1059 ac

1834 1094 2033 1146 malitia
2065 1093 2339 1149 bellatoris
2383 1097 2553 1150 hostis
2583 1099 3011 1164 obtenebratam,
3053 1101 3172 1153 lucc
3190 1114 3380 1153 serena

1832 1181 2110 1249 perfunde.

1900 1271 2060 1336 Ecce,
2095 1287 2128 1326 o
2176 1272 2335 1343 Virgo
2386 1275 2907 1339 immaculatissima,
2968 1280 3019 1331 in
3081 1288 3234 1332 utero
3291 1288 3385 1331 tuo

1834 1363 2130 1430 concepisti
2156 1362 2389 1418 Verbum
2414 1365 2557 1420 Patri
2584 1368 2937 1431 commntum,
2960 1377 3012 1421 et
3044 1368 3383 1421 inrarrratmn

1835 1451 2111 1517 peperisti,
2143 1467 2173 1505 a
2201 1468 2309 1521 quo
2338 1456 2604 1509 universis
2650 1470 2712 1508 ex
2753 1456 2922 1509 Adam
2965 1457 3106 1531 natis
3133 1458 3244 1525 jam
3275 1458 3386 1510 eol-

1836 1539 2002 1608 lapsis
2029 1541 2261 1595 donatur
2290 1545 2580 1611 reparatio.

1903 1626 2197 1685 Sublimior
2228 1634 2379 1687 ccelis
2405 1634 2513 1688 visa
2541 1648 2626 1696 es,
2658 1632 2824 1689 Deum
2853 1621 3113 1690 etelorum
3141 1636 3319 1701 enixa,
3351 1652 3385 1688 ο

1835 1721 2161 1788 castissima,
2217 1725 2309 1793 qui
2338 1724 2650 1781 cwlestihus
2693 1738 2900 1781 terrena
2934 1729 3234 1797 coojunxit,
3269 1731 3383 1782 sui—

184 1820 425 1887 άψαντα,
486 1819 578 1873 καὶ
617 1821 714 1890 τὴν
747 1820 1035 1887 ἐπίγνωσιν
1068 1819 1230 1873 αὐτοῦ
1268 1822 1398 1872 πᾶσι
1435 1817 1735 1886 παρέχοντα

1840 1826 1942 1878 que
1967 1814 2325 1881 cognitionem
2373 1817 2531 1887 233
2571 1818 2797 1886 praebuit
2824 1820 3074 1873 omnibus
3103 1820 3385 1873 clamanti-

184 1912 303 1972 τοῖς
330 1910 512 1978 βοῶσι·
547 1910 724 1963 Πάντα
758 1911 824 1964 τὰ
859 1910 1014 1979 ἔργα,
1041 1910 1257 1978 ὑμνεῖτε
1290 1909 1378 1961 τὸν
1407 1906 1627 1977 Κύριον.

260 2001 450 2067 Φωνήν
505 2016 586 2051 σοι
642 1999 869 2068 βοῶμεν,
940 1999 1201 2068 Παρθένε,
1269 1996 1579 2067 περιχαρῶς
1642 1994 1733 2047 τοῦ

183 2090 530 2159 ἀρχαγγέλου
556 2106 569 2120 ·
622 2090 810 2158 Χαῖρε,
836 2090 931 2156 τῆς
962 2088 1203 2156 κατάρας
1255 2090 1287 2157 ἡ
1325 2086 1475 2148 λύσις
1497 2104 1510 2118 ο
1547 2085 1734 2137 δεινῶν

184 2179 483 2243 παντοίων,
505 2182 681 2249 χαῖρε,
696 2182 729 2249 ἡ
752 2179 1035 2249 λύτρωσις,
1051 2180 1084 2248 ἡ
1104 2180 1225 2240 τοὺς
1248 2178 1466 2248 βροτοὺς
1491 2176 1735 2228 θεώσασα

183 2274 255 2339 τῇ
283 2270 427 2339 ὑπὲρ
463 2268 585 2322 νοῦν
616 2271 875 2340 κυοφορίᾳ
905 2287 1019 2323 σου.

198 2391 307 2444 Ἐκ
341 2390 445 2443 τοῦ
486 2392 731 2455 κανόνος
759 2392 846 2456 είς
866 2390 1004 2456 τοὺς
1031 2391 1236 2457 ἁγίους
1270 2388 1572 2456 μάρτυρας
1604 2388 1732 2452 Μη-

283 2458 421 2522 νᾶν,
468 2460 843 2527 Ἑρμογένην,
874 2460 970 2511 καὶ
1005 2461 1336 2527 Εὔπραφον,
1370 2457 1557 2524 ἡμέρᾳ
1597 2461 1649 2507 ι’.

273 2600 586 2668 Ῥυσθῆναι,
610 2600 758 2674 Ιςόρη
801 2600 1127 2670 πανάμωμε,
1165 2599 1347 2653 παθῶν
1385 2598 1733 2668 ἐπικρατείας

183 2692 315 2754 τοὺς
334 2690 549 2754 δούλους
575 2708 689 2755 σου,
706 2691 795 2765 τὸν
814 2691 903 2743 σὸν
925 2691 1154 2753 ἐκτενῶς
1182 2691 1386 2742 ἱκέτευε
1412 2689 1613 2759 Κύριον
1640 2689 1733 2741 καὶ

182 2782 485 2849 Δεσπότην,
504 2782 562 2833 ὃν
588 2783 649 2833 ἐκ
678 2781 785 2833 τῶν
811 2781 937 2844 σῶν,
967 2780 1222 2849 πάναγνε,
1251 2781 1493 2850 αἱμάτων
1522 2780 1733 2849 ἐσωμά-

182 2886 367 2933 τωσας
402 2872 533 2941 ἡμῖν
570 2871 1061 2942 προσομιλήσαντα.

257 3050 446 3121 Μόνην
475 3050 685 3118 γυναιξί
717 3068 778 3104 σε
811 3049 908 3121 τὴν
938 3050 1145 3121 ὡραίαν
1177 3050 1253 3121 τῷ
1290 3050 1471 3103 κάλλει
1496 3052 1727 3121 εὑράμε-

1840 1900 1939 1955 bus
1974 1899 2199 1957 :Omnia
2231 1919 2413 1972 opera,
2442 1907 2661 1961 laudate
2687 1907 2999 1972 Dominum,
3085 1908 3089 1913 ⁷

1908 1990 2041 2045 Cum
2071 2008 2204 2047 voce
2241 1996 2547 2064 archangeli
2581 1996 2647 2050 ad
2694 2005 2745 2049 te
2783 1997 3026 2051 ltetamer
3060 1998 3381 2064 clamamus,

1802 2074 1805 2081 “
1840 2096 1871 2135 o
1904 2080 2065 2152 Virgo
2089 2102 2102 2137 :
2126 2084 2259 2151 Ave,
2302 2086 2692 2140 maledictionis
2722 2087 2921 2141 solutio
2949 2102 3103 2150 :ave,
3138 2089 3380 2143 omnium

1841 2174 2100 2226 malorum
2135 2174 2453 2244 redemptio,
2488 2192 2606 2245 qua:
2635 2186 2791 2246 partu
2843 2185 2938 2232 tuo
2981 2179 3383 2248 inexcogitabili

1841 2263 2083 2318 homines
2124 2263 2409 2319 deillcasti.

1841 2385 1922 2439 Ea:
1950 2404 2144 2442 canone
2176 2388 2232 2440 in
2266 2387 2407 2462 festo
2425 2387 2529 2443 SS.
2576 2400 2763 2457 nenda,
2802 2391 3145 2462 Hermogenis
3189 2404 3239 2447 et
3274 2393 3386 2448 Eu-

2228 2459 2408 2526 graplti
2443 2469 2751 2528 martyrum,
2776 2460 2858 2515 die
2886 2463 2970 2515 10.

1908 2596 1977 2653 Ut
2003 2600 2139 2651 servi
2173 2599 2247 2653 tui
2294 2614 2324 2654 a
2369 2600 2683 2669 passionum
2728 2603 3015 2672 tyrannide
3065 2606 3379 2675 liberentur,

1837 2704 2020 2753 exora,
2043 2706 2075 2744 ο
2102 2690 2579 2746 intemeratissima
2600 2691 2803 2756 Puella,
2828 2694 3069 2764 impense
3095 2696 3380 2751 Dominum

1837 2792 1901 2831 ac
1954 2777 2239 2851 Despotam
2276 2787 2461 2839 tuum.
2497 2795 2654 2849 quem
2701 2798 2768 2835 οι
2813 2784 2978 2836 castis
3026 2786 3381 2854 sanguiuibus

1837 2867 1944 2920 tuis
1996 2868 2334 2955 corporasti,
2385 2883 2418 2923 ο
2454 2870 2792 2935 castissima,
2844 2874 3048 2928 uuiuuc
3098 2876 3381 2931 nobiscum

1835 2964 2182 3010 conversatus
2210 2967 2312 3010 est.
2980 2964 3001 2991 '

1906 3046 2085 3099 Solam
2119 3057 2168 3100 te
2200 3047 2341 3101 inter
2379 3049 2631 3103 mulieres
2662 3053 3060 3119 pulchritudine
3085 3059 3381 3125 speciosam

184 3156 306 3203 νος,
337 3138 717 3209 σωματοφὸρος
744 3142 806 3216 εκ
822 3140 1049 3208 γαστρός
1074 3154 1164 3191 σου
1195 3137 1541 3208 προελήλυθε,
1563 3140 1731 3210 Κόρη,

1840 3136 2115 3190 inveniens
2147 3136 2418 3201 Christus,
2451 3154 2482 3191 ο
2507 3139 2710 3204 Puella,
2770 3141 3077 3199 incarnatus
3122 3150 3385 3214 processit

184 3227 446 3297 Χριστὸς,
479 3226 649 3289 θείαις
698 3228 991 3297 ὠραιότησι
1061 3227 1535 3297 καταφαιδρύνασα
1584 3229 1735 3297 γένος

183 3315 351 3386 ὴμῶν
372 3330 386 3343 ·
417 3314 537 3367 ὃθεν
566 3330 623 3366 σε
653 3314 996 3385 γεραίρομεν.

274 3404 493 3466 Ῥάϐδος
534 3408 597 3457 ἐκ
622 3407 716 3474 τῆς
753 3404 905 3474 ῥίζης
953 3403 1145 3458 Ἰεσσαὶ
1182 3404 1275 3459 καὶ
1296 3404 1474 3469 ἄνθος,
1508 3406 1733 3461 ἀνεϐλά-

189 3511 395 3564 στησας
423 3495 513 3547 τὸν
535 3494 832 3563 φυτουργὸν
855 3495 1138 3564 πάσηςιτῆς
1155 3497 1401 3561 κτίσεως,
1424 3497 1737 3566 μαράναντα

185 3585 260 3637 τά
292 3583 437 3651 φυτά
462 3584 561 3651 τῆς
589 3585 837 3653 ἀκάρπου
870 3584 1139 3651 γνώσεως,
1160 3585 1338 3636 πίστιν
1373 3602 1430 3637 σε
1451 3587 1482 3653 ἡ
1492 3587 1579 3653 μίν
1605 3588 1737 3655 ἀλη-

185 3674 457 3742 θεστάτην
507 3672 846 3742 φυτεύσαντα
893 3672 1148 3738 εὐσεϐῶς,
1205 3674 1438 3743 άχραντε
1497 3675 1734 3744 Παρθένε

186 3764 336 3816 πανύ
346 3780 532 3831 μνητε.
616 3780 622 3785 ·

272 3853 469 3919 Ἀγίων
524 3854 807 3919 ἀγγέλων,
872 3854 1111 3923 Παρθένε
1165 3854 1337 3924 ἁγνὴ,
1403 3854 1738 3924 ὑπερέχουσα

185 3942 403 4011 ὤφθης,
432 3944 683 4012 κυήσασα
714 3943 905 4012 βουλῆς
933 3944 1170 4013 μεγάλης
1200 3944 1424 4010 ἄγγελοι
1445 3942 1575 3995 Θεὸν
1612 3945 1737 4012 Ἐμ-

189 4013 461 4101 μανουὴλ,
503 4032 724 4101 βροτοὺς
764 4033 1114 4101 ὲπουρανίους
1146 4034 1309 4084 αὐτοῦ
1349 4036 1414 4103 τῇ
1444 4033 1738 4085 καταϐάσει

184 4120 588 4189 ἐργασάμενον,
613 4120 783 4190 Κόρη,
807 4120 873 4172 δι’
906 4121 1297 4189 εὐσπλαγχνίαν
1326 4122 1631 4190 ἀδιήγητον.

269 4301 442 4370 Ἔστη
481 4304 641 4371 μέχρι
679 4301 794 4364 σού,
827 4302 1087 4371 Παρθένε,
1116 4304 1144 4352 ὁ
1175 4301 1397 4365 θάνατος
1424 4320 1435 4334 ·
1463 4303 1604 4371 ζωὴν
1632 4304 1737 4372 γὰρ

195 4391 440 4463 Χριστὸν
470 4394 834 4461 ἐκυοφὸρησσς
880 4390 967 4445 τὸν
1004 4393 1334 4462 δωρούμενον
1364 4394 1611 4464 καθαρῶς
1658 4394 1736 4455 εἰς

186 4481 361 4534 αὐτὸν
412 4482 537 4544 τοὺς
592 4482 934 4544 πιστεύοντας
977 4482 1072 4552 τὴν
1119 4484 1380 4562 ἀθάνατον
1436 4485 1523 4536 καὶ
1588 4484 1735 4535 θείαν

190 4571 614 4642 ἀπολύτρωσιν·
651 4573 854 4637 τοῦτον,
911 4576 1167 4641 παναγία,
1206 4577 1425 4646 αἴτησαι
1458 4576 1734 4646 λυτρωθῆ-

190 4678 287 4715 ναι
336 4661 687 4728 πταισμάτων
719 4663 837 4724 τοὺς
870 4662 1083 4724 δούλους
1124 4636 1240 4716 σουξ

263 4751 340 4802 Οὐ
375 4749 570 4817 φλέξας
608 4768 699 4802 σου
736 4754 830 4819 τὴν
875 4754 1105 4820 μήτραν,
1134 4755 1193 4805 οὐ
1232 4754 1490 4817 σαλεύσας
1539 4754 1735 4823 παρθε-

188 4841 314 4901 νίας
346 4842 629 4909 σήμαντρα
676 4843 702 4891 ὁ
754 4844 1048 4909 σαρκωθεὶς
1087 4844 1254 4909 Λόγος
1289 4848 1350 4896 ὲκ
1386 4847 1476 4897 σοῦ
1512 4848 1736 4917 προελήο

188 4929 348 4990 λυθε,
405 4928 657 4997 παρέχων
701 4929 829 4995 ἡμῖν
878 4930 1183 4998 ἀφθαρσίαν
1223 4932 1315 4984 καὶ
1362 4933 1523 5004 ζωὴν,
1565 4937 1734 5005 Κόρη,

186 5021 307 5079 τοῖς
332 5017 620 5086 μέλπουσιν
641 5033 653 5047 ’
689 5018 747 5070 '0
768 5018 873 5070 τῶν
903 5021 1148 5086 πατέρων
1179 5021 1328 5085 Θεὸ;,
1353 5024 1634 5090 εὐλογητὸς
1667 5022 1733 5077 εἷ.

264 5195 504 5266 Στάμνον
549 5214 606 5248 σε
640 5196 701 5249 τὸ
766 5198 937 5266 μάννα
982 5200 1316 5269 κεκτημένην
1363 5204 1458 5271 τῆς
1494 5205 1737 5275 θεότητος

188 5289 461 5357 ἔγνωμεν,
492 5287 661 5355 Κόρη,
689 5288 938 5351 κιϐωτὸν,
959 5290 1051 5341 καὶ
1073 5290 1366 5358 τράπεζαν,
1391 5297 1480 5347 καὶ
1496 5295 1736 5365 λυχνίαν,

188 5380 293 5432 καὶ
330 5377 514 5447 θρόνον
555 5377 708 5442 Θεοῦ,
752 5379 842 5431 καὶ
884 5380 1160 5445 παλάτιον,
1210 5385 1301 5434 καὶ
1344 5384 1579 5453 γέφυραν
1617 5405 1740 5456 μετ-

188 5471 435 5535 άγουσαν
466 5468 597 5536 πρὸς
616 5469 761 5522 θείαν
796 5470 935 5538 ζωὴν
966 5474 1088 5534 τοὺς
1121 5474 1527 5541 ἀναμέλποντας
1548 5494 1559 5507 υ
1580 5480 1737 5531 Εὐλο·

188 5557 422 5627 γείτωή
464 5558 639 5619 κτίσις
675 5561 823 5611 πᾶσα
877 5562 965 5613 τὸν
1012 5564 1229 5632 Κύριον,
1268 5568 1356 5617 καὶ
1389 5567 1738 5637 ὑπερυψούτω

189 5652 276 5712 εἰς
308 5649 512 5709 πάντας
548 5650 668 5709 τοὺς
698 5650 911 5714 αἰῶνας.

517 5745 778 5804 Ριτιιοι..
816 5710 926 5807 Gn.
964 5750 1082 5810 CV.
1172 5710 1181 5726 ί

1834 3240 1897 3278 ex
1929 3234 2080 3279 utero
2114 3237 2225 3292 tuo,
2256 3228 2454 3281 divina
2493 3230 2896 3303 pulchritudine
2926 3233 3185 3288 decoratis
3213 3253 3382 3305 genus

1838 3325 2115 3391 nostrum;
2148 3319 2500 3385 quamobrem
2544 3331 2593 3373 te
2625 3336 2966 3376 veneramur.

1912 3404 2064 3474 Virga
2100 3423 2164 3460 ex
2189 3410 2369 3462 radice
2393 3410 2563 3474 Jesse,
2601 3411 2785 3465 ﬂorem
2820 3414 3091 3482 protulisti
3124 3417 3387 3471 universae

1835 3504 2097 3548 creatura:
2122 3507 2353 3551 saturem
2380 3539 2407 3561 ,λ
2426 3499 2518 3567 qui
2548 3498 2877 3568 infrugLfcra:
2913 3503 3152 3556 scientia:
3174 3505 3384 3572 plantas

1836 3585 2078 3650 arefecit,
2120 3586 2275 3640 [idem
2301 3601 2478 3641 autem
2512 3591 2849 3643 verissimam
2892 3595 3046 3648 nobis
3069 3610 3193 3649 cum
3224 3599 3385 3651 dem-

1839 3675 1985 3728 tione
2015 3676 2293 3744 plantavit,
2330 3692 2361 3729 ο
2390 3676 2553 3749 Virgo
2604 3680 2880 3748 inviolata,
2913 3686 3059 3737 omni
3110 3686 3268 3741 laude
3302 3690 3387 3742 di-

1838 3764 2117 3833 gnissima.

1909 3854 2121 3909 Sanctis
2170 3857 2375 3926 angelis
2422 3859 2749 3913 eminentior
2802 3866 3120 3931 apparuisti,
3165 3882 3198 3920 ι)
3226 3866 3387 3938 Virgo

1837 3954 2008 4010 casta,
2039 3949 2215 4017 magni
2255 3950 2465 4003 consilii
2508 3952 2795 4021 Angelum,
2841 3949 3008 4009 Deum
3070 3956 3384 4015 Emmanuel

1841 4038 2023 4099 enixa,
2052 4040 2143 4106 qui
2183 4039 2536 4094 descensione
2565 4050 2725 4111 atque
2758 4044 3134 4102 humiliatione
3162 4066 3261 4103 sua
3294 4052 3387 4103 lm-

1840 4128 2012 4203 mines
2046 4127 2171 4182 fecit
2218 4130 2487 4195 caelestes,
2529 4148 2560 4184 o
2602 4132 2805 4198 Puella,
2858 4146 3071 4205 propter
3106 4140 3387 4195 inenarra-

1839 4200 1997 4270 bilem
2031 4220 2452 4273 misericordiam
2481 4237 2655 4276 suam.

1913 4308 2093 4377 Usque
2141 4310 2203 4363 ad
2253 4319 2305 4364 te
2342 4327 2489 4369 mors
2540 4316 2864 4381 perduravit,
2918 4332 2949 4371 ο
2997 4317 3186 4389 Virgo;
3224 4321 3382 4373 vitam

1766 4434 1812 4491 Β
1839 4396 1979 4447 enim
2013 4398 2285 4450 Christum
2334 4400 2587 4466 genuisti,
2619 4403 2710 4469 qui
2770 4419 2903 4471 pure
2934 4407 2985 4458 in
3025 4423 3081 4459 se
3116 4408 3384 4462 credenti-

1839 4485 1940 4538 bus
1988 4486 2343 4541 immortalem
2385 4504 2446 4541 ae
2478 4491 2713 4544 divinam
2759 4496 3174 4564 redemptionem
3212 4499 3384 4552 dona-

1838 4577 1933 4631 vit.
1968 4577 2141 4639 llunc,
2176 4593 2207 4631 ο
2239 4580 2606 4645 sanctissima,
2644 4583 2953 4650 deprecare,
2987 4596 3043 4639 ut
3076 4588 3217 4641 servi
3249 4592 3323 4641 tui
3354 4609 3383 4643 a

1836 4663 2072 4733 lapsibus
2098 4667 2407 4721 liberentur.
2688 4672 2693 4677 '

1915 4754 2143 4808 Verbum
2201 4772 2263 4811 ex
2326 4768 2375 4811 te
2430 4760 2789 4828 iucarnatum,
2835 4777 2868 4817 ο
2912 4764 3119 4832 Puella,
3175 4783 3383 4823 uterum

1839 4854 1990 4898 tuum
2020 4863 2125 4901 non
2157 4850 2501 4914 comburens,
2544 4852 2866 4921 virginitatis
2910 4856 3059 4923 signa
3103 4875 3207 4911 non
3238 4876 3387 4912 eom-

1838 4956 2080 5005 movens,
2162 4945 2463 5008 processit,
2520 4945 2767 5013 praebens
2826 4947 3281 5017 incorruptionem
3331 4964 3385 5004 et

1838 5032 2001 5084 vitam
2034 5033 2188 5085 nobis
2233 5036 2644 5089 concinentibus
2689 5054 2699 5087 :
2745 5038 2906 5107 234
2951 5038 3263 5095 Benedictus
3303 5057 3382 5105 es,

1841 5121 1981 5176 Deus
2014 5135 2221 5191 patrum
2255 5136 2581 5179 nostrorum.

1908 5213 1983 5266 Te
2019 5229 2227 5275 urnam,
2261 5215 2558 5269 divinitatis
2590 5231 2785 5269 manna
2821 5221 3182 5272 continentem
3216 5235 3381 5287 agno-

1840 5304 2038 5363 vimus,
2068 5318 2099 5353 o
2120 5302 2304 5355 Puella
2333 5320 2345 5356 :
2372 5314 2422 5357 te
2452 5320 2631 5357 arcam
2657 5315 2709 5358 ct
2744 5323 3005 5369 mensam,
3035 5319 3081 5357 te
3108 5309 3379 5359 lucernam

1840 5404 1901 5443 ac
1941 5394 2191 5442 thronum
2226 5391 2315 5443 Dei
2341 5429 2355 5449 ,
2381 5402 2430 5444 te
2461 5392 2714 5459 palatium
2741 5402 2791 5446 et
2816 5404 3024 5461 pontem
3054 5393 3117 5443 ad
3147 5395 3380 5445 divinam

1842 5481 2003 5531 vitam
2039 5479 2473 5533 tr-ausd‘ucentem
2498 5497 2590 5535 eos
2616 5484 2707 5550 qui
2740 5484 3029 5535 conciuunt
3056 5499 3068 5532 :
3099 5481 3381 5534 Bent-dicat

1839 5570 2014 5621 omnis
2066 5579 2309 5622 creatura
2348 5570 2593 5639 Domino,
2651 5582 2702 5627 et
2752 5572 3109 5640 supercxaltct
3156 5588 3276 5627 eum
3331 5575 3379 5623 in

1842 5661 2018 5712 ouuiia
2048 5660 2263 5712 srecula.

2883 5753 2958 5811 hO
