3948 6304
120 250 266 346 1259

1486 274 1844 336 ΜΑΒΙΑΙΕ.

3190 266 3320 329 12-20
3371 359 3373 363 ρ

120 389 402 456 ἐπείγεται
457 387 517 439 έν
550 385 629 456 τῷ
676 385 945 456 σπηλαίῳ,
1006 383 1182 454 σάρκα
1229 381 1288 448 ἐξ
1339 382 1504 455 αὐτῆς
1553 383 1674 437 καθ’

1805 384 2058 454 pelunca;
2091 385 2182 456 qui
2224 400 2287 440 ex
2319 384 2430 454 ipsa
2463 382 2760 438 secundum
2794 379 3121 435 inclfahilem
3157 381 3327 448 hypo-

120 477 420 532 ὑπόστασιν
474 476 707 546 ἇρῤητον
775 475 1068 545 ὑπερφυῶς
1137 475 1463 545 φορέσαντα,
1530 474 1676 536 ὅπως

121 569 304 641 θιώσῃ
324 568 384 620 τὸ
403 564 768 644 ἀνθρώπινοι,

202 655 496 729 Ῥυόμενος
529 655 654 716 τοὺς
683 652 905 723 βροτοὺς
956 653 984 706 ὁ
1012 651 1300 720 συμπαθὴς
1347 651 1410 703 ὲκ
1439 652 1537 720 τῆς
1579 652 1680 733 dy:

125 747 227 818 νῆς
254 728 492 800 τίκτεται
522 749 578 798 έν
627 745 894 815 Βηθλεὲμ,
931 744 1219 814 σπάργανα
1265 741 1522 812 ’καθάπερ
1579 728 1675 812 νὴὲ

121 853 250 891 πιον
278 837 587 907 δεχόμενος.

201 928 507 999 Παρθενίαν
541 928 677 997 μετὰ
706 927 862 980 τόκον
888 925 1328 995 ὲσφραγισμένην
1352 927 1384 996 ή
1421 924 1684 988 Θεοτόκος

121 1018 413 1087 βλέπουσα,
433 1017 627 1087 θάμϐει
646 1016 984 1085 συσχεθεῖσα,
1011 1034 1027 1066 ι
1047 1014 1266 1082 Τέκνον,
1283 1013 1673 1085 ἁνεκραύγασε,

119 1109 241 1171 πῶς
274 1109 366 1163 νῦν
399 1107 771 1179 σπαργανώσω
796 1123 876 1170 σε,
917 1106 1127 1176 ψάμμῳ
1149 1103 1559 1174 σπαργανοῦντα
1579 1102 1678 1176 τὴν

117 1197 398 1256 θάλασσαν
413 1217 428 1268 ;
469 1217 488 1250 ι

192 1289 393 1359 Θαῢμα
437 1288 829 1357 καινοπρεπέςῑ
875 1289 940 1340 Ἦ
994 1286 1269 1357 Παρθένος
1315 1285 1593 1353 ἐπείγεται
1642 1284 1676 1354 ἠ

120 1381 394 1452 ἄχραντος
435 1383 493 1436 ὲν
543 1379 789 1451 σπηλαίῳ
844 1379 1091 1450 Βηθλεὲμ
1151 1378 1245 1432 τοῦ
1300 1378 1496 1448 κυῆσαι
1548 1377 1679 1430 Θεὸν

121 1472 285 1525 ένανο
295 1475 643 1542 ρωπήσαντα.

197 1563 484 1634 Θάλασσαν
510 1563 905 1634 σπαργανῴνσας
935 1561 1321 1634 ὁμίχλῃβουλή
1331 1577 1458 1629 ματι
1482 1576 1679 1627 κυοφο-

125 1659 307 1728 ρεῖται
329 1657 356 1710 ὁ
381 1655 619 1724 Κτίστης
653 1657 716 1708 ὲκ
748 1654 1021 1725 Παρθένου
1058 1653 1246 1724 κόρης,
1271 1653 1365 1706 καὶ
1393 1652 1678 1721 σπάργανα

119 1751 316 1820 ὥσπερ
346 1748 547 1820 βρέφος
570 1747 923 1817 καταδέχεται
949 1745 1153 1816 κόσμον
1183 1743 1564 1814 λυτρούμενος.

195 1924 394 1992 Χαῖρε,
416 1918 609 1992 χωρίον
629 1919 725 1974 τοῦ
755 1921 1065 1992 ἀχωρήτου,
1091 1920 1534 1993 Μητροπάρθενεο
1563 1919 1684 1973 τοῦ-

120 2029 221 2067 τον
250 2015 358 2083 γὰρ
396 2013 731 2082 σαρκοφόρον
784 2011 997 2080 μέλλεις
1044 2011 1110 2064 δι’
1141 2013 1286 2082 ἡμᾶς
1336 2013 1393 2064 έν
1437 2009 1682 2081 σπηλαίῳ

119 2106 354 2166 τίκτειν,
379 2105 632 2174 ἄχραντε,
658 2101 1130 2173 ἐπανορθούμενον
1173 2103 1281 2156 τῶν
1323 2103 1536 2157 οἰκείων
1567 2119 1682 2172 χει-

124 2196 245 2266 ρῶν
269 2194 330 2247 τὸ
363 2193 710 2264 πλαστούργη
718 2211 814 2262 μα.

199 2285 374 2354 Νίφει
426 2285 524 2354 τὴν
577 2284 830 2338 ἐπίϐασιν
873 2282 1038 2337 αὐτοῦ
1069 2283 1237 2346 τιθεὶς
1293 2284 1320 2337 δ
1349 2283 1550 2352 Κύριος
1596 2283 1684 2336 διὰ

126 2374 366 2444 νεφέλης
418 2374 549 2445 ἡμῖν
584 2362 861 2442 Παρθένου
919 2372 1196 2425 τίκτεσθαι
1241 2372 1480 2442 ἔρχεται,
1533 2375 1681 2436 ὅπως

123 2465 271 2537 λύσῃ
301 2465 406 2519 τῶν
430 2463 616 2534 ψυχῶν
641 2463 798 2533 ήμῶν
819 2478 824 2482 ·
846 2463 941 2533 τῆς
965 2461 1234 2532 ἁμαρτίας
1288 2461 1489 2532 ζοφερά
1524 2463 1681 2533 νέφη.

126 2555 372 2625 βοῶντας
417 2554 566 2624 αύτῷ
592 2571 606 2587 ο
634 2554 937 2622 Εὑλογείτε,
973 2553 1150 2606 πάντα
1185 2551 1256 2606 τὰ
1285 2551 1422 2621 ἔργα
1451 2553 1684 2623 Κυρίου,

121 2649 226 2699 τὸν
253 2643 478 2715 Κύριον.

199 2735 446 2804 Φέρουσα
469 2732 561 2787 τὸν
588 2732 819 2803 φέροντα
849 2733 1044 2799 πάντα,
1077 2731 1212 2802 πρὸς
1246 2731 1497 2802 Βηθλεὲμ
1526 2731 1681 2802 ἔρχῃ,

129 2827 398 2898 Παρθένε,
428 2825 616 2879 τοῦτον
650 2824 745 2879 καὶ
793 2826 1012 2894 κυῆσαι,
1056 2827 1146 2878 καὶ
1195 2825 1369 2896 φάτνῃ
1411 2841 1685 2894 προσαναι-

125 2917 312 2972 κλϊναι
343 2916 596 2982 καθάπερ
622 2915 836 2986 νήπιον,
867 2915 964 2986 τὴν
993 2916 1100 2968 τῶν
1151 2914 1359 2985 βροτῶν
1405 2914 1685 2968 ἀνάκλισιν

126 3005 499 3077 διαφερόντως
529 3005 913 3075 ἐργαζόμενον.

1778 478 1966 542 stasin',
1988 491 2226 539 carnem,
2261 486 2516 543 tanquam
2546 481 2746 527 γεδιειη
2787 486 2948 541 supra
2983 480 3189 523 natura:
3220 483 3334 521 me-

1777 565 1926 629 dum,
1961 566 2184 636 accepit,
2218 575 2277 619 ut
2303 566 2579 620 deilicaret
2611 579 2782 631 genus
2813 555 3130 615 humanum.

1847 656 1915 713 Ut
1939 659 2183 712 homines
2212 659 2483 722 liberaret,
2519 657 2661 713 Deus
2682 657 2768 710 ille
2802 656 3082 725 piissimus
3111 668 3174 706 ex
3207 651 3333 705 Vir-

1777 748 1900 817 gine
1922 760 2068 802 casta
2096 748 2256 818 242
2289 749 2531 818 nascitur
2561 748 2614 800 in
2650 747 2947 808 Bethleem,
2985 753 3036 797 et
3076 753 3331 812 tanquam

1778 839 1959 894 infans
1987 839 2176 907 recipit
2208 837 2427 893 fascias.

1848 929 1983 983 Cum
2011 929 2235 998 Deipara
2269 928 2632 999 virginitatem
2669 941 2822 982 suam
2867 919 2990 996 post
3021 934 3234 995 partum
3264 926 3336 981 si-

1779 1019 2014 1089 gillatam
2067 1021 2291 1083 videret,
2335 1030 2558 1088 stupore
2601 1026 2873 1086 correpta,
2926 1017 3238 1072 clamabat:
3290 1020 3332 1070 υ

1778 1110 1900 1176 Fili,
1949 1111 2220 1179 quomodo
2267 1125 2412 1165 nunc
2457 1109 2641 1166 fasciis
2686 1119 2736 1165 te
2766 1109 3060 1175 involvam,
3093 1109 3187 1178 qui
3217 1118 3335 1164 tan-

1777 1219 1938 1273 quam
1973 1205 2176 1270 fasciis,
2200 1205 2382 1258 arenis
2397 1218 2546 1258 mare
2581 1201 2926 1258 circumdas?

1847 1294 1891 1350 0
1946 1310 2143 1350 novum
2194 1295 2549 1361 tnjraculum!
2606 1293 2771 1362 Virgo
2824 1291 3083 1346 inviolata
3119 1288 3339 1346 festinat

1779 1398 1966 1454 parere
1995 1384 2048 1438 in
2078 1386 2335 1454 spelunca
2380 1383 2781 1440 Bethleemitica
2836 1382 3003 1437 Deum
3055 1382 3330 1454 hominem

1726 1506 1729 1507 ν
1779 1473 2003 1529 factum.

1849 1561 1954 1627 Qui
1999 1573 2131 1618 nutu
2179 1563 2476 1618 voluntatis
2508 1578 2620 1618 sua:
2650 1576 2819 1626 mare,
2849 1570 3112 1632 tanquam
3146 1559 3336 1624 fascia,

1781 1655 1974 1709 nebula
2021 1654 2347 1719 circumdat,
2399 1670 2523 1709 cum
2567 1656 2637 1710 sit
2675 1654 2937 1718 Creator,
2993 1653 3232 1708 nascitur
3272 1667 3338 1706 ex

1707 1718 1750 1773 Β
1787 1742 2002 1813 Virgine
2042 1745 2238 1814 puella,
2289 1754 2344 1799 et
2374 1743 2572 1800 fascias
2615 1753 2869 1812 tanquam
2913 1742 3092 1797 inlans
3126 1739 3337 1811 recipit,

1783 1842 1841 1888 ut
1876 1834 2110 1888 redimat
2131 1834 2412 1888 mundum.

1854 1926 2035 1989 Salve,
2066 1940 2100 1980 ο
2135 1923 2300 1995 Virgo
2331 1923 2522 1986 Mater,
2555 1923 2953 1992 receptaculum
2979 1921 3146 1984 illius,
3176 1935 3336 1990 quem

1784 2015 1916 2069 nihil
1948 2027 2142 2083 capere
2182 2021 2382 2082 potest.
2430 2010 2587 2065 llunc
2629 2019 2707 2075 tu,
2741 2025 2774 2066 ο
2807 2008 3085 2073 inviolata,
3127 2009 3180 2062 ln
3215 2020 3340 2078 spe-

1780 2104 1940 2159 lunca
1987 2103 2226 2173 paritura
2271 2117 2330 2158 es
2373 2102 2711 2156 incarn‘atum
2745 2109 2965 2170 propter
3002 2113 3122 2164 nos,
3158 2107 3216 2153 ut
3253 2113 3341 2154 τε·-

1782 2203 1988 2252 atauret
2016 2208 2155 2264 Opus
2179 2206 2437 2248 manuum
2464 2205 2714 2247 suarum.

1853 2285 2129 2344 Dominus.
2158 2284 2251 2353 qui
2280 2283 2428 2353 ponit
2458 2282 2664 2338 nubem
2702 2296 2994 2337 ascensum
3029 2295 3211 2345 suum,
3245 2294 3345 2350 per

1782 2377 1982 2432 nubem
2014 2375 2250 2446 Virginis
2280 2374 2427 2430 venit
2457 2373 2525 2429 ad
2561 2389 2658 2429 nos
2702 2374 3015 2429 nasciturus
3042 2387 3108 2426 ex
3142 2372 3249 2438 illa,
3285 2381 3343 2426 ut

1783 2468 2202 2524 obscurissimas
2247 2467 2451 2535 peccati
2489 2467 2657 2520 nubes
2689 2465 2994 2520 animarum
3025 2465 3338 2520 nostrarum

1785 2558 2034 2629 dissipet,
2067 2558 2196 2612 dum
2228 2558 2403 2614 eidem
2435 2557 2764 2613 clamamus:
2797 2555 3128 2622 Benedicite,
3156 2556 3339 2610 omnia

1785 2665 1948 2721 Opera
1974 2650 2212 2713 Domini,
2249 2649 2561 2711 Dominum,
2586 2657 2694 2705 etc.
3169 2637 3172 2639 ’

1855 2741 2057 2796 Ferens
2096 2740 2359 2796 ferentem
2405 2741 2610 2806 omnia,
2669 2741 2736 2797 ad
2776 2729 3050 2796 Bethleem
3092 2740 3264 2804 venis,
3311 2753 3343 2792 ο

1787 2833 1970 2902 Virgo,
2004 2833 2077 2887 ibi
2118 2832 2366 2887 eumdem
2398 2833 2659 2901 paritura,
2695 2839 2748 2886 ct
2787 2841 3043 2901 tanquam
3079 2829 3339 2885 infantem

1787 2925 2139 2988 reclinatura,
2181 2932 2241 2978 ιιι
2274 2922 2555 2978 hominum
2588 2924 2990 2980 revocationem
3024 2922 3344 2978 mirabiliter

1711 3034 1758 3095 ε
1786 3025 2060 3086 operetur.

139 3101 248 3153 Ἐκ
278 3097 383 3151 τοῦ
421 3098 678 3186 καξρνος
723 3096 950 3186 ειςιτὴν
976 3096 1168 3186 ,μγ-ίαν
1195 3095 1682 3186 μεγαλομᾰρτυρα

1803 3106 1872 3159 Ex
1911 3122 2110 3161 canone
2137 3105 2334 3175 duplici
2377 3108 2432 3160 in
2478 3103 2698 3186 (astas.
2735 3104 3030 3161 Anastasia:
3070 3103 3342 3174 martyris,

512 3165 926 3231 Ἆναστασίαν,
977 3164 1162 3234 ἡμέρᾳ
1208 3182 1241 3217 κ
1247 3164 1314 3236 β’.

201 3271 479 3342 Πτωχεύει
505 3273 532 3325 ὁ
564 3271 813 3334 πλούσιος
845 3269 911 3325 δι’
950 3271 1348 3341 εὐσπλαγχνίαν
1379 3273 1441 3324 έκ
1477 3272 1687 3340 Παρθέ-

124 3381 226 3418 νου
283 3365 618 3432 τικτόμενοςο
679 3362 858 3431 Μάγοι
918 3364 1328 3434 εὐτρεπίζονται
1392 3363 1687 3417 ’Δνατολῶν

128 3450 378 3522 βασιλεῖς
405 3451 591 3505 τοῦτον
617 3451 913 3505 θεάσασθαι
934 3451 1161 3518 πιστῶς,
1190 3453 1284 3506 καὶ
1314 3453 1686 3522 προσκυνῆσαι

128 3542 301 3612 σαρκί
308 3580 322 3594 .
678 3538 680 3540 ’

204 3631 385 3703 Ὠφθη
444 3633 474 3687 δ
531 3631 758 3704 ἀόρατος
835 3631 964 3694 Θεὸς
1020 3631 1313 3701 ὑπερφυῶς
1349 3632 1684 3702 τικτόμενος,

123 3723 198 3778 δι’
261 3722 660 3792 εὐσπλαγχνίαν
722 3721 920 3790 πολλὴν
973 3724 1037 3774 ὲκ
1075 3721 1190 3786 σοῦ,
1242 3713 1683 3792 Παρθενομῆτορ,

131 3813 460 3884 πτωχεύσας
488 3817 516 3868 ὁ
537 3813 809 3876 πλούσιος,
837 3813 986 3887 ὅπως
1016 3813 1312 3866 ἀθανασίαν
1340 3812 1447 3867 τῶν
1472 3814 1685 3882 ἀνθρώ-

130 3920 252 3977 πων
289 3902 351 3958 τὸ
389 3901 543 3965 γένος
572 3901 869 3974 πλουτήσῃ.

203 4072 371 4142 Οὗτος
413 4079 566 4147 μόνος
595 4078 624 4129 ὁ
680 4078 811 4139 Θεὸς
841 4077 1014 4146 ἡμῶν,
1045 4081 1072 4130 ὁ
1127 4080 1190 4130 ὲκ
1241 4078 1360 4142 σοῦ,
1421 4079 1682 4150 Παρθένε,

130 4169 316 4238 σάρκα
350 4169 486 4238 ὑπὲρ
521 4167 679 4235 λόγον
735 4166 948 4236 ἀληθῶς
1005 4166 1263 4236 φορέσας,
1323 4169 1576 4238 τεχθῆναι
1628 4171 1686 4222 ὲν

129 4257 386 4326 σπηλαίῳ
433 4257 728 4323 ἐπείγεται,
769 4256 914 4318 ὅπως
952 4274 1054 4329 με,
1087 4252 1233 4309 οἶκον
1268 4259 1551 4328 γενόμενον
1595 4260 1686 4332 λῃ-

129 4351 299 4412 στῶν,
331 4349 478 4420 δείξῃ
509 4349 632 4400 ναὸν
661 4347 752 4400 τοῦ
789 4346 932 4399 θείου
964 4338 1296 4417 Πνεύματος.

217 4440 586 4509 ’Δπειρόγαμε
612 4439 784 4507 Κόρη,
813 4438 904 4490 τὸν
934 4439 998 4508 τῇ
1022 4439 1165 4508 χειρὶ
1195 4441 1426 4510 φέροντα
1466 4442 1683 4494 ἃπασαν

125 4531 232 4599 τὴν
259 4528 456 4592 κτίσιν,
509 4530 565 4580 έν
598 4528 780 4597 μήτρᾳ
828 4528 1009 4596 φέρεις
1056 4530 1444 4598 σαρκούμενον,
1500 4530 1556 4581 ὃν
1591 4531 1684 4583 καὶ

126 4619 448 4687 τικτόμενον
480 4619 781 4680 ἀνακλινεῖς
815 4619 871 4670 ὲν
896 4622 960 4688 τῇ
987 4620 1160 4690 φάτνῃ
1193 4620 1387 4690 βρέφος
1439 4620 1682 4690 καθορώ-

131 4724 300 4778 μενον
324 4708 414 4761 τὸν
441 4709 781 4776 προαιώνιον.

218 4798 431 4866 Ῥήσεις
457 4797 554 4868 ήδη
592 4798 974 4866 πεπλήρωνται
1005 4799 1109 4850 τῶν
1153 4797 1597 4867 προφητευόντων
1625 4802 1680 4852 ὲν

125 4887 264 4958 θείῳ
292 4889 564 4957 Πνεύματι
591 4903 605 4918 ⁸
632 4888 664 4956 ὴ
693 4888 960 4957 Παρθένος
981 4888 1088 4958 γὰρ
1133 4889 1408 4955 ἐπείγεται
1439 4891 1494 4941 ὲν
1548 4907 1684 4960 σπη-

124 4979 271 5047 λαίῳ
303 4978 506 5030 τίκτειν
531 4978 620 5030 τὸν
649 4979 974 5030 παντέλειον,

205 5068 547 5137 Σαρκοφόρος
577 5068 899 5138 προέρχεται
929 5071 991 5121 ὲκ
1018 5069 1114 5137 σῆς
1139 5071 1450 5140 φωτοφόρου
1472 5071 1682 5141 νηδύος,

124 5162 397 5229 ἄχραντε,
432 5160 688 5222 Βασιλεὺς
713 5161 738 5212 ὁ
767 5161 1103 5230 ἐπουράνιος,
1135 5161 1206 5223 ὠς
1234 5163 1290 5212 ὲν
1316 5162 1486 5232 θρόνῳ
1511 5165 1685 5236 φάτνῃ

125 5248 427 5320 προσκλινό
436 5267 610 5318 μενος.

205 5339 319 5393 Νῦν
353 5335 513 5409 ἦλθεν
548 5342 627 5401 είς
655 5340 719 5393 τὰ
752 5341 875 5407 ἴδια,
907 5344 962 5393 ὲν
989 5342 1123 5411 ξένῳ
1160 5342 1362 5410 τοκετῷ
1398 5342 1566 5408 Λόγος
1589 5343 1682 5396 τοῦ

128 5429 352 5499 Ματρὸς
410 5431 826 5500 σωματούμενος
880 5435 941 5500 ὲκ
983 5435 1078 5502 τῆς
1112 5434 1405 5505 Παρθένου,
1466 5435 1556 5487 καὶ
1610 5434 1684 5497 ὡς

125 5523 328 5592 νήπιον
371 5522 562 5593 ὁρᾶται
593 5523 650 5574 ὲν
675 5523 919 5597 σπηλαίῳ
952 5525 1017 5578 δι’
1047 5527 1220 5595 ἄκραν
1256 5525 1678 5596 εὐσπλαγχνίαν.

2463 3177 2548 3229 die
2579 3174 2670 3228 Ἡ.

1857 3284 2126 3350 Mendicat
2164 3285 2252 3339 ille
2289 3283 2384 3352 qui
2417 3284 2567 3340 dives
2597 3291 2699 3349 est,
2725 3290 2947 3352 propter
2981 3263 3138 3337 su'am
3177 3281 3350 3337 miscn

1787 3375 2076 3430 ricorJiam
2123 3374 2399 3444 eVirgine
2440 3382 2636 3429 natus:
2674 3388 2825 3442 reges
2864 3371 3000 3443 Magi
3042 3371 3359 3428 discessum

1790 3477 2094 3537 praeparant
2131 3467 2201 3521 ab
2263 3467 2502 3530 Oriente,
2535 3476 2596 3521 ut
2630 3465 2780 3520 illum
2819 3465 3132 3520 intueantur
3169 3464 3348 3518 incar«

1789 3565 1997 3622 natum,
2031 3567 2082 3611 et
2105 3558 2334 3612 lideliter
2367 3558 2614 3612 adorent.

1856 3645 2122 3716 Apparuit
2157 3645 2298 3701 Deus
2333 3646 2426 3715 qui
2456 3655 2572 3701 erat
2601 3645 2915 3711 invisibilis,
2953 3660 3117 3716 supra
3149 3645 3344 3699 huma-

1788 3751 1917 3790 num
1953 3751 2154 3790 morem
2193 3747 2351 3792 natus
2390 3752 2458 3791 ex
2488 3747 2561 3800 te,
2609 3752 2641 3792 ο
2695 3737 2858 3807 Virgo
2905 3737 3094 3802 Mater,
3129 3746 3346 3806 propter

1789 3829 2013 3882 multam
2046 3828 2474 3883 misericordiam
2514 3829 2672 3898 2&3
2704 3843 2879 3891 suam,
2916 3844 3120 3898 panper
3166 3829 3341 3883 factus

1787 3911 1879 3979 qui
1914 3921 2030 3966 erat
2059 3912 2232 3978 dives,
2283 3921 2344 3968 ut
2378 3915 2785 3969 immortalitate
2836 3915 3133 3971 humanum
3173 3932 3342 3987 genus

1786 4000 1996 4055 ditaret.
2067 4047 2069 4049 ,

1858 4089 1956 4146 Hic
1998 4092 2149 4147 solus
2183 4091 2330 4147 Deus
2359 4100 2563 4158 noster,
2598 4095 2692 4164 qui
2721 4108 2788 4149 ex
2826 4103 2894 4158 te,
2929 4110 2962 4149 ο
2995 4093 3175 4165 Virgo,
3218 4110 3341 4149 vera

1786 4199 1950 4238 carne
1978 4183 2318 4238 ineﬂ‘ahiliter
2357 4183 2602 4248 indutus,
2636 4185 2690 4237 in
2722 4184 2976 4256 spelunca
3007 4185 3157 4240 nasci
3193 4185 3341 4240 festi.

1788 4284 1899 4338 nat,
1927 4283 1983 4327 ut
2007 4288 2112 4337 me,
2143 4274 2454 4342 Speluncam
2482 4274 2751 4328 latronum
2776 4273 3052 4335 effectum,
3083 4276 3342 4346 templum

1716 4352 1757 4404 Ι)
1787 4367 1953 4437 divini
1981 4366 2214 4435 Spiritus
2240 4366 2456 4420 elliciat.
2533 4407 2536 4409 Α

1857 4456 1900 4510 0
1935 4456 2108 4525 puella
2144 4455 2244 4509 viri
2296 4455 2500 4517 nescia,
2537 4455 2646 4510 fers
2696 4457 3037 4510 incarnatum
3091 4457 3144 4511 in
3189 4466 3342 4512 utero

1788 4556 1880 4609 tuo
1933 4547 2081 4599 illum
2135 4544 2225 4612 qui
2293 4543 2597 4597 universam
2654 4543 2756 4596 fert
2804 4553 3139 4610 creaturam;
3179 4560 3339 4613 quem

1787 4637 1949 4689 etiam
1982 4651 2046 4687 ex
2090 4647 2139 4688 te
2174 4642 2360 4686 natum
2394 4633 2447 4687 in
2481 4632 2755 4702 praesepio
2783 4634 3040 4701 reclinas;
3084 4643 3136 4690 et
3167 4635 3343 4690 cerni-

1789 4738 1874 4781 tur
1905 4737 1962 4781 ut
1997 4726 2200 4797 infans,
2237 4725 2323 4778 ille
2354 4724 2446 4792 qui
2481 4735 2564 4779 est
2598 4737 2721 4779 ante
2747 4728 2963 4779 saecula.

1853 4818 1970 4872 Jatn
2005 4817 2268 4886 completa
2303 4824 2428 4869 sunt
2461 4817 2623 4870 verba
2653 4832 2863 4882 eorum,
2901 4817 2992 4886 qui
3045 4818 3096 4872 in
3134 4818 3340 4888 Spiritu

1787 4917 1974 4961 sancto
2009 4901 2506 4976 prophetaverunt:
2554 4904 2718 4976 Virgo
2766 4907 2910 4960 enim
2946 4907 3210 4961 accelerat
3251 4923 3343 4977 pa-

1789 5014 1906 5052 rere
1937 4999 1987 5051 in
2021 4999 2273 5066 spelunca
2304 4996 2763 5065 perfectissimum
2799 4997 2992 5053 Deum.

1859 5090 1929 5143 Ex
1973 5098 2126 5143 utero
2168 5096 2260 5142 tuo
2301 5086 2524 5142 lucifero
2570 5088 2814 5157 procedit
2867 5094 3177 5143 lncarnatus
3225 5088 3336 5142 ilex

1789 5182 2042 5244 caelestis,
2083 5197 2114 5233 ο
2157 5180 2437 5244 inviolata,
2487 5179 2622 5233 etin
2674 5180 2932 5250 prmsepio
2977 5188 3232 5247 tanquam
3285 5179 3338 5231 in

1788 5272 1984 5325 throno
2016 5271 2331 5324 reclinatttt'.

1857 5359 2010 5414 Nunc
2035 5360 2086 5412 in
2112 5360 2327 5428 propria
2355 5369 2499 5413 vemt
2521 5374 2660 5413 novo
2691 5369 2844 5429 partu
2869 5361 3068 5414 editum
3099 5355 3332 5410 Verbum

1785 5444 1962 5499 Patris
1998 5445 2334 5498 incarnatunt
2384 5459 2448 5498 ex
2483 5447 2731 5515 Virgine;
2768 5457 2821 5501 ct
2864 5458 3114 5512 tanquam
3157 5444 3335 5499 infans

1787 5537 2023 5589 cernitur
2065 5536 2117 5588 in
2156 5537 2413 5605 spelunca
2461 5550 2677 5608 propter
2720 5551 2984 5594 summam
3023 5535 3333 5591 miscricor-

1787 5625 1925 5678 tliatn
1956 5639 2126 5680 suam.
2195 5661 2204 5673 .
