3948 6304
378 204 520 266 ίΞἾῦη

1496 216 1556 275 8.
1596 217 1902 276 JOSEPI—II
1944 216 2500 276 IIYMNOGRAPHI

3447 214 3467 277 i
3480 218 3580 279 280

439 317 655 371 Naturae
686 317 826 385 leges
849 318 902 372 in
933 327 983 372 te
1010 319 1365 376 innovantur:
1399 336 1519 374 nam
1557 323 1919 392 legislatorem

2098 323 2269 390 Νόμοι
2309 325 2364 374 ὲν
2393 322 2474 374 σοὶ
2510 323 2722 389 φύσεως
2760 321 3109 384 καινῑζονται.
3159 324 3263 376 Τὸν
3303 325 3589 396 νομοδότην

368 411 670 471 Christum,
705 409 910 478 legibus
961 413 1266 465 carnalibus
1313 413 1533 466 minime
1565 416 1796 468 obnoxia
1834 431 1896 483 pe

378 501 579 568 peristi,
613 516 644 553 0
673 501 1116 554 innocentissitna
1151 502 1227 570 (4)
1261 521 1274 556 :
1308 504 1480 568 illum,
1541 507 1783 573 inquam,
1830 505 1920 572 qui

380 591 757 657 redemptionis
793 591 932 657 leges
965 593 1414 647 sancitomnibus
1447 595 1532 657 iis,
1559 597 1650 663 qui
1675 604 1877 648 canunt
1910 613 1923 648 :

373 678 684 735 Laudabilis
716 691 767 733 et
791 681 1250 749 super-gloriosus,
1287 684 1429 737 Deus
1467 696 1677 754 patrum
1710 695 1926 740 nostro-

380 787 515 833 rum,
547 780 650 822 etc.

438 864 613 916 Sacra:
661 866 1043 932 prophetarum
1095 883 1255 922 voces
1305 870 1477 921 multo
1516 879 1640 922 ante
1684 880 1928 938 tempore

377 954 873 1021 iii-:enuntiaverunt
900 967 952 1010 te
987 956 1226 1012 futuram
1277 975 1398 1013 esse
1430 959 1651 1012 Matrem
1688 960 1798 1026 Dei,
1833 962 1923 1028 qui

377 1044 622 1095 universa
657 1046 888 1110 ereavit,
918 1047 1006 1100 cui
1045 1049 1312 1110 canimus,
1351 1062 1384 1099 0
1415 1047 1761 1101 immaculata
1790 1050 1866 1117 (5)
1911 1067 1924 1102 :

380 1134 700 1196 lienedicite.
725 1146 830 1191 etc.

444 1223 593 1278 Illum
625 1225 757 1288 fere,
782 1228 872 1295 qui
904 1228 1005 1282 fert
1032 1231 1284 1284 universa
1321 1247 1334 1282 :
1378 1231 1526 1284 illum
1561 1231 1696 1285 lacte
1729 1241 1924 1300 nutris,

379 1315 467 1377 qui
511 1319 722 1371 cunctis
769 1320 948 1372 cibum
999 1322 1352 1388 suppeditat:
1386 1338 1638 1391 magnum
1699 1335 1924 1377 tremen-

374 1407 611 1476 dumque
643 1411 979 1478 mysterium,
1021 1411 1165 1479 quod
1208 1413 1534 1467 intellectum
1585 1425 1734 1468 tuum
1767 1430 1926 1468 exce-

375 1497 474 1559 dit,
506 1515 538 1552 0
571 1515 696 1552 arca
729 1503 1052 1556 venerandze
1087 1505 1549 1568 sanctiﬁcationis,
1600 1503 1764 1572 Virgo
1806 1505 1929 1559 Dei-

379 1604 505 1656 para
539 1607 552 1643 :
585 1592 940 1658 quamobrem
967 1602 1016 1646 te
1049 1610 1168 1647 cum
1196 1593 1296 1648 ﬁde
1331 1595 1538 1648 beatam
1573 1597 1905 1664 appellamus

625 1698 704 1752 Ea:
731 1716 926 1754 canone
953 1702 1096 1769 feriw
1121 1718 1202 1767 ιιι,
1234 1703 1300 1755 ad
1341 1702 1687 1758 Matutinum.

446 1857 730 1928 Tanquam
774 1860 1002 1915 thronus
1035 1862 1225 1930 igneus
1274 1861 1381 1916 fers
1420 1863 1732 1917 Creatorem
1767 1880 1779 1914 :
1817 1870 1966 1916 tan-_

383 1967 548 2016 quam
581 1951 856 2006 animatus
905 1953 1201 2015 thalamus,
1253 1969 1313 2008 ac
1340 1955 1637 2021 jucundum
1678 1954 1932 2022 palatium

381 2040 580 2110 ltegi-m
641 2044 894 2096 contines
941 2043 1141 2096 factum
1189 2044 1417 2098 similem
1471 2045 1646 2110 nobis,
1688 2045 1781 2098 sed
1819 2045 1936 2098 sine

381 2135 682 2186 mutatione
735 2144 827 2186 aut
866 2135 1270 2202 perturbatione
1288 2136 1369 2188 sui
1410 2136 1600 2204 ipsius.

440 2221 485 2275 0
515 2222 861 2276 sanctissima
894 2225 1140 2287 Domina,
1160 2241 1279 2291 qum
1300 2225 1412 2280 sola
1443 2223 1632 2277 Filium
1665 2234 1934 2278 carentem

381 2322 621 2381 tempore
649 2315 701 2366 in
746 2320 988 2381 tempore
1020 2315 1358 2368 incarnatum
1411 2301 1683 2384 peperisti,
1724 2317 1939 2370 medere

380 2402 633 2455 omnibus
675 2403 1017 2469 passionibus
1078 2404 1398 2457 miserrima:
1448 2405 1642 2457 animae
1701 2421 1832 2459 mea:
1873 2420 1938 2460 ex

383 2495 641 2546 diuturno
673 2503 911 2562 tempore
933 2495 1248 2548 contractis.

448 2584 600 2637 Illum
637 2585 802 2653 paris,
839 2602 997 2652 quem
1029 2586 1186 2640 Pater
1219 2588 1407 2655 genuit
1455 2597 1579 2642 aute
1617 2589 1798 2643 omnia
1835 2605 1939 2642 sa:-

385 2675 505 2727 Cula
539 2692 551 2727 :
580 2676 755 2734 nutris
787 2678 1101 2731 tnttritorem
1126 2716 1141 2740 ,
1182 2679 1328 2731 nulla
1368 2680 1536 2734 virilis
1555 2683 1759 2749 copulae
1798 2680 1938 2734 facta

382 2767 735 2832 experientia.
797 2767 1112 2822 Miraculum
1173 2771 1537 2838 paradoxum!
1620 2773 1937 2841 mysterium

383 2859 620 2912 novum!
659 2868 942 2927 propterea
975 2876 1165 2916 onmes
1225 2862 1461 2916 ﬁdelium
1509 2864 1702 2917 animae
1738 2876 1788 2917 te
1819 2865 1938 2934 glo-

383 2946 615 3011 riﬁcant,
646 2965 678 3002 o
711 2948 818 3004 Deo
850 2952 1188 3006 charissima.

391 3103 395 3107 _
444 3035 638 3092 Totum
681 3041 872 3104 Adam,
899 3051 1155 3105 tanquam
1206 3051 1428 3107 vestem,
1470 3047 1767 3114 assumpsit
1812 3047 1939 3100 Ver-

386 3130 533 3194 bum,
593 3146 656 3184 ex
690 3139 761 3194 te,
792 3147 824 3186 o
858 3132 1103 3201 Deipara,
1137 3143 1306 3186 totum
1336 3150 1499 3189 carne
1532 3137 1789 3190 amictum
1821 3154 1940 3204 pro-

384 3223 601 3276 cedens.
637 3221 818 3292 lpsum
841 3240 987 3291 ergo,
1023 3241 1055 3278 0
1094 3225 1340 3294 Deipara,
1397 3228 1710 3295 suppliciter
1749 3245 1936 3292 exora,

385 3323 444 3366 ut
476 3313 544 3366 ab
572 3315 718 3367 omni
753 3317 1111 3370 tentationum
1160 3331 1354 3384 genere
1385 3326 1438 3370 et
1466 3319 1533 3371 ab
1570 3318 1689 3388 igne
1739 3330 1941 3375 aeterno

388 3417 489 3455 nos
517 3403 732 3470 eripiat.

457 3491 618 3560 250
646 3494 878 3564 Stupore
902 3498 1165 3565 perculsa:
1180 3508 1360 3555 mente
1390 3509 1742 3556 excesserunt
1771 3517 1939 3573 ange-

386 3580 565 3635 lorum
638 3583 898 3653 legiones.
953 3586 1224 3642 intuentes
1273 3591 1547 3658 quomodo
1585 3591 1674 3646 ille
1723 3592 1815 3660 qui
1859 3603 1942 3645 est

387 3673 694 3739 invisibilis,
731 3675 782 3729 in
826 3677 1059 3732 humana
1097 3679 1268 3734 forma
1313 3697 1378 3735 ex
1411 3692 1461 3736 te
1492 3694 1768 3752 assumpta
1803 3684 1939 3737 visi-

388 3764 513 3818 bilis
549 3775 874 3833 appareret:
928 3783 1086 3834 quem
1138 3781 1214 3830 tu,
1259 3785 1292 3822 0
1328 3769 1491 3841 Virgo
1525 3770 1616 3825 Dei
1667 3771 1935 3835 Genitrix,

389 3857 613 3924 supplex
645 3872 886 3924 precare,
928 3868 983 3911 ut
1013 3875 1200 3914 omnes
1251 3863 1343 3929 qui
1396 3873 1447 3916 te
1490 3863 1716 3917 ﬁdeliter
1737 3863 1939 3932 gloriﬁ-

389 3955 516 4000 cant
546 3949 721 4001 salute
756 3949 949 4016 dignos
978 3950 1190 4004 efficiat.

459 4038 740 4106 Templum
773 4041 1168 4095 sanetilicatum
1199 4041 1312 4105 Dei,
1345 4044 1434 4111 qui
1468 4045 1520 4096 in
1559 4052 1609 4098 te
1649 4044 1934 4110 habitavit,

390 4129 552 4181 modo
586 4129 863 4194 ineffabili,
898 4131 1036 4184 facta
1068 4148 1146 4195 es,
1171 4149 1203 4184 ο
1229 4131 1408 4202 Virgo.
1443 4133 1702 4187 Eumdcm
1749 4136 1940 4204 depre-

389 4236 536 4283 care,
569 4231 626 4274 ut
659 4237 760 4276 nos
800 4238 830 4275 a
875 4234 1220 4289 peccatorum
1259 4225 1509 4278 sordibus
1559 4225 1836 4291 emundet,
1885 4235 1941 4278 ut

1967 2996 2007 3051 C

2033 413 2138 482 γὰρ
2171 413 2400 481 Χριστὸν
2418 414 2537 482 δίχα
2562 414 2740 483 νόμων
2769 415 2876 466 τῶν
2896 414 3172 483 σαρκικῶν
3202 415 3422 478 τίκτεις,
3453 435 3586 468 παν-

2032 503 2320 572 αμώμητε,
2371 506 2534 556 πᾶσιν
2590 505 2963 573 ἀπολύτρωσιν
3022 505 3412 572 νομοθετοῦντα
3480 509 3590 569 τοῖς

2037 595 2328 662 μέλπουσιν
2349 611 2362 623 ’
2399 595 2457 648 'O
2484 598 2690 659 αἰνετός
2723 596 2830 648 τῶν
2858 595 3108 664 πατέρων
3146 596 3273 658 Θεὸς
3297 597 3391 649 καὶ
3424 598 3586 667 ὑπερ-

2034 681 2259 746 ένδοξος.

2115 860 2280 928 ’ῐεραί
2307 879 2365 913 σε
2396 849 2676 931 πόρρωθεν
2712 863 2882 929 φωναὶ
2914 863 3235 932 γενήσεσθαι
3263 865 3470 936 μητέρα
3496 868 3587 920 τοῦ

1993 1003 1999 1010 ,
2038 949 2215 1027 πᾴντα
2263 951 2645 1020 ὲκτειναμὲνου
2685 950 3157 1032 προκατήγγειλαν
3200 953 3359 1033 Θεοῦ,
3389 947 3433 1022 ᾧ
3464 955 3588 1022 μέ).-

2035 1057 2229 1109 πομεν,
2259 1039 2529 1110 ἄχραντε⁴
2565 1041 2919 1107 Εὑλογεῖτε...

2103 1223 2292 1292 Φέρεις
2328 1223 2416 1276 τὸν
2464 1223 2532 1275 τὰ
2579 1225 2753 1276 πάντα
2792 1224 3024 1292 φέροντα
3062 1225 3154 1276 καὶ
3186 1225 3471 1296 γαλουχεῖς
3502 1228 3591 1280 τὸν

2019 1301 2168 1365 ’πᾶσι
2202 1315 2407 1382 τροφὴν
2433 1315 2761 1382 παρέχοντα,
2803 1315 2944 1383 μέγα
2983 1317 3074 1368 καὶ
3103 1318 3329 1384 φρικτὸν
3361 1319 3420 1370 τὸ
3452 1319 3588 1388 ὑπὲρ

2034 1402 2158 1455 νοῦν
2188 1421 2281 1455 σου
2317 1405 2633 1472 μυστήριον,
2669 1406 2863 1457 κιόωτὲ
2889 1405 2980 1457 τοῦ
3011 1406 3208 1460 σεπτοῦ
3233 1411 3590 1478 ἁγιάσματος,

2035 1493 2273 1564 Παρθένε
2299 1494 2546 1559 Θεοτόκε,
2568 1495 2689 1547 ὅθεν
2717 1513 2773 1548 σε
2803 1497 2981 1548 πίστει
3010 1499 3406 1568 μακαρίζομεν.

1962 1675 2003 1730 Β
2047 1697 2139 1753 Ἐκ
2187 1694 2292 1748 τοῦ
2345 1694 2564 1750 διπλοῦ
2627 1698 2880 1761 κανόνος
2937 1695 3043 1764 τῆς
3093 1698 3294 1766 τρίτης
3333 1702 3428 1763 ἐις
3486 1701 3593 1754 τὸν

2666 1768 2934 1835 Ὀρθρον.

2112 1857 2200 1918 Ὠς
2234 1856 2420 1926 θρόνος
2446 1856 2787 1926 πυρῑμορφος
2832 1859 3024 1925 φέρεις
3080 1858 3170 1911 τὸν
3221 1853 3476 1929 κτίστην,
3520 1861 3594 1922 ὡς

2037 1943 2278 2013 ἔμψυχος
2310 1945 2548 2014 θάλαμος
2579 1944 2673 1997 καὶ
2715 1946 2943 2012 τερπνὸν
2969 1948 3224 2000 παλάτιον
3257 1949 3347 2002 τὸν
3371 1949 3593 2020 βασιλέα.

2036 2039 2256 2106 χωρεῖς,
2315 2037 2604 2106 γενόμενον
2659 2037 2791 2106 ὅπερ
2831 2037 3014 2107 ἐσμὲν,
3070 2040 3190 2110 δίχα
3241 2040 3450 2110 τροπῆς
3500 2041 3595 2093 καὶ

2039 2125 2277 2194 φορμοῦ.
2903 2158 2905 2160 -

2129 2215 2191 2265 Ἠ
2241 2213 2372 2284 μόνη
2431 2213 2521 2267 τὸν
2571 2213 2797 2282 ἄχρονον
2851 2215 2980 2267 Υἱὸν
3033 2220 3088 2270 ὲν
3133 2218 3308 2289 χρόνῳ
3363 2219 3594 2272 τεκοῦσα

2042 2304 2428 2373 σαρκούμενον,
2469 2305 2706 2369 παναγία
2741 2306 3027 2367 Δέσποινα,
3071 2309 3244 2360 πάντα
3290 2311 3359 2361 τὲ
3399 2314 3587 2380 χρόνια

2038 2399 2137 2466 τῆς
2163 2396 2462 2458 παναθλίας
2489 2413 2589 2465 μου
2615 2395 2789 2466 ψυχῆς
2821 2397 2967 2466 πάθη
3005 2399 3359 2468 Θεράπευσον.

2110 2581 2325 2642 Τίκτεις
2359 2580 2416 2632 ὃν
2450 2579 2638 2650 Πατὴρ
2677 2582 2933 2650 ἐγέννησε
2967 2581 3185 2636 πάντων
3225 2585 3328 2652 πρὸ
3361 2586 3592 2651 αἰώνων,

2037 2673 2254 2742 τρέφεις
2281 2674 2372 2724 τὸν
2395 2673 2620 2741 τροφέα,
2654 2676 2844 2742 πεῖραν
2879 2673 3066 2743 ἀνδρὸς
3101 2674 3175 2743 μὴ
3213 2675 3433 2742 γνοῦσα,
3489 2694 3597 2729 πα-

2043 2764 2260 2833 ράδοξον
2295 2763 2355 2816 τὸ
2398 2763 2604 2832 Θιῦμα,
2651 2765 2839 2816 καινὸν
2878 2764 2938 2815 τὸ
2989 2766 3306 2834 μυστήριον,
3349 2765 3597 2836 θεοχαρε-

2040 2872 2174 2907 τωτε
2203 2871 2216 2886 ο
2244 2855 2324 2908 διὸ
2347 2857 2496 2909 πᾶσα
2531 2855 2734 2908 πιστῶν
2753 2855 2896 2924 ψυχὴ
2925 2855 3136 2922 δοξάζει
3164 2873 3241 2909 σε.

2115 3038 2274 3094 Ὀλον
2306 3041 2397 3094 τὸν
2439 3041 2611 3110 ’Δδὰμ
2644 3041 2902 3111 ἐφόρεσεν
2939 3043 3000 3093 ἐκ
3039 3040 3156 3105 σοῦ,
3198 3041 3444 3104 Θεοτὸκε,
3477 3045 3595 3107 ὅλος

2043 3132 2381 3200 σαρκοφόρος
2416 3130 2692 3201 προελθὼν
2725 3132 2751 3182 ὁ
2779 3131 2948 3196 Λόγος
2969 3145 2984 3159 ο
3015 3130 3174 3181 αὐτὸν
3205 3129 3317 3195 οὖν,
3348 3131 3595 3194 Θεοτὸκε,

2040 3219 2277 3272 δυσώπει
2324 3221 2711 3291 τοῦπρύσασθαι
2752 3221 2818 3272 ἐκ
2866 3220 3185 3288 πειρασμῶν
3220 3222 3600 3284 παντοδαπῶν,

2041 3311 2133 3362 καὶ
2161 3310 2253 3363 τοῦ
2288 3310 2458 3382 πυρὸς
2487 3311 2583 3363 τοῦ
2609 3311 2969 3374 αἰωνίζοντος.

2124 3493 2450 3564 Ἐξέστησαν
2506 3496 2710 3565 ὁρῶσαι
2764 3497 3009 3565 ἀγγέλων
3077 3499 3350 3566 στρατιαὶ,
3407 3497 3522 3557 πῶς
3569 3497 3600 3548 ὁ

2042 3584 2352 3654 ἀθεώρητος
2402 3589 2583 3655 μορφῇ
2643 3589 2707 3656 τῇ
2733 3589 2856 3639 καθ’
2918 3591 3186 3658 ἠμᾶς⁶ἐκ
3241 3590 3334 3641 σοῦ
3387 3589 3596 3658 dipsion,

2042 3677 2284 3746 Παρθένε
2307 3678 2635 3747 Θεοκυῆτορο
2669 3677 2728 3730 ὃν
2747 3679 3045 3732 ὲκδυσῶπει
3074 3679 3346 3750 σωτηρίας
3371 3679 3600 3743 ἀξιῶσαι

2044 3768 2250 3832 πάντας
2288 3770 2411 3832 τοὺς
2443 3769 2648 3832 πιστῶς
2675 3787 2732 3823 σε
2760 3770 3098 3835 δοξάζοντας.

2113 4045 2258 4106 Nae;
2293 4041 2620 4111 ἡγιασμένος
2661 4041 2904 4110 ὲδείχθης
2952 4040 3047 4095 τοῦ
3099 4041 3231 4094 Θεοῦ
3266 4041 3359 4095 τοῦ
3413 4043 3469 4095 ὲν
3516 4044 3598 4097 σοὶ

2042 4135 2380 4203 οἰκήσαντος,
2435 4132 2702 4202 Παρθένε,
2749 4133 2900 4202 ,ὑπὲρ
2959 4133 3101 4185 νοῦν·
3162 4133 3322 4185 αὐτὸν
3362 4133 3599 4189 δυσῶπει

2045 4224 2325 4294 ἁμαρτιῶν
2382 4223 2528 4291 ἡμᾶς
2593 4222 2767 4291 ῥύπου
2821 4222 3191 4292 ἀποκαοᾶραι,
3249 4225 3396 4287 ὅπως
3453 4221 3600 4288 οἶκος

385 4313 581 4368 domus
611 4324 662 4367 et
693 4313 1059 4369 habitaculum
1117 4317 1353 4384 Spiritus
1397 4319 1567 4370 sancti
1613 4333 1730 4373 esse
1765 4333 1934 4386 agno-

2050 4314 2431 4384 γνωρισοῶμεν
2460 4314 2551 4366 καὶ
2573 4315 2989 4383 κατοικητήριον
3019 4314 3155 4365 Πνεύ
3166 4331 3354 4383 ματος.

387 4420 626 4458 scamur.

461 4495 635 4547 Unum
673 4494 959 4550 Trinitatis
995 4499 1309 4551 veneranda:
1357 4498 1406 4551 in
1449 4499 1660 4552 duabus
1695 4501 1942 4552 volunta-

388 4585 535 4638 tibus
568 4602 727 4638 unam
782 4589 1095 4656 hypostasin
1153 4590 1431 4643 habentem
1493 4592 1770 4659 peperisti,
1803 4608 1835 4641 (ι
1870 4592 1936 4643 ab

388 4679 532 4730 omni
577 4680 784 4731 macula
817 4680 1075 4733 immunis
1101 4681 1174 4747 (6)
1228 4698 1240 4733 :
1294 4696 1452 4748 quem
1499 4685 1658 4737 enixe
1714 4698 1938 4751 precare

389 4785 486 4836 pro
519 4770 764 4820 ontnium
804 4779 1049 4825 nostrum
1084 4774 1281 4826 salute.

461 4887 536 4953 (4)
568 4885 776 4952 Optime
805 4885 1168 4942 Bernardinus
1199 4889 1264 4941 de
1299 4889 1464 4942 Busto
1501 4890 1551 4942 in
1600 4905 1698 4943 suo
1731 4887 1937 4942 Mariali

390 4972 555 5011 sertn.
580 4957 632 5016 9,
664 4956 728 5008 de
765 4955 1126 5023 Conceptione
1174 4969 1321 5022 parte
1349 4975 1427 5017 ιιι,
1469 4977 1484 5006 ι
1523 4960 1689 5025 Sicut,
1723 4960 1938 5024 inquit,

392 5026 817 5095 ignisnnnquam
853 5026 946 5076 l'uit
982 5026 1097 5078 sine
1128 5029 1321 5090 calore,
1350 5043 1445 5095 nec
1480 5043 1615 5091 aqua
1650 5028 1938 5093 aliquando

397 5097 495 5147 l'uit
545 5098 658 5147 sine
714 5093 970 5156 humore,
1006 5095 1075 5146 ita
1133 5096 1186 5146 Β.
1226 5095 1310 5145 Dei
1372 5093 1612 5147 Genitrix
1666 5112 1935 5162 nunquam

395 5166 490 5218 [ιιι
527 5165 973 5220 sincinnuceutia.
1008 5182 1024 5211 ι
1057 5165 1142 5217 Sic
1169 5167 1267 5218 ille.
1293 5166 1352 5215 Et
1377 5166 1566 5215 merito
1591 5164 1799 5232 quidem
1817 5181 1934 5217 cum

399 5234 700 5287 innocentia
757 5235 823 5286 sit
854 5233 910 5284 Β.
948 5233 1200 5299 Virginis,
1235 5244 1495 5300 quatenus
1551 5235 1661 5286 ha-e
1709 5243 1786 5286 est
1849 5234 1937 5285 Dei

401 5304 586 5364 Mater,
613 5305 850 5369 quaailam
890 5305 1187 5370 proprietas
1219 5315 1270 5354 et
1297 5303 1483 5360 forma,
1512 5313 1563 5354 ut
1601 5304 1651 5353 in
1683 5319 1776 5355 sua
1815 5302 1942 5356 Um-

402 5374 496 5425 bra
522 5373 744 5438 virginea
789 5390 841 5423 n.
874 5373 998 5431 215,
1042 5375 1288 5425 observat
1330 5371 1391 5440 7P.
1431 5372 1677 5440 Aloysius
1724 5371 1947 5424 Novari-

404 5457 525 5496 itUs.
558 5441 683 5494 Jure
726 5443 946 5506 proinde
980 5444 1034 5492 li.
1075 5440 1232 5505 Virgo
1265 5457 1289 5489 a
1323 5439 1554 5506 .losepho
1600 5452 1780 5493 nostro
1826 5454 1946 5493 tan-

403 5527 562 5578 quam
622 5511 1056 5564 innocentissima
1087 5511 1426 5577 agnoscitur,
1462 5520 1514 5565 et
1567 5512 1829 5566 salutatur
1864 5530 1875 5565 :
1904 5511 1947 5565 Ο

409 5584 635 5634 inuoccn
647 5581 679 5630 ti
691 5581 872 5632 ssima.

2130 4497 2217 4547 Ἐν
2259 4495 2351 4548 δύο
2405 4498 2523 4553 ταῖς
2556 4494 2942 4563 θελήσεσιένα
2981 4496 3080 4562 τῆς
3134 4499 3334 4566 σεπτῆς
3375 4498 3603 4561 τέτοκας

2047 4589 2295 4656 Τριάδος,
2336 4588 2703 4656 πανὰχραντε,
2732 4588 2963 4655 φέροντα
2994 4583 3121 4655 μίαν
3153 4588 3248 4655 τὴν
3281 4589 3602 4655 ὑπόστασιν,

2046 4680 2102 4733 ὃν
2127 4681 2354 4742 ἐκτενῶς
2383 4679 2619 4732 δυσώπει
2652 4680 2855 4742 πάντας
2890 4679 3038 4748 ἡμᾶς
3073 4678 3331 4748 (ποθῆναι.

2118 4887 2192 4957 (5)
2224 4886 2324 4957 Per
2362 4884 2830 4957 praeservationem
2860 4884 3157 4957 praesertim
3192 4900 3219 4937 a
3253 4885 3460 4957 macula
3490 4885 3607 4957 eri-

2045 4953 2229 5027 ginali.
2277 4953 2740 5027 UndeuMarsilius
2793 4955 2982 5006 doctor
3041 4954 3177 5027 inter
3247 4955 3607 5027 scholasticos

2046 5022 2360 5094 insignisﬁiu
2404 5024 2553 5094 libr.
2588 5040 2622 5074 II
2689 5024 3019 5094 Senter1t,_q.
3049 5023 3147 5094 20,
3181 5023 3316 5094 ξιξ-2,
3354 5022 3425 5073 ait
3465 5023 3610 5074 intrr

2046 5091 2191 5148 alia':
2229 5113 2244 5142 ι
2280 5091 2446 5155 Magis
2477 5093 2656 5144 decuit
2705 5093 2865 5143 Deum
2917 5091 3185 5159 Virginem
3220 5091 3436 5143 Matrem
3463 5107 3607 5157 prm-

2045 5180 2258 5216 servare
2289 5178 2315 5212 a
2355 5162 2565 5213 macula
2613 5163 2825 5221 mentis,
2862 5176 3080 5226 quanta
3124 5162 3308 5212 dolore
3336 5163 3607 5226 corporis.

2046 5233 2196 5285 Patet
2226 5251 2237 5284 :
2268 5232 2392 5298 quia
2422 5232 2597 5281 anima
2633 5232 2862 5282 hominis
2886 5240 2964 5281 est
2990 5230 3328 5298 praestantur;
3356 5244 3487 5296 corp
3509 5246 3606 5291 ire;

2049 5303 2195 5361 item,
2231 5295 2351 5367 quia
2395 5301 2569 5350 anima
2604 5310 2685 5351 est
2717 5295 3023 5364 expressior
3060 5302 3232 5365 imago
3275 5295 3557 5350 Trinitatis
3591 5316 3604 5351 :

2055 5373 2174 5423 item
2201 5412 2213 5432 ,
2245 5369 2369 5436 quia
2409 5371 2617 5421 macula
2660 5370 2851 5421 mentis
2881 5370 2996 5420 sine
3020 5367 3363 5436 proportione
3390 5368 3614 5435 gravior

2053 5449 2132 5494 est
2159 5440 2343 5491 dolore
2366 5439 2563 5490 carnis.
2600 5456 2614 5485 ι
2647 5438 2736 5488 Sic
2774 5438 2881 5489 ille.

2127 5509 2201 5576 (6)
2240 5506 2442 5559 ilebra:i
2505 5509 2603 5558 hoe
2651 5507 2902 5578 religiose
2933 5501 3239 5566 servana'nt,
3276 5513 3332 5578 ut
3364 5502 3608 5578 Thephi-

2059 5574 2148 5633 lim
2185 5574 2235 5631 in
2272 5577 2581 5631 membrana
2641 5577 2985 5641 scriberetur,
3018 5589 3136 5642 qua:
3191 5574 3335 5627 omni
3395 5574 3607 5628 [uacula
