3948 6304
389 345 526 410 1281

1731 357 2089 418 MARIALE.

3433 372 3569 436 1232

459 461 780 516 Βασίλισσαν
845 465 1122 534 Παρθένον
1202 482 1260 518 σε
1327 482 1582 536 κηρυττει
1643 469 1678 522 ό
1748 469 1908 522 Δαϐὶδ

2107 471 2362 544 Reginam
2393 475 2668 547 Virginem
2691 480 2942 550 prmdicat
2968 490 3017 535 te
3037 479 3224 546 David,
3249 497 3281 535 ο
3304 483 3569 540 immacu-

383 551 614 622 ἄχραντε
641 553 811 622 ἀγνήο
850 555 932 609 διὸ
975 555 1200 609 ἱκετεύω
1246 573 1329 622 σε,
1370 559 1470 628 τῆς
1497 559 1748 627 οὐρανίου
1781 558 1933 626 βασι-
1971 595 1976 602 ς

385 641 532 706 λείας
575 659 644 712 με
687 644 908 716 ποίησον
964 646 1320 718 κληρονόμον,
1371 647 1460 702 ἵνα
1511 665 1570 701 σε
1598 649 1930 736 μακαρίζω.

467 822 830 896 Ἀγιάσματος
883 829 1054 899 σκηνὴ
1110 829 1446 901 δεδειγμένη,
1509 833 1717 903 Μαρία,
1773 852 1930 904 μιαν-

385 918 565 973 θεῖσαι.
603 921 813 992 ἡδοναῖς
861 924 955 996 τὴν
987 923 1176 979 ἀθλίαν
1212 944 1313 996 μου
1354 928 1528 1000 ψυχὴν
1563 928 1807 997 ἁγίασον,
1840 932 1931 985 καὶ

385 1011 536 1074 θείας
557 1011 716 1081 δόξης
748 1014 972 1085 μέτοχον
1003 1016 1247 1086 ποίησον.

366 1195 384 1212 ·’
453 1192 563 1263 Τὴν
595 1192 817 1264 Μητέρα
848 1193 940 1247 τοῦ
978 1194 1114 1248 Θεοῦ
1155 1197 1248 1250 καὶ
1279 1197 1448 1270 καλὴν
1467 1200 1525 1253 ἐν
1560 1165 1770 1267 γυναιξὶ
1802 1203 1928 1256 δυσ-

383 1283 516 1336 ωπῶ
577 1300 635 1336 σε
699 1285 948 1348 ἐκτενῶς,
1012 1287 1119 1355 μὴ,
1158 1289 1388 1360 παρίδῃς
1446 1308 1535 1361 με,
1599 1294 1761 1363 ἁγνὴ,
1810 1295 1925 1348 ἀλλ’

381 1372 665 1464 οἴκτειρον,
687 1373 780 1426 καὶ
808 1375 984 1445 πάσης
1015 1374 1217 1446 βλάὄης
1249 1378 1383 1431 σῶον
1408 1382 1760 1452 συντήρησον.

465 1548 559 1604 Ἐκ
589 1551 788 1617 γενεῶν
823 1553 1008 1606 πασῶν
1042 1572 1098 1608 σε
1127 1556 1154 1607 ό
1179 1556 1428 1626 Χριστὸς,
1458 1557 1797 1628 πανύμνητε,
1830 1561 1926 1633 μό-

380 1655 478 1708 νην
494 1640 779 1710 ῄρετίσατο
799 1641 964 1710 αὐτῷ,
985 1637 1070 1695 οἷα
1093 1643 1402 1714 σεμνὴνκαὶ
1417 1645 1681 1715 καθαρὰν,
1702 1650 1780 1710 είς
1798 1666 1924 1702 κατ-

377 1731 574 1797 οικίαν,
605 1733 696 1784 καὶ
743 1733 806 1785 ἐκ
857 1733 948 1786 σοῦ
991 1733 1064 1797 ὡς
1118 1735 1266 1805 ἥλιος
1300 1734 1637 1814 ὲξανατείλας
1682 1739 1778 1794 τὴν
1820 1740 1924 1811 γῆν

377 1822 558 1874 πᾶσαν
601 1820 880 1887 ἐφώτισεν.
1115 1879 1119 1882 ,

457 1911 774 1981 Ἱκετηρίαν.
808 1912 1064 1982 ἄχραντε,
1109 1913 1228 1984 Θεῷ
1259 1915 1594 1991 προσάγαγε,
1635 1919 1780 1981 ὅπως
1811 1929 1920 1973 παλ

380 2000 712 2071 ρασλέψηται
747 2003 900 2072 ἡμῶν
935 1993 1000 2055 τά
1031 2005 1364 2076 πταίσματα,
1403 2009 1496 2060 καὶ
1523 2009 1622 2072 τὰς
1653 2009 1920 2082 ἀμέτρους

378 2089 682 2159 ἁμαρτίας.
744 2091 839 2144 καὶ
893 2091 1286 2158 διαιωνίζοντος
1357 2095 1716 2168 ἐλευθερῶσαι
1775 2098 1920 2170 ἡμᾶς

376 2181 546 2252 πυρὸς
580 2180 911 2257 κολάζοντος.
1715 2195 1718 2198 ’

458 2269 547 2332 Ὠς
577 2271 761 2341 κρίνον
782 2271 1048 2326 κοιλάδεσι
1073 2271 1166 2325 τοῦ
1186 2272 1299 2342 βίου
1324 2276 1570 2348 εὑρηκὼς
1601 2280 1659 2332 ὲν
1681 2280 1761 2334 σοι
1782 2299 1914 2335 καις⁴

372 2358 682 2428 εσκήνωσεν
725 2360 754 2410 ό
795 2359 1012 2413 πάντων
1040 2361 1374 2431 φυτουργόςο
1409 2363 1596 2434 ὀδμαῖς
1646 2368 1921 2438 ὲναρέτοις

372 2450 467 2502 καὶ
509 2450 832 2520 σεμνότητος
879 2450 972 2504 νῦν
1018 2452 1413 2507 κατευωδίασον
1469 2457 1634 2526 ἡμᾶς,
1694 2457 1918 2528 Θεογεν-

309 2560 315 2565 λ
371 2541 554 2612 νῆτορ.
678 2573 682 2578 ι
1523 2596 1536 2613 .

383 2619 388 2625 ’
455 2628 643 2683 Ῥῦσαί
675 2648 741 2701 με
769 2631 1268 2703 ἀτόπουάμαρτίας
1294 2637 1387 2707 καὶ
1404 2634 1597 2703 φλογὸς
1621 2637 1914 2708 ἁμαρτίας,

371 2719 594 2783 σκότους
625 2721 958 2787 κολάζοντος,
1000 2726 1093 2778 καὶ
1129 2705 1372 2796 βρυγμοῦ
1403 2726 1510 2780 τῶν
1549 2705 1791 2792 ὀδόντων,
1825 2705 1917 2780 καί

373 2810 670 2880 σκώληκος,
701 2814 962 2884 Παρθένε,
995 2817 1129 2886 μόνη
1162 2819 1461 2888 προστασία
1487 2818 1580 2872 τοῦ
1607 2820 1790 2887 γένους
1811 2821 1917 2873 τῶν

369 2900 469 2953 ἀνθ
477 2901 692 2969 ρώπων.

441 2992 797 3058 Φωτιστικαῖς
842 2995 1146 3078 λαμπηδόσι
1194 2996 1287 3050 τοῦ
1336 2996 1708 3077 ἀνατείλαντος
1741 2997 1912 3066 Λόγου

2033 561 2139 616 lata
2170 575 2223 618 et
2257 581 2386 633 pura
2423 578 2737 636 :proptcrea
2769 570 2861 622 tibi
2903 570 3147 638 supplico
3193 583 3249 625 ut
3295 588 3379 628 ine
3408 577 3570 630 etule-

2031 654 2130 707 stis
2161 655 2306 722 regni
2335 654 2594 710 han-clem
2611 656 2829 722 et'licias,
2856 668 2909 710 ut
2935 662 3135 728 possim
3157 670 3208 714 te
3233 663 3442 717 beatam
3470 681 3568 733 ap-

2031 742 2246 812 pellare.

2101 832 2144 886 0
2176 831 2360 897 Maria,
2384 848 2503 902 quae
2527 833 2972 889 sanctiﬁcationis
2998 837 3405 891 tabernaculum
3432 840 3566 893 facta

2027 935 2110 986 es,
2141 923 2416 976 sanctillca
2461 923 2714 977 tniSeram
2763 926 2996 978 animam
3025 941 3219 990 meam,
3255 930 3565 994 passionum

2029 1011 2413 1078 cupiditatibus
2452 1014 2813 1083 inquinatam,
2846 1026 2899 1068 ct
2931 1017 3126 1070 divina:
3153 1019 3333 1086 glorias
3352 1024 3568 1086 partici-

2029 1117 2148 1171 pem
2178 1102 2344 1155 elliee.
2703 1113 2711 1122 ‘
2991 1088 2994 1095 ι

2100 1191 2172 1245 Te
2207 1193 2294 1246 Dei
2334 1193 2576 1257 Matrem,
2604 1204 2658 1248 et
2681 1195 3092 1263 pulcherrimam
3127 1198 3261 1252 inter
3293 1198 3564 1259 mulieres,

2027 1281 2222 1336 obnixe
2249 1283 2528 1352 deprecor,
2553 1299 2586 1338 ο
2618 1283 2797 1352 Virgo,
2827 1299 2892 1336 ne
2919 1285 3182 1354 despicias
3207 1301 3311 1347 me.
3343 1288 3433 1341 sed
3465 1290 3566 1339 mi-

2026 1386 2204 1425 serere
2247 1373 2374 1439 mei,
2420 1380 2474 1427 et
2523 1372 2592 1427 ab
2620 1372 2767 1428 omni
2811 1374 3027 1428 laesione
3077 1367 3566 1430 incolumein'con-

2024 1475 2195 1515 serva.

2095 1549 2170 1602 Ex
2225 1549 2476 1606 omnibus
2505 1553 2963 1621 generationibus
3003 1561 3054 1608 te
3097 1567 3257 1606 unam
3316 1554 3566 1610 Christus

2025 1639 2126 1693 sibi
2151 1640 2201 1692 in
2231 1641 2591 1717 habitaculum
2616 1639 2889 1711 'elegit(7),
2925 1657 2956 1695 0
2991 1644 3434 1710 laudabilissim‘a,
3477 1658 3564 1699 ιιι-

2026 1739 2144 1797 pote
2172 1732 2533 1783 venerandam
2569 1745 2632 1784 ac
2658 1747 2880 1800 puram;
2912 1744 2965 1786 et
3005 1750 3066 1788 ex
3109 1743 3158 1787 te
3185 1742 3439 1805 tanquam
3484 1739 3563 1791 sol

2025 1829 2259 1884 exortus,
2294 1828 2491 1874 terram
2525 1821 2825 1875 universam
2853 1823 3194 1878 illuminavit.

2095 1909 2526 1980 Supplicationes
2581 1910 2689 1965 Deo
2726 1913 2876 1975 oll‘er,
2921 1928 2954 1966 ο
2988 1914 3260 1980 inviolata,
3318 1927 3373 1969 nt
3411 1917 3564 1972 nobis

2021 1994 2204 2070 lapsus
2237 2012 2451 2056 nostros
2486 2003 2747 2071 ignoscat,
2777 2013 2828 2058 et
2874 2012 3114 2072 peccata,
3138 2022 3256 2074 quae
3301 2007 3418 2060 sine
3463 2023 3561 2058 uu-

2020 2107 2168 2146 mero
2195 2094 2647 2162 perpetravimus,
2676 2095 2814 2148 etab
2844 2095 2984 2165 ignis
3014 2096 3328 2166 sempiterni
3356 2099 3562 2166 suppli-

2019 2180 2102 2235 cio
2129 2181 2317 2235 liberet
2353 2196 2470 2236 nos.

2086 2271 2221 2325 Cum
2259 2281 2306 2326 te
2329 2280 2581 2341 tanquam
2611 2273 2776 2326 lilium
2813 2272 2864 2328 in
2901 2273 3060 2342 hujus
3108 2275 3290 2328 mundi
3333 2274 3562 2329 vallibus

2019 2361 2250 2416 Creator
2281 2364 2522 2416 omnium
2558 2365 2868 2428 invenisset,
2896 2364 2948 2416 in
2982 2374 3053 2429 te,
3113 2379 3146 2416 ο
3175 2363 3265 2417 Dei
3294 2363 3559 2424 Genilrix,

2021 2452 2316 2505 habitavit:
2343 2442 2487 2506 nnn'c
2511 2453 2673 2522 igitur
2705 2453 2919 2508 virtutis
2962 2468 3027 2508 ac
3059 2454 3274 2522 pietatis
3302 2455 3560 2510 odoribus

2018 2556 2116 2595 nos
2151 2541 2427 2610 perfunde.
3261 2535 3271 2545 “

2091 2631 2279 2686 Libera
2309 2649 2393 2686 me
2426 2647 2456 2687 a
2508 2631 2821 2688 foedissrmis
2860 2632 3111 2700 peccatis,
3155 2641 3210 2688 et
3255 2647 3284 2686 a
3342 2632 3558 2687 ﬂamina

2021 2725 2326 2782 tenebrosa.
2358 2723 2512 2791 251
2547 2740 2648 2792 qua
2681 2716 2990 2792 puniuntnr'
3014 2724 3199 2777 eadem
3230 2733 3469 2791 peccata,
3505 2734 3560 2777 et

2017 2829 2045 2866 α
2077 2814 2306 2867 stridore
2327 2813 2590 2877 dentium,
2616 2827 2774 2881 atque
2801 2829 2830 2866 a
2852 2829 3054 2880 verme,
3080 2813 3317 2884 0.V'irgo,
3337 2814 3554 2880 unicum

2017 2902 2232 2958 humani
2261 2903 2469 2971 generis
2489 2904 2813 2971 przesidium.

2092 2992 2468 3048 llluminativis
2505 2993 2882 3062 splcndoribus
2915 2991 3108 3059 Verbi,
3129 2995 3269 3063 quod
3302 3010 3367 3049 ex
3403 3005 3557 3050 utero

370 3082 437 3133 ἐκ
471 3081 572 3151 ,τῆς
621 3084 779 3148 ἁγίας
813 3102 905 3138 σου
949 3074 1201 3155 γαστρὸς,
1245 3087 1472 3141 Θεοτόκε
1520 3074 1786 3157 Παρθένε,
1821 3090 1908 3141 καὶ

2015 3091 2108 3137 ιιιο
2134 3092 2322 3136 sancto
2366 3092 2613 3139 exortum
2661 3092 2766 3148 est,
2810 3099 2842 3137 ο
2875 3083 3036 3152 Virgo
3076 3086 3332 3155 .Deipara,
3389 3096 3554 3155 atque

371 3174 813 3241 καταυγασαντος
857 3177 953 3245 τῆς
1000 3180 1103 3246 γῆς
1139 3178 1207 3230 τὰ
1256 3179 1484 3248 πέρατα,
1531 3178 1760 3247 φώτισον
1814 3180 1913 3250 τὴν

367 3260 544 3332 ψυχήν
577 3279 694 3332 μου,
721 3263 921 3334 ἡδονῶν
939 3263 1249 3338 ἀμαυρώσει
1277 3269 1664 3331 σκοτισθεῖσαν,
1688 3267 1912 3338 ἀμελείᾳ

365 3351 474 3404 τῶν
502 3352 708 3412 παθῶν,

428 3442 623 3511 ,Φέρεις
648 3444 741 3496 τὸν
769 3446 998 3516 φέροντα
1019 3448 1211 3510 πάντα,
1237 3448 1545 3518 χερουϐικὸς
1576 3447 1760 3520 ὥσπερ
1783 3447 1908 3520 θρό-

367 3548 478 3596 νος,
507 3533 726 3607 τρέφεις
767 3537 854 3588 τὸν
885 3538 1146 3606 τρέφοντα
1191 3539 1356 3606 ἡμᾶς,
1397 3538 1454 3590 δν
1481 3537 1770 3597 ἀπαύστως
1818 3532 1907 3591 δυ-

310 3675 316 3680 .
367 3621 559 3688 σώπει,
603 3624 980 3696 θεοχαρίτωτε,
1014 3628 1160 3697 ἡμᾶς
1201 3629 1425 3696 σεισμοῦ
1490 3627 1902 3692 καταπτώσεως,

368 3711 640 3790 ἁλώσεως,
681 3717 772 3767 καὶ
811 3719 1064 3780 παντοίας
1103 3718 1363 3787 ἀνάγκης,
1399 3716 1493 3770 σοῦ
1521 3719 1619 3787 τὴν
1671 3717 1904 3787 ποίμνην

361 3801 802 3882 ἑκλυτρῴσασθαι
835 3805 939 3860 ἀεί.

374 3906 471 3961 Ἐκ
499 3909 604 3962 τοῦ
635 3899 888 3977 κανόνος
926 3912 1028 3979 τῆς
1061 3911 1358 3981 τετάρτης,
1390 3916 1475 3978 εις
1500 3913 1604 3966 τὸν
1644 3913 1902 3981 Ὄρθρον.

443 4015 732 4087 Ῥομφαίᾳ,
764 4019 1022 4086 πάναγνε,
1049 4020 1335 4089 τέτρωσαι,
1365 4021 1426 4073 τὺ
1456 4016 1621 4084 πάθος
1651 4021 1742 4073 τοῦ
1776 4021 1902 4074 Υίοῦ

362 4118 478 4166 σου,
520 4104 594 4167 ὡς
629 4105 860 4174 ἔϐλεψας
901 4108 1058 4161 αὑτὸν
1107 4111 1173 4179 τῇ
1213 4110 1381 4181 λόγχῃ
1421 4110 1762 4178 νυττόμενον,
1815 4112 1904 4163 καὶ

357 4193 460 4264 τὴν
489 4195 547 4248 ἑν
570 4197 876 4267 παραδείσῳ
903 4199 1201 4268 κωλυτικὴν
1224 4200 1472 4269 εἴργοντα
1504 4201 1793 4270 ῥομφαίαν,
1826 4203 1898 4271 μὴ

341 4283 605 4338 διδοῦσαν
629 4288 739 4348 τοῖς
767 4290 971 4351 πιστοῖς
1004 4290 1101 4360 τὴν
1127 4290 1273 4342 θείαν
1292 4290 1511 4342 εἴσοδον.

2021 3175 2491 3243 universosterraa
2520 3174 2653 3227 lines
2705 3174 2825 3229 luce
2870 3175 3123 3244 perfudit,
3162 3177 3404 3230 illumina
3437 3180 3554 3232 ani-
3629 3223 3636 3230 .

2020 3280 2161 3318 mam
2199 3278 2371 3317 meam
2408 3266 2762 3334 cupiditatum
2804 3267 3081 3335 nigredine
3128 3269 3552 3330 obtenebratam.

2015 3371 2081 3410 eo
2104 3355 2243 3422 quod
2280 3357 2558 3422 passiones
2585 3371 2729 3410 ineas
2760 3355 3010 3409 cohibere
3043 3358 3387 3426 neglexerim.

2083 3444 2233 3496 lllnm
2267 3443 2377 3497 fers
2421 3445 2510 3510 qui
2577 3443 2679 3498 fert
2723 3445 2994 3506 universa,
3042 3453 3295 3514 tanquam
3327 3441 3552 3500 thronus

2010 3533 2344 3586 Cherubic’us
2377 3549 2389 3584 :
2424 3533 2618 3596 nutris,
2649 3534 2972 3586 nutrientem
3026 3549 3157 3600 nos;
3209 3551 3367 3604 quem
3433 3535 3551 3589 sine

2011 3623 2316 3676 cessatione
2349 3639 2536 3686 exora,
2559 3640 2590 3675 ο
2611 3622 2718 3676 Deo
2748 3624 3086 3683 charissima.
3117 3633 3174 3677 ut
3208 3639 3305 3678 nos
3337 3640 3548 3694 gregem

2008 3699 2158 3767 tuum
2184 3727 2213 3765 a
2245 3720 2578 3765 terracmotus
2604 3711 2756 3763 ruina
2785 3749 2798 3774 ,
2827 3711 2894 3764 ab
2922 3710 3101 3764 host‘li
3129 3711 3547 3779 oppugnatione,

2008 3815 2060 3860 ct
2097 3807 2163 3860 ab
2181 3806 2326 3858 omni
2363 3807 2685 3859 necessitate
2713 3821 2925 3874 semper
2951 3805 3458 3881 liberos‘enstodiat.

2252 3897 2332 3962 Ex
2367 3899 2562 3963 canone
2585 3911 2730 3978 feria:
2764 3925 2833 3972 iv,
2865 3910 2933 3961 ad
2965 3910 3303 3962 Matutinum.

2077 4016 2266 4071 Gladio
2293 4016 2567 4069 vulnerata
2607 4030 2701 4078 es,
2737 4031 2768 4068 ο
2811 4015 3136 4078 castissima,
3193 4015 3244 4069 in
3296 4015 3550 4084 passione

2007 4105 2125 4162 Filii
2158 4107 2253 4170 tui,
2291 4115 2348 4160 ut
2373 4107 2522 4159 illum
2569 4105 2743 4159 vidisti
2775 4106 2958 4158 lancea
2997 4105 3323 4174 perfossum,
3376 4115 3546 4173 atque

2006 4205 2367 4252 removentem
2426 4195 2658 4264 gladium
2692 4195 2839 4248 illum
2882 4197 2972 4264 qui
3014 4195 3259 4250 ﬁdelibus
3292 4196 3543 4251 divinum

2003 4293 2302 4360 ingressum
2339 4289 2390 4341 in
2424 4288 2728 4358 paradisum
2760 4287 3098 4356 prohibebat.

357 4436 1002 4510 careret:quia_scilicet
1056 4439 1106 4510 in
1162 4455 1221 4494 ea
1268 4441 1507 4510 quaedam
1538 4441 1729 4493 divina:
1768 4441 1898 4509 legis
1933 4445 1973 4497 ι)
2005 4441 2100 4492 ﬁce
2152 4431 2521 4510 praeservatns.
2563 4459 2579 4490 ι
2615 4440 2674 4491 Et
2729 4440 2790 4493 dc
2836 4441 3023 4493 eodem
3086 4441 3137 4492 in
3182 4455 3288 4510 suo
3327 4438 3539 4510 LMairiali

357 4506 520 4558 verba
545 4505 812 4557 exaranda
855 4516 1023 4560 erant.
1061 4509 1133 4561 Ita
1185 4505 1324 4562 inter
1358 4511 1488 4562 alios
1525 4510 1687 4562 tradit
1714 4526 1776 4561 ex
1808 4505 1898 4562 eo-

360 4588 480 4646 rum
513 4573 708 4646 ritibus
755 4573 993 4629 Oleaster
1043 4578 1094 4628 in
1145 4594 1260 4646 cap.
1294 4594 1387 4630 xm
1442 4577 1609 4628 Exod.
1657 4577 1807 4641 Quod
1856 4578 1898 4630 si

359 4641 564 4714 μεθιπξὶ
596 4652 794 4714 tantam
817 4645 1100 4714 puritatem
1127 4641 1463 4714 requirebant
1488 4647 1537 4695 in
1565 4650 1897 4708 membrana,

358 4710 428 4788 in_
451 4724 554 4788 qna
581 4709 698 4788 Dei
753 4709 1223 4788 verba_sc_ribenda
1253 4724 1436 4788 erant,
1468 4715 1737 4788 quomodo
1777 4729 1898 4788 per-

359 4780 596 4831 misisset
624 4780 771 4851 ,Deus
797 4783 1103 4851 turpissima
1131 4783 1407 4851 originalis
1453 4784 1648 4848 peccati
1687 4783 1897 4834 macula

356 4848 702 4917 conspureari
738 4846 795 4917 Β.
835 4846 1124 4917 Virginem,
1154 4846 1349 4917 in'qua
1405 4846 1508 4900 non
1545 4851 1683 4902 nuda
1713 4851 1894 4912 verba,

356 4917 449 4968 sed
487 4912 714 4967 Verbum
752 4911 950 4981 ipsum:
987 4911 1417 4978 no'nboniiiinm,
1450 4919 1544 4972 sed
1595 4918 1685 4971 Dei
1735 4911 1893 4968 manu

353 4992 473 5036 crat
519 4984 1041 5053 scribendum?Fuit
1100 4988 1257 5053 igitur
1312 4987 1366 5038 Β.
1417 4987 1577 5053 Virgo
1626 4988 1694 5039 ab
1750 4985 1894 5037 Ortini

357 5052 567 5123 macula
614 5050 890 5123 immunis,
920 5064 972 5107 et
1007 5050 1141 5108 talis
1165 5057 1304 5122 quod
1343 5050 1896 5123 Vcrhoirespomlerit

356 5119 410 5172 in
442 5121 528 5172 illa
580 5120 872 5172 exarando.
910 5125 1033 5176 \‘idc
1062 5119 1384 5178 Nov-irinum
1418 5125 1470 5174 in
1513 5119 1708 5176 Umbra
1740 5124 1897 5190 virgi-

352 5201 470 5250 nea,
503 5204 555 5242 ιι.
591 5190 678 5242 95.

424 5258 501 5326 (7)
538 5256 609 5308 De
651 5261 750 5312 hoc
792 5262 1097 5316 habitaeulo
1142 5263 1350 5314 locutus
1387 5260 1803 5314 Bartholomzeus
1832 5261 1895 5312 de

351 5326 492 5380 Pisis
537 5327 587 5377 in
625 5343 780 5395 opere
815 5331 886 5384 De
915 5332 1062 5382 laud.
1094 5328 1156 5382 Β.
1213 5329 1454 5395 Virginis,
1489 5331 1606 5382 libr.
1645 5346 1680 5391 ι,
1719 5331 1891 5381 l'rnctu

353 5396 406 5458 7,
431 5397 546 5447 ait'.
583 5415 600 5445 ι
645 5395 1016 5452 llabilacnlnni
1066 5398 1156 5449 Dei
1191 5400 1315 5459 vivi,
1346 5400 1523 5448 anima
1549 5400 1750 5451 scilicet
1774 5413 1891 5448 cor-

350 5479 557 5532 pusque
604 5465 800 5528 Mai-ire,
838 5470 984 5520 nullo
1029 5467 1229 5533 peccati
1281 5469 1526 5533 eontagio
1573 5469 1888 5523 maculatur;

348 5537 440 5586 sed
474 5548 523 5585 In
573 5534 835 5587 inlusione
894 5538 1062 5602 ipsius
1120 5539 1309 5588 anima:
1356 5539 1562 5602 corpori
1607 5540 1684 5586 sic
1722 5537 1889 5600 gratia

345 5603 603 5670 priet'cnit
650 5604 850 5665 divina,
885 5617 940 5657 ιιι
982 5605 1098 5670 ejus
1127 5611 1277 5656 saeer‘
1309 5614 1595 5670 conceptus
1622 5606 1687 5654 ab
1728 5604 1890 5668 (ιεὶςὶ-

346 5673 487 5723 nalis
524 5672 727 5739 peccati
765 5675 969 5748 macula
1009 5679 1088 5742 (nt
1121 5676 1202 5741 pie
1252 5672 1504 5739 creditur)
1548 5675 1706 5723 fuerit
1742 5673 1887 5723 tlttll-

2005 4525 2166 4562 scrin.
2203 4510 2257 4570 6,
2287 4509 2351 4560 de
2371 4507 2624 4573 Concept.
2663 4519 2813 4573 parte
2861 4525 2897 4572 ι,
2930 4509 3044 4562 base
3088 4509 3301 4572 scripsit
3324 4507 3381 4562 B.
3413 4509 3539 4562 Ber-

2003 4579 2260 4631 nardinus
2284 4580 2349 4629 de
2379 4575 2577 4628 linsto:
2615 4596 2631 4626 ι
2668 4575 2840 4630 Locus
2885 4578 3042 4631 debet
3067 4591 3185 4630 esse
3233 4579 3536 4644 proportio-

2002 4656 2161 4699 natus
2198 4647 2389 4707 locato,
2423 4655 2480 4696 ιιι
2521 4646 2590 4696 ait
2619 4646 2996 4712 Phil050pbus,
3053 4654 3110 4699 et
3148 4655 3542 4698 commentator

2001 4715 2052 4766 in
2113 4729 2152 4767 ιι
2185 4715 2250 4767 de
2296 4715 2588 4782 Anima,th
2657 4728 2706 4764 iv
2753 4712 2912 4782 l’bys.
2965 4714 3109 4767 Facit
3135 4715 3197 4765 ad
3253 4715 3354 4766 hoc
3410 4715 3535 4765 illud

1997 4786 2138 4850 quod
2194 4784 2362 4848 inquit
2384 4780 2571 4834 Glossa
2627 4783 2676 4834 in
2709 4797 2756 4832 c.
2789 4780 2996 4836 Dudum
3035 4785 3100 4835 de
3135 4783 3268 4834 deci.
3301 4783 3483 4834 dicens
3520 4803 3533 4837 :

2004 4870 2022 4900 ι
2043 4851 2229 4914 Qualia
2247 4850 2688 4918 suntpraedicnta.
2711 4852 2833 4903 talia
2862 4853 3107 4904 convenit
3127 4867 3248 4903 esse
3269 4851 3531 4916 subjecta.

1998 4919 2099 4983 Sed
2161 4919 2327 4986 Virgo
2358 4918 2587 4983 gloriosa
2625 4920 2722 4971 lnit
2767 4920 3024 4972 habitatio
3075 4919 3192 4971 Filii
3229 4920 3315 4969 Dei
3346 4933 3357 4966 :
3393 4920 3532 4969 unde

1998 4988 2110 5055 ipsa
2146 4991 2334 5054 inquit,
2367 4987 2567 5040 Eccles.
2591 5003 2730 5040 xxrv:
2765 4987 2825 5039 Et
2855 4992 2940 5054 qui
2969 4991 3156 5041 creavit
3189 5004 3263 5037 me
3293 4987 3531 5050 requievit

1997 5057 2048 5107 in
2087 5059 2416 5108 tabernaculo
2456 5071 2584 5106 meo.
2619 5058 2753 5122 lﬂrgo
2783 5058 3099 5110 debuitesse
3135 5055 3530 5122 proportionem

2000 5126 2097 5192 ipsi
2128 5127 2432 5184 liahitaturi,
2459 5126 2546 5192 qui
2601 5124 2701 5176 fuit
2749 5126 2865 5178 sine
2900 5127 3002 5177 ulla
3041 5125 3257 5192 peec.it_i_
3299 5124 3529 5192 macula.

1997 5188 2286 5246 Purissnuo
2338 5188 2640 5260 ergo'Filio
2681 5208 2783 5245 non
2831 5195 3008 5245 debuit
3041 5188 3164 5242 esse
3212 5188 3380 5238 Mater
3428 5189 3528 5240 nisi

1995 5263 2300 5326 purissima,
2332 5279 2427 5314 nec
2470 5262 2648 5313 decuit
2686 5261 2774 5313 Dei
2826 5261 3148 5329 Sapit-minui
3195 5263 3527 5329 sordidatum

1996 5346 2022 5381 λ
2051 5341 2266 5396 peccato
2298 5341 2347 5382 et
2382 5331 2800 5383 contaminatum
2831 5327 2928 5382 sibi
2972 5327 3327 5378 habitaculum
3362 5330 3527 5396 depu-

1996 5393 2136 5450 tai‘e:
2163 5401 2308 5466 quia,
2331 5409 2388 5450 ut
2417 5399 2608 5450 dicitur
2631 5400 2758 5466 Sap.
2793 5414 2850 5458 11,
2894 5393 3524 5466 Iniudiciariamanimum

1994 5484 2092 5519 non
2145 5462 2358 5519 intrabit
2425 5462 2722 5530 Sapientia,
2750 5485 2836 5517 nec
2891 5462 3142 5515 habitabit
3201 5463 3255 5511 iit
3313 5477 3522 5525 corpore

1992 5538 2196 5587 subdita
2223 5538 2465 5603 peccatis.
2494 5529 2547 5588 Si
2576 5537 2737 5606 igitur
2759 5537 2814 5585 Β.
2847 5534 3000 5597 Virgo
3031 5529 3272 5606 originali
3309 5540 3527 5606 [ieci-fatu

1993 5600 2266 5672 deturpaia
2324 5607 2530 5669 luisset,
2566 5600 2670 5658 non
2718 5604 2901 5655 fuisset
2948 5601 3270 5650 conveniens
3321 5600 3528 5648 liuidin-

1991 5677 2167 5728 culuin
2193 5675 2312 5728 FiLi
2354 5673 2462 5728 Dei.
2505 5693 2522 5725 ι
2562 5675 2648 5726 Sic
2681 5674 2892 5724 Dustus.
