  <div class='ocr_page' id='page_1' title='image "/cluster/home/n/w/nwhite01/storage/ocr_20150623/105/pst.000005714155/724.png"; bbox 0 0 3948 6304; ppageno 0'>
   <div class='ocr_carea' id='block_1_1' title="bbox 273 314 414 381">
    <p class='ocr_par' dir='ltr' id='par_1_1' title="bbox 273 314 414 381">
     <span class='ocr_line' id='line_1_1' title="bbox 273 314 414 381; baseline 0.007 -1"><span class='ocrx_word' id='word_1_1' title='bbox 273 314 414 381; x_wconf 70' lang='grc'><strong>1285</strong></span> 
     </span>
    </p>
   </div>
   <div class='ocr_carea' id='block_1_2' title="bbox 1607 310 1964 372">
    <p class='ocr_par' dir='ltr' id='par_1_2' title="bbox 1607 310 1964 372">
     <span class='ocr_line' id='line_1_2' title="bbox 1607 310 1964 372; baseline -0.011 0"><span class='ocrx_word' id='word_1_2' title='bbox 1607 310 1964 372; x_wconf 72' lang='lat' dir='ltr'><strong>MARIALE.</strong></span> 
     </span>
    </p>
   </div>
   <div class='ocr_carea' id='block_1_3' title="bbox 3316 303 3454 394">
    <p class='ocr_par' dir='ltr' id='par_1_3' title="bbox 3316 303 3454 394">
     <span class='ocr_line' id='line_1_3' title="bbox 3316 303 3454 394; baseline 0 -27"><span class='ocrx_word' id='word_1_3' title='bbox 3316 303 3454 394; x_wconf 34' lang='grc' dir='ltr'>ηπ,</span> 
     </span>
    </p>
   </div>
   <div class='ocr_carea' id='block_1_4' title="bbox 271 381 1805 495">
    <p class='ocr_par' dir='ltr' id='par_1_4' title="bbox 271 420 1805 495">
     <span class='ocr_line' id='line_1_4' title="bbox 271 420 1805 495; baseline -0.003 -15"><span class='ocrx_word' id='word_1_4' title='bbox 271 430 360 481; x_wconf 75' lang='grc' dir='ltr'><strong>ἀεὶ</strong></span> <span class='ocrx_word' id='word_1_5' title='bbox 416 423 710 495; x_wconf 76' lang='grc' dir='ltr'>μιγαλῦναι</span> <span class='ocrx_word' id='word_1_6' title='bbox 761 426 822 480; x_wconf 68' lang='grc' dir='ltr'>ὲν</span> <span class='ocrx_word' id='word_1_7' title='bbox 869 425 994 492; x_wconf 63' lang='lat' dir='ltr'><strong>{uel</strong></span> <span class='ocrx_word' id='word_1_8' title='bbox 1040 425 1108 479; x_wconf 80' lang='grc' dir='ltr'>τὰ</span> <span class='ocrx_word' id='word_1_9' title='bbox 1167 422 1395 478; x_wconf 88' lang='grc' dir='ltr'>πλούσια</span> <span class='ocrx_word' id='word_1_10' title='bbox 1446 420 1610 476; x_wconf 75' lang='grc' dir='ltr'>αὑτοῦ</span> <span class='ocrx_word' id='word_1_11' title='bbox 1663 423 1805 492; x_wconf 83' lang='grc' dir='ltr'>ὲλέη,</span> 
     </span>
    </p>
   </div>
   <div class='ocr_carea' id='block_1_5' title="bbox 1908 381 3451 495">
    <p class='ocr_par' dir='ltr' id='par_1_5' title="bbox 1912 417 3451 489">
     <span class='ocr_line' id='line_1_5' title="bbox 1912 417 3451 489; baseline 0.001 -16"><span class='ocrx_word' id='word_1_12' title='bbox 1912 421 2083 483; x_wconf 84' lang='lat' dir='ltr'><strong>sima;</strong></span> <span class='ocrx_word' id='word_1_13' title='bbox 2109 431 2266 485; x_wconf 87' lang='lat' dir='ltr'><strong>quem</strong></span> <span class='ocrx_word' id='word_1_14' title='bbox 2295 425 2348 470; x_wconf 94' lang='lat' dir='ltr'><strong>tu</strong></span> <span class='ocrx_word' id='word_1_15' title='bbox 2367 433 2588 487; x_wconf 88' lang='lat' dir='ltr'><strong>precare</strong></span> <span class='ocrx_word' id='word_1_16' title='bbox 2610 417 2845 481; x_wconf 79' lang='lat' dir='ltr'><strong>assidue,</strong></span> <span class='ocrx_word' id='word_1_17' title='bbox 2876 426 2933 472; x_wconf 88' lang='lat' dir='ltr'><strong>ut</strong></span> <span class='ocrx_word' id='word_1_18' title='bbox 2958 417 3259 489; x_wconf 79' lang='lat' dir='ltr'><strong>magniﬁch</strong></span> <span class='ocrx_word' id='word_1_19' title='bbox 3291 419 3344 472; x_wconf 89' lang='lat' dir='ltr'><strong>in</strong></span> <span class='ocrx_word' id='word_1_20' title='bbox 3366 436 3451 475; x_wconf 89' lang='lat' dir='ltr'><strong>me</strong></span> 
     </span>
    </p>
   </div>
   <div class='ocr_carea' id='block_1_6' title="bbox 272 516 1522 585">
    <p class='ocr_par' dir='ltr' id='par_1_6' title="bbox 272 516 1522 585">
     <span class='ocr_line' id='line_1_6' title="bbox 272 516 1522 585; baseline -0.002 -18"><span class='ocrx_word' id='word_1_21' title='bbox 272 516 432 585; x_wconf 82' lang='grc' dir='ltr'>θεοχα</span> <span class='ocrx_word' id='word_1_22' title='bbox 440 517 649 583; x_wconf 79' lang='grc' dir='ltr'>ρίτωτε.</span> <span class='ocrx_word' id='word_1_23' title='bbox 1517 580 1522 585; x_wconf 27' lang='grc'><em>¹</em></span> 
     </span>
    </p>
   </div>
   <div class='ocr_carea' id='block_1_7' title="bbox 341 603 1804 677">
    <p class='ocr_par' dir='ltr' id='par_1_7' title="bbox 341 603 1804 677">
     <span class='ocr_line' id='line_1_7' title="bbox 341 603 1804 677; baseline -0.001 -20"><span class='ocrx_word' id='word_1_24' title='bbox 341 605 428 668; x_wconf 80' lang='grc' dir='ltr'><strong>Σὲ,</strong></span> <span class='ocrx_word' id='word_1_25' title='bbox 457 606 712 673; x_wconf 85' lang='grc' dir='ltr'>παναγία,</span> <span class='ocrx_word' id='word_1_26' title='bbox 765 607 1018 677; x_wconf 70' lang='grc' dir='ltr'>ἄκραντα,</span> <span class='ocrx_word' id='word_1_27' title='bbox 1049 604 1208 672; x_wconf 68' lang='grc' dir='ltr'>ἁγνὴ,</span> <span class='ocrx_word' id='word_1_28' title='bbox 1241 604 1289 657; x_wconf 78' lang='grc' dir='ltr'><strong>οἱ</strong></span> <span class='ocrx_word' id='word_1_29' title='bbox 1334 603 1505 657; x_wconf 81' lang='grc' dir='ltr'>δοῦλοί</span> <span class='ocrx_word' id='word_1_30' title='bbox 1532 620 1627 656; x_wconf 81' lang='grc' dir='ltr'><strong>σου</strong></span> <span class='ocrx_word' id='word_1_31' title='bbox 1675 604 1804 656; x_wconf 73' lang='grc' dir='ltr'>πάνυ</span> 
     </span>
    </p>
   </div>
   <div class='ocr_carea' id='block_1_8' title="bbox 268 693 1808 766">
    <p class='ocr_par' dir='ltr' id='par_1_8' title="bbox 268 693 1808 766">
     <span class='ocr_line' id='line_1_8' title="bbox 268 693 1808 766; baseline -0.002 -19"><span class='ocrx_word' id='word_1_32' title='bbox 268 713 384 748; x_wconf 73' lang='grc' dir='ltr'>τοτε</span> <span class='ocrx_word' id='word_1_33' title='bbox 414 697 620 766; x_wconf 76' lang='grc' dir='ltr'>ἡμέρας</span> <span class='ocrx_word' id='word_1_34' title='bbox 653 697 746 748; x_wconf 80' lang='grc' dir='ltr'>καὶ</span> <span class='ocrx_word' id='word_1_35' title='bbox 786 696 975 756; x_wconf 79' lang='grc' dir='ltr'>νυκτὸς</span> <span class='ocrx_word' id='word_1_36' title='bbox 1001 694 1428 765; x_wconf 82' lang='grc' dir='ltr'>συντετριμμένῃ</span> <span class='ocrx_word' id='word_1_37' title='bbox 1455 693 1659 762; x_wconf 78' lang='grc' dir='ltr'>διανοίᾳ</span> <span class='ocrx_word' id='word_1_38' title='bbox 1685 695 1808 746; x_wconf 85' lang='grc' dir='ltr'>δυσ-</span> 
     </span>
    </p>
   </div>
   <div class='ocr_carea' id='block_1_9' title="bbox 268 783 1810 858">
    <p class='ocr_par' dir='ltr' id='par_1_9' title="bbox 268 783 1810 858">
     <span class='ocr_line' id='line_1_9' title="bbox 268 783 1810 858; baseline -0.003 -21"><span class='ocrx_word' id='word_1_39' title='bbox 268 787 543 858; x_wconf 68' lang='grc' dir='ltr'>υιποῦμεν,</span> <span class='ocrx_word' id='word_1_40' title='bbox 596 786 858 855; x_wconf 84' lang='grc' dir='ltr'><strong>λύτρωσιν</strong></span> <span class='ocrx_word' id='word_1_41' title='bbox 921 785 1332 855; x_wconf 73' lang='grc' dir='ltr'><strong>ἁμαρτημάτων</strong></span> <span class='ocrx_word' id='word_1_42' title='bbox 1404 783 1611 836; x_wconf 81' lang='grc' dir='ltr'>πολλῶν</span> <span class='ocrx_word' id='word_1_43' title='bbox 1670 783 1810 835; x_wconf 81' lang='grc' dir='ltr'>δίδου</span> 
     </span>
    </p>
   </div>
   <div class='ocr_carea' id='block_1_10' title="bbox 271 876 650 947">
    <p class='ocr_par' dir='ltr' id='par_1_10' title="bbox 271 876 650 947">
     <span class='ocr_line' id='line_1_10' title="bbox 271 876 650 947; baseline 0.005 -19"><span class='ocrx_word' id='word_1_44' title='bbox 271 877 420 946; x_wconf 72' lang='grc' dir='ltr'>ἡμῖν,</span> <span class='ocrx_word' id='word_1_45' title='bbox 452 876 650 947; x_wconf 84' lang='grc' dir='ltr'>ἀγαθή.</span> 
     </span>
    </p>
   </div>
   <div class='ocr_carea' id='block_1_11' title="bbox 346 965 1805 1041">
    <p class='ocr_par' dir='ltr' id='par_1_11' title="bbox 346 965 1805 1041">
     <span class='ocr_line' id='line_1_11' title="bbox 346 965 1805 1041; baseline 0.009 -24"><span class='ocrx_word' id='word_1_46' title='bbox 346 965 672 1038; x_wconf 73' lang='grc' dir='ltr'>ιἿάτρευσον,</span> <span class='ocrx_word' id='word_1_47' title='bbox 709 968 922 1037; x_wconf 77' lang='grc' dir='ltr'>δέομαι,</span> <span class='ocrx_word' id='word_1_48' title='bbox 971 971 1039 1023; x_wconf 84' lang='grc' dir='ltr'>τὰ</span> <span class='ocrx_word' id='word_1_49' title='bbox 1079 972 1222 1040; x_wconf 79' lang='grc' dir='ltr'>πάθη</span> <span class='ocrx_word' id='word_1_50' title='bbox 1271 972 1368 1041; x_wconf 83' lang='grc' dir='ltr'>τῆς</span> <span class='ocrx_word' id='word_1_51' title='bbox 1401 971 1536 1040; x_wconf 83' lang='grc' dir='ltr'>ὲμῆς</span> <span class='ocrx_word' id='word_1_52' title='bbox 1564 969 1805 1038; x_wconf 68' lang='grc' dir='ltr'>καρδίας.</span> 
     </span>
    </p>
   </div>
   <div class='ocr_carea' id='block_1_12' title="bbox 269 1057 1812 1130">
    <p class='ocr_par' dir='ltr' id='par_1_12' title="bbox 269 1057 1812 1130">
     <span class='ocr_line' id='line_1_12' title="bbox 269 1057 1812 1130; baseline 0.002 -23"><span class='ocrx_word' id='word_1_53' title='bbox 269 1057 523 1125; x_wconf 84' lang='grc' dir='ltr'><strong>κυήσασα</strong></span> <span class='ocrx_word' id='word_1_54' title='bbox 560 1058 651 1110; x_wconf 81' lang='grc' dir='ltr'><strong>τὸν</strong></span> <span class='ocrx_word' id='word_1_55' title='bbox 694 1059 910 1111; x_wconf 80' lang='grc' dir='ltr'>πάντων</span> <span class='ocrx_word' id='word_1_56' title='bbox 946 1060 1144 1130; x_wconf 71' lang='grc' dir='ltr'>ἰατρὸν,</span> <span class='ocrx_word' id='word_1_57' title='bbox 1185 1063 1276 1114; x_wconf 80' lang='grc' dir='ltr'><strong>καὶ</strong></span> <span class='ocrx_word' id='word_1_58' title='bbox 1319 1061 1416 1130; x_wconf 82' lang='grc' dir='ltr'><strong>τῆς</strong></span> <span class='ocrx_word' id='word_1_59' title='bbox 1456 1061 1562 1112; x_wconf 84' lang='grc' dir='ltr'><strong>τῶν</strong></span> <span class='ocrx_word' id='word_1_60' title='bbox 1592 1059 1812 1127; x_wconf 78' lang='grc' dir='ltr'>δικαίων</span> 
     </span>
    </p>
   </div>
   <div class='ocr_carea' id='block_1_13' title="bbox 266 1144 1806 1220">
    <p class='ocr_par' dir='ltr' id='par_1_13' title="bbox 266 1144 1806 1220">
     <span class='ocr_line' id='line_1_13' title="bbox 266 1144 1806 1220; baseline 0.003 -25"><span class='ocrx_word' id='word_1_61' title='bbox 266 1144 439 1208; x_wconf 76' lang='grc' dir='ltr'>δεῖξον</span> <span class='ocrx_word' id='word_1_62' title='bbox 472 1146 716 1216; x_wconf 83' lang='grc' dir='ltr'><strong>μέτοχον,</strong></span> <span class='ocrx_word' id='word_1_63' title='bbox 777 1149 1037 1218; x_wconf 83' lang='grc' dir='ltr'>Παρθένε,</span> <span class='ocrx_word' id='word_1_64' title='bbox 1075 1151 1308 1220; x_wconf 78' lang='grc' dir='ltr'><strong>μερίδος,</strong></span> <span class='ocrx_word' id='word_1_65' title='bbox 1340 1150 1572 1220; x_wconf 80' lang='grc' dir='ltr'>Χριστὸν</span> <span class='ocrx_word' id='word_1_66' title='bbox 1617 1150 1806 1200; x_wconf 72' lang='grc' dir='ltr'>ὲκδυσσ</span> 
     </span>
    </p>
   </div>
   <div class='ocr_carea' id='block_1_14' title="bbox 267 1251 1600 1286">
    <p class='ocr_par' dir='ltr' id='par_1_14' title="bbox 267 1251 1600 1286">
     <span class='ocr_line' id='line_1_14' title="bbox 267 1251 1600 1286; baseline 0.001 -1"><span class='ocrx_word' id='word_1_67' title='bbox 267 1251 511 1286; x_wconf 87' lang='grc' dir='ltr'>ωπουσα.</span> <span class='ocrx_word' id='word_1_68' title='bbox 1219 1260 1222 1264; x_wconf 87' lang='grc'><em>’</em></span> <span class='ocrx_word' id='word_1_69' title='bbox 1598 1251 1600 1253; x_wconf 65' lang='grc'><em>’</em></span> 
     </span>
    </p>
   </div>
   <div class='ocr_carea' id='block_1_15' title="bbox 313 1309 1810 1400">
    <p class='ocr_par' dir='ltr' id='par_1_15' title="bbox 335 1325 1810 1400">
     <span class='ocr_line' id='line_1_15' title="bbox 335 1325 1810 1400; baseline 0.003 -25"><span class='ocrx_word' id='word_1_70' title='bbox 335 1326 451 1387; x_wconf 82' lang='grc' dir='ltr'><strong>Φῶς</strong></span> <span class='ocrx_word' id='word_1_71' title='bbox 483 1327 516 1395; x_wconf 82' lang='grc' dir='ltr'>ὴ</span> <span class='ocrx_word' id='word_1_72' title='bbox 547 1325 770 1378; x_wconf 79' lang='grc' dir='ltr'>τεκοῦσα</span> <span class='ocrx_word' id='word_1_73' title='bbox 795 1327 882 1379; x_wconf 82' lang='grc' dir='ltr'><strong>τὸν</strong></span> <span class='ocrx_word' id='word_1_74' title='bbox 910 1328 1062 1389; x_wconf 78' lang='grc' dir='ltr'>Θεὸν,</span> <span class='ocrx_word' id='word_1_75' title='bbox 1097 1330 1472 1399; x_wconf 79' lang='grc' dir='ltr'>ἐσκοτισμένον</span> <span class='ocrx_word' id='word_1_76' title='bbox 1513 1349 1576 1400; x_wconf 80' lang='grc' dir='ltr'><strong>με</strong></span> <span class='ocrx_word' id='word_1_77' title='bbox 1611 1331 1810 1392; x_wconf 79' lang='grc' dir='ltr'>πάσαις</span> 
     </span>
    </p>
   </div>
   <div class='ocr_carea' id='block_1_16' title="bbox 265 1416 1805 1491">
    <p class='ocr_par' dir='ltr' id='par_1_16' title="bbox 265 1416 1805 1491">
     <span class='ocr_line' id='line_1_16' title="bbox 265 1416 1805 1491; baseline 0.004 -23"><span class='ocrx_word' id='word_1_78' title='bbox 265 1418 385 1478; x_wconf 86' lang='grc' dir='ltr'>ταῖς</span> <span class='ocrx_word' id='word_1_79' title='bbox 417 1416 712 1485; x_wconf 74' lang='grc' dir='ltr'>μεθοδείαις</span> <span class='ocrx_word' id='word_1_80' title='bbox 750 1418 838 1470; x_wconf 84' lang='grc' dir='ltr'><strong>τοῦ</strong></span> <span class='ocrx_word' id='word_1_81' title='bbox 883 1420 1094 1490; x_wconf 76' lang='grc' dir='ltr'>ἐχθροῦ,</span> <span class='ocrx_word' id='word_1_82' title='bbox 1134 1422 1225 1473; x_wconf 74' lang='grc' dir='ltr'><strong>καὶ</strong></span> <span class='ocrx_word' id='word_1_83' title='bbox 1265 1423 1520 1491; x_wconf 76' lang='grc' dir='ltr'><strong>ῥᾳθύμως</strong></span> <span class='ocrx_word' id='word_1_84' title='bbox 1571 1422 1805 1491; x_wconf 76' lang='grc' dir='ltr'><strong>βιοῦντα,</strong></span> 
     </span>
    </p>
   </div>
   <div class='ocr_carea' id='block_1_17' title="bbox 264 1503 1810 1580">
    <p class='ocr_par' dir='ltr' id='par_1_17' title="bbox 264 1503 1810 1580">
     <span class='ocr_line' id='line_1_17' title="bbox 264 1503 1810 1580; baseline 0.004 -24"><span class='ocrx_word' id='word_1_85' title='bbox 264 1505 360 1557; x_wconf 80' lang='grc' dir='ltr'>καὶ</span> <span class='ocrx_word' id='word_1_86' title='bbox 394 1506 789 1575; x_wconf 79' lang='grc' dir='ltr'>παροργίζοντα</span> <span class='ocrx_word' id='word_1_87' title='bbox 824 1510 976 1571; x_wconf 73' lang='grc' dir='ltr'>Θεὸν,</span> <span class='ocrx_word' id='word_1_88' title='bbox 1024 1511 1350 1579; x_wconf 82' lang='grc' dir='ltr'>πανάμωμε,</span> <span class='ocrx_word' id='word_1_89' title='bbox 1396 1503 1648 1578; x_wconf 64' lang='grc' dir='ltr'>φώτισὸν,</span> <span class='ocrx_word' id='word_1_90' title='bbox 1689 1510 1810 1580; x_wconf 74' lang='grc' dir='ltr'><strong>ὁδη-</strong></span> 
     </span>
    </p>
   </div>
   <div class='ocr_carea' id='block_1_18' title="bbox 261 1589 1807 1669">
    <p class='ocr_par' dir='ltr' id='par_1_18' title="bbox 261 1589 1807 1669">
     <span class='ocr_line' id='line_1_18' title="bbox 261 1589 1807 1669; baseline 0.004 -25"><span class='ocrx_word' id='word_1_91' title='bbox 261 1593 442 1659; x_wconf 83' lang='grc' dir='ltr'><strong>γοῦσα</strong></span> <span class='ocrx_word' id='word_1_92' title='bbox 476 1589 616 1664; x_wconf 77' lang='grc' dir='ltr'>πρὸξ</span> <span class='ocrx_word' id='word_1_93' title='bbox 637 1597 1114 1669; x_wconf 74' lang='grc' dir='ltr'>καλὰςὲργασίας,</span> <span class='ocrx_word' id='word_1_94' title='bbox 1145 1599 1216 1662; x_wconf 84' lang='grc' dir='ltr'><strong>ὡς</strong></span> <span class='ocrx_word' id='word_1_95' title='bbox 1250 1601 1394 1653; x_wconf 81' lang='grc' dir='ltr'>αἰτία</span> <span class='ocrx_word' id='word_1_96' title='bbox 1428 1599 1561 1652; x_wconf 68' lang='grc' dir='ltr'>οὗτοι</span> <span class='ocrx_word' id='word_1_97' title='bbox 1591 1600 1807 1652; x_wconf 83' lang='grc' dir='ltr'>πάντων</span> 
     </span>
    </p>
   </div>
   <div class='ocr_carea' id='block_1_19' title="bbox 259 1683 598 1739">
    <p class='ocr_par' dir='ltr' id='par_1_19' title="bbox 259 1683 598 1739">
     <span class='ocr_line' id='line_1_19' title="bbox 259 1683 598 1739; baseline 0.012 -5"><span class='ocrx_word' id='word_1_98' title='bbox 259 1683 370 1736; x_wconf 84' lang='grc' dir='ltr'>τῶν</span> <span class='ocrx_word' id='word_1_99' title='bbox 402 1685 598 1739; x_wconf 85' lang='grc' dir='ltr'>καλῶν.</span> 
     </span>
    </p>
   </div>
   <div class='ocr_carea' id='block_1_20' title="bbox 273 1902 1807 2029">
    <p class='ocr_par' dir='ltr' id='par_1_20' title="bbox 273 1902 1807 2029">
     <span class='ocr_line' id='line_1_20' title="bbox 273 1902 1807 2029; baseline -0.002 -72"><span class='ocrx_word' id='word_1_100' title='bbox 273 1902 379 1957; x_wconf 81' lang='grc' dir='ltr'>Ἐκ</span> <span class='ocrx_word' id='word_1_101' title='bbox 436 1902 542 1957; x_wconf 83' lang='grc' dir='ltr'><strong>τοῦ</strong></span> <span class='ocrx_word' id='word_1_102' title='bbox 607 1904 858 1970; x_wconf 81' lang='grc' dir='ltr'><strong>κανόνος</strong></span> <span class='ocrx_word' id='word_1_103' title='bbox 1085 1903 1495 1974; x_wconf 80' lang='grc' dir='ltr'>Παρασκευῆς,</span> <span class='ocrx_word' id='word_1_104' title='bbox 1556 1905 1644 1970; x_wconf 76' lang='grc' dir='ltr'>εις</span> <span class='ocrx_word' id='word_1_105' title='bbox 1702 1903 1807 1955; x_wconf 80' lang='grc' dir='ltr'><strong>τὸν</strong></span> 
     </span>
     <span class='ocr_line' id='line_1_21' title="bbox 497 1991 1748 2029; baseline 0.014 -9"><span class='ocrx_word' id='word_1_106' title='bbox 497 2018 500 2020; x_wconf 84' lang='grc'><strong>,</strong></span> <span class='ocrx_word' id='word_1_107' title='bbox 969 1993 1002 2029; x_wconf 86' lang='grc' dir='ltr'>ο</span> <span class='ocrx_word' id='word_1_108' title='bbox 1041 1991 1164 2029; x_wconf 81' lang='grc' dir='ltr'>οον.</span> <span class='ocrx_word' id='word_1_109' title='bbox 1744 2027 1748 2029; x_wconf 77' lang='lat'>.</span> 
     </span>
    </p>
   </div>
   <div class='ocr_carea' id='block_1_21' title="bbox 962 1991 1164 2043">
    <p class='ocr_par' dir='ltr' id='par_1_21' title="bbox 962 1991 1164 2043">
     <span class='ocr_line' id='line_1_22' title="bbox 962 1991 1164 2043; baseline 0 -14"><span class='ocrx_word' id='word_1_110' title='bbox 962 1991 1164 2043; x_wconf 75' lang='grc' dir='ltr'>ιρσρον.</span> 
     </span>
    </p>
   </div>
   <div class='ocr_carea' id='block_1_22' title="bbox 335 2104 1807 2187">
    <p class='ocr_par' dir='ltr' id='par_1_22' title="bbox 335 2104 1807 2187">
     <span class='ocr_line' id='line_1_23' title="bbox 335 2104 1807 2187; baseline 0.002 -20"><span class='ocrx_word' id='word_1_111' title='bbox 335 2114 542 2186; x_wconf 83' lang='grc' dir='ltr'>Ὠσπερ</span> <span class='ocrx_word' id='word_1_112' title='bbox 592 2104 760 2186; x_wconf 68' lang='grc' dir='ltr'>ἀμνὸν</span> <span class='ocrx_word' id='word_1_113' title='bbox 808 2117 898 2168; x_wconf 74' lang='grc' dir='ltr'><strong>ἐπὶ</strong></span> <span class='ocrx_word' id='word_1_114' title='bbox 945 2115 1178 2187; x_wconf 72' lang='grc' dir='ltr'>σταυροῦ</span> <span class='ocrx_word' id='word_1_115' title='bbox 1229 2117 1514 2186; x_wconf 80' lang='grc' dir='ltr'>καθορῶσα</span> <span class='ocrx_word' id='word_1_116' title='bbox 1555 2119 1586 2187; x_wconf 83' lang='grc' dir='ltr'><strong>ή</strong></span> <span class='ocrx_word' id='word_1_117' title='bbox 1631 2117 1807 2186; x_wconf 74' lang='grc' dir='ltr'>ἀμνὰς</span> 
     </span>
    </p>
   </div>
   <div class='ocr_carea' id='block_1_23' title="bbox 260 2206 1804 2277">
    <p class='ocr_par' dir='ltr' id='par_1_23' title="bbox 260 2206 1804 2277">
     <span class='ocr_line' id='line_1_24' title="bbox 260 2206 1804 2277; baseline 0.001 -18"><span class='ocrx_word' id='word_1_118' title='bbox 260 2206 644 2276; x_wconf 76' lang='grc' dir='ltr'>ἀπαρτηθέντα</span> <span class='ocrx_word' id='word_1_119' title='bbox 689 2206 779 2259; x_wconf 83' lang='grc' dir='ltr'><strong>τὸν</strong></span> <span class='ocrx_word' id='word_1_120' title='bbox 812 2208 1064 2277; x_wconf 77' lang='grc' dir='ltr'>Χριστὸν,</span> <span class='ocrx_word' id='word_1_121' title='bbox 1118 2207 1371 2270; x_wconf 81' lang='grc' dir='ltr'><strong>ἀλαλάζει</strong></span> <span class='ocrx_word' id='word_1_122' title='bbox 1405 2210 1495 2261; x_wconf 78' lang='grc' dir='ltr'><strong>καὶ</strong></span> <span class='ocrx_word' id='word_1_123' title='bbox 1529 2207 1624 2277; x_wconf 82' lang='grc' dir='ltr'><strong>βοᾷ</strong></span> <span class='ocrx_word' id='word_1_124' title='bbox 1651 2225 1663 2239; x_wconf 73' lang='grc' dir='ltr'>ο</span> <span class='ocrx_word' id='word_1_125' title='bbox 1696 2208 1804 2260; x_wconf 83' lang='grc' dir='ltr'><strong>Ποῦ</strong></span> 
     </span>
    </p>
   </div>
   <div class='ocr_carea' id='block_1_24' title="bbox 261 2294 1700 2368">
    <p class='ocr_par' dir='ltr' id='par_1_24' title="bbox 261 2294 1700 2368">
     <span class='ocr_line' id='line_1_25' title="bbox 261 2294 1700 2368; baseline -0.001 -20"><span class='ocrx_word' id='word_1_126' title='bbox 261 2311 357 2348; x_wconf 83' lang='grc' dir='ltr'><strong>σου</strong></span> <span class='ocrx_word' id='word_1_127' title='bbox 385 2294 505 2349; x_wconf 70' lang='grc' dir='ltr'>ἔθου</span> <span class='ocrx_word' id='word_1_128' title='bbox 531 2295 591 2348; x_wconf 76' lang='grc' dir='ltr'>τὸ</span> <span class='ocrx_word' id='word_1_129' title='bbox 619 2296 831 2362; x_wconf 83' lang='grc' dir='ltr'>κάλλος,</span> <span class='ocrx_word' id='word_1_130' title='bbox 864 2297 1182 2368; x_wconf 87' lang='grc' dir='ltr'>μακρόθυμε</span> <span class='ocrx_word' id='word_1_131' title='bbox 1212 2297 1307 2349; x_wconf 82' lang='grc' dir='ltr'><strong>Υἱὲ</strong></span> <span class='ocrx_word' id='word_1_132' title='bbox 1350 2297 1654 2367; x_wconf 85' lang='grc' dir='ltr'>προάναρχε</span> <span class='ocrx_word' id='word_1_133' title='bbox 1685 2314 1700 2362; x_wconf 84' lang='grc'><strong>;</strong></span> 
     </span>
    </p>
   </div>
   <div class='ocr_carea' id='block_1_25' title="bbox 332 2470 1805 2545">
    <p class='ocr_par' dir='ltr' id='par_1_25' title="bbox 332 2470 1805 2545">
     <span class='ocr_line' id='line_1_26' title="bbox 332 2470 1805 2545; baseline 0.003 -21"><span class='ocrx_word' id='word_1_134' title='bbox 332 2470 704 2540; x_wconf 79' lang='grc' dir='ltr'><strong>Εὐλογημένος</strong></span> <span class='ocrx_word' id='word_1_135' title='bbox 733 2474 830 2540; x_wconf 83' lang='grc' dir='ltr'>τῆς</span> <span class='ocrx_word' id='word_1_136' title='bbox 862 2474 1066 2537; x_wconf 81' lang='grc' dir='ltr'>κοιλίας</span> <span class='ocrx_word' id='word_1_137' title='bbox 1108 2491 1198 2527; x_wconf 91' lang='grc' dir='ltr'><strong>σου</strong></span> <span class='ocrx_word' id='word_1_138' title='bbox 1239 2475 1266 2527; x_wconf 80' lang='grc' dir='ltr'>ὁ</span> <span class='ocrx_word' id='word_1_139' title='bbox 1298 2474 1524 2545; x_wconf 77' lang='grc' dir='ltr'>καρπὸς,</span> <span class='ocrx_word' id='word_1_140' title='bbox 1568 2475 1805 2545; x_wconf 85' lang='grc' dir='ltr'>Παρθένε</span> 
     </span>
    </p>
   </div>
   <div class='ocr_carea' id='block_1_26' title="bbox 258 2559 1805 2634">
    <p class='ocr_par' dir='ltr' id='par_1_26' title="bbox 258 2559 1805 2634">
     <span class='ocr_line' id='line_1_27' title="bbox 258 2559 1805 2634; baseline 0.005 -22"><span class='ocrx_word' id='word_1_141' title='bbox 258 2559 594 2631; x_wconf 85' lang='grc' dir='ltr'>πανύμνητε,</span> <span class='ocrx_word' id='word_1_142' title='bbox 625 2564 653 2614; x_wconf 85' lang='grc' dir='ltr'><strong><em>ὁ</em></strong></span> <span class='ocrx_word' id='word_1_143' title='bbox 681 2563 804 2626; x_wconf 79' lang='grc' dir='ltr'>τοὺς</span> <span class='ocrx_word' id='word_1_144' title='bbox 845 2563 1146 2632; x_wconf 78' lang='grc' dir='ltr'>φθαρέντας</span> <span class='ocrx_word' id='word_1_145' title='bbox 1186 2565 1261 2634; x_wconf 85' lang='grc' dir='ltr'>τῷ</span> <span class='ocrx_word' id='word_1_146' title='bbox 1294 2565 1509 2634; x_wconf 84' lang='grc' dir='ltr'>καρπῷ,</span> <span class='ocrx_word' id='word_1_147' title='bbox 1540 2567 1625 2618; x_wconf 87' lang='grc' dir='ltr'><strong>διὰ</strong></span> <span class='ocrx_word' id='word_1_148' title='bbox 1651 2566 1805 2630; x_wconf 82' lang='grc' dir='ltr'>ξύλου</span> 
     </span>
    </p>
   </div>
   <div class='ocr_carea' id='block_1_27' title="bbox 258 2650 1804 2724">
    <p class='ocr_par' dir='ltr' id='par_1_27' title="bbox 258 2650 1804 2724">
     <span class='ocr_line' id='line_1_28' title="bbox 258 2650 1804 2724; baseline 0.001 -18"><span class='ocrx_word' id='word_1_149' title='bbox 258 2650 493 2721; x_wconf 77' lang='grc' dir='ltr'>σταυροῦ</span> <span class='ocrx_word' id='word_1_150' title='bbox 548 2651 710 2704; x_wconf 86' lang='grc' dir='ltr'>αὐτοῦ</span> <span class='ocrx_word' id='word_1_151' title='bbox 775 2652 1076 2724; x_wconf 80' lang='grc' dir='ltr'>ἀφθαρσίας</span> <span class='ocrx_word' id='word_1_152' title='bbox 1132 2657 1476 2724; x_wconf 82' lang='grc' dir='ltr'>καταστήσας</span> <span class='ocrx_word' id='word_1_153' title='bbox 1517 2658 1804 2720; x_wconf 77' lang='grc' dir='ltr'>κοινωνοὺς</span> 
     </span>
    </p>
   </div>
   <div class='ocr_carea' id='block_1_28' title="bbox 259 2741 611 2811">
    <p class='ocr_par' dir='ltr' id='par_1_28' title="bbox 259 2741 611 2811">
     <span class='ocr_line' id='line_1_29' title="bbox 259 2741 611 2811; baseline 0.011 -19"><span class='ocrx_word' id='word_1_154' title='bbox 259 2741 381 2810; x_wconf 75' lang='grc' dir='ltr'>θείᾳ</span> <span class='ocrx_word' id='word_1_155' title='bbox 407 2742 611 2811; x_wconf 81' lang='grc' dir='ltr'>χάριτι.</span> 
     </span>
    </p>
   </div>
   <div class='ocr_carea' id='block_1_29' title="bbox 343 2830 1803 2905">
    <p class='ocr_par' dir='ltr' id='par_1_29' title="bbox 343 2830 1803 2905">
     <span class='ocr_line' id='line_1_30' title="bbox 343 2830 1803 2905; baseline 0.007 -23"><span class='ocrx_word' id='word_1_156' title='bbox 343 2830 410 2883; x_wconf 81' lang='grc' dir='ltr'><strong>Οῐ</strong></span> <span class='ocrx_word' id='word_1_157' title='bbox 465 2848 573 2900; x_wconf 84' lang='grc' dir='ltr'>μοι,</span> <span class='ocrx_word' id='word_1_158' title='bbox 617 2833 831 2887; x_wconf 80' lang='grc' dir='ltr'>τέκνονὲ</span> <span class='ocrx_word' id='word_1_159' title='bbox 888 2835 1003 2897; x_wconf 85' lang='grc' dir='ltr'><strong>πῶς</strong></span> <span class='ocrx_word' id='word_1_160' title='bbox 1052 2835 1230 2905; x_wconf 76' lang='grc' dir='ltr'>βλέψω</span> <span class='ocrx_word' id='word_1_161' title='bbox 1276 2854 1334 2889; x_wconf 83' lang='grc' dir='ltr'><strong>σε</strong></span> <span class='ocrx_word' id='word_1_162' title='bbox 1375 2839 1469 2890; x_wconf 70' lang='grc' dir='ltr'>ἐπὶ</span> <span class='ocrx_word' id='word_1_163' title='bbox 1503 2837 1595 2891; x_wconf 83' lang='grc' dir='ltr'><strong>τοῦ</strong></span> <span class='ocrx_word' id='word_1_164' title='bbox 1651 2837 1803 2902; x_wconf 82' lang='grc' dir='ltr'>ξύλου</span> 
     </span>
    </p>
   </div>
   <div class='ocr_carea' id='block_1_30' title="bbox 257 2919 1804 2997">
    <p class='ocr_par' dir='ltr' id='par_1_30' title="bbox 257 2919 1804 2997">
     <span class='ocr_line' id='line_1_31' title="bbox 257 2919 1804 2997; baseline 0.005 -26"><span class='ocrx_word' id='word_1_165' title='bbox 257 2919 652 2990; x_wconf 79' lang='grc' dir='ltr'><strong>ἀνηρτημένον,</strong></span> <span class='ocrx_word' id='word_1_166' title='bbox 697 2921 789 2974; x_wconf 79' lang='grc' dir='ltr'>καὶ</span> <span class='ocrx_word' id='word_1_167' title='bbox 829 2923 1026 2984; x_wconf 84' lang='grc' dir='ltr'>ἀδίκως</span> <span class='ocrx_word' id='word_1_168' title='bbox 1066 2923 1481 2992; x_wconf 87' lang='grc' dir='ltr'>θανατούμενον,</span> <span class='ocrx_word' id='word_1_169' title='bbox 1532 2925 1629 2996; x_wconf 82' lang='grc' dir='ltr'>τὴν</span> <span class='ocrx_word' id='word_1_170' title='bbox 1663 2925 1804 2997; x_wconf 80' lang='grc' dir='ltr'><strong>ζωὴν</strong></span> 
     </span>
    </p>
   </div>
   <div class='ocr_carea' id='block_1_31' title="bbox 259 3008 1492 3083">
    <p class='ocr_par' dir='ltr' id='par_1_31' title="bbox 259 3008 1492 3083">
     <span class='ocr_line' id='line_1_32' title="bbox 259 3008 1492 3083; baseline 0.005 -21"><span class='ocrx_word' id='word_1_171' title='bbox 259 3008 565 3082; x_wconf 83' lang='grc' dir='ltr'>παρέχοντα</span> <span class='ocrx_word' id='word_1_172' title='bbox 588 3027 604 3078; x_wconf 86' lang='lat'><strong>;</strong></span> <span class='ocrx_word' id='word_1_173' title='bbox 638 3013 672 3081; x_wconf 72' lang='grc' dir='ltr'><strong>ἡ</strong></span> <span class='ocrx_word' id='word_1_174' title='bbox 699 3011 973 3082; x_wconf 78' lang='grc' dir='ltr'>Παρθένος</span> <span class='ocrx_word' id='word_1_175' title='bbox 1004 3013 1264 3067; x_wconf 81' lang='grc' dir='ltr'>κλαίουσα</span> <span class='ocrx_word' id='word_1_176' title='bbox 1291 3014 1492 3083; x_wconf 68' lang='grc' dir='ltr'>ἔλεγεν.</span> 
     </span>
    </p>
   </div>
   <div class='ocr_carea' id='block_1_32' title="bbox 325 3195 1804 3271">
    <p class='ocr_par' dir='ltr' id='par_1_32' title="bbox 325 3195 1804 3271">
     <span class='ocr_line' id='line_1_33' title="bbox 325 3195 1804 3271; baseline 0.001 -22"><span class='ocrx_word' id='word_1_177' title='bbox 325 3195 558 3271; x_wconf 22' lang='grc' dir='ltr'>,Ῥάϐδος</span> <span class='ocrx_word' id='word_1_178' title='bbox 596 3197 628 3266; x_wconf 82' lang='grc' dir='ltr'>ή</span> <span class='ocrx_word' id='word_1_179' title='bbox 653 3195 865 3265; x_wconf 76' lang='grc' dir='ltr'>ἔντιμος</span> <span class='ocrx_word' id='word_1_180' title='bbox 892 3198 924 3266; x_wconf 78' lang='grc' dir='ltr'>ἡ</span> <span class='ocrx_word' id='word_1_181' title='bbox 963 3197 1306 3267; x_wconf 85' lang='grc' dir='ltr'>βλαστήσασα</span> <span class='ocrx_word' id='word_1_182' title='bbox 1333 3198 1525 3271; x_wconf 69' lang='grc' dir='ltr'>κλάδον</span> <span class='ocrx_word' id='word_1_183' title='bbox 1553 3200 1804 3268; x_wconf 83' lang='grc' dir='ltr'>ἀμάραν-</span> 
     </span>
    </p>
   </div>
   <div class='ocr_carea' id='block_1_33' title="bbox 259 3283 1802 3361">
    <p class='ocr_par' dir='ltr' id='par_1_33' title="bbox 259 3283 1802 3361">
     <span class='ocr_line' id='line_1_34' title="bbox 259 3283 1802 3361; baseline 0.001 -22"><span class='ocrx_word' id='word_1_184' title='bbox 259 3303 374 3351; x_wconf 78' lang='grc' dir='ltr'>τον,</span> <span class='ocrx_word' id='word_1_185' title='bbox 414 3286 782 3361; x_wconf 76' lang='grc' dir='ltr'>ἀνυψούμενον</span> <span class='ocrx_word' id='word_1_186' title='bbox 823 3283 981 3340; x_wconf 67' lang='grc' dir='ltr'>αὺτὸν</span> <span class='ocrx_word' id='word_1_187' title='bbox 1012 3289 1085 3350; x_wconf 85' lang='grc' dir='ltr'><strong>ὡς</strong></span> <span class='ocrx_word' id='word_1_188' title='bbox 1121 3288 1348 3340; x_wconf 75' lang='grc' dir='ltr'>ἔϐλεπεν</span> <span class='ocrx_word' id='word_1_189' title='bbox 1381 3289 1471 3340; x_wconf 71' lang='grc' dir='ltr'>ἐπὶ</span> <span class='ocrx_word' id='word_1_190' title='bbox 1498 3289 1592 3341; x_wconf 84' lang='grc' dir='ltr'><strong>τοῦ</strong></span> <span class='ocrx_word' id='word_1_191' title='bbox 1624 3289 1802 3354; x_wconf 81' lang='grc' dir='ltr'>ξύλου,</span> 
     </span>
    </p>
   </div>
   <div class='ocr_carea' id='block_1_34' title="bbox 257 3375 1571 3447">
    <p class='ocr_par' dir='ltr' id='par_1_34' title="bbox 257 3375 1571 3447">
     <span class='ocr_line' id='line_1_35' title="bbox 257 3375 1571 3447; baseline 0.002 -19"><span class='ocrx_word' id='word_1_192' title='bbox 257 3377 504 3429; x_wconf 69' lang='grc' dir='ltr'>Δέσποτα</span> <span class='ocrx_word' id='word_1_193' title='bbox 550 3376 878 3444; x_wconf 77' lang='grc' dir='ltr'>ὲκοαύγαζε,</span> <span class='ocrx_word' id='word_1_194' title='bbox 910 3375 1000 3447; x_wconf 70' lang='grc' dir='ltr'><strong>’μὴ</strong></span> <span class='ocrx_word' id='word_1_195' title='bbox 1029 3378 1249 3431; x_wconf 77' lang='grc' dir='ltr'>ἄτεκνον</span> <span class='ocrx_word' id='word_1_196' title='bbox 1273 3377 1448 3447; x_wconf 79' lang='grc' dir='ltr'>δείξῃς</span> <span class='ocrx_word' id='word_1_197' title='bbox 1481 3394 1571 3446; x_wconf 91' lang='grc' dir='ltr'><strong>με.</strong></span> 
     </span>
    </p>
   </div>
   <div class='ocr_carea' id='block_1_35' title="bbox 332 3632 1861 3717">
    <p class='ocr_par' dir='ltr' id='par_1_35' title="bbox 332 3632 1861 3717">
     <span class='ocr_line' id='line_1_36' title="bbox 332 3632 1861 3717; baseline -0.007 -15"><span class='ocrx_word' id='word_1_198' title='bbox 332 3649 482 3702; x_wconf 73' lang='grc' dir='ltr'>Μετὰ</span> <span class='ocrx_word' id='word_1_199' title='bbox 506 3649 680 3712; x_wconf 80' lang='grc' dir='ltr'>τόκον,</span> <span class='ocrx_word' id='word_1_200' title='bbox 715 3632 1043 3717; x_wconf 83' lang='grc' dir='ltr'>πανάμωμε,</span> <span class='ocrx_word' id='word_1_201' title='bbox 1071 3646 1144 3708; x_wconf 85' lang='grc' dir='ltr'>ὠς</span> <span class='ocrx_word' id='word_1_202' title='bbox 1174 3645 1278 3716; x_wconf 66' lang='grc' dir='ltr'>πρὸ</span> <span class='ocrx_word' id='word_1_203' title='bbox 1307 3645 1463 3699; x_wconf 80' lang='grc' dir='ltr'>τόκου</span> <span class='ocrx_word' id='word_1_204' title='bbox 1493 3646 1760 3716; x_wconf 79' lang='grc' dir='ltr'>διέμεινοις</span> <span class='ocrx_word' id='word_1_205' title='bbox 1783 3664 1797 3678; x_wconf 84' lang='grc' dir='ltr'><strong>ο</strong></span> <span class='ocrx_word' id='word_1_206' title='bbox 1860 3689 1861 3692; x_wconf 45' lang='grc' dir='ltr'><strong>η</strong></span> 
     </span>
    </p>
   </div>
   <div class='ocr_carea' id='block_1_36' title="bbox 258 3737 1674 3808">
    <p class='ocr_par' dir='ltr' id='par_1_36' title="bbox 258 3737 1674 3808">
     <span class='ocr_line' id='line_1_37' title="bbox 258 3737 1674 3808; baseline -0.001 -16"><span class='ocrx_word' id='word_1_207' title='bbox 258 3738 393 3793; x_wconf 69' lang='grc' dir='ltr'>Θεὸν</span> <span class='ocrx_word' id='word_1_208' title='bbox 416 3738 528 3808; x_wconf 71' lang='grc' dir='ltr'><strong>γὰρ</strong></span> <span class='ocrx_word' id='word_1_209' title='bbox 545 3739 778 3806; x_wconf 77' lang='grc' dir='ltr'>ὲκύησας</span> <span class='ocrx_word' id='word_1_210' title='bbox 808 3738 949 3807; x_wconf 80' lang='grc' dir='ltr'>ξύλῳ</span> <span class='ocrx_word' id='word_1_211' title='bbox 976 3738 1066 3790; x_wconf 72' lang='grc' dir='ltr'><strong>τὸν</strong></span> <span class='ocrx_word' id='word_1_212' title='bbox 1094 3737 1374 3807; x_wconf 77' lang='grc' dir='ltr'>ἄνθρωπον</span> <span class='ocrx_word' id='word_1_213' title='bbox 1406 3740 1674 3791; x_wconf 83' lang='grc' dir='ltr'>σώσαντα.</span> 
     </span>
    </p>
   </div>
   <div class='ocr_carea' id='block_1_37' title="bbox 331 3973 1800 4074">
    <p class='ocr_par' dir='ltr' id='par_1_37' title="bbox 331 3973 1800 4074">
     <span class='ocr_line' id='line_1_38' title="bbox 331 3973 1800 4074; baseline -0.004 -16"><span class='ocrx_word' id='word_1_214' title='bbox 331 4003 734 4074; x_wconf 77' lang='grc' dir='ltr'>Σταυρούμενον</span> <span class='ocrx_word' id='word_1_215' title='bbox 800 3973 979 4073; x_wconf 73' lang='grc' dir='ltr'>ὁρῶσα</span> <span class='ocrx_word' id='word_1_216' title='bbox 1028 4001 1117 4054; x_wconf 79' lang='grc' dir='ltr'>τὸν</span> <span class='ocrx_word' id='word_1_217' title='bbox 1174 4002 1374 4072; x_wconf 78' lang='grc' dir='ltr'>Κύριον</span> <span class='ocrx_word' id='word_1_218' title='bbox 1432 4003 1464 4071; x_wconf 80' lang='grc' dir='ltr'>ἡ</span> <span class='ocrx_word' id='word_1_219' title='bbox 1517 4002 1800 4070; x_wconf 75' lang='grc' dir='ltr'>ἄμεμπτος</span> 
     </span>
    </p>
   </div>
   <div class='ocr_carea' id='block_1_38' title="bbox 329 4168 1796 4256">
    <p class='ocr_par' dir='ltr' id='par_1_38' title="bbox 329 4168 1796 4256">
     <span class='ocr_line' id='line_1_39' title="bbox 329 4168 1796 4256; baseline -0.008 -18"><span class='ocrx_word' id='word_1_220' title='bbox 329 4168 406 4256; x_wconf 41' lang='grc'><strong>’(8)</strong></span> <span class='ocrx_word' id='word_1_221' title='bbox 439 4184 519 4237; x_wconf 83' lang='lat' dir='ltr'><strong>An</strong></span> <span class='ocrx_word' id='word_1_222' title='bbox 561 4184 633 4256; x_wconf 55' lang='grc' dir='ltr'>Β,</span> <span class='ocrx_word' id='word_1_223' title='bbox 672 4177 942 4251; x_wconf 78' lang='lat' dir='ltr'><strong>Virginem</strong></span> <span class='ocrx_word' id='word_1_224' title='bbox 997 4179 1144 4256; x_wconf 79' lang='lat' dir='ltr'><strong>omni</strong></span> <span class='ocrx_word' id='word_1_225' title='bbox 1185 4178 1366 4256; x_wconf 87' lang='lat' dir='ltr'><strong>_laude</strong></span> <span class='ocrx_word' id='word_1_226' title='bbox 1415 4176 1796 4256; x_wconf 67' lang='lat' dir='ltr'><strong>dignissimam</strong></span> 
     </span>
    </p>
   </div>
   <div class='ocr_carea' id='block_1_39' title="bbox 250 4245 1798 4334">
    <p class='ocr_par' dir='ltr' id='par_1_39' title="bbox 250 4245 1798 4334">
     <span class='ocr_line' id='line_1_40' title="bbox 250 4245 1798 4334; baseline -0.009 -26"><span class='ocrx_word' id='word_1_227' title='bbox 250 4245 521 4334; x_wconf 70' lang='lat' dir='ltr'><strong>judicent,</strong></span> <span class='ocrx_word' id='word_1_228' title='bbox 549 4255 637 4320; x_wconf 89' lang='lat' dir='ltr'><strong>qui</strong></span> <span class='ocrx_word' id='word_1_229' title='bbox 674 4245 814 4313; x_wconf 64' lang='lat' dir='ltr'><strong>cani,</strong></span> <span class='ocrx_word' id='word_1_230' title='bbox 839 4260 1002 4334; x_wconf 81' lang='lat' dir='ltr'><strong>totam</strong></span> <span class='ocrx_word' id='word_1_231' title='bbox 1059 4245 1798 4334; x_wconf 35' lang='lat' dir='ltr'><strong>pulchram.-et‘lortnosain,</strong></span> 
     </span>
    </p>
   </div>
   <div class='ocr_carea' id='block_1_40' title="bbox 260 4319 1798 4390">
    <p class='ocr_par' dir='ltr' id='par_1_40' title="bbox 260 4319 1798 4390">
     <span class='ocr_line' id='line_1_41' title="bbox 260 4319 1798 4390; baseline -0.008 -15"><span class='ocrx_word' id='word_1_232' title='bbox 260 4319 319 4375; x_wconf 87' lang='lat' dir='ltr'><strong>in</strong></span> <span class='ocrx_word' id='word_1_233' title='bbox 351 4335 451 4374; x_wconf 86' lang='lat' dir='ltr'><strong>suo</strong></span> <span class='ocrx_word' id='word_1_234' title='bbox 493 4319 750 4390; x_wconf 80' lang='lat' dir='ltr'><strong>conceptu</strong></span> <span class='ocrx_word' id='word_1_235' title='bbox 801 4319 1124 4390; x_wconf 80' lang='lat' dir='ltr'><strong>maculosam</strong></span> <span class='ocrx_word' id='word_1_236' title='bbox 1172 4319 1538 4390; x_wconf 81' lang='lat' dir='ltr'><strong>constituunt;</strong></span> <span class='ocrx_word' id='word_1_237' title='bbox 1565 4319 1655 4390; x_wconf 87' lang='lat' dir='ltr'><strong>qui</strong></span> <span class='ocrx_word' id='word_1_238' title='bbox 1683 4328 1798 4390; x_wconf 78' lang='lat' dir='ltr'><strong>eam</strong></span> 
     </span>
    </p>
   </div>
   <div class='ocr_carea' id='block_1_41' title="bbox 154 4381 1800 4458">
    <p class='ocr_par' dir='ltr' id='par_1_41' title="bbox 154 4381 1800 4458">
     <span class='ocr_line' id='line_1_42' title="bbox 154 4381 1800 4458; baseline -0.007 -14"><span class='ocrx_word' id='word_1_239' title='bbox 154 4444 164 4455; x_wconf 72' lang='grc'><strong>,</strong></span> <span class='ocrx_word' id='word_1_240' title='bbox 258 4391 511 4449; x_wconf 82' lang='lat' dir='ltr'><strong>liberam,</strong></span> <span class='ocrx_word' id='word_1_241' title='bbox 538 4381 865 4458; x_wconf 83' lang='lat' dir='ltr'><strong>magistram,</strong></span> <span class='ocrx_word' id='word_1_242' title='bbox 897 4388 1198 4458; x_wconf 72' lang='lat' dir='ltr'><strong>daemonum</strong></span> <span class='ocrx_word' id='word_1_243' title='bbox 1228 4383 1525 4443; x_wconf 76' lang='lat' dir='ltr'><strong>victricem,</strong></span> <span class='ocrx_word' id='word_1_244' title='bbox 1570 4381 1800 4434; x_wconf 81' lang='lat' dir='ltr'><strong>daemoni</strong></span> 
     </span>
    </p>
   </div>
   <div class='ocr_carea' id='block_1_42' title="bbox 256 4453 1804 4524">
    <p class='ocr_par' dir='ltr' id='par_1_42' title="bbox 256 4453 1804 4524">
     <span class='ocr_line' id='line_1_43' title="bbox 256 4453 1804 4524; baseline -0.008 -11"><span class='ocrx_word' id='word_1_245' title='bbox 256 4459 557 4524; x_wconf 75' lang='lat' dir='ltr'><strong>subjectam</strong></span> <span class='ocrx_word' id='word_1_246' title='bbox 587 4453 788 4511; x_wconf 58' lang='lat' dir='ltr'><strong>fa&#39;ciunt</strong></span> <span class='ocrx_word' id='word_1_247' title='bbox 819 4474 832 4508; x_wconf 87' lang='lat'><strong>:</strong></span> <span class='ocrx_word' id='word_1_248' title='bbox 864 4457 954 4523; x_wconf 87' lang='lat' dir='ltr'><strong>qui</strong></span> <span class='ocrx_word' id='word_1_249' title='bbox 996 4453 1325 4524; x_wconf 83' lang='lat' dir='ltr'><strong>benedictam</strong></span> <span class='ocrx_word' id='word_1_250' title='bbox 1369 4466 1460 4518; x_wconf 86' lang='lat' dir='ltr'><strong>per</strong></span> <span class='ocrx_word' id='word_1_251' title='bbox 1503 4464 1688 4524; x_wconf 75' lang='lat' dir='ltr'><strong>omnes</strong></span> <span class='ocrx_word' id='word_1_252' title='bbox 1710 4463 1804 4516; x_wconf 87' lang='lat' dir='ltr'><strong>ge-</strong></span> 
     </span>
    </p>
   </div>
   <div class='ocr_carea' id='block_1_43' title="bbox 256 4519 1801 4596">
    <p class='ocr_par' dir='ltr' id='par_1_43' title="bbox 256 4519 1801 4596">
     <span class='ocr_line' id='line_1_44' title="bbox 256 4519 1801 4596; baseline -0.009 -15"><span class='ocrx_word' id='word_1_253' title='bbox 256 4519 587 4596; x_wconf 72' lang='lat' dir='ltr'><strong>nerationes,</strong></span> <span class='ocrx_word' id='word_1_254' title='bbox 631 4535 689 4581; x_wconf 92' lang='lat' dir='ltr'><strong>ut</strong></span> <span class='ocrx_word' id='word_1_255' title='bbox 718 4519 948 4593; x_wconf 75' lang='lat' dir='ltr'><strong>reliquos</strong></span> <span class='ocrx_word' id='word_1_256' title='bbox 988 4522 1118 4574; x_wconf 67' lang='lat' dir='ltr'><strong>Adae</strong></span> <span class='ocrx_word' id='word_1_257' title='bbox 1153 4529 1393 4596; x_wconf 76' lang='lat' dir='ltr'><strong>posteros</strong></span> <span class='ocrx_word' id='word_1_258' title='bbox 1443 4519 1801 4596; x_wconf 79' lang='lat' dir='ltr'><strong>maledictam,</strong></span> 
     </span>
    </p>
   </div>
   <div class='ocr_carea' id='block_1_44' title="bbox 258 4588 1797 4661">
    <p class='ocr_par' dir='ltr' id='par_1_44' title="bbox 258 4588 1797 4661">
     <span class='ocr_line' id='line_1_45' title="bbox 258 4588 1797 4661; baseline -0.01 -11"><span class='ocrx_word' id='word_1_259' title='bbox 258 4593 480 4650; x_wconf 75' lang='lat' dir='ltr'><strong>sceleris</strong></span> <span class='ocrx_word' id='word_1_260' title='bbox 531 4588 890 4661; x_wconf 83' lang='lat' dir='ltr'><strong>purissimam,</strong></span> <span class='ocrx_word' id='word_1_261' title='bbox 946 4601 1163 4661; x_wconf 85' lang='lat' dir='ltr'><strong>peccato</strong></span> <span class='ocrx_word' id='word_1_262' title='bbox 1190 4588 1408 4661; x_wconf 86' lang='lat' dir='ltr'><strong>originis</strong></span> <span class='ocrx_word' id='word_1_263' title='bbox 1466 4588 1797 4661; x_wconf 77' lang='lat' dir='ltr'><strong>temeratam,</strong></span> 
     </span>
    </p>
   </div>
   <div class='ocr_carea' id='block_1_45' title="bbox 255 4657 1803 4732">
    <p class='ocr_par' dir='ltr' id='par_1_45' title="bbox 255 4657 1803 4732">
     <span class='ocr_line' id='line_1_46' title="bbox 255 4657 1803 4732; baseline -0.008 -15"><span class='ocrx_word' id='word_1_264' title='bbox 255 4663 484 4717; x_wconf 64' lang='lat' dir='ltr'><strong>ﬂatrem</strong></span> <span class='ocrx_word' id='word_1_265' title='bbox 509 4657 740 4732; x_wconf 84' lang='lat' dir='ltr'><strong>denique</strong></span> <span class='ocrx_word' id='word_1_266' title='bbox 770 4657 971 4732; x_wconf 66' lang='lat' dir='ltr'><strong>gratiae,</strong></span> <span class='ocrx_word' id='word_1_267' title='bbox 1006 4660 1102 4732; x_wconf 80' lang='lat' dir='ltr'><strong>ipsi</strong></span> <span class='ocrx_word' id='word_1_268' title='bbox 1132 4660 1350 4732; x_wconf 77' lang='lat' dir='ltr'><strong>Auctori</strong></span> <span class='ocrx_word' id='word_1_269' title='bbox 1378 4657 1560 4732; x_wconf 70' lang='lat' dir='ltr'><strong>gratia:</strong></span> <span class='ocrx_word' id='word_1_270' title='bbox 1585 4668 1803 4706; x_wconf 85' lang='lat' dir='ltr'><strong>cxosam</strong></span> 
     </span>
    </p>
   </div>
   <div class='ocr_carea' id='block_1_46' title="bbox 257 4727 1802 4803">
    <p class='ocr_par' dir='ltr' id='par_1_46' title="bbox 257 4727 1802 4803">
     <span class='ocr_line' id='line_1_47' title="bbox 257 4727 1802 4803; baseline -0.009 -19"><span class='ocrx_word' id='word_1_271' title='bbox 257 4727 669 4803; x_wconf 60' lang='lat' dir='ltr'><strong>ingratamque&#39;</strong></span> <span class='ocrx_word' id='word_1_272' title='bbox 699 4727 795 4801; x_wconf 76' lang='lat' dir='ltr'><strong>pro</strong></span> <span class='ocrx_word' id='word_1_273' title='bbox 861 4731 951 4803; x_wconf 76' lang='lat' dir='ltr'><strong>illo</strong></span> <span class='ocrx_word' id='word_1_274' title='bbox 1005 4731 1176 4803; x_wconf 80' lang='lat' dir='ltr'><strong>primo</strong></span> <span class='ocrx_word' id='word_1_275' title='bbox 1244 4727 1461 4803; x_wconf 74' lang='lat' dir='ltr'><strong>instanti</strong></span> <span class='ocrx_word' id='word_1_276' title='bbox 1508 4732 1802 4803; x_wconf 63' lang='lat' dir='ltr'><strong>asserunt:</strong></span> 
     </span>
    </p>
   </div>
   <div class='ocr_carea' id='block_1_47' title="bbox 259 4790 1806 4866">
    <p class='ocr_par' dir='ltr' id='par_1_47' title="bbox 259 4790 1806 4866">
     <span class='ocr_line' id='line_1_48' title="bbox 259 4790 1806 4866; baseline -0.006 -14"><span class='ocrx_word' id='word_1_277' title='bbox 259 4790 436 4860; x_wconf 70' lang='lat' dir='ltr'><strong>tuum,</strong></span> <span class='ocrx_word' id='word_1_278' title='bbox 465 4790 750 4864; x_wconf 54' lang='lat' dir='ltr'><strong>mi&#39;lectu&#39;r,</strong></span> <span class='ocrx_word' id='word_1_279' title='bbox 777 4809 890 4852; x_wconf 89' lang='lat' dir='ltr'><strong>esto</strong></span> <span class='ocrx_word' id='word_1_280' title='bbox 934 4790 1214 4866; x_wconf 79' lang='lat' dir='ltr'><strong>judicium.</strong></span> <span class='ocrx_word' id='word_1_281' title='bbox 1239 4795 1394 4866; x_wconf 77' lang='lat' dir='ltr'><strong>Certe</strong></span> <span class='ocrx_word' id='word_1_282' title='bbox 1428 4791 1628 4866; x_wconf 75' lang='lat' dir='ltr'><strong>homini</strong></span> <span class='ocrx_word' id='word_1_283' title='bbox 1671 4790 1806 4866; x_wconf 69' lang='lat' dir='ltr'><strong>lide-</strong></span> 
     </span>
    </p>
   </div>
   <div class='ocr_carea' id='block_1_48' title="bbox 258 4858 1806 4940">
    <p class='ocr_par' dir='ltr' id='par_1_48' title="bbox 258 4858 1806 4940">
     <span class='ocr_line' id='line_1_49' title="bbox 258 4858 1806 4940; baseline -0.007 -18"><span class='ocrx_word' id='word_1_284' title='bbox 258 4858 474 4922; x_wconf 83' lang='lat' dir='ltr'><strong>ltssitno</strong></span> <span class='ocrx_word' id='word_1_285' title='bbox 514 4858 998 4940; x_wconf 13' lang='lat' dir='ltr'><strong>ﬂeretrinjui‘iafsi</strong></span> <span class='ocrx_word' id='word_1_286' title='bbox 1028 4864 1094 4940; x_wconf 86' lang='lat' dir='ltr'><strong>de</strong></span> <span class='ocrx_word' id='word_1_287' title='bbox 1144 4867 1230 4916; x_wconf 89' lang='lat' dir='ltr'><strong>illo</strong></span> <span class='ocrx_word' id='word_1_288' title='bbox 1276 4863 1396 4928; x_wconf 84' lang='lat' dir='ltr'><strong>quis</strong></span> <span class='ocrx_word' id='word_1_289' title='bbox 1445 4858 1806 4940; x_wconf 65' lang='lat' dir='ltr'><strong>diceretilste</strong></span> 
     </span>
    </p>
   </div>
   <div class='ocr_carea' id='block_1_49' title="bbox 258 4928 1803 5006">
    <p class='ocr_par' dir='ltr' id='par_1_49' title="bbox 258 4928 1803 5006">
     <span class='ocr_line' id='line_1_50' title="bbox 258 4928 1803 5006; baseline -0.007 -18"><span class='ocrx_word' id='word_1_290' title='bbox 258 4945 350 5006; x_wconf 77' lang='lat' dir='ltr'><strong>est</strong></span> <span class='ocrx_word' id='word_1_291' title='bbox 403 4952 607 5005; x_wconf 73' lang='lat' dir='ltr'><strong>magna:</strong></span> <span class='ocrx_word' id='word_1_292' title='bbox 660 4928 1101 5006; x_wconf 81' lang='lat' dir='ltr'><strong>lidelitalis,quia</strong></span> <span class='ocrx_word' id='word_1_293' title='bbox 1146 4944 1439 5006; x_wconf 74' lang='lat' dir='ltr'><strong>nunquam,</strong></span> <span class='ocrx_word' id='word_1_294' title='bbox 1462 4930 1568 5006; x_wconf 75' lang='lat' dir='ltr'><strong>nisi</strong></span> <span class='ocrx_word' id='word_1_295' title='bbox 1615 4928 1803 5005; x_wconf 73' lang='lat' dir='ltr'><strong>Semel,</strong></span> 
     </span>
    </p>
   </div>
   <div class='ocr_carea' id='block_1_50' title="bbox 257 5000 1805 5072">
    <p class='ocr_par' dir='ltr' id='par_1_50' title="bbox 257 5000 1805 5072">
     <span class='ocr_line' id='line_1_51' title="bbox 257 5000 1805 5072; baseline -0.008 -13"><span class='ocrx_word' id='word_1_296' title='bbox 257 5004 368 5059; x_wconf 74' lang='lat' dir='ltr'><strong>fuit</strong></span> <span class='ocrx_word' id='word_1_297' title='bbox 394 5000 628 5072; x_wconf 80' lang='lat' dir='ltr'><strong>proditor</strong></span> <span class='ocrx_word' id='word_1_298' title='bbox 658 5008 740 5059; x_wconf 89' lang='lat' dir='ltr'><strong>sui</strong></span> <span class='ocrx_word' id='word_1_299' title='bbox 769 5006 907 5072; x_wconf 89' lang='lat' dir='ltr'><strong>regis</strong></span> <span class='ocrx_word' id='word_1_300' title='bbox 936 5019 946 5052; x_wconf 93' lang='lat'>:</span> <span class='ocrx_word' id='word_1_301' title='bbox 987 5005 1066 5054; x_wconf 83' lang='lat' dir='ltr'><strong>vel</strong></span> <span class='ocrx_word' id='word_1_302' title='bbox 1106 5006 1149 5054; x_wconf 90' lang='lat' dir='ltr'><strong>si</strong></span> <span class='ocrx_word' id='word_1_303' title='bbox 1176 5002 1240 5052; x_wconf 90' lang='lat' dir='ltr'><strong>de</strong></span> <span class='ocrx_word' id='word_1_304' title='bbox 1270 5000 1665 5072; x_wconf 80' lang='lat' dir='ltr'><strong>sapientissimo</strong></span> <span class='ocrx_word' id='word_1_305' title='bbox 1690 5000 1805 5047; x_wconf 85' lang='lat' dir='ltr'><strong>viro</strong></span> 
     </span>
    </p>
   </div>
   <div class='ocr_carea' id='block_1_51' title="bbox 257 5068 1805 5139">
    <p class='ocr_par' dir='ltr' id='par_1_51' title="bbox 257 5068 1805 5139">
     <span class='ocr_line' id='line_1_52' title="bbox 257 5068 1805 5139; baseline -0.008 -11"><span class='ocrx_word' id='word_1_306' title='bbox 257 5068 570 5128; x_wconf 72' lang='lat' dir='ltr'><strong>diceretur:</strong></span> <span class='ocrx_word' id='word_1_307' title='bbox 609 5073 705 5126; x_wconf 87' lang='lat' dir='ltr'><strong>Hic</strong></span> <span class='ocrx_word' id='word_1_308' title='bbox 734 5083 814 5127; x_wconf 82' lang='lat' dir='ltr'><strong>est</strong></span> <span class='ocrx_word' id='word_1_309' title='bbox 833 5068 1283 5139; x_wconf 75' lang='lat' dir='ltr'><strong>sapientissimus,</strong></span> <span class='ocrx_word' id='word_1_310' title='bbox 1317 5068 1568 5139; x_wconf 64' lang='lat' dir='ltr'><strong>quoniam</strong></span> <span class='ocrx_word' id='word_1_311' title='bbox 1605 5074 1805 5139; x_wconf 71' lang='lat' dir='ltr'><strong>tantum</strong></span> 
     </span>
    </p>
   </div>
   <div class='ocr_carea' id='block_1_52' title="bbox 258 5132 1805 5210">
    <p class='ocr_par' dir='ltr' id='par_1_52' title="bbox 258 5132 1805 5210">
     <span class='ocr_line' id='line_1_53' title="bbox 258 5132 1805 5210; baseline -0.008 -14"><span class='ocrx_word' id='word_1_312' title='bbox 258 5142 432 5196; x_wconf 79' lang='lat' dir='ltr'><strong>semel</strong></span> <span class='ocrx_word' id='word_1_313' title='bbox 461 5143 561 5196; x_wconf 76' lang='lat' dir='ltr'><strong>l‘uit</strong></span> <span class='ocrx_word' id='word_1_314' title='bbox 593 5144 808 5196; x_wconf 77' lang='lat' dir='ltr'><strong>Slultus.</strong></span> <span class='ocrx_word' id='word_1_315' title='bbox 845 5132 1124 5210; x_wconf 78' lang='lat' dir='ltr'><strong>Quomodo</strong></span> <span class='ocrx_word' id='word_1_316' title='bbox 1149 5140 1307 5210; x_wconf 87' lang='lat' dir='ltr'><strong>igitur</strong></span> <span class='ocrx_word' id='word_1_317' title='bbox 1332 5135 1399 5210; x_wconf 40' lang='grc' dir='ltr'>Β,</span> <span class='ocrx_word' id='word_1_318' title='bbox 1429 5132 1584 5210; x_wconf 64' lang='lat' dir='ltr'><strong>Virgo</strong></span> <span class='ocrx_word' id='word_1_319' title='bbox 1619 5134 1805 5185; x_wconf 86' lang='lat' dir='ltr'><strong>lauda-</strong></span> 
     </span>
    </p>
   </div>
   <div class='ocr_carea' id='block_1_53' title="bbox 261 5202 1807 5271">
    <p class='ocr_par' dir='ltr' id='par_1_53' title="bbox 261 5202 1807 5271">
     <span class='ocr_line' id='line_1_54' title="bbox 261 5202 1807 5271; baseline -0.008 -7"><span class='ocrx_word' id='word_1_320' title='bbox 261 5209 432 5271; x_wconf 77' lang='lat' dir='ltr'><strong>bitur,</strong></span> <span class='ocrx_word' id='word_1_321' title='bbox 477 5214 520 5264; x_wconf 90' lang='lat' dir='ltr'><strong>si</strong></span> <span class='ocrx_word' id='word_1_322' title='bbox 547 5215 610 5264; x_wconf 88' lang='lat' dir='ltr'><strong>de</strong></span> <span class='ocrx_word' id='word_1_323' title='bbox 657 5213 743 5264; x_wconf 90' lang='lat' dir='ltr'><strong>illa</strong></span> <span class='ocrx_word' id='word_1_324' title='bbox 783 5202 1031 5263; x_wconf 73' lang='lat' dir='ltr'><strong>dicatur:</strong></span> <span class='ocrx_word' id='word_1_325' title='bbox 1063 5202 1332 5259; x_wconf 68' lang='lat' dir='ltr'><strong>Laudetur</strong></span> <span class='ocrx_word' id='word_1_326' title='bbox 1368 5206 1424 5255; x_wconf 86' lang='grc' dir='ltr'><strong>Β.</strong></span> <span class='ocrx_word' id='word_1_327' title='bbox 1463 5202 1645 5270; x_wconf 74' lang='lat' dir='ltr'><strong>Virgo,</strong></span> <span class='ocrx_word' id='word_1_328' title='bbox 1690 5216 1807 5268; x_wconf 66' lang='lat' dir='ltr'><strong>qua:</strong></span> 
     </span>
    </p>
   </div>
   <div class='ocr_carea' id='block_1_54' title="bbox 261 5274 1804 5348">
    <p class='ocr_par' dir='ltr' id='par_1_54' title="bbox 261 5274 1804 5348">
     <span class='ocr_line' id='line_1_55' title="bbox 261 5274 1804 5348; baseline -0.006 -18"><span class='ocrx_word' id='word_1_329' title='bbox 261 5280 482 5332; x_wconf 86' lang='lat' dir='ltr'><strong>nonnisi</strong></span> <span class='ocrx_word' id='word_1_330' title='bbox 530 5296 621 5348; x_wconf 89' lang='lat' dir='ltr'><strong>per</strong></span> <span class='ocrx_word' id='word_1_331' title='bbox 676 5281 883 5348; x_wconf 79' lang='lat' dir='ltr'><strong>instans</strong></span> <span class='ocrx_word' id='word_1_332' title='bbox 938 5277 1036 5328; x_wconf 85' lang='lat' dir='ltr'><strong>luit</strong></span> <span class='ocrx_word' id='word_1_333' title='bbox 1111 5274 1471 5328; x_wconf 86' lang='lat' dir='ltr'><strong>contaminata</strong></span> <span class='ocrx_word' id='word_1_334' title='bbox 1549 5281 1804 5348; x_wconf 63' lang='lat' dir='ltr'><strong>peccato;</strong></span> 
     </span>
    </p>
   </div>
   <div class='ocr_carea' id='block_1_55' title="bbox 258 5346 1808 5412">
    <p class='ocr_par' dir='ltr' id='par_1_55' title="bbox 258 5346 1808 5412">
     <span class='ocr_line' id='line_1_56' title="bbox 258 5346 1808 5412; baseline -0.009 -10"><span class='ocrx_word' id='word_1_335' title='bbox 258 5346 737 5402; x_wconf 42' lang='lat' dir='ltr'><strong>laudetur—Mater</strong></span> <span class='ocrx_word' id='word_1_336' title='bbox 796 5347 910 5408; x_wconf 85' lang='lat' dir='ltr'><strong>Dei,</strong></span> <span class='ocrx_word' id='word_1_337' title='bbox 965 5360 1083 5411; x_wconf 67' lang='lat' dir='ltr'><strong>qum</strong></span> <span class='ocrx_word' id='word_1_338' title='bbox 1141 5356 1302 5412; x_wconf 82' lang='lat' dir='ltr'><strong>parvo</strong></span> <span class='ocrx_word' id='word_1_339' title='bbox 1356 5353 1595 5412; x_wconf 72' lang='lat' dir='ltr'><strong>tempore</strong></span> <span class='ocrx_word' id='word_1_340' title='bbox 1662 5346 1808 5412; x_wconf 74' lang='lat' dir='ltr'><strong>stetit</strong></span> 
     </span>
    </p>
   </div>
   <div class='ocr_carea' id='block_1_56' title="bbox 259 5410 1808 5472">
    <p class='ocr_par' dir='ltr' id='par_1_56' title="bbox 259 5410 1808 5472">
     <span class='ocr_line' id='line_1_57' title="bbox 259 5410 1808 5472; baseline -0.008 -2"><span class='ocrx_word' id='word_1_341' title='bbox 259 5431 418 5470; x_wconf 70' lang='lat' dir='ltr'><strong>serva</strong></span> <span class='ocrx_word' id='word_1_342' title='bbox 448 5419 642 5470; x_wconf 84' lang='lat' dir='ltr'><strong>diaboli</strong></span> <span class='ocrx_word' id='word_1_343' title='bbox 671 5419 692 5470; x_wconf 88' lang='lat'><strong>?</strong></span> <span class='ocrx_word' id='word_1_344' title='bbox 725 5416 853 5469; x_wconf 84' lang='lat' dir='ltr'><strong>Vide</strong></span> <span class='ocrx_word' id='word_1_345' title='bbox 887 5410 1103 5470; x_wconf 71' lang='lat' dir='ltr'><strong>[iustum</strong></span> <span class='ocrx_word' id='word_1_346' title='bbox 1140 5410 1191 5466; x_wconf 81' lang='lat' dir='ltr'><strong>in</strong></span> <span class='ocrx_word' id='word_1_347' title='bbox 1233 5411 1432 5464; x_wconf 81' lang='lat' dir='ltr'><strong>Mariali</strong></span> <span class='ocrx_word' id='word_1_348' title='bbox 1460 5412 1632 5462; x_wconf 77' lang='lat' dir='ltr'><strong>Serm.</strong></span> <span class='ocrx_word' id='word_1_349' title='bbox 1662 5411 1712 5472; x_wconf 89' lang='lat'><strong>9,</strong></span> <span class='ocrx_word' id='word_1_350' title='bbox 1743 5410 1808 5458; x_wconf 89' lang='lat' dir='ltr'><strong>de</strong></span> 
     </span>
    </p>
   </div>
   <div class='ocr_carea' id='block_1_57' title="bbox 258 5485 1776 5556">
    <p class='ocr_par' dir='ltr' id='par_1_57' title="bbox 258 5485 1776 5556">
     <span class='ocr_line' id='line_1_58' title="bbox 258 5485 1776 5556; baseline 0.009 -19"><span class='ocrx_word' id='word_1_351' title='bbox 258 5485 520 5556; x_wconf 75' lang='lat' dir='ltr'><strong>Concept.</strong></span> <span class='ocrx_word' id='word_1_352' title='bbox 549 5495 698 5556; x_wconf 87' lang='lat' dir='ltr'><strong>parte</strong></span> <span class='ocrx_word' id='word_1_353' title='bbox 726 5502 780 5538; x_wconf 87' lang='grc' dir='ltr'><strong>ιι.</strong></span> <span class='ocrx_word' id='word_1_354' title='bbox 842 5554 848 5556; x_wconf 20' lang='grc' dir='ltr'><em>Α</em></span> <span class='ocrx_word' id='word_1_355' title='bbox 1057 5553 1064 5556; x_wconf 94' lang='lat'>_</span> <span class='ocrx_word' id='word_1_356' title='bbox 1152 5552 1162 5556; x_wconf 88' lang='lat'><em>_</em></span> <span class='ocrx_word' id='word_1_357' title='bbox 1363 5549 1373 5556; x_wconf 57' lang='grc'><strong>,</strong></span> <span class='ocrx_word' id='word_1_358' title='bbox 1749 5547 1776 5556; x_wconf 85' lang='grc'><strong>,,</strong></span> 
     </span>
    </p>
   </div>
   <div class='ocr_carea' id='block_1_58' title="bbox 339 5547 1803 5623">
    <p class='ocr_par' dir='ltr' id='par_1_58' title="bbox 339 5547 1803 5623">
     <span class='ocr_line' id='line_1_59' title="bbox 339 5547 1803 5623; baseline -0.008 -14"><span class='ocrx_word' id='word_1_359' title='bbox 339 5556 416 5623; x_wconf 85' lang='lat'><strong>(9)</strong></span> <span class='ocrx_word' id='word_1_360' title='bbox 447 5547 583 5607; x_wconf 68' lang='lat' dir='ltr'><strong>Vere</strong></span> <span class='ocrx_word' id='word_1_361' title='bbox 616 5555 681 5607; x_wconf 88' lang='lat' dir='ltr'><strong>ab</strong></span> <span class='ocrx_word' id='word_1_362' title='bbox 709 5554 854 5608; x_wconf 88' lang='lat' dir='ltr'><strong>omni</strong></span> <span class='ocrx_word' id='word_1_363' title='bbox 886 5553 1101 5623; x_wconf 81' lang='lat' dir='ltr'><strong>.macula</strong></span> <span class='ocrx_word' id='word_1_364' title='bbox 1152 5549 1408 5623; x_wconf 81' lang='lat' dir='ltr'><strong>immunis</strong></span> <span class='ocrx_word' id='word_1_365' title='bbox 1441 5558 1545 5623; x_wconf 84' lang='lat' dir='ltr'><strong>tam</strong></span> <span class='ocrx_word' id='word_1_366' title='bbox 1586 5547 1803 5623; x_wconf 71' lang='lat' dir='ltr'><strong>actuali,</strong></span> 
     </span>
    </p>
   </div>
   <div class='ocr_carea' id='block_1_59' title="bbox 257 5616 1806 5694">
    <p class='ocr_par' dir='ltr' id='par_1_59' title="bbox 257 5616 1806 5694">
     <span class='ocr_line' id='line_1_60' title="bbox 257 5616 1806 5694; baseline -0.007 -16"><span class='ocrx_word' id='word_1_367' title='bbox 257 5616 425 5694; x_wconf 73' lang='lat' dir='ltr'><strong>quam</strong></span> <span class='ocrx_word' id='word_1_368' title='bbox 456 5625 724 5692; x_wconf 81' lang='lat' dir='ltr'><strong>originali,</strong></span> <span class='ocrx_word' id='word_1_369' title='bbox 755 5638 915 5690; x_wconf 78' lang='lat' dir='ltr'><strong>quam</strong></span> <span class='ocrx_word' id='word_1_370' title='bbox 962 5622 1194 5676; x_wconf 77' lang='lat' dir='ltr'><strong>Ecclesia</strong></span> <span class='ocrx_word' id='word_1_371' title='bbox 1242 5621 1296 5674; x_wconf 91' lang='lat' dir='ltr'><strong>in</strong></span> <span class='ocrx_word' id='word_1_372' title='bbox 1342 5621 1570 5687; x_wconf 85' lang='lat' dir='ltr'><strong>quodam</strong></span> <span class='ocrx_word' id='word_1_373' title='bbox 1605 5616 1806 5669; x_wconf 80' lang='lat' dir='ltr'><strong>Missali</strong></span> 
     </span>
    </p>
   </div>
   <div class='ocr_carea' id='block_1_60' title="bbox 1910 509 2793 565">
    <p class='ocr_par' dir='ltr' id='par_1_60' title="bbox 1910 509 2793 565">
     <span class='ocr_line' id='line_1_61' title="bbox 1910 509 2793 565; baseline 0.003 -3"><span class='ocrx_word' id='word_1_374' title='bbox 1910 509 2124 562; x_wconf 73' lang='lat' dir='ltr'><strong>divitias</strong></span> <span class='ocrx_word' id='word_1_375' title='bbox 2163 509 2545 563; x_wconf 66' lang='lat' dir='ltr'><strong>misericordiae</strong></span> <span class='ocrx_word' id='word_1_376' title='bbox 2575 524 2702 563; x_wconf 71' lang='lat' dir='ltr'><strong>sum.</strong></span> <span class='ocrx_word' id='word_1_377' title='bbox 2788 560 2793 565; x_wconf 91' lang='lat'><strong><em>.</em></strong></span> 
     </span>
    </p>
   </div>
   <div class='ocr_carea' id='block_1_61' title="bbox 1936 598 3452 672">
    <p class='ocr_par' dir='ltr' id='par_1_61' title="bbox 1936 598 3452 672">
     <span class='ocr_line' id='line_1_62' title="bbox 1936 598 3452 672; baseline -0.001 -18"><span class='ocrx_word' id='word_1_378' title='bbox 1936 669 1937 672; x_wconf 17' lang='grc' dir='ltr'><strong>η</strong></span> <span class='ocrx_word' id='word_1_379' title='bbox 1980 598 2022 654; x_wconf 92' lang='grc' dir='ltr'>Ο</span> <span class='ocrx_word' id='word_1_380' title='bbox 2048 601 2388 654; x_wconf 86' lang='lat' dir='ltr'><strong>sanctissima</strong></span> <span class='ocrx_word' id='word_1_381' title='bbox 2429 601 2586 669; x_wconf 86' lang='lat' dir='ltr'><strong>Virgo</strong></span> <span class='ocrx_word' id='word_1_382' title='bbox 2620 601 2865 668; x_wconf 82' lang='lat' dir='ltr'><strong>Deipara,</strong></span> <span class='ocrx_word' id='word_1_383' title='bbox 2901 616 2996 653; x_wconf 90' lang='lat' dir='ltr'><strong>nos</strong></span> <span class='ocrx_word' id='word_1_384' title='bbox 3030 600 3165 655; x_wconf 82' lang='lat' dir='ltr'><strong>servi</strong></span> <span class='ocrx_word' id='word_1_385' title='bbox 3203 600 3276 653; x_wconf 88' lang='lat' dir='ltr'><strong>tui</strong></span> <span class='ocrx_word' id='word_1_386' title='bbox 3311 615 3452 653; x_wconf 88' lang='lat' dir='ltr'><strong>sem-</strong></span> 
     </span>
    </p>
   </div>
   <div class='ocr_carea' id='block_1_62' title="bbox 1909 691 3453 759">
    <p class='ocr_par' dir='ltr' id='par_1_62' title="bbox 1909 691 3453 759">
     <span class='ocr_line' id='line_1_63' title="bbox 1909 691 3453 759; baseline 0.001 -16"><span class='ocrx_word' id='word_1_387' title='bbox 1909 704 2004 757; x_wconf 88' lang='lat' dir='ltr'><strong>per</strong></span> <span class='ocrx_word' id='word_1_388' title='bbox 2052 702 2211 744; x_wconf 87' lang='lat' dir='ltr'><strong>noctu</strong></span> <span class='ocrx_word' id='word_1_389' title='bbox 2270 691 2471 759; x_wconf 85' lang='lat' dir='ltr'><strong>diuque</strong></span> <span class='ocrx_word' id='word_1_390' title='bbox 2531 694 2764 746; x_wconf 83' lang='lat' dir='ltr'><strong>contrito</strong></span> <span class='ocrx_word' id='word_1_391' title='bbox 2818 693 2978 746; x_wconf 90' lang='lat' dir='ltr'><strong>corde</strong></span> <span class='ocrx_word' id='word_1_392' title='bbox 3040 703 3088 745; x_wconf 89' lang='lat' dir='ltr'><strong>te</strong></span> <span class='ocrx_word' id='word_1_393' title='bbox 3142 692 3453 759; x_wconf 85' lang='lat' dir='ltr'><strong>suppliciter</strong></span> 
     </span>
    </p>
   </div>
   <div class='ocr_carea' id='block_1_63' title="bbox 1908 782 3454 852">
    <p class='ocr_par' dir='ltr' id='par_1_63' title="bbox 1908 782 3454 852">
     <span class='ocr_line' id='line_1_64' title="bbox 1908 782 3454 852; baseline 0.002 -19"><span class='ocrx_word' id='word_1_394' title='bbox 1908 795 2227 844; x_wconf 83' lang='lat' dir='ltr'><strong>exoramus,</strong></span> <span class='ocrx_word' id='word_1_395' title='bbox 2275 791 2331 834; x_wconf 88' lang='lat' dir='ltr'><strong>ut</strong></span> <span class='ocrx_word' id='word_1_396' title='bbox 2378 782 2757 852; x_wconf 81' lang='lat' dir='ltr'><strong>indulgentiam</strong></span> <span class='ocrx_word' id='word_1_397' title='bbox 2806 783 3158 851; x_wconf 88' lang='lat' dir='ltr'><strong>plurimorum</strong></span> <span class='ocrx_word' id='word_1_398' title='bbox 3209 793 3454 852; x_wconf 86' lang='lat' dir='ltr'><strong>peccato-</strong></span> 
     </span>
    </p>
   </div>
   <div class='ocr_carea' id='block_1_64' title="bbox 1909 871 3169 940">
    <p class='ocr_par' dir='ltr' id='par_1_64' title="bbox 1909 871 3169 940">
     <span class='ocr_line' id='line_1_65' title="bbox 1909 871 3169 940; baseline 0.002 -17"><span class='ocrx_word' id='word_1_399' title='bbox 1909 887 2028 923; x_wconf 88' lang='lat' dir='ltr'><strong>rum</strong></span> <span class='ocrx_word' id='word_1_400' title='bbox 2061 879 2389 923; x_wconf 66' lang='lat' dir='ltr'><strong>nostrorum&quot;</strong></span> <span class='ocrx_word' id='word_1_401' title='bbox 2404 871 2559 924; x_wconf 86' lang='lat' dir='ltr'><strong>nobis</strong></span> <span class='ocrx_word' id='word_1_402' title='bbox 2589 871 2816 940; x_wconf 84' lang='lat' dir='ltr'><strong>benigna</strong></span> <span class='ocrx_word' id='word_1_403' title='bbox 2843 872 3169 939; x_wconf 87' lang='lat' dir='ltr'><strong>impertiaris</strong></span> 
     </span>
    </p>
   </div>
   <div class='ocr_carea' id='block_1_65' title="bbox 1981 959 3447 1029">
    <p class='ocr_par' dir='ltr' id='par_1_65' title="bbox 1981 959 3447 1029">
     <span class='ocr_line' id='line_1_66' title="bbox 1981 959 3447 1029; baseline 0 -17"><span class='ocrx_word' id='word_1_404' title='bbox 1981 959 2212 1021; x_wconf 84' lang='lat' dir='ltr'><strong>Mcdcre,</strong></span> <span class='ocrx_word' id='word_1_405' title='bbox 2241 976 2444 1029; x_wconf 77' lang='lat' dir='ltr'><strong>qttzcso,</strong></span> <span class='ocrx_word' id='word_1_406' title='bbox 2475 961 2653 1028; x_wconf 78' lang='lat' dir='ltr'><strong>pravis</strong></span> <span class='ocrx_word' id='word_1_407' title='bbox 2692 961 3065 1016; x_wconf 75' lang='lat' dir='ltr'><strong>affectionibus</strong></span> <span class='ocrx_word' id='word_1_408' title='bbox 3110 962 3286 1015; x_wconf 83' lang='lat' dir='ltr'><strong>cordis</strong></span> <span class='ocrx_word' id='word_1_409' title='bbox 3321 975 3447 1022; x_wconf 81' lang='lat' dir='ltr'><strong>mel,</strong></span> 
     </span>
    </p>
   </div>
   <div class='ocr_carea' id='block_1_66' title="bbox 1891 1048 3448 1118">
    <p class='ocr_par' dir='ltr' id='par_1_66' title="bbox 1891 1048 3448 1118">
     <span class='ocr_line' id='line_1_67' title="bbox 1891 1048 3448 1118; baseline 0 -17"><span class='ocrx_word' id='word_1_410' title='bbox 1891 1058 1984 1110; x_wconf 89' lang='lat' dir='ltr'><strong>-tu,</strong></span> <span class='ocrx_word' id='word_1_411' title='bbox 2012 1066 2042 1101; x_wconf 90' lang='grc' dir='ltr'>ο</span> <span class='ocrx_word' id='word_1_412' title='bbox 2081 1048 2258 1118; x_wconf 75' lang='lat' dir='ltr'><strong>Virgo,</strong></span> <span class='ocrx_word' id='word_1_413' title='bbox 2290 1065 2410 1118; x_wconf 74' lang='lat' dir='ltr'><strong>qua:</strong></span> <span class='ocrx_word' id='word_1_414' title='bbox 2437 1050 2676 1102; x_wconf 88' lang='lat' dir='ltr'><strong>omnium</strong></span> <span class='ocrx_word' id='word_1_415' title='bbox 2714 1051 2978 1103; x_wconf 83' lang='lat' dir='ltr'><strong>medicum</strong></span> <span class='ocrx_word' id='word_1_416' title='bbox 3011 1050 3367 1118; x_wconf 83' lang='lat' dir='ltr'><strong>progenuisti,</strong></span> <span class='ocrx_word' id='word_1_417' title='bbox 3395 1057 3448 1101; x_wconf 75' lang='grc' dir='ltr'><strong>υι</strong></span> 
     </span>
    </p>
   </div>
   <div class='ocr_carea' id='block_1_67' title="bbox 1909 1128 3512 1212">
    <p class='ocr_par' dir='ltr' id='par_1_67' title="bbox 1909 1128 3512 1212">
     <span class='ocr_line' id='line_1_68' title="bbox 1909 1128 3512 1212; baseline 0.001 -23"><span class='ocrx_word' id='word_1_418' title='bbox 1909 1139 2362 1212; x_wconf 68' lang='lat' dir='ltr'><strong>pau-tisjustorum</strong></span> <span class='ocrx_word' id='word_1_419' title='bbox 2401 1139 2481 1192; x_wconf 83' lang='lat' dir='ltr'><strong>fac</strong></span> <span class='ocrx_word' id='word_1_420' title='bbox 2517 1155 2600 1191; x_wconf 88' lang='lat' dir='ltr'><strong>me</strong></span> <span class='ocrx_word' id='word_1_421' title='bbox 2631 1149 2954 1205; x_wconf 84' lang='lat' dir='ltr'><strong>consortem,</strong></span> <span class='ocrx_word' id='word_1_422' title='bbox 2985 1135 3217 1209; x_wconf 82' lang='lat' dir='ltr'><strong>placans’</strong></span> <span class='ocrx_word' id='word_1_423' title='bbox 3239 1154 3334 1209; x_wconf 93' lang='lat' dir='ltr'><strong>pro</strong></span> <span class='ocrx_word' id='word_1_424' title='bbox 3367 1154 3448 1191; x_wconf 90' lang='lat' dir='ltr'><strong>me</strong></span> <span class='ocrx_word' id='word_1_425' title='bbox 3506 1128 3512 1134; x_wconf 74' lang='grc'><em>’</em></span> 
     </span>
    </p>
   </div>
   <div class='ocr_carea' id='block_1_68' title="bbox 1907 1225 2706 1279">
    <p class='ocr_par' dir='ltr' id='par_1_68' title="bbox 1907 1225 2706 1279">
     <span class='ocr_line' id='line_1_69' title="bbox 1907 1225 2706 1279; baseline 0 -1"><span class='ocrx_word' id='word_1_426' title='bbox 1907 1225 2176 1279; x_wconf 84' lang='lat' dir='ltr'><strong>Christum</strong></span> <span class='ocrx_word' id='word_1_427' title='bbox 2207 1228 2547 1279; x_wconf 86' lang='lat' dir='ltr'><strong>orationibus</strong></span> <span class='ocrx_word' id='word_1_428' title='bbox 2580 1227 2706 1279; x_wconf 89' lang='lat' dir='ltr'><strong>tuis.</strong></span> 
     </span>
    </p>
   </div>
   <div class='ocr_carea' id='block_1_69' title="bbox 1975 1316 3450 1386">
    <p class='ocr_par' dir='ltr' id='par_1_69' title="bbox 1975 1316 3450 1386">
     <span class='ocr_line' id='line_1_70' title="bbox 1975 1316 3450 1386; baseline 0.001 -18"><span class='ocrx_word' id='word_1_429' title='bbox 1975 1316 2017 1368; x_wconf 92' lang='grc' dir='ltr'>Ο</span> <span class='ocrx_word' id='word_1_430' title='bbox 2043 1316 2534 1380; x_wconf 88' lang='lat' dir='ltr'><strong>intemeratissima,</strong></span> <span class='ocrx_word' id='word_1_431' title='bbox 2560 1333 2679 1385; x_wconf 68' lang='lat' dir='ltr'><strong>qua:</strong></span> <span class='ocrx_word' id='word_1_432' title='bbox 2712 1318 2949 1371; x_wconf 84' lang='lat' dir='ltr'><strong>divinam</strong></span> <span class='ocrx_word' id='word_1_433' title='bbox 2978 1318 3147 1370; x_wconf 86' lang='lat' dir='ltr'><strong>lucem</strong></span> <span class='ocrx_word' id='word_1_434' title='bbox 3177 1318 3450 1386; x_wconf 79' lang='lat' dir='ltr'><strong>peperisti,</strong></span> 
     </span>
    </p>
   </div>
   <div class='ocr_carea' id='block_1_70' title="bbox 1910 1405 3454 1476">
    <p class='ocr_par' dir='ltr' id='par_1_70' title="bbox 1910 1405 3454 1476">
     <span class='ocr_line' id='line_1_71' title="bbox 1910 1405 3454 1476; baseline 0.003 -19"><span class='ocrx_word' id='word_1_435' title='bbox 1910 1405 2152 1458; x_wconf 90' lang='lat' dir='ltr'><strong>illumiua</strong></span> <span class='ocrx_word' id='word_1_436' title='bbox 2184 1422 2269 1459; x_wconf 91' lang='lat' dir='ltr'><strong>me</strong></span> <span class='ocrx_word' id='word_1_437' title='bbox 2312 1417 2529 1474; x_wconf 85' lang='lat' dir='ltr'><strong>propter</strong></span> <span class='ocrx_word' id='word_1_438' title='bbox 2558 1409 2873 1476; x_wconf 83' lang='lat' dir='ltr'><strong>omnigenas</strong></span> <span class='ocrx_word' id='word_1_439' title='bbox 2914 1409 3084 1462; x_wconf 87' lang='lat' dir='ltr'><strong>hostis</strong></span> <span class='ocrx_word' id='word_1_440' title='bbox 3116 1409 3339 1463; x_wconf 81' lang='lat' dir='ltr'><strong>insidias</strong></span> <span class='ocrx_word' id='word_1_441' title='bbox 3377 1419 3454 1462; x_wconf 89' lang='lat' dir='ltr'><strong>te-</strong></span> 
     </span>
    </p>
   </div>
   <div class='ocr_carea' id='block_1_71' title="bbox 1906 1497 3454 1566">
    <p class='ocr_par' dir='ltr' id='par_1_71' title="bbox 1906 1497 3454 1566">
     <span class='ocr_line' id='line_1_72' title="bbox 1906 1497 3454 1566; baseline 0 -17"><span class='ocrx_word' id='word_1_442' title='bbox 1906 1497 2083 1549; x_wconf 87' lang='lat' dir='ltr'><strong>nebris</strong></span> <span class='ocrx_word' id='word_1_443' title='bbox 2117 1497 2439 1561; x_wconf 87' lang='lat' dir='ltr'><strong>involutum,</strong></span> <span class='ocrx_word' id='word_1_444' title='bbox 2477 1497 2604 1550; x_wconf 92' lang='lat' dir='ltr'><strong>dum</strong></span> <span class='ocrx_word' id='word_1_445' title='bbox 2641 1508 2908 1551; x_wconf 83' lang='lat' dir='ltr'><strong>summam</strong></span> <span class='ocrx_word' id='word_1_446' title='bbox 2940 1515 3036 1566; x_wconf 90' lang='lat' dir='ltr'><strong>per</strong></span> <span class='ocrx_word' id='word_1_447' title='bbox 3067 1499 3333 1566; x_wconf 90' lang='lat' dir='ltr'><strong>ignaviam</strong></span> <span class='ocrx_word' id='word_1_448' title='bbox 3376 1500 3454 1550; x_wconf 84' lang='lat' dir='ltr'><strong>vi-</strong></span> 
     </span>
    </p>
   </div>
   <div class='ocr_carea' id='block_1_72' title="bbox 1905 1587 3454 1658">
    <p class='ocr_par' dir='ltr' id='par_1_72' title="bbox 1905 1587 3454 1658">
     <span class='ocr_line' id='line_1_73' title="bbox 1905 1587 3454 1658; baseline 0.001 -20"><span class='ocrx_word' id='word_1_449' title='bbox 1905 1595 2014 1640; x_wconf 90' lang='lat' dir='ltr'><strong>tam</strong></span> <span class='ocrx_word' id='word_1_450' title='bbox 2049 1587 2297 1652; x_wconf 87' lang='lat' dir='ltr'><strong>traduco,</strong></span> <span class='ocrx_word' id='word_1_451' title='bbox 2325 1596 2377 1640; x_wconf 87' lang='lat' dir='ltr'><strong>et</strong></span> <span class='ocrx_word' id='word_1_452' title='bbox 2413 1587 2577 1658; x_wconf 70' lang='lat' dir='ltr'><strong>Deum</strong></span> <span class='ocrx_word' id='word_1_453' title='bbox 2612 1589 2674 1640; x_wconf 86' lang='lat' dir='ltr'><strong>ad</strong></span> <span class='ocrx_word' id='word_1_454' title='bbox 2707 1589 2837 1641; x_wconf 86' lang='lat' dir='ltr'><strong>iram</strong></span> <span class='ocrx_word' id='word_1_455' title='bbox 2875 1603 3108 1657; x_wconf 87' lang='lat' dir='ltr'><strong>provoco</strong></span> <span class='ocrx_word' id='word_1_456' title='bbox 3138 1607 3151 1641; x_wconf 89' lang='lat'><strong>:</strong></span> <span class='ocrx_word' id='word_1_457' title='bbox 3187 1599 3237 1643; x_wconf 88' lang='lat' dir='ltr'><strong>et</strong></span> <span class='ocrx_word' id='word_1_458' title='bbox 3267 1605 3454 1641; x_wconf 88' lang='lat' dir='ltr'><strong>manu-</strong></span> 
     </span>
    </p>
   </div>
   <div class='ocr_carea' id='block_1_73' title="bbox 1905 1678 3452 1749">
    <p class='ocr_par' dir='ltr' id='par_1_73' title="bbox 1905 1678 3452 1749">
     <span class='ocr_line' id='line_1_74' title="bbox 1905 1678 3452 1749; baseline 0.002 -18"><span class='ocrx_word' id='word_1_459' title='bbox 1905 1678 2009 1731; x_wconf 88' lang='lat' dir='ltr'><strong>duc</strong></span> <span class='ocrx_word' id='word_1_460' title='bbox 2043 1694 2126 1730; x_wconf 92' lang='lat' dir='ltr'><strong>me</strong></span> <span class='ocrx_word' id='word_1_461' title='bbox 2154 1678 2218 1731; x_wconf 83' lang='lat' dir='ltr'><strong>ad</strong></span> <span class='ocrx_word' id='word_1_462' title='bbox 2245 1679 2499 1732; x_wconf 87' lang='lat' dir='ltr'><strong>honestas</strong></span> <span class='ocrx_word' id='word_1_463' title='bbox 2528 1689 2852 1748; x_wconf 81' lang='lat' dir='ltr'><strong>sanctasque</strong></span> <span class='ocrx_word' id='word_1_464' title='bbox 2877 1681 3242 1748; x_wconf 83' lang='lat' dir='ltr'><strong>operationes,</strong></span> <span class='ocrx_word' id='word_1_465' title='bbox 3271 1688 3452 1749; x_wconf 71' lang='lat' dir='ltr'><strong>utpote</strong></span> 
     </span>
    </p>
   </div>
   <div class='ocr_carea' id='block_1_74' title="bbox 1837 1761 2876 1838">
    <p class='ocr_par' dir='ltr' id='par_1_74' title="bbox 1837 1761 2876 1838">
     <span class='ocr_line' id='line_1_75' title="bbox 1837 1761 2876 1838; baseline 0.001 -16"><span class='ocrx_word' id='word_1_466' title='bbox 1837 1761 1879 1814; x_wconf 85' lang='grc' dir='ltr'><strong><em>Β</em></strong></span> <span class='ocrx_word' id='word_1_467' title='bbox 1909 1785 2029 1838; x_wconf 67' lang='lat' dir='ltr'><strong>qua:</strong></span> <span class='ocrx_word' id='word_1_468' title='bbox 2056 1769 2320 1822; x_wconf 87' lang='lat' dir='ltr'><strong>bonorum</strong></span> <span class='ocrx_word' id='word_1_469' title='bbox 2347 1770 2588 1822; x_wconf 89' lang='lat' dir='ltr'><strong>omnium</strong></span> <span class='ocrx_word' id='word_1_470' title='bbox 2613 1785 2669 1823; x_wconf 86' lang='lat' dir='ltr'><strong>es</strong></span> <span class='ocrx_word' id='word_1_471' title='bbox 2695 1785 2876 1824; x_wconf 86' lang='lat' dir='ltr'><strong>causa.</strong></span> 
     </span>
    </p>
   </div>
   <div class='ocr_carea' id='block_1_75' title="bbox 2142 1907 3214 1973">
    <p class='ocr_par' dir='ltr' id='par_1_75' title="bbox 2142 1907 3214 1973">
     <span class='ocr_line' id='line_1_76' title="bbox 2142 1907 3214 1973; baseline 0 -12"><span class='ocrx_word' id='word_1_472' title='bbox 2142 1907 2456 1961; x_wconf 74' lang='lat' dir='ltr'><strong>Ex-canone</strong></span> <span class='ocrx_word' id='word_1_473' title='bbox 2487 1907 2668 1961; x_wconf 69' lang='lat' dir='ltr'><strong>Fet-ica</strong></span> <span class='ocrx_word' id='word_1_474' title='bbox 2693 1907 2745 1973; x_wconf 88' lang='lat'><strong>6,</strong></span> <span class='ocrx_word' id='word_1_475' title='bbox 2779 1909 2847 1961; x_wconf 87' lang='lat' dir='ltr'><strong>ad</strong></span> <span class='ocrx_word' id='word_1_476' title='bbox 2873 1907 3214 1961; x_wconf 79' lang='lat' dir='ltr'><strong>Matutinum.</strong></span> 
     </span>
    </p>
   </div>
   <div class='ocr_carea' id='block_1_76' title="bbox 1942 2114 3450 2191">
    <p class='ocr_par' dir='ltr' id='par_1_76' title="bbox 1942 2114 3450 2191">
     <span class='ocr_line' id='line_1_77' title="bbox 1942 2114 3450 2191; baseline -0.001 -16"><span class='ocrx_word' id='word_1_477' title='bbox 1942 2114 2248 2175; x_wconf 58' lang='lat' dir='ltr'><strong>&#39;Cltristnm</strong></span> <span class='ocrx_word' id='word_1_478' title='bbox 2299 2123 2351 2175; x_wconf 92' lang='lat' dir='ltr'><strong>in</strong></span> <span class='ocrx_word' id='word_1_479' title='bbox 2399 2137 2560 2177; x_wconf 88' lang='lat' dir='ltr'><strong>cruce</strong></span> <span class='ocrx_word' id='word_1_480' title='bbox 2605 2137 2928 2191; x_wconf 88' lang='lat' dir='ltr'><strong>suspensum</strong></span> <span class='ocrx_word' id='word_1_481' title='bbox 2968 2133 3221 2191; x_wconf 84' lang='lat' dir='ltr'><strong>tanquam</strong></span> <span class='ocrx_word' id='word_1_482' title='bbox 3255 2134 3450 2191; x_wconf 84' lang='lat' dir='ltr'><strong>agnum</strong></span> 
     </span>
    </p>
   </div>
   <div class='ocr_carea' id='block_1_77' title="bbox 1905 2210 3454 2280">
    <p class='ocr_par' dir='ltr' id='par_1_77' title="bbox 1905 2210 3454 2280">
     <span class='ocr_line' id='line_1_78' title="bbox 1905 2210 3454 2280; baseline -0.001 -16"><span class='ocrx_word' id='word_1_483' title='bbox 1905 2225 2027 2264; x_wconf 92' lang='lat' dir='ltr'><strong>cum</strong></span> <span class='ocrx_word' id='word_1_484' title='bbox 2066 2213 2217 2280; x_wconf 85' lang='lat' dir='ltr'><strong>Agna</strong></span> <span class='ocrx_word' id='word_1_485' title='bbox 2259 2212 2483 2274; x_wconf 87' lang='lat' dir='ltr'><strong>videret,</strong></span> <span class='ocrx_word' id='word_1_486' title='bbox 2542 2212 2749 2280; x_wconf 77' lang='lat' dir='ltr'><strong>cjulans</strong></span> <span class='ocrx_word' id='word_1_487' title='bbox 2797 2212 3100 2266; x_wconf 85' lang='lat' dir='ltr'><strong>clamabat:</strong></span> <span class='ocrx_word' id='word_1_488' title='bbox 3156 2210 3254 2266; x_wconf 89' lang='lat' dir='ltr'><strong>Ubi</strong></span> <span class='ocrx_word' id='word_1_489' title='bbox 3298 2212 3454 2280; x_wconf 87' lang='lat' dir='ltr'><strong>periit</strong></span> 
     </span>
    </p>
   </div>
   <div class='ocr_carea' id='block_1_78' title="bbox 1905 2299 3452 2367">
    <p class='ocr_par' dir='ltr' id='par_1_78' title="bbox 1905 2299 3452 2367">
     <span class='ocr_line' id='line_1_79' title="bbox 1905 2299 3452 2367; baseline 0 -15"><span class='ocrx_word' id='word_1_490' title='bbox 1905 2299 2250 2367; x_wconf 85' lang='lat' dir='ltr'><strong>pulchritudo</strong></span> <span class='ocrx_word' id='word_1_491' title='bbox 2299 2309 2409 2365; x_wconf 91' lang='lat' dir='ltr'><strong>tua,</strong></span> <span class='ocrx_word' id='word_1_492' title='bbox 2451 2316 2484 2354; x_wconf 89' lang='grc' dir='ltr'>ο</span> <span class='ocrx_word' id='word_1_493' title='bbox 2530 2301 2916 2367; x_wconf 85' lang='lat' dir='ltr'><strong>patientissime</strong></span> <span class='ocrx_word' id='word_1_494' title='bbox 2956 2299 3076 2363; x_wconf 87' lang='lat' dir='ltr'><strong>Fili,</strong></span> <span class='ocrx_word' id='word_1_495' title='bbox 3108 2310 3231 2354; x_wconf 87' lang='lat' dir='ltr'><strong>ante</strong></span> <span class='ocrx_word' id='word_1_496' title='bbox 3271 2300 3452 2354; x_wconf 81' lang='lat' dir='ltr'><strong>omnia</strong></span> 
     </span>
    </p>
   </div>
   <div class='ocr_carea' id='block_1_79' title="bbox 1906 2389 2351 2454">
    <p class='ocr_par' dir='ltr' id='par_1_79' title="bbox 1906 2389 2351 2454">
     <span class='ocr_line' id='line_1_80' title="bbox 1906 2389 2351 2454; baseline 0.002 -13"><span class='ocrx_word' id='word_1_497' title='bbox 1906 2389 2099 2441; x_wconf 66' lang='lat' dir='ltr'><strong>sazcula</strong></span> <span class='ocrx_word' id='word_1_498' title='bbox 2132 2390 2351 2454; x_wconf 80' lang='lat' dir='ltr'><strong>genite?</strong></span> 
     </span>
    </p>
   </div>
   <div class='ocr_carea' id='block_1_80' title="bbox 1977 2475 3453 2552">
    <p class='ocr_par' dir='ltr' id='par_1_80' title="bbox 1977 2475 3453 2552">
     <span class='ocr_line' id='line_1_81' title="bbox 1977 2475 3453 2552; baseline 0 -24"><span class='ocrx_word' id='word_1_499' title='bbox 1977 2476 2298 2530; x_wconf 83' lang='lat' dir='ltr'><strong>Benedictus</strong></span> <span class='ocrx_word' id='word_1_500' title='bbox 2337 2477 2560 2552; x_wconf 79' lang='lat' dir='ltr'><strong>fructus</strong></span> <span class='ocrx_word' id='word_1_501' title='bbox 2606 2477 2808 2531; x_wconf 83' lang='lat' dir='ltr'><strong>ventris</strong></span> <span class='ocrx_word' id='word_1_502' title='bbox 2861 2477 2960 2539; x_wconf 87' lang='lat' dir='ltr'><strong>tui,</strong></span> <span class='ocrx_word' id='word_1_503' title='bbox 3003 2491 3034 2528; x_wconf 93' lang='grc' dir='ltr'>ο</span> <span class='ocrx_word' id='word_1_504' title='bbox 3094 2475 3255 2543; x_wconf 79' lang='lat' dir='ltr'><strong>Virgo</strong></span> <span class='ocrx_word' id='word_1_505' title='bbox 3306 2477 3453 2530; x_wconf 89' lang='lat' dir='ltr'><strong>onmi</strong></span> 
     </span>
    </p>
   </div>
   <div class='ocr_carea' id='block_1_81' title="bbox 1907 2564 3452 2636">
    <p class='ocr_par' dir='ltr' id='par_1_81' title="bbox 1907 2564 3452 2636">
     <span class='ocr_line' id='line_1_82' title="bbox 1907 2564 3452 2636; baseline -0.001 -18"><span class='ocrx_word' id='word_1_506' title='bbox 1907 2566 2063 2619; x_wconf 83' lang='lat' dir='ltr'><strong>laude</strong></span> <span class='ocrx_word' id='word_1_507' title='bbox 2093 2567 2408 2634; x_wconf 85' lang='lat' dir='ltr'><strong>dignissima</strong></span> <span class='ocrx_word' id='word_1_508' title='bbox 2442 2568 2539 2636; x_wconf 86' lang='lat'><strong>(8),</strong></span> <span class='ocrx_word' id='word_1_509' title='bbox 2585 2569 2675 2636; x_wconf 90' lang='lat' dir='ltr'><strong>qui</strong></span> <span class='ocrx_word' id='word_1_510' title='bbox 2724 2576 3005 2634; x_wconf 88' lang='lat' dir='ltr'><strong>corruptos</strong></span> <span class='ocrx_word' id='word_1_511' title='bbox 3049 2581 3145 2634; x_wconf 88' lang='lat' dir='ltr'><strong>per</strong></span> <span class='ocrx_word' id='word_1_512' title='bbox 3194 2564 3452 2628; x_wconf 80' lang='lat' dir='ltr'><strong>fructum,</strong></span> 
     </span>
    </p>
   </div>
   <div class='ocr_carea' id='block_1_82' title="bbox 1906 2657 3453 2725">
    <p class='ocr_par' dir='ltr' id='par_1_82' title="bbox 1906 2657 3453 2725">
     <span class='ocr_line' id='line_1_83' title="bbox 1906 2657 3453 2725; baseline 0 -16"><span class='ocrx_word' id='word_1_513' title='bbox 1906 2657 2048 2725; x_wconf 84' lang='lat' dir='ltr'><strong>ligno</strong></span> <span class='ocrx_word' id='word_1_514' title='bbox 2116 2658 2294 2711; x_wconf 89' lang='lat' dir='ltr'><strong>crucis</strong></span> <span class='ocrx_word' id='word_1_515' title='bbox 2360 2673 2472 2711; x_wconf 67' lang='lat' dir='ltr'><strong>suae</strong></span> <span class='ocrx_word' id='word_1_516' title='bbox 2538 2658 2958 2725; x_wconf 81' lang='lat' dir='ltr'><strong>incorruptionis</strong></span> <span class='ocrx_word' id='word_1_517' title='bbox 3020 2657 3305 2725; x_wconf 84' lang='lat' dir='ltr'><strong>participes</strong></span> <span class='ocrx_word' id='word_1_518' title='bbox 3373 2657 3453 2709; x_wconf 90' lang='lat' dir='ltr'><strong>di-</strong></span> 
     </span>
    </p>
   </div>
   <div class='ocr_carea' id='block_1_83' title="bbox 1904 2747 2468 2822">
    <p class='ocr_par' dir='ltr' id='par_1_83' title="bbox 1904 2747 2468 2822">
     <span class='ocr_line' id='line_1_84' title="bbox 1904 2747 2468 2822; baseline 0.004 -22"><span class='ocrx_word' id='word_1_519' title='bbox 1904 2747 2027 2800; x_wconf 91' lang='lat' dir='ltr'><strong>vina</strong></span> <span class='ocrx_word' id='word_1_520' title='bbox 2063 2750 2235 2822; x_wconf 71' lang='lat' dir='ltr'><strong>gratia</strong></span> <span class='ocrx_word' id='word_1_521' title='bbox 2274 2748 2468 2803; x_wconf 78' lang='lat' dir='ltr'><strong>eﬂ‘ecit.</strong></span> 
     </span>
    </p>
   </div>
   <div class='ocr_carea' id='block_1_84' title="bbox 1972 2836 3453 2908">
    <p class='ocr_par' dir='ltr' id='par_1_84' title="bbox 1972 2836 3453 2908">
     <span class='ocr_line' id='line_1_85' title="bbox 1972 2836 3453 2908; baseline -0.002 -15"><span class='ocrx_word' id='word_1_522' title='bbox 1972 2838 2321 2893; x_wconf 80' lang='lat' dir='ltr'><strong>Geniebunda</strong></span> <span class='ocrx_word' id='word_1_523' title='bbox 2397 2840 2560 2908; x_wconf 87' lang='lat' dir='ltr'><strong>Virgo</strong></span> <span class='ocrx_word' id='word_1_524' title='bbox 2618 2839 2713 2892; x_wconf 83' lang='lat' dir='ltr'><strong>has</strong></span> <span class='ocrx_word' id='word_1_525' title='bbox 2774 2853 2932 2893; x_wconf 83' lang='lat' dir='ltr'><strong>voces</strong></span> <span class='ocrx_word' id='word_1_526' title='bbox 2989 2838 3296 2891; x_wconf 76' lang='lat' dir='ltr'><strong>fundebat:</strong></span> <span class='ocrx_word' id='word_1_527' title='bbox 3359 2836 3453 2890; x_wconf 88' lang='lat' dir='ltr'><strong>llei</strong></span> 
     </span>
    </p>
   </div>
   <div class='ocr_carea' id='block_1_85' title="bbox 1860 2917 3452 2996">
    <p class='ocr_par' dir='ltr' id='par_1_85' title="bbox 1860 2917 3452 2996">
     <span class='ocr_line' id='line_1_86' title="bbox 1860 2917 3452 2996; baseline -0.003 -15"><span class='ocrx_word' id='word_1_528' title='bbox 1860 2917 1868 2924; x_wconf 77' lang='grc'><strong>”</strong></span> <span class='ocrx_word' id='word_1_529' title='bbox 1907 2927 2058 2989; x_wconf 82' lang='lat' dir='ltr'><strong>mihi,</strong></span> <span class='ocrx_word' id='word_1_530' title='bbox 2098 2926 2195 2980; x_wconf 85' lang='lat' dir='ltr'><strong>Fili</strong></span> <span class='ocrx_word' id='word_1_531' title='bbox 2221 2930 2236 2981; x_wconf 78' lang='grc' dir='ltr'>ι</span> <span class='ocrx_word' id='word_1_532' title='bbox 2266 2930 2538 2996; x_wconf 88' lang='lat' dir='ltr'><strong>quomodo</strong></span> <span class='ocrx_word' id='word_1_533' title='bbox 2580 2929 2823 2981; x_wconf 84' lang='lat' dir='ltr'><strong>intuebar</strong></span> <span class='ocrx_word' id='word_1_534' title='bbox 2852 2928 2903 2980; x_wconf 91' lang='lat' dir='ltr'><strong>in</strong></span> <span class='ocrx_word' id='word_1_535' title='bbox 2937 2927 3081 2996; x_wconf 84' lang='lat' dir='ltr'><strong>ligno</strong></span> <span class='ocrx_word' id='word_1_536' title='bbox 3114 2925 3452 2992; x_wconf 83' lang='lat' dir='ltr'><strong>pendentem,</strong></span> 
     </span>
    </p>
   </div>
   <div class='ocr_carea' id='block_1_86' title="bbox 1905 3016 3453 3088">
    <p class='ocr_par' dir='ltr' id='par_1_86' title="bbox 1905 3016 3453 3088">
     <span class='ocr_line' id='line_1_87' title="bbox 1905 3016 3453 3088; baseline 0.002 -21"><span class='ocrx_word' id='word_1_537' title='bbox 1905 3029 1958 3070; x_wconf 70' lang='lat' dir='ltr'><strong>et</strong></span> <span class='ocrx_word' id='word_1_538' title='bbox 2003 3019 2201 3086; x_wconf 86' lang='lat' dir='ltr'><strong>injusta</strong></span> <span class='ocrx_word' id='word_1_539' title='bbox 2249 3030 2419 3073; x_wconf 87' lang='lat' dir='ltr'><strong>morte</strong></span> <span class='ocrx_word' id='word_1_540' title='bbox 2466 3020 2794 3074; x_wconf 87' lang='lat' dir='ltr'><strong>exstinctum</strong></span> <span class='ocrx_word' id='word_1_541' title='bbox 2842 3029 2892 3073; x_wconf 89' lang='lat' dir='ltr'><strong>te</strong></span> <span class='ocrx_word' id='word_1_542' title='bbox 2927 3021 3030 3088; x_wconf 88' lang='lat' dir='ltr'><strong>.qui</strong></span> <span class='ocrx_word' id='word_1_543' title='bbox 3080 3034 3138 3072; x_wconf 88' lang='lat' dir='ltr'><strong>es</strong></span> <span class='ocrx_word' id='word_1_544' title='bbox 3189 3019 3308 3071; x_wconf 72' lang='lat' dir='ltr'><strong>vita:</strong></span> <span class='ocrx_word' id='word_1_545' title='bbox 3340 3016 3453 3071; x_wconf 88' lang='lat' dir='ltr'><strong>lar-</strong></span> 
     </span>
    </p>
   </div>
   <div class='ocr_carea' id='block_1_87' title="bbox 1823 3106 2100 3175">
    <p class='ocr_par' dir='ltr' id='par_1_87' title="bbox 1823 3106 2100 3175">
     <span class='ocr_line' id='line_1_88' title="bbox 1823 3106 2100 3175; baseline 0.004 -19"><span class='ocrx_word' id='word_1_546' title='bbox 1823 3113 1866 3175; x_wconf 79' lang='lat' dir='ltr'><strong><em>C</em></strong></span> <span class='ocrx_word' id='word_1_547' title='bbox 1900 3106 2100 3175; x_wconf 79' lang='lat' dir='ltr'><strong>gitur?-</strong></span> 
     </span>
    </p>
   </div>
   <div class='ocr_carea' id='block_1_88' title="bbox 1976 3193 3454 3271">
    <p class='ocr_par' dir='ltr' id='par_1_88' title="bbox 1976 3193 3454 3271">
     <span class='ocr_line' id='line_1_89' title="bbox 1976 3193 3454 3271; baseline 0.005 -26"><span class='ocrx_word' id='word_1_548' title='bbox 1976 3193 2134 3262; x_wconf 81' lang='lat' dir='ltr'><strong>Virga</strong></span> <span class='ocrx_word' id='word_1_549' title='bbox 2171 3195 2504 3248; x_wconf 77' lang='lat' dir='ltr'><strong>honorabilis</strong></span> <span class='ocrx_word' id='word_1_550' title='bbox 2537 3211 2599 3248; x_wconf 83' lang='lat' dir='ltr'><strong>ac</strong></span> <span class='ocrx_word' id='word_1_551' title='bbox 2645 3196 2900 3271; x_wconf 61' lang='lat' dir='ltr'><strong>pretiosa,</strong></span> <span class='ocrx_word' id='word_1_552' title='bbox 2949 3214 3068 3266; x_wconf 76' lang='lat' dir='ltr'><strong>qua:</strong></span> <span class='ocrx_word' id='word_1_553' title='bbox 3112 3214 3320 3252; x_wconf 87' lang='lat' dir='ltr'><strong>ramum</strong></span> <span class='ocrx_word' id='word_1_554' title='bbox 3367 3200 3454 3253; x_wconf 87' lang='lat' dir='ltr'><strong>in-</strong></span> 
     </span>
    </p>
   </div>
   <div class='ocr_carea' id='block_1_89' title="bbox 1899 3283 3452 3356">
    <p class='ocr_par' dir='ltr' id='par_1_89' title="bbox 1899 3283 3452 3356">
     <span class='ocr_line' id='line_1_90' title="bbox 1899 3283 3452 3356; baseline 0.005 -22"><span class='ocrx_word' id='word_1_555' title='bbox 1899 3283 2299 3350; x_wconf 88' lang='lat' dir='ltr'><strong>corruptibilem</strong></span> <span class='ocrx_word' id='word_1_556' title='bbox 2334 3284 2658 3351; x_wconf 80' lang='lat' dir='ltr'><strong>germinavit</strong></span> <span class='ocrx_word' id='word_1_557' title='bbox 2680 3325 2694 3349; x_wconf 94' lang='lat'><strong>,</strong></span> <span class='ocrx_word' id='word_1_558' title='bbox 2734 3285 2922 3337; x_wconf 83' lang='lat' dir='ltr'><strong>videns</strong></span> <span class='ocrx_word' id='word_1_559' title='bbox 2949 3287 3195 3340; x_wconf 87' lang='lat' dir='ltr'><strong>eumdem</strong></span> <span class='ocrx_word' id='word_1_560' title='bbox 3230 3287 3280 3340; x_wconf 88' lang='lat' dir='ltr'><strong>in</strong></span> <span class='ocrx_word' id='word_1_561' title='bbox 3307 3289 3452 3356; x_wconf 85' lang='lat' dir='ltr'><strong>ligno</strong></span> 
     </span>
    </p>
   </div>
   <div class='ocr_carea' id='block_1_90' title="bbox 1898 3372 3454 3439">
    <p class='ocr_par' dir='ltr' id='par_1_90' title="bbox 1898 3372 3454 3439">
     <span class='ocr_line' id='line_1_91' title="bbox 1898 3372 3454 3439; baseline 0.002 -15"><span class='ocrx_word' id='word_1_562' title='bbox 1898 3372 2189 3429; x_wconf 82' lang='lat' dir='ltr'><strong>exaltatum</strong></span> <span class='ocrx_word' id='word_1_563' title='bbox 2219 3410 2234 3435; x_wconf 93' lang='lat'><strong>,</strong></span> <span class='ocrx_word' id='word_1_564' title='bbox 2270 3372 2323 3424; x_wconf 92' lang='lat' dir='ltr'><strong>in</strong></span> <span class='ocrx_word' id='word_1_565' title='bbox 2370 3372 2466 3425; x_wconf 89' lang='lat' dir='ltr'><strong>has</strong></span> <span class='ocrx_word' id='word_1_566' title='bbox 2508 3387 2666 3426; x_wconf 78' lang='lat' dir='ltr'><strong>voces</strong></span> <span class='ocrx_word' id='word_1_567' title='bbox 2696 3375 3008 3439; x_wconf 86' lang='lat' dir='ltr'><strong>erumpebat</strong></span> <span class='ocrx_word' id='word_1_568' title='bbox 3040 3392 3053 3427; x_wconf 92' lang='lat'>:</span> <span class='ocrx_word' id='word_1_569' title='bbox 3103 3375 3348 3438; x_wconf 84' lang='lat' dir='ltr'><strong>Domine,</strong></span> <span class='ocrx_word' id='word_1_570' title='bbox 3384 3391 3454 3428; x_wconf 76' lang='lat' dir='ltr'><strong>ne</strong></span> 
     </span>
    </p>
   </div>
   <div class='ocr_carea' id='block_1_91' title="bbox 1901 3461 3453 3530">
    <p class='ocr_par' dir='ltr' id='par_1_91' title="bbox 1901 3461 3453 3530">
     <span class='ocr_line' id='line_1_92' title="bbox 1901 3461 3453 3530; baseline 0.005 -17"><span class='ocrx_word' id='word_1_571' title='bbox 1901 3475 1987 3514; x_wconf 85' lang='lat' dir='ltr'><strong>me</strong></span> <span class='ocrx_word' id='word_1_572' title='bbox 2037 3461 2236 3528; x_wconf 87' lang='lat' dir='ltr'><strong>absque</strong></span> <span class='ocrx_word' id='word_1_573' title='bbox 2289 3461 2473 3514; x_wconf 91' lang='lat' dir='ltr'><strong>liberis</strong></span> <span class='ocrx_word' id='word_1_574' title='bbox 2526 3476 2588 3514; x_wconf 88' lang='lat' dir='ltr'><strong>ac</strong></span> <span class='ocrx_word' id='word_1_575' title='bbox 2633 3461 2793 3530; x_wconf 64' lang='lat'><strong>254</strong></span> <span class='ocrx_word' id='word_1_576' title='bbox 2831 3462 2994 3516; x_wconf 80' lang='lat' dir='ltr'><strong>veluti</strong></span> <span class='ocrx_word' id='word_1_577' title='bbox 3041 3465 3279 3518; x_wconf 83' lang='lat' dir='ltr'><strong>sterilem</strong></span> <span class='ocrx_word' id='word_1_578' title='bbox 3330 3480 3453 3519; x_wconf 87' lang='lat' dir='ltr'><strong>csse</strong></span> 
     </span>
    </p>
   </div>
   <div class='ocr_carea' id='block_1_92' title="bbox 1905 3552 2148 3620">
    <p class='ocr_par' dir='ltr' id='par_1_92' title="bbox 1905 3552 2148 3620">
     <span class='ocr_line' id='line_1_93' title="bbox 1905 3552 2148 3620; baseline 0.012 -15"><span class='ocrx_word' id='word_1_579' title='bbox 1905 3552 2148 3620; x_wconf 77' lang='lat' dir='ltr'><strong>patiaris.</strong></span> 
     </span>
    </p>
   </div>
   <div class='ocr_carea' id='block_1_93' title="bbox 1975 3640 3450 3712">
    <p class='ocr_par' dir='ltr' id='par_1_93' title="bbox 1975 3640 3450 3712">
     <span class='ocr_line' id='line_1_94' title="bbox 1975 3640 3450 3712; baseline 0.001 -17"><span class='ocrx_word' id='word_1_580' title='bbox 1975 3642 2016 3695; x_wconf 94' lang='grc' dir='ltr'><strong>Ο</strong></span> <span class='ocrx_word' id='word_1_581' title='bbox 2070 3641 2136 3694; x_wconf 81' lang='lat' dir='ltr'><strong>ab</strong></span> <span class='ocrx_word' id='word_1_582' title='bbox 2183 3641 2330 3694; x_wconf 92' lang='lat' dir='ltr'><strong>omni</strong></span> <span class='ocrx_word' id='word_1_583' title='bbox 2368 3640 2581 3693; x_wconf 79' lang='lat' dir='ltr'><strong>macula</strong></span> <span class='ocrx_word' id='word_1_584' title='bbox 2618 3640 2873 3694; x_wconf 88' lang='lat' dir='ltr'><strong>immunis</strong></span> <span class='ocrx_word' id='word_1_585' title='bbox 2911 3642 3021 3712; x_wconf 89' lang='lat'><strong>(9),</strong></span> <span class='ocrx_word' id='word_1_586' title='bbox 3072 3653 3189 3711; x_wconf 88' lang='lat' dir='ltr'><strong>post</strong></span> <span class='ocrx_word' id='word_1_587' title='bbox 3236 3653 3450 3712; x_wconf 88' lang='lat' dir='ltr'><strong>partum</strong></span> 
     </span>
    </p>
   </div>
   <div class='ocr_carea' id='block_1_94' title="bbox 1905 3733 3448 3803">
    <p class='ocr_par' dir='ltr' id='par_1_94' title="bbox 1905 3733 3448 3803">
     <span class='ocr_line' id='line_1_95' title="bbox 1905 3733 3448 3803; baseline 0.003 -20"><span class='ocrx_word' id='word_1_588' title='bbox 1905 3733 2260 3801; x_wconf 72' lang='lat' dir='ltr'><strong>perseverasti</strong></span> <span class='ocrx_word' id='word_1_589' title='bbox 2334 3733 2510 3803; x_wconf 88' lang='lat' dir='ltr'><strong>qualis</strong></span> <span class='ocrx_word' id='word_1_590' title='bbox 2575 3733 2753 3786; x_wconf 78' lang='lat' dir='ltr'><strong>fueras</strong></span> <span class='ocrx_word' id='word_1_591' title='bbox 2822 3742 2944 3786; x_wconf 85' lang='lat' dir='ltr'><strong>ante</strong></span> <span class='ocrx_word' id='word_1_592' title='bbox 2975 3744 3226 3802; x_wconf 86' lang='lat' dir='ltr'><strong>partum:</strong></span> <span class='ocrx_word' id='word_1_593' title='bbox 3283 3735 3448 3788; x_wconf 90' lang='lat' dir='ltr'><strong>Deum</strong></span> 
     </span>
    </p>
   </div>
   <div class='ocr_carea' id='block_1_95' title="bbox 1904 3823 3566 3892">
    <p class='ocr_par' dir='ltr' id='par_1_95' title="bbox 1904 3823 3566 3892">
     <span class='ocr_line' id='line_1_96' title="bbox 1904 3823 3566 3892; baseline 0 -16"><span class='ocrx_word' id='word_1_594' title='bbox 1904 3824 2046 3876; x_wconf 88' lang='lat' dir='ltr'><strong>enim</strong></span> <span class='ocrx_word' id='word_1_595' title='bbox 2100 3824 2354 3892; x_wconf 84' lang='lat' dir='ltr'><strong>genuisti,</strong></span> <span class='ocrx_word' id='word_1_596' title='bbox 2406 3824 2498 3892; x_wconf 88' lang='lat' dir='ltr'><strong>qui</strong></span> <span class='ocrx_word' id='word_1_597' title='bbox 2546 3839 2640 3891; x_wconf 88' lang='lat' dir='ltr'><strong>per</strong></span> <span class='ocrx_word' id='word_1_598' title='bbox 2685 3824 2886 3892; x_wconf 78' lang='lat' dir='ltr'><strong>lignum</strong></span> <span class='ocrx_word' id='word_1_599' title='bbox 2928 3823 3196 3876; x_wconf 88' lang='lat' dir='ltr'><strong>hominem</strong></span> <span class='ocrx_word' id='word_1_600' title='bbox 3242 3824 3450 3877; x_wconf 72' lang='lat' dir='ltr'><strong>salvum</strong></span> <span class='ocrx_word' id='word_1_601' title='bbox 3543 3848 3566 3860; x_wconf 85' lang='lat'><strong>-</strong></span> 
     </span>
    </p>
   </div>
   <div class='ocr_carea' id='block_1_96' title="bbox 1905 3910 2051 3965">
    <p class='ocr_par' dir='ltr' id='par_1_96' title="bbox 1905 3910 2051 3965">
     <span class='ocr_line' id='line_1_97' title="bbox 1905 3910 2051 3965; baseline 0 -1"><span class='ocrx_word' id='word_1_602' title='bbox 1905 3910 2051 3965; x_wconf 74' lang='lat' dir='ltr'><strong>fecit.</strong></span> 
     </span>
    </p>
   </div>
   <div class='ocr_carea' id='block_1_97' title="bbox 1979 4001 3450 4070">
    <p class='ocr_par' dir='ltr' id='par_1_97' title="bbox 1979 4001 3450 4070">
     <span class='ocr_line' id='line_1_98' title="bbox 1979 4001 3450 4070; baseline -0.001 -16"><span class='ocrx_word' id='word_1_603' title='bbox 1979 4003 2203 4070; x_wconf 79' lang='lat' dir='ltr'><strong>Dcipara</strong></span> <span class='ocrx_word' id='word_1_604' title='bbox 2253 4003 2409 4070; x_wconf 89' lang='lat' dir='ltr'><strong>culpa</strong></span> <span class='ocrx_word' id='word_1_605' title='bbox 2457 4001 2666 4069; x_wconf 85' lang='lat' dir='ltr'><strong>penitus</strong></span> <span class='ocrx_word' id='word_1_606' title='bbox 2698 4016 2886 4055; x_wconf 84' lang='lat' dir='ltr'><strong>carens</strong></span> <span class='ocrx_word' id='word_1_607' title='bbox 2924 4002 3053 4070; x_wconf 71' lang='lat' dir='ltr'><strong>UO),</strong></span> <span class='ocrx_word' id='word_1_608' title='bbox 3087 4001 3313 4056; x_wconf 69' lang='lat' dir='ltr'><strong>cernens</strong></span> <span class='ocrx_word' id='word_1_609' title='bbox 3342 4001 3450 4054; x_wconf 88' lang='lat' dir='ltr'><strong>Do-</strong></span> 
     </span>
    </p>
   </div>
   <div class='ocr_carea' id='block_1_98' title="bbox 1907 4157 3455 4245">
    <p class='ocr_par' dir='ltr' id='par_1_98' title="bbox 1907 4157 3455 4245">
     <span class='ocr_line' id='line_1_99' title="bbox 1907 4157 3455 4245; baseline 0.001 -19"><span class='ocrx_word' id='word_1_610' title='bbox 1907 4176 2128 4242; x_wconf 86' lang='lat' dir='ltr'><strong>anliqno</strong></span> <span class='ocrx_word' id='word_1_611' title='bbox 2163 4176 2302 4242; x_wconf 88' lang='lat' dir='ltr'><strong>apud</strong></span> <span class='ocrx_word' id='word_1_612' title='bbox 2338 4176 2651 4245; x_wconf 86' lang='lat' dir='ltr'><strong>Balinghem</strong></span> <span class='ocrx_word' id='word_1_613' title='bbox 2698 4176 2749 4230; x_wconf 92' lang='lat' dir='ltr'><strong>in</strong></span> <span class='ocrx_word' id='word_1_614' title='bbox 2791 4177 3058 4230; x_wconf 78' lang='lat' dir='ltr'><strong>Parnasso</strong></span> <span class='ocrx_word' id='word_1_615' title='bbox 3097 4157 3339 4228; x_wconf 58' lang='lat' dir='ltr'><strong>Maliano</strong></span> <span class='ocrx_word' id='word_1_616' title='bbox 3371 4189 3455 4228; x_wconf 88' lang='lat' dir='ltr'><strong>sa-</strong></span> 
     </span>
    </p>
   </div>
   <div class='ocr_carea' id='block_1_99' title="bbox 1906 4245 2408 4312">
    <p class='ocr_par' dir='ltr' id='par_1_99' title="bbox 1906 4245 2408 4312">
     <span class='ocr_line' id='line_1_100' title="bbox 1906 4245 2408 4312; baseline 0 -16"><span class='ocrx_word' id='word_1_617' title='bbox 1906 4245 2039 4297; x_wconf 84' lang='lat' dir='ltr'><strong>lutat</strong></span> <span class='ocrx_word' id='word_1_618' title='bbox 2069 4246 2151 4298; x_wconf 87' lang='lat' dir='ltr'><strong>his</strong></span> <span class='ocrx_word' id='word_1_619' title='bbox 2183 4245 2358 4312; x_wconf 67' lang='lat' dir='ltr'><strong>verbis</strong></span> <span class='ocrx_word' id='word_1_620' title='bbox 2395 4261 2408 4296; x_wconf 89' lang='lat'><strong><em>:</em></strong></span> 
     </span>
    </p>
   </div>
   <div class='ocr_carea' id='block_1_100' title="bbox 2316 4330 2932 4396">
    <p class='ocr_par' dir='ltr' id='par_1_100' title="bbox 2316 4330 2932 4396">
     <span class='ocr_line' id='line_1_101' title="bbox 2316 4330 2932 4396; baseline 0.006 -15"><span class='ocrx_word' id='word_1_621' title='bbox 2316 4330 2439 4393; x_wconf 83' lang='lat' dir='ltr'><strong>Ave,</strong></span> <span class='ocrx_word' id='word_1_622' title='bbox 2473 4346 2500 4381; x_wconf 93' lang='grc' dir='ltr'>ο</span> <span class='ocrx_word' id='word_1_623' title='bbox 2535 4332 2703 4384; x_wconf 77' lang='lat' dir='ltr'><strong>dulcis</strong></span> <span class='ocrx_word' id='word_1_624' title='bbox 2735 4331 2932 4396; x_wconf 79' lang='lat' dir='ltr'><strong>Maria,</strong></span> 
     </span>
    </p>
   </div>
   <div class='ocr_carea' id='block_1_101' title="bbox 2359 4400 3017 4468">
    <p class='ocr_par' dir='ltr' id='par_1_101' title="bbox 2359 4400 3017 4468">
     <span class='ocr_line' id='line_1_102' title="bbox 2359 4400 3017 4468; baseline 0.009 -18"><span class='ocrx_word' id='word_1_625' title='bbox 2359 4400 2555 4468; x_wconf 68' lang='lat' dir='ltr'><strong>Christi</strong></span> <span class='ocrx_word' id='word_1_626' title='bbox 2586 4401 2755 4453; x_wconf 78' lang='lat' dir='ltr'><strong>Mater</strong></span> <span class='ocrx_word' id='word_1_627' title='bbox 2781 4414 2824 4453; x_wconf 80' lang='lat' dir='ltr'><strong>et</strong></span> <span class='ocrx_word' id='word_1_628' title='bbox 2856 4403 3017 4468; x_wconf 79' lang='lat' dir='ltr'><strong>Filia,</strong></span> 
     </span>
    </p>
   </div>
   <div class='ocr_carea' id='block_1_102' title="bbox 2359 4467 2879 4534">
    <p class='ocr_par' dir='ltr' id='par_1_102' title="bbox 2359 4467 2879 4534">
     <span class='ocr_line' id='line_1_103' title="bbox 2359 4467 2879 4534; baseline 0.008 -16"><span class='ocrx_word' id='word_1_629' title='bbox 2359 4467 2481 4519; x_wconf 82' lang='lat' dir='ltr'><strong>Ulla</strong></span> <span class='ocrx_word' id='word_1_630' title='bbox 2512 4471 2624 4521; x_wconf 78' lang='lat' dir='ltr'><strong>sine</strong></span> <span class='ocrx_word' id='word_1_631' title='bbox 2655 4471 2879 4534; x_wconf 83' lang='lat' dir='ltr'><strong>macula,</strong></span> 
     </span>
    </p>
   </div>
   <div class='ocr_carea' id='block_1_103' title="bbox 2323 4536 2890 4606">
    <p class='ocr_par' dir='ltr' id='par_1_103' title="bbox 2323 4536 2890 4606">
     <span class='ocr_line' id='line_1_104' title="bbox 2323 4536 2890 4606; baseline 0.002 -17"><span class='ocrx_word' id='word_1_632' title='bbox 2323 4536 2399 4606; x_wconf 64' lang='lat' dir='ltr'><strong>Tt:</strong></span> <span class='ocrx_word' id='word_1_633' title='bbox 2433 4555 2464 4589; x_wconf 92' lang='lat' dir='ltr'><strong>a</strong></span> <span class='ocrx_word' id='word_1_634' title='bbox 2497 4537 2600 4589; x_wconf 81' lang='lat' dir='ltr'><strong>Deo</strong></span> <span class='ocrx_word' id='word_1_635' title='bbox 2631 4539 2890 4606; x_wconf 76' lang='lat' dir='ltr'><strong>fabricata</strong></span> 
     </span>
    </p>
   </div>
   <div class='ocr_carea' id='block_1_104' title="bbox 2359 4605 3034 4673">
    <p class='ocr_par' dir='ltr' id='par_1_104' title="bbox 2359 4605 3034 4673">
     <span class='ocr_line' id='line_1_105' title="bbox 2359 4605 3034 4673; baseline 0.006 -15"><span class='ocrx_word' id='word_1_636' title='bbox 2359 4605 2423 4658; x_wconf 83' lang='grc' dir='ltr'><em>1η</em></span> <span class='ocrx_word' id='word_1_637' title='bbox 2446 4605 2690 4671; x_wconf 81' lang='lat' dir='ltr'><strong>conceptu</strong></span> <span class='ocrx_word' id='word_1_638' title='bbox 2719 4620 3034 4673; x_wconf 80' lang='lat' dir='ltr'><strong>prwservata</strong></span> 
     </span>
    </p>
   </div>
   <div class='ocr_carea' id='block_1_105' title="bbox 2360 4675 2961 4740">
    <p class='ocr_par' dir='ltr' id='par_1_105' title="bbox 2360 4675 2961 4740">
     <span class='ocr_line' id='line_1_106' title="bbox 2360 4675 2961 4740; baseline 0.005 -13"><span class='ocrx_word' id='word_1_639' title='bbox 2360 4675 2528 4727; x_wconf 84' lang='lat' dir='ltr'><strong>Nulla</strong></span> <span class='ocrx_word' id='word_1_640' title='bbox 2558 4679 2722 4728; x_wconf 77' lang='lat' dir='ltr'><strong>trahis</strong></span> <span class='ocrx_word' id='word_1_641' title='bbox 2750 4677 2961 4740; x_wconf 77' lang='lat' dir='ltr'><strong>scelera,</strong></span> 
     </span>
    </p>
   </div>
   <div class='ocr_carea' id='block_1_106' title="bbox 1906 4757 3451 4833">
    <p class='ocr_par' dir='ltr' id='par_1_106' title="bbox 1906 4757 3451 4833">
     <span class='ocr_line' id='line_1_107' title="bbox 1906 4757 3451 4833; baseline 0.003 -21"><span class='ocrx_word' id='word_1_642' title='bbox 1906 4768 1961 4812; x_wconf 86' lang='lat' dir='ltr'><strong>et</strong></span> <span class='ocrx_word' id='word_1_643' title='bbox 1986 4761 2235 4833; x_wconf 81' lang='lat' dir='ltr'><strong>quam_$.</strong></span> <span class='ocrx_word' id='word_1_644' title='bbox 2256 4760 2554 4833; x_wconf 84' lang='lat' dir='ltr'><strong>Casimirus</strong></span> <span class='ocrx_word' id='word_1_645' title='bbox 2584 4762 2633 4813; x_wconf 94' lang='lat' dir='ltr'><strong>in</strong></span> <span class='ocrx_word' id='word_1_646' title='bbox 2666 4777 2764 4816; x_wconf 90' lang='lat' dir='ltr'><strong>suo</strong></span> <span class='ocrx_word' id='word_1_647' title='bbox 2804 4763 3001 4832; x_wconf 82' lang='lat' dir='ltr'><strong>hymno</strong></span> <span class='ocrx_word' id='word_1_648' title='bbox 3032 4763 3098 4818; x_wconf 90' lang='lat' dir='ltr'><strong>de</strong></span> <span class='ocrx_word' id='word_1_649' title='bbox 3146 4763 3203 4817; x_wconf 82' lang='grc' dir='ltr'><strong>Β.</strong></span> <span class='ocrx_word' id='word_1_650' title='bbox 3232 4757 3451 4833; x_wconf 78' lang='lat' dir='ltr'><strong>Virgine</strong></span> 
     </span>
    </p>
   </div>
   <div class='ocr_carea' id='block_1_107' title="bbox 1906 4830 2794 4898">
    <p class='ocr_par' dir='ltr' id='par_1_107' title="bbox 1906 4830 2794 4898">
     <span class='ocr_line' id='line_1_108' title="bbox 1906 4830 2794 4898; baseline 0.011 -23"><span class='ocrx_word' id='word_1_651' title='bbox 1906 4837 2043 4895; x_wconf 80' lang='lat' dir='ltr'><strong>part.</strong></span> <span class='ocrx_word' id='word_1_652' title='bbox 2081 4845 2114 4882; x_wconf 84' lang='grc' dir='ltr'>ιι</span> <span class='ocrx_word' id='word_1_653' title='bbox 2147 4830 2232 4883; x_wconf 88' lang='lat' dir='ltr'><strong>his</strong></span> <span class='ocrx_word' id='word_1_654' title='bbox 2253 4830 2426 4883; x_wconf 88' lang='lat' dir='ltr'><strong>verbis</strong></span> <span class='ocrx_word' id='word_1_655' title='bbox 2460 4832 2752 4898; x_wconf 80' lang='lat' dir='ltr'><strong>alloquunr</strong></span> <span class='ocrx_word' id='word_1_656' title='bbox 2780 4850 2794 4884; x_wconf 88' lang='lat'><strong>:</strong></span> 
     </span>
    </p>
   </div>
   <div class='ocr_carea' id='block_1_108' title="bbox 1984 4899 2997 4954">
    <p class='ocr_par' dir='ltr' id='par_1_108' title="bbox 1984 4899 2997 4954">
     <span class='ocr_line' id='line_1_109' title="bbox 1984 4899 2997 4954; baseline 0.003 -4"><span class='ocrx_word' id='word_1_657' title='bbox 1984 4914 1986 4916; x_wconf 76' lang='lat'><strong>&#39;</strong></span> <span class='ocrx_word' id='word_1_658' title='bbox 2324 4899 2558 4950; x_wconf 69' lang='lat' dir='ltr'><strong>Pulchra</strong></span> <span class='ocrx_word' id='word_1_659' title='bbox 2593 4910 2702 4951; x_wconf 78' lang='lat' dir='ltr'><strong>tota</strong></span> <span class='ocrx_word' id='word_1_660' title='bbox 2733 4903 2846 4954; x_wconf 73' lang='lat' dir='ltr'><strong>sine</strong></span> <span class='ocrx_word' id='word_1_661' title='bbox 2871 4912 2997 4953; x_wconf 80' lang='lat' dir='ltr'><strong>nota</strong></span> 
     </span>
    </p>
   </div>
   <div class='ocr_carea' id='block_1_109' title="bbox 2358 4967 2988 5037">
    <p class='ocr_par' dir='ltr' id='par_1_109' title="bbox 2358 4967 2988 5037">
     <span class='ocr_line' id='line_1_110' title="bbox 2358 4967 2988 5037; baseline 0.002 -16"><span class='ocrx_word' id='word_1_662' title='bbox 2358 4967 2718 5037; x_wconf 82' lang='lat' dir='ltr'><strong>Cujuscunque</strong></span> <span class='ocrx_word' id='word_1_663' title='bbox 2753 4971 2988 5022; x_wconf 69' lang='lat' dir='ltr'><strong>macula’.</strong></span> 
     </span>
    </p>
   </div>
   <div class='ocr_carea' id='block_1_110' title="bbox 1978 5069 3449 5145">
    <p class='ocr_par' dir='ltr' id='par_1_110' title="bbox 1978 5069 3449 5145">
     <span class='ocr_line' id='line_1_111' title="bbox 1978 5069 3449 5145; baseline 0 -23"><span class='ocrx_word' id='word_1_664' title='bbox 1978 5069 2088 5137; x_wconf 82' lang='grc'><strong>(10)</strong></span> <span class='ocrx_word' id='word_1_665' title='bbox 2125 5071 2307 5145; x_wconf 73' lang='lat' dir='ltr'><strong>Patres</strong></span> <span class='ocrx_word' id='word_1_666' title='bbox 2334 5073 2605 5145; x_wconf 83' lang='lat' dir='ltr'><strong>communi</strong></span> <span class='ocrx_word' id='word_1_667' title='bbox 2658 5088 2920 5145; x_wconf 81' lang='lat' dir='ltr'><strong>consensu</strong></span> <span class='ocrx_word' id='word_1_668' title='bbox 2971 5076 3280 5145; x_wconf 72' lang='lat' dir='ltr'><strong>dignitatem</strong></span> <span class='ocrx_word' id='word_1_669' title='bbox 3314 5073 3449 5123; x_wconf 83' lang='lat' dir='ltr'><strong>divi-</strong></span> 
     </span>
    </p>
   </div>
   <div class='ocr_carea' id='block_1_111' title="bbox 1909 5142 3449 5209">
    <p class='ocr_par' dir='ltr' id='par_1_111' title="bbox 1909 5142 3449 5209">
     <span class='ocr_line' id='line_1_112' title="bbox 1909 5142 3449 5209; baseline 0.001 -19"><span class='ocrx_word' id='word_1_670' title='bbox 1909 5153 1990 5190; x_wconf 60' lang='lat' dir='ltr'><strong>na</strong></span> <span class='ocrx_word' id='word_1_671' title='bbox 2036 5142 2394 5193; x_wconf 84' lang='lat' dir='ltr'><strong>maternitatis</strong></span> <span class='ocrx_word' id='word_1_672' title='bbox 2445 5142 2514 5192; x_wconf 83' lang='lat' dir='ltr'><strong>ita</strong></span> <span class='ocrx_word' id='word_1_673' title='bbox 2564 5143 2847 5202; x_wconf 81' lang='lat' dir='ltr'><strong>extollunt,</strong></span> <span class='ocrx_word' id='word_1_674' title='bbox 2880 5155 2934 5195; x_wconf 88' lang='lat' dir='ltr'><strong>ut</strong></span> <span class='ocrx_word' id='word_1_675' title='bbox 2969 5142 3120 5197; x_wconf 42' lang='lat' dir='ltr'><strong>est—ea</strong></span> <span class='ocrx_word' id='word_1_676' title='bbox 3165 5144 3449 5209; x_wconf 84' lang='lat' dir='ltr'><strong>Deiparam</strong></span> 
     </span>
    </p>
   </div>
   <div class='ocr_carea' id='block_1_112' title="bbox 1909 5210 3447 5276">
    <p class='ocr_par' dir='ltr' id='par_1_112' title="bbox 1909 5210 3447 5276">
     <span class='ocr_line' id='line_1_113' title="bbox 1909 5210 3447 5276; baseline 0.001 -17"><span class='ocrx_word' id='word_1_677' title='bbox 1909 5210 2150 5261; x_wconf 86' lang='lat' dir='ltr'><strong>caruisse</strong></span> <span class='ocrx_word' id='word_1_678' title='bbox 2173 5212 2314 5261; x_wconf 92' lang='lat' dir='ltr'><strong>omni</strong></span> <span class='ocrx_word' id='word_1_679' title='bbox 2364 5210 2514 5275; x_wconf 81' lang='lat' dir='ltr'><strong>culpa</strong></span> <span class='ocrx_word' id='word_1_680' title='bbox 2565 5212 2727 5263; x_wconf 84' lang='lat' dir='ltr'><strong>etiam</strong></span> <span class='ocrx_word' id='word_1_681' title='bbox 2784 5214 2970 5264; x_wconf 85' lang='lat' dir='ltr'><strong>veniali</strong></span> <span class='ocrx_word' id='word_1_682' title='bbox 3003 5213 3280 5271; x_wconf 78' lang='lat' dir='ltr'><strong>deducant,</strong></span> <span class='ocrx_word' id='word_1_683' title='bbox 3321 5211 3447 5276; x_wconf 81' lang='lat' dir='ltr'><strong>quia</strong></span> 
     </span>
    </p>
   </div>
   <div class='ocr_carea' id='block_1_113' title="bbox 1908 5277 3448 5345">
    <p class='ocr_par' dir='ltr' id='par_1_113' title="bbox 1908 5277 3448 5345">
     <span class='ocr_line' id='line_1_114' title="bbox 1908 5277 3448 5345; baseline 0.001 -19"><span class='ocrx_word' id='word_1_684' title='bbox 1908 5290 1970 5326; x_wconf 76' lang='lat' dir='ltr'><strong>ex</strong></span> <span class='ocrx_word' id='word_1_685' title='bbox 2001 5278 2114 5343; x_wconf 91' lang='lat' dir='ltr'><strong>ipso</strong></span> <span class='ocrx_word' id='word_1_686' title='bbox 2148 5277 2287 5345; x_wconf 89' lang='lat' dir='ltr'><strong>quod</strong></span> <span class='ocrx_word' id='word_1_687' title='bbox 2319 5292 2379 5329; x_wconf 88' lang='lat' dir='ltr'><strong>ea</strong></span> <span class='ocrx_word' id='word_1_688' title='bbox 2417 5279 2469 5329; x_wconf 91' lang='lat' dir='ltr'><strong>in</strong></span> <span class='ocrx_word' id='word_1_689' title='bbox 2521 5294 2676 5332; x_wconf 84' lang='lat' dir='ltr'><strong>sacro</strong></span> <span class='ocrx_word' id='word_1_690' title='bbox 2726 5289 2869 5332; x_wconf 79' lang='lat' dir='ltr'><strong>textu</strong></span> <span class='ocrx_word' id='word_1_691' title='bbox 2902 5282 3066 5333; x_wconf 81' lang='lat' dir='ltr'><strong>Mater</strong></span> <span class='ocrx_word' id='word_1_692' title='bbox 3098 5281 3181 5328; x_wconf 82' lang='lat' dir='ltr'><strong>Dei</strong></span> <span class='ocrx_word' id='word_1_693' title='bbox 3211 5280 3448 5331; x_wconf 78' lang='lat' dir='ltr'><strong>declara-</strong></span> 
     </span>
    </p>
   </div>
   <div class='ocr_carea' id='block_1_114' title="bbox 1909 5347 3446 5412">
    <p class='ocr_par' dir='ltr' id='par_1_114' title="bbox 1909 5347 3446 5412">
     <span class='ocr_line' id='line_1_115' title="bbox 1909 5347 3446 5412; baseline 0.002 -17"><span class='ocrx_word' id='word_1_694' title='bbox 1909 5355 2013 5406; x_wconf 90' lang='lat' dir='ltr'><strong>tur,</strong></span> <span class='ocrx_word' id='word_1_695' title='bbox 2047 5361 2162 5397; x_wconf 83' lang='lat' dir='ltr'><strong>eam</strong></span> <span class='ocrx_word' id='word_1_696' title='bbox 2206 5361 2392 5412; x_wconf 90' lang='lat' dir='ltr'><strong>puram</strong></span> <span class='ocrx_word' id='word_1_697' title='bbox 2440 5357 2492 5397; x_wconf 85' lang='lat' dir='ltr'><strong>et</strong></span> <span class='ocrx_word' id='word_1_698' title='bbox 2537 5348 2755 5400; x_wconf 86' lang='lat' dir='ltr'><strong>liberam</strong></span> <span class='ocrx_word' id='word_1_699' title='bbox 2810 5352 2875 5401; x_wconf 89' lang='lat' dir='ltr'><strong>ah</strong></span> <span class='ocrx_word' id='word_1_700' title='bbox 2919 5350 3057 5403; x_wconf 86' lang='lat' dir='ltr'><strong>onmi</strong></span> <span class='ocrx_word' id='word_1_701' title='bbox 3096 5348 3249 5411; x_wconf 84' lang='lat' dir='ltr'><strong>culpa</strong></span> <span class='ocrx_word' id='word_1_702' title='bbox 3282 5347 3446 5399; x_wconf 86' lang='lat' dir='ltr'><strong>etiam</strong></span> 
     </span>
    </p>
   </div>
   <div class='ocr_carea' id='block_1_115' title="bbox 1910 5414 3445 5483">
    <p class='ocr_par' dir='ltr' id='par_1_115' title="bbox 1910 5414 3445 5483">
     <span class='ocr_line' id='line_1_116' title="bbox 1910 5414 3445 5483; baseline 0.001 -21"><span class='ocrx_word' id='word_1_703' title='bbox 1910 5415 2100 5483; x_wconf 70' lang='lat' dir='ltr'><strong>veniali</strong></span> <span class='ocrx_word' id='word_1_704' title='bbox 2137 5415 2394 5483; x_wconf 77' lang='lat' dir='ltr'><strong>inierunt.</strong></span> <span class='ocrx_word' id='word_1_705' title='bbox 2423 5414 2556 5467; x_wconf 87' lang='lat' dir='ltr'><strong>Cum</strong></span> <span class='ocrx_word' id='word_1_706' title='bbox 2615 5427 2790 5469; x_wconf 86' lang='lat' dir='ltr'><strong>autem</strong></span> <span class='ocrx_word' id='word_1_707' title='bbox 2823 5421 2973 5483; x_wconf 73' lang='lat' dir='ltr'><strong>culpa</strong></span> <span class='ocrx_word' id='word_1_708' title='bbox 3018 5417 3292 5482; x_wconf 77' lang='lat' dir='ltr'><strong>originalis</strong></span> <span class='ocrx_word' id='word_1_709' title='bbox 3325 5427 3445 5466; x_wconf 61' lang='lat' dir='ltr'><strong>tur-</strong></span> 
     </span>
    </p>
   </div>
   <div class='ocr_carea' id='block_1_116' title="bbox 1910 5482 3443 5553">
    <p class='ocr_par' dir='ltr' id='par_1_116' title="bbox 1910 5482 3443 5553">
     <span class='ocr_line' id='line_1_117' title="bbox 1910 5482 3443 5553; baseline 0.001 -22"><span class='ocrx_word' id='word_1_710' title='bbox 1910 5482 2027 5547; x_wconf 87' lang='lat' dir='ltr'><strong>pior</strong></span> <span class='ocrx_word' id='word_1_711' title='bbox 2059 5483 2145 5553; x_wconf 80' lang='lat' dir='ltr'><strong>sit,</strong></span> <span class='ocrx_word' id='word_1_712' title='bbox 2173 5491 2224 5533; x_wconf 86' lang='lat' dir='ltr'><strong>et</strong></span> <span class='ocrx_word' id='word_1_713' title='bbox 2248 5482 2497 5553; x_wconf 76' lang='lat' dir='ltr'><strong>feminam</strong></span> <span class='ocrx_word' id='word_1_714' title='bbox 2537 5486 2697 5537; x_wconf 84' lang='lat' dir='ltr'><strong>Dcutn</strong></span> <span class='ocrx_word' id='word_1_715' title='bbox 2747 5482 3034 5553; x_wconf 78' lang='lat' dir='ltr'><strong>parituram</strong></span> <span class='ocrx_word' id='word_1_716' title='bbox 3072 5486 3238 5549; x_wconf 81' lang='lat' dir='ltr'><strong>magis</strong></span> <span class='ocrx_word' id='word_1_717' title='bbox 3281 5484 3443 5538; x_wconf 81' lang='lat' dir='ltr'><strong>dedc-</strong></span> 
     </span>
    </p>
   </div>
   <div class='ocr_carea' id='block_1_117' title="bbox 1910 5551 3441 5620">
    <p class='ocr_par' dir='ltr' id='par_1_117' title="bbox 1910 5551 3441 5620">
     <span class='ocr_line' id='line_1_118' title="bbox 1910 5551 3441 5620; baseline 0.003 -20"><span class='ocrx_word' id='word_1_718' title='bbox 1910 5561 2044 5610; x_wconf 86' lang='lat' dir='ltr'><strong>ceat,</strong></span> <span class='ocrx_word' id='word_1_719' title='bbox 2084 5551 2239 5617; x_wconf 84' lang='lat' dir='ltr'><strong>igitur</strong></span> <span class='ocrx_word' id='word_1_720' title='bbox 2272 5552 2413 5605; x_wconf 90' lang='lat' dir='ltr'><strong>sicut</strong></span> <span class='ocrx_word' id='word_1_721' title='bbox 2467 5555 2714 5620; x_wconf 66' lang='lat' dir='ltr'><strong>pranlicta</strong></span> <span class='ocrx_word' id='word_1_722' title='bbox 2748 5551 3093 5620; x_wconf 57' lang='lat' dir='ltr'><strong>iirmmgallva</strong></span> <span class='ocrx_word' id='word_1_723' title='bbox 3137 5559 3200 5606; x_wconf 90' lang='lat' dir='ltr'><strong>de</strong></span> <span class='ocrx_word' id='word_1_724' title='bbox 3244 5556 3441 5607; x_wconf 85' lang='lat' dir='ltr'><strong>immu-</strong></span> 
     </span>
    </p>
   </div>
   <div class='ocr_carea' id='block_1_118' title="bbox 1910 5620 3445 5691">
    <p class='ocr_par' dir='ltr' id='par_1_118' title="bbox 1910 5620 3445 5691">
     <span class='ocr_line' id='line_1_119' title="bbox 1910 5620 3445 5691; baseline 0.002 -21"><span class='ocrx_word' id='word_1_725' title='bbox 1910 5620 2075 5671; x_wconf 70' lang='lat' dir='ltr'><strong>nitate</strong></span> <span class='ocrx_word' id='word_1_726' title='bbox 2114 5635 2142 5671; x_wconf 90' lang='lat' dir='ltr'><strong>a</strong></span> <span class='ocrx_word' id='word_1_727' title='bbox 2175 5621 2327 5689; x_wconf 86' lang='lat' dir='ltr'><strong>culpa</strong></span> <span class='ocrx_word' id='word_1_728' title='bbox 2356 5622 2601 5689; x_wconf 75' lang='lat' dir='ltr'><strong>originali</strong></span> <span class='ocrx_word' id='word_1_729' title='bbox 2641 5625 2692 5676; x_wconf 91' lang='lat' dir='ltr'><strong>in</strong></span> <span class='ocrx_word' id='word_1_730' title='bbox 2725 5625 2975 5691; x_wconf 83' lang='lat' dir='ltr'><strong>dignitate</strong></span> <span class='ocrx_word' id='word_1_731' title='bbox 3008 5623 3201 5677; x_wconf 62' lang='lat' dir='ltr'><strong>divinae</strong></span> <span class='ocrx_word' id='word_1_732' title='bbox 3249 5637 3445 5677; x_wconf 85' lang='lat' dir='ltr'><strong>mater-</strong></span> 
     </span>
    </p>
   </div>
  </div>
