3948 6304
549 355 570 416 1
583 356 681 418 287

1658 360 1715 415 S.
1759 357 2068 415 JOSEPHI
2111 358 2660 418 HYMNOGRAPIII

3608 350 3738 417 1288

548 469 753 519 minum
808 466 953 519 cruci
981 465 1219 531 aiiixum,
1253 468 1461 520 aiebat:
1495 465 1588 519 lloi
1622 467 1774 527 mihi,
1808 465 1929 530 Fili,
1961 483 2096 534 quu-

2227 469 2458 530 δεοτὸκος
2510 468 2733 535 ἔλεγεν·
2790 468 2855 520 Οἵ
2906 484 3013 537 μοι,
3056 466 3181 519 Υἱέί
3232 467 3345 531 πῶς
3393 468 3662 538 θνήσκεις,
3708 474 3739 538 ἡ

552 560 707 613 modo
734 558 978 621 moreris,
1015 560 1123 613 vita
1160 576 1389 628 spesque
1422 557 1695 613 lidelium?

619 647 710 699 Illa
759 664 878 716 qua:
925 651 1078 703 coelis
1109 659 1188 704 est
1236 650 1541 718 sublimior,
1574 654 1763 705 videns
1802 652 2098 714 Christum,

549 740 638 805 qui
675 740 824 793 sulus
852 750 935 793 est
964 740 1279 800 altissimus,
1311 744 1364 795 in
1394 744 1538 812 ligno
1572 743 1886 806 exaltatum,
1914 753 1967 797 et
2008 744 2106 794 ini-

552 829 671 882 mici
702 832 1041 885 altitudinem
1073 833 1437 901 dejicieutem,
1473 835 1947 904 eumdemmagna
1976 847 2105 887 voce

552 916 823 969 laudabat.

624 1007 928 1073 Splendure
984 1009 1151 1076 Illius,
1190 1012 1277 1077 qui
1322 1027 1383 1065 ex
1438 1023 1486 1065 te
1537 1015 1832 1089 secundum
1864 1027 2104 1067 acarnem

556 1105 778 1149 exui-tus
805 1107 905 1161 est,
932 1114 963 1148 o
991 1097 1173 1167 Virgo,
1206 1102 1409 1153 illustra
1447 1110 1674 1154 mentem
1708 1118 1899 1163 meam,
1933 1111 1986 1154 et
2014 1115 2107 1153 cor

556 1204 731 1240 meum
786 1189 1053 1264 illumina,
1104 1192 1349 1245 tenebras
1392 1194 1595 1260 peccati
1642 1195 1954 1261 dispellens,
1990 1207 2108 1245 om-

554 1293 784 1347 nemque
818 1282 1082 1335 socordiae
1116 1297 1246 1336 mea:
1284 1284 1535 1336 nebulam
1571 1283 1863 1353 dissipans.

800 1404 885 1476 Ex.
913 1440 1105 1476 canone
1162 1424 1383 1477 Sabbati
1424 1426 1492 1477 ad
1523 1425 1861 1480 Matutinum.

623 1544 703 1597 Me
738 1561 948 1612 semper
996 1546 1271 1613 proposito
1305 1547 1668 1608 excidentem,
1714 1560 1995 1617 menteque
2032 1551 2111 1602 iu-

554 1636 826 1696 stabilem,
868 1636 1155 1703 pravisque
1196 1638 1616 1704 cogitationibus
1667 1640 2019 1703 abstracfutn,
2057 1651 2110 1692 ct

502 1753 519 1768 ε
556 1726 815 1788 illectum,
854 1736 905 1779 et
935 1727 1024 1794 qui
1052 1743 1134 1778 me
1164 1727 1335 1793 ipsum
1362 1743 1452 1794 per
1482 1742 1749 1779 summam
1782 1728 2106 1781 dementiam

2198 560 2314 629 ζωὴ
2347 560 2447 635 καὶ.
2470 560 2619 622 ἐλπὶς
2644 560 2751 612 τῶν
2780 560 2984 611 πιστῶν

2287 649 2349 699 Ἦ
2390 649 2497 701 τῶν
2525 646 2765 718 οὐρανῶν
2804 648 3126 720 ὑψηλοτέρα,
3169 648 3446 719 ὑψωθέντα
3500 649 3559 699 ὲν
3608 646 3740 714 ξύλῳ

2204 740 2295 791 καὶ
2360 741 2805 810 καταράσσοντα.
2840 743 2938 802 τὰς
2990 740 3227 809 ὑψώσεις
3290 739 3485 809 ἐχθροῦ
3541 737 3740 808 θεωρὴ-

2204 846 2339 881 σασα
2384 830 2474 882 τὸν
2524 830 2682 899 μόνον
2731 829 2971 895 ὕψιστον,
3023 830 3251 899 ἁνύμνει
3300 830 3530 899 Χριστὸν
3578 815 3740 898 pefu-

2204 918 2263 969 λο
2273 917 2474 985 ρώνως.
3215 956 3221 965 -
3365 924 3367 927 ’

2276 1009 2488 1075 Φέγγει,
2523 1008 2786 1077 Παρθένε,
2816 1009 2909 1061 τοῦ
2935 1010 2999 1061 ὲκ
3047 1008 3139 1062 σοῦ
3166 1010 3536 1070 ἀνατείλαντος
3564 1007 3739 1075 σαρκὶ,

2206 1099 2295 1151 τὸν
2324 1098 2446 1150 νοῦν
2474 1116 2573 1167 μου
2604 1088 2966 1167 καταυγασον,
3004 1102 3097 1153 καὶ
3127 1102 3224 1169 τὴν
3249 1100 3468 1169 καρδίαν
3498 1099 3742 1165 quintam,

2207 1189 2300 1240 καὶ
2356 1190 2539 1252 σκότος
2592 1190 2859 1242 διώκουσα
2904 1181 3345 1259 τῆξὰμαρτίας,
3389 1189 3479 1240 καὶ
3516 1186 3614 1268 τῆς
3657 1189 3748 1255 ρᾳ-

2209 1276 2405 1347 θυμίας
2438 1296 2540 1346 μου
2566 1279 2781 1353 ἃπασαν
2812 1278 2909 1349 τὴν
2935 1281 3101 1348 ἀχλὺν
3122 1280 3513 1334 ἀπελαύνουσι.

2221 1421 2320 1474 Ἕκ
2356 1420 2457 1473 τοῦ
2487 1422 2741 1486 κανόνος
2776 1421 2879 1475 τοῦ
2904 1421 3225 1487 Σαϐὄὰτου,
3258 1426 3343 1487 εις
3361 1424 3465 1475 τὸν
3488 1397 3747 1489 Ὄρορον.

2279 1517 2470 1615 Γνώμη
2520 1545 2884 1599 ὀλισθαίνοντα
2931 1550 3017 1599 ἀεὶ
3057 1549 3149 1600 καὶ
3188 1548 3467 1618 λογισμοῖς
3506 1554 3749 1618 πονηροῖς

2208 1635 2579 1704 ἐξελκόμενον,
2626 1637 2721 1688 καὶ
2777 1636 3176 1706 δελεαςάμενον,
3235 1640 3607 1707 φρενοδλαὸῶς
3649 1646 3751 1707 γὰρ

2210 1712 2321 1786 τοῖς
2360 1726 2569 1793 ἐχθροῖς
2597 1727 2917 1795 εὐχείρωτον
2934 1728 3050 1781 ὅλον
3084 1729 3362 1795 γεγονότα,
3398 1728 3470 1798 μὴ
3498 1719 3746 1799 ὑπερίδῃς

560 1827 727 1872 totum
760 1819 994 1871 inimicis
1026 1818 1207 1871 dedidi
1243 1827 1299 1871 ut
1332 1836 1416 1875 me
1451 1820 1705 1876 facillime
1735 1831 2006 1890 caperent,
2042 1838 2108 1878 ne

2227 1833 2299 1881 ιε,
2334 1818 2613 1871 Δέσποινα.

555 1906 844 1976 despicias,
874 1922 906 1961 ο
942 1908 1189 1963 Domina.

626 1997 668 2051 Ο
701 2000 1109 2051 tabernaculum
1140 1998 1295 2051 cretis
1344 1998 1477 2066 ipsis
1524 2001 1823 2067 augustius,
1859 2002 2114 2069 populum

559 2097 709 2141 tuum
743 2089 795 2140 in
840 2088 939 2139 hoc
966 2099 1059 2140 tuo
1099 2087 1448 2141 tabernaculo
1485 2088 1548 2142 ad
1578 2099 1698 2143 tuas
1730 2090 1912 2143 laudes
1935 2091 2117 2143 coni-i-

560 2178 765 2230 nendas
806 2178 1235 2242 convenientem,
1289 2179 1591 2232 cmlestium
1646 2180 2115 2234 tabernacalorum

558 2266 645 2321 fac
704 2266 1039 2333 participem,
1096 2266 1430 2319 lcrventibus
1498 2267 1747 2332 precibus
1810 2267 1915 2320 tuis
1979 2268 2117 2335 apud
2165 2320 2170 2328 ,

558 2357 857 2419 Christum,
899 2371 1056 2424 quem
1099 2356 1355 2426 genuisti,
1405 2360 1649 2411 omnium
1709 2358 1992 2420 Dominum
2054 2372 2121 2412 ac

444 2443 457 2457 ’
497 2458 499 2461 ’
561 2450 977 2503 dominatorem.

635 2537 879 2591 Scientes
909 2546 958 2589 te
984 2552 1106 2590 esse
1139 2535 1397 2604 templum
1445 2536 1650 2605 glorim,
1679 2551 1711 2590 ο
1745 2536 2118 2599 immaculata,

564 2630 616 2681 in
650 2630 848 2696 templo
899 2638 991 2679 tuo
1041 2626 1347 2679 venerande
1394 2626 1726 2695 congregati,
1774 2626 2120 2680 devotissime

566 2720 922 2787 imploramus
957 2717 1217 2768 auxilium
1256 2725 1429 2775 tuum,
1480 2724 1750 2783 quatenus
1781 2731 1876 2785 per
1900 2730 2123 2769 venera-

567 2810 728 2861 bilem
764 2807 1208 2860 inter-Cessionem
1246 2815 1391 2858 tuam
1437 2805 1664 2858 salutem
1707 2821 2120 2875 consequamur,

569 2914 601 2951 ο
630 2907 776 2950 casta
816 2894 999 2963 Virgo.

638 2990 1010 3055 Agnosceutes
1043 2993 1095 3038 te
1123 2973 1343 3035 matrem
1391 2982 1555 3044 illius,
1592 2982 1684 3049 qui
1725 2982 1995 3036 voluntate
2025 2996 2123 3035 sua

570 3080 823 3131 universa
875 3074 1098 3136 creavit,
1156 3072 1223 3125 ad
1270 3072 1511 3125 divinum
1566 3074 1822 3140 templum
1877 3080 2051 3132 tuum,
2092 3088 2125 3125 ο

2286 1996 2466 2063 Σκηνὴ
2498 1997 2802 2066 πλατυτέρα
2827 1998 3089 2067 οὐρανῶν,
3136 1998 3261 2051 λαόν
3301 2016 3393 2052 σου
3435 2000 3750 2070 συνερχόμεο

2216 2103 2304 2139 νον
2338 2089 2392 2139 ὲν
2421 2090 2486 2156 τῇ
2523 2089 2691 2159 σκηνῇ
2724 2105 2815 2140 σου
2856 2090 3025 2159 ταύτῃ
3055 2088 3286 2159 ὑμνῆσαί
3327 2107 3386 2140 σε
3430 2092 3632 2160 σκηνῶν
3659 2091 3751 2142 ἀΰ-

2217 2177 2322 2227 λων
2356 2178 2575 2255 μέτοχον
2606 2179 2825 2246 ποίησον
2852 2183 2917 2248 τῇ
2952 2179 3126 2249 θερμῇ
3157 2177 3335 2247 δεήσει
3370 2195 3460 2231 σου
3482 2180 3611 2251 πρὸς
3632 2181 3751 2248 Χρι-

2217 2267 2307 2319 τὸν
2364 2268 2421 2320 ὃν
2449 2268 2661 2334 ἔτεκες,
2685 2270 2774 2323 τὸν
2798 2271 3069 2343 Δεσπότην
3100 2272 3356 2326 ἁπάντων
3395 2273 3487 2326 καὶ
3542 2272 3749 2341 Κύριον.

2291 2536 2438 2589 Ναόν
2474 2553 2534 2587 σε
2568 2537 2666 2605 τῆς
2708 2536 2863 2604 δόξης
2911 2539 3282 2609 ἐπιστάμενοι,
3312 2542 3564 2611 ᾶχραντε,
3604 2544 3658 2593 ὲν
3682 2543 3753 2611 τῷ

2224 2628 2406 2695 σεπτῷ
2438 2626 2905 2698 συναθροιζόμενοι
2929 2630 3151 2696 πιστῶς,
3180 2631 3275 2701 τὴν
3296 2632 3394 2702 σὴν
3416 2632 3754 2700 ἐξαιτούμεθα

2224 2717 2561 2786 θεοπρεπῶς,
2596 2718 2732 2785 ἁγνὴ
2759 2717 3024 2786 Παρθένε,
3066 2717 3336 2789 βοήθειαν,
3369 2720 3460 2772 καὶ
3492 2723 3556 2790 τῇ
3595 2724 3752 2790 σεπτῇ

2224 2822 2318 2857 σου
2350 2805 2613 2876 πρεσϐεία
2639 2806 2940 2875 σωζόμεθα.

2295 2985 2517 3055 Μητέρα
2564 3002 2625 3038 σε
2677 2985 2770 3038 τοῦ
2820 2986 2885 3039 τὰ
2940 2985 3116 3039 πάντα
3157 2987 3404 3057 βουλήσει
3454 2993 3759 3059 ποιήσαντος

2226 3074 2581 3142 γινώσκοντες
2610 3092 2685 3145 τῳ
2710 3073 2822 3143 ναῷ
2852 3092 2944 3127 σου
2985 3075 3060 3145 τῷ
3092 3076 3218 3146 θείῳ
3257 3080 3676 3150 προστρέχομεν,
3706 3086 3760 3134 ἐν

569 3171 750 3238 Virgo,
779 3166 1137 3227 accurrimus,
1175 3174 1334 3231 atque
1367 3164 1418 3216 in
1452 3177 1516 3214 eo
1555 3177 1859 3229 precamur,
1896 3169 2127 3216 uterro-

2231 3165 2378 3233 αὐτῷ
2429 3161 2734 3234 αἰτούμενοι
2777 3168 2842 3235 τῇ
2892 3166 3135 3237 μεσιτείᾳ
3170 3184 3285 3231 σου,
3319 3169 3581 3239 Παρθένε,
3621 3171 3763 3225 λύσιν

478 3300 480 3303 -
573 3278 690 3315 rum
733 3269 1043 3312 nostrorum
1078 3258 1230 3309 venia
1254 3270 1343 3325 per
1377 3266 1522 3308 tuam
1556 3252 1935 3307 mediatiouem
1969 3252 2127 3306 nobis

570 3349 918 3407 ccttcedatur.

643 3440 803 3508 255
835 3438 877 3491 Ο
901 3437 1088 3499 Maria,
1125 3433 1475 3503 purissimum
1514 3430 1669 3485 Verbi
1704 3429 2127 3491 tabernaculum,

574 3533 794 3599 pm‘iliea
828 3546 854 3582 a
883 3528 1060 3597 pravis
1086 3525 1462 3578 all‘ectionibus
1491 3539 1585 3577 eor
1616 3537 1818 3584 meum,
1849 3519 2127 3587 divinique

572 3620 804 3689 Spiritus
828 3634 920 3671 vas
945 3616 1205 3670 mundum
1246 3613 1375 3666 illud
1401 3614 1567 3673 etiiee,
1596 3619 1653 3662 ut
1687 3609 1895 3662 laudem
1930 3614 1985 3659 et
2017 3620 2131 3657 ma-

573 3712 819 3781 gaiticem
864 3717 913 3759 te
948 3706 1093 3759 omni
1127 3704 1285 3757 laude
1318 3702 1714 3771 dignissimam.

653 3797 778 3851 Esto
810 3794 941 3848 mihi
980 3792 1287 3857 mediatrix,‘
1319 3805 1351 3843 ο
1384 3790 1790 3859 benignissima,
1849 3787 1986 3854 apud
2031 3786 2135 3839 Do-

577 3889 779 3940 minum
809 3890 898 3953 qui
933 3874 997 3937 ex‘
1045 3895 1096 3937 te
1129 3893 1286 3935 natus
1320 3892 1425 3942 est,
1473 3890 1529 3932 ut
1556 3894 1583 3931 a
1614 3879 1873 3947 gehennae
1902 3876 2134 3929 ﬂammis

575 3980 769 4046 eripiat
797 3992 899 4039 me,
958 3989 1020 4025 ac
1070 3973 1275 4025 ccelesti
1338 3984 1502 4038 regno
1539 3971 1763 4038 dignum
1806 3968 1988 4031 faciat,
2022 3968 2135 4021 cla-

579 4076 812 4120 mantem
842 4083 855 4118 :
891 4061 1203 4118 Laudabilis
1250 4069 1304 4114 et
1351 4059 1784 4127 supergluriosus
1852 4057 1991 4111 Deus
2038 4056 2139 4109 Pa-

578 4156 745 4221 trum,
780 4168 884 4211 etc.

653 4251 695 4302 0
725 4247 887 4314 Virgo
925 4254 1032 4298 tota
1058 4242 1260 4302 lucida,
1292 4254 1412 4308 qua:
1441 4239 1576 4292 lucis
1603 4238 1843 4292 datorem
1880 4237 2045 4290 Deum
2086 4240 2137 4289 in

580 4340 755 4393 lucem
789 4336 1025 4393 edidisti,
1074 4333 1316 4385 illumina
1351 4330 1535 4383 oculos
1557 4330 1747 4383 cordis'
1790 4329 1893 4381 mei
1939 4328 2141 4380 lumine

580 4432 779 4485 divinae.
815 4424 1163 4493 cognitionis,
1200 4430 1255 4473 ut
1297 4428 1506 4494 cantem
1540 4437 1551 4472 :
1580 4406 1770 4472 Onmia
1809 4432 1993 4485 opera,
2027 4416 2143 4469 lau-

581 4520 705 4572 date
740 4517 1050 4575 Domiuum,
1081 4518 1166 4563 etc

570 4710 573 4713 ί
662 4693 995 4745 llorrescunt
1028 4685 1279 4740 cmlestes
1311 4684 1601 4749 exercitus,
1634 4682 1877 4737 videntes
1898 4681 2138 4735 divinum

587 4783 765 4839 Patris
795 4779 1133 4849 splendorem
1162 4772 1504 4828 ineﬂ‘abiliter
1531 4775 1583 4825 in
1605 4775 1856 4826 manibus
1883 4774 1990 4826 tuis
2013 4787 2145 4826 con-

593 4874 817 4933 tineri,o
842 4869 1003 4937 Virgo
1030 4874 1197 4919 mater
1215 4863 1525 4931 purissima,
1549 4862 1959 4915 similitudinem
1984 4870 2144 4930 atque

592 4963 879 5028 imaginem
912 4969 1056 5011 tuam
1088 4954 1397 5017 habentem,
1430 4962 1488 5004 ut
1512 4953 1758 5004 homines
1792 4951 1903 5004 Deo
1937 4950 2144 5005 similes

592 5053 803 5108 elliciat.

699 5173 778 5226 Ex
805 5189 1000 5227 canone
1036 5173 1181 5241 feria:
1230 5173 1286 5237 2,
1318 5171 1385 5223 ad
1418 5167 1756 5220 .llatntinum.
1790 5169 1920 5224 Tom'
1962 5171 2044 5226 ῘῙ.

666 5354 705 5402 0
731 5352 887 5404 unica
922 5349 1029 5404 Deo
1066 5349 1386 5403 charissima
1420 5349 1616 5417 puella,
1647 5366 1766 5419 quae
1806 5349 2008 5404 fontem
2040 5352 2144 5403 im-

600 5529 787 5583 nitatis
813 5528 1117 5581 virtualiter
1144 5526 1459 5590 includitur,
1483 5527 1553 5579 ita
1585 5528 1977 5581 immunitatem
2010 5531 2156 5597 ejus-

601 5602 722 5651 dem
750 5598 816 5647 ab
842 5598 1083 5657 originali
1131 5598 1182 5649 in
1234 5611 1293 5649 ea
1339 5597 1579 5649 denotari
1617 5613 1838 5650 necesse
1885 5609 1986 5650 eSt.
2027 5599 2156 5652 Vide

601 5667 1062 5732 Nieretnbergium
1125 5667 1176 5718 in
1224 5665 1603 5734 Sacrosyllaho
1640 5664 1665 5734 §
1701 5665 1760 5731 7,
1818 5666 1905 5718 ubi
1976 5668 2153 5735 plures

2232 3256 2566 3323 σφαλμάτων
2600 3255 2941 3323 κομίσασθαι.

2300 3438 2506 3508 Μαρία,
2579 3437 2817 3509 καθαρὸν
2871 3438 2961 3490 τοῦ
3020 3440 3192 3507 Λόγου
3252 3442 3532 3509 σκήνωμα,
3588 3441 3765 3493 παθῶν

2232 3528 2639 3599 ὲναποκὰθαρον
2669 3529 2766 3593 τὴν
2792 3529 3014 3597 καρδίαν
3040 3546 3161 3599 μου,
3201 3533 3294 3582 καὶ
3323 3532 3519 3591 σκεῦος·
3540 3530 3768 3601 καθαρὸν

2234 3620 2542 3685 Πνεύματρς
2568 3617 2665 3671 τοῦ
2691 3617 2831 3670 θείου
2857 3619 3199 3683 ἀποτέλεσυν,
3238 3618 3323 3671 ἵνα
3368 3617 3519 3678 ὖμνῶ
3551 3622 3640 3671 καὶ
3674 3637 3766 3687 με·
3824 3676 3834 3686 ,

2233 3708 2445 3775 γαλύνω
2479 3723 2536 3759 σε
2566 3708 2663 3776 τὴν
2691 3706 3032 3774 πανύμνητον

2308 3796 2447 3866 Πρὸς
2469 3796 2558 3848 τὸν
2588 3798 2651 3847 ὲκ
2683 3796 2775 3847 σοῦ
2806 3795 3127 3863 γεννηθέντα
3157 3794 3361 3863 Κύριον
3388 3796 3543 3861 γενοῦ
3574 3796 3773 3864 μεσίτις

2236 3884 2433 3955 ἀγαθὴ,
2484 3884 2582 3951 τῆς
2635 3883 2857 3950 γεέννης
2907 3884 2999 3934 καὶ
3052 3880 3153 3933 τοῦ
3187 3882 3352 3951 πυρὸς
3386 3884 3530 3946 ὅπως
3579 3900 3642 3951 με
3689 3883 3772 3934 λ.»-

2235 3974 2440 4042 τρώσῃ,
2477 3973 2567 4024 καὶ
2616 3970 2924 4042 καταξιώσῃ
2970 3987 3034 4040 με
3070 3964 3167 4039 τῆς
3210 3972 3484 4040 βασιλείας
3539 3973 3772 4041 κραυγά-

2237 4064 2397 4127 ζοντα
2421 4079 2435 4094 ο
2482 4062 2537 4115 '0
2570 4062 2773 4124 αίνετὸς
2817 4061 2922 4114 τῶν
2956 4063 3204 4131 πατέρων
3254 4061 3386 4125 Θεὸς
3425 4064 3515 4115 καὶ
3554 4063 3771 4131 ὑπερένο

2237 4153 2405 4218 δοξος.
3126 4156 3135 4165 ’

2309 4241 2616 4310 Φωτοδότην
2667 4240 2863 4304 τέξασα
2914 4239 3077 4301 Θεὸν,
3130 4240 3366 4306 ὁλόφωτε
3418 4239 3675 4307 Παρθένε.
3716 4240 3776 4290 τὰ

2241 4332 2463 4401 ὄμματα
2509 4332 2606 4398 τῆς
2662 4330 2885 4399 καρδίας
2926 4347 3023 4398 μου
3071 4331 3412 4396 καταὺγασον
3466 4332 3598 4396 φωτὶ
3647 4328 3777 4380 Θεοῦ

2245 4419 2633 4487 ὲπιγνώσεως,’
2660 4420 2737 4480 είς
2775 4418 2833 4469 τὸ
2884 4419 3129 4484 μέλπειν,
3168 4418 3350 4470 Πάντα
3395 4418 3460 4470 τὰ
3507 4418 3658 4486 ἔργα,
3695 4417 3780 4468 τὸν

2170 4486 2213 4538 D
2246 4486 2446 4579 Κύριον
2479 4509 2715 4578 ὑμνεῖτε,
2756 4508 2850 4559 καὶ
2902 4508 3234 4577 ὑπερυψοῦτε
3257 4546 3271 4570 ,
3312 4508 3389 4569 εἰς
3419 4510 3619 4569 πάντας
3658 4508 3780 4567 τοὺς

3678 4596 3703 4607 μ

2245 4599 2465 4661 αἰῶνας.

2315 4690 2526 4758 Φρίττει
2555 4686 2712 4756 νοερὰ
2742 4688 3116 4756 στρατεύματα
3140 4689 3199 4740 τὸ
3224 4689 3315 4740 τοῦ
3351 4688 3554 4757 Πατρδς
3579 4686 3784 4755 ὁρῶντα

2249 4780 2390 4831 θεῖον
2422 4777 2759 4845 ἀπαύγασμα
2803 4795 2896 4829 σου
2929 4780 2985 4829 ὲν
3014 4781 3128 4839 ταῖς
3165 4779 3351 4849 χερσὶν
3379 4778 3785 4847 ἀνερμηνεύτδις

2252 4866 2637 4936 κρατούμενον,
2682 4866 2774 4917 καὶ
2824 4866 2884 4918 τὸ
2919 4868 3009 4918 σὸν
3044 4868 3376 4936 κεκτημένον
3402 4867 3664 4936 ὁμοίωμα,
3698 4867 3787 4917 Eva

2251 4957 2468 5025 βροτοὺς
2503 4956 2700 5025 θεώσῃ,
2737 4956 3149 5027 Παρθενομῆτορ
3179 4958 3502 5026 πανάμωμε.

2266 5171 2362 5223 Ἐκ
2394 5169 2497 5223 τοῦ
2525 5172 2778 5234 κανόνος
2808 5169 3240 5310 τῆςΗδευτῖρας,
3279 5175 3367 5239 είς
3396 5174 3501 5226 τὸν
3524 5174 3792 5241 Ὀρθρον.

2952 5257 3058 5307 χος
3125 5248 3157 5295 ’.

2952 5257 3058 5307 χος
3096 5248 3157 5307 β’-

2338 5345 2399 5399 Ἦ
2431 5347 2527 5417 τὴν
2556 5348 2736 5417 πηγὴν
2766 5350 2862 5416 τῆς
2900 5349 3163 5414 ἀπαθείας
3194 5351 3461 5421 κυήσασα,
3494 5368 3798 5422 τραυματι-

2264 5527 2418 5582 affert
2472 5530 2657 5583 Patres
2708 5531 3276 5589 incontaminationcm
3323 5544 3377 5587 et
3432 5533 3805 5587 mnnimodam

2264 5598 2501 5673 Virginis
2526 5601 2812 5673 puritatem
2853 5603 2920 5654 ab
2966 5604 3108 5657 onmi
3145 5603 3313 5672 culpae
3362 5617 3560 5673 genere
3613 5604 3809 5657 diVilta:

2266 5667 2591 5722 maternitati
2623 5670 2937 5748 tribueptes.
