  <div class='ocr_page' id='page_1' title='image "/cluster/home/n/w/nwhite01/storage/ocr_20150623/105/pst.000005714155/726.png"; bbox 0 0 3948 6304; ppageno 0'>
   <div class='ocr_carea' id='block_1_1' title="bbox 209 274 346 338">
    <p class='ocr_par' dir='ltr' id='par_1_1' title="bbox 209 274 346 338">
     <span class='ocr_line' id='line_1_1' title="bbox 209 274 346 338; baseline -0.007 -1"><span class='ocrx_word' id='word_1_1' title='bbox 209 274 346 338; x_wconf 78' lang='lat'><strong>129</strong></span> 
     </span>
    </p>
   </div>
   <div class='ocr_carea' id='block_1_2' title="bbox 1568 259 1926 320">
    <p class='ocr_par' dir='ltr' id='par_1_2' title="bbox 1568 259 1926 320">
     <span class='ocr_line' id='line_1_2' title="bbox 1568 259 1926 320; baseline -0.011 0"><span class='ocrx_word' id='word_1_2' title='bbox 1568 259 1926 320; x_wconf 70' lang='lat' dir='ltr'><strong>MARIALE.</strong></span> 
     </span>
    </p>
   </div>
   <div class='ocr_carea' id='block_1_3' title="bbox 3287 241 3420 303">
    <p class='ocr_par' dir='ltr' id='par_1_3' title="bbox 3287 241 3420 303">
     <span class='ocr_line' id='line_1_3' title="bbox 3287 241 3420 303; baseline -0.045 -1"><span class='ocrx_word' id='word_1_3' title='bbox 3287 241 3420 303; x_wconf 70' lang='lat' dir='ltr'><strong>129D</strong></span> 
     </span>
    </p>
   </div>
   <div class='ocr_carea' id='block_1_4' title="bbox 211 353 1799 455">
    <p class='ocr_par' dir='ltr' id='par_1_4' title="bbox 211 374 1799 455">
     <span class='ocr_line' id='line_1_4' title="bbox 211 374 1799 455; baseline -0.012 -15"><span class='ocrx_word' id='word_1_4' title='bbox 211 388 406 441; x_wconf 85' lang='grc' dir='ltr'>σθέντα</span> <span class='ocrx_word' id='word_1_5' title='bbox 439 387 652 450; x_wconf 74' lang='grc' dir='ltr'>πάθεσι,</span> <span class='ocrx_word' id='word_1_6' title='bbox 702 387 873 455; x_wconf 83' lang='grc' dir='ltr'>Κόρη,</span> <span class='ocrx_word' id='word_1_7' title='bbox 906 382 1258 443; x_wconf 72' lang='grc' dir='ltr'><strong>θεράπευσον,</strong></span> <span class='ocrx_word' id='word_1_8' title='bbox 1303 396 1397 431; x_wconf 82' lang='grc' dir='ltr'><strong>και</strong></span> <span class='ocrx_word' id='word_1_9' title='bbox 1432 383 1597 445; x_wconf 68' lang='grc' dir='ltr'>πυρὸς</span> <span class='ocrx_word' id='word_1_10' title='bbox 1634 374 1764 424; x_wconf 83' lang='grc' dir='ltr'>αίω-</span> <span class='ocrx_word' id='word_1_11' title='bbox 1796 425 1799 434; x_wconf 36' lang='grc' dir='ltr'><strong>η</strong></span> 
     </span>
    </p>
   </div>
   <div class='ocr_carea' id='block_1_5' title="bbox 1919 353 3426 455">
    <p class='ocr_par' dir='ltr' id='par_1_5' title="bbox 1919 353 3426 434">
     <span class='ocr_line' id='line_1_5' title="bbox 1919 353 3426 434; baseline -0.01 -11"><span class='ocrx_word' id='word_1_12' title='bbox 1919 367 2245 424; x_wconf 74' lang='lat' dir='ltr'><strong>issibilitatis</strong></span> <span class='ocrx_word' id='word_1_13' title='bbox 2307 364 2581 434; x_wconf 80' lang='lat' dir='ltr'><strong>peperisti,</strong></span> <span class='ocrx_word' id='word_1_14' title='bbox 2636 361 2829 414; x_wconf 66' lang='lat' dir='ltr'><strong>:mima:</strong></span> <span class='ocrx_word' id='word_1_15' title='bbox 2897 373 3030 413; x_wconf 73' lang='lat' dir='ltr'><strong>mea:</strong></span> <span class='ocrx_word' id='word_1_16' title='bbox 3081 353 3426 427; x_wconf 76' lang='lat' dir='ltr'><strong>passionibus</strong></span> 
     </span>
    </p>
   </div>
   <div class='ocr_carea' id='block_1_6' title="bbox 207 473 1374 548">
    <p class='ocr_par' dir='ltr' id='par_1_6' title="bbox 207 473 1374 548">
     <span class='ocr_line' id='line_1_6' title="bbox 207 473 1374 548; baseline -0.005 -18"><span class='ocrx_word' id='word_1_17' title='bbox 207 481 317 530; x_wconf 80' lang='grc' dir='ltr'>νίου</span> <span class='ocrx_word' id='word_1_18' title='bbox 347 479 649 548; x_wconf 79' lang='grc' dir='ltr'>ἐξάρπασόν</span> <span class='ocrx_word' id='word_1_19' title='bbox 691 495 780 546; x_wconf 84' lang='grc' dir='ltr'><strong>με,</strong></span> <span class='ocrx_word' id='word_1_20' title='bbox 818 476 954 543; x_wconf 73' lang='grc' dir='ltr'>μόνη</span> <span class='ocrx_word' id='word_1_21' title='bbox 984 473 1374 543; x_wconf 77' lang='grc' dir='ltr'>Θεοχαρίτωτε.</span> 
     </span>
    </p>
   </div>
   <div class='ocr_carea' id='block_1_7' title="bbox 307 652 1769 729">
    <p class='ocr_par' dir='ltr' id='par_1_7' title="bbox 307 652 1769 729">
     <span class='ocr_line' id='line_1_7' title="bbox 307 652 1769 729; baseline -0.006 -17"><span class='ocrx_word' id='word_1_22' title='bbox 307 661 492 729; x_wconf 75' lang='grc' dir='ltr'>Αρχὴν</span> <span class='ocrx_word' id='word_1_23' title='bbox 541 658 645 710; x_wconf 76' lang='grc' dir='ltr'><strong>ὑπὸ</strong></span> <span class='ocrx_word' id='word_1_24' title='bbox 677 657 862 726; x_wconf 81' lang='grc' dir='ltr'>χρόνον</span> <span class='ocrx_word' id='word_1_25' title='bbox 908 657 1141 726; x_wconf 71' lang='grc' dir='ltr'>εἰληφὼς</span> <span class='ocrx_word' id='word_1_26' title='bbox 1190 655 1503 707; x_wconf 76' lang='grc' dir='ltr'>πιστεύεται</span> <span class='ocrx_word' id='word_1_27' title='bbox 1555 657 1619 707; x_wconf 79' lang='grc' dir='ltr'><strong>ἐκ</strong></span> <span class='ocrx_word' id='word_1_28' title='bbox 1676 652 1769 704; x_wconf 82' lang='grc' dir='ltr'><strong>σοῦ</strong></span> 
     </span>
    </p>
   </div>
   <div class='ocr_carea' id='block_1_8' title="bbox 206 744 1463 820">
    <p class='ocr_par' dir='ltr' id='par_1_8' title="bbox 206 744 1463 820">
     <span class='ocr_line' id='line_1_8' title="bbox 206 744 1463 820; baseline -0.001 -21"><span class='ocrx_word' id='word_1_29' title='bbox 206 749 237 799; x_wconf 99' lang='lat'><strong>6</strong></span> <span class='ocrx_word' id='word_1_30' title='bbox 267 745 472 820; x_wconf 82' lang='grc' dir='ltr'><strong>χρόνων</strong></span> <span class='ocrx_word' id='word_1_31' title='bbox 502 745 860 818; x_wconf 84' lang='grc' dir='ltr'>Δημιουργὸς,</span> <span class='ocrx_word' id='word_1_32' title='bbox 900 744 1463 816; x_wconf 37' lang='grc' dir='ltr'>Μήτερέὰειπάρθενε.</span> 
     </span>
    </p>
   </div>
   <div class='ocr_carea' id='block_1_9' title="bbox 281 923 1774 997">
    <p class='ocr_par' dir='ltr' id='par_1_9' title="bbox 281 923 1774 997">
     <span class='ocr_line' id='line_1_9' title="bbox 281 923 1774 997; baseline -0.001 -17"><span class='ocrx_word' id='word_1_33' title='bbox 281 926 586 997; x_wconf 84' lang='grc' dir='ltr'>Σαρκοῦται</span> <span class='ocrx_word' id='word_1_34' title='bbox 612 924 671 989; x_wconf 79' lang='grc' dir='ltr'>ἐξ</span> <span class='ocrx_word' id='word_1_35' title='bbox 705 925 881 994; x_wconf 82' lang='grc' dir='ltr'>ἁγνῶν</span> <span class='ocrx_word' id='word_1_36' title='bbox 914 925 1160 996; x_wconf 79' lang='grc' dir='ltr'><strong>αἱμάτων</strong></span> <span class='ocrx_word' id='word_1_37' title='bbox 1191 940 1308 990; x_wconf 86' lang='grc' dir='ltr'>σου,</span> <span class='ocrx_word' id='word_1_38' title='bbox 1341 923 1434 977; x_wconf 79' lang='grc' dir='ltr'><strong>καὶ</strong></span> <span class='ocrx_word' id='word_1_39' title='bbox 1467 924 1774 996; x_wconf 84' lang='grc' dir='ltr'>ἀνθρώποις</span> 
     </span>
    </p>
   </div>
   <div class='ocr_carea' id='block_1_10' title="bbox 207 1016 1774 1087">
    <p class='ocr_par' dir='ltr' id='par_1_10' title="bbox 207 1016 1774 1087">
     <span class='ocr_line' id='line_1_10' title="bbox 207 1016 1774 1087; baseline -0.001 -16"><span class='ocrx_word' id='word_1_40' title='bbox 207 1017 428 1071; x_wconf 77' lang='grc' dir='ltr'>ἑνοῦται</span> <span class='ocrx_word' id='word_1_41' title='bbox 462 1017 630 1069; x_wconf 81' lang='grc' dir='ltr'>θέλων</span> <span class='ocrx_word' id='word_1_42' title='bbox 663 1019 690 1069; x_wconf 93' lang='lat'><strong>6</strong></span> <span class='ocrx_word' id='word_1_43' title='bbox 716 1019 944 1087; x_wconf 84' lang='grc' dir='ltr'>Κύριος,</span> <span class='ocrx_word' id='word_1_44' title='bbox 996 1016 1256 1086; x_wconf 81' lang='grc' dir='ltr'>ἄχραντε,</span> <span class='ocrx_word' id='word_1_45' title='bbox 1300 1017 1392 1069; x_wconf 74' lang='grc' dir='ltr'>καὶ</span> <span class='ocrx_word' id='word_1_46' title='bbox 1429 1016 1642 1086; x_wconf 86' lang='grc' dir='ltr'>δέχεται</span> <span class='ocrx_word' id='word_1_47' title='bbox 1679 1034 1774 1087; x_wconf 88' lang='grc' dir='ltr'>με·</span> 
     </span>
    </p>
   </div>
   <div class='ocr_carea' id='block_1_11' title="bbox 209 1106 1774 1179">
    <p class='ocr_par' dir='ltr' id='par_1_11' title="bbox 209 1106 1774 1179">
     <span class='ocr_line' id='line_1_11' title="bbox 209 1106 1774 1179; baseline -0.004 -14"><span class='ocrx_word' id='word_1_48' title='bbox 209 1110 535 1173; x_wconf 85' lang='grc' dir='ltr'>τανοοῦντας</span> <span class='ocrx_word' id='word_1_49' title='bbox 565 1111 691 1173; x_wconf 78' lang='grc' dir='ltr'>τοὺς</span> <span class='ocrx_word' id='word_1_50' title='bbox 722 1112 851 1179; x_wconf 65' lang='grc' dir='ltr'>πρὶν</span> <span class='ocrx_word' id='word_1_51' title='bbox 882 1109 1218 1178; x_wconf 73' lang='grc' dir='ltr'><strong>ὑπαχθέντας</strong></span> <span class='ocrx_word' id='word_1_52' title='bbox 1248 1106 1624 1177; x_wconf 82' lang='grc' dir='ltr'>ἁμαρτήμασι,</span> <span class='ocrx_word' id='word_1_53' title='bbox 1656 1109 1774 1170; x_wconf 84' lang='grc' dir='ltr'>ταῖς</span> 
     </span>
    </p>
   </div>
   <div class='ocr_carea' id='block_1_12' title="bbox 209 1199 1257 1270">
    <p class='ocr_par' dir='ltr' id='par_1_12' title="bbox 209 1199 1257 1270">
     <span class='ocr_line' id='line_1_12' title="bbox 209 1199 1257 1270; baseline -0.003 -15"><span class='ocrx_word' id='word_1_54' title='bbox 209 1206 337 1265; x_wconf 85' lang='grc' dir='ltr'><strong>σαῖς</strong></span> <span class='ocrx_word' id='word_1_55' title='bbox 376 1202 548 1263; x_wconf 78' lang='grc' dir='ltr'>λιταῖς</span> <span class='ocrx_word' id='word_1_56' title='bbox 581 1202 670 1254; x_wconf 79' lang='grc' dir='ltr'><strong>ἀεὶ</strong></span> <span class='ocrx_word' id='word_1_57' title='bbox 708 1199 1257 1270; x_wconf 86' lang='grc' dir='ltr'>κατακαμπτόμενος.</span> 
     </span>
    </p>
   </div>
   <div class='ocr_carea' id='block_1_13' title="bbox 261 1283 1778 1359">
    <p class='ocr_par' dir='ltr' id='par_1_13' title="bbox 261 1283 1778 1359">
     <span class='ocr_line' id='line_1_13' title="bbox 261 1283 1778 1359; baseline -0.004 -15"><span class='ocrx_word' id='word_1_58' title='bbox 261 1292 421 1344; x_wconf 80' lang='grc' dir='ltr'><strong>¹Νέον</strong></span> <span class='ocrx_word' id='word_1_59' title='bbox 447 1291 522 1353; x_wconf 82' lang='grc' dir='ltr'>ὡς</span> <span class='ocrx_word' id='word_1_60' title='bbox 561 1289 757 1359; x_wconf 77' lang='grc' dir='ltr'>βρέφος</span> <span class='ocrx_word' id='word_1_61' title='bbox 802 1291 930 1359; x_wconf 82' lang='grc' dir='ltr'>ἡμῖν</span> <span class='ocrx_word' id='word_1_62' title='bbox 962 1283 1053 1341; x_wconf 80' lang='grc' dir='ltr'>τὸν</span> <span class='ocrx_word' id='word_1_63' title='bbox 1092 1285 1417 1356; x_wconf 86' lang='grc' dir='ltr'>προαιὼνιον</span> <span class='ocrx_word' id='word_1_64' title='bbox 1466 1285 1594 1338; x_wconf 80' lang='grc' dir='ltr'>Υἱδν</span> <span class='ocrx_word' id='word_1_65' title='bbox 1630 1288 1778 1338; x_wconf 83' lang='grc' dir='ltr'>τέτο-</span> 
     </span>
    </p>
   </div>
   <div class='ocr_carea' id='block_1_14' title="bbox 210 1370 1777 1448">
    <p class='ocr_par' dir='ltr' id='par_1_14' title="bbox 210 1370 1777 1448">
     <span class='ocr_line' id='line_1_14' title="bbox 210 1370 1777 1448; baseline -0.006 -15"><span class='ocrx_word' id='word_1_66' title='bbox 210 1397 337 1444; x_wconf 75' lang='grc' dir='ltr'>ιιας,</span> <span class='ocrx_word' id='word_1_67' title='bbox 363 1378 673 1448; x_wconf 86' lang='grc' dir='ltr'>θελητικαῖς</span> <span class='ocrx_word' id='word_1_68' title='bbox 693 1378 844 1430; x_wconf 74' lang='grc' dir='ltr'>δυσὶν</span> <span class='ocrx_word' id='word_1_69' title='bbox 868 1374 1177 1447; x_wconf 71' lang='grc' dir='ltr'><strong>ἐνεργείαις</strong></span> <span class='ocrx_word' id='word_1_70' title='bbox 1204 1373 1515 1443; x_wconf 84' lang='grc' dir='ltr'>ὑπάρχοντα</span> <span class='ocrx_word' id='word_1_71' title='bbox 1536 1370 1777 1440; x_wconf 81' lang='grc' dir='ltr'><strong>διπλοῦν,</strong></span> 
     </span>
    </p>
   </div>
   <div class='ocr_carea' id='block_1_15' title="bbox 209 1465 1390 1541">
    <p class='ocr_par' dir='ltr' id='par_1_15' title="bbox 209 1465 1390 1541">
     <span class='ocr_line' id='line_1_15' title="bbox 209 1465 1390 1541; baseline -0.005 -18"><span class='ocrx_word' id='word_1_72' title='bbox 209 1473 286 1534; x_wconf 84' lang='grc' dir='ltr'>ὠς</span> <span class='ocrx_word' id='word_1_73' title='bbox 322 1471 607 1541; x_wconf 79' lang='grc' dir='ltr'>ἄνθρωπον</span> <span class='ocrx_word' id='word_1_74' title='bbox 641 1470 755 1540; x_wconf 77' lang='grc' dir='ltr'><strong>ἅμα</strong></span> <span class='ocrx_word' id='word_1_75' title='bbox 781 1469 912 1522; x_wconf 88' lang='grc' dir='ltr'>Θεόν</span> <span class='ocrx_word' id='word_1_76' title='bbox 939 1484 1022 1532; x_wconf 85' lang='grc' dir='ltr'><strong>τε,</strong></span> <span class='ocrx_word' id='word_1_77' title='bbox 1060 1465 1390 1536; x_wconf 83' lang='grc' dir='ltr'>πανάμωμε.</span> 
     </span>
    </p>
   </div>
   <div class='ocr_carea' id='block_1_16' title="bbox 296 1648 1780 1724">
    <p class='ocr_par' dir='ltr' id='par_1_16' title="bbox 296 1648 1780 1724">
     <span class='ocr_line' id='line_1_16' title="bbox 296 1648 1780 1724; baseline -0.009 -12"><span class='ocrx_word' id='word_1_78' title='bbox 296 1659 393 1711; x_wconf 78' lang='grc' dir='ltr'><strong>Ἕκ</strong></span> <span class='ocrx_word' id='word_1_79' title='bbox 441 1656 629 1710; x_wconf 82' lang='grc' dir='ltr'>πασῶν</span> <span class='ocrx_word' id='word_1_80' title='bbox 678 1655 881 1724; x_wconf 79' lang='grc' dir='ltr'>γενεῶν</span> <span class='ocrx_word' id='word_1_81' title='bbox 928 1653 1037 1718; x_wconf 80' lang='grc' dir='ltr'>ὲξε)</span> <span class='ocrx_word' id='word_1_82' title='bbox 1054 1651 1212 1716; x_wconf 78' lang='grc' dir='ltr'>έξατό</span> <span class='ocrx_word' id='word_1_83' title='bbox 1259 1667 1319 1702; x_wconf 87' lang='grc' dir='ltr'><strong>σε</strong></span> <span class='ocrx_word' id='word_1_84' title='bbox 1362 1649 1463 1719; x_wconf 83' lang='grc' dir='ltr'>τὴν</span> <span class='ocrx_word' id='word_1_85' title='bbox 1517 1648 1780 1717; x_wconf 73' lang='grc' dir='ltr'>καλλονὴν</span> 
     </span>
    </p>
   </div>
   <div class='ocr_carea' id='block_1_17' title="bbox 1871 447 3426 516">
    <p class='ocr_par' dir='ltr' id='par_1_17' title="bbox 1871 447 3426 516">
     <span class='ocr_line' id='line_1_17' title="bbox 1871 447 3426 516; baseline -0.008 -2"><span class='ocrx_word' id='word_1_86' title='bbox 1871 460 2127 514; x_wconf 71' lang='lat' dir='ltr'><strong>sauciata:</strong></span> <span class='ocrx_word' id='word_1_87' title='bbox 2186 457 2452 511; x_wconf 85' lang='lat' dir='ltr'><strong>medicam</strong></span> <span class='ocrx_word' id='word_1_88' title='bbox 2503 468 2723 507; x_wconf 87' lang='lat' dir='ltr'><strong>manum</strong></span> <span class='ocrx_word' id='word_1_89' title='bbox 2774 450 3022 514; x_wconf 87' lang='lat' dir='ltr'><strong>admove,</strong></span> <span class='ocrx_word' id='word_1_90' title='bbox 3087 457 3140 502; x_wconf 88' lang='lat' dir='ltr'><strong>et</strong></span> <span class='ocrx_word' id='word_1_91' title='bbox 3186 447 3254 501; x_wconf 85' lang='lat' dir='ltr'><strong>ab</strong></span> <span class='ocrx_word' id='word_1_92' title='bbox 3303 447 3426 516; x_wconf 80' lang='lat' dir='ltr'><strong>igne</strong></span> 
     </span>
    </p>
   </div>
   <div class='ocr_carea' id='block_1_18' title="bbox 1870 550 2382 620">
    <p class='ocr_par' dir='ltr' id='par_1_18' title="bbox 1870 550 2382 620">
     <span class='ocr_line' id='line_1_18' title="bbox 1870 550 2382 620; baseline -0.014 -13"><span class='ocrx_word' id='word_1_93' title='bbox 1870 562 2070 607; x_wconf 63' lang='lat' dir='ltr'><strong>interno</strong></span> <span class='ocrx_word' id='word_1_94' title='bbox 2099 550 2245 620; x_wconf 89' lang='lat' dir='ltr'><strong>eripe</strong></span> <span class='ocrx_word' id='word_1_95' title='bbox 2276 563 2382 602; x_wconf 89' lang='lat' dir='ltr'><strong>me.</strong></span> 
     </span>
    </p>
   </div>
   <div class='ocr_carea' id='block_1_19' title="bbox 1944 632 3432 712">
    <p class='ocr_par' dir='ltr' id='par_1_19' title="bbox 1944 632 3432 712">
     <span class='ocr_line' id='line_1_19' title="bbox 1944 632 3432 712; baseline -0.009 -13"><span class='ocrx_word' id='word_1_96' title='bbox 1944 647 2034 699; x_wconf 84' lang='lat' dir='ltr'><strong>ille</strong></span> <span class='ocrx_word' id='word_1_97' title='bbox 2064 644 2156 712; x_wconf 86' lang='lat' dir='ltr'><strong>qui</strong></span> <span class='ocrx_word' id='word_1_98' title='bbox 2192 649 2278 697; x_wconf 90' lang='lat' dir='ltr'><strong>est</strong></span> <span class='ocrx_word' id='word_1_99' title='bbox 2311 648 2502 694; x_wconf 93' lang='lat' dir='ltr'><strong>auctor</strong></span> <span class='ocrx_word' id='word_1_100' title='bbox 2539 648 2590 692; x_wconf 95' lang='lat' dir='ltr'><strong>et</strong></span> <span class='ocrx_word' id='word_1_101' title='bbox 2621 637 2870 691; x_wconf 87' lang='lat' dir='ltr'><strong>conditor</strong></span> <span class='ocrx_word' id='word_1_102' title='bbox 2907 645 3228 702; x_wconf 83' lang='lat' dir='ltr'><strong>temporum,</strong></span> <span class='ocrx_word' id='word_1_103' title='bbox 3253 632 3432 689; x_wconf 86' lang='lat' dir='ltr'><strong>credi--</strong></span> 
     </span>
    </p>
   </div>
   <div class='ocr_carea' id='block_1_20' title="bbox 1875 725 3405 804">
    <p class='ocr_par' dir='ltr' id='par_1_20' title="bbox 1875 725 3405 804">
     <span class='ocr_line' id='line_1_20' title="bbox 1875 725 3405 804; baseline -0.009 -11"><span class='ocrx_word' id='word_1_104' title='bbox 1875 750 1963 793; x_wconf 89' lang='lat' dir='ltr'><strong>tur</strong></span> <span class='ocrx_word' id='word_1_105' title='bbox 1982 753 2090 790; x_wconf 80' lang='lat' dir='ltr'><strong>aee-</strong></span> <span class='ocrx_word' id='word_1_106' title='bbox 2116 737 2260 804; x_wconf 90' lang='lat' dir='ltr'><strong>pisse</strong></span> <span class='ocrx_word' id='word_1_107' title='bbox 2299 747 2362 786; x_wconf 80' lang='lat' dir='ltr'><strong>ex</strong></span> <span class='ocrx_word' id='word_1_108' title='bbox 2418 739 2489 791; x_wconf 88' lang='lat' dir='ltr'><strong>te,</strong></span> <span class='ocrx_word' id='word_1_109' title='bbox 2534 745 2566 783; x_wconf 91' lang='lat'><strong>0</strong></span> <span class='ocrx_word' id='word_1_110' title='bbox 2614 728 2781 782; x_wconf 79' lang='lat' dir='ltr'><strong>Mater</strong></span> <span class='ocrx_word' id='word_1_111' title='bbox 2826 735 2880 782; x_wconf 88' lang='lat' dir='ltr'><strong>ct</strong></span> <span class='ocrx_word' id='word_1_112' title='bbox 2934 725 3096 795; x_wconf 83' lang='lat' dir='ltr'><strong>Virgo</strong></span> <span class='ocrx_word' id='word_1_113' title='bbox 3148 735 3405 796; x_wconf 81' lang='lat' dir='ltr'><strong>perpetua</strong></span> 
     </span>
    </p>
   </div>
   <div class='ocr_carea' id='block_1_21' title="bbox 1874 823 2538 896">
    <p class='ocr_par' dir='ltr' id='par_1_21' title="bbox 1874 823 2538 896">
     <span class='ocr_line' id='line_1_21' title="bbox 1874 823 2538 896; baseline -0.015 -13"><span class='ocrx_word' id='word_1_114' title='bbox 1874 828 2165 896; x_wconf 87' lang='lat' dir='ltr'><strong>temporale</strong></span> <span class='ocrx_word' id='word_1_115' title='bbox 2192 823 2538 894; x_wconf 71' lang='lat' dir='ltr'><strong>principium.</strong></span> 
     </span>
    </p>
   </div>
   <div class='ocr_carea' id='block_1_22' title="bbox 1946 909 3430 980">
    <p class='ocr_par' dir='ltr' id='par_1_22' title="bbox 1946 909 3430 980">
     <span class='ocr_line' id='line_1_22' title="bbox 1946 909 3430 980; baseline -0.009 -6"><span class='ocrx_word' id='word_1_116' title='bbox 1946 922 2268 974; x_wconf 86' lang='lat' dir='ltr'><strong>lncarnatur</strong></span> <span class='ocrx_word' id='word_1_117' title='bbox 2299 932 2363 970; x_wconf 81' lang='lat' dir='ltr'><strong>ex</strong></span> <span class='ocrx_word' id='word_1_118' title='bbox 2394 912 2564 969; x_wconf 87' lang='lat' dir='ltr'><strong>castis</strong></span> <span class='ocrx_word' id='word_1_119' title='bbox 2603 911 2962 980; x_wconf 79' lang='lat' dir='ltr'><strong>sanguinibus</strong></span> <span class='ocrx_word' id='word_1_120' title='bbox 2986 910 3115 972; x_wconf 89' lang='lat' dir='ltr'><strong>tuis,</strong></span> <span class='ocrx_word' id='word_1_121' title='bbox 3146 924 3210 962; x_wconf 94' lang='lat' dir='ltr'><strong>ac</strong></span> <span class='ocrx_word' id='word_1_122' title='bbox 3240 909 3430 963; x_wconf 80' lang='lat' dir='ltr'><strong>volun-</strong></span> 
     </span>
    </p>
   </div>
   <div class='ocr_carea' id='block_1_23' title="bbox 1877 1000 3433 1069">
    <p class='ocr_par' dir='ltr' id='par_1_23' title="bbox 1877 1000 3433 1069">
     <span class='ocr_line' id='line_1_23' title="bbox 1877 1000 3433 1069; baseline -0.01 -5"><span class='ocrx_word' id='word_1_123' title='bbox 1877 1011 2009 1064; x_wconf 89' lang='lat' dir='ltr'><strong>tarie</strong></span> <span class='ocrx_word' id='word_1_124' title='bbox 2037 1006 2351 1063; x_wconf 90' lang='lat' dir='ltr'><strong>hominibus</strong></span> <span class='ocrx_word' id='word_1_125' title='bbox 2374 1003 2582 1065; x_wconf 87' lang='lat' dir='ltr'><strong>unitur,</strong></span> <span class='ocrx_word' id='word_1_126' title='bbox 2608 1016 2671 1056; x_wconf 91' lang='lat' dir='ltr'><strong>ac</strong></span> <span class='ocrx_word' id='word_1_127' title='bbox 2702 1000 3010 1068; x_wconf 89' lang='lat' dir='ltr'><strong>suscipitad</strong></span> <span class='ocrx_word' id='word_1_128' title='bbox 3064 1000 3433 1069; x_wconf 76' lang='lat' dir='ltr'><strong>pmnitentiam</strong></span> 
     </span>
    </p>
   </div>
   <div class='ocr_carea' id='block_1_24' title="bbox 1875 1088 3438 1167">
    <p class='ocr_par' dir='ltr' id='par_1_24' title="bbox 1875 1088 3438 1167">
     <span class='ocr_line' id='line_1_24' title="bbox 1875 1088 3438 1167; baseline -0.006 -15"><span class='ocrx_word' id='word_1_129' title='bbox 1875 1114 1968 1153; x_wconf 91' lang='lat' dir='ltr'><strong>eos</strong></span> <span class='ocrx_word' id='word_1_130' title='bbox 1991 1098 2084 1167; x_wconf 87' lang='lat' dir='ltr'><strong>qui</strong></span> <span class='ocrx_word' id='word_1_131' title='bbox 2126 1107 2283 1150; x_wconf 87' lang='lat' dir='ltr'><strong>antea</strong></span> <span class='ocrx_word' id='word_1_132' title='bbox 2333 1092 2572 1163; x_wconf 75' lang='lat' dir='ltr'><strong>peccatis</strong></span> <span class='ocrx_word' id='word_1_133' title='bbox 2615 1089 2848 1158; x_wconf 81' lang='lat' dir='ltr'><strong>subjecti</strong></span> <span class='ocrx_word' id='word_1_134' title='bbox 2908 1089 3143 1152; x_wconf 85' lang='lat' dir='ltr'><strong>l&#39;uerant,</strong></span> <span class='ocrx_word' id='word_1_135' title='bbox 3199 1088 3438 1142; x_wconf 82' lang='lat' dir='ltr'><strong>assiduis</strong></span> 
     </span>
    </p>
   </div>
   <div class='ocr_carea' id='block_1_25' title="bbox 1879 1178 3440 1254">
    <p class='ocr_par' dir='ltr' id='par_1_25' title="bbox 1879 1178 3440 1254">
     <span class='ocr_line' id='line_1_25' title="bbox 1879 1178 3440 1254; baseline -0.004 -17"><span class='ocrx_word' id='word_1_136' title='bbox 1879 1184 2255 1254; x_wconf 75' lang='lat' dir='ltr'><strong>precibusruis</strong></span> <span class='ocrx_word' id='word_1_137' title='bbox 2276 1192 2532 1237; x_wconf 79' lang='lat' dir='ltr'><strong>exoratus</strong></span> <span class='ocrx_word' id='word_1_138' title='bbox 2567 1180 2900 1239; x_wconf 88' lang='lat' dir='ltr'><strong>Dominus,o</strong></span> <span class='ocrx_word' id='word_1_139' title='bbox 2931 1178 3278 1232; x_wconf 88' lang='lat' dir='ltr'><strong>immaculata</strong></span> <span class='ocrx_word' id='word_1_140' title='bbox 3304 1179 3440 1249; x_wconf 82' lang='grc' dir='ltr'><strong>(Η).</strong></span> 
     </span>
    </p>
   </div>
   <div class='ocr_carea' id='block_1_26' title="bbox 1947 1268 3442 1339">
    <p class='ocr_par' dir='ltr' id='par_1_26' title="bbox 1947 1268 3442 1339">
     <span class='ocr_line' id='line_1_26' title="bbox 1947 1268 3442 1339; baseline -0.003 -13"><span class='ocrx_word' id='word_1_141' title='bbox 1947 1273 2156 1328; x_wconf 83' lang='lat' dir='ltr'><strong>Novum</strong></span> <span class='ocrx_word' id='word_1_142' title='bbox 2188 1271 2636 1334; x_wconf 78' lang='lat' dir='ltr'><strong>velutlnfantem,</strong></span> <span class='ocrx_word' id='word_1_143' title='bbox 2685 1269 2842 1323; x_wconf 89' lang='lat' dir='ltr'><strong>nobis</strong></span> <span class='ocrx_word' id='word_1_144' title='bbox 2886 1268 3160 1337; x_wconf 89' lang='lat' dir='ltr'><strong>peperisti,</strong></span> <span class='ocrx_word' id='word_1_145' title='bbox 3196 1283 3228 1321; x_wconf 90' lang='grc' dir='ltr'><strong>ο</strong></span> <span class='ocrx_word' id='word_1_146' title='bbox 3262 1271 3442 1339; x_wconf 81' lang='lat' dir='ltr'><strong>puris-</strong></span> 
     </span>
    </p>
   </div>
   <div class='ocr_carea' id='block_1_27' title="bbox 1879 1361 3444 1434">
    <p class='ocr_par' dir='ltr' id='par_1_27' title="bbox 1879 1361 3444 1434">
     <span class='ocr_line' id='line_1_27' title="bbox 1879 1361 3444 1434; baseline -0.003 -15"><span class='ocrx_word' id='word_1_147' title='bbox 1879 1367 2037 1430; x_wconf 90' lang='lat' dir='ltr'><strong>sima,</strong></span> <span class='ocrx_word' id='word_1_148' title='bbox 2066 1363 2259 1419; x_wconf 85' lang='lat' dir='ltr'><strong>Filium</strong></span> <span class='ocrx_word' id='word_1_149' title='bbox 2292 1366 2382 1434; x_wconf 90' lang='lat' dir='ltr'><strong>qui</strong></span> <span class='ocrx_word' id='word_1_150' title='bbox 2412 1373 2492 1420; x_wconf 91' lang='lat' dir='ltr'><strong>est</strong></span> <span class='ocrx_word' id='word_1_151' title='bbox 2525 1370 2651 1416; x_wconf 86' lang='lat' dir='ltr'><strong>ante</strong></span> <span class='ocrx_word' id='word_1_152' title='bbox 2672 1361 2855 1416; x_wconf 82' lang='lat' dir='ltr'><strong>omnia</strong></span> <span class='ocrx_word' id='word_1_153' title='bbox 2887 1361 3081 1414; x_wconf 79' lang='lat' dir='ltr'><strong>saecula</strong></span> <span class='ocrx_word' id='word_1_154' title='bbox 3110 1378 3123 1414; x_wconf 93' lang='lat'><strong>:</strong></span> <span class='ocrx_word' id='word_1_155' title='bbox 3157 1362 3209 1414; x_wconf 92' lang='lat' dir='ltr'><strong>in</strong></span> <span class='ocrx_word' id='word_1_156' title='bbox 3243 1361 3444 1430; x_wconf 76' lang='lat' dir='ltr'><strong>duplici</strong></span> 
     </span>
    </p>
   </div>
   <div class='ocr_carea' id='block_1_28' title="bbox 1881 1455 3444 1526">
    <p class='ocr_par' dir='ltr' id='par_1_28' title="bbox 1881 1455 3444 1526">
     <span class='ocr_line' id='line_1_28' title="bbox 1881 1455 3444 1526; baseline -0.001 -16"><span class='ocrx_word' id='word_1_157' title='bbox 1881 1466 2096 1521; x_wconf 85' lang='lat' dir='ltr'><strong>natura,</strong></span> <span class='ocrx_word' id='word_1_158' title='bbox 2132 1458 2470 1526; x_wconf 86' lang='lat' dir='ltr'><strong>duarumque</strong></span> <span class='ocrx_word' id='word_1_159' title='bbox 2502 1457 2842 1510; x_wconf 81' lang='lat' dir='ltr'><strong>voluntatum</strong></span> <span class='ocrx_word' id='word_1_160' title='bbox 2884 1455 3220 1523; x_wconf 86' lang='lat' dir='ltr'><strong>operatione,</strong></span> <span class='ocrx_word' id='word_1_161' title='bbox 3259 1464 3444 1523; x_wconf 85' lang='lat' dir='ltr'><strong>utpote</strong></span> 
     </span>
    </p>
   </div>
   <div class='ocr_carea' id='block_1_29' title="bbox 1884 1546 2629 1601">
    <p class='ocr_par' dir='ltr' id='par_1_29' title="bbox 1884 1546 2629 1601">
     <span class='ocr_line' id='line_1_29' title="bbox 1884 1546 2629 1601; baseline 0 -1"><span class='ocrx_word' id='word_1_162' title='bbox 1884 1546 2051 1601; x_wconf 91' lang='lat' dir='ltr'><strong>Deum</strong></span> <span class='ocrx_word' id='word_1_163' title='bbox 2076 1548 2236 1601; x_wconf 86' lang='lat' dir='ltr'><strong>simul</strong></span> <span class='ocrx_word' id='word_1_164' title='bbox 2257 1557 2309 1601; x_wconf 94' lang='lat' dir='ltr'><strong>et</strong></span> <span class='ocrx_word' id='word_1_165' title='bbox 2332 1548 2629 1601; x_wconf 85' lang='lat' dir='ltr'><strong>hominem.</strong></span> 
     </span>
    </p>
   </div>
   <div class='ocr_carea' id='block_1_30' title="bbox 1954 1634 3446 1708">
    <p class='ocr_par' dir='ltr' id='par_1_30' title="bbox 1954 1634 3446 1708">
     <span class='ocr_line' id='line_1_30' title="bbox 1954 1634 3446 1708; baseline -0.002 -17"><span class='ocrx_word' id='word_1_166' title='bbox 1954 1637 2117 1708; x_wconf 78' lang='lat'><strong>256</strong></span> <span class='ocrx_word' id='word_1_167' title='bbox 2149 1637 2375 1691; x_wconf 87' lang='lat' dir='ltr'><strong>Creator</strong></span> <span class='ocrx_word' id='word_1_168' title='bbox 2408 1638 2569 1705; x_wconf 74' lang='lat' dir='ltr'><strong>elegit</strong></span> <span class='ocrx_word' id='word_1_169' title='bbox 2604 1646 2653 1689; x_wconf 86' lang='lat' dir='ltr'><strong>te</strong></span> <span class='ocrx_word' id='word_1_170' title='bbox 2685 1637 2916 1704; x_wconf 75' lang='lat' dir='ltr'><strong>speciem</strong></span> <span class='ocrx_word' id='word_1_171' title='bbox 2947 1634 3116 1688; x_wconf 85' lang='lat' dir='ltr'><strong>Jaeob</strong></span> <span class='ocrx_word' id='word_1_172' title='bbox 3161 1651 3325 1705; x_wconf 90' lang='lat' dir='ltr'><strong>quam</strong></span> <span class='ocrx_word' id='word_1_173' title='bbox 3360 1636 3446 1689; x_wconf 86' lang='lat' dir='ltr'><strong>di-</strong></span> 
     </span>
    </p>
   </div>
   <div class='ocr_carea' id='block_1_31' title="bbox 222 1721 1799 1818">
    <p class='ocr_par' dir='ltr' id='par_1_31' title="bbox 222 1721 1783 1818">
     <span class='ocr_line' id='line_1_31' title="bbox 222 1721 1783 1818; baseline -0.008 -15"><span class='ocrx_word' id='word_1_174' title='bbox 222 1750 445 1812; x_wconf 83' lang='grc' dir='ltr'>Ἰακὼϐ,</span> <span class='ocrx_word' id='word_1_175' title='bbox 486 1750 550 1818; x_wconf 73' lang='grc' dir='ltr'><strong>ἢν</strong></span> <span class='ocrx_word' id='word_1_176' title='bbox 575 1721 857 1818; x_wconf 78' lang='grc' dir='ltr'>ἠγάπησεν</span> <span class='ocrx_word' id='word_1_177' title='bbox 887 1748 913 1799; x_wconf 90' lang='lat'><strong>6</strong></span> <span class='ocrx_word' id='word_1_178' title='bbox 944 1745 1199 1813; x_wconf 81' lang='grc' dir='ltr'>Ποιητής,</span> <span class='ocrx_word' id='word_1_179' title='bbox 1227 1742 1560 1811; x_wconf 82' lang='grc' dir='ltr'>πανάμωμε,</span> <span class='ocrx_word' id='word_1_180' title='bbox 1601 1742 1694 1793; x_wconf 77' lang='grc' dir='ltr'>καὶ</span> <span class='ocrx_word' id='word_1_181' title='bbox 1721 1742 1783 1792; x_wconf 77' lang='grc' dir='ltr'><strong>ὲκ</strong></span> 
     </span>
    </p>
   </div>
   <div class='ocr_carea' id='block_1_32' title="bbox 1919 1721 3448 1818">
    <p class='ocr_par' dir='ltr' id='par_1_32' title="bbox 1919 1727 3448 1796">
     <span class='ocr_line' id='line_1_32' title="bbox 1919 1727 3448 1796; baseline 0.002 -16"><span class='ocrx_word' id='word_1_182' title='bbox 1919 1729 2038 1788; x_wconf 79' lang='lat' dir='ltr'><strong>:xit,</strong></span> <span class='ocrx_word' id='word_1_183' title='bbox 2079 1741 2142 1781; x_wconf 81' lang='lat' dir='ltr'><strong>ex</strong></span> <span class='ocrx_word' id='word_1_184' title='bbox 2182 1729 2438 1780; x_wconf 92' lang='lat' dir='ltr'><strong>omnibus</strong></span> <span class='ocrx_word' id='word_1_185' title='bbox 2463 1728 2935 1796; x_wconf 76' lang='lat' dir='ltr'><strong>generationibus,</strong></span> <span class='ocrx_word' id='word_1_186' title='bbox 2978 1743 3009 1780; x_wconf 94' lang='grc' dir='ltr'><strong>ο</strong></span> <span class='ocrx_word' id='word_1_187' title='bbox 3053 1727 3448 1783; x_wconf 85' lang='lat' dir='ltr'><strong>immaculatis-</strong></span> 
     </span>
    </p>
   </div>
   <div class='ocr_carea' id='block_1_33' title="bbox 136 1833 961 1901">
    <p class='ocr_par' dir='ltr' id='par_1_33' title="bbox 136 1833 961 1901">
     <span class='ocr_line' id='line_1_33' title="bbox 136 1833 961 1901; baseline -0.007 -9"><span class='ocrx_word' id='word_1_188' title='bbox 136 1833 141 1838; x_wconf 60' lang='grc'><em>’</em></span> <span class='ocrx_word' id='word_1_189' title='bbox 213 1838 312 1892; x_wconf 83' lang='grc' dir='ltr'><strong>σοῦ</strong></span> <span class='ocrx_word' id='word_1_190' title='bbox 349 1837 635 1899; x_wconf 77' lang='grc' dir='ltr'>ἀνατείλας</span> <span class='ocrx_word' id='word_1_191' title='bbox 667 1835 961 1901; x_wconf 79' lang='grc' dir='ltr'>ὲπέφανεν.</span> 
     </span>
    </p>
   </div>
   <div class='ocr_carea' id='block_1_34' title="bbox 292 1919 1784 1995">
    <p class='ocr_par' dir='ltr' id='par_1_34' title="bbox 292 1919 1784 1995">
     <span class='ocr_line' id='line_1_34' title="bbox 292 1919 1784 1995; baseline -0.007 -15"><span class='ocrx_word' id='word_1_192' title='bbox 292 1927 486 1980; x_wconf 79' lang='grc' dir='ltr'>’Δῢλου</span> <span class='ocrx_word' id='word_1_193' title='bbox 517 1925 693 1995; x_wconf 71' lang='grc' dir='ltr'>φωτὸς</span> <span class='ocrx_word' id='word_1_194' title='bbox 719 1925 1032 1994; x_wconf 75' lang='grc' dir='ltr'>οίκητήριον</span> <span class='ocrx_word' id='word_1_195' title='bbox 1064 1922 1094 1990; x_wconf 87' lang='grc' dir='ltr'>ἡ</span> <span class='ocrx_word' id='word_1_196' title='bbox 1148 1920 1215 1990; x_wconf 82' lang='grc' dir='ltr'><strong>σή</strong></span> <span class='ocrx_word' id='word_1_197' title='bbox 1278 1921 1460 1990; x_wconf 84' lang='grc' dir='ltr'>μήτρα</span> <span class='ocrx_word' id='word_1_198' title='bbox 1494 1919 1784 1988; x_wconf 83' lang='grc' dir='ltr'>γεγένηται</span> 
     </span>
    </p>
   </div>
   <div class='ocr_carea' id='block_1_35' title="bbox 219 2010 1786 2089">
    <p class='ocr_par' dir='ltr' id='par_1_35' title="bbox 219 2010 1786 2089">
     <span class='ocr_line' id='line_1_35' title="bbox 219 2010 1786 2089; baseline -0.007 -17"><span class='ocrx_word' id='word_1_199' title='bbox 219 2018 312 2072; x_wconf 75' lang='grc' dir='ltr'><strong>τοῦ</strong></span> <span class='ocrx_word' id='word_1_200' title='bbox 358 2017 731 2089; x_wconf 84' lang='grc' dir='ltr'>φρυκτωρίαις</span> <span class='ocrx_word' id='word_1_201' title='bbox 766 2016 915 2078; x_wconf 87' lang='grc' dir='ltr'>θείας</span> <span class='ocrx_word' id='word_1_202' title='bbox 956 2013 1208 2087; x_wconf 85' lang='grc' dir='ltr'>γνώσεως</span> <span class='ocrx_word' id='word_1_203' title='bbox 1256 2012 1354 2082; x_wconf 81' lang='grc' dir='ltr'>τὴν</span> <span class='ocrx_word' id='word_1_204' title='bbox 1389 2011 1578 2064; x_wconf 85' lang='grc' dir='ltr'>ἀθείαν</span> <span class='ocrx_word' id='word_1_205' title='bbox 1625 2010 1786 2080; x_wconf 82' lang='grc' dir='ltr'>μειώ-</span> 
     </span>
    </p>
   </div>
   <div class='ocr_carea' id='block_1_36' title="bbox 215 2101 1788 2177">
    <p class='ocr_par' dir='ltr' id='par_1_36' title="bbox 215 2101 1788 2177">
     <span class='ocr_line' id='line_1_36' title="bbox 215 2101 1788 2177; baseline -0.007 -15"><span class='ocrx_word' id='word_1_206' title='bbox 215 2126 438 2173; x_wconf 87' lang='grc' dir='ltr'>σαντος,</span> <span class='ocrx_word' id='word_1_207' title='bbox 499 2107 736 2177; x_wconf 79' lang='grc' dir='ltr'>ἄχραντε</span> <span class='ocrx_word' id='word_1_208' title='bbox 807 2105 1090 2172; x_wconf 80' lang='grc' dir='ltr'>Θεόνυμφε</span> <span class='ocrx_word' id='word_1_209' title='bbox 1147 2102 1320 2173; x_wconf 81' lang='grc' dir='ltr'>Κόρη,</span> <span class='ocrx_word' id='word_1_210' title='bbox 1377 2101 1436 2154; x_wconf 85' lang='lat' dir='ltr'><strong>6v</strong></span> <span class='ocrx_word' id='word_1_211' title='bbox 1496 2101 1788 2171; x_wconf 81' lang='grc' dir='ltr'>ὑμνοῦντες</span> 
     </span>
    </p>
   </div>
   <div class='ocr_carea' id='block_1_37' title="bbox 216 2189 1788 2268">
    <p class='ocr_par' dir='ltr' id='par_1_37' title="bbox 216 2189 1788 2268">
     <span class='ocr_line' id='line_1_37' title="bbox 216 2189 1788 2268; baseline -0.004 -18"><span class='ocrx_word' id='word_1_212' title='bbox 216 2196 630 2268; x_wconf 75' lang='grc' dir='ltr'>κραυγάζομενο</span> <span class='ocrx_word' id='word_1_213' title='bbox 657 2194 957 2264; x_wconf 70' lang='grc' dir='ltr'>Εὐλογητὸς</span> <span class='ocrx_word' id='word_1_214' title='bbox 993 2189 1064 2258; x_wconf 73' lang='lat' dir='ltr'><strong>ei,</strong></span> <span class='ocrx_word' id='word_1_215' title='bbox 1107 2194 1135 2244; x_wconf 97' lang='lat'><strong>6</strong></span> <span class='ocrx_word' id='word_1_216' title='bbox 1159 2193 1288 2255; x_wconf 79' lang='grc' dir='ltr'>Θεὸς</span> <span class='ocrx_word' id='word_1_217' title='bbox 1321 2193 1348 2246; x_wconf 91' lang='grc' dir='ltr'><strong>ό</strong></span> <span class='ocrx_word' id='word_1_218' title='bbox 1379 2193 1485 2246; x_wconf 85' lang='grc' dir='ltr'><strong>τῶν</strong></span> <span class='ocrx_word' id='word_1_219' title='bbox 1537 2191 1788 2261; x_wconf 84' lang='grc' dir='ltr'>πατέρων</span> 
     </span>
    </p>
   </div>
   <div class='ocr_carea' id='block_1_38' title="bbox 217 2287 1130 2357">
    <p class='ocr_par' dir='ltr' id='par_1_38' title="bbox 217 2287 1130 2357">
     <span class='ocr_line' id='line_1_38' title="bbox 217 2287 1130 2357; baseline 0.001 -18"><span class='ocrx_word' id='word_1_220' title='bbox 217 2288 250 2356; x_wconf 76' lang='grc' dir='ltr'>ἡ</span> <span class='ocrx_word' id='word_1_221' title='bbox 259 2287 400 2357; x_wconf 84' lang='grc' dir='ltr'>μῶν.</span> <span class='ocrx_word' id='word_1_222' title='bbox 1127 2310 1130 2311; x_wconf 48' lang='grc' dir='ltr'><em>ν</em></span> 
     </span>
    </p>
   </div>
   <div class='ocr_carea' id='block_1_39' title="bbox 305 2465 1789 2538">
    <p class='ocr_par' dir='ltr' id='par_1_39' title="bbox 305 2465 1789 2538">
     <span class='ocr_line' id='line_1_39' title="bbox 305 2465 1789 2538; baseline -0.001 -19"><span class='ocrx_word' id='word_1_223' title='bbox 305 2467 776 2538; x_wconf 79' lang='grc' dir='ltr'>Ἐξασθενήσασαν</span> <span class='ocrx_word' id='word_1_224' title='bbox 799 2465 1018 2528; x_wconf 87' lang='grc' dir='ltr'>πολλαῖς</span> <span class='ocrx_word' id='word_1_225' title='bbox 1041 2465 1365 2536; x_wconf 86' lang='grc' dir='ltr'>προσϐολαῖς</span> <span class='ocrx_word' id='word_1_226' title='bbox 1392 2465 1485 2517; x_wconf 87' lang='grc' dir='ltr'><strong>τοῦ</strong></span> <span class='ocrx_word' id='word_1_227' title='bbox 1529 2467 1789 2537; x_wconf 87' lang='grc' dir='ltr'>πονηροῦ,</span> 
     </span>
    </p>
   </div>
   <div class='ocr_carea' id='block_1_40' title="bbox 220 2557 1793 2629">
    <p class='ocr_par' dir='ltr' id='par_1_40' title="bbox 220 2557 1793 2629">
     <span class='ocr_line' id='line_1_40' title="bbox 220 2557 1793 2629; baseline -0.001 -19"><span class='ocrx_word' id='word_1_228' title='bbox 220 2559 618 2629; x_wconf 86' lang='grc' dir='ltr'>Θεογεννῆτορ,</span> <span class='ocrx_word' id='word_1_229' title='bbox 649 2559 747 2628; x_wconf 81' lang='grc' dir='ltr'>τὴν</span> <span class='ocrx_word' id='word_1_230' title='bbox 776 2557 966 2611; x_wconf 80' lang='grc' dir='ltr'>ἀθλίαν</span> <span class='ocrx_word' id='word_1_231' title='bbox 1002 2557 1182 2625; x_wconf 75' lang='grc' dir='ltr'>ψυχήν</span> <span class='ocrx_word' id='word_1_232' title='bbox 1221 2575 1322 2626; x_wconf 91' lang='grc' dir='ltr'><strong>μου</strong></span> <span class='ocrx_word' id='word_1_233' title='bbox 1350 2559 1464 2618; x_wconf 84' lang='grc' dir='ltr'>ταῖς</span> <span class='ocrx_word' id='word_1_234' title='bbox 1500 2558 1793 2627; x_wconf 79' lang='grc' dir='ltr'>ρωστικαῖς</span> 
     </span>
    </p>
   </div>
   <div class='ocr_carea' id='block_1_41' title="bbox 225 2645 1796 2718">
    <p class='ocr_par' dir='ltr' id='par_1_41' title="bbox 225 2645 1796 2718">
     <span class='ocr_line' id='line_1_41' title="bbox 225 2645 1796 2718; baseline -0.001 -19"><span class='ocrx_word' id='word_1_235' title='bbox 225 2664 326 2699; x_wconf 89' lang='grc' dir='ltr'><strong>σου</strong></span> <span class='ocrx_word' id='word_1_236' title='bbox 354 2648 545 2713; x_wconf 81' lang='grc' dir='ltr'>λιταῖς,</span> <span class='ocrx_word' id='word_1_237' title='bbox 577 2648 839 2718; x_wconf 82' lang='grc' dir='ltr'>Παρθένε,</span> <span class='ocrx_word' id='word_1_238' title='bbox 872 2646 1001 2717; x_wconf 89' lang='grc' dir='ltr'>ὑγιῆ</span> <span class='ocrx_word' id='word_1_239' title='bbox 1030 2648 1362 2716; x_wconf 83' lang='grc' dir='ltr'>ἁπέργασαι,</span> <span class='ocrx_word' id='word_1_240' title='bbox 1397 2646 1483 2698; x_wconf 78' lang='grc' dir='ltr'>ἵνα</span> <span class='ocrx_word' id='word_1_241' title='bbox 1510 2663 1568 2698; x_wconf 89' lang='grc' dir='ltr'><strong>σε</strong></span> <span class='ocrx_word' id='word_1_242' title='bbox 1592 2645 1796 2710; x_wconf 76' lang='grc' dir='ltr'>δοξάζω</span> 
     </span>
    </p>
   </div>
   <div class='ocr_carea' id='block_1_42' title="bbox 222 2739 950 2802">
    <p class='ocr_par' dir='ltr' id='par_1_42' title="bbox 222 2739 950 2802">
     <span class='ocr_line' id='line_1_42' title="bbox 222 2739 950 2802; baseline 0 -12"><span class='ocrx_word' id='word_1_243' title='bbox 222 2741 310 2801; x_wconf 86' lang='grc' dir='ltr'><strong>είς</strong></span> <span class='ocrx_word' id='word_1_244' title='bbox 348 2741 556 2802; x_wconf 81' lang='grc' dir='ltr'>πάντας</span> <span class='ocrx_word' id='word_1_245' title='bbox 581 2741 705 2801; x_wconf 81' lang='grc' dir='ltr'>τοὺς</span> <span class='ocrx_word' id='word_1_246' title='bbox 727 2739 950 2800; x_wconf 78' lang='grc' dir='ltr'>αἰῶνας.</span> 
     </span>
    </p>
   </div>
   <div class='ocr_carea' id='block_1_43' title="bbox 301 2827 1796 2897">
    <p class='ocr_par' dir='ltr' id='par_1_43' title="bbox 301 2827 1796 2897">
     <span class='ocr_line' id='line_1_43' title="bbox 301 2827 1796 2897; baseline 0.001 -18"><span class='ocrx_word' id='word_1_247' title='bbox 301 2827 488 2880; x_wconf 79' lang='grc' dir='ltr'>Φεῖσαί</span> <span class='ocrx_word' id='word_1_248' title='bbox 513 2845 636 2896; x_wconf 85' lang='grc' dir='ltr'>μου,</span> <span class='ocrx_word' id='word_1_249' title='bbox 671 2829 862 2897; x_wconf 84' lang='grc' dir='ltr'>Κύριε,</span> <span class='ocrx_word' id='word_1_250' title='bbox 902 2829 1126 2896; x_wconf 79' lang='grc' dir='ltr'>φεῖσαι,</span> <span class='ocrx_word' id='word_1_251' title='bbox 1159 2827 1287 2880; x_wconf 80' lang='grc' dir='ltr'>ὅταν</span> <span class='ocrx_word' id='word_1_252' title='bbox 1335 2827 1532 2896; x_wconf 77' lang='grc' dir='ltr'>μέλλῃς</span> <span class='ocrx_word' id='word_1_253' title='bbox 1562 2844 1630 2897; x_wconf 93' lang='grc' dir='ltr'><strong>με</strong></span> <span class='ocrx_word' id='word_1_254' title='bbox 1677 2829 1796 2896; x_wconf 76' lang='grc' dir='ltr'><strong>κρῖο</strong></span> 
     </span>
    </p>
   </div>
   <div class='ocr_carea' id='block_1_44' title="bbox 225 2917 1797 2988">
    <p class='ocr_par' dir='ltr' id='par_1_44' title="bbox 225 2917 1797 2988">
     <span class='ocr_line' id='line_1_44' title="bbox 225 2917 1797 2988; baseline -0.001 -18"><span class='ocrx_word' id='word_1_255' title='bbox 225 2935 343 2980; x_wconf 86' lang='grc' dir='ltr'>ναι,</span> <span class='ocrx_word' id='word_1_256' title='bbox 378 2920 472 2971; x_wconf 75' lang='grc' dir='ltr'>καὶ</span> <span class='ocrx_word' id='word_1_257' title='bbox 510 2919 586 2988; x_wconf 85' lang='grc' dir='ltr'>μὴ</span> <span class='ocrx_word' id='word_1_258' title='bbox 621 2919 990 2988; x_wconf 81' lang='grc' dir='ltr'>καταδικάσῃς</span> <span class='ocrx_word' id='word_1_259' title='bbox 1037 2935 1104 2988; x_wconf 88' lang='grc' dir='ltr'><strong>με</strong></span> <span class='ocrx_word' id='word_1_260' title='bbox 1139 2919 1217 2980; x_wconf 88' lang='grc' dir='ltr'><strong>είς</strong></span> <span class='ocrx_word' id='word_1_261' title='bbox 1253 2917 1385 2986; x_wconf 86' lang='grc' dir='ltr'>πῦρ,</span> <span class='ocrx_word' id='word_1_262' title='bbox 1424 2919 1498 2988; x_wconf 83' lang='grc' dir='ltr'>μὴ</span> <span class='ocrx_word' id='word_1_263' title='bbox 1530 2918 1607 2986; x_wconf 80' lang='grc' dir='ltr'>τῷ</span> <span class='ocrx_word' id='word_1_264' title='bbox 1641 2917 1797 2986; x_wconf 87' lang='grc' dir='ltr'><strong>θυμῴ</strong></span> 
     </span>
    </p>
   </div>
   <div class='ocr_carea' id='block_1_45' title="bbox 226 3007 1794 3078">
    <p class='ocr_par' dir='ltr' id='par_1_45' title="bbox 226 3007 1794 3078">
     <span class='ocr_line' id='line_1_45' title="bbox 226 3007 1794 3078; baseline -0.003 -16"><span class='ocrx_word' id='word_1_265' title='bbox 226 3024 330 3062; x_wconf 84' lang='grc' dir='ltr'><strong>σου</strong></span> <span class='ocrx_word' id='word_1_266' title='bbox 360 3008 584 3078; x_wconf 78' lang='grc' dir='ltr'><strong>ἐλέγξῃς</strong></span> <span class='ocrx_word' id='word_1_267' title='bbox 622 3024 706 3078; x_wconf 88' lang='grc' dir='ltr'>με·</span> <span class='ocrx_word' id='word_1_268' title='bbox 739 3009 978 3062; x_wconf 84' lang='grc' dir='ltr'>δυσωπεῖ</span> <span class='ocrx_word' id='word_1_269' title='bbox 1024 3024 1082 3059; x_wconf 87' lang='grc' dir='ltr'><strong>σε</strong></span> <span class='ocrx_word' id='word_1_270' title='bbox 1119 3007 1387 3076; x_wconf 80' lang='grc' dir='ltr'>[Ιαρθένος</span> <span class='ocrx_word' id='word_1_271' title='bbox 1418 3009 1451 3076; x_wconf 87' lang='grc' dir='ltr'><strong>ή</strong></span> <span class='ocrx_word' id='word_1_272' title='bbox 1492 3007 1546 3059; x_wconf 85' lang='grc' dir='ltr'>δὲ</span> <span class='ocrx_word' id='word_1_273' title='bbox 1597 3025 1794 3075; x_wconf 80' lang='grc' dir='ltr'>κυοφο-</span> 
     </span>
    </p>
   </div>
   <div class='ocr_carea' id='block_1_46' title="bbox 228 3097 1794 3168">
    <p class='ocr_par' dir='ltr' id='par_1_46' title="bbox 228 3097 1794 3168">
     <span class='ocr_line' id='line_1_46' title="bbox 228 3097 1794 3168; baseline 0.001 -20"><span class='ocrx_word' id='word_1_274' title='bbox 228 3101 468 3167; x_wconf 80' lang='grc' dir='ltr'>ρήσασα,</span> <span class='ocrx_word' id='word_1_275' title='bbox 513 3100 735 3168; x_wconf 80' lang='grc' dir='ltr'>Χριστὲ,</span> <span class='ocrx_word' id='word_1_276' title='bbox 769 3101 875 3151; x_wconf 88' lang='grc' dir='ltr'><strong>τῶν</strong></span> <span class='ocrx_word' id='word_1_277' title='bbox 916 3099 1161 3167; x_wconf 82' lang='grc' dir='ltr'>ἀγγέλων</span> <span class='ocrx_word' id='word_1_278' title='bbox 1191 3099 1260 3151; x_wconf 77' lang='grc' dir='ltr'><strong>τὰ</strong></span> <span class='ocrx_word' id='word_1_279' title='bbox 1309 3097 1510 3167; x_wconf 86' lang='grc' dir='ltr'>πλήθη,</span> <span class='ocrx_word' id='word_1_280' title='bbox 1566 3097 1794 3150; x_wconf 74' lang='grc' dir='ltr'>καὶτῶν</span> 
     </span>
    </p>
   </div>
   <div class='ocr_carea' id='block_1_47' title="bbox 231 3186 848 3258">
    <p class='ocr_par' dir='ltr' id='par_1_47' title="bbox 231 3186 848 3258">
     <span class='ocr_line' id='line_1_47' title="bbox 231 3186 848 3258; baseline 0.008 -21"><span class='ocrx_word' id='word_1_281' title='bbox 231 3186 536 3258; x_wconf 80' lang='grc' dir='ltr'>μαρτύρων</span> <span class='ocrx_word' id='word_1_282' title='bbox 573 3188 848 3255; x_wconf 83' lang='grc' dir='ltr'>σύλλογος.</span> 
     </span>
    </p>
   </div>
   <div class='ocr_carea' id='block_1_48' title="bbox 279 3310 1860 3382">
    <p class='ocr_par' dir='ltr' id='par_1_48' title="bbox 279 3310 1860 3382">
     <span class='ocr_line' id='line_1_48' title="bbox 279 3310 1860 3382; baseline 0.002 -18"><span class='ocrx_word' id='word_1_283' title='bbox 279 3313 378 3366; x_wconf 83' lang='grc' dir='ltr'><strong>Ἐκ</strong></span> <span class='ocrx_word' id='word_1_284' title='bbox 412 3312 519 3367; x_wconf 81' lang='grc' dir='ltr'><strong>τοῦ</strong></span> <span class='ocrx_word' id='word_1_285' title='bbox 556 3313 812 3379; x_wconf 81' lang='grc' dir='ltr'>κανόνος</span> <span class='ocrx_word' id='word_1_286' title='bbox 842 3310 950 3380; x_wconf 83' lang='grc' dir='ltr'>τῆς</span> <span class='ocrx_word' id='word_1_287' title='bbox 997 3312 1195 3380; x_wconf 80' lang='grc' dir='ltr'>τρίτης</span> <span class='ocrx_word' id='word_1_288' title='bbox 1237 3314 1325 3377; x_wconf 81' lang='grc' dir='ltr'><strong>είς</strong></span> <span class='ocrx_word' id='word_1_289' title='bbox 1353 3312 1460 3365; x_wconf 80' lang='grc' dir='ltr'>τόν</span> <span class='ocrx_word' id='word_1_290' title='bbox 1493 3314 1765 3382; x_wconf 79' lang='grc' dir='ltr'>Ὄρθρον.</span> <span class='ocrx_word' id='word_1_291' title='bbox 1849 3369 1860 3381; x_wconf 59' lang='grc'><strong>,</strong></span> 
     </span>
    </p>
   </div>
   <div class='ocr_carea' id='block_1_49' title="bbox 308 3423 1804 3495">
    <p class='ocr_par' dir='ltr' id='par_1_49' title="bbox 308 3423 1804 3495">
     <span class='ocr_line' id='line_1_49' title="bbox 308 3423 1804 3495; baseline 0.001 -19"><span class='ocrx_word' id='word_1_292' title='bbox 308 3423 612 3495; x_wconf 81' lang='grc' dir='ltr'>Φλογοφόρε</span> <span class='ocrx_word' id='word_1_293' title='bbox 659 3424 836 3488; x_wconf 73' lang='grc' dir='ltr'>λαϐὶς,</span> <span class='ocrx_word' id='word_1_294' title='bbox 891 3424 959 3494; x_wconf 79' lang='grc' dir='ltr'><strong>ἢν</strong></span> <span class='ocrx_word' id='word_1_295' title='bbox 998 3424 1224 3486; x_wconf 84' lang='grc' dir='ltr'>Ἡσαΐας</span> <span class='ocrx_word' id='word_1_296' title='bbox 1277 3424 1469 3494; x_wconf 74' lang='grc' dir='ltr'>έϐλεψέ</span> <span class='ocrx_word' id='word_1_297' title='bbox 1525 3443 1684 3490; x_wconf 84' lang='grc' dir='ltr'>ποτε,</span> <span class='ocrx_word' id='word_1_298' title='bbox 1735 3425 1804 3478; x_wconf 83' lang='grc' dir='ltr'>τὰ</span> 
     </span>
    </p>
   </div>
   <div class='ocr_carea' id='block_1_50' title="bbox 235 3503 1804 3586">
    <p class='ocr_par' dir='ltr' id='par_1_50' title="bbox 235 3503 1804 3586">
     <span class='ocr_line' id='line_1_50' title="bbox 235 3503 1804 3586; baseline 0.001 -19"><span class='ocrx_word' id='word_1_299' title='bbox 235 3515 418 3583; x_wconf 79' lang='grc' dir='ltr'>ὑλώδη</span> <span class='ocrx_word' id='word_1_300' title='bbox 440 3514 541 3584; x_wconf 84' lang='grc' dir='ltr'>τῆς</span> <span class='ocrx_word' id='word_1_301' title='bbox 568 3503 706 3584; x_wconf 71' lang='grc' dir='ltr'>ἐμῆς</span> <span class='ocrx_word' id='word_1_302' title='bbox 735 3514 960 3584; x_wconf 85' lang='grc' dir='ltr'>καρδίας</span> <span class='ocrx_word' id='word_1_303' title='bbox 991 3516 1161 3585; x_wconf 81' lang='grc' dir='ltr'>πάθη,</span> <span class='ocrx_word' id='word_1_304' title='bbox 1192 3515 1581 3586; x_wconf 81' lang='grc' dir='ltr'>Θεογεννῆτορ,</span> <span class='ocrx_word' id='word_1_305' title='bbox 1615 3516 1804 3584; x_wconf 79' lang='grc' dir='ltr'>φλέξον</span> 
     </span>
    </p>
   </div>
   <div class='ocr_carea' id='block_1_51' title="bbox 235 3602 949 3670">
    <p class='ocr_par' dir='ltr' id='par_1_51' title="bbox 235 3602 949 3670">
     <span class='ocr_line' id='line_1_51' title="bbox 235 3602 949 3670; baseline 0.003 -16"><span class='ocrx_word' id='word_1_306' title='bbox 235 3602 338 3654; x_wconf 73' lang='grc' dir='ltr'><strong>καὶ</strong></span> <span class='ocrx_word' id='word_1_307' title='bbox 380 3604 458 3662; x_wconf 86' lang='grc' dir='ltr'><strong>είς</strong></span> <span class='ocrx_word' id='word_1_308' title='bbox 485 3602 636 3666; x_wconf 86' lang='grc' dir='ltr'>τέλος</span> <span class='ocrx_word' id='word_1_309' title='bbox 669 3602 949 3670; x_wconf 74' lang='grc' dir='ltr'>ἀφάνισον.</span> 
     </span>
    </p>
   </div>
   <div class='ocr_carea' id='block_1_52' title="bbox 312 3691 1806 3764">
    <p class='ocr_par' dir='ltr' id='par_1_52' title="bbox 312 3691 1806 3764">
     <span class='ocr_line' id='line_1_52' title="bbox 312 3691 1806 3764; baseline 0.003 -22"><span class='ocrx_word' id='word_1_310' title='bbox 312 3691 598 3760; x_wconf 82' lang='grc' dir='ltr'>Γαλουχεῖς</span> <span class='ocrx_word' id='word_1_311' title='bbox 642 3692 1044 3762; x_wconf 85' lang='grc' dir='ltr'>μητροπρεπῶς</span> <span class='ocrx_word' id='word_1_312' title='bbox 1074 3694 1163 3746; x_wconf 77' lang='grc' dir='ltr'>τὸν</span> <span class='ocrx_word' id='word_1_313' title='bbox 1212 3695 1417 3764; x_wconf 83' lang='grc' dir='ltr'>τροφέα</span> <span class='ocrx_word' id='word_1_314' title='bbox 1464 3694 1559 3746; x_wconf 88' lang='grc' dir='ltr'><strong>τοῦ</strong></span> <span class='ocrx_word' id='word_1_315' title='bbox 1607 3695 1806 3758; x_wconf 83' lang='grc' dir='ltr'>παντὸς</span> 
     </span>
    </p>
   </div>
   <div class='ocr_carea' id='block_1_53' title="bbox 236 3780 1806 3852">
    <p class='ocr_par' dir='ltr' id='par_1_53' title="bbox 236 3780 1806 3852">
     <span class='ocr_line' id='line_1_53' title="bbox 236 3780 1806 3852; baseline 0.001 -20"><span class='ocrx_word' id='word_1_316' title='bbox 236 3780 338 3832; x_wconf 79' lang='grc' dir='ltr'><strong>καὶ</strong></span> <span class='ocrx_word' id='word_1_317' title='bbox 383 3780 565 3850; x_wconf 83' lang='grc' dir='ltr'>φέρεις</span> <span class='ocrx_word' id='word_1_318' title='bbox 597 3781 785 3832; x_wconf 87' lang='grc' dir='ltr'>τοῦτον</span> <span class='ocrx_word' id='word_1_319' title='bbox 828 3782 885 3832; x_wconf 84' lang='grc' dir='ltr'>έν</span> <span class='ocrx_word' id='word_1_320' title='bbox 917 3780 1203 3847; x_wconf 80' lang='grc' dir='ltr'>ἀγκάλαις,</span> <span class='ocrx_word' id='word_1_321' title='bbox 1257 3782 1416 3852; x_wconf 78' lang='grc' dir='ltr'>ἁγνή,</span> <span class='ocrx_word' id='word_1_322' title='bbox 1446 3782 1536 3835; x_wconf 78' lang='grc' dir='ltr'><strong>τὸν</strong></span> <span class='ocrx_word' id='word_1_323' title='bbox 1569 3783 1636 3836; x_wconf 77' lang='grc' dir='ltr'><strong>τὰ</strong></span> <span class='ocrx_word' id='word_1_324' title='bbox 1671 3783 1806 3852; x_wconf 83' lang='grc' dir='ltr'>σύμ-</span> 
     </span>
    </p>
   </div>
   <div class='ocr_carea' id='block_1_54' title="bbox 237 3871 1140 3941">
    <p class='ocr_par' dir='ltr' id='par_1_54' title="bbox 237 3871 1140 3941">
     <span class='ocr_line' id='line_1_54' title="bbox 237 3871 1140 3941; baseline 0.003 -18"><span class='ocrx_word' id='word_1_325' title='bbox 237 3887 422 3923; x_wconf 84' lang='grc' dir='ltr'>παντα</span> <span class='ocrx_word' id='word_1_326' title='bbox 460 3871 600 3941; x_wconf 74' lang='grc' dir='ltr'>χειρὶ</span> <span class='ocrx_word' id='word_1_327' title='bbox 630 3871 860 3941; x_wconf 78' lang='grc' dir='ltr'>φέροντα</span> <span class='ocrx_word' id='word_1_328' title='bbox 890 3871 1140 3927; x_wconf 78' lang='grc' dir='ltr'>πάντοτε.</span> 
     </span>
    </p>
   </div>
   <div class='ocr_carea' id='block_1_55' title="bbox 321 3961 1809 4033">
    <p class='ocr_par' dir='ltr' id='par_1_55' title="bbox 321 3961 1809 4033">
     <span class='ocr_line' id='line_1_55' title="bbox 321 3961 1809 4033; baseline 0 -17"><span class='ocrx_word' id='word_1_329' title='bbox 321 3961 688 4032; x_wconf 86' lang='grc' dir='ltr'>Μεμυημένος</span> <span class='ocrx_word' id='word_1_330' title='bbox 728 3964 785 4016; x_wconf 85' lang='grc' dir='ltr'>ὲν</span> <span class='ocrx_word' id='word_1_331' title='bbox 816 3962 1095 4031; x_wconf 83' lang='grc' dir='ltr'>Πνεὺματι</span> <span class='ocrx_word' id='word_1_332' title='bbox 1134 3963 1451 4033; x_wconf 77' lang='grc' dir='ltr'>προφητῶν,</span> <span class='ocrx_word' id='word_1_333' title='bbox 1491 3963 1744 4028; x_wconf 82' lang='grc' dir='ltr'>Θεοτόκε,</span> <span class='ocrx_word' id='word_1_334' title='bbox 1782 3965 1809 4016; x_wconf 91' lang='lat'><strong>6</strong></span> 
     </span>
    </p>
   </div>
   <div class='ocr_carea' id='block_1_56' title="bbox 242 4053 1810 4125">
    <p class='ocr_par' dir='ltr' id='par_1_56' title="bbox 242 4053 1810 4125">
     <span class='ocr_line' id='line_1_56' title="bbox 242 4053 1810 4125; baseline -0.001 -18"><span class='ocrx_word' id='word_1_335' title='bbox 242 4053 529 4122; x_wconf 75' lang='grc' dir='ltr'><strong>⁸ιἰερίδοξος</strong></span> <span class='ocrx_word' id='word_1_336' title='bbox 567 4056 721 4124; x_wconf 71' lang='grc' dir='ltr'>χορὸς</span> <span class='ocrx_word' id='word_1_337' title='bbox 767 4054 828 4108; x_wconf 84' lang='grc' dir='ltr'><strong>τὸ</strong></span> <span class='ocrx_word' id='word_1_338' title='bbox 872 4054 1010 4125; x_wconf 78' lang='grc' dir='ltr'>ὑπὲρ</span> <span class='ocrx_word' id='word_1_339' title='bbox 1042 4054 1166 4107; x_wconf 89' lang='grc' dir='ltr'>νοῦν</span> <span class='ocrx_word' id='word_1_340' title='bbox 1205 4072 1298 4107; x_wconf 91' lang='grc' dir='ltr'><strong>σου</strong></span> <span class='ocrx_word' id='word_1_341' title='bbox 1344 4057 1644 4125; x_wconf 77' lang='grc' dir='ltr'>μυστήριον</span> <span class='ocrx_word' id='word_1_342' title='bbox 1688 4073 1810 4107; x_wconf 84' lang='grc' dir='ltr'>ποι-</span> 
     </span>
    </p>
   </div>
   <div class='ocr_carea' id='block_1_57' title="bbox 241 4144 1810 4217">
    <p class='ocr_par' dir='ltr' id='par_1_57' title="bbox 241 4144 1810 4217">
     <span class='ocr_line' id='line_1_57' title="bbox 241 4144 1810 4217; baseline 0 -19"><span class='ocrx_word' id='word_1_343' title='bbox 241 4144 586 4213; x_wconf 81' lang='grc' dir='ltr'>κιλοτρόπως</span> <span class='ocrx_word' id='word_1_344' title='bbox 613 4145 772 4197; x_wconf 89' lang='grc' dir='ltr'>τοῦτο</span> <span class='ocrx_word' id='word_1_345' title='bbox 813 4146 1182 4216; x_wconf 80' lang='grc' dir='ltr'>προχαράττει</span> <span class='ocrx_word' id='word_1_346' title='bbox 1217 4147 1380 4217; x_wconf 76' lang='grc' dir='ltr'>ἱεροῖς</span> <span class='ocrx_word' id='word_1_347' title='bbox 1409 4147 1465 4198; x_wconf 75' lang='grc' dir='ltr'>ἰν</span> <span class='ocrx_word' id='word_1_348' title='bbox 1500 4146 1810 4216; x_wconf 82' lang='grc' dir='ltr'>συμϐόλοις,</span> 
     </span>
    </p>
   </div>
   <div class='ocr_carea' id='block_1_58' title="bbox 241 4228 1288 4308">
    <p class='ocr_par' dir='ltr' id='par_1_58' title="bbox 241 4228 1288 4308">
     <span class='ocr_line' id='line_1_58' title="bbox 241 4228 1288 4308; baseline 0.007 -22"><span class='ocrx_word' id='word_1_349' title='bbox 241 4228 324 4292; x_wconf 81' lang='grc' dir='ltr'><strong>ὧν</strong></span> <span class='ocrx_word' id='word_1_350' title='bbox 351 4235 411 4287; x_wconf 81' lang='grc' dir='ltr'><strong>τὸ</strong></span> <span class='ocrx_word' id='word_1_351' title='bbox 438 4235 609 4305; x_wconf 83' lang='grc' dir='ltr'>πέρας</span> <span class='ocrx_word' id='word_1_352' title='bbox 637 4236 956 4308; x_wconf 85' lang='grc' dir='ltr'>καθορῶμεν</span> <span class='ocrx_word' id='word_1_353' title='bbox 984 4237 1288 4307; x_wconf 85' lang='grc' dir='ltr'>τηλαυγῶς.</span> 
     </span>
    </p>
   </div>
   <div class='ocr_carea' id='block_1_59' title="bbox 327 4419 1810 4494">
    <p class='ocr_par' dir='ltr' id='par_1_59' title="bbox 327 4419 1810 4494">
     <span class='ocr_line' id='line_1_59' title="bbox 327 4419 1810 4494; baseline 0.003 -21"><span class='ocrx_word' id='word_1_354' title='bbox 327 4421 526 4490; x_wconf 87' lang='grc' dir='ltr'>Δανιήλ</span> <span class='ocrx_word' id='word_1_355' title='bbox 563 4437 622 4472; x_wconf 88' lang='grc' dir='ltr'><strong>σε</strong></span> <span class='ocrx_word' id='word_1_356' title='bbox 652 4419 775 4490; x_wconf 77' lang='grc' dir='ltr'>ὅρος</span> <span class='ocrx_word' id='word_1_357' title='bbox 809 4419 950 4490; x_wconf 88' lang='grc' dir='ltr'>μέγα</span> <span class='ocrx_word' id='word_1_358' title='bbox 1003 4422 1060 4472; x_wconf 83' lang='grc' dir='ltr'><strong>ὲν</strong></span> <span class='ocrx_word' id='word_1_359' title='bbox 1093 4420 1360 4491; x_wconf 85' lang='grc' dir='ltr'>πνεύματι</span> <span class='ocrx_word' id='word_1_360' title='bbox 1393 4422 1635 4494; x_wconf 79' lang='grc' dir='ltr'>ἐθεώρει,</span> <span class='ocrx_word' id='word_1_361' title='bbox 1679 4425 1810 4478; x_wconf 84' lang='grc' dir='ltr'>Θεο-</span> 
     </span>
    </p>
   </div>
   <div class='ocr_carea' id='block_1_60' title="bbox 245 4505 1812 4582">
    <p class='ocr_par' dir='ltr' id='par_1_60' title="bbox 245 4505 1812 4582">
     <span class='ocr_line' id='line_1_60' title="bbox 245 4505 1812 4582; baseline 0.003 -16"><span class='ocrx_word' id='word_1_362' title='bbox 245 4514 402 4576; x_wconf 83' lang='grc' dir='ltr'>τόκε,</span> <span class='ocrx_word' id='word_1_363' title='bbox 433 4514 490 4578; x_wconf 71' lang='grc' dir='ltr'><strong>ἒξ</strong></span> <span class='ocrx_word' id='word_1_364' title='bbox 529 4505 591 4564; x_wconf 81' lang='grc' dir='ltr'><strong>οῦ</strong></span> <span class='ocrx_word' id='word_1_365' title='bbox 632 4510 778 4575; x_wconf 86' lang='grc' dir='ltr'>λίθος</span> <span class='ocrx_word' id='word_1_366' title='bbox 817 4514 1150 4582; x_wconf 71' lang='grc' dir='ltr'>ἀποτμηθεὶς</span> <span class='ocrx_word' id='word_1_367' title='bbox 1198 4515 1514 4568; x_wconf 78' lang='grc' dir='ltr'>ἐκλεπτὺνει</span> <span class='ocrx_word' id='word_1_368' title='bbox 1561 4515 1666 4568; x_wconf 89' lang='grc' dir='ltr'><strong>τῶν</strong></span> <span class='ocrx_word' id='word_1_369' title='bbox 1697 4518 1812 4571; x_wconf 85' lang='grc' dir='ltr'>δαι-</span> 
     </span>
    </p>
   </div>
   <div class='ocr_carea' id='block_1_61' title="bbox 249 4605 792 4673">
    <p class='ocr_par' dir='ltr' id='par_1_61' title="bbox 249 4605 792 4673">
     <span class='ocr_line' id='line_1_61' title="bbox 249 4605 792 4673; baseline -0.002 -17"><span class='ocrx_word' id='word_1_370' title='bbox 249 4605 434 4673; x_wconf 85' lang='grc' dir='ltr'>μόνων</span> <span class='ocrx_word' id='word_1_371' title='bbox 465 4605 530 4657; x_wconf 84' lang='grc' dir='ltr'>τὰ</span> <span class='ocrx_word' id='word_1_372' title='bbox 560 4605 792 4671; x_wconf 81' lang='grc' dir='ltr'>γλυπτά.</span> 
     </span>
    </p>
   </div>
   <div class='ocr_carea' id='block_1_62' title="bbox 339 4693 1810 4766">
    <p class='ocr_par' dir='ltr' id='par_1_62' title="bbox 339 4693 1810 4766">
     <span class='ocr_line' id='line_1_62' title="bbox 339 4693 1810 4766; baseline 0.005 -22"><span class='ocrx_word' id='word_1_373' title='bbox 339 4694 429 4756; x_wconf 85' lang='grc' dir='ltr'>Ὠς</span> <span class='ocrx_word' id='word_1_374' title='bbox 479 4693 724 4764; x_wconf 73' lang='grc' dir='ltr'>τράπεζα</span> <span class='ocrx_word' id='word_1_375' title='bbox 767 4695 856 4747; x_wconf 83' lang='grc' dir='ltr'>τὸν</span> <span class='ocrx_word' id='word_1_376' title='bbox 900 4695 1059 4765; x_wconf 83' lang='grc' dir='ltr'>ἄρτον</span> <span class='ocrx_word' id='word_1_377' title='bbox 1090 4698 1284 4765; x_wconf 79' lang='grc' dir='ltr'>χωρεῖς</span> <span class='ocrx_word' id='word_1_378' title='bbox 1323 4698 1411 4749; x_wconf 76' lang='grc' dir='ltr'>τὸν</span> <span class='ocrx_word' id='word_1_379' title='bbox 1449 4699 1706 4766; x_wconf 75' lang='grc' dir='ltr'>μυστικὸν</span> <span class='ocrx_word' id='word_1_380' title='bbox 1752 4701 1810 4764; x_wconf 69' lang='grc' dir='ltr'><strong>ἐξ</strong></span> 
     </span>
    </p>
   </div>
   <div class='ocr_carea' id='block_1_63' title="bbox 245 4778 1812 4856">
    <p class='ocr_par' dir='ltr' id='par_1_63' title="bbox 245 4778 1812 4856">
     <span class='ocr_line' id='line_1_63' title="bbox 245 4778 1812 4856; baseline 0.004 -21"><span class='ocrx_word' id='word_1_381' title='bbox 245 4778 314 4835; x_wconf 78' lang='grc' dir='ltr'><strong>οῦ</strong></span> <span class='ocrx_word' id='word_1_382' title='bbox 364 4785 626 4851; x_wconf 79' lang='grc' dir='ltr'>φαγόντες</span> <span class='ocrx_word' id='word_1_383' title='bbox 669 4786 769 4836; x_wconf 88' lang='grc' dir='ltr'><strong>οὑκ</strong></span> <span class='ocrx_word' id='word_1_384' title='bbox 819 4785 897 4836; x_wconf 81' lang='grc' dir='ltr'>ἑτι</span> <span class='ocrx_word' id='word_1_385' title='bbox 951 4785 1312 4854; x_wconf 78' lang='grc' dir='ltr'>λιμώττομεν,</span> <span class='ocrx_word' id='word_1_386' title='bbox 1363 4787 1698 4856; x_wconf 72' lang='grc' dir='ltr'>πανὺμνητε,</span> <span class='ocrx_word' id='word_1_387' title='bbox 1764 4793 1812 4841; x_wconf 78' lang='lat' dir='ltr'><strong>oi</strong></span> 
     </span>
    </p>
   </div>
   <div class='ocr_carea' id='block_1_64' title="bbox 255 4875 1815 4949">
    <p class='ocr_par' dir='ltr' id='par_1_64' title="bbox 255 4875 1815 4949">
     <span class='ocr_line' id='line_1_64' title="bbox 255 4875 1815 4949; baseline 0.001 -20"><span class='ocrx_word' id='word_1_388' title='bbox 255 4877 458 4938; x_wconf 83' lang='grc' dir='ltr'>ἰδόντες</span> <span class='ocrx_word' id='word_1_389' title='bbox 493 4893 550 4928; x_wconf 85' lang='grc' dir='ltr'><strong>σε</strong></span> <span class='ocrx_word' id='word_1_390' title='bbox 579 4876 815 4946; x_wconf 87' lang='grc' dir='ltr'>Χριστοῦ</span> <span class='ocrx_word' id='word_1_391' title='bbox 850 4875 942 4928; x_wconf 90' lang='grc' dir='ltr'><strong>τοῦ</strong></span> <span class='ocrx_word' id='word_1_392' title='bbox 972 4879 1186 4931; x_wconf 79' lang='grc' dir='ltr'>πάντων</span> <span class='ocrx_word' id='word_1_393' title='bbox 1211 4876 1344 4930; x_wconf 81' lang='grc' dir='ltr'>Θεοῦ</span> <span class='ocrx_word' id='word_1_394' title='bbox 1378 4882 1695 4949; x_wconf 86' lang='grc' dir='ltr'>γεννήτριαν</span> <span class='ocrx_word' id='word_1_395' title='bbox 1724 4882 1815 4931; x_wconf 77' lang='grc' dir='ltr'><strong>καὶ</strong></span> 
     </span>
    </p>
   </div>
   <div class='ocr_carea' id='block_1_65' title="bbox 246 4968 812 5039">
    <p class='ocr_par' dir='ltr' id='par_1_65' title="bbox 246 4968 812 5039">
     <span class='ocr_line' id='line_1_65' title="bbox 246 4968 812 5039; baseline 0.004 -17"><span class='ocrx_word' id='word_1_396' title='bbox 246 4969 451 5039; x_wconf 78' lang='grc' dir='ltr'>τροφὸν</span> <span class='ocrx_word' id='word_1_397' title='bbox 479 4970 551 5030; x_wconf 81' lang='grc' dir='ltr'>ὡς</span> <span class='ocrx_word' id='word_1_398' title='bbox 580 4968 812 5037; x_wconf 80' lang='grc' dir='ltr'>ἀληθῶς.</span> 
     </span>
    </p>
   </div>
   <div class='ocr_carea' id='block_1_66' title="bbox 333 5142 1811 5213">
    <p class='ocr_par' dir='ltr' id='par_1_66' title="bbox 333 5142 1811 5213">
     <span class='ocr_line' id='line_1_66' title="bbox 333 5142 1811 5213; baseline -0.003 -17"><span class='ocrx_word' id='word_1_399' title='bbox 333 5145 444 5213; x_wconf 87' lang='lat' dir='ltr'><strong>(ll)</strong></span> <span class='ocrx_word' id='word_1_400' title='bbox 484 5143 713 5198; x_wconf 84' lang='lat' dir='ltr'><strong>Pulchre</strong></span> <span class='ocrx_word' id='word_1_401' title='bbox 741 5142 995 5212; x_wconf 80' lang='lat' dir='ltr'><strong>Aloysius</strong></span> <span class='ocrx_word' id='word_1_402' title='bbox 1030 5143 1334 5196; x_wconf 71' lang='lat' dir='ltr'><strong>Norat-inus</strong></span> <span class='ocrx_word' id='word_1_403' title='bbox 1392 5143 1446 5195; x_wconf 88' lang='lat' dir='ltr'><strong>in</strong></span> <span class='ocrx_word' id='word_1_404' title='bbox 1484 5142 1678 5194; x_wconf 82' lang='lat' dir='ltr'><strong>Umbra</strong></span> <span class='ocrx_word' id='word_1_405' title='bbox 1713 5143 1811 5194; x_wconf 77' lang='lat' dir='ltr'><strong>vir-</strong></span> 
     </span>
    </p>
   </div>
   <div class='ocr_carea' id='block_1_67' title="bbox 253 5213 1828 5284">
    <p class='ocr_par' dir='ltr' id='par_1_67' title="bbox 253 5213 1828 5284">
     <span class='ocr_line' id='line_1_67' title="bbox 253 5213 1828 5284; baseline -0.001 -19"><span class='ocrx_word' id='word_1_406' title='bbox 253 5231 431 5284; x_wconf 86' lang='lat' dir='ltr'><strong>gmea,</strong></span> <span class='ocrx_word' id='word_1_407' title='bbox 458 5231 510 5266; x_wconf 90' lang='grc' dir='ltr'><strong>ιι.</strong></span> <span class='ocrx_word' id='word_1_408' title='bbox 551 5213 652 5267; x_wconf 73' lang='grc'><strong>207</strong></span> <span class='ocrx_word' id='word_1_409' title='bbox 684 5229 698 5284; x_wconf 81' lang='lat'><strong>;</strong></span> <span class='ocrx_word' id='word_1_410' title='bbox 740 5231 755 5263; x_wconf 82' lang='lat' dir='ltr'><strong>t</strong></span> <span class='ocrx_word' id='word_1_411' title='bbox 783 5213 976 5284; x_wconf 74' lang='lat' dir='ltr'><strong>Nemo,</strong></span> <span class='ocrx_word' id='word_1_412' title='bbox 1001 5215 1193 5280; x_wconf 88' lang='lat' dir='ltr'><strong>inquit,</strong></span> <span class='ocrx_word' id='word_1_413' title='bbox 1226 5224 1330 5264; x_wconf 85' lang='lat' dir='ltr'><strong>tam</strong></span> <span class='ocrx_word' id='word_1_414' title='bbox 1360 5229 1547 5284; x_wconf 84' lang='lat' dir='ltr'><strong>parum</strong></span> <span class='ocrx_word' id='word_1_415' title='bbox 1580 5213 1828 5284; x_wconf 71' lang='lat' dir='ltr'><strong>virginea:</strong></span> 
     </span>
    </p>
   </div>
   <div class='ocr_carea' id='block_1_68' title="bbox 257 5281 1823 5352">
    <p class='ocr_par' dir='ltr' id='par_1_68' title="bbox 257 5281 1823 5352">
     <span class='ocr_line' id='line_1_68' title="bbox 257 5281 1823 5352; baseline -0.001 -18"><span class='ocrx_word' id='word_1_416' title='bbox 257 5281 536 5352; x_wconf 54' lang='lat' dir='ltr'><strong>&#39;purilatis,</strong></span> <span class='ocrx_word' id='word_1_417' title='bbox 562 5283 810 5351; x_wconf 75' lang='lat' dir='ltr'><strong>virginea:</strong></span> <span class='ocrx_word' id='word_1_418' title='bbox 847 5282 1029 5347; x_wconf 69' lang='lat' dir='ltr'><strong>gloriae</strong></span> <span class='ocrx_word' id='word_1_419' title='bbox 1072 5286 1279 5334; x_wconf 84' lang='lat' dir='ltr'><strong>amicus</strong></span> <span class='ocrx_word' id='word_1_420' title='bbox 1312 5284 1399 5345; x_wconf 87' lang='lat' dir='ltr'><strong>sit,</strong></span> <span class='ocrx_word' id='word_1_421' title='bbox 1425 5283 1518 5349; x_wconf 86' lang='lat' dir='ltr'><strong>qui</strong></span> <span class='ocrx_word' id='word_1_422' title='bbox 1561 5281 1823 5333; x_wconf 77' lang='lat' dir='ltr'><strong>maculam</strong></span> 
     </span>
    </p>
   </div>
   <div class='ocr_carea' id='block_1_69' title="bbox 257 5353 1827 5418">
    <p class='ocr_par' dir='ltr' id='par_1_69' title="bbox 257 5353 1827 5418">
     <span class='ocr_line' id='line_1_69' title="bbox 257 5353 1827 5418; baseline -0.001 -13"><span class='ocrx_word' id='word_1_423' title='bbox 257 5355 313 5406; x_wconf 87' lang='lat' dir='ltr'><strong>in</strong></span> <span class='ocrx_word' id='word_1_424' title='bbox 344 5365 404 5404; x_wconf 82' lang='lat' dir='ltr'><strong>ca</strong></span> <span class='ocrx_word' id='word_1_425' title='bbox 445 5353 613 5405; x_wconf 79' lang='lat' dir='ltr'><strong>fuisse</strong></span> <span class='ocrx_word' id='word_1_426' title='bbox 644 5360 871 5413; x_wconf 85' lang='lat' dir='ltr'><strong>asserat,</strong></span> <span class='ocrx_word' id='word_1_427' title='bbox 906 5365 998 5418; x_wconf 89' lang='lat' dir='ltr'><strong>per</strong></span> <span class='ocrx_word' id='word_1_428' title='bbox 1038 5368 1199 5416; x_wconf 80' lang='lat' dir='ltr'><strong>quam</strong></span> <span class='ocrx_word' id='word_1_429' title='bbox 1235 5367 1424 5404; x_wconf 76' lang='lat' dir='ltr'><strong>omnes</strong></span> <span class='ocrx_word' id='word_1_430' title='bbox 1454 5365 1609 5403; x_wconf 86' lang='lat' dir='ltr'><strong>erant</strong></span> <span class='ocrx_word' id='word_1_431' title='bbox 1645 5366 1827 5403; x_wconf 86' lang='lat' dir='ltr'><strong>maeu-</strong></span> 
     </span>
    </p>
   </div>
   <div class='ocr_carea' id='block_1_70' title="bbox 256 5420 1592 5488">
    <p class='ocr_par' dir='ltr' id='par_1_70' title="bbox 256 5420 1592 5488">
     <span class='ocr_line' id='line_1_70' title="bbox 256 5420 1592 5488; baseline -0.004 -12"><span class='ocrx_word' id='word_1_432' title='bbox 256 5424 323 5476; x_wconf 66' lang='lat' dir='ltr'><strong>lze</strong></span> <span class='ocrx_word' id='word_1_433' title='bbox 346 5420 674 5486; x_wconf 55' lang='lat' dir='ltr'><strong>aoferenda’,</strong></span> <span class='ocrx_word' id='word_1_434' title='bbox 709 5422 899 5473; x_wconf 86' lang='lat' dir='ltr'><strong>sordes</strong></span> <span class='ocrx_word' id='word_1_435' title='bbox 929 5433 1119 5473; x_wconf 88' lang='lat' dir='ltr'><strong>omnes</strong></span> <span class='ocrx_word' id='word_1_436' title='bbox 1141 5421 1531 5488; x_wconf 67' lang='lat' dir='ltr'><strong>abstergendai.</strong></span> <span class='ocrx_word' id='word_1_437' title='bbox 1575 5438 1592 5470; x_wconf 76' lang='grc' dir='ltr'><strong>ι</strong></span> 
     </span>
    </p>
   </div>
   <div class='ocr_carea' id='block_1_71' title="bbox 545 5539 1409 5607">
    <p class='ocr_par' dir='ltr' id='par_1_71' title="bbox 545 5539 1409 5607">
     <span class='ocr_line' id='line_1_71' title="bbox 545 5539 1409 5607; baseline -0.002 -15"><span class='ocrx_word' id='word_1_438' title='bbox 545 5539 779 5605; x_wconf 81' lang='lat' dir='ltr'><strong>Originis</strong></span> <span class='ocrx_word' id='word_1_439' title='bbox 811 5548 1078 5607; x_wconf 79' lang='lat' dir='ltr'><strong>peccatum</strong></span> <span class='ocrx_word' id='word_1_440' title='bbox 1106 5554 1205 5590; x_wconf 86' lang='lat' dir='ltr'><strong>non</strong></span> <span class='ocrx_word' id='word_1_441' title='bbox 1231 5539 1409 5591; x_wconf 82' lang='lat' dir='ltr'><strong>habuit</strong></span> 
     </span>
    </p>
   </div>
   <div class='ocr_carea' id='block_1_72' title="bbox 615 5608 1510 5676">
    <p class='ocr_par' dir='ltr' id='par_1_72' title="bbox 615 5608 1510 5676">
     <span class='ocr_line' id='line_1_72' title="bbox 615 5608 1510 5676; baseline 0.004 -18"><span class='ocrx_word' id='word_1_442' title='bbox 615 5608 743 5671; x_wconf 67' lang='lat' dir='ltr'><strong>Quae</strong></span> <span class='ocrx_word' id='word_1_443' title='bbox 771 5611 937 5660; x_wconf 82' lang='lat' dir='ltr'><strong>omnis</strong></span> <span class='ocrx_word' id='word_1_444' title='bbox 974 5610 1090 5659; x_wconf 82' lang='lat' dir='ltr'><strong>boni</strong></span> <span class='ocrx_word' id='word_1_445' title='bbox 1126 5609 1241 5675; x_wconf 65' lang='lat' dir='ltr'><strong>fons</strong></span> <span class='ocrx_word' id='word_1_446' title='bbox 1266 5619 1311 5661; x_wconf 84' lang='lat' dir='ltr'><strong>ct</strong></span> <span class='ocrx_word' id='word_1_447' title='bbox 1343 5610 1510 5676; x_wconf 83' lang='lat' dir='ltr'><strong>origo.</strong></span> 
     </span>
    </p>
   </div>
   <div class='ocr_carea' id='block_1_73' title="bbox 502 5702 1078 5762">
    <p class='ocr_par' dir='ltr' id='par_1_73' title="bbox 502 5702 1078 5762">
     <span class='ocr_line' id='line_1_73' title="bbox 502 5702 1078 5762; baseline 0.002 -2"><span class='ocrx_word' id='word_1_448' title='bbox 502 5702 770 5760; x_wconf 75' lang='lat' dir='ltr'><strong>PATltOL.</strong></span> <span class='ocrx_word' id='word_1_449' title='bbox 810 5705 922 5761; x_wconf 80' lang='lat' dir='ltr'><strong>Gn.</strong></span> <span class='ocrx_word' id='word_1_450' title='bbox 957 5705 1078 5762; x_wconf 68' lang='lat' dir='ltr'><strong>(LV.</strong></span> 
     </span>
    </p>
   </div>
   <div class='ocr_carea' id='block_1_74' title="bbox 1886 1818 3304 1886">
    <p class='ocr_par' dir='ltr' id='par_1_74' title="bbox 1886 1818 3304 1886">
     <span class='ocr_line' id='line_1_74' title="bbox 1886 1818 3304 1886; baseline 0.001 -16"><span class='ocrx_word' id='word_1_451' title='bbox 1886 1818 2024 1870; x_wconf 63' lang='lat' dir='ltr'><strong>sima</strong></span> <span class='ocrx_word' id='word_1_452' title='bbox 2053 1837 2066 1871; x_wconf 89' lang='lat'><strong>:</strong></span> <span class='ocrx_word' id='word_1_453' title='bbox 2092 1826 2252 1886; x_wconf 87' lang='lat' dir='ltr'><strong>atque</strong></span> <span class='ocrx_word' id='word_1_454' title='bbox 2285 1833 2348 1871; x_wconf 83' lang='lat' dir='ltr'><strong>ex</strong></span> <span class='ocrx_word' id='word_1_455' title='bbox 2386 1829 2437 1872; x_wconf 92' lang='lat' dir='ltr'><strong>te</strong></span> <span class='ocrx_word' id='word_1_456' title='bbox 2470 1819 2614 1870; x_wconf 89' lang='lat' dir='ltr'><strong>velut</strong></span> <span class='ocrx_word' id='word_1_457' title='bbox 2647 1819 2727 1870; x_wconf 92' lang='lat' dir='ltr'><strong>sol</strong></span> <span class='ocrx_word' id='word_1_458' title='bbox 2769 1829 2990 1871; x_wconf 68' lang='lat' dir='ltr'><strong>exortus</strong></span> <span class='ocrx_word' id='word_1_459' title='bbox 3028 1819 3304 1885; x_wconf 87' lang='lat' dir='ltr'><strong>apparuit.</strong></span> 
     </span>
    </p>
   </div>
   <div class='ocr_carea' id='block_1_75' title="bbox 1956 1901 3448 1963">
    <p class='ocr_par' dir='ltr' id='par_1_75' title="bbox 1956 1901 3448 1963">
     <span class='ocr_line' id='line_1_75' title="bbox 1956 1901 3448 1963; baseline 0.001 -2"><span class='ocrx_word' id='word_1_460' title='bbox 1956 1901 2331 1963; x_wconf 81' lang='lat' dir='ltr'><strong>immaterialis</strong></span> <span class='ocrx_word' id='word_1_461' title='bbox 2361 1909 2498 1963; x_wconf 91' lang='lat' dir='ltr'><strong>lucis</strong></span> <span class='ocrx_word' id='word_1_462' title='bbox 2529 1908 2897 1962; x_wconf 82' lang='lat' dir='ltr'><strong>habitaculum</strong></span> <span class='ocrx_word' id='word_1_463' title='bbox 2931 1908 3102 1962; x_wconf 79' lang='lat' dir='ltr'><strong>factus</strong></span> <span class='ocrx_word' id='word_1_464' title='bbox 3141 1920 3223 1962; x_wconf 88' lang='lat' dir='ltr'><strong>est</strong></span> <span class='ocrx_word' id='word_1_465' title='bbox 3259 1919 3448 1963; x_wconf 84' lang='lat' dir='ltr'><strong>venter</strong></span> 
     </span>
    </p>
   </div>
   <div class='ocr_carea' id='block_1_76' title="bbox 1889 1997 3452 2066">
    <p class='ocr_par' dir='ltr' id='par_1_76' title="bbox 1889 1997 3452 2066">
     <span class='ocr_line' id='line_1_76' title="bbox 1889 1997 3452 2066; baseline 0 -15"><span class='ocrx_word' id='word_1_466' title='bbox 1889 2009 2035 2062; x_wconf 91' lang='lat' dir='ltr'><strong>tuus,</strong></span> <span class='ocrx_word' id='word_1_467' title='bbox 2056 1997 2610 2053; x_wconf 82' lang='lat' dir='ltr'><strong>oimmaeulalissima</strong></span> <span class='ocrx_word' id='word_1_468' title='bbox 2658 1998 2836 2066; x_wconf 88' lang='lat' dir='ltr'><strong>puella</strong></span> <span class='ocrx_word' id='word_1_469' title='bbox 2867 1997 3075 2065; x_wconf 89' lang='lat' dir='ltr'><strong>Sponsa</strong></span> <span class='ocrx_word' id='word_1_470' title='bbox 3101 1997 3222 2061; x_wconf 86' lang='lat' dir='ltr'><strong>Dei;</strong></span> <span class='ocrx_word' id='word_1_471' title='bbox 3256 1999 3348 2066; x_wconf 89' lang='lat' dir='ltr'><strong>qui</strong></span> <span class='ocrx_word' id='word_1_472' title='bbox 3372 1999 3452 2051; x_wconf 59' lang='lat' dir='ltr'><strong>di-</strong></span> 
     </span>
    </p>
   </div>
   <div class='ocr_carea' id='block_1_77' title="bbox 1887 2088 3454 2158">
    <p class='ocr_par' dir='ltr' id='par_1_77' title="bbox 1887 2088 3454 2158">
     <span class='ocr_line' id='line_1_77' title="bbox 1887 2088 3454 2158; baseline 0.003 -18"><span class='ocrx_word' id='word_1_473' title='bbox 1887 2089 2024 2143; x_wconf 64' lang='lat' dir='ltr'><strong>vince</strong></span> <span class='ocrx_word' id='word_1_474' title='bbox 2059 2089 2302 2144; x_wconf 70' lang='lat' dir='ltr'><strong>scientia:</strong></span> <span class='ocrx_word' id='word_1_475' title='bbox 2362 2088 2742 2158; x_wconf 86' lang='lat' dir='ltr'><strong>splendoribus</strong></span> <span class='ocrx_word' id='word_1_476' title='bbox 2787 2088 3160 2142; x_wconf 76' lang='lat' dir='ltr'><strong>inﬁdelitatem</strong></span> <span class='ocrx_word' id='word_1_477' title='bbox 3207 2089 3454 2158; x_wconf 86' lang='lat' dir='ltr'><strong>impieta-</strong></span> 
     </span>
    </p>
   </div>
   <div class='ocr_carea' id='block_1_78' title="bbox 1890 2179 3450 2250">
    <p class='ocr_par' dir='ltr' id='par_1_78' title="bbox 1890 2179 3450 2250">
     <span class='ocr_line' id='line_1_78' title="bbox 1890 2179 3450 2250; baseline 0.001 -16"><span class='ocrx_word' id='word_1_478' title='bbox 1890 2190 2104 2249; x_wconf 86' lang='lat' dir='ltr'><strong>temque</strong></span> <span class='ocrx_word' id='word_1_479' title='bbox 2149 2180 2421 2234; x_wconf 88' lang='lat' dir='ltr'><strong>imminuit</strong></span> <span class='ocrx_word' id='word_1_480' title='bbox 2449 2199 2461 2234; x_wconf 91' lang='lat'><strong>:</strong></span> <span class='ocrx_word' id='word_1_481' title='bbox 2495 2195 2659 2250; x_wconf 88' lang='lat' dir='ltr'><strong>quem</strong></span> <span class='ocrx_word' id='word_1_482' title='bbox 2715 2194 2814 2233; x_wconf 88' lang='lat' dir='ltr'><strong>nos</strong></span> <span class='ocrx_word' id='word_1_483' title='bbox 2849 2179 3062 2250; x_wconf 85' lang='lat' dir='ltr'><strong>hymnis</strong></span> <span class='ocrx_word' id='word_1_484' title='bbox 3091 2181 3450 2245; x_wconf 89' lang='lat' dir='ltr'><strong>celebrantes,</strong></span> 
     </span>
    </p>
   </div>
   <div class='ocr_carea' id='block_1_79' title="bbox 1889 2271 3454 2340">
    <p class='ocr_par' dir='ltr' id='par_1_79' title="bbox 1889 2271 3454 2340">
     <span class='ocr_line' id='line_1_79' title="bbox 1889 2271 3454 2340; baseline -0.001 -12"><span class='ocrx_word' id='word_1_485' title='bbox 1889 2273 2191 2329; x_wconf 87' lang='lat' dir='ltr'><strong>clamamus</strong></span> <span class='ocrx_word' id='word_1_486' title='bbox 2231 2271 2601 2327; x_wconf 82' lang='lat' dir='ltr'><strong>:Benedictus</strong></span> <span class='ocrx_word' id='word_1_487' title='bbox 2655 2287 2732 2337; x_wconf 88' lang='lat' dir='ltr'><strong>es,</strong></span> <span class='ocrx_word' id='word_1_488' title='bbox 2783 2271 2924 2326; x_wconf 91' lang='lat' dir='ltr'><strong>Deus</strong></span> <span class='ocrx_word' id='word_1_489' title='bbox 2976 2281 3190 2340; x_wconf 87' lang='lat' dir='ltr'><strong>patrum</strong></span> <span class='ocrx_word' id='word_1_490' title='bbox 3236 2281 3454 2327; x_wconf 84' lang='lat' dir='ltr'><strong>nostro-</strong></span> 
     </span>
    </p>
   </div>
   <div class='ocr_carea' id='block_1_80' title="bbox 1890 2371 2157 2427">
    <p class='ocr_par' dir='ltr' id='par_1_80' title="bbox 1890 2371 2157 2427">
     <span class='ocr_line' id='line_1_80' title="bbox 1890 2371 2157 2427; baseline 0 -12"><span class='ocrx_word' id='word_1_491' title='bbox 1890 2377 2033 2427; x_wconf 90' lang='lat' dir='ltr'><strong>rum,</strong></span> <span class='ocrx_word' id='word_1_492' title='bbox 2053 2371 2157 2417; x_wconf 89' lang='lat' dir='ltr'><strong>etc.</strong></span> 
     </span>
    </p>
   </div>
   <div class='ocr_carea' id='block_1_81' title="bbox 1961 2452 3455 2521">
    <p class='ocr_par' dir='ltr' id='par_1_81' title="bbox 1961 2452 3455 2521">
     <span class='ocr_line' id='line_1_81' title="bbox 1961 2452 3455 2521; baseline 0.001 -15"><span class='ocrx_word' id='word_1_493' title='bbox 1961 2452 2236 2507; x_wconf 77' lang='lat' dir='ltr'><strong>Infelicem</strong></span> <span class='ocrx_word' id='word_1_494' title='bbox 2265 2453 2508 2507; x_wconf 89' lang='lat' dir='ltr'><strong>animam</strong></span> <span class='ocrx_word' id='word_1_495' title='bbox 2542 2466 2718 2507; x_wconf 89' lang='lat' dir='ltr'><strong>meam</strong></span> <span class='ocrx_word' id='word_1_496' title='bbox 2755 2452 3007 2521; x_wconf 88' lang='lat' dir='ltr'><strong>plurimis</strong></span> <span class='ocrx_word' id='word_1_497' title='bbox 3039 2453 3259 2520; x_wconf 83' lang='lat' dir='ltr'><strong>maligni</strong></span> <span class='ocrx_word' id='word_1_498' title='bbox 3280 2454 3455 2508; x_wconf 87' lang='lat' dir='ltr'><strong>hostis</strong></span> 
     </span>
    </p>
   </div>
   <div class='ocr_carea' id='block_1_82' title="bbox 1893 2543 3452 2613">
    <p class='ocr_par' dir='ltr' id='par_1_82' title="bbox 1893 2543 3452 2613">
     <span class='ocr_line' id='line_1_82' title="bbox 1893 2543 3452 2613; baseline 0.002 -17"><span class='ocrx_word' id='word_1_499' title='bbox 1893 2544 2190 2598; x_wconf 89' lang='lat' dir='ltr'><strong>assultibus</strong></span> <span class='ocrx_word' id='word_1_500' title='bbox 2215 2554 2572 2608; x_wconf 88' lang='lat' dir='ltr'><strong>attenuatam,</strong></span> <span class='ocrx_word' id='word_1_501' title='bbox 2597 2543 3021 2598; x_wconf 82' lang='lat' dir='ltr'><strong>corroboralivis</strong></span> <span class='ocrx_word' id='word_1_502' title='bbox 3052 2545 3301 2613; x_wconf 88' lang='lat' dir='ltr'><strong>precibus</strong></span> <span class='ocrx_word' id='word_1_503' title='bbox 3325 2546 3452 2608; x_wconf 87' lang='lat' dir='ltr'><strong>tuis,</strong></span> 
     </span>
    </p>
   </div>
   <div class='ocr_carea' id='block_1_83' title="bbox 1894 2633 3457 2704">
    <p class='ocr_par' dir='ltr' id='par_1_83' title="bbox 1894 2633 3457 2704">
     <span class='ocr_line' id='line_1_83' title="bbox 1894 2633 3457 2704; baseline 0.001 -16"><span class='ocrx_word' id='word_1_504' title='bbox 1894 2648 1925 2688; x_wconf 89' lang='grc' dir='ltr'><strong>ο</strong></span> <span class='ocrx_word' id='word_1_505' title='bbox 1956 2633 2120 2703; x_wconf 82' lang='lat' dir='ltr'><strong>Virgo</strong></span> <span class='ocrx_word' id='word_1_506' title='bbox 2162 2634 2255 2688; x_wconf 89' lang='lat' dir='ltr'><strong>Dei</strong></span> <span class='ocrx_word' id='word_1_507' title='bbox 2317 2635 2509 2700; x_wconf 79' lang='lat' dir='ltr'><strong>Mater,</strong></span> <span class='ocrx_word' id='word_1_508' title='bbox 2553 2635 2710 2690; x_wconf 69' lang='lat' dir='ltr'><strong>saluti</strong></span> <span class='ocrx_word' id='word_1_509' title='bbox 2753 2635 2996 2701; x_wconf 87' lang='lat' dir='ltr'><strong>restitue,</strong></span> <span class='ocrx_word' id='word_1_510' title='bbox 3038 2645 3094 2690; x_wconf 92' lang='lat' dir='ltr'><strong>ut</strong></span> <span class='ocrx_word' id='word_1_511' title='bbox 3127 2645 3177 2690; x_wconf 88' lang='lat' dir='ltr'><strong>te</strong></span> <span class='ocrx_word' id='word_1_512' title='bbox 3203 2651 3298 2704; x_wconf 88' lang='lat' dir='ltr'><strong>per</strong></span> <span class='ocrx_word' id='word_1_513' title='bbox 3331 2636 3457 2690; x_wconf 81' lang='lat' dir='ltr'><strong>uni-</strong></span> 
     </span>
    </p>
   </div>
   <div class='ocr_carea' id='block_1_84' title="bbox 1896 2726 2630 2795">
    <p class='ocr_par' dir='ltr' id='par_1_84' title="bbox 1896 2726 2630 2795">
     <span class='ocr_line' id='line_1_84' title="bbox 1896 2726 2630 2795; baseline 0.001 -18"><span class='ocrx_word' id='word_1_514' title='bbox 1896 2740 2052 2778; x_wconf 86' lang='lat' dir='ltr'><strong>versa</strong></span> <span class='ocrx_word' id='word_1_515' title='bbox 2087 2726 2282 2780; x_wconf 84' lang='lat' dir='ltr'><strong>saecula</strong></span> <span class='ocrx_word' id='word_1_516' title='bbox 2314 2727 2630 2795; x_wconf 78' lang='lat' dir='ltr'><strong>glorilieem.</strong></span> 
     </span>
    </p>
   </div>
   <div class='ocr_carea' id='block_1_85' title="bbox 1969 2815 3462 2887">
    <p class='ocr_par' dir='ltr' id='par_1_85' title="bbox 1969 2815 3462 2887">
     <span class='ocr_line' id='line_1_85' title="bbox 1969 2815 3462 2887; baseline 0.002 -18"><span class='ocrx_word' id='word_1_517' title='bbox 1969 2815 2138 2870; x_wconf 86' lang='lat' dir='ltr'><strong>Parce</strong></span> <span class='ocrx_word' id='word_1_518' title='bbox 2166 2816 2320 2881; x_wconf 91' lang='lat' dir='ltr'><strong>mihi,</strong></span> <span class='ocrx_word' id='word_1_519' title='bbox 2359 2816 2607 2881; x_wconf 88' lang='lat' dir='ltr'><strong>Domine,</strong></span> <span class='ocrx_word' id='word_1_520' title='bbox 2630 2832 2790 2886; x_wconf 89' lang='lat' dir='ltr'><strong>parce</strong></span> <span class='ocrx_word' id='word_1_521' title='bbox 2815 2833 2937 2872; x_wconf 91' lang='lat' dir='ltr'><strong>cum</strong></span> <span class='ocrx_word' id='word_1_522' title='bbox 2969 2817 3180 2872; x_wconf 88' lang='lat' dir='ltr'><strong>veneris</strong></span> <span class='ocrx_word' id='word_1_523' title='bbox 3209 2831 3296 2873; x_wconf 88' lang='lat' dir='ltr'><strong>me</strong></span> <span class='ocrx_word' id='word_1_524' title='bbox 3315 2819 3462 2887; x_wconf 85' lang='lat' dir='ltr'><strong>judi-</strong></span> 
     </span>
    </p>
   </div>
   <div class='ocr_carea' id='block_1_86' title="bbox 1897 2913 3464 2983">
    <p class='ocr_par' dir='ltr' id='par_1_86' title="bbox 1897 2913 3464 2983">
     <span class='ocr_line' id='line_1_86' title="bbox 1897 2913 3464 2983; baseline 0.003 -19"><span class='ocrx_word' id='word_1_525' title='bbox 1897 2925 2021 2966; x_wconf 87' lang='lat' dir='ltr'><strong>care</strong></span> <span class='ocrx_word' id='word_1_526' title='bbox 2047 2930 2060 2966; x_wconf 93' lang='lat'><strong>:</strong></span> <span class='ocrx_word' id='word_1_527' title='bbox 2089 2927 2266 2982; x_wconf 89' lang='lat' dir='ltr'><strong>neque</strong></span> <span class='ocrx_word' id='word_1_528' title='bbox 2293 2913 2358 2966; x_wconf 88' lang='lat' dir='ltr'><strong>ad</strong></span> <span class='ocrx_word' id='word_1_529' title='bbox 2386 2913 2565 2982; x_wconf 83' lang='lat' dir='ltr'><strong>ignem</strong></span> <span class='ocrx_word' id='word_1_530' title='bbox 2597 2929 2681 2967; x_wconf 91' lang='lat' dir='ltr'><strong>me</strong></span> <span class='ocrx_word' id='word_1_531' title='bbox 2711 2913 2957 2979; x_wconf 87' lang='lat' dir='ltr'><strong>damnes,</strong></span> <span class='ocrx_word' id='word_1_532' title='bbox 2994 2929 3171 2983; x_wconf 89' lang='lat' dir='ltr'><strong>neque</strong></span> <span class='ocrx_word' id='word_1_533' title='bbox 3196 2915 3249 2969; x_wconf 90' lang='lat' dir='ltr'><strong>in</strong></span> <span class='ocrx_word' id='word_1_534' title='bbox 3277 2914 3464 2969; x_wconf 80' lang='lat' dir='ltr'><strong>furore</strong></span> 
     </span>
    </p>
   </div>
   <div class='ocr_carea' id='block_1_87' title="bbox 1901 3003 3462 3075">
    <p class='ocr_par' dir='ltr' id='par_1_87' title="bbox 1901 3003 3462 3075">
     <span class='ocr_line' id='line_1_87' title="bbox 1901 3003 3462 3075; baseline 0.004 -21"><span class='ocrx_word' id='word_1_535' title='bbox 1901 3011 1996 3056; x_wconf 93' lang='lat' dir='ltr'><strong>tuo</strong></span> <span class='ocrx_word' id='word_1_536' title='bbox 2026 3018 2222 3071; x_wconf 84' lang='lat' dir='ltr'><strong>arguas</strong></span> <span class='ocrx_word' id='word_1_537' title='bbox 2255 3019 2358 3068; x_wconf 65' lang='lat' dir='ltr'><strong>me.</strong></span> <span class='ocrx_word' id='word_1_538' title='bbox 2398 3003 2660 3058; x_wconf 78' lang='lat' dir='ltr'><strong>Preeatur</strong></span> <span class='ocrx_word' id='word_1_539' title='bbox 2691 3014 2740 3058; x_wconf 87' lang='lat' dir='ltr'><strong>te</strong></span> <span class='ocrx_word' id='word_1_540' title='bbox 2775 3003 2954 3073; x_wconf 79' lang='lat' dir='ltr'><strong>Virgo,</strong></span> <span class='ocrx_word' id='word_1_541' title='bbox 3007 3021 3041 3059; x_wconf 90' lang='grc' dir='ltr'><strong>ο</strong></span> <span class='ocrx_word' id='word_1_542' title='bbox 3075 3007 3308 3070; x_wconf 78' lang='lat' dir='ltr'><strong>Christe,</strong></span> <span class='ocrx_word' id='word_1_543' title='bbox 3340 3023 3462 3075; x_wconf 78' lang='lat' dir='ltr'><strong>qua:</strong></span> 
     </span>
    </p>
   </div>
   <div class='ocr_carea' id='block_1_88' title="bbox 1901 3094 3458 3167">
    <p class='ocr_par' dir='ltr' id='par_1_88' title="bbox 1901 3094 3458 3167">
     <span class='ocr_line' id='line_1_88' title="bbox 1901 3094 3458 3167; baseline 0.003 -21"><span class='ocrx_word' id='word_1_544' title='bbox 1901 3103 1951 3147; x_wconf 88' lang='lat' dir='ltr'><strong>te</strong></span> <span class='ocrx_word' id='word_1_545' title='bbox 1978 3094 2229 3161; x_wconf 86' lang='lat' dir='ltr'><strong>concepit</strong></span> <span class='ocrx_word' id='word_1_546' title='bbox 2253 3109 2315 3148; x_wconf 88' lang='lat' dir='ltr'><strong>ac</strong></span> <span class='ocrx_word' id='word_1_547' title='bbox 2347 3096 2576 3162; x_wconf 83' lang='lat' dir='ltr'><strong>gestavit</strong></span> <span class='ocrx_word' id='word_1_548' title='bbox 2609 3096 2662 3146; x_wconf 92' lang='lat' dir='ltr'><strong>in</strong></span> <span class='ocrx_word' id='word_1_549' title='bbox 2688 3107 2839 3148; x_wconf 88' lang='lat' dir='ltr'><strong>utero</strong></span> <span class='ocrx_word' id='word_1_550' title='bbox 2869 3115 2882 3148; x_wconf 88' lang='lat'><em>:</em></span> <span class='ocrx_word' id='word_1_551' title='bbox 2917 3106 3168 3164; x_wconf 82' lang='lat' dir='ltr'><strong>precatur</strong></span> <span class='ocrx_word' id='word_1_552' title='bbox 3209 3107 3259 3150; x_wconf 88' lang='lat' dir='ltr'><strong>te</strong></span> <span class='ocrx_word' id='word_1_553' title='bbox 3291 3114 3458 3167; x_wconf 78' lang='lat' dir='ltr'><strong>ange-</strong></span> 
     </span>
    </p>
   </div>
   <div class='ocr_carea' id='block_1_89' title="bbox 1901 3186 3173 3257">
    <p class='ocr_par' dir='ltr' id='par_1_89' title="bbox 1901 3186 3173 3257">
     <span class='ocr_line' id='line_1_89' title="bbox 1901 3186 3173 3257; baseline 0.001 -18"><span class='ocrx_word' id='word_1_554' title='bbox 1901 3186 2076 3241; x_wconf 90' lang='lat' dir='ltr'><strong>lorum</strong></span> <span class='ocrx_word' id='word_1_555' title='bbox 2109 3187 2398 3241; x_wconf 89' lang='lat' dir='ltr'><strong>multitudo</strong></span> <span class='ocrx_word' id='word_1_556' title='bbox 2425 3197 2836 3256; x_wconf 83' lang='lat' dir='ltr'><strong>martyrumque</strong></span> <span class='ocrx_word' id='word_1_557' title='bbox 2863 3189 3173 3257; x_wconf 79' lang='lat' dir='ltr'><strong>collegium.</strong></span> 
     </span>
    </p>
   </div>
   <div class='ocr_carea' id='block_1_90' title="bbox 2101 3310 3289 3377">
    <p class='ocr_par' dir='ltr' id='par_1_90' title="bbox 2101 3310 3289 3377">
     <span class='ocr_line' id='line_1_90' title="bbox 2101 3310 3289 3377; baseline 0.005 -15"><span class='ocrx_word' id='word_1_558' title='bbox 2101 3310 2184 3364; x_wconf 82' lang='lat' dir='ltr'><strong>Ea:</strong></span> <span class='ocrx_word' id='word_1_559' title='bbox 2216 3327 2412 3363; x_wconf 81' lang='lat' dir='ltr'><strong>canone</strong></span> <span class='ocrx_word' id='word_1_560' title='bbox 2442 3311 2548 3363; x_wconf 84' lang='lat' dir='ltr'><strong>alio</strong></span> <span class='ocrx_word' id='word_1_561' title='bbox 2577 3312 2723 3377; x_wconf 70' lang='lat' dir='ltr'><strong>feria:</strong></span> <span class='ocrx_word' id='word_1_562' title='bbox 2749 3327 2810 3364; x_wconf 89' lang='grc' dir='ltr'><strong>ιιι</strong></span> <span class='ocrx_word' id='word_1_563' title='bbox 2851 3314 2917 3364; x_wconf 87' lang='lat' dir='ltr'><strong>ad</strong></span> <span class='ocrx_word' id='word_1_564' title='bbox 2945 3312 3289 3368; x_wconf 79' lang='lat' dir='ltr'><strong>Matulinum.</strong></span> 
     </span>
    </p>
   </div>
   <div class='ocr_carea' id='block_1_91' title="bbox 1975 3417 3467 3491">
    <p class='ocr_par' dir='ltr' id='par_1_91' title="bbox 1975 3417 3467 3491">
     <span class='ocr_line' id='line_1_91' title="bbox 1975 3417 3467 3491; baseline 0.003 -17"><span class='ocrx_word' id='word_1_565' title='bbox 1975 3417 2020 3474; x_wconf 90' lang='grc' dir='ltr'><strong>Ο</strong></span> <span class='ocrx_word' id='word_1_566' title='bbox 2057 3417 2269 3487; x_wconf 83' lang='lat' dir='ltr'><strong>forceps</strong></span> <span class='ocrx_word' id='word_1_567' title='bbox 2299 3417 2647 3481; x_wconf 82' lang='lat' dir='ltr'><strong>ﬂammifera,</strong></span> <span class='ocrx_word' id='word_1_568' title='bbox 2694 3434 2858 3487; x_wconf 88' lang='lat' dir='ltr'><strong>quam</strong></span> <span class='ocrx_word' id='word_1_569' title='bbox 2907 3419 3042 3474; x_wconf 90' lang='lat' dir='ltr'><strong>vidit</strong></span> <span class='ocrx_word' id='word_1_570' title='bbox 3091 3421 3220 3474; x_wconf 91' lang='lat' dir='ltr'><strong>olim</strong></span> <span class='ocrx_word' id='word_1_571' title='bbox 3277 3421 3467 3491; x_wconf 85' lang='lat' dir='ltr'><strong>Isaias,</strong></span> 
     </span>
    </p>
   </div>
   <div class='ocr_carea' id='block_1_92' title="bbox 1906 3508 3470 3577">
    <p class='ocr_par' dir='ltr' id='par_1_92' title="bbox 1906 3508 3470 3577">
     <span class='ocr_line' id='line_1_92' title="bbox 1906 3508 3470 3577; baseline 0.005 -16"><span class='ocrx_word' id='word_1_572' title='bbox 1906 3509 2089 3562; x_wconf 92' lang='lat' dir='ltr'><strong>cordis</strong></span> <span class='ocrx_word' id='word_1_573' title='bbox 2135 3509 2238 3562; x_wconf 91' lang='lat' dir='ltr'><strong>mei</strong></span> <span class='ocrx_word' id='word_1_574' title='bbox 2293 3508 2636 3562; x_wconf 82' lang='lat' dir='ltr'><strong>inordinatos</strong></span> <span class='ocrx_word' id='word_1_575' title='bbox 2684 3508 2911 3564; x_wconf 72' lang='lat' dir='ltr'><strong>affectus</strong></span> <span class='ocrx_word' id='word_1_576' title='bbox 2963 3511 3246 3577; x_wconf 88' lang='lat' dir='ltr'><strong>combure,</strong></span> <span class='ocrx_word' id='word_1_577' title='bbox 3294 3530 3328 3568; x_wconf 88' lang='grc' dir='ltr'><strong>ο</strong></span> <span class='ocrx_word' id='word_1_578' title='bbox 3376 3515 3470 3570; x_wconf 88' lang='lat' dir='ltr'><strong>Dei</strong></span> 
     </span>
    </p>
   </div>
   <div class='ocr_carea' id='block_1_93' title="bbox 1907 3596 3397 3667">
    <p class='ocr_par' dir='ltr' id='par_1_93' title="bbox 1907 3596 3397 3667">
     <span class='ocr_line' id='line_1_93' title="bbox 1907 3596 3397 3667; baseline 0.003 -15"><span class='ocrx_word' id='word_1_579' title='bbox 1907 3596 2173 3660; x_wconf 76' lang='lat' dir='ltr'><strong>Genitrix,</strong></span> <span class='ocrx_word' id='word_1_580' title='bbox 2203 3608 2366 3667; x_wconf 83' lang='lat' dir='ltr'><strong>atque</strong></span> <span class='ocrx_word' id='word_1_581' title='bbox 2406 3597 2632 3650; x_wconf 87' lang='lat' dir='ltr'><strong>omnino</strong></span> <span class='ocrx_word' id='word_1_582' title='bbox 2665 3598 2786 3653; x_wconf 87' lang='lat' dir='ltr'><strong>illos</strong></span> <span class='ocrx_word' id='word_1_583' title='bbox 2810 3599 2964 3653; x_wconf 89' lang='lat' dir='ltr'><strong>abole</strong></span> <span class='ocrx_word' id='word_1_584' title='bbox 2989 3610 3042 3653; x_wconf 90' lang='lat' dir='ltr'><strong>et</strong></span> <span class='ocrx_word' id='word_1_585' title='bbox 3074 3603 3397 3657; x_wconf 72' lang='lat' dir='ltr'><strong>exterminia.</strong></span> 
     </span>
    </p>
   </div>
   <div class='ocr_carea' id='block_1_94' title="bbox 1980 3687 3469 3757">
    <p class='ocr_par' dir='ltr' id='par_1_94' title="bbox 1980 3687 3469 3757">
     <span class='ocr_line' id='line_1_94' title="bbox 1980 3687 3469 3757; baseline 0.005 -17"><span class='ocrx_word' id='word_1_586' title='bbox 1980 3687 2143 3741; x_wconf 88' lang='lat' dir='ltr'><strong>Lacte</strong></span> <span class='ocrx_word' id='word_1_587' title='bbox 2182 3687 2378 3751; x_wconf 90' lang='lat' dir='ltr'><strong>nutris,</strong></span> <span class='ocrx_word' id='word_1_588' title='bbox 2411 3696 2574 3757; x_wconf 90' lang='lat' dir='ltr'><strong>prout</strong></span> <span class='ocrx_word' id='word_1_589' title='bbox 2604 3689 2795 3742; x_wconf 88' lang='lat' dir='ltr'><strong>matris</strong></span> <span class='ocrx_word' id='word_1_590' title='bbox 2838 3698 2919 3743; x_wconf 89' lang='lat' dir='ltr'><strong>est</strong></span> <span class='ocrx_word' id='word_1_591' title='bbox 2951 3706 3178 3755; x_wconf 91' lang='lat' dir='ltr'><strong>munus,</strong></span> <span class='ocrx_word' id='word_1_592' title='bbox 3223 3694 3469 3747; x_wconf 91' lang='lat' dir='ltr'><strong>omnium</strong></span> 
     </span>
    </p>
   </div>
   <div class='ocr_carea' id='block_1_95' title="bbox 1909 3778 3471 3854">
    <p class='ocr_par' dir='ltr' id='par_1_95' title="bbox 1909 3778 3471 3854">
     <span class='ocr_line' id='line_1_95' title="bbox 1909 3778 3471 3854; baseline 0.004 -22"><span class='ocrx_word' id='word_1_593' title='bbox 1909 3780 2270 3844; x_wconf 87' lang='lat' dir='ltr'><strong>nutritorem;</strong></span> <span class='ocrx_word' id='word_1_594' title='bbox 2318 3789 2371 3832; x_wconf 91' lang='lat' dir='ltr'><strong>et</strong></span> <span class='ocrx_word' id='word_1_595' title='bbox 2420 3778 2571 3832; x_wconf 87' lang='lat' dir='ltr'><strong>illum</strong></span> <span class='ocrx_word' id='word_1_596' title='bbox 2599 3791 2781 3848; x_wconf 70' lang='lat' dir='ltr'><strong>gesras</strong></span> <span class='ocrx_word' id='word_1_597' title='bbox 2820 3779 2873 3833; x_wconf 83' lang='lat' dir='ltr'><strong>in</strong></span> <span class='ocrx_word' id='word_1_598' title='bbox 2906 3782 3074 3847; x_wconf 82' lang='lat' dir='ltr'><strong>ulnis,</strong></span> <span class='ocrx_word' id='word_1_599' title='bbox 3108 3794 3337 3848; x_wconf 85' lang='lat' dir='ltr'><strong>ocasta,</strong></span> <span class='ocrx_word' id='word_1_600' title='bbox 3374 3786 3471 3854; x_wconf 88' lang='lat' dir='ltr'><strong>qui</strong></span> 
     </span>
    </p>
   </div>
   <div class='ocr_carea' id='block_1_96' title="bbox 1910 3870 3155 3939">
    <p class='ocr_par' dir='ltr' id='par_1_96' title="bbox 1910 3870 3155 3939">
     <span class='ocr_line' id='line_1_96' title="bbox 1910 3870 3155 3939; baseline 0.001 -15"><span class='ocrx_word' id='word_1_601' title='bbox 1910 3871 2164 3924; x_wconf 85' lang='lat' dir='ltr'><strong>universa</strong></span> <span class='ocrx_word' id='word_1_602' title='bbox 2194 3883 2406 3939; x_wconf 87' lang='lat' dir='ltr'><strong>semper</strong></span> <span class='ocrx_word' id='word_1_603' title='bbox 2432 3884 2598 3923; x_wconf 91' lang='lat' dir='ltr'><strong>manu</strong></span> <span class='ocrx_word' id='word_1_604' title='bbox 2626 3870 2730 3922; x_wconf 75' lang='lat' dir='ltr'><strong>fert</strong></span> <span class='ocrx_word' id='word_1_605' title='bbox 2767 3885 2829 3924; x_wconf 88' lang='lat' dir='ltr'><strong>ac</strong></span> <span class='ocrx_word' id='word_1_606' title='bbox 2863 3881 3155 3925; x_wconf 87' lang='lat' dir='ltr'><strong>sustentat.</strong></span> 
     </span>
    </p>
   </div>
   <div class='ocr_carea' id='block_1_97' title="bbox 1984 3964 3473 4034">
    <p class='ocr_par' dir='ltr' id='par_1_97' title="bbox 1984 3964 3473 4034">
     <span class='ocr_line' id='line_1_97' title="bbox 1984 3964 3473 4034; baseline 0.001 -15"><span class='ocrx_word' id='word_1_607' title='bbox 1984 3964 2270 4019; x_wconf 86' lang='lat' dir='ltr'><strong>Gloriosus</strong></span> <span class='ocrx_word' id='word_1_608' title='bbox 2325 3964 2713 4033; x_wconf 82' lang='lat' dir='ltr'><strong>prophetarum</strong></span> <span class='ocrx_word' id='word_1_609' title='bbox 2774 3964 2978 4018; x_wconf 90' lang='lat' dir='ltr'><strong>chorus</strong></span> <span class='ocrx_word' id='word_1_610' title='bbox 3025 3964 3228 4034; x_wconf 86' lang='lat' dir='ltr'><strong>Spiritu</strong></span> <span class='ocrx_word' id='word_1_611' title='bbox 3297 3966 3473 4020; x_wconf 82' lang='lat' dir='ltr'><strong>sancti</strong></span> 
     </span>
    </p>
   </div>
   <div class='ocr_carea' id='block_1_98' title="bbox 1913 4053 3470 4126">
    <p class='ocr_par' dir='ltr' id='par_1_98' title="bbox 1913 4053 3470 4126">
     <span class='ocr_line' id='line_1_98' title="bbox 1913 4053 3470 4126; baseline -0.001 -17"><span class='ocrx_word' id='word_1_612' title='bbox 1913 4053 2228 4126; x_wconf 77' lang='lat' dir='ltr'><strong>magisterio</strong></span> <span class='ocrx_word' id='word_1_613' title='bbox 2266 4055 2514 4115; x_wconf 88' lang='lat' dir='ltr'><strong>edoctus,</strong></span> <span class='ocrx_word' id='word_1_614' title='bbox 2549 4055 3101 4123; x_wconf 84' lang='lat' dir='ltr'><strong>inenmprehensibile</strong></span> <span class='ocrx_word' id='word_1_615' title='bbox 3155 4058 3470 4124; x_wconf 84' lang='lat' dir='ltr'><strong>mysterium</strong></span> 
     </span>
    </p>
   </div>
   <div class='ocr_carea' id='block_1_99' title="bbox 1916 4146 3472 4216">
    <p class='ocr_par' dir='ltr' id='par_1_99' title="bbox 1916 4146 3472 4216">
     <span class='ocr_line' id='line_1_99' title="bbox 1916 4146 3472 4216; baseline 0.001 -15"><span class='ocrx_word' id='word_1_616' title='bbox 1916 4160 2088 4210; x_wconf 90' lang='lat' dir='ltr'><strong>tuum,</strong></span> <span class='ocrx_word' id='word_1_617' title='bbox 2135 4163 2167 4200; x_wconf 90' lang='grc' dir='ltr'><strong>ο</strong></span> <span class='ocrx_word' id='word_1_618' title='bbox 2219 4146 2470 4216; x_wconf 90' lang='lat' dir='ltr'><strong>Deipara,</strong></span> <span class='ocrx_word' id='word_1_619' title='bbox 2527 4146 2939 4200; x_wconf 81' lang='lat' dir='ltr'><strong>multiformiter</strong></span> <span class='ocrx_word' id='word_1_620' title='bbox 2989 4147 3162 4201; x_wconf 89' lang='lat' dir='ltr'><strong>sacris</strong></span> <span class='ocrx_word' id='word_1_621' title='bbox 3209 4149 3472 4216; x_wconf 74' lang='lat' dir='ltr'><strong>symbolis</strong></span> 
     </span>
    </p>
   </div>
   <div class='ocr_carea' id='block_1_100' title="bbox 1915 4237 3476 4306">
    <p class='ocr_par' dir='ltr' id='par_1_100' title="bbox 1915 4237 3476 4306">
     <span class='ocr_line' id='line_1_100' title="bbox 1915 4237 3476 4306; baseline 0.002 -15"><span class='ocrx_word' id='word_1_622' title='bbox 1915 4248 2038 4292; x_wconf 87' lang='lat' dir='ltr'><strong>ante</strong></span> <span class='ocrx_word' id='word_1_623' title='bbox 2072 4237 2376 4306; x_wconf 82' lang='lat' dir='ltr'><strong>descripsit,</strong></span> <span class='ocrx_word' id='word_1_624' title='bbox 2397 4252 2631 4306; x_wconf 89' lang='lat' dir='ltr'><strong>quorum</strong></span> <span class='ocrx_word' id='word_1_625' title='bbox 2654 4252 2753 4290; x_wconf 88' lang='lat' dir='ltr'><strong>nos</strong></span> <span class='ocrx_word' id='word_1_626' title='bbox 2773 4247 3022 4292; x_wconf 88' lang='lat' dir='ltr'><strong>eventum</strong></span> <span class='ocrx_word' id='word_1_627' title='bbox 3049 4255 3194 4293; x_wconf 89' lang='lat' dir='ltr'><strong>nunc</strong></span> <span class='ocrx_word' id='word_1_628' title='bbox 3243 4240 3476 4295; x_wconf 78' lang='lat' dir='ltr'><strong>manife-</strong></span> 
     </span>
    </p>
   </div>
   <div class='ocr_carea' id='block_1_101' title="bbox 1920 4332 2478 4386">
    <p class='ocr_par' dir='ltr' id='par_1_101' title="bbox 1920 4332 2478 4386">
     <span class='ocr_line' id='line_1_101' title="bbox 1920 4332 2478 4386; baseline -0.007 0"><span class='ocrx_word' id='word_1_629' title='bbox 1920 4332 2154 4386; x_wconf 90' lang='lat' dir='ltr'><strong>stissime</strong></span> <span class='ocrx_word' id='word_1_630' title='bbox 2188 4332 2478 4384; x_wconf 87' lang='lat' dir='ltr'><strong>intuemur.</strong></span> 
     </span>
    </p>
   </div>
   <div class='ocr_carea' id='block_1_102' title="bbox 1991 4420 3479 4493">
    <p class='ocr_par' dir='ltr' id='par_1_102' title="bbox 1991 4420 3479 4493">
     <span class='ocr_line' id='line_1_102' title="bbox 1991 4420 3479 4493; baseline 0.003 -18"><span class='ocrx_word' id='word_1_631' title='bbox 1991 4422 2066 4476; x_wconf 92' lang='lat' dir='ltr'><strong>Te</strong></span> <span class='ocrx_word' id='word_1_632' title='bbox 2118 4434 2354 4476; x_wconf 88' lang='lat' dir='ltr'><strong>montem</strong></span> <span class='ocrx_word' id='word_1_633' title='bbox 2401 4436 2652 4490; x_wconf 84' lang='lat' dir='ltr'><strong>magnum</strong></span> <span class='ocrx_word' id='word_1_634' title='bbox 2702 4420 2889 4477; x_wconf 89' lang='lat' dir='ltr'><strong>Daniel</strong></span> <span class='ocrx_word' id='word_1_635' title='bbox 2924 4423 3056 4476; x_wconf 80' lang='lat' dir='ltr'><strong>vidit</strong></span> <span class='ocrx_word' id='word_1_636' title='bbox 3110 4425 3164 4477; x_wconf 88' lang='lat' dir='ltr'><strong>in</strong></span> <span class='ocrx_word' id='word_1_637' title='bbox 3204 4425 3479 4493; x_wconf 89' lang='lat' dir='ltr'><strong>spiritu,o</strong></span> 
     </span>
    </p>
   </div>
   <div class='ocr_carea' id='block_1_103' title="bbox 1923 4497 3482 4587">
    <p class='ocr_par' dir='ltr' id='par_1_103' title="bbox 1923 4497 3482 4587">
     <span class='ocr_line' id='line_1_103' title="bbox 1923 4497 3482 4587; baseline 0.001 -19"><span class='ocrx_word' id='word_1_638' title='bbox 1923 4516 2169 4584; x_wconf 87' lang='lat' dir='ltr'><strong>Deipara,</strong></span> <span class='ocrx_word' id='word_1_639' title='bbox 2201 4528 2266 4565; x_wconf 78' lang='lat' dir='ltr'><strong>ex</strong></span> <span class='ocrx_word' id='word_1_640' title='bbox 2296 4527 2404 4581; x_wconf 88' lang='lat' dir='ltr'><strong>quo</strong></span> <span class='ocrx_word' id='word_1_641' title='bbox 2430 4512 2564 4583; x_wconf 87' lang='lat' dir='ltr'><strong>lapis</strong></span> <span class='ocrx_word' id='word_1_642' title='bbox 2589 4512 2892 4579; x_wconf 86' lang='lat' dir='ltr'><strong>abscissus,</strong></span> <span class='ocrx_word' id='word_1_643' title='bbox 2919 4497 3225 4570; x_wconf 64' lang='lat' dir='ltr'><strong>daemonum</strong></span> <span class='ocrx_word' id='word_1_644' title='bbox 3251 4519 3482 4587; x_wconf 84' lang='lat' dir='ltr'><strong>sculpti-</strong></span> 
     </span>
    </p>
   </div>
   <div class='ocr_carea' id='block_1_104' title="bbox 1921 4603 2351 4660">
    <p class='ocr_par' dir='ltr' id='par_1_104' title="bbox 1921 4603 2351 4660">
     <span class='ocr_line' id='line_1_104' title="bbox 1921 4603 2351 4660; baseline -0.009 0"><span class='ocrx_word' id='word_1_645' title='bbox 1921 4607 1988 4660; x_wconf 92' lang='lat' dir='ltr'><strong>lia</strong></span> <span class='ocrx_word' id='word_1_646' title='bbox 2012 4603 2351 4660; x_wconf 87' lang='lat' dir='ltr'><strong>comminuit.</strong></span> 
     </span>
    </p>
   </div>
   <div class='ocr_carea' id='block_1_105' title="bbox 1990 4696 3480 4766">
    <p class='ocr_par' dir='ltr' id='par_1_105' title="bbox 1990 4696 3480 4766">
     <span class='ocr_line' id='line_1_105' title="bbox 1990 4696 3480 4766; baseline 0 -15"><span class='ocrx_word' id='word_1_647' title='bbox 1990 4698 2267 4764; x_wconf 86' lang='lat' dir='ltr'><strong>Tanquam</strong></span> <span class='ocrx_word' id='word_1_648' title='bbox 2292 4711 2500 4761; x_wconf 87' lang='lat' dir='ltr'><strong>mensa,</strong></span> <span class='ocrx_word' id='word_1_649' title='bbox 2526 4696 2774 4751; x_wconf 84' lang='lat' dir='ltr'><strong>contines</strong></span> <span class='ocrx_word' id='word_1_650' title='bbox 2807 4697 3087 4766; x_wconf 86' lang='lat' dir='ltr'><strong>mysticum</strong></span> <span class='ocrx_word' id='word_1_651' title='bbox 3118 4713 3309 4765; x_wconf 87' lang='lat' dir='ltr'><strong>panem</strong></span> <span class='ocrx_word' id='word_1_652' title='bbox 3336 4698 3480 4761; x_wconf 66' lang='lat' dir='ltr'><strong>vitae,</strong></span> 
     </span>
    </p>
   </div>
   <div class='ocr_carea' id='block_1_106' title="bbox 1919 4786 3480 4857">
    <p class='ocr_par' dir='ltr' id='par_1_106' title="bbox 1919 4786 3480 4857">
     <span class='ocr_line' id='line_1_106' title="bbox 1919 4786 3480 4857; baseline -0.001 -16"><span class='ocrx_word' id='word_1_653' title='bbox 1919 4804 1982 4842; x_wconf 77' lang='lat' dir='ltr'><strong>ex</strong></span> <span class='ocrx_word' id='word_1_654' title='bbox 2004 4803 2109 4857; x_wconf 87' lang='lat' dir='ltr'><strong>quo</strong></span> <span class='ocrx_word' id='word_1_655' title='bbox 2130 4787 2288 4856; x_wconf 80' lang='lat'><strong>257</strong></span> <span class='ocrx_word' id='word_1_656' title='bbox 2306 4790 2671 4851; x_wconf 87' lang='lat' dir='ltr'><strong>comedentes,</strong></span> <span class='ocrx_word' id='word_1_657' title='bbox 2700 4803 2802 4840; x_wconf 92' lang='lat' dir='ltr'><strong>non</strong></span> <span class='ocrx_word' id='word_1_658' title='bbox 2824 4786 3052 4854; x_wconf 85' lang='lat' dir='ltr'><strong>amplius</strong></span> <span class='ocrx_word' id='word_1_659' title='bbox 3066 4789 3338 4840; x_wconf 84' lang='lat' dir='ltr'><strong>esurimus</strong></span> <span class='ocrx_word' id='word_1_660' title='bbox 3361 4803 3480 4847; x_wconf 87' lang='lat' dir='ltr'><strong>nos,</strong></span> 
     </span>
    </p>
   </div>
   <div class='ocr_carea' id='block_1_107' title="bbox 1922 4875 3484 4944">
    <p class='ocr_par' dir='ltr' id='par_1_107' title="bbox 1922 4875 3484 4944">
     <span class='ocr_line' id='line_1_107' title="bbox 1922 4875 3484 4944; baseline -0.003 -14"><span class='ocrx_word' id='word_1_661' title='bbox 1922 4877 2013 4944; x_wconf 90' lang='lat' dir='ltr'><strong>qui</strong></span> <span class='ocrx_word' id='word_1_662' title='bbox 2060 4879 2262 4930; x_wconf 86' lang='lat' dir='ltr'><strong>scimus</strong></span> <span class='ocrx_word' id='word_1_663' title='bbox 2309 4886 2378 4941; x_wconf 85' lang='lat' dir='ltr'><strong>te,</strong></span> <span class='ocrx_word' id='word_1_664' title='bbox 2421 4891 2454 4929; x_wconf 95' lang='lat' dir='ltr'><strong>o</strong></span> <span class='ocrx_word' id='word_1_665' title='bbox 2499 4875 2949 4937; x_wconf 84' lang='lat' dir='ltr'><strong>laudabilissima,</strong></span> <span class='ocrx_word' id='word_1_666' title='bbox 2994 4875 3219 4939; x_wconf 86' lang='lat' dir='ltr'><strong>Christi,</strong></span> <span class='ocrx_word' id='word_1_667' title='bbox 3252 4877 3346 4943; x_wconf 91' lang='lat' dir='ltr'><strong>qui</strong></span> <span class='ocrx_word' id='word_1_668' title='bbox 3400 4884 3484 4928; x_wconf 75' lang='lat' dir='ltr'><strong>est</strong></span> 
     </span>
    </p>
   </div>
   <div class='ocr_carea' id='block_1_108' title="bbox 1926 4965 3482 5032">
    <p class='ocr_par' dir='ltr' id='par_1_108' title="bbox 1926 4965 3482 5032">
     <span class='ocr_line' id='line_1_108' title="bbox 1926 4965 3482 5032; baseline -0.004 -9"><span class='ocrx_word' id='word_1_669' title='bbox 1926 4970 2068 5023; x_wconf 87' lang='lat' dir='ltr'><strong>Deus</strong></span> <span class='ocrx_word' id='word_1_670' title='bbox 2102 4969 2365 5032; x_wconf 87' lang='lat' dir='ltr'><strong>omnium,</strong></span> <span class='ocrx_word' id='word_1_671' title='bbox 2395 4983 2514 5021; x_wconf 79' lang='lat' dir='ltr'><strong>esse</strong></span> <span class='ocrx_word' id='word_1_672' title='bbox 2540 4965 2899 5028; x_wconf 71' lang='lat' dir='ltr'><strong>Genitrierm;</strong></span> <span class='ocrx_word' id='word_1_673' title='bbox 2932 4974 2984 5020; x_wconf 88' lang='lat' dir='ltr'><strong>et</strong></span> <span class='ocrx_word' id='word_1_674' title='bbox 3025 4981 3147 5020; x_wconf 87' lang='lat' dir='ltr'><strong>vere</strong></span> <span class='ocrx_word' id='word_1_675' title='bbox 3196 4966 3482 5020; x_wconf 87' lang='lat' dir='ltr'><strong>nutricem.</strong></span> 
     </span>
    </p>
   </div>
   <div class='ocr_carea' id='block_1_109' title="bbox 2167 5138 3110 5208">
    <p class='ocr_par' dir='ltr' id='par_1_109' title="bbox 2167 5138 3110 5208">
     <span class='ocr_line' id='line_1_109' title="bbox 2167 5138 3110 5208; baseline -0.003 -13"><span class='ocrx_word' id='word_1_676' title='bbox 2167 5143 2331 5208; x_wconf 80' lang='lat' dir='ltr'><strong>Culpa</strong></span> <span class='ocrx_word' id='word_1_677' title='bbox 2378 5141 2577 5208; x_wconf 80' lang='lat' dir='ltr'><strong>Virgini</strong></span> <span class='ocrx_word' id='word_1_678' title='bbox 2624 5156 2725 5191; x_wconf 84' lang='lat' dir='ltr'><strong>non</strong></span> <span class='ocrx_word' id='word_1_679' title='bbox 2756 5138 2988 5204; x_wconf 70' lang='lat' dir='ltr'><strong>debetur,</strong></span> <span class='ocrx_word' id='word_1_680' title='bbox 3024 5143 3110 5193; x_wconf 84' lang='lat' dir='ltr'><strong>cui</strong></span> 
     </span>
    </p>
   </div>
   <div class='ocr_carea' id='block_1_110' title="bbox 2246 5209 3331 5276">
    <p class='ocr_par' dir='ltr' id='par_1_110' title="bbox 2246 5209 3331 5276">
     <span class='ocr_line' id='line_1_110' title="bbox 2246 5209 3331 5276; baseline -0.005 -11"><span class='ocrx_word' id='word_1_681' title='bbox 2246 5213 2428 5265; x_wconf 79' lang='lat' dir='ltr'><strong>Omnis</strong></span> <span class='ocrx_word' id='word_1_682' title='bbox 2458 5212 2622 5273; x_wconf 72' lang='lat' dir='ltr'><strong>debet,</strong></span> <span class='ocrx_word' id='word_1_683' title='bbox 2652 5210 2786 5276; x_wconf 83' lang='lat' dir='ltr'><strong>quod</strong></span> <span class='ocrx_word' id='word_1_684' title='bbox 2814 5210 3071 5263; x_wconf 81' lang='lat' dir='ltr'><strong>liberatur</strong></span> <span class='ocrx_word' id='word_1_685' title='bbox 3101 5228 3131 5261; x_wconf 92' lang='lat' dir='ltr'><strong>a</strong></span> <span class='ocrx_word' id='word_1_686' title='bbox 3163 5209 3331 5272; x_wconf 78' lang='lat' dir='ltr'><strong>culpa.</strong></span> 
     </span>
    </p>
   </div>
   <div class='ocr_carea' id='block_1_111' title="bbox 1927 5315 2412 5370">
    <p class='ocr_par' dir='ltr' id='par_1_111' title="bbox 1927 5315 2412 5370">
     <span class='ocr_line' id='line_1_111' title="bbox 1927 5315 2412 5370; baseline -0.01 -1"><span class='ocrx_word' id='word_1_687' title='bbox 1927 5317 1992 5369; x_wconf 83' lang='lat' dir='ltr'><strong>Et</strong></span> <span class='ocrx_word' id='word_1_688' title='bbox 2020 5315 2154 5369; x_wconf 77' lang='lat' dir='ltr'><strong>infra</strong></span> <span class='ocrx_word' id='word_1_689' title='bbox 2185 5332 2238 5370; x_wconf 88' lang='grc' dir='ltr'>ιι.</span> <span class='ocrx_word' id='word_1_690' title='bbox 2261 5315 2412 5367; x_wconf 68' lang='lat'><strong>215:</strong></span> 
     </span>
    </p>
   </div>
   <div class='ocr_carea' id='block_1_112' title="bbox 2189 5398 3227 5470">
    <p class='ocr_par' dir='ltr' id='par_1_112' title="bbox 2189 5398 3227 5470">
     <span class='ocr_line' id='line_1_112' title="bbox 2189 5398 3227 5470; baseline -0.003 -18"><span class='ocrx_word' id='word_1_691' title='bbox 2189 5400 2457 5470; x_wconf 67' lang='lat' dir='ltr'><strong>Maculam</strong></span> <span class='ocrx_word' id='word_1_692' title='bbox 2489 5400 2683 5467; x_wconf 74' lang='lat' dir='ltr'><strong>percuti</strong></span> <span class='ocrx_word' id='word_1_693' title='bbox 2728 5398 2882 5470; x_wconf 84' lang='lat' dir='ltr'><strong>Virgo</strong></span> <span class='ocrx_word' id='word_1_694' title='bbox 2915 5417 3013 5452; x_wconf 84' lang='lat' dir='ltr'><strong>non</strong></span> <span class='ocrx_word' id='word_1_695' title='bbox 3046 5399 3227 5450; x_wconf 80' lang='lat' dir='ltr'><strong>habuit</strong></span> 
     </span>
    </p>
   </div>
   <div class='ocr_carea' id='block_1_113' title="bbox 2190 5469 3207 5542">
    <p class='ocr_par' dir='ltr' id='par_1_113' title="bbox 2190 5469 3207 5542">
     <span class='ocr_line' id='line_1_113' title="bbox 2190 5469 3207 5542; baseline -0.002 -20"><span class='ocrx_word' id='word_1_696' title='bbox 2190 5495 2207 5542; x_wconf 64' lang='lat'><strong>-_</strong></span> <span class='ocrx_word' id='word_1_697' title='bbox 2246 5469 2348 5542; x_wconf 62' lang='grc' dir='ltr'>Ῑῖριξ</span> <span class='ocrx_word' id='word_1_698' title='bbox 2371 5487 2525 5542; x_wconf 69' lang='lat' dir='ltr'><strong>quant</strong></span> <span class='ocrx_word' id='word_1_699' title='bbox 2562 5475 2786 5542; x_wconf 70' lang='lat' dir='ltr'><strong>mundus</strong></span> <span class='ocrx_word' id='word_1_700' title='bbox 2814 5469 3207 5542; x_wconf 70' lang='lat' dir='ltr'><strong>emaculandus.</strong></span> 
     </span>
    </p>
   </div>
   <div class='ocr_carea' id='block_1_114' title="bbox 2173 5533 3166 5603">
    <p class='ocr_par' dir='ltr' id='par_1_114' title="bbox 2173 5533 3166 5603">
     <span class='ocr_line' id='line_1_114' title="bbox 2173 5533 3166 5603; baseline -0.004 -11"><span class='ocrx_word' id='word_1_701' title='bbox 2173 5533 2426 5592; x_wconf 64' lang='lat' dir='ltr'><strong>Sari/ibus</strong></span> <span class='ocrx_word' id='word_1_702' title='bbox 2463 5539 2554 5591; x_wconf 84' lang='lat' dir='ltr'><strong>illa</strong></span> <span class='ocrx_word' id='word_1_703' title='bbox 2574 5533 2751 5590; x_wconf 57' lang='lat' dir='ltr'><strong>&#39;caruit</strong></span> <span class='ocrx_word' id='word_1_704' title='bbox 2784 5542 2891 5603; x_wconf 82' lang='lat' dir='ltr'><strong>cui,</strong></span> <span class='ocrx_word' id='word_1_705' title='bbox 2931 5538 3166 5590; x_wconf 81' lang='lat' dir='ltr'><strong>Justitia:</strong></span> 
     </span>
    </p>
   </div>
   <div class='ocr_carea' id='block_1_115' title="bbox 2211 5608 3146 5662">
    <p class='ocr_par' dir='ltr' id='par_1_115' title="bbox 2211 5608 3146 5662">
     <span class='ocr_line' id='line_1_115' title="bbox 2211 5608 3146 5662; baseline 0 -2"><span class='ocrx_word' id='word_1_706' title='bbox 2211 5608 2422 5662; x_wconf 76' lang='lat' dir='ltr'><strong>Nostrtv</strong></span> <span class='ocrx_word' id='word_1_707' title='bbox 2451 5620 2770 5662; x_wconf 77' lang='lat' dir='ltr'><strong>rouioaralw</strong></span> <span class='ocrx_word' id='word_1_708' title='bbox 2797 5620 2913 5660; x_wconf 84' lang='lat' dir='ltr'><strong>sunt</strong></span> <span class='ocrx_word' id='word_1_709' title='bbox 2948 5611 3146 5660; x_wconf 82' lang='lat' dir='ltr'><strong>sordes.</strong></span> 
     </span>
    </p>
   </div>
   <div class='ocr_carea' id='block_1_116' title="bbox 3079 5700 3148 5757">
    <p class='ocr_par' dir='ltr' id='par_1_116' title="bbox 3079 5700 3148 5757">
     <span class='ocr_line' id='line_1_116' title="bbox 3079 5700 3148 5757; baseline 0 0"><span class='ocrx_word' id='word_1_710' title='bbox 3079 5700 3148 5757; x_wconf 59' lang='lat'><strong>151</strong></span> 
     </span>
    </p>
   </div>
  </div>
