3948 6304
131 328 283 397 Ῑὲθϊ

1464 323 1825 387 MARIALE.

3180 316 3317 379 1294

197 438 510 510 Νυσταγμῷ
554 438 812 508 ἀμελείας
843 452 1163 508 συνέχομαι,
1203 435 1365 500 ὕπνος
1406 437 1670 507 ἁμαρτίας

1846 431 2191 504 Negligcntian
2216 431 2595 487 dormitatione
2621 431 2837 496 laboro;
2870 445 3091 485 somnus
3118 436 3321 499 peccati

128 533 282 601 βαρεῖ
307 533 405 600 τὴν
450 531 675 602 καρδίαν
718 547 840 600 μου,
880 534 944 601 τῇ
979 533 1043 600 σῇ
1090 527 1373 599 ἀγρύπνῳ,
1409 526 1670 594 πάναγνε,

128 620 373 689 μεσιτείᾳ
403 617 692 688 ὲξέγειρον,
726 622 894 674 σῶσόν
926 638 1013 690 με.

193 712 552 781 Στειρεύονσα
585 712 737 781 φέρει
759 728 817 763 σε
847 712 1005 780 νηδὺς
1034 711 1324 783 Παρθένον,
1360 713 1677 781 ὲγγάστριον

125 800 394 869 φέρουσαν
425 802 513 854 τὸν
544 801 715 869 Λόγον
748 804 1180 873 σωματούμενον,
1223 803 1281 871 ὃν
1316 804 1475 866 θείοις
1519 820 1676 874 σκιρ-

123 892 361 957 τήμασιν
414 893 441 942 ό
487 890 656 958 μέγας
708 891 1035 962 Πρόδρομος,
1093 894 1308 963 στείρας
1339 895 1367 946 ό
1416 892 1676 961 πανάγιος

124 978 353 1046 καρπὸς,
386 978 595 1045 ἐπέγνω
624 980 845 1048 χαίρων,
881 982 974 1034 καὶ
1006 981 1395 1052 προσεκύνησε.

192 1068 457 1137 ’Υψιστον
481 1070 611 1123 Θεὸν
635 1072 796 1141 σαρκὶ
821 1072 1159 1126 ἀποτεκοῦσα
1176 1112 1191 1137 ,
1213 1073 1321 1126 ἀπὸ
1352 1074 1583 1144 κοπριας
1609 1091 1677 1143 με

119 1157 420 1227 ἁνάστησον
470 1158 655 1212 παθῶν
704 1159 812 1213 τῶν
860 1160 1148 1213 θλιϐόντων
1206 1178 1293 1231 με,
1346 1162 1440 1214 καὶ
1492 1163 1676 1225 δεινῶς

118 1246 242 1300 ὅλον
277 1249 658 1317 πτωχεύσοντα
690 1252 807 1314 ταῖς
846 1251 1013 1314 θείαις
1057 1251 1511 1318 καταπλούτισον,
1541 1253 1675 1307 πάν-

118 1352 274 1404 αγνε,
304 1339 523 1407 ἀρεταῖς
555 1355 643 1408 με,
676 1340 820 1403 ὅπως
849 1339 999 1410 ὑμνῶ
1034 1356 1092 1392 σε
1128 1340 1450 1410 σωζόμενος.

183 1519 485 1590 Φερόμενον
533 1522 747 1577 ἅπαντα
795 1523 886 1577 τὸν
932 1526 1162 1595 φέροντα
1204 1524 1282 1595 τῷ
1341 1526 1567 1595 νεύματι
1618 1528 1675 1578 ὲν

112 1611 313 1680 γαστρὶ
340 1612 694 1689 προσεκύνεις
735 1612 836 1684 τῆς
865 1615 1202 1684 Θεομήτορος
1234 1615 1350 1685 μεθ’
1384 1610 1451 1686 ἦς
1485 1614 1675 1668 ὲκδυσ⁴

110 1696 275 1763 ὡπει,
307 1702 577 1782 προφῆτα,
611 1702 707 1774 τὴν
741 1704 1001 1775 ταπεινὴν
1048 1704 1314 1768 σώζεσθαι
1343 1706 1521 1775 ψυχήν
1576 1722 1674 1774 μου

1774 534 2000 594 occupat
2029 540 2131 579 cor'
2151 540 2328 580 meum
2361 544 2372 578 :
2400 534 2479 588 tu,
2508 539 2540 578 o
2571 523 2898 585 castissima,
2932 537 3143 591 semper
3171 524 3319 594 vigili

1776 617 2164 673 intercessione
2190 624 2280 671 tua
2316 616 2492 671 excita
2526 631 2629 677 me,
2652 622 2704 669 et
2726 615 2876 672 salva
2903 629 3010 669 me.

1845 709 2043 763 Venter
2076 707 2276 762 sterilis
2302 706 2534 775 portavit
2556 715 2606 760 te
2629 703 2928 776 Virginem,
2953 720 3069 776 quae
3089 706 3142 758 in
3168 715 3323 758 utero

1778 809 1869 853 tuo
1905 797 2140 851 Verbum
2190 807 2539 865 corporatum
2572 796 2886 864 portavisti;
2922 796 3064 863 quod
3098 811 3325 864 magnus

1778 889 2083 943 Prmcursor
2109 887 2490 942 sanctissimus
2514 886 2713 942 sterilis
2734 887 2869 940 uteri
2894 885 3103 947 fructus
3126 885 3327 939 divinis

1778 979 2001 1033 saltibus
2018 976 2238 1047 agnovit
2268 976 2630 1042 lanahundus,
2662 986 2715 1030 et
2742 976 3008 1041 adoravit.

1848 1063 1949 1131 Tu,
1973 1081 2093 1134 quae
2115 1064 2451 1117 Altissimum
2484 1064 2537 1117 in
2569 1078 2733 1117 carne
2761 1062 3039 1131 peperisti,
3067 1062 3219 1133 erige
3239 1077 3328 1117 me

1777 1170 1807 1208 a
1836 1157 2077 1210 stercore
2102 1156 2415 1223 passionum
2443 1152 2814 1207 tribulantium
2840 1169 2924 1208 me
2950 1171 2964 1207 :
2995 1163 3157 1223 atque
3180 1156 3329 1209 omni

1776 1260 1839 1299 ex
1874 1252 2027 1313 parte
2055 1242 2374 1311 gravissima
2404 1248 2642 1310 egestate
2674 1241 3038 1306 laborantem,
3061 1241 3172 1295 dita
3216 1258 3323 1306 me,

1775 1335 2152 1399 ocastissima,
2182 1333 2378 1388 divinis
2402 1332 2721 1401 virtutibus,
2752 1340 2812 1387 ut
2854 1333 3085 1387 salutem
3128 1348 3325 1389 conse-

1775 1433 1930 1481 cutus
1962 1426 2191 1495 hymnos
2223 1424 2321 1478 tibi
2347 1424 2648 1479 decantem.

1844 1514 2134 1585 lllum,qui
2158 1524 2289 1568 nutu
2317 1521 2496 1584 portat
2518 1512 2796 1582 universa,
2824 1512 2878 1566 in
2906 1521 3060 1567 utero
3085 1512 3329 1583 Deiparae

1775 1612 2049 1675 portatum
2084 1605 2298 1667 adoras,
2342 1619 2375 1659 ο
2412 1604 2708 1673 propheta;
2764 1618 2886 1658 cum
2946 1620 3052 1675 qua
3108 1620 3329 1674 precare

1777 1712 1875 1766 pro
1904 1697 2087 1751 salute
2131 1694 2357 1750 misella:
2401 1695 2595 1749 animas
2640 1708 2793 1762 meat,
2841 1710 2963 1765 quae
3001 1696 3241 1765 quot’die
3270 1697 3325 1750 in

112 1786 328 1850 πολλοῖς
398 1772 833 1860 περιπίπτουσαν
894 1772 1016 1845 καθ’
1081 1792 1291 1862 ἡμέραν
1347 1772 1669 1864 πλημμελή-

1785 1788 1929 1857 plura
1960 1795 2181 1858 peccata
2200 1785 2476 1842 dilabitur.

112 1897 185 1951 μα
194 1897 303 1933 σιν.

134 1986 235 2040 Ἐκ
267 1986 374 2040 τοῦ
411 1989 668 2055 κανόνος
701 1988 810 2057 τῆς
838 1989 1118 2057 τετάρτης
1148 1992 1233 2057 εἷς
1264 1990 1367 2045 τὸν
1399 1991 1663 2060 Ὄρθρον.

205 2093 374 2163 Ἱερὸς
425 2094 604 2147 ἐκάλει
653 2112 711 2146 σε
760 2094 916 2166 χορὸς
962 2096 1136 2167 πύλην
1191 2084 1513 2165 ἀδίόδευτον,
1554 2084 1669 2168 γῆν

107 2185 396 2253 ὲκλεκτὴν,
432 2185 524 2237 καὶ
556 2184 680 2254 ὅρος
705 2186 1065 2264 ἀλατόμητον,
1099 2188 1341 2257 παναγία
1381 2191 1666 2245 Δέσποινα·

105 2272 201 2325 τὸν
231 2273 508 2342 Δεσπότην
541 2275 650 2343 γὰρ
686 2275 793 2328 τῶν
825 2276 1076 2329 ἁπάντων
1122 2278 1383 2348 ἐκύησας,
1418 2280 1509 2334 τὸν
1547 2281 1669 2333 ἐθε-

107 2362 338 2426 λουσίως
364 2364 665 2435 σταύρωσιν
694 2367 856 2437 σαρκὶ
884 2368 1333 2439 καταδεξάμενον.

192 2550 528 2622 ’Υψούμενον
553 2553 613 2604 ὲν
642 2551 781 2623 ξύλῳ
802 2591 819 2617 ,
848 2553 940 2606 τὸν
964 2553 1227 2624 ζωοδότην
1259 2554 1547 2625 βλέπουσα,
1578 2556 1669 2610 καὶ

106 2638 373 2699 ἑκουσίως
403 2637 724 2707 θνήσκοντα,
751 2641 972 2703 καὶτοῖς
996 2642 1129 2693 πᾶσι
1156 2640 1300 2712 ζωὴν
1339 2643 1666 2714 παρέχοντα,

68 2786 75 2792 _
107 2729 344 2781 ἐδονεῖτο
370 2726 439 2782 τὰ
468 2727 752 2799 σπλάγχνα
784 2728 827 2799 η
855 2730 1213 2800 πανάμωμος.

199 2900 584 2963 ’Δνέτειλενὲκ
623 2911 852 2980 γαστρός
885 2928 976 2965 σου
1008 2912 1217 2982 [ἰατρὸς
1241 2912 1300 2965 τὸ
1331 2912 1671 2985 ἀπαύγασμα

107 2999 371 3069 Χριστὸς,
398 3000 507 3052 καὶ
548 2997 811 3066 ἐφώτισεν
841 3000 939 3068 τὴν
974 3000 1295 3069 οἰκουμένην
1339 3003 1672 3072 σταυρούμε-

2022 1982 2107 2041 Ea:
2138 2003 2334 2041 canone
2366 1985 2515 2055 feria:
2542 2001 2594 2039 tv
2616 1986 2683 2039 ad
2716 1985 3060 2042 Matutinum.

1849 2094 2012 2149 Sacer
2039 2094 2237 2149 chorus
2268 2092 2587 2158 vocabatte,
2625 2108 2657 2147 o
2693 2093 2918 2149 Domina
2955 2096 3326 2159 sanctissima,

1775 2194 1987 2254 portam
2035 2184 2372 2253 imperviam,
2426 2191 2623 2238 terram
2669 2184 2916 2248 electam,
2976 2194 3030 2241 et
3088 2196 3325 2241 montem

1776 2290 1935 2344 quem
1972 2274 2221 2344 lapicidas
2250 2288 2444 2327 manus
2483 2288 2588 2327 non
2622 2274 2949 2346 attigit(H);
2978 2292 3099 2330 nam
3141 2278 3326 2333 Domi-

1776 2383 1904 2421 num
1954 2369 2328 2422 universorum
2377 2366 2653 2435 peperisti,
2708 2368 2801 2437 qui
2857 2369 3215 2425 voluntariam
3269 2372 3325 2426 in

1776 2472 1937 2511 carne
1958 2456 2361 2531 cruciﬁxionem
2389 2456 2643 2525 suscepit.

1850 2546 2017 2615 Virgo
2046 2546 2358 2614 purissima,
2393 2559 2516 2599 eum
2549 2554 2791 2599 cerneret
2822 2548 3112 2601 exaltatum
3166 2550 3219 2603 in
3260 2550 3328 2603 li-

1777 2648 1883 2707 gno
1933 2636 2175 2691 datorem
2200 2636 2342 2700 vitae,
2373 2633 2735 2704 eumdemque
2765 2636 3064 2694 voluntarie
3090 2642 3327 2694 morien-

1782 2737 1907 2791 tem,
1964 2736 2127 2794 atque
2183 2725 2437 2781 omnibus
2502 2726 2664 2779 vitam
2727 2728 3077 2795 praebentem,
3135 2730 3325 2785 intimo

1779 2816 1960 2871 dolore
1988 2816 2190 2871 viscera
2221 2829 2319 2870 sua
2344 2814 2659 2869 discruciari
2688 2818 2973 2871 sentiebat.
3038 2890 3041 2891 ν

1787 2948 1793 2952 .
1847 2906 2082 2961 Exortus
2108 2915 2192 2961 est
2224 2920 2289 2959 ex
2322 2912 2474 2958 utero
2509 2913 2601 2959 tuo
2648 2905 2901 2975 splendor
2931 2906 3108 2963 Patris
3166 2909 3329 2965 Clin-

1780 3005 1919 3063 stus,
1946 3010 1979 3051 ο
2000 2997 2174 3066 puella
2190 2996 2452 3049 maritalis
2470 2996 2574 3049 tori
2599 2996 2814 3065 ignara;
2836 3004 2997 3067 atque
3014 2999 3327 3055 universum

106 3107 222 3153 νος,
251 3089 403 3160 Κόρη
436 3090 797 3159 ἀπειρόγαμε,
830 3091 924 3144 καὶ
951 3092 1055 3144 τῶν
1085 3090 1351 3161 δαιμόνων
1395 3092 1454 3145 τδ
1486 3093 1670 3158 σκότος

1785 3094 2046 3142 terrarum
2067 3084 2229 3155 259
2248 3084 2435 3140 orbem
2458 3084 2602 3139 cruci
2622 3083 2813 3141 alIixus
2849 3085 3191 3154 illuminavit,
3220 3088 3331 3145 dae-

105 3180 460 3250 ἐξηφάνισεν.

194 3268 451 3340 Ὦράθης,
478 3268 639 3337 ἁγνὴ,
673 3268 809 3339 μετὰ
834 3269 991 3322 τόκον
1021 3268 1257 3337 ἀφθορος
1312 3270 1443 3333 θεὸς
1470 3269 1577 3342 γὰρ
1610 3274 1673 3325 ἐκ

109 3359 212 3412 σοῦ
237 3359 429 3429 ἐτέχθη
466 3358 539 3421 ὡς
569 3358 872 3428 ἄνθρωπος,
909 3358 968 3412 ὃν
1001 3361 1384 3430 κατανοήσασα
1409 3363 1673 3431 σταυρού-

110 3466 277 3517 μενον
306 3447 403 3520 τὴν
434 3449 542 3503 τῶν
576 3449 894 3518 σπλάγχνων
930 3448 1121 3518 ὀδύνην
1162 3448 1239 3520 μὴ
1280 3449 1514 3519 φέρουσα
1544 3451 1671 3520 ἡλά-

107 3538 299 3601 λαζες.

198 3625 506 3697 Ὗμνοῦμλν
536 3642 616 3690 σε,
647 3626 984 3695 πανύμνητε,
1022 3628 1097 3691 ὡς
1120 3627 1251 3681 Θεὸν
1280 3630 1559 3699 κυήσασαν
1584 3630 1673 3684 τὸν

110 3717 498 3788 ὑπερύμνητον
539 3719 598 3772 ἐν
654 3717 794 3784 ξύλῳ
841 3709 932 3770 τὸν
985 3719 1288 3788 ἀρχέκακον
1334 3721 1559 3791 δυνάμει
1604 3725 1670 3792 τῇ

106 3809 248 3879 αὐτῇ
290 3808 550 3860 όλέσαντα
592 3806 873 3877 τύραννον,
918 3810 997 3871 εἰς
1052 3809 1209 3878 ἡμῶν
1268 3811 1537 3880 σωτηρίαν
1582 3813 1676 3865 καὶ

110 3896 396 3965 καύχημα.
1612 3896 1615 3901 ”

188 3988 295 4039 Τὸν
340 3986 533 4056 βότρυν
569 3985 662 4041 τὸν
694 3986 940 4057 πέπυρον
990 3988 1375 4058 ἀγεωργήτως,
1427 3989 1584 4060 ἁγνὴ,
1617 3990 1676 4042 ὃν

107 4078 471 4147 ἐδλάστησας,
500 4080 557 4131 ὲν
585 4078 726 4150 ξύλῳ
753 4081 823 4143 ὡς
852 4081 1103 4151 ἑώρακας
1123 4081 1489 4153 κρεμάμενον,
1519 4081 1677 4153 Expa-

106 4169 227 4231 ζες·
267 4167 467 4220 Τέκνον
498 4186 597 4237 μου
627 4168 984 4237 γλυκύτατον,
1030 4169 1256 4237 γλεῦκος
1287 4171 1672 4237 ὲναπόσταξον,

103 4259 180 4311 δι’
212 4252 273 4312 οὗ
304 4257 541 4329 παθῶνὴ
572 4259 708 4327 μέθη
737 4261 1183 4330 ἀνασταλήσεται.

198 4344 383 4414 Σάρκα
416 4348 483 4399 ὲκ
522 4346 623 4414 τῆς
653 4347 750 4417 σῆς
779 4347 1017 4416 γαστρὸς
1047 4348 1308 4417 λαμϐάνει
1355 4348 1543 4413 θέλων,
1585 4350 1677 4402 καὶ

1776 3189 2110 3244 nionumquc
2144 3174 2391 3238 tenebras
2421 3174 2724 3243 dissipavit.

1847 3270 2160 3339 lncorrupta
2192 3270 2405 3339 inventa
2432 3284 2489 3337 es
2514 3278 2631 3341 post
2656 3280 2893 3340 partum,
2923 3285 2957 3328 ο
2986 3282 3154 3343 casta;
3181 3290 3245 3330 ex
3278 3286 3329 3333 te

1777 3363 1920 3417 enim
1959 3362 2138 3425 Deus,
2165 3370 2430 3430 quatenus
2466 3361 2649 3428 homo,
2704 3374 2863 3418 natus
2908 3373 3020 3431 est;
3068 3382 3228 3436 quem
3272 3368 3337 3441 in.-

1776 3466 1937 3505 cruce
1985 3456 2304 3520 pendentem
2364 3452 2818 3519 animadvertens,
2870 3456 3109 3513 dolorem
3147 3436 3329 3516 cordis

1776 3554 1882 3593 non
1920 3541 2215 3604 sustinens,
2246 3540 2298 3594 in
2338 3540 2543 3611 ﬂebiles
2578 3556 2740 3597 voces
2771 3545 3113 3614 erumpebas.
3310 3601 3314 3605 «

1846 3628 2153 3685 Laudamus
2180 3641 2253 3693 te,
2296 3646 2329 3684 o
2356 3632 2502 3684 omni
2552 3631 2708 3687 laude
2756 3633 3099 3710 celebranda,
3129 3638 3333 3709 quippe

1776 3735 1894 3789 quae
1932 3719 2096 3773 Deum
2129 3720 2275 3773 omni
2311 3719 2467 3773 laude
2512 3722 2849 3789 superiorem
2902 3723 3182 3791 peperisti,
3236 3726 3327 3795 qu'i

1778 3821 2064 3882 tyrannum
2098 3811 2395 3879 principem
2441 3812 2706 3865 malorum
2741 3810 2939 3867 virtute
2977 3828 3072 3867 sua
3100 3816 3330 3884 perdidit

1778 3903 1830 3954 in
1861 3901 2026 3971 ligno,
2062 3902 2115 3953 in
2146 3910 2387 3954 nostram
2422 3901 2649 3954 salutem
2682 3910 2737 3955 et
2765 3889 3016 3971 gloriam.

1846 3993 2068 4045 Botrum
2118 3992 2268 4045 illum
2316 4002 2611 4055 maturum,
2641 3984 2801 4061 quem
2846 3994 2963 4047 sine
2993 3993 3089 4048 viri
3117 3995 3327 4049 cultura

1780 4082 2100 4149 protuleras,
2128 4096 2162 4135 o
2195 4078 2380 4150 Virgo,
2410 4092 2467 4135 ιιι
2493 4082 2671 4137 vidisti
2706 4083 2758 4135 in
2792 4098 2954 4138 cruce
2985 4085 3329 4155 pendentem,

1783 4172 1880 4226 has
1908 4186 2069 4227 voces
2120 4170 2347 4226 emisisti
2384 4188 2397 4224 :
2440 4170 2764 4227 Dulcissime
2790 4173 2886 4236 ﬁli,
2928 4184 3164 4230 mustum
3198 4177 3327 4230 illud

1778 4262 1999 4329 distilla,
2031 4277 2125 4330 per
2149 4260 2292 4331 quod
2333 4262 2645 4330 passionum
2688 4263 2924 4319 ebrietas
2947 4265 3326 4333 prohibeatur.

1848 4354 2077 4408 Carnem
2099 4368 2160 4407 ex
2193 4363 2344 4407 utero
2398 4362 2489 4406 tuo
2516 4353 2821 4409 voluntarie
2864 4357 3105 4425 suscepit
3158 4356 3328 4413 Filius

108 4435 416 4504 καθορᾶται
469 4438 497 4489 ό
529 4438 777 4506 ἀόρατος,
826 4438 918 4489 καὶ
966 4437 1269 4506 σταύρωσιν
1299 4438 1509 4508 δέχεται
1530 4478 1545 4503 ,
1580 4440 1670 4492 καὶ

1785 4452 1925 4511 tuus,
1949 4458 1982 4499 o
2010 4443 2233 4497 Domina
2273 4443 2379 4497 Deo
2401 4442 2754 4508 charissima;
2800 4452 2851 4498 et
2883 4460 3006 4498 cum
3030 4420 3328 4503 invisibilis

112 4527 335 4595 κατάρα
362 4526 680 4594 ὀνομάζεται
704 4528 947 4598 κατάρας
974 4528 1352 4599 ἐξαιρούμενος
1380 4530 1621 4585 ἅπαντας
1643 4534 1671 4584 ὁ

109 4616 247 4679 Υἱός
278 4633 391 4681 σου,
409 4617 792 4688 Θεοχαρὲτωτε.

198 4801 809 4872 Φθαρεῖσανοὲκαίνισας
842 4805 939 4874 τὴν
972 4792 1145 4873 ’φύσιν
1174 4804 1267 4858 τοῦ
1314 4809 1671 4877 προπάτορος,

112 4894 263 4964 ὑπὲρ
313 4895 475 4963 φύσιν
522 4894 755 4950 τεκοῦσα
817 4900 907 4950 καὶ
967 4898 1401 4965 παρθενεύουσα,
1462 4900 1671 4967 φύσεως

106 5047 276 5103 nensi
308 5063 436 5114 agro
474 5048 818 5109 canonicum,
860 5057 913 5101 et
942 5048 1310 5101 Immaculatzn
1346 5048 1672 5117 Conceptio-

109 5119 204 5171 nis
246 5131 368 5169 cum
422 5117 716 5183 pertinacia
770 5128 1219 5185 Oppugnatorem,
1269 5118 1556 5170 crudeliter
1602 5119 1669 5170 ab

111 5186 344 5239 inimico
378 5185 780 5254 interemptum,
818 5196 938 5251 post
969 5196 1078 5240 tres
1119 5188 1345 5247 amplius
1374 5187 1533 5239 horas
1556 5187 1667 5254 jam

111 5266 397 5309 mortuum
439 5254 506 5306 ad
546 5254 708 5307 vitam
749 5255 989 5317 rediisse;
1031 5266 1083 5307 ct
1120 5256 1394 5307 veritatem
1430 5254 1671 5323 Concep—

114 5324 288 5377 tionis
333 5323 702 5376 lmmaculatae
743 5324 826 5376 bis
857 5326 1034 5377 verbis
1056 5324 1403 5378 conﬁrmasse
1435 5342 1447 5377 :
1492 5342 1509 5374 ι
1548 5324 1665 5377 Vita

111 5392 185 5446 ad
212 5393 314 5445 hoc
339 5392 511 5445 solum
554 5393 683 5446 mihi
718 5407 995 5455 concessa,
1033 5402 1269 5460 utquam
1310 5395 1456 5446 tenui
1484 5404 1667 5447 contra

156 5463 264 5513 iam
298 5462 639 5523 sententiam,
668 5462 972 5528 Opinimtcnt
1022 5472 1302 5513 retractent
1335 5478 1347 5512 :
1380 5477 1562 5515 verum
1591 5471 1674 5516 est

176 5532 491 5603 altissimam
542 5532 808 5599 Virginem
851 5531 1071 5603 Mariam
1111 5532 1177 5603 ab
1227 5531 1371 5603 omni
1426 5531 1673 5603 originali

115 5602 336 5661 tutacula
390 5598 447 5652 in
479 5615 575 5652 sua
636 5598 984 5667 eonccplione
1051 5599 1216 5651 fuisse
1265 5598 1582 5661 immunem,
1624 5612 1676 5652 ct

104 5668 383 5723 ‘divinitus
412 5679 810 5738 prwcrvatam.
855 5689 871 5719 ι
911 5669 1044 5723 Vide
1063 5668 1554 5723 Armamentariutn
1584 5669 1677 5724 Sc-

1778 4544 1943 4599 esset,
1976 4535 2208 4589 visibilis
2240 4533 2410 4589 lactus
2436 4542 2537 4598 est,
2568 4542 2620 4588 et
2641 4535 2819 4605 crucis
2850 4545 3177 4591 tormentum
3202 4552 3325 4593 sus-

1780 4624 1943 4692 cepit,
1982 4632 2036 4678 et
2069 4624 2410 4677 maledictum
2445 4622 2756 4679 nominatus
2812 4634 2913 4690 est,
2958 4626 3083 4680 dum
3137 4641 3328 4681 omnes

1784 4714 1969 4767 liberat
2009 4729 2038 4765 a
2079 4713 2386 4767 maledicto.

1849 4807 2166 4874 Cat-ruptam
2222 4807 2403 4873 primi.
2436 4805 2670 4873 parentis
2720 4814 2969 4860 naturam
3023 4810 3325 4873 rcnovasti;

1781 4898 2041 4950 universa!
2121 4907 2326 4948 natura:
2387 4896 2781 4950 Plasmatorem
2846 4900 3326 4965 supernaturaliter

1782 5050 2065 5121 rapplricu_m
2097 5049 2157 5121 in
2185 5048 2397 5115 Regeslo
2432 5065 2460 5102 a
2495 5066 2614 5119 pag.
2648 5051 2752 5105 563
2793 5051 2845 5107 et
2874 5054 3149 5121 dcinrcps.

1847 5117 2054 5191 (HlEt
2097 5117 2327 5191 Montem
2364 5117 2530 5191 hunc,
2550 5117 2709 5188 quem
2762 5138 2876 5191 non
2904 5117 3082 5191 attigit
3135 5138 3325 5175 manus

1776 5186 2037 5259 hominis,
2062 5188 2238 5259 attigit
2285 5203 2475 5240 manus
2503 5186 2762 5243 dzémonis
2789 5193 2801 5242 ε
2837 5186 3154 5259 ΝιιυιιιῙιιαηι
3204 5207 3326 5257 pro-

1776 5255 1932 5327 [ectot
1964 5256 2192 5308 Decebat
2216 5258 2358 5327 enim
2382 5274 2518 5319 eam,
2544 5273 2661 5324 qua:
2688 5255 3062 5312 univvrsorum
3124 5255 3325 5327 peperit

1774 5324 2077 5387 hominum,
2103 5339 2133 5375 a
2166 5339 2323 5376 manu
2349 5325 2599 5389 hominis,
2626 5337 2678 5379 et
2704 5331 2873 5381 multo
2904 5329 3070 5389 magis
3095 5324 3137 5379 a'
3165 5324 3325 5380 manu

1772 5394 2029 5445 dannmiis
2064 5407 2183 5446 esse
2213 5394 2423 5460 penitus
2452 5395 2720 5447 intactam.
2747 5396 2881 5448 Hinc
2913 5396 2970 5446 Β.
2995 5394 3325 5449 Laurentius

1774 5460 2115 5531 Justinianns
2148 5464 2199 5513 in
2232 5463 2367 5515 libro
2394 5464 2457 5515 de
2501 5463 2762 5516 Gradibns
2812 5464 3146 5531 perfectionis
3187 5467 3323 5516 scri-

1780 5532 1883 5602 psit
1916 5549 1927 5583 :
1964 5548 1979 5579 ι
2015 5530 2092 5581 Ab
2113 5532 2359 5600 originali
2382 5543 2597 5597 peccato
2626 5534 2803 5585 nullus
2828 5534 3108 5601 excipitur,
3132 5542 3323 5602 pra-ter

1780 5600 1943 5665 illam,
1966 5616 2084 5667 qum
2110 5602 2293 5670 genuit
2325 5602 2504 5653 mundi
2538 5601 2887 5656 Salvatoran
2929 5620 2947 5652 ι
