3948 6304
509 328 642 389 ῘΞἮΣ)

1628 305 1684 361 s.
1728 296 2039 361 JOSEPIII
2079 277 2631 352 HYMNOGRAPIII

3587 281 3723 345 1296

505 430 689 488 enixa,
714 428 1032 492 permanens
1061 413 1210 479 virgo
1253 410 1448 462 intacta
1479 412 1598 475 post
1620 411 1830 473 parturn
1865 417 1878 453 :
1905 412 2060 465 quem
2094 449 2099 460 ε

2215 395 2382 462 πάσης
2410 388 2500 492 τὺὰ
2529 392 2798 460 Πλάστην,
2831 389 2889 442 ὃν
2918 390 2976 443 ὲν
3009 388 3226 459 σταυρῷ
3256 388 3600 459 κρεμάμενον
3627 392 3723 443 πά-

507 521 639 574 olim
692 516 744 568 in
785 524 946 565 cruce
993 516 1318 572 suspensum
1379 497 1590 557 videns.
1640 509 1672 547 0
1719 489 2063 546 sanctissima

505 609 676 678 Virgo
706 605 892 663 Mater,
928 599 980 650 in
1003 595 1159 649 ﬂetus
1185 591 1521 662 gemitusque
1551 583 1892 652 erumpebas.

767 707 850 759 Ex
885 717 1080 754 canone
1111 700 1256 766 feria:
1288 711 1339 750 Vt
1376 695 1444 746 ad
1483 691 1824 745 Matutinum.

582 886 917 944 Venerabilis
947 881 1216 952 propheta}
1241 890 1422 932 sermo
1443 873 1692 941 impletus
1711 878 1794 923 est
1819 884 1832 920 :
1863 865 2070 936 gladius

517 984 661 1036 enim
694 994 786 1033 cor
825 987 974 1030 tuum
1010 967 1378 1040 pertransivit,
1411 980 1442 1018 ο
1475 961 1721 1024 Domina,
1749 956 1967 1027 quando
2017 956 2069 1008 in

505 1075 657 1143 digno
683 1070 874 1122 Filium
905 1075 1054 1118 tuum
1087 1060 1276 1113 lancea
1314 1055 1657 1109 vulneratum
1688 1045 2003 1118 suspexisti.

587 1165 864 1216 Honorant
906 1167 954 1209 te
983 1153 1203 1208 ordines
1252 1149 1719 1214 incorporeorum,
1771 1152 1896 1192 nam
1959 1150 2075 1189 ont-

514 1255 665 1308 nium
697 1248 981 1302 Dominum
1007 1252 1231 1309 corpore
1261 1235 1512 1290 vestitum
1533 1229 1811 1302 peperisti,
1833 1243 1865 1280 0
1895 1223 2074 1278 Puella

519 1346 610 1399 Dei
635 1343 872 1412 Sponsa;
899 1336 987 1405 qui
1020 1347 1113 1401 per
1141 1330 1343 1397 lignum
1363 1339 1552 1380 omnes
1578 1324 1786 1377 vinctos
1810 1315 2073 1379 dissolvit,

510 1445 571 1487 et
605 1431 787 1485 ﬁdeles
810 1437 991 1479 amore
1021 1434 1120 1473 suo
1146 1416 1442 1483 colligavit.

547 1577 550 1580 ,
591 1520 902 1572 incarnatus
926 1518 1008 1564 est
1039 1523 1104 1561 cx
1133 1504 1299 1560 castis
1328 1497 1688 1572 sanguinibus
1717 1486 1826 1552 tuis
1863 1493 2076 1548 Altissi—

517 1627 662 1673 mus,
689 1624 721 1661 ο
746 1605 906 1674 260
937 1600 1270 1672 purissima;
1301 1609 1460 1666 quem
1505 1606 1629 1646 cum
1685 1587 1978 1643 intuereris
2023 1586 2074 1636 in

521 1703 665 1770 ligno
697 1697 891 1764 injuste
932 1691 1254 1753 exaltatum,
1299 1683 1613 1754 suspirabas
1648 1694 1770 1735 cum
1798 1675 2078 1747 lacrymis,

519 1801 573 1846 et
601 1785 984 1844 misericordia:
1009 1783 1127 1850 ejus
1154 1781 1359 1833 viscera
1391 1773 1800 1842 magnilicabas.

592 1881 707 1942 llle.
766 1877 858 1946 qui
915 1889 1077 1944 super
1141 1871 1400 1923 humeros
1441 1863 1736 1921 Cherubin:
1795 1861 1848 1914 in
1908 1858 2081 1922 caelis,

518 1981 684 2044 prout
711 1969 818 2020 Deo
835 1963 1107 2025 convenit,
1134 1962 1340 2028 absque
1366 1956 1531 2011 dubio
1553 1961 1798 2023 portatur
1818 1991 1832 2017 ,
1863 1951 1916 2003 in
1942 1949 2084 2002 ulnis

523 2064 631 2118 tuis
655 2067 896 2130 gestatus
926 2062 1010 2108 est
1042 2069 1057 2106 :
1085 2063 1140 2107 et
1167 2050 1314 2107 cruci
1342 2047 1552 2111 allixus,
1615 2057 1803 2098 omnes
1831 2056 1858 2093 a
1890 2054 2087 2094 eorru-

523 2154 706 2225 ptione
735 2145 982 2202 salvavit.
1324 2210 1329 2216 Ι

598 2241 669 2296 Ut
700 2236 975 2292 hominem
1013 2228 1308 2290 deiﬁcaret,
1339 2239 1404 2277 ex
1435 2232 1504 2286 te,
1530 2236 1562 2274 ο
1602 2218 1787 2286 Virgo,
1822 2216 1964 2271 Deus
1992 2231 2089 2269 na-

526 2348 614 2392 tus
642 2343 760 2398 est;
793 2339 845 2384 et
890 2324 1206 2385 cruciﬁxus,
1259 2328 1490 2373 mortem
1543 2309 1800 2383 guStavit,
1837 2310 2089 2364 occidens

527 2441 652 2483 cum
689 2423 781 2492 qui
805 2434 892 2474 me
921 2417 1071 2488 prius
1104 2413 1399 2468 occiderat.

598 2514 870 2570 Palatium
920 2507 1080 2578 Regis
1118 2504 1439 2564 animatum,
1495 2506 1549 2553 et
1614 2497 1844 2551 thronus
1902 2492 2090 2562 igneus

532 2613 674 2664 facta
706 2621 787 2671 es,
816 2618 847 2658 ο
873 2601 1071 2669 Virgo;
1107 2598 1158 2651 in
1208 2608 1315 2663 quo
1350 2593 1440 2647 ille
1476 2590 1740 2650 residens,
1776 2596 1966 2639 omnes
2000 2584 2092 2636 ho-

529 2702 709 2758 mines
735 2713 762 2749 a
793 2695 968 2764 primo
997 2691 1149 2758 lapsu
1183 2683 1380 2748 erexit,
1408 2690 1461 2736 et
1497 2693 1757 2737 consessu
1800 2674 1975 2730 Patris
2008 2677 2091 2727 sui

532 2789 838 2848 honoravit.

604 2883 754 2949 Agna
785 2871 1132 2930 immaculata
1167 2868 1300 2940 (l5),
1335 2864 1831 2937 pro‘phetarumque
1881 2863 1936 2911 et
1958 2869 2096 2909 mar-

537 2985 711 3042 tyrum
740 2965 1110 3038 pulchritudo,
1139 2961 1229 3015 ubi
1265 2970 1314 3011 te
1338 2959 1548 3028 Agnum
1591 2953 1646 3006 in
1693 2951 1842 3020 ligno
1868 2952 2096 3016 Suspen-

2170 483 2258 536 λαι
2280 479 2543 551 ἠλάλαζες
2577 481 2868 550 βλέπουσα,
2901 481 3140 548 παναγία
3177 480 3627 550 Μητροπάρθενε.

2185 682 2286 735 Ἐκ
2324 681 2430 735 τοῦ
2460 682 2716 744 κανόνος
2756 678 3290 804 τῆςθηαρασκευῆς
3341 681 3429 744 εἰς
3459 677 3567 730 τὸν
3603 679 3732 745 ’ορ-

2908 767 3036 804 Dor.

2903 767 3036 817 ρον.

2265 859 2448 928 Ῥῆσις
2494 857 2692 932 σεπτρῦ
2738 859 3014 926 προφήτου
3064 855 3439 923 πεπλήρωται⁸
3488 856 3730 923 ῥομφαία

2175 954 2284 1022 γὰρ
2333 952 2430 1022 τὴν
2475 942 2700 1020 καρδίαν
2741 950 2838 1020 τὴν
2888 949 2986 1013 σὴν
3014 947 3245 1017 διῆλθεν,
3281 946 3369 998 ὅτε
3413 949 3470 998 ὲν
3520 947 3734 1015 σταυρῷ

2175 1045 2552 1114 λογχευθέντα,
2580 1045 2864 1107 Δέσποινα,
2895 1043 2983 1095 τὸν
3020 1042 3109 1094 σὸν
3138 1041 3262 1092 Υἱὺν
3294 1039 3545 1107 ἐΰλεψας.

2262 1135 2591 1208 Γεραίρουσί
2634 1152 2693 1186 σε
2735 1135 2918 1198 τάξεις
2956 1133 3065 1186 τῶν
3114 1132 3438 1201 ἀσωμάτων
3470 1124 3561 1183 τὸν
3602 1132 3726 1184 πάν-

2177 1248 2283 1283 των
2304 1230 2408 1299 γάρ
2433 1228 2708 1296 Δεσπότην
2729 1225 3116 1301 σωματοφὸρον
3138 1224 3377 1294 ἐκύησας
3399 1223 3490 1277 τὸν
3505 1223 3736 1275 λύσαντα

2177 1322 2264 1375 διά
2309 1319 2469 1384 ξύλου
2500 1319 2754 1388 δεσμίους
2799 1318 3062 1381 ἅπαντας,
3110 1317 3264 1386 Κόρη
3316 1315 3615 1386 Θεόνυμφε,
3643 1315 3738 1367 καὶ

2181 1412 2402 1474 πιστοὺς
2434 1410 2765 1480 συνδήσαντα
2793 1412 2860 1479 τῇ
2889 1411 3088 1479 στοργῇ
3102 1406 3287 1462 αὐτοῦ.

2255 1503 2603 1573 Σεσάρκωται
2631 1501 2691 1565 ἐξ
2712 1500 2890 1568 ἁγνῶν
2916 1517 3012 1554 σου
3058 1500 3303 1569 αἱμάτων
3342 1499 3370 1552 δ
3401 1497 3660 1568 "remo;
3682 1499 3741 1548 δν

2183 1595 2472 1665 βλέπουσα,
2502 1594 2765 1662 πάναγνε,
2797 1591 2937 1662 ξύλῳ
2968 1591 3168 1654 ἀδίκως
3194 1590 3496 1660 ὑψούμενον
3526 1591 3739 1651 ἔστενες

2183 1685 2522 1767 δακρύουσα,
2572 1684 2669 1738 καὶ
2735 1685 2828 1754 τὴν
2879 1681 3041 1737 αὑτοῦ
3089 1680 3492 1751 εὐσπλαγχνίαν
3541 1679 3742 1749 έμεγά-

2183 1778 2358 1841 λυνες.
3019 1824 3023 1828 .

2272 1867 2333 1922 '0
2363 1866 2549 1929 νώτοις
2595 1863 2876 1935 Χερουϐὶμ
2918 1863 2978 1915 ὲν
3026 1861 3273 1928 οὐρανοῖς
3318 1855 3635 1930 θεοπρεπῶς
3673 1859 3744 1919 ῶς

2185 1957 2400 2026 ἀληθῶς
2433 1953 2745 2024 ὀχούμενος,
2773 1954 2892 2015 ταῖς
2931 1951 3198 2018 ἀγκάλαις
3227 1967 3320 2003 σου
3351 1952 3557 2020 ὲποχεϊ,
3588 1965 3747 2001 σταυ-

2192 2045 2384 2115 ρωθεὶς
2403 2045 2620 2107 πάντας
2650 2043 2852 2114 φθορᾶς
2885 2042 3165 2095 διέσωσεν.

2269 2229 2385 2279 Ἵνα
2413 2224 2589 2296 θεὼσῃ
2633 2224 2725 2278 τὸν
2768 2223 3073 2293 ἄνθρωπον,
3123 2221 3186 2274 ὲκ
3218 2219 3335 2287 σοῦ,
3378 2219 3641 2289 Παρθενε,
3673 2236 3751 2272 τιο

2189 2335 2376 2372 κτεται
2406 2318 2557 2381 Θεὸς,
2605 2316 2700 2370 καὶ
2741 2314 3089 2386 σταυροῦται,
3134 2314 3227 2390 καὶ
3264 2311 3493 2365 θανάτου
3531 2313 3748 2380 γεύεται

2190 2408 2522 2464 ἀποκτείνων
2551 2408 2640 2461 τδν
2669 2407 2767 2476 ἐμὲ
2789 2407 2850 2458 τὸ
2875 2407 3000 2476 πρὶν
3031 2404 3439 2477 ἀποκτείνοντα.

2267 2500 2538 2554 Παλάτιον
2573 2497 2815 2568 ἔμψυχον
2840 2496 2932 2548 τοῦ
2971 2494 3252 2565 βασιλέως,
3299 2495 3393 2547 καὶ
3436 2486 3621 2562 θρόνος
3653 2511 3749 2544 πυ-

2193 2592 2480 2662 ρίμορφος,
2521 2589 2786 2660 Παρθένε,
2813 2585 3169 2652 ἀναδέδειξαι,
3201 2586 3258 2638 ὲν
3304 2578 3349 2653 ᾧ
3383 2585 3744 2654 καθεζόμενος

2193 2681 2402 2742 πάντας
2429 2679 2680 2746 ἐξήγειρε
2730 2674 2824 2728 τοῦ
2872 2673 3139 2744 προτέρου
3187 2666 3474 2743 πτώματος
3507 2671 3748 2741 βροτοὺς,

2200 2771 2294 2823 καὶ
2322 2768 2573 2839 συνεδρία
2600 2766 2810 2837 Πατρδς
2843 2765 3130 2833 ἐτίμησας.
3366 2762 3373 2768 ”

2276 2861 2340 2913 Ἢ
2363 2853 2588 2929 ἄμωμος
2611 2855 2810 2927 ἀμνὰς,
2839 2854 3129 2924 προφητῶν
3162 2869 3220 2905 τε
3252 2853 3344 2904 καὶ
3389 2849 3685 2921 μαρτύρων
3719 2852 3750 2916 ἡ

2197 2951 2486 3024 ὡραιότης,
2515 2946 2707 3017 ὥσπερ
2739 2946 2908 3016 ἀμνόν
2936 2961 2994 2997 σε
3031 2942 3409 3013 ἀνηρτημένον
3460 2942 3554 2993 ἐπὶ
3604 2940 3753 3004 ξύλου

538 3032 659 3119 sum
689 3032 846 3124 vidit,
885 3056 1048 3125 C(Bpit
1078 3067 1260 3106 amare
1293 3050 1439 3113 ﬂere,
1472 3055 1632 3114 atque
1679 3043 1752 3096 ita
1791 3040 2012 3095 dicere:
2051 3033 2094 3090 Ο

2215 3040 2511 3112 λεασαμένη
2537 3039 2721 3092 ἔκλαιε
2738 3037 2950 3108 πικρῶς
2981 3036 3073 3089 καὶ
3099 3034 3305 3102 ἔλεγεν·
3349 3033 3411 3086 Ἦ
3440 3032 3754 3085 οὕσιωθεῐσα

539 3163 802 3210 creaturae
831 3163 1041 3207 omnes,
1077 3157 1197 3213 quae
1244 3143 1296 3195 in
1351 3151 1532 3193 rerum
1571 3143 1764 3188 natura
1815 3129 2098 3191 exsistitis,

541 3241 760 3297 laudate
787 3237 1102 3298 Dominum,
1126 3244 1178 3287 et
1209 3226 1609 3299 superexaltate
1639 3237 1764 3277 eum
1819 3221 1872 3275 in
1917 3217 2100 3274 omnia

541 3332 756 3390 saecula.
889 3324 892 3327 λ

618 3422 895 3477 Solarium
953 3414 1306 3490 splendorum
1362 3407 1712 3480 pulchritudo
1761 3420 1790 3458 a
1843 3409 2104 3456 consueto

544 3530 707 3569 cursu
739 3509 968 3573 destitit,
999 3520 1121 3560 cum
1145 3503 1279 3557 vidit
1310 3511 1383 3568 te,
1430 3515 1462 3554 ο
1508 3499 1597 3553 Sol
1626 3493 1873 3565 iustitiae,
1906 3491 1958 3544 in
1988 3503 2108 3544 cru-

548 3618 668 3660 cem
710 3598 1016 3655 voluntarie
1055 3595 1348 3650 sublatum.
1385 3591 1451 3644 At
1494 3587 1660 3656 Virgo
1689 3599 1813 3638 cum
1843 3579 2109 3649 discipulo

549 3697 780 3766 virgine,
824 3704 1013 3745 amaro
1049 3687 1255 3757 eiulatu
1277 3683 1438 3738 verba
1473 3678 1872 3739 intermiseens,
1903 3671 2107 3727 clama-

553 3792 643 3842 bat
672 3805 685 3840 :
711 3785 996 3850 Quodnam
1028 3775 1395 3849 spectaculum
1431 3781 1512 3827 est
1542 3771 1647 3825 hoc
1705 3780 1903 3821 novum
1953 3771 2113 3831 atque

550 3874 905 3932 inusitatum?

803 3998 885 4052 Ea:
914 4011 1111 4049 canone
1131 3989 1347 4048 Sabbati
1381 3990 1446 4040 ad
1490 3985 1840 4039 Matutinum.

631 4124 962 4180 Veneranda:
998 4120 1276 4179 mulieres,
1306 4131 1425 4183 quae
1458 4113 1591 4165 dura
1611 4105 1997 4164 exercitatione
2023 4103 2114 4156 de-

555 4223 925 4276 cet'tavcrant,
958 4220 1012 4264 at
1042 4207 1295 4262 athletice
1321 4207 1532 4259 hostem
1567 4208 1976 4269 superaverant,
2015 4196 2121 4248 cir-

560 4315 893 4360 cuntslantes
929 4311 999 4362 tc,
1031 4315 1062 4352 ο
1105 4298 1193 4351 Dei
1222 4296 1486 4356 Genitrix,
1517 4293 1857 4345 laetabantur.

630 4397 766 4450 Cum
819 4393 1072 4446 omnibus
1131 4387 1410 4456 prophetis
1476 4382 1766 4449 sacrisque.
1802 4377 2119 4432 mulieribus
2156 4391 2203 4449 ο

565 4491 761 4542 obnixe
787 4500 1029 4554 precare,
1065 4498 1095 4534 ο
1122 4478 1309 4549 Virgo,
1345 4477 1495 4530 illum
1521 4474 1613 4543 qui
1655 4489 1718 4527 ex
1761 4481 1810 4526 te
1838 4481 1994 4523 natus
2019 4478 2122 4529 est,

566 4590 622 4634 ut
641 4580 976 4632 misereatur
1001 4572 1192 4625 nostri.

649 4672 886 4724 Montem
920 4664 1210 4718 virtutibus
1244 4661 1558 4714 umbrosum
1597 4657 1730 4709 vidit
1761 4663 1833 4716 te,
1862 4669 1894 4706 ο
1933 4651 2127 4719 Dcipa-

572 4782 653 4828 ra,
689 4763 946 4832 propheta
982 4757 1254 4819 llabaeue,
1286 4770 1347 4807 ex
1384 4769 1490 4820 quo
1527 4745 1885 4816 inexplicabili
1921 4744 2128 4797 ratione

573 4857 716 4911 Deus
765 4852 1033 4920 apparuit,
1100 4849 1188 4916 qui
1243 4847 1436 4898 virtute
1508 4857 1602 4895 sua
1673 4836 1884 4904 cperuit
1937 4833 2127 4895 caelos,

531 4933 534 4937 λ
570 4959 729 5015 atque
759 4944 1005 4997 homines
1033 4939 1187 5007 261
1225 4938 1291 4988 ab
1315 4933 1536 4986 interitu
1565 4928 1816 4983 salvavit.

642 5033 991 5089 Sanctissitna
1021 5030 1203 5096 Virgo,
1230 5034 1552 5091 martyrum,
1601 5017 1996 5076 confessornm,
2028 5026 2130 5064 ear-

575 5138 918 5191 terorumquc
945 5122 1217 5189 justorunt
1253 5115 1443 5184 gloria,
1467 5112 1543 5175 ab
1587 5107 1734 5160 omni
1772 5104 2124 5159 tentatioxiuni

572 5213 856 5287 tyrannide
891 5215 1039 5279 eripe
1075 5225 1193 5262 nos.

650 5389 758 5459 (l5)
795 5389 1000 5459 Agnant
1035 5397 1248 5459 quoque
1274 5376 1673 5458 immaculatam
1711 5371 1991 5459 [λάροι-δὲῃ
2029 5383 2130 5447 ⁸νο-

573 5436 698 5513 canit
812 5436 1065 5511 Kiidreas'
1087 5436 1361 5504 Cretensis
1387 5436 1592 5501 canone
1634 5447 1683 5496 in
1714 5436 1893 5513 Maria:
1921 5436 2129 5513 Nativi-

576 5507 1082 5588 tatem,et~.lacobus
1115 5519 1410 5588 monachus
1442 5518 1594 5588 Orat.
1628 5515 1678 5588 i_n
1707 5510 1950 5588 eamdem
1984 5507 2130 5588 ﬁatfi-

574 5576 1073 5661 i-iiiiiéi.i,'qubt~um
1125 5590 1282 5661 vt-rba
1316 5585 1433 5639 dedi
1468 5587 1518 5661 i_n
1552 5583 1689 5661 notis
1721 5583 1789 5658 ad
1818 5577 2035 5661 Marialc

574 5648 828 5721 Quintiani
859 5648 1169 5730 patriarchm
1209 5650 1791 5718 Coustintinopulitani
1844 5664 1960 5716 pag.
2002 5648 2122 5698 185.

2200 3133 2435 3204 ὑμνείτω
2465 3133 2554 3185 τὸν
2591 3132 2796 3201 Κύριον
2819 3131 2968 3183 πᾶσα
2990 3127 3163 3190 κτίσις
3183 3127 3274 3178 καὶ
3303 3121 3662 3196 ὁπερυψούτω
3686 3123 3755 3181 εἰς

2203 3226 2413 3289 πάντας
2445 3223 2570 3288 τοὺς
2597 3221 2816 3284 αίῶνας.

2274 3405 2581 3473 Φωστήρων
2615 3401 2808 3462 κάλλος
2858 3399 3055 3470 δρόμου
3093 3396 3186 3451 τοῦ
3227 3395 3488 3466 συνήθους
3535 3394 3755 3460 ἀπέστη,

2206 3499 2293 3550 ὅτε
2329 3512 2388 3546 σε
2437 3489 2598 3558 εἶδεν,
2619 3491 2774 3544 ’Ήλιε
2800 3490 2898 3558 τῆς
2935 3488 3299 3557 δικαιοσύνης,
3332 3486 3642 3556 ἐπηρμένον
3679 3485 3760 3537 ἰπὶ

2207 3586 2301 3640 τοῦ
2330 3583 2562 3653 σταυροῦ
2615 3582 2902 3652 θελήματι,
2930 3582 2963 3650 ἡ
3017 3581 3073 3632 δὲ
3099 3579 3373 3648 Παρθένος
3403 3578 3500 3628 σὺν
3555 3577 3759 3644 μαθητῇ

2212 3676 2462 3747 παρθένῳ
2482 3673 2713 3745 ἠλάλαζε
2732 3673 2962 3742 πικρῶς,
2983 3673 3128 3741 οἴμοι
3150 3672 3165 3724 ί
3194 3668 3500 3733 ἀναϐοῶσα,
3532 3667 3599 3721 Τί
3619 3665 3762 3719 τοῦτο

2212 3768 2271 3818 τὸ
2313 3765 2459 3832 ξένον
2497 3764 2672 3833 θέαμα
2689 3779 2705 3830 ;

2230 3987 2329 4038 Ἐκ
2365 3981 2468 4035 τοῦ
2491 3979 2744 4043 κανόνος
2767 3976 2871 4031 τοῦ
2902 3974 3204 4032 Σαϐὅάτου
3255 3973 3340 4037 είς
3370 3972 3476 4024 τὸν
3500 3972 3757 4038 Ὀρθρον.

2288 4107 2353 4158 Δί
2382 4105 2608 4174 ἀσκήσει
2639 4101 2878 4172 στέρῤῶς
2925 4098 3293 4169 ἠγωνισμέναι
3337 4096 3430 4150 καὶ
3474 4093 3762 4164 ἀθλητικῶς

2224 4196 2546 4250 καθελοῦσαι
2581 4195 2671 4246 τὸν
2697 4193 2887 4264 ἐχθρὸν
2918 4192 3112 4260 σεμναὶ
3139 4190 3419 4257 γυναῖκες,
3446 4186 3762 4256 Θεοκυῆτορ,

2227 4290 2285 4341 σὲ
2313 4286 2673 4357 περιεστῶσαι
2694 4284 3093 4353 εὐφραίνονται.
3185 4321 3189 4328 -

2295 4380 2447 4433 Μετὰ
2476 4379 2689 4430 πάντων
2729 4375 3020 4444 προφητῶν
3045 4373 3139 4425 κα)⁵
3171 4370 3404 4438 γυναίων
3437 4367 3600 4437 ιερῶν
3623 4365 3764 4428 Θεὸν,

2231 4469 2493 4542 Παρθένε,
2521 4469 2611 4520 τὸν
2639 4467 2896 4537 τεχθέντα
2937 4466 3001 4517 ὲκ
3047 4463 3140 4517 σοῦ
3194 4462 3498 4516 ὲκδυσώπει
3547 4459 3765 4522 ἐκτενῶς

2227 4562 2320 4615 τοῦ
2361 4559 2700 4628 οἰκτειρῆσαι
2729 4559 2898 4627 ἡμᾶς.
3069 4613 3097 4623 Α

2304 4653 2463 4721 Ὄρος
2489 4633 2788 4703 κατάσκιον
2829 4646 3012 4716 βλέπει
3069 4661 3127 4696 σε
3168 4645 3387 4714 ἀρεταῖς
3416 4645 3444 4696 ὁ
3475 4643 3767 4710 προφήτης,

2232 4741 2489 4804 Θεοτόκε,
2549 4737 2883 4805 Ἀϐὁακοὶιμ,
2926 4737 2983 4798 ἐξ
3039 4728 3098 4787 οὗ
3148 4731 3556 4800 ὲπέφανεὉεδς
3609 4728 3768 4799 ἀφρά-

2235 4848 2373 4893 στως
2400 4832 2566 4899 ἀρετῇ
2599 4827 2838 4896 καλύψας
2873 4826 3156 4895 οὐρανοὺς,
3186 4823 3280 4877 καὶ
3299 4825 3359 4876 τὸ
3399 4823 3556 4890 γένος
3586 4820 3771 4890 ἀνθρώ-

2233 4938 2348 4974 πων
2377 4919 2646 4981 διασώσας
2673 4921 2736 4970 ὲκ
2764 4917 2986 4985 φθορᾶς.

2305 5013 2550 5079 Παναγία
2575 5010 2836 5081 Παρθένε,
2869 5007 2925 5061 τὸ
2951 5006 3208 5076 καύχημα
3226 5006 3333 5058 τῶν
3358 5012 3664 5075 μαρτύρων,
3696 5002 3772 5054 καὶ

2233 5102 2532 5167 ὀσὶων,καὶ
2580 5101 2803 5153 δικαίων
2836 5101 3013 5169 πάσης
3066 5099 3210 5169 ἡμᾶς
3252 5095 3561 5165 τυραννίδος
3615 5090 3774 5157 ἒξελοῦ

2238 5211 2343 5246 των
2367 5209 2709 5261 πειρασμῶν.

2239 5366 2590 5445 Perspicuum
2620 5373 2825 5445 a_utet_n_
2847 5362 2988 5432 apud
3038 5375 3123 5415 me
3148 5358 3322 5445 est'B.
3351 5355 3621 5445 Virginem
3655 5351 3773 5406 falso

2239 5429 2524 5489 dicendam
2621 5429 2898 5487 absolute'
2951 5445 3144 5500 agnam
3239 5429 3668 5485 lmmaeulatam,
3731 5434 3777 5497 ut

2238 5520 2353 5558 cant
2387 5503 2619 5572 appellat
2661 5489 3021 5570 .Iosephus,“§i
3078 5501 3128 5572 in
3179 5500 3354 5572 primo
3404 5501 3673 5548 momento
3709 5489 3778 5543 sui

2235 5589 2369 5653 esse.
2417 5566 2714 5693 sprduisset
2771 5566 3002 5638 macula,
3034 5566 3337 5638 cuiusmodi
3388 5577 3476 5622 est
3523 5571 3777 5633 poet-attint

2236 5659 2443 5693 ΟΙῚΙΝΠἈ
2474 5657 2524 5693 C.

2236 5657 2524 5711 υνιδιῐιίιιῡ.
