  <div class='ocr_page' id='page_1' title='image "/cluster/home/n/w/nwhite01/storage/ocr_20150623/105/pst.000005714155/730.png"; bbox 0 0 3948 6304; ppageno 0'>
   <div class='ocr_carea' id='block_1_1' title="bbox 203 299 351 365">
    <p class='ocr_par' dir='ltr' id='par_1_1' title="bbox 203 299 351 365">
     <span class='ocr_line' id='line_1_1' title="bbox 203 299 351 365; baseline 0.007 -1"><span class='ocrx_word' id='word_1_1' title='bbox 203 299 351 365; x_wconf 74' lang='lat'><strong>1297</strong></span> 
     </span>
    </p>
   </div>
   <div class='ocr_carea' id='block_1_2' title="bbox 1556 303 1916 362">
    <p class='ocr_par' dir='ltr' id='par_1_2' title="bbox 1556 303 1916 362">
     <span class='ocr_line' id='line_1_2' title="bbox 1556 303 1916 362; baseline -0.006 0"><span class='ocrx_word' id='word_1_2' title='bbox 1556 303 1916 362; x_wconf 75' lang='lat' dir='ltr'><strong>MARIALE.</strong></span> 
     </span>
    </p>
   </div>
   <div class='ocr_carea' id='block_1_3' title="bbox 3268 299 3399 364">
    <p class='ocr_par' dir='ltr' id='par_1_3' title="bbox 3268 299 3399 364">
     <span class='ocr_line' id='line_1_3' title="bbox 3268 299 3399 364; baseline 0.023 -3"><span class='ocrx_word' id='word_1_3' title='bbox 3268 299 3399 364; x_wconf 72' lang='lat'><strong>1293</strong></span> 
     </span>
    </p>
   </div>
   <div class='ocr_carea' id='block_1_4' title="bbox 287 408 1747 494">
    <p class='ocr_par' dir='ltr' id='par_1_4' title="bbox 287 414 1746 484">
     <span class='ocr_line' id='line_1_4' title="bbox 287 414 1746 484; baseline 0 -18"><span class='ocrx_word' id='word_1_4' title='bbox 287 415 441 481; x_wconf 76' lang='grc' dir='ltr'>’Λγία</span> <span class='ocrx_word' id='word_1_5' title='bbox 496 414 747 482; x_wconf 83' lang='grc' dir='ltr'>Θεοτόκε,</span> <span class='ocrx_word' id='word_1_6' title='bbox 783 416 1007 482; x_wconf 81' lang='grc' dir='ltr'>ἁγίασον</span> <span class='ocrx_word' id='word_1_7' title='bbox 1048 416 1204 484; x_wconf 85' lang='grc' dir='ltr'><strong>ήμῶν</strong></span> <span class='ocrx_word' id='word_1_8' title='bbox 1253 417 1377 478; x_wconf 79' lang='grc' dir='ltr'>τοὺς</span> <span class='ocrx_word' id='word_1_9' title='bbox 1435 414 1746 483; x_wconf 85' lang='grc' dir='ltr'>λογισμοὺς,</span> 
     </span>
    </p>
   </div>
   <div class='ocr_carea' id='block_1_5' title="bbox 1857 408 3402 494">
    <p class='ocr_par' dir='ltr' id='par_1_5' title="bbox 1922 408 3402 480">
     <span class='ocr_line' id='line_1_5' title="bbox 1922 408 3402 480; baseline -0.001 -14"><span class='ocrx_word' id='word_1_10' title='bbox 1922 413 1965 466; x_wconf 99' lang='lat'><strong>0</strong></span> <span class='ocrx_word' id='word_1_11' title='bbox 1993 412 2187 466; x_wconf 88' lang='lat' dir='ltr'><strong>Sancta</strong></span> <span class='ocrx_word' id='word_1_12' title='bbox 2212 409 2456 480; x_wconf 62' lang='lat' dir='ltr'><strong>tieipara,</strong></span> <span class='ocrx_word' id='word_1_13' title='bbox 2480 408 2726 464; x_wconf 83' lang='lat' dir='ltr'><strong>santitica</strong></span> <span class='ocrx_word' id='word_1_14' title='bbox 2758 408 3111 479; x_wconf 75' lang='lat' dir='ltr'><strong>cogitationes</strong></span> <span class='ocrx_word' id='word_1_15' title='bbox 3167 419 3402 476; x_wconf 90' lang='lat' dir='ltr'><strong>nostras,</strong></span> 
     </span>
    </p>
   </div>
   <div class='ocr_carea' id='block_1_6' title="bbox 199 504 1751 575">
    <p class='ocr_par' dir='ltr' id='par_1_6' title="bbox 199 504 1751 575">
     <span class='ocr_line' id='line_1_6' title="bbox 199 504 1751 575; baseline 0.002 -22"><span class='ocrx_word' id='word_1_16' title='bbox 199 505 303 554; x_wconf 79' lang='grc' dir='ltr'>καὶ</span> <span class='ocrx_word' id='word_1_17' title='bbox 327 504 387 555; x_wconf 85' lang='grc' dir='ltr'><strong>τδ</strong></span> <span class='ocrx_word' id='word_1_18' title='bbox 425 504 677 573; x_wconf 85' lang='grc' dir='ltr'>φρόνημα</span> <span class='ocrx_word' id='word_1_19' title='bbox 707 505 975 575; x_wconf 82' lang='grc' dir='ltr'>στήριξον,</span> <span class='ocrx_word' id='word_1_20' title='bbox 1009 509 1103 558; x_wconf 71' lang='grc' dir='ltr'>καὶ</span> <span class='ocrx_word' id='word_1_21' title='bbox 1151 506 1321 560; x_wconf 85' lang='grc' dir='ltr'>σῶσον</span> <span class='ocrx_word' id='word_1_22' title='bbox 1351 508 1413 559; x_wconf 84' lang='grc' dir='ltr'>ὲκ</span> <span class='ocrx_word' id='word_1_23' title='bbox 1441 507 1549 558; x_wconf 82' lang='grc' dir='ltr'><strong>τῶν</strong></span> <span class='ocrx_word' id='word_1_24' title='bbox 1583 505 1751 574; x_wconf 82' lang='grc' dir='ltr'>βελῶν</span> 
     </span>
    </p>
   </div>
   <div class='ocr_carea' id='block_1_7' title="bbox 195 593 1751 665">
    <p class='ocr_par' dir='ltr' id='par_1_7' title="bbox 195 593 1751 665">
     <span class='ocr_line' id='line_1_7' title="bbox 195 593 1751 665; baseline 0.003 -22"><span class='ocrx_word' id='word_1_25' title='bbox 195 593 300 644; x_wconf 80' lang='grc' dir='ltr'>τοῦ</span> <span class='ocrx_word' id='word_1_26' title='bbox 319 593 552 664; x_wconf 83' lang='grc' dir='ltr'>πονηροῦ</span> <span class='ocrx_word' id='word_1_27' title='bbox 566 595 837 662; x_wconf 80' lang='grc' dir='ltr'><strong>ἀτρώτους</strong></span> <span class='ocrx_word' id='word_1_28' title='bbox 861 596 1007 665; x_wconf 80' lang='grc' dir='ltr'>ἡμᾶς</span> <span class='ocrx_word' id='word_1_29' title='bbox 1029 596 1344 662; x_wconf 72' lang='grc' dir='ltr'>δοξάζοντας</span> <span class='ocrx_word' id='word_1_30' title='bbox 1369 613 1460 648; x_wconf 89' lang='grc' dir='ltr'><strong>σου</strong></span> <span class='ocrx_word' id='word_1_31' title='bbox 1495 597 1553 649; x_wconf 80' lang='grc' dir='ltr'>τὸ</span> <span class='ocrx_word' id='word_1_32' title='bbox 1583 596 1751 659; x_wconf 78' lang='grc' dir='ltr'>ἕλεος,</span> 
     </span>
    </p>
   </div>
   <div class='ocr_carea' id='block_1_8' title="bbox 194 685 369 752">
    <p class='ocr_par' dir='ltr' id='par_1_8' title="bbox 194 685 369 752">
     <span class='ocr_line' id='line_1_8' title="bbox 194 685 369 752; baseline -0.006 -16"><span class='ocrx_word' id='word_1_33' title='bbox 194 685 369 752; x_wconf 77' lang='grc' dir='ltr'>ἀγνή.</span> 
     </span>
    </p>
   </div>
   <div class='ocr_carea' id='block_1_9' title="bbox 279 775 1752 845">
    <p class='ocr_par' dir='ltr' id='par_1_9' title="bbox 279 775 1752 845">
     <span class='ocr_line' id='line_1_9' title="bbox 279 775 1752 845; baseline -0.001 -19"><span class='ocrx_word' id='word_1_34' title='bbox 279 775 430 827; x_wconf 79' lang='grc' dir='ltr'>Μετὰ</span> <span class='ocrx_word' id='word_1_35' title='bbox 489 775 800 844; x_wconf 83' lang='grc' dir='ltr'>μαρτύρων,</span> <span class='ocrx_word' id='word_1_36' title='bbox 855 775 1108 845; x_wconf 80' lang='grc' dir='ltr'>ἄχραντε,</span> <span class='ocrx_word' id='word_1_37' title='bbox 1150 777 1244 828; x_wconf 71' lang='grc' dir='ltr'>καὶ</span> <span class='ocrx_word' id='word_1_38' title='bbox 1280 777 1440 829; x_wconf 82' lang='grc' dir='ltr'>ὁσίων</span> <span class='ocrx_word' id='word_1_39' title='bbox 1476 776 1752 844; x_wconf 82' lang='grc' dir='ltr'>Πατέρων,</span> 
     </span>
    </p>
   </div>
   <div class='ocr_carea' id='block_1_10' title="bbox 193 862 1752 933">
    <p class='ocr_par' dir='ltr' id='par_1_10' title="bbox 193 862 1752 933">
     <span class='ocr_line' id='line_1_10' title="bbox 193 862 1752 933; baseline 0.002 -21"><span class='ocrx_word' id='word_1_40' title='bbox 193 862 300 914; x_wconf 73' lang='grc' dir='ltr'>καὶ</span> <span class='ocrx_word' id='word_1_41' title='bbox 328 865 637 932; x_wconf 75' lang='grc' dir='ltr'><strong>προφητῶν,</strong></span> <span class='ocrx_word' id='word_1_42' title='bbox 669 865 856 918; x_wconf 82' lang='grc' dir='ltr'>πασῶν</span> <span class='ocrx_word' id='word_1_43' title='bbox 880 882 952 929; x_wconf 86' lang='grc' dir='ltr'><strong>,τε</strong></span> <span class='ocrx_word' id='word_1_44' title='bbox 979 866 1073 918; x_wconf 82' lang='grc' dir='ltr'>καὶ</span> <span class='ocrx_word' id='word_1_45' title='bbox 1112 867 1220 920; x_wconf 85' lang='grc' dir='ltr'><strong>τῶν</strong></span> <span class='ocrx_word' id='word_1_46' title='bbox 1249 866 1411 919; x_wconf 86' lang='grc' dir='ltr'>ὁσίων</span> <span class='ocrx_word' id='word_1_47' title='bbox 1462 866 1752 933; x_wconf 84' lang='grc' dir='ltr'>γυναικῶν,</span> 
     </span>
    </p>
   </div>
   <div class='ocr_carea' id='block_1_11' title="bbox 192 951 1755 1022">
    <p class='ocr_par' dir='ltr' id='par_1_11' title="bbox 192 951 1755 1022">
     <span class='ocr_line' id='line_1_11' title="bbox 192 951 1755 1022; baseline 0.002 -21"><span class='ocrx_word' id='word_1_48' title='bbox 192 951 298 1004; x_wconf 74' lang='grc' dir='ltr'>τὸν</span> <span class='ocrx_word' id='word_1_49' title='bbox 354 954 411 1004; x_wconf 84' lang='grc' dir='ltr'>ὲν</span> <span class='ocrx_word' id='word_1_50' title='bbox 475 952 645 1018; x_wconf 78' lang='grc' dir='ltr'>ἁγίοις</span> <span class='ocrx_word' id='word_1_51' title='bbox 699 953 855 1022; x_wconf 88' lang='grc' dir='ltr'>μόνον</span> <span class='ocrx_word' id='word_1_52' title='bbox 913 955 1397 1022; x_wconf 78' lang='grc' dir='ltr'><strong>ἐπαναπαυόμενον</strong></span> <span class='ocrx_word' id='word_1_53' title='bbox 1456 954 1755 1006; x_wconf 84' lang='grc' dir='ltr'>ὲκδυσώπει</span> 
     </span>
    </p>
   </div>
   <div class='ocr_carea' id='block_1_12' title="bbox 194 1041 1757 1114">
    <p class='ocr_par' dir='ltr' id='par_1_12' title="bbox 194 1041 1757 1114">
     <span class='ocr_line' id='line_1_12' title="bbox 194 1041 1757 1114; baseline 0.001 -21"><span class='ocrx_word' id='word_1_54' title='bbox 194 1042 354 1109; x_wconf 80' lang='grc' dir='ltr'>ἡμᾶς</span> <span class='ocrx_word' id='word_1_55' title='bbox 393 1041 743 1110; x_wconf 82' lang='grc' dir='ltr'>καθαγιὰσαι,</span> <span class='ocrx_word' id='word_1_56' title='bbox 793 1043 950 1113; x_wconf 81' lang='grc' dir='ltr'>ἁγνὴ,</span> <span class='ocrx_word' id='word_1_57' title='bbox 975 1045 1157 1111; x_wconf 84' lang='grc' dir='ltr'><strong>ἁγίαις</strong></span> <span class='ocrx_word' id='word_1_58' title='bbox 1187 1045 1244 1097; x_wconf 81' lang='grc' dir='ltr'>ὲν</span> <span class='ocrx_word' id='word_1_59' title='bbox 1291 1045 1492 1114; x_wconf 83' lang='grc' dir='ltr'>φωναῖς</span> <span class='ocrx_word' id='word_1_60' title='bbox 1529 1044 1650 1106; x_wconf 72' lang='grc' dir='ltr'>τοὺς</span> <span class='ocrx_word' id='word_1_61' title='bbox 1674 1043 1757 1095; x_wconf 90' lang='grc' dir='ltr'>δο-</span> 
     </span>
    </p>
   </div>
   <div class='ocr_carea' id='block_1_13' title="bbox 183 1130 1748 1212">
    <p class='ocr_par' dir='ltr' id='par_1_13' title="bbox 183 1130 1748 1212">
     <span class='ocr_line' id='line_1_13' title="bbox 183 1130 1748 1212; baseline 0.029 -32"><span class='ocrx_word' id='word_1_62' title='bbox 183 1130 553 1198; x_wconf 43' lang='grc' dir='ltr'>,ξολογοῦντας</span> <span class='ocrx_word' id='word_1_63' title='bbox 592 1131 751 1186; x_wconf 78' lang='grc' dir='ltr'>αὐτὸν</span> <span class='ocrx_word' id='word_1_64' title='bbox 779 1134 858 1196; x_wconf 72' lang='grc' dir='ltr'>εἰς</span> <span class='ocrx_word' id='word_1_65' title='bbox 887 1135 1012 1197; x_wconf 77' lang='grc' dir='ltr'>τοὺς</span> <span class='ocrx_word' id='word_1_66' title='bbox 1035 1135 1257 1195; x_wconf 70' lang='grc' dir='ltr'><strong>αἶῶνας·</strong></span> <span class='ocrx_word' id='word_1_67' title='bbox 1745 1210 1748 1212; x_wconf 66' lang='lat'><strong><em>~</em></strong></span> 
     </span>
    </p>
   </div>
   <div class='ocr_carea' id='block_1_14' title="bbox 273 1220 1757 1295">
    <p class='ocr_par' dir='ltr' id='par_1_14' title="bbox 273 1220 1757 1295">
     <span class='ocr_line' id='line_1_14' title="bbox 273 1220 1757 1295; baseline 0.001 -21"><span class='ocrx_word' id='word_1_68' title='bbox 273 1220 578 1290; x_wconf 83' lang='grc' dir='ltr'>Θεοκνῆτορ</span> <span class='ocrx_word' id='word_1_69' title='bbox 605 1222 764 1292; x_wconf 81' lang='grc' dir='ltr'>ἁγνὴ,</span> <span class='ocrx_word' id='word_1_70' title='bbox 803 1223 938 1292; x_wconf 84' lang='grc' dir='ltr'><strong>μετὰ</strong></span> <span class='ocrx_word' id='word_1_71' title='bbox 970 1224 1184 1277; x_wconf 87' lang='grc' dir='ltr'>πάντων</span> <span class='ocrx_word' id='word_1_72' title='bbox 1212 1223 1522 1295; x_wconf 86' lang='grc' dir='ltr'>μαρτύρων,</span> <span class='ocrx_word' id='word_1_73' title='bbox 1546 1239 1757 1293; x_wconf 78' lang='grc' dir='ltr'>προφη-</span> 
     </span>
    </p>
   </div>
   <div class='ocr_carea' id='block_1_15' title="bbox 189 1309 1759 1382">
    <p class='ocr_par' dir='ltr' id='par_1_15' title="bbox 189 1309 1759 1382">
     <span class='ocr_line' id='line_1_15' title="bbox 189 1309 1759 1382; baseline 0.002 -23"><span class='ocrx_word' id='word_1_74' title='bbox 189 1309 330 1374; x_wconf 81' lang='grc' dir='ltr'>τῶν,</span> <span class='ocrx_word' id='word_1_75' title='bbox 363 1311 456 1362; x_wconf 72' lang='grc' dir='ltr'>καὶ</span> <span class='ocrx_word' id='word_1_76' title='bbox 488 1312 667 1376; x_wconf 84' lang='grc' dir='ltr'>ὁσίων,</span> <span class='ocrx_word' id='word_1_77' title='bbox 687 1312 778 1364; x_wconf 75' lang='grc' dir='ltr'>καὶ</span> <span class='ocrx_word' id='word_1_78' title='bbox 801 1314 969 1379; x_wconf 81' lang='grc' dir='ltr'>ἁγίων</span> <span class='ocrx_word' id='word_1_79' title='bbox 1000 1313 1270 1381; x_wconf 84' lang='grc' dir='ltr'>γυναικῶν</span> <span class='ocrx_word' id='word_1_80' title='bbox 1300 1313 1394 1367; x_wconf 71' lang='grc' dir='ltr'>καὶ</span> <span class='ocrx_word' id='word_1_81' title='bbox 1439 1310 1759 1382; x_wconf 85' lang='grc' dir='ltr'>ίερομαρτύ-</span> 
     </span>
    </p>
   </div>
   <div class='ocr_carea' id='block_1_16' title="bbox 195 1402 1634 1474">
    <p class='ocr_par' dir='ltr' id='par_1_16' title="bbox 195 1402 1634 1474">
     <span class='ocr_line' id='line_1_16' title="bbox 195 1402 1634 1474; baseline 0.002 -22"><span class='ocrx_word' id='word_1_82' title='bbox 195 1414 336 1467; x_wconf 87' lang='grc' dir='ltr'>ρων,</span> <span class='ocrx_word' id='word_1_83' title='bbox 368 1402 808 1472; x_wconf 85' lang='grc' dir='ltr'>κατοικτειρῆσαι</span> <span class='ocrx_word' id='word_1_84' title='bbox 845 1403 991 1471; x_wconf 80' lang='grc' dir='ltr'>ἡμᾶς</span> <span class='ocrx_word' id='word_1_85' title='bbox 1018 1404 1106 1456; x_wconf 75' lang='grc' dir='ltr'><strong>τὸν</strong></span> <span class='ocrx_word' id='word_1_86' title='bbox 1130 1403 1352 1474; x_wconf 78' lang='grc' dir='ltr'>Σωτῆρα</span> <span class='ocrx_word' id='word_1_87' title='bbox 1381 1404 1634 1456; x_wconf 82' lang='grc' dir='ltr'>δυσώπει.</span> 
     </span>
    </p>
   </div>
   <div class='ocr_carea' id='block_1_17' title="bbox 268 1559 1759 1651">
    <p class='ocr_par' dir='ltr' id='par_1_17' title="bbox 268 1559 1759 1651">
     <span class='ocr_line' id='line_1_17' title="bbox 268 1559 1759 1651; baseline 0.003 -23"><span class='ocrx_word' id='word_1_88' title='bbox 268 1559 838 1649; x_wconf 48' lang='grc' dir='ltr'>Φιλοικτίρμονανθεδν</span> <span class='ocrx_word' id='word_1_89' title='bbox 875 1583 908 1650; x_wconf 79' lang='grc' dir='ltr'>ἡ</span> <span class='ocrx_word' id='word_1_90' title='bbox 941 1582 1196 1651; x_wconf 80' lang='grc' dir='ltr'><strong>κυήσασα</strong></span> <span class='ocrx_word' id='word_1_91' title='bbox 1237 1581 1418 1649; x_wconf 74' lang='grc' dir='ltr'>σαρκὶ,</span> <span class='ocrx_word' id='word_1_92' title='bbox 1458 1581 1593 1649; x_wconf 88' lang='grc' dir='ltr'><strong>μετὰ</strong></span> <span class='ocrx_word' id='word_1_93' title='bbox 1625 1581 1759 1632; x_wconf 82' lang='grc' dir='ltr'>πάν-</span> 
     </span>
    </p>
   </div>
   <div class='ocr_carea' id='block_1_18' title="bbox 187 1666 1754 1739">
    <p class='ocr_par' dir='ltr' id='par_1_18' title="bbox 187 1666 1754 1739">
     <span class='ocr_line' id='line_1_18' title="bbox 187 1666 1754 1739; baseline 0.003 -24"><span class='ocrx_word' id='word_1_94' title='bbox 187 1680 310 1716; x_wconf 81' lang='grc' dir='ltr'><strong>των</strong></span> <span class='ocrx_word' id='word_1_95' title='bbox 358 1666 528 1732; x_wconf 86' lang='grc' dir='ltr'>ἁγίων</span> <span class='ocrx_word' id='word_1_96' title='bbox 570 1666 888 1722; x_wconf 69' lang='grc' dir='ltr'>καθικέτευε</span> <span class='ocrx_word' id='word_1_97' title='bbox 939 1670 1027 1722; x_wconf 80' lang='grc' dir='ltr'><strong>ἀεὶ</strong></span> <span class='ocrx_word' id='word_1_98' title='bbox 1077 1669 1334 1722; x_wconf 81' lang='grc' dir='ltr'>κινδύνων</span> <span class='ocrx_word' id='word_1_99' title='bbox 1364 1671 1508 1739; x_wconf 77' lang='grc' dir='ltr'>ἡμᾶς</span> <span class='ocrx_word' id='word_1_100' title='bbox 1564 1670 1754 1735; x_wconf 85' lang='grc' dir='ltr'>σῶσαι,</span> 
     </span>
    </p>
   </div>
   <div class='ocr_carea' id='block_1_19' title="bbox 187 1753 804 1827">
    <p class='ocr_par' dir='ltr' id='par_1_19' title="bbox 187 1753 804 1827">
     <span class='ocr_line' id='line_1_19' title="bbox 187 1753 804 1827; baseline 0.011 -23"><span class='ocrx_word' id='word_1_101' title='bbox 187 1753 626 1825; x_wconf 80' lang='grc' dir='ltr'>Μητροπάροενε</span> <span class='ocrx_word' id='word_1_102' title='bbox 643 1757 804 1827; x_wconf 84' lang='grc' dir='ltr'>ἁγνή.</span> 
     </span>
    </p>
   </div>
   <div class='ocr_carea' id='block_1_20' title="bbox 852 1955 1152 2011">
    <p class='ocr_par' dir='ltr' id='par_1_20' title="bbox 852 1955 1152 2011">
     <span class='ocr_line' id='line_1_20' title="bbox 852 1955 1152 2011; baseline 0.013 -4"><span class='ocrx_word' id='word_1_103' title='bbox 852 1955 1033 2008; x_wconf 84' lang='grc' dir='ltr'><strong>ΗΧΟΣ</strong></span> <span class='ocrx_word' id='word_1_104' title='bbox 1078 1955 1152 2011; x_wconf 68' lang='grc' dir='ltr'><strong>Γο.</strong></span> 
     </span>
    </p>
   </div>
   <div class='ocr_carea' id='block_1_21' title="bbox 209 2060 1754 2133">
    <p class='ocr_par' dir='ltr' id='par_1_21' title="bbox 209 2060 1754 2133">
     <span class='ocr_line' id='line_1_21' title="bbox 209 2060 1754 2133; baseline 0.005 -22"><span class='ocrx_word' id='word_1_105' title='bbox 209 2060 310 2112; x_wconf 78' lang='grc' dir='ltr'>Ἐκ</span> <span class='ocrx_word' id='word_1_106' title='bbox 330 2061 433 2116; x_wconf 86' lang='grc' dir='ltr'>τοῦ</span> <span class='ocrx_word' id='word_1_107' title='bbox 453 2063 706 2130; x_wconf 77' lang='grc' dir='ltr'><strong>κανόνος</strong></span> <span class='ocrx_word' id='word_1_108' title='bbox 749 2063 859 2132; x_wconf 80' lang='grc' dir='ltr'>τῆς</span> <span class='ocrx_word' id='word_1_109' title='bbox 895 2063 1173 2131; x_wconf 79' lang='grc' dir='ltr'><strong>δευτέρας</strong></span> <span class='ocrx_word' id='word_1_110' title='bbox 1222 2065 1309 2129; x_wconf 80' lang='grc' dir='ltr'>εὶς</span> <span class='ocrx_word' id='word_1_111' title='bbox 1341 2065 1445 2117; x_wconf 82' lang='grc' dir='ltr'><strong>τὸν</strong></span> <span class='ocrx_word' id='word_1_112' title='bbox 1485 2065 1754 2133; x_wconf 81' lang='grc' dir='ltr'>Ὀρθρον.</span> 
     </span>
    </p>
   </div>
   <div class='ocr_carea' id='block_1_22' title="bbox 275 2168 1754 2239">
    <p class='ocr_par' dir='ltr' id='par_1_22' title="bbox 275 2168 1754 2239">
     <span class='ocr_line' id='line_1_22' title="bbox 275 2168 1754 2239; baseline 0.001 -20"><span class='ocrx_word' id='word_1_113' title='bbox 275 2168 518 2235; x_wconf 84' lang='grc' dir='ltr'>Παναγία</span> <span class='ocrx_word' id='word_1_114' title='bbox 538 2169 792 2238; x_wconf 82' lang='grc' dir='ltr'>ἁχραντε,</span> <span class='ocrx_word' id='word_1_115' title='bbox 822 2171 1169 2239; x_wconf 78' lang='grc' dir='ltr'>ἁμαρτωλῶν·</span> <span class='ocrx_word' id='word_1_116' title='bbox 1186 2169 1425 2238; x_wconf 82' lang='grc' dir='ltr'>βοήθεια,</span> <span class='ocrx_word' id='word_1_117' title='bbox 1448 2170 1754 2223; x_wconf 84' lang='grc' dir='ltr'>πιπτόντων</span> 
     </span>
    </p>
   </div>
   <div class='ocr_carea' id='block_1_23' title="bbox 195 2258 1755 2329">
    <p class='ocr_par' dir='ltr' id='par_1_23' title="bbox 195 2258 1755 2329">
     <span class='ocr_line' id='line_1_23' title="bbox 195 2258 1755 2329; baseline 0.002 -20"><span class='ocrx_word' id='word_1_118' title='bbox 195 2258 591 2326; x_wconf 69' lang='grc' dir='ltr'>ἑπανόρθωσις,</span> <span class='ocrx_word' id='word_1_119' title='bbox 616 2259 900 2329; x_wconf 81' lang='grc' dir='ltr'>μετάνοιαν</span> <span class='ocrx_word' id='word_1_120' title='bbox 919 2259 1057 2312; x_wconf 86' lang='grc' dir='ltr'>δίδου</span> <span class='ocrx_word' id='word_1_121' title='bbox 1093 2277 1182 2329; x_wconf 86' lang='grc' dir='ltr'><strong>μοι</strong></span> <span class='ocrx_word' id='word_1_122' title='bbox 1216 2260 1556 2322; x_wconf 81' lang='grc' dir='ltr'>κατανύξεως</span> <span class='ocrx_word' id='word_1_123' title='bbox 1584 2259 1755 2312; x_wconf 75' lang='grc' dir='ltr'>πολλὰ</span> 
     </span>
    </p>
   </div>
   <div class='ocr_carea' id='block_1_24' title="bbox 192 2347 583 2417">
    <p class='ocr_par' dir='ltr' id='par_1_24' title="bbox 192 2347 583 2417">
     <span class='ocr_line' id='line_1_24' title="bbox 192 2347 583 2417; baseline 0.015 -19"><span class='ocrx_word' id='word_1_124' title='bbox 192 2347 583 2417; x_wconf 75' lang='grc' dir='ltr'>ἡμαρτηκότα.</span> 
     </span>
    </p>
   </div>
   <div class='ocr_carea' id='block_1_25' title="bbox 269 2438 1754 2510">
    <p class='ocr_par' dir='ltr' id='par_1_25' title="bbox 269 2438 1754 2510">
     <span class='ocr_line' id='line_1_25' title="bbox 269 2438 1754 2510; baseline 0.001 -19"><span class='ocrx_word' id='word_1_125' title='bbox 269 2439 457 2508; x_wconf 85' lang='grc' dir='ltr'>Μαρία</span> <span class='ocrx_word' id='word_1_126' title='bbox 475 2438 782 2508; x_wconf 85' lang='grc' dir='ltr'>κυριὼνυμε</span> <span class='ocrx_word' id='word_1_127' title='bbox 819 2439 1030 2504; x_wconf 83' lang='grc' dir='ltr'>πολλοῖς</span> <span class='ocrx_word' id='word_1_128' title='bbox 1061 2440 1415 2510; x_wconf 81' lang='grc' dir='ltr'>κυριευθέντα</span> <span class='ocrx_word' id='word_1_129' title='bbox 1465 2458 1528 2510; x_wconf 90' lang='grc' dir='ltr'><strong>με</strong></span> <span class='ocrx_word' id='word_1_130' title='bbox 1559 2439 1754 2493; x_wconf 77' lang='grc' dir='ltr'>πάθεσι</span> 
     </span>
    </p>
   </div>
   <div class='ocr_carea' id='block_1_26' title="bbox 192 2526 1432 2601">
    <p class='ocr_par' dir='ltr' id='par_1_26' title="bbox 192 2526 1432 2601">
     <span class='ocr_line' id='line_1_26' title="bbox 192 2526 1432 2601; baseline 0.005 -24"><span class='ocrx_word' id='word_1_131' title='bbox 192 2526 558 2598; x_wconf 74' lang='grc' dir='ltr'>ψυχοφθόροις</span> <span class='ocrx_word' id='word_1_132' title='bbox 585 2529 946 2599; x_wconf 76' lang='grc' dir='ltr'>ἑλευθέρωσον</span> <span class='ocrx_word' id='word_1_133' title='bbox 981 2531 1292 2601; x_wconf 76' lang='grc' dir='ltr'>πρεσϐείαις</span> <span class='ocrx_word' id='word_1_134' title='bbox 1319 2547 1432 2583; x_wconf 83' lang='grc' dir='ltr'>σου.</span> 
     </span>
    </p>
   </div>
   <div class='ocr_carea' id='block_1_27' title="bbox 264 2794 1749 2869">
    <p class='ocr_par' dir='ltr' id='par_1_27' title="bbox 264 2794 1749 2869">
     <span class='ocr_line' id='line_1_27' title="bbox 264 2794 1749 2869; baseline 0.005 -23"><span class='ocrx_word' id='word_1_135' title='bbox 264 2794 417 2848; x_wconf 86' lang='grc' dir='ltr'>Δίδου</span> <span class='ocrx_word' id='word_1_136' title='bbox 437 2811 547 2865; x_wconf 88' lang='grc' dir='ltr'>μοι,</span> <span class='ocrx_word' id='word_1_137' title='bbox 575 2797 732 2868; x_wconf 80' lang='grc' dir='ltr'>ἁγνὴ.</span> <span class='ocrx_word' id='word_1_138' title='bbox 754 2798 926 2868; x_wconf 81' lang='grc' dir='ltr'><strong>ἀληθῆ</strong></span> <span class='ocrx_word' id='word_1_139' title='bbox 955 2800 1259 2869; x_wconf 85' lang='grc' dir='ltr'>μετάνοιαν,</span> <span class='ocrx_word' id='word_1_140' title='bbox 1288 2799 1491 2853; x_wconf 82' lang='grc' dir='ltr'>παῦσον</span> <span class='ocrx_word' id='word_1_141' title='bbox 1519 2801 1625 2854; x_wconf 85' lang='grc' dir='ltr'>τῶν</span> <span class='ocrx_word' id='word_1_142' title='bbox 1651 2819 1749 2854; x_wconf 68' lang='grc' dir='ltr'>παν</span> 
     </span>
    </p>
   </div>
   <div class='ocr_carea' id='block_1_28' title="bbox 191 2886 1628 2962">
    <p class='ocr_par' dir='ltr' id='par_1_28' title="bbox 191 2886 1628 2962">
     <span class='ocr_line' id='line_1_28' title="bbox 191 2886 1628 2962; baseline 0.005 -24"><span class='ocrx_word' id='word_1_143' title='bbox 191 2886 309 2939; x_wconf 84' lang='grc' dir='ltr'>οῶν</span> <span class='ocrx_word' id='word_1_144' title='bbox 338 2904 439 2956; x_wconf 85' lang='grc' dir='ltr'><strong>μου</strong></span> <span class='ocrx_word' id='word_1_145' title='bbox 464 2887 554 2940; x_wconf 81' lang='grc' dir='ltr'>τὸν</span> <span class='ocrx_word' id='word_1_146' title='bbox 585 2888 763 2954; x_wconf 73' lang='grc' dir='ltr'>σάλον,</span> <span class='ocrx_word' id='word_1_147' title='bbox 789 2891 1207 2960; x_wconf 80' lang='grc' dir='ltr'>ἁμαρτανόντων</span> <span class='ocrx_word' id='word_1_148' title='bbox 1238 2893 1270 2962; x_wconf 82' lang='grc' dir='ltr'><strong>ή</strong></span> <span class='ocrx_word' id='word_1_149' title='bbox 1301 2892 1628 2961; x_wconf 87' lang='grc' dir='ltr'>προστασία.</span> 
     </span>
    </p>
   </div>
   <div class='ocr_carea' id='block_1_29' title="bbox 1857 500 3407 572">
    <p class='ocr_par' dir='ltr' id='par_1_29' title="bbox 1857 500 3407 572">
     <span class='ocr_line' id='line_1_29' title="bbox 1857 500 3407 572; baseline -0.001 -16"><span class='ocrx_word' id='word_1_150' title='bbox 1857 504 2132 572; x_wconf 78' lang='lat' dir='ltr'><strong>animique</strong></span> <span class='ocrx_word' id='word_1_151' title='bbox 2165 506 2394 569; x_wconf 74' lang='lat' dir='ltr'><strong>sensum</strong></span> <span class='ocrx_word' id='word_1_152' title='bbox 2436 500 2746 565; x_wconf 86' lang='lat' dir='ltr'><strong>corrobora,</strong></span> <span class='ocrx_word' id='word_1_153' title='bbox 2773 509 2826 556; x_wconf 90' lang='lat' dir='ltr'><strong>et</strong></span> <span class='ocrx_word' id='word_1_154' title='bbox 2870 515 2902 553; x_wconf 88' lang='lat' dir='ltr'><strong>a</strong></span> <span class='ocrx_word' id='word_1_155' title='bbox 2949 500 3167 567; x_wconf 79' lang='lat' dir='ltr'><strong>maligni</strong></span> <span class='ocrx_word' id='word_1_156' title='bbox 3215 501 3407 570; x_wconf 86' lang='lat' dir='ltr'><strong>jaculis</strong></span> 
     </span>
    </p>
   </div>
   <div class='ocr_carea' id='block_1_30' title="bbox 1855 592 3408 656">
    <p class='ocr_par' dir='ltr' id='par_1_30' title="bbox 1855 592 3408 656">
     <span class='ocr_line' id='line_1_30' title="bbox 1855 592 3408 656; baseline -0.003 -8"><span class='ocrx_word' id='word_1_157' title='bbox 1855 609 1954 648; x_wconf 90' lang='lat' dir='ltr'><strong>nos</strong></span> <span class='ocrx_word' id='word_1_158' title='bbox 2001 594 2120 648; x_wconf 90' lang='lat' dir='ltr'><strong>sine</strong></span> <span class='ocrx_word' id='word_1_159' title='bbox 2189 593 2407 647; x_wconf 84' lang='lat' dir='ltr'><strong>vulnere</strong></span> <span class='ocrx_word' id='word_1_160' title='bbox 2464 606 2760 656; x_wconf 90' lang='lat' dir='ltr'><strong>conserva,</strong></span> <span class='ocrx_word' id='word_1_161' title='bbox 2810 592 2936 646; x_wconf 91' lang='lat' dir='ltr'><strong>dum</strong></span> <span class='ocrx_word' id='word_1_162' title='bbox 2997 601 3144 645; x_wconf 89' lang='lat' dir='ltr'><strong>tuam</strong></span> <span class='ocrx_word' id='word_1_163' title='bbox 3199 592 3408 646; x_wconf 86' lang='lat' dir='ltr'><strong>miscri-</strong></span> 
     </span>
    </p>
   </div>
   <div class='ocr_carea' id='block_1_31' title="bbox 1857 681 2988 751">
    <p class='ocr_par' dir='ltr' id='par_1_31' title="bbox 1857 681 2988 751">
     <span class='ocr_line' id='line_1_31' title="bbox 1857 681 2988 751; baseline -0.002 -14"><span class='ocrx_word' id='word_1_164' title='bbox 1857 685 2118 749; x_wconf 85' lang='lat' dir='ltr'><strong>cordiam,</strong></span> <span class='ocrx_word' id='word_1_165' title='bbox 2147 698 2179 737; x_wconf 88' lang='grc' dir='ltr'><strong>ο</strong></span> <span class='ocrx_word' id='word_1_166' title='bbox 2213 682 2375 751; x_wconf 81' lang='lat' dir='ltr'><strong>Virgo</strong></span> <span class='ocrx_word' id='word_1_167' title='bbox 2402 691 2570 746; x_wconf 89' lang='lat' dir='ltr'><strong>casta,</strong></span> <span class='ocrx_word' id='word_1_168' title='bbox 2605 681 2988 750; x_wconf 76' lang='lat' dir='ltr'><strong>gloriﬁcamus.</strong></span> 
     </span>
    </p>
   </div>
   <div class='ocr_carea' id='block_1_32' title="bbox 1927 772 3404 842">
    <p class='ocr_par' dir='ltr' id='par_1_32' title="bbox 1927 772 3404 842">
     <span class='ocr_line' id='line_1_32' title="bbox 1927 772 3404 842; baseline -0.002 -14"><span class='ocrx_word' id='word_1_169' title='bbox 1927 772 2045 828; x_wconf 86' lang='lat' dir='ltr'><strong>Una</strong></span> <span class='ocrx_word' id='word_1_170' title='bbox 2081 789 2202 828; x_wconf 86' lang='lat' dir='ltr'><strong>eum</strong></span> <span class='ocrx_word' id='word_1_171' title='bbox 2251 774 2600 842; x_wconf 78' lang='lat' dir='ltr'><strong>martyribus,</strong></span> <span class='ocrx_word' id='word_1_172' title='bbox 2659 773 2970 840; x_wconf 91' lang='lat' dir='ltr'><strong>sanctisque</strong></span> <span class='ocrx_word' id='word_1_173' title='bbox 3017 772 3271 826; x_wconf 86' lang='lat' dir='ltr'><strong>Patribus</strong></span> <span class='ocrx_word' id='word_1_174' title='bbox 3340 787 3404 825; x_wconf 90' lang='lat' dir='ltr'><strong>ac</strong></span> 
     </span>
    </p>
   </div>
   <div class='ocr_carea' id='block_1_33' title="bbox 1856 861 3408 934">
    <p class='ocr_par' dir='ltr' id='par_1_33' title="bbox 1856 861 3408 934">
     <span class='ocr_line' id='line_1_33' title="bbox 1856 861 3408 934; baseline 0.001 -21"><span class='ocrx_word' id='word_1_175' title='bbox 1856 864 2152 934; x_wconf 83' lang='lat' dir='ltr'><strong>prophetis,</strong></span> <span class='ocrx_word' id='word_1_176' title='bbox 2180 864 2544 931; x_wconf 85' lang='lat' dir='ltr'><strong>omnibusque</strong></span> <span class='ocrx_word' id='word_1_177' title='bbox 2575 865 2779 919; x_wconf 78' lang='lat' dir='ltr'><strong>sanctis</strong></span> <span class='ocrx_word' id='word_1_178' title='bbox 2805 862 3122 916; x_wconf 85' lang='lat' dir='ltr'><strong>mulieribus</strong></span> <span class='ocrx_word' id='word_1_179' title='bbox 3149 861 3408 931; x_wconf 79' lang='lat' dir='ltr'><strong>supplici-</strong></span> 
     </span>
    </p>
   </div>
   <div class='ocr_carea' id='block_1_34' title="bbox 1856 951 3409 1021">
    <p class='ocr_par' dir='ltr' id='par_1_34' title="bbox 1856 951 3409 1021">
     <span class='ocr_line' id='line_1_34' title="bbox 1856 951 3409 1021; baseline -0.001 -15"><span class='ocrx_word' id='word_1_180' title='bbox 1856 963 1956 1015; x_wconf 91' lang='lat' dir='ltr'><strong>ter,</strong></span> <span class='ocrx_word' id='word_1_181' title='bbox 1993 968 2025 1007; x_wconf 83' lang='grc' dir='ltr'><strong>ο</strong></span> <span class='ocrx_word' id='word_1_182' title='bbox 2058 951 2241 1021; x_wconf 78' lang='lat' dir='ltr'><strong>Virgo,</strong></span> <span class='ocrx_word' id='word_1_183' title='bbox 2265 966 2361 1005; x_wconf 92' lang='lat' dir='ltr'><strong>ora</strong></span> <span class='ocrx_word' id='word_1_184' title='bbox 2386 951 2649 1020; x_wconf 70' lang='lat' dir='ltr'><strong>illum&#39;qui</strong></span> <span class='ocrx_word' id='word_1_185' title='bbox 2674 951 2820 1006; x_wconf 85' lang='lat' dir='ltr'><strong>solus</strong></span> <span class='ocrx_word' id='word_1_186' title='bbox 2841 951 2895 1006; x_wconf 90' lang='lat' dir='ltr'><strong>in</strong></span> <span class='ocrx_word' id='word_1_187' title='bbox 2924 953 3126 1016; x_wconf 84' lang='lat' dir='ltr'><strong>sanctis</strong></span> <span class='ocrx_word' id='word_1_188' title='bbox 3193 953 3409 1020; x_wconf 85' lang='lat' dir='ltr'><strong>requie-</strong></span> 
     </span>
    </p>
   </div>
   <div class='ocr_carea' id='block_1_35' title="bbox 1857 1041 3406 1110">
    <p class='ocr_par' dir='ltr' id='par_1_35' title="bbox 1857 1041 3406 1110">
     <span class='ocr_line' id='line_1_35' title="bbox 1857 1041 3406 1110; baseline -0.003 -12"><span class='ocrx_word' id='word_1_189' title='bbox 1857 1044 1979 1105; x_wconf 83' lang='lat' dir='ltr'><strong>scit,</strong></span> <span class='ocrx_word' id='word_1_190' title='bbox 2015 1053 2072 1097; x_wconf 92' lang='lat' dir='ltr'><strong>ut</strong></span> <span class='ocrx_word' id='word_1_191' title='bbox 2102 1042 2402 1098; x_wconf 88' lang='lat' dir='ltr'><strong>sanctiticet</strong></span> <span class='ocrx_word' id='word_1_192' title='bbox 2439 1055 2560 1107; x_wconf 90' lang='lat' dir='ltr'><strong>nos,</strong></span> <span class='ocrx_word' id='word_1_193' title='bbox 2614 1041 2706 1110; x_wconf 90' lang='lat' dir='ltr'><strong>qui</strong></span> <span class='ocrx_word' id='word_1_194' title='bbox 2731 1043 2930 1096; x_wconf 84' lang='lat' dir='ltr'><strong>sanctis</strong></span> <span class='ocrx_word' id='word_1_195' title='bbox 2977 1042 3201 1096; x_wconf 82' lang='lat' dir='ltr'><strong>vocibus</strong></span> <span class='ocrx_word' id='word_1_196' title='bbox 3257 1042 3406 1095; x_wconf 89' lang='lat' dir='ltr'><strong>illum</strong></span> 
     </span>
    </p>
   </div>
   <div class='ocr_carea' id='block_1_36' title="bbox 1857 1133 2542 1204">
    <p class='ocr_par' dir='ltr' id='par_1_36' title="bbox 1857 1133 2542 1204">
     <span class='ocr_line' id='line_1_36' title="bbox 1857 1133 2542 1204; baseline -0.001 -17"><span class='ocrx_word' id='word_1_197' title='bbox 1857 1134 2218 1204; x_wconf 78' lang='lat' dir='ltr'><strong>gloriﬁcamus</strong></span> <span class='ocrx_word' id='word_1_198' title='bbox 2242 1133 2294 1186; x_wconf 91' lang='lat' dir='ltr'><strong>in</strong></span> <span class='ocrx_word' id='word_1_199' title='bbox 2323 1135 2542 1186; x_wconf 73' lang='lat' dir='ltr'><strong>szeeula.</strong></span> 
     </span>
    </p>
   </div>
   <div class='ocr_carea' id='block_1_37' title="bbox 1929 1221 3410 1291">
    <p class='ocr_par' dir='ltr' id='par_1_37' title="bbox 1929 1221 3410 1291">
     <span class='ocr_line' id='line_1_37' title="bbox 1929 1221 3410 1291; baseline -0.001 -13"><span class='ocrx_word' id='word_1_200' title='bbox 1929 1223 2022 1278; x_wconf 92' lang='lat' dir='ltr'><strong>Dei</strong></span> <span class='ocrx_word' id='word_1_201' title='bbox 2063 1222 2306 1278; x_wconf 80' lang='lat' dir='ltr'><strong>Genitrix</strong></span> <span class='ocrx_word' id='word_1_202' title='bbox 2338 1237 2470 1291; x_wconf 88' lang='lat' dir='ltr'><strong>pura</strong></span> <span class='ocrx_word' id='word_1_203' title='bbox 2515 1231 2567 1277; x_wconf 89' lang='lat' dir='ltr'><strong>et</strong></span> <span class='ocrx_word' id='word_1_204' title='bbox 2609 1234 2790 1288; x_wconf 85' lang='lat' dir='ltr'><strong>easta;</strong></span> <span class='ocrx_word' id='word_1_205' title='bbox 2823 1236 2948 1278; x_wconf 90' lang='lat' dir='ltr'><strong>cum</strong></span> <span class='ocrx_word' id='word_1_206' title='bbox 2993 1221 3245 1277; x_wconf 91' lang='lat' dir='ltr'><strong>omnibus</strong></span> <span class='ocrx_word' id='word_1_207' title='bbox 3283 1235 3410 1290; x_wconf 88' lang='lat' dir='ltr'><strong>pro-</strong></span> 
     </span>
    </p>
   </div>
   <div class='ocr_carea' id='block_1_38' title="bbox 1857 1311 3409 1384">
    <p class='ocr_par' dir='ltr' id='par_1_38' title="bbox 1857 1311 3409 1384">
     <span class='ocr_line' id='line_1_38' title="bbox 1857 1311 3409 1384; baseline 0.001 -18"><span class='ocrx_word' id='word_1_208' title='bbox 1857 1314 2054 1384; x_wconf 85' lang='lat' dir='ltr'><strong>phetis,</strong></span> <span class='ocrx_word' id='word_1_209' title='bbox 2110 1313 2457 1381; x_wconf 85' lang='lat' dir='ltr'><strong>martyribus,</strong></span> <span class='ocrx_word' id='word_1_210' title='bbox 2513 1321 2565 1366; x_wconf 90' lang='lat' dir='ltr'><strong>et</strong></span> <span class='ocrx_word' id='word_1_211' title='bbox 2620 1311 3047 1378; x_wconf 78' lang='lat' dir='ltr'><strong>conlessoribus,</strong></span> <span class='ocrx_word' id='word_1_212' title='bbox 3101 1315 3409 1383; x_wconf 84' lang='lat' dir='ltr'><strong>sanctisque</strong></span> 
     </span>
    </p>
   </div>
   <div class='ocr_carea' id='block_1_39' title="bbox 1858 1401 3404 1472">
    <p class='ocr_par' dir='ltr' id='par_1_39' title="bbox 1858 1401 3404 1472">
     <span class='ocr_line' id='line_1_39' title="bbox 1858 1401 3404 1472; baseline 0.001 -16"><span class='ocrx_word' id='word_1_213' title='bbox 1858 1401 2178 1456; x_wconf 85' lang='lat' dir='ltr'><strong>mulieribus</strong></span> <span class='ocrx_word' id='word_1_214' title='bbox 2232 1417 2295 1456; x_wconf 85' lang='lat' dir='ltr'><strong>ac</strong></span> <span class='ocrx_word' id='word_1_215' title='bbox 2337 1401 2841 1472; x_wconf 86' lang='lat' dir='ltr'><strong>hieromartyribus,</strong></span> <span class='ocrx_word' id='word_1_216' title='bbox 2890 1416 3114 1472; x_wconf 85' lang='lat' dir='ltr'><strong>precare</strong></span> <span class='ocrx_word' id='word_1_217' title='bbox 3159 1404 3404 1467; x_wconf 82' lang='lat' dir='ltr'><strong>Salvato-</strong></span> 
     </span>
    </p>
   </div>
   <div class='ocr_carea' id='block_1_40' title="bbox 1859 1493 2660 1558">
    <p class='ocr_par' dir='ltr' id='par_1_40' title="bbox 1859 1493 2660 1558">
     <span class='ocr_line' id='line_1_40' title="bbox 1859 1493 2660 1558; baseline 0 -12"><span class='ocrx_word' id='word_1_218' title='bbox 1859 1507 1992 1558; x_wconf 90' lang='lat' dir='ltr'><strong>rem,</strong></span> <span class='ocrx_word' id='word_1_219' title='bbox 2030 1503 2086 1546; x_wconf 90' lang='lat' dir='ltr'><strong>ut</strong></span> <span class='ocrx_word' id='word_1_220' title='bbox 2113 1493 2439 1546; x_wconf 81' lang='lat' dir='ltr'><strong>misereatur</strong></span> <span class='ocrx_word' id='word_1_221' title='bbox 2468 1493 2660 1548; x_wconf 90' lang='lat' dir='ltr'><strong>nostri.</strong></span> 
     </span>
    </p>
   </div>
   <div class='ocr_carea' id='block_1_41' title="bbox 1927 1580 3402 1652">
    <p class='ocr_par' dir='ltr' id='par_1_41' title="bbox 1927 1580 3402 1652">
     <span class='ocr_line' id='line_1_41' title="bbox 1927 1580 3402 1652; baseline 0.001 -16"><span class='ocrx_word' id='word_1_222' title='bbox 1927 1580 1971 1636; x_wconf 85' lang='grc' dir='ltr'>Ο</span> <span class='ocrx_word' id='word_1_223' title='bbox 2001 1581 2188 1643; x_wconf 78' lang='lat' dir='ltr'><strong>Mater,</strong></span> <span class='ocrx_word' id='word_1_224' title='bbox 2221 1580 2384 1651; x_wconf 79' lang='lat' dir='ltr'><strong>Virgo</strong></span> <span class='ocrx_word' id='word_1_225' title='bbox 2417 1581 2728 1652; x_wconf 85' lang='lat' dir='ltr'><strong>purissima,</strong></span> <span class='ocrx_word' id='word_1_226' title='bbox 2760 1597 2880 1651; x_wconf 74' lang='lat' dir='ltr'><strong>qua:</strong></span> <span class='ocrx_word' id='word_1_227' title='bbox 2910 1593 3208 1639; x_wconf 89' lang='lat' dir='ltr'><strong>amatorem</strong></span> <span class='ocrx_word' id='word_1_228' title='bbox 3240 1586 3402 1640; x_wconf 91' lang='lat' dir='ltr'><strong>mise-</strong></span> 
     </span>
    </p>
   </div>
   <div class='ocr_carea' id='block_1_42' title="bbox 1858 1673 3404 1745">
    <p class='ocr_par' dir='ltr' id='par_1_42' title="bbox 1858 1673 3404 1745">
     <span class='ocr_line' id='line_1_42' title="bbox 1858 1673 3404 1745; baseline 0.003 -20"><span class='ocrx_word' id='word_1_229' title='bbox 1858 1673 2104 1728; x_wconf 73' lang='lat' dir='ltr'><strong>ricordia:</strong></span> <span class='ocrx_word' id='word_1_230' title='bbox 2133 1674 2298 1727; x_wconf 92' lang='lat' dir='ltr'><strong>Deum</strong></span> <span class='ocrx_word' id='word_1_231' title='bbox 2335 1674 2389 1727; x_wconf 92' lang='lat' dir='ltr'><strong>in</strong></span> <span class='ocrx_word' id='word_1_232' title='bbox 2434 1688 2597 1728; x_wconf 91' lang='lat' dir='ltr'><strong>carne</strong></span> <span class='ocrx_word' id='word_1_233' title='bbox 2646 1675 2899 1742; x_wconf 82' lang='lat' dir='ltr'><strong>peperisti</strong></span> <span class='ocrx_word' id='word_1_234' title='bbox 2936 1693 2950 1728; x_wconf 89' lang='lat'><strong>:</strong></span> <span class='ocrx_word' id='word_1_235' title='bbox 2992 1690 3206 1745; x_wconf 87' lang='lat' dir='ltr'><strong>semper</strong></span> <span class='ocrx_word' id='word_1_236' title='bbox 3256 1677 3404 1731; x_wconf 91' lang='lat' dir='ltr'><strong>illum</strong></span> 
     </span>
    </p>
   </div>
   <div class='ocr_carea' id='block_1_43' title="bbox 1857 1763 3406 1834">
    <p class='ocr_par' dir='ltr' id='par_1_43' title="bbox 1857 1763 3406 1834">
     <span class='ocr_line' id='line_1_43' title="bbox 1857 1763 3406 1834; baseline 0.003 -18"><span class='ocrx_word' id='word_1_237' title='bbox 1857 1763 2165 1831; x_wconf 90' lang='lat' dir='ltr'><strong>deprecare,</strong></span> <span class='ocrx_word' id='word_1_238' title='bbox 2188 1779 2294 1817; x_wconf 91' lang='lat' dir='ltr'><strong>una</strong></span> <span class='ocrx_word' id='word_1_239' title='bbox 2320 1778 2445 1818; x_wconf 92' lang='lat' dir='ltr'><strong>cum</strong></span> <span class='ocrx_word' id='word_1_240' title='bbox 2484 1766 2741 1820; x_wconf 89' lang='lat' dir='ltr'><strong>omnibus</strong></span> <span class='ocrx_word' id='word_1_241' title='bbox 2769 1766 2994 1830; x_wconf 87' lang='lat' dir='ltr'><strong>sanctis,</strong></span> <span class='ocrx_word' id='word_1_242' title='bbox 3034 1775 3093 1820; x_wconf 90' lang='lat' dir='ltr'><strong>ut</strong></span> <span class='ocrx_word' id='word_1_243' title='bbox 3127 1780 3225 1821; x_wconf 91' lang='lat' dir='ltr'><strong>nos</strong></span> <span class='ocrx_word' id='word_1_244' title='bbox 3261 1779 3291 1820; x_wconf 86' lang='lat' dir='ltr'><strong>a</strong></span> <span class='ocrx_word' id='word_1_245' title='bbox 3313 1780 3406 1834; x_wconf 89' lang='lat' dir='ltr'><strong>pe-</strong></span> 
     </span>
    </p>
   </div>
   <div class='ocr_carea' id='block_1_44' title="bbox 1856 1852 2583 1908">
    <p class='ocr_par' dir='ltr' id='par_1_44' title="bbox 1856 1852 2583 1908">
     <span class='ocr_line' id='line_1_44' title="bbox 1856 1852 2583 1908; baseline 0.001 -3"><span class='ocrx_word' id='word_1_246' title='bbox 1856 1853 2043 1908; x_wconf 87' lang='lat' dir='ltr'><strong>riculis</strong></span> <span class='ocrx_word' id='word_1_247' title='bbox 2077 1852 2255 1907; x_wconf 86' lang='lat' dir='ltr'><strong>salvos</strong></span> <span class='ocrx_word' id='word_1_248' title='bbox 2293 1854 2583 1907; x_wconf 85' lang='lat' dir='ltr'><strong>custodiat.</strong></span> 
     </span>
    </p>
   </div>
   <div class='ocr_carea' id='block_1_45' title="bbox 2452 1961 2800 2018">
    <p class='ocr_par' dir='ltr' id='par_1_45' title="bbox 2452 1961 2800 2018">
     <span class='ocr_line' id='line_1_45' title="bbox 2452 1961 2800 2018; baseline 0.011 -4"><span class='ocrx_word' id='word_1_249' title='bbox 2452 1961 2683 2017; x_wconf 76' lang='lat' dir='ltr'><strong>TONUS</strong></span> <span class='ocrx_word' id='word_1_250' title='bbox 2713 1963 2800 2018; x_wconf 82' lang='lat' dir='ltr'><strong>lli.</strong></span> 
     </span>
    </p>
   </div>
   <div class='ocr_carea' id='block_1_46' title="bbox 2098 2069 3133 2138">
    <p class='ocr_par' dir='ltr' id='par_1_46' title="bbox 2098 2069 3133 2138">
     <span class='ocr_line' id='line_1_46' title="bbox 2098 2069 3133 2138; baseline 0.006 -17"><span class='ocrx_word' id='word_1_251' title='bbox 2098 2069 2180 2122; x_wconf 77' lang='lat' dir='ltr'><strong>Ea:</strong></span> <span class='ocrx_word' id='word_1_252' title='bbox 2201 2085 2396 2124; x_wconf 85' lang='lat' dir='ltr'><strong>canone</strong></span> <span class='ocrx_word' id='word_1_253' title='bbox 2427 2070 2575 2138; x_wconf 79' lang='lat' dir='ltr'><strong>feria:</strong></span> <span class='ocrx_word' id='word_1_254' title='bbox 2614 2086 2649 2125; x_wconf 86' lang='grc' dir='ltr'><strong>ιι</strong></span> <span class='ocrx_word' id='word_1_255' title='bbox 2673 2071 2742 2123; x_wconf 85' lang='lat' dir='ltr'><strong>ad</strong></span> <span class='ocrx_word' id='word_1_256' title='bbox 2786 2072 3133 2127; x_wconf 79' lang='lat' dir='ltr'><strong>Matutinum.</strong></span> 
     </span>
    </p>
   </div>
   <div class='ocr_carea' id='block_1_47' title="bbox 1925 2175 3402 2248">
    <p class='ocr_par' dir='ltr' id='par_1_47' title="bbox 1925 2175 3402 2248">
     <span class='ocr_line' id='line_1_47' title="bbox 1925 2175 3402 2248; baseline 0.003 -19"><span class='ocrx_word' id='word_1_257' title='bbox 1925 2175 2089 2245; x_wconf 78' lang='lat' dir='ltr'><strong>Virgo</strong></span> <span class='ocrx_word' id='word_1_258' title='bbox 2121 2177 2464 2232; x_wconf 83' lang='lat' dir='ltr'><strong>sanctissima</strong></span> <span class='ocrx_word' id='word_1_259' title='bbox 2498 2192 2560 2231; x_wconf 91' lang='lat' dir='ltr'><strong>ac</strong></span> <span class='ocrx_word' id='word_1_260' title='bbox 2591 2179 2904 2247; x_wconf 89' lang='lat' dir='ltr'><strong>purissima,</strong></span> <span class='ocrx_word' id='word_1_261' title='bbox 2929 2179 3189 2233; x_wconf 81' lang='lat' dir='ltr'><strong>auxilium</strong></span> <span class='ocrx_word' id='word_1_262' title='bbox 3214 2193 3402 2248; x_wconf 84' lang='lat' dir='ltr'><strong>pecca-</strong></span> 
     </span>
    </p>
   </div>
   <div class='ocr_carea' id='block_1_48' title="bbox 1855 2267 3399 2340">
    <p class='ocr_par' dir='ltr' id='par_1_48' title="bbox 1855 2267 3399 2340">
     <span class='ocr_line' id='line_1_48' title="bbox 1855 2267 3399 2340; baseline 0.003 -21"><span class='ocrx_word' id='word_1_263' title='bbox 1855 2275 2055 2329; x_wconf 88' lang='lat' dir='ltr'><strong>torum,</strong></span> <span class='ocrx_word' id='word_1_264' title='bbox 2085 2267 2356 2335; x_wconf 90' lang='lat' dir='ltr'><strong>lapsorum</strong></span> <span class='ocrx_word' id='word_1_265' title='bbox 2390 2268 2612 2332; x_wconf 81' lang='lat' dir='ltr'><strong>erectio,</strong></span> <span class='ocrx_word' id='word_1_266' title='bbox 2653 2270 2808 2334; x_wconf 89' lang='lat' dir='ltr'><strong>mihi,</strong></span> <span class='ocrx_word' id='word_1_267' title='bbox 2844 2269 2938 2340; x_wconf 90' lang='lat' dir='ltr'><strong>qui</strong></span> <span class='ocrx_word' id='word_1_268' title='bbox 2989 2269 3156 2324; x_wconf 85' lang='lat' dir='ltr'><strong>multa</strong></span> <span class='ocrx_word' id='word_1_269' title='bbox 3184 2278 3399 2337; x_wconf 90' lang='lat' dir='ltr'><strong>peccata</strong></span> 
     </span>
    </p>
   </div>
   <div class='ocr_carea' id='block_1_49' title="bbox 1854 2353 3434 2428">
    <p class='ocr_par' dir='ltr' id='par_1_49' title="bbox 1854 2353 3434 2428">
     <span class='ocr_line' id='line_1_49' title="bbox 1854 2353 3434 2428; baseline 0.004 -20"><span class='ocrx_word' id='word_1_270' title='bbox 1854 2356 2178 2424; x_wconf 89' lang='lat' dir='ltr'><strong>perpetravi,</strong></span> <span class='ocrx_word' id='word_1_271' title='bbox 2202 2357 2631 2426; x_wconf 88' lang='lat' dir='ltr'><strong>compunetionis</strong></span> <span class='ocrx_word' id='word_1_272' title='bbox 2658 2359 3026 2428; x_wconf 72' lang='lat' dir='ltr'><strong>paenitentiam</strong></span> <span class='ocrx_word' id='word_1_273' title='bbox 3052 2361 3306 2416; x_wconf 84' lang='lat' dir='ltr'><strong>concede.</strong></span> <span class='ocrx_word' id='word_1_274' title='bbox 3430 2353 3434 2357; x_wconf 72' lang='grc'><em>’</em></span> 
     </span>
    </p>
   </div>
   <div class='ocr_carea' id='block_1_50' title="bbox 1921 2444 3402 2515">
    <p class='ocr_par' dir='ltr' id='par_1_50' title="bbox 1921 2444 3402 2515">
     <span class='ocr_line' id='line_1_50' title="bbox 1921 2444 3402 2515; baseline 0.004 -16"><span class='ocrx_word' id='word_1_275' title='bbox 1921 2445 1965 2499; x_wconf 94' lang='lat'><strong>0</strong></span> <span class='ocrx_word' id='word_1_276' title='bbox 1988 2444 2173 2512; x_wconf 85' lang='lat' dir='ltr'><strong>Maria,</strong></span> <span class='ocrx_word' id='word_1_277' title='bbox 2207 2447 2363 2515; x_wconf 81' lang='lat' dir='ltr'><strong>cujus</strong></span> <span class='ocrx_word' id='word_1_278' title='bbox 2396 2462 2590 2501; x_wconf 90' lang='lat' dir='ltr'><strong>nomen</strong></span> <span class='ocrx_word' id='word_1_279' title='bbox 2625 2448 2905 2504; x_wconf 88' lang='lat' dir='ltr'><strong>Dominam</strong></span> <span class='ocrx_word' id='word_1_280' title='bbox 2953 2460 3130 2514; x_wconf 90' lang='lat' dir='ltr'><strong>sonat,</strong></span> <span class='ocrx_word' id='word_1_281' title='bbox 3173 2466 3258 2504; x_wconf 92' lang='lat' dir='ltr'><strong>me</strong></span> <span class='ocrx_word' id='word_1_282' title='bbox 3301 2451 3402 2506; x_wconf 89' lang='lat' dir='ltr'><strong>sub</strong></span> 
     </span>
    </p>
   </div>
   <div class='ocr_carea' id='block_1_51' title="bbox 1856 2537 3401 2606">
    <p class='ocr_par' dir='ltr' id='par_1_51' title="bbox 1856 2537 3401 2606">
     <span class='ocr_line' id='line_1_51' title="bbox 1856 2537 3401 2606; baseline 0.004 -17"><span class='ocrx_word' id='word_1_283' title='bbox 1856 2537 2142 2591; x_wconf 90' lang='lat' dir='ltr'><strong>multarum</strong></span> <span class='ocrx_word' id='word_1_284' title='bbox 2180 2539 2517 2606; x_wconf 88' lang='lat' dir='ltr'><strong>passionum,</strong></span> <span class='ocrx_word' id='word_1_285' title='bbox 2541 2540 2776 2593; x_wconf 88' lang='lat' dir='ltr'><strong>animam</strong></span> <span class='ocrx_word' id='word_1_286' title='bbox 2815 2556 2988 2595; x_wconf 91' lang='lat' dir='ltr'><strong>meam</strong></span> <span class='ocrx_word' id='word_1_287' title='bbox 3022 2542 3087 2596; x_wconf 88' lang='lat' dir='ltr'><strong>ad</strong></span> <span class='ocrx_word' id='word_1_288' title='bbox 3124 2542 3401 2596; x_wconf 89' lang='lat' dir='ltr'><strong>interitum</strong></span> 
     </span>
    </p>
   </div>
   <div class='ocr_carea' id='block_1_52' title="bbox 1853 2627 3401 2699">
    <p class='ocr_par' dir='ltr' id='par_1_52' title="bbox 1853 2627 3401 2699">
     <span class='ocr_line' id='line_1_52' title="bbox 1853 2627 3401 2699; baseline 0.003 -20"><span class='ocrx_word' id='word_1_289' title='bbox 1853 2628 2300 2694; x_wconf 82' lang='lat' dir='ltr'><strong>pertralientium,</strong></span> <span class='ocrx_word' id='word_1_290' title='bbox 2331 2627 2609 2682; x_wconf 86' lang='lat' dir='ltr'><strong>dominatu</strong></span> <span class='ocrx_word' id='word_1_291' title='bbox 2643 2643 2962 2699; x_wconf 89' lang='lat' dir='ltr'><strong>oppressum</strong></span> <span class='ocrx_word' id='word_1_292' title='bbox 3011 2630 3176 2685; x_wconf 84' lang='lat' dir='ltr'><strong>libera</strong></span> <span class='ocrx_word' id='word_1_293' title='bbox 3233 2631 3401 2686; x_wconf 85' lang='lat' dir='ltr'><strong>inter-</strong></span> 
     </span>
    </p>
   </div>
   <div class='ocr_carea' id='block_1_53' title="bbox 1852 2715 2342 2770">
    <p class='ocr_par' dir='ltr' id='par_1_53' title="bbox 1852 2715 2342 2770">
     <span class='ocr_line' id='line_1_53' title="bbox 1852 2715 2342 2770; baseline 0.002 -2"><span class='ocrx_word' id='word_1_294' title='bbox 1852 2715 2186 2770; x_wconf 90' lang='lat' dir='ltr'><strong>cessionibus</strong></span> <span class='ocrx_word' id='word_1_295' title='bbox 2218 2716 2342 2769; x_wconf 89' lang='lat' dir='ltr'><strong>tuis.</strong></span> 
     </span>
    </p>
   </div>
   <div class='ocr_carea' id='block_1_54' title="bbox 1922 2803 3393 2880">
    <p class='ocr_par' dir='ltr' id='par_1_54' title="bbox 1922 2803 3393 2880">
     <span class='ocr_line' id='line_1_54' title="bbox 1922 2803 3393 2880; baseline 0.007 -24"><span class='ocrx_word' id='word_1_296' title='bbox 1922 2803 2116 2859; x_wconf 82' lang='lat' dir='ltr'><strong>Veram</strong></span> <span class='ocrx_word' id='word_1_297' title='bbox 2175 2806 2304 2859; x_wconf 88' lang='lat' dir='ltr'><strong>mihi</strong></span> <span class='ocrx_word' id='word_1_298' title='bbox 2347 2808 2731 2874; x_wconf 50' lang='lat' dir='ltr'><strong>Ipaanitentiam</strong></span> <span class='ocrx_word' id='word_1_299' title='bbox 2785 2809 3054 2875; x_wconf 88' lang='lat' dir='ltr'><strong>concede;</strong></span> <span class='ocrx_word' id='word_1_300' title='bbox 3107 2824 3393 2880; x_wconf 86' lang='lat' dir='ltr'><strong>compesce</strong></span> 
     </span>
    </p>
   </div>
   <div class='ocr_carea' id='block_1_55' title="bbox 1852 2891 3397 2970">
    <p class='ocr_par' dir='ltr' id='par_1_55' title="bbox 1852 2891 3397 2970">
     <span class='ocr_line' id='line_1_55' title="bbox 1852 2891 3397 2970; baseline 0.006 -26"><span class='ocrx_word' id='word_1_301' title='bbox 1852 2891 2166 2970; x_wconf 86' lang='lat' dir='ltr'><strong>passionum</strong></span> <span class='ocrx_word' id='word_1_302' title='bbox 2203 2891 2446 2947; x_wconf 88' lang='lat' dir='ltr'><strong>mearum</strong></span> <span class='ocrx_word' id='word_1_303' title='bbox 2479 2897 2872 2952; x_wconf 82' lang='lat' dir='ltr'><strong>tumultuantes</strong></span> <span class='ocrx_word' id='word_1_304' title='bbox 2905 2897 3131 2962; x_wconf 85' lang='lat' dir='ltr'><strong>ﬂuctus;</strong></span> <span class='ocrx_word' id='word_1_305' title='bbox 3167 2914 3199 2954; x_wconf 95' lang='grc' dir='ltr'><strong>ο</strong></span> <span class='ocrx_word' id='word_1_306' title='bbox 3230 2897 3397 2970; x_wconf 79' lang='lat' dir='ltr'><strong>Virgo</strong></span> 
     </span>
    </p>
   </div>
   <div class='ocr_carea' id='block_1_56' title="bbox 1855 2967 2773 3052">
    <p class='ocr_par' dir='ltr' id='par_1_56' title="bbox 1855 2967 2773 3052">
     <span class='ocr_line' id='line_1_56' title="bbox 1855 2967 2773 3052; baseline 0.004 -17"><span class='ocrx_word' id='word_1_307' title='bbox 1855 2989 2026 3043; x_wconf 86' lang='lat' dir='ltr'><strong>casta,</strong></span> <span class='ocrx_word' id='word_1_308' title='bbox 2058 2967 2367 3050; x_wconf 68' lang='lat' dir='ltr'><strong>praesidium</strong></span> <span class='ocrx_word' id='word_1_309' title='bbox 2404 2994 2773 3052; x_wconf 79' lang='lat' dir='ltr'><strong>peccatorum.</strong></span> 
     </span>
    </p>
   </div>
   <div class='ocr_carea' id='block_1_57' title="bbox 276 3058 1747 3146">
    <p class='ocr_par' dir='ltr' id='par_1_57' title="bbox 276 3072 1744 3144">
     <span class='ocr_line' id='line_1_57' title="bbox 276 3072 1744 3144; baseline 0 -18"><span class='ocrx_word' id='word_1_310' title='bbox 276 3073 344 3126; x_wconf 84' lang='grc' dir='ltr'><strong><em>Ἥ</em></strong></span> <span class='ocrx_word' id='word_1_311' title='bbox 384 3072 517 3144; x_wconf 88' lang='grc' dir='ltr'>μόνη</span> <span class='ocrx_word' id='word_1_312' title='bbox 557 3073 643 3128; x_wconf 80' lang='grc' dir='ltr'><strong>διὰ</strong></span> <span class='ocrx_word' id='word_1_313' title='bbox 673 3074 831 3143; x_wconf 82' lang='grc' dir='ltr'>λόγου</span> <span class='ocrx_word' id='word_1_314' title='bbox 880 3075 971 3127; x_wconf 77' lang='grc' dir='ltr'><strong>ἐπὶ</strong></span> <span class='ocrx_word' id='word_1_315' title='bbox 1021 3075 1122 3144; x_wconf 85' lang='grc' dir='ltr'>γῆς</span> <span class='ocrx_word' id='word_1_316' title='bbox 1171 3075 1265 3128; x_wconf 76' lang='grc' dir='ltr'>τὸν</span> <span class='ocrx_word' id='word_1_317' title='bbox 1324 3075 1496 3143; x_wconf 89' lang='grc' dir='ltr'>Λόγον</span> <span class='ocrx_word' id='word_1_318' title='bbox 1546 3075 1744 3140; x_wconf 81' lang='grc' dir='ltr'>τὲξασα</span> 
     </span>
    </p>
   </div>
   <div class='ocr_carea' id='block_1_58' title="bbox 1857 3058 3397 3146">
    <p class='ocr_par' dir='ltr' id='par_1_58' title="bbox 1917 3070 3397 3146">
     <span class='ocr_line' id='line_1_58' title="bbox 1917 3070 3397 3146; baseline 0.006 -23"><span class='ocrx_word' id='word_1_319' title='bbox 1917 3070 2076 3140; x_wconf 79' lang='grc'><strong>262</strong></span> <span class='ocrx_word' id='word_1_320' title='bbox 2101 3073 2143 3125; x_wconf 90' lang='grc' dir='ltr'>Ο</span> <span class='ocrx_word' id='word_1_321' title='bbox 2172 3080 2250 3137; x_wconf 93' lang='lat' dir='ltr'><strong>tu,</strong></span> <span class='ocrx_word' id='word_1_322' title='bbox 2276 3088 2395 3142; x_wconf 84' lang='lat' dir='ltr'><strong>quae</strong></span> <span class='ocrx_word' id='word_1_323' title='bbox 2421 3075 2533 3128; x_wconf 87' lang='lat' dir='ltr'><strong>sola</strong></span> <span class='ocrx_word' id='word_1_324' title='bbox 2575 3075 2626 3128; x_wconf 91' lang='lat' dir='ltr'><strong>in</strong></span> <span class='ocrx_word' id='word_1_325' title='bbox 2668 3076 2825 3130; x_wconf 88' lang='lat' dir='ltr'><strong>terris</strong></span> <span class='ocrx_word' id='word_1_326' title='bbox 2852 3091 2948 3146; x_wconf 90' lang='lat' dir='ltr'><strong>per</strong></span> <span class='ocrx_word' id='word_1_327' title='bbox 2985 3078 3208 3132; x_wconf 81' lang='lat' dir='ltr'><strong>verbum</strong></span> <span class='ocrx_word' id='word_1_328' title='bbox 3261 3077 3397 3132; x_wconf 84' lang='lat' dir='ltr'><strong>Ver-</strong></span> 
     </span>
    </p>
   </div>
   <div class='ocr_carea' id='block_1_59' title="bbox 189 3165 1748 3236">
    <p class='ocr_par' dir='ltr' id='par_1_59' title="bbox 189 3165 1748 3236">
     <span class='ocr_line' id='line_1_59' title="bbox 189 3165 1748 3236; baseline 0.001 -19"><span class='ocrx_word' id='word_1_329' title='bbox 189 3165 295 3218; x_wconf 75' lang='grc' dir='ltr'>καὶ</span> <span class='ocrx_word' id='word_1_330' title='bbox 342 3165 768 3236; x_wconf 82' lang='grc' dir='ltr'>παρθενεύουσα,</span> <span class='ocrx_word' id='word_1_331' title='bbox 798 3165 906 3218; x_wconf 86' lang='grc' dir='ltr'><strong>τῶν</strong></span> <span class='ocrx_word' id='word_1_332' title='bbox 934 3166 1138 3234; x_wconf 80' lang='grc' dir='ltr'>ἀλόγων</span> <span class='ocrx_word' id='word_1_333' title='bbox 1173 3183 1238 3235; x_wconf 84' lang='grc' dir='ltr'><strong>με</strong></span> <span class='ocrx_word' id='word_1_334' title='bbox 1285 3165 1447 3233; x_wconf 78' lang='grc' dir='ltr'>ῥῦσαι</span> <span class='ocrx_word' id='word_1_335' title='bbox 1498 3166 1748 3233; x_wconf 80' lang='grc' dir='ltr'>πράξεων</span> 
     </span>
    </p>
   </div>
   <div class='ocr_carea' id='block_1_60' title="bbox 189 3250 1165 3322">
    <p class='ocr_par' dir='ltr' id='par_1_60' title="bbox 189 3250 1165 3322">
     <span class='ocr_line' id='line_1_60' title="bbox 189 3250 1165 3322; baseline 0.005 -22"><span class='ocrx_word' id='word_1_336' title='bbox 189 3250 375 3318; x_wconf 84' lang='grc' dir='ltr'>λόγοις</span> <span class='ocrx_word' id='word_1_337' title='bbox 411 3253 626 3316; x_wconf 84' lang='grc' dir='ltr'>σεπτοῖς</span> <span class='ocrx_word' id='word_1_338' title='bbox 653 3252 801 3316; x_wconf 83' lang='grc' dir='ltr'>ὅπως</span> <span class='ocrx_word' id='word_1_339' title='bbox 834 3253 1054 3322; x_wconf 82' lang='grc' dir='ltr'>ἀνυμνῶ</span> <span class='ocrx_word' id='word_1_340' title='bbox 1085 3270 1165 3305; x_wconf 91' lang='grc' dir='ltr'>σε.</span> 
     </span>
    </p>
   </div>
   <div class='ocr_carea' id='block_1_61' title="bbox 262 3431 1748 3506">
    <p class='ocr_par' dir='ltr' id='par_1_61' title="bbox 262 3431 1748 3506">
     <span class='ocr_line' id='line_1_61' title="bbox 262 3431 1748 3506; baseline 0.003 -21"><span class='ocrx_word' id='word_1_341' title='bbox 262 3433 377 3501; x_wconf 84' lang='grc' dir='ltr'><strong>τὴν</strong></span> <span class='ocrx_word' id='word_1_342' title='bbox 399 3431 628 3485; x_wconf 76' lang='grc' dir='ltr'>κιϐωτὸν</span> <span class='ocrx_word' id='word_1_343' title='bbox 656 3432 754 3502; x_wconf 82' lang='grc' dir='ltr'>τῆς</span> <span class='ocrx_word' id='word_1_344' title='bbox 783 3434 1072 3506; x_wconf 84' lang='grc' dir='ltr'>Διαθήκης,</span> <span class='ocrx_word' id='word_1_345' title='bbox 1102 3433 1197 3504; x_wconf 81' lang='grc' dir='ltr'>τὴν</span> <span class='ocrx_word' id='word_1_346' title='bbox 1235 3434 1398 3502; x_wconf 88' lang='grc' dir='ltr'>ἁγίαν</span> <span class='ocrx_word' id='word_1_347' title='bbox 1431 3434 1598 3498; x_wconf 79' lang='grc' dir='ltr'>ὅντως</span> <span class='ocrx_word' id='word_1_348' title='bbox 1617 3438 1748 3506; x_wconf 78' lang='grc' dir='ltr'>τρά-</span> 
     </span>
    </p>
   </div>
   <div class='ocr_carea' id='block_1_62' title="bbox 189 3523 1750 3597">
    <p class='ocr_par' dir='ltr' id='par_1_62' title="bbox 189 3523 1750 3597">
     <span class='ocr_line' id='line_1_62' title="bbox 189 3523 1750 3597; baseline 0.003 -23"><span class='ocrx_word' id='word_1_349' title='bbox 189 3523 388 3588; x_wconf 82' lang='grc' dir='ltr'>πεζαν,</span> <span class='ocrx_word' id='word_1_350' title='bbox 416 3523 476 3575; x_wconf 76' lang='grc' dir='ltr'><strong>τὸ</strong></span> <span class='ocrx_word' id='word_1_351' title='bbox 521 3523 830 3594; x_wconf 69' lang='grc' dir='ltr'>ἱλαστήριον</span> <span class='ocrx_word' id='word_1_352' title='bbox 879 3525 1057 3595; x_wconf 78' lang='grc' dir='ltr'>ἡμῶν,</span> <span class='ocrx_word' id='word_1_353' title='bbox 1078 3525 1170 3577; x_wconf 81' lang='grc' dir='ltr'>τὸν</span> <span class='ocrx_word' id='word_1_354' title='bbox 1212 3525 1337 3578; x_wconf 77' lang='grc' dir='ltr'>ναὸν</span> <span class='ocrx_word' id='word_1_355' title='bbox 1364 3525 1498 3578; x_wconf 87' lang='grc' dir='ltr'><strong>Θεοῦ</strong></span> <span class='ocrx_word' id='word_1_356' title='bbox 1533 3527 1621 3578; x_wconf 80' lang='grc' dir='ltr'>τὸν</span> <span class='ocrx_word' id='word_1_357' title='bbox 1652 3527 1750 3597; x_wconf 77' lang='grc' dir='ltr'><strong>ἔμ-</strong></span> 
     </span>
    </p>
   </div>
   <div class='ocr_carea' id='block_1_63' title="bbox 186 3614 1750 3688">
    <p class='ocr_par' dir='ltr' id='par_1_63' title="bbox 186 3614 1750 3688">
     <span class='ocr_line' id='line_1_63' title="bbox 186 3614 1750 3688; baseline 0.003 -22"><span class='ocrx_word' id='word_1_358' title='bbox 186 3614 384 3683; x_wconf 73' lang='grc' dir='ltr'>ψυχον,</span> <span class='ocrx_word' id='word_1_359' title='bbox 432 3614 529 3686; x_wconf 78' lang='grc' dir='ltr'>τὴν</span> <span class='ocrx_word' id='word_1_360' title='bbox 563 3615 874 3685; x_wconf 81' lang='grc' dir='ltr'>πάγχρυσον</span> <span class='ocrx_word' id='word_1_361' title='bbox 911 3615 1150 3685; x_wconf 84' lang='grc' dir='ltr'>λυχνίαν,</span> <span class='ocrx_word' id='word_1_362' title='bbox 1194 3616 1289 3687; x_wconf 82' lang='grc' dir='ltr'>τὴν</span> <span class='ocrx_word' id='word_1_363' title='bbox 1323 3616 1495 3687; x_wconf 83' lang='grc' dir='ltr'>ἁληοῆ</span> <span class='ocrx_word' id='word_1_364' title='bbox 1523 3618 1750 3688; x_wconf 82' lang='grc' dir='ltr'>Μητέρα</span> 
     </span>
    </p>
   </div>
   <div class='ocr_carea' id='block_1_64' title="bbox 187 3702 1081 3772">
    <p class='ocr_par' dir='ltr' id='par_1_64' title="bbox 187 3702 1081 3772">
     <span class='ocr_line' id='line_1_64' title="bbox 187 3702 1081 3772; baseline 0 -16"><span class='ocrx_word' id='word_1_365' title='bbox 187 3702 288 3756; x_wconf 83' lang='grc' dir='ltr'>τοῦ</span> <span class='ocrx_word' id='word_1_366' title='bbox 322 3705 556 3756; x_wconf 79' lang='grc' dir='ltr'>πλαστου</span> <span class='ocrx_word' id='word_1_367' title='bbox 566 3703 696 3772; x_wconf 86' lang='grc' dir='ltr'>ργοῦ</span> <span class='ocrx_word' id='word_1_368' title='bbox 722 3704 819 3755; x_wconf 86' lang='grc' dir='ltr'><strong>ἁνυ</strong></span> <span class='ocrx_word' id='word_1_369' title='bbox 829 3704 956 3772; x_wconf 84' lang='grc' dir='ltr'>μνοῦ</span> <span class='ocrx_word' id='word_1_370' title='bbox 965 3720 1081 3772; x_wconf 88' lang='grc' dir='ltr'>μεν.</span> 
     </span>
    </p>
   </div>
   <div class='ocr_carea' id='block_1_65' title="bbox 277 3789 1748 3862">
    <p class='ocr_par' dir='ltr' id='par_1_65' title="bbox 277 3789 1748 3862">
     <span class='ocr_line' id='line_1_65' title="bbox 277 3789 1748 3862; baseline 0.002 -19"><span class='ocrx_word' id='word_1_371' title='bbox 277 3792 339 3843; x_wconf 80' lang='grc' dir='ltr'><strong>Ἦ</strong></span> <span class='ocrx_word' id='word_1_372' title='bbox 375 3792 546 3861; x_wconf 81' lang='grc' dir='ltr'>κρήνη</span> <span class='ocrx_word' id='word_1_373' title='bbox 597 3793 631 3860; x_wconf 79' lang='grc' dir='ltr'>ὴ</span> <span class='ocrx_word' id='word_1_374' title='bbox 683 3789 743 3843; x_wconf 83' lang='grc' dir='ltr'>τὸ</span> <span class='ocrx_word' id='word_1_375' title='bbox 779 3791 918 3860; x_wconf 76' lang='grc' dir='ltr'>ὕδωρ</span> <span class='ocrx_word' id='word_1_376' title='bbox 949 3792 1048 3860; x_wconf 79' lang='grc' dir='ltr'>τῆς</span> <span class='ocrx_word' id='word_1_377' title='bbox 1070 3793 1314 3860; x_wconf 82' lang='grc' dir='ltr'>ἀφέσεως</span> <span class='ocrx_word' id='word_1_378' title='bbox 1368 3793 1624 3862; x_wconf 78' lang='grc' dir='ltr'>βρύουσα,</span> <span class='ocrx_word' id='word_1_379' title='bbox 1653 3794 1748 3857; x_wconf 83' lang='grc' dir='ltr'>τὰς</span> 
     </span>
    </p>
   </div>
   <div class='ocr_carea' id='block_1_66' title="bbox 188 3881 1748 3953">
    <p class='ocr_par' dir='ltr' id='par_1_66' title="bbox 188 3881 1748 3953">
     <span class='ocr_line' id='line_1_66' title="bbox 188 3881 1748 3953; baseline 0.001 -20"><span class='ocrx_word' id='word_1_380' title='bbox 188 3881 477 3943; x_wconf 70' lang='grc' dir='ltr'>ὲκὸλύσεις</span> <span class='ocrx_word' id='word_1_381' title='bbox 507 3881 616 3933; x_wconf 86' lang='grc' dir='ltr'><strong>τῶν</strong></span> <span class='ocrx_word' id='word_1_382' title='bbox 652 3882 802 3949; x_wconf 76' lang='grc' dir='ltr'>ἐμῶν</span> <span class='ocrx_word' id='word_1_383' title='bbox 850 3884 1202 3951; x_wconf 78' lang='grc' dir='ltr'>πταισμάτων</span> <span class='ocrx_word' id='word_1_384' title='bbox 1243 3883 1492 3951; x_wconf 85' lang='grc' dir='ltr'>ξήρανον,</span> <span class='ocrx_word' id='word_1_385' title='bbox 1519 3901 1748 3953; x_wconf 84' lang='grc' dir='ltr'>παρεχο-</span> 
     </span>
    </p>
   </div>
   <div class='ocr_carea' id='block_1_67' title="bbox 192 3970 1745 4040">
    <p class='ocr_par' dir='ltr' id='par_1_67' title="bbox 192 3970 1745 4040">
     <span class='ocr_line' id='line_1_67' title="bbox 192 3970 1745 4040; baseline 0.004 -18"><span class='ocrx_word' id='word_1_386' title='bbox 192 3973 334 4039; x_wconf 86' lang='grc' dir='ltr'>μένη</span> <span class='ocrx_word' id='word_1_387' title='bbox 363 3989 450 4038; x_wconf 68' lang='grc' dir='ltr'><strong>μοι</strong></span> <span class='ocrx_word' id='word_1_388' title='bbox 473 3970 708 4040; x_wconf 72' lang='grc' dir='ltr'>ὄμϐρους</span> <span class='ocrx_word' id='word_1_389' title='bbox 737 3971 1006 4039; x_wconf 90' lang='grc' dir='ltr'>δακρύων,</span> <span class='ocrx_word' id='word_1_390' title='bbox 1061 3973 1207 4036; x_wconf 85' lang='grc' dir='ltr'>ὅπως</span> <span class='ocrx_word' id='word_1_391' title='bbox 1237 3991 1295 4027; x_wconf 90' lang='grc' dir='ltr'><strong>σε</strong></span> <span class='ocrx_word' id='word_1_392' title='bbox 1324 3975 1410 4027; x_wconf 77' lang='grc' dir='ltr'>ἀεὶ</span> <span class='ocrx_word' id='word_1_393' title='bbox 1446 3973 1520 4037; x_wconf 82' lang='grc' dir='ltr'><strong>ὡς</strong></span> <span class='ocrx_word' id='word_1_394' title='bbox 1555 3975 1745 4028; x_wconf 79' lang='grc' dir='ltr'>Θεοτόο</span> 
     </span>
    </p>
   </div>
   <div class='ocr_carea' id='block_1_68' title="bbox 185 4062 482 4130">
    <p class='ocr_par' dir='ltr' id='par_1_68' title="bbox 185 4062 482 4130">
     <span class='ocr_line' id='line_1_68' title="bbox 185 4062 482 4130; baseline -0.017 -11"><span class='ocrx_word' id='word_1_395' title='bbox 185 4080 288 4119; x_wconf 85' lang='grc' dir='ltr'><strong>κον</strong></span> <span class='ocrx_word' id='word_1_396' title='bbox 314 4062 482 4130; x_wconf 84' lang='grc' dir='ltr'><strong>ὑμνῶ.</strong></span> 
     </span>
    </p>
   </div>
   <div class='ocr_carea' id='block_1_69' title="bbox 277 4154 1744 4225">
    <p class='ocr_par' dir='ltr' id='par_1_69' title="bbox 277 4154 1744 4225">
     <span class='ocr_line' id='line_1_69' title="bbox 277 4154 1744 4225; baseline 0.001 -18"><span class='ocrx_word' id='word_1_397' title='bbox 277 4154 573 4224; x_wconf 74' lang='grc' dir='ltr'>Ὑπερόολῇ</span> <span class='ocrx_word' id='word_1_398' title='bbox 632 4154 897 4217; x_wconf 85' lang='grc' dir='ltr'>ἀσωτείας</span> <span class='ocrx_word' id='word_1_399' title='bbox 959 4154 1034 4223; x_wconf 81' lang='grc' dir='ltr'><strong>τῷ</strong></span> <span class='ocrx_word' id='word_1_400' title='bbox 1085 4155 1185 4225; x_wconf 72' lang='grc' dir='ltr'><strong>ᾄδῃ</strong></span> <span class='ocrx_word' id='word_1_401' title='bbox 1228 4156 1343 4207; x_wconf 70' lang='grc' dir='ltr'>νυνὶ</span> <span class='ocrx_word' id='word_1_402' title='bbox 1393 4158 1744 4224; x_wconf 79' lang='grc' dir='ltr'>προσήγγισα</span> 
     </span>
    </p>
   </div>
   <div class='ocr_carea' id='block_1_70' title="bbox 185 4245 1742 4316">
    <p class='ocr_par' dir='ltr' id='par_1_70' title="bbox 185 4245 1742 4316">
     <span class='ocr_line' id='line_1_70' title="bbox 185 4245 1742 4316; baseline -0.002 -15"><span class='ocrx_word' id='word_1_403' title='bbox 185 4245 650 4316; x_wconf 61' lang='grc' dir='ltr'>ὐπρδάλλουσαν,</span> <span class='ocrx_word' id='word_1_404' title='bbox 671 4245 840 4314; x_wconf 79' lang='grc' dir='ltr'>Κόρη,</span> <span class='ocrx_word' id='word_1_405' title='bbox 860 4246 1254 4314; x_wconf 85' lang='grc' dir='ltr'>εύσπλαγχνίαν</span> <span class='ocrx_word' id='word_1_406' title='bbox 1272 4246 1489 4314; x_wconf 77' lang='grc' dir='ltr'>ἔχουσα,</span> <span class='ocrx_word' id='word_1_407' title='bbox 1517 4247 1588 4308; x_wconf 83' lang='grc' dir='ltr'><strong>ὡς</strong></span> <span class='ocrx_word' id='word_1_408' title='bbox 1614 4247 1742 4298; x_wconf 79' lang='grc' dir='ltr'>Θεὸν</span> 
     </span>
    </p>
   </div>
   <div class='ocr_carea' id='block_1_71' title="bbox 183 4323 1739 4406">
    <p class='ocr_par' dir='ltr' id='par_1_71' title="bbox 183 4323 1739 4406">
     <span class='ocr_line' id='line_1_71' title="bbox 183 4323 1739 4406; baseline 0 -19"><span class='ocrx_word' id='word_1_409' title='bbox 183 4323 282 4387; x_wconf 83' lang='grc' dir='ltr'><strong>τδν</strong></span> <span class='ocrx_word' id='word_1_410' title='bbox 307 4331 676 4402; x_wconf 77' lang='grc' dir='ltr'>εὔσπλαγχνον</span> <span class='ocrx_word' id='word_1_411' title='bbox 726 4335 983 4403; x_wconf 78' lang='grc' dir='ltr'>ἀρρήτως</span> <span class='ocrx_word' id='word_1_412' title='bbox 1008 4335 1276 4402; x_wconf 61' lang='grc' dir='ltr'>ςτεχοῦσα,</span> <span class='ocrx_word' id='word_1_413' title='bbox 1306 4336 1622 4406; x_wconf 71' lang='grc' dir='ltr'>οἰκτείρεισὰ</span> <span class='ocrx_word' id='word_1_414' title='bbox 1672 4354 1739 4406; x_wconf 87' lang='grc' dir='ltr'><strong>με</strong></span> 
     </span>
    </p>
   </div>
   <div class='ocr_carea' id='block_1_72' title="bbox 187 4440 382 4478">
    <p class='ocr_par' dir='ltr' id='par_1_72' title="bbox 187 4440 382 4478">
     <span class='ocr_line' id='line_1_72' title="bbox 187 4440 382 4478; baseline 0.015 -3"><span class='ocrx_word' id='word_1_415' title='bbox 187 4440 382 4478; x_wconf 87' lang='grc' dir='ltr'>σωσον.</span> 
     </span>
    </p>
   </div>
   <div class='ocr_carea' id='block_1_73' title="bbox 257 4601 1737 4674">
    <p class='ocr_par' dir='ltr' id='par_1_73' title="bbox 257 4601 1737 4674">
     <span class='ocr_line' id='line_1_73' title="bbox 257 4601 1737 4674; baseline 0.002 -19"><span class='ocrx_word' id='word_1_416' title='bbox 257 4602 514 4655; x_wconf 74' lang='grc' dir='ltr'>Φωτεινδν</span> <span class='ocrx_word' id='word_1_417' title='bbox 543 4601 636 4654; x_wconf 76' lang='grc' dir='ltr'><strong>τοῦ</strong></span> <span class='ocrx_word' id='word_1_418' title='bbox 669 4603 936 4656; x_wconf 83' lang='grc' dir='ltr'>Δεσπότου</span> <span class='ocrx_word' id='word_1_419' title='bbox 974 4603 1252 4664; x_wconf 73' lang='grc' dir='ltr'>παλατιον,</span> <span class='ocrx_word' id='word_1_420' title='bbox 1276 4601 1420 4656; x_wconf 80' lang='grc' dir='ltr'>οἷκον</span> <span class='ocrx_word' id='word_1_421' title='bbox 1470 4606 1639 4669; x_wconf 79' lang='grc' dir='ltr'>δ;ἰξόν</span> <span class='ocrx_word' id='word_1_422' title='bbox 1672 4625 1737 4674; x_wconf 87' lang='grc' dir='ltr'><strong>με</strong></span> 
     </span>
    </p>
   </div>
   <div class='ocr_carea' id='block_1_74' title="bbox 188 4689 1739 4760">
    <p class='ocr_par' dir='ltr' id='par_1_74' title="bbox 188 4689 1739 4760">
     <span class='ocr_line' id='line_1_74' title="bbox 188 4689 1739 4760; baseline 0.003 -18"><span class='ocrx_word' id='word_1_423' title='bbox 188 4690 364 4757; x_wconf 81' lang='grc' dir='ltr'>φωτός</span> <span class='ocrx_word' id='word_1_424' title='bbox 400 4705 416 4722; x_wconf 82' lang='grc'><em>’</em></span> <span class='ocrx_word' id='word_1_425' title='bbox 462 4689 732 4742; x_wconf 84' lang='grc' dir='ltr'>ἁδιόδευτε</span> <span class='ocrx_word' id='word_1_426' title='bbox 796 4692 958 4758; x_wconf 82' lang='grc' dir='ltr'>πύλη,</span> <span class='ocrx_word' id='word_1_427' title='bbox 991 4692 1274 4754; x_wconf 78' lang='grc' dir='ltr'>ὑπάνοιξόν</span> <span class='ocrx_word' id='word_1_428' title='bbox 1324 4710 1410 4760; x_wconf 86' lang='grc' dir='ltr'><strong>μοι</strong></span> <span class='ocrx_word' id='word_1_429' title='bbox 1456 4696 1739 4759; x_wconf 78' lang='grc' dir='ltr'>μετανοίας</span> 
     </span>
    </p>
   </div>
   <div class='ocr_carea' id='block_1_75' title="bbox 183 4780 1735 4853">
    <p class='ocr_par' dir='ltr' id='par_1_75' title="bbox 183 4780 1735 4853">
     <span class='ocr_line' id='line_1_75' title="bbox 183 4780 1735 4853; baseline 0 -20"><span class='ocrx_word' id='word_1_430' title='bbox 183 4781 344 4843; x_wconf 83' lang='grc' dir='ltr'>ὁδούς</span> <span class='ocrx_word' id='word_1_431' title='bbox 391 4796 408 4814; x_wconf 80' lang='grc'><strong><em>⁸</em></strong></span> <span class='ocrx_word' id='word_1_432' title='bbox 436 4780 506 4853; x_wconf 80' lang='grc' dir='ltr'>γῆ</span> <span class='ocrx_word' id='word_1_433' title='bbox 557 4781 706 4847; x_wconf 87' lang='grc' dir='ltr'>ἁγία,</span> <span class='ocrx_word' id='word_1_434' title='bbox 736 4781 869 4850; x_wconf 84' lang='grc' dir='ltr'>πρὸς</span> <span class='ocrx_word' id='word_1_435' title='bbox 925 4782 1025 4850; x_wconf 79' lang='grc' dir='ltr'>γῆν</span> <span class='ocrx_word' id='word_1_436' title='bbox 1061 4799 1126 4849; x_wconf 87' lang='grc' dir='ltr'><strong>με</strong></span> <span class='ocrx_word' id='word_1_437' title='bbox 1162 4783 1379 4849; x_wconf 82' lang='grc' dir='ltr'>πραέων</span> <span class='ocrx_word' id='word_1_438' title='bbox 1429 4783 1688 4850; x_wconf 75' lang='grc' dir='ltr'>ὀδήγησον</span> <span class='ocrx_word' id='word_1_439' title='bbox 1723 4798 1735 4812; x_wconf 75' lang='grc' dir='ltr'><strong>ο</strong></span> 
     </span>
    </p>
   </div>
   <div class='ocr_carea' id='block_1_76' title="bbox 186 4869 1735 4939">
    <p class='ocr_par' dir='ltr' id='par_1_76' title="bbox 186 4869 1735 4939">
     <span class='ocr_line' id='line_1_76' title="bbox 186 4869 1735 4939; baseline -0.001 -16"><span class='ocrx_word' id='word_1_440' title='bbox 186 4871 475 4931; x_wconf 74' lang='grc' dir='ltr'>Δέσποινα,</span> <span class='ocrx_word' id='word_1_441' title='bbox 512 4869 690 4933; x_wconf 72' lang='grc' dir='ltr'>πάσης</span> <span class='ocrx_word' id='word_1_442' title='bbox 723 4887 788 4939; x_wconf 79' lang='grc' dir='ltr'><strong>με</strong></span> <span class='ocrx_word' id='word_1_443' title='bbox 828 4869 994 4935; x_wconf 78' lang='grc' dir='ltr'>δεῖξον</span> <span class='ocrx_word' id='word_1_444' title='bbox 1030 4870 1342 4932; x_wconf 85' lang='grc' dir='ltr'>δεσποτείας</span> <span class='ocrx_word' id='word_1_445' title='bbox 1402 4871 1588 4924; x_wconf 73' lang='grc' dir='ltr'>παΟῶν</span> <span class='ocrx_word' id='word_1_446' title='bbox 1633 4873 1735 4925; x_wconf 85' lang='grc' dir='ltr'>ἁπ-</span> 
     </span>
    </p>
   </div>
   <div class='ocr_carea' id='block_1_77' title="bbox 185 4959 487 5026">
    <p class='ocr_par' dir='ltr' id='par_1_77' title="bbox 185 4959 487 5026">
     <span class='ocr_line' id='line_1_77' title="bbox 185 4959 487 5026; baseline -0.003 -15"><span class='ocrx_word' id='word_1_447' title='bbox 185 4959 487 5026; x_wconf 83' lang='grc' dir='ltr'>ελεύοερον.</span> 
     </span>
    </p>
   </div>
   <div class='ocr_carea' id='block_1_78' title="bbox 199 5067 1732 5137">
    <p class='ocr_par' dir='ltr' id='par_1_78' title="bbox 199 5067 1732 5137">
     <span class='ocr_line' id='line_1_78' title="bbox 199 5067 1732 5137; baseline 0.002 -16"><span class='ocrx_word' id='word_1_448' title='bbox 199 5070 303 5121; x_wconf 86' lang='grc' dir='ltr'>Ἐκ</span> <span class='ocrx_word' id='word_1_449' title='bbox 336 5067 441 5119; x_wconf 88' lang='grc' dir='ltr'>τοῦ</span> <span class='ocrx_word' id='word_1_450' title='bbox 490 5067 744 5131; x_wconf 79' lang='grc' dir='ltr'>κανόνος</span> <span class='ocrx_word' id='word_1_451' title='bbox 795 5067 904 5134; x_wconf 80' lang='grc' dir='ltr'>τῆς</span> <span class='ocrx_word' id='word_1_452' title='bbox 936 5069 1124 5135; x_wconf 77' lang='grc' dir='ltr'>τρίτης</span> <span class='ocrx_word' id='word_1_453' title='bbox 1189 5073 1273 5133; x_wconf 72' lang='grc' dir='ltr'>εἰς</span> <span class='ocrx_word' id='word_1_454' title='bbox 1316 5069 1420 5120; x_wconf 76' lang='grc' dir='ltr'><strong>τὸν</strong></span> <span class='ocrx_word' id='word_1_455' title='bbox 1468 5071 1732 5137; x_wconf 82' lang='grc' dir='ltr'>Ὄρθρον.</span> 
     </span>
    </p>
   </div>
   <div class='ocr_carea' id='block_1_79' title="bbox 271 5172 1731 5244">
    <p class='ocr_par' dir='ltr' id='par_1_79' title="bbox 271 5172 1731 5244">
     <span class='ocr_line' id='line_1_79' title="bbox 271 5172 1731 5244; baseline 0.001 -19"><span class='ocrx_word' id='word_1_456' title='bbox 271 5172 592 5235; x_wconf 77' lang='grc' dir='ltr'>Ἀθανασίας</span> <span class='ocrx_word' id='word_1_457' title='bbox 623 5173 797 5241; x_wconf 82' lang='grc' dir='ltr'>μάννα</span> <span class='ocrx_word' id='word_1_458' title='bbox 827 5175 1054 5241; x_wconf 77' lang='grc' dir='ltr'>Χριστὸν</span> <span class='ocrx_word' id='word_1_459' title='bbox 1089 5176 1344 5244; x_wconf 80' lang='grc' dir='ltr'>φέρουσα,</span> <span class='ocrx_word' id='word_1_460' title='bbox 1379 5176 1616 5242; x_wconf 79' lang='grc' dir='ltr'>στάμνος</span> <span class='ocrx_word' id='word_1_461' title='bbox 1648 5180 1731 5228; x_wconf 77' lang='lat'><strong>7.0-</strong></span> 
     </span>
    </p>
   </div>
   <div class='ocr_carea' id='block_1_80' title="bbox 185 5262 1732 5334">
    <p class='ocr_par' dir='ltr' id='par_1_80' title="bbox 185 5262 1732 5334">
     <span class='ocr_line' id='line_1_80' title="bbox 185 5262 1732 5334; baseline 0.003 -21"><span class='ocrx_word' id='word_1_462' title='bbox 185 5264 339 5333; x_wconf 76' lang='grc' dir='ltr'>γικὴ,</span> <span class='ocrx_word' id='word_1_463' title='bbox 372 5262 598 5332; x_wconf 85' lang='grc' dir='ltr'>πικρίας</span> <span class='ocrx_word' id='word_1_464' title='bbox 646 5264 998 5332; x_wconf 79' lang='grc' dir='ltr'>ψυχοφθόρων</span> <span class='ocrx_word' id='word_1_465' title='bbox 1029 5265 1213 5316; x_wconf 79' lang='grc' dir='ltr'>παθῶν</span> <span class='ocrx_word' id='word_1_466' title='bbox 1263 5265 1594 5330; x_wconf 82' lang='grc' dir='ltr'>ὲκλύτρωσαί</span> <span class='ocrx_word' id='word_1_467' title='bbox 1647 5283 1732 5334; x_wconf 88' lang='grc' dir='ltr'><strong>με,</strong></span> 
     </span>
    </p>
   </div>
   <div class='ocr_carea' id='block_1_81' title="bbox 189 5350 1735 5421">
    <p class='ocr_par' dir='ltr' id='par_1_81' title="bbox 189 5350 1735 5421">
     <span class='ocr_line' id='line_1_81' title="bbox 189 5350 1735 5421; baseline -0.001 -17"><span class='ocrx_word' id='word_1_468' title='bbox 189 5351 432 5421; x_wconf 79' lang='grc' dir='ltr'>Παροένε</span> <span class='ocrx_word' id='word_1_469' title='bbox 476 5351 734 5418; x_wconf 85' lang='grc' dir='ltr'>παναγία,</span> <span class='ocrx_word' id='word_1_470' title='bbox 774 5352 919 5413; x_wconf 86' lang='grc' dir='ltr'>ὅπως</span> <span class='ocrx_word' id='word_1_471' title='bbox 974 5351 1152 5402; x_wconf 84' lang='grc' dir='ltr'>πίστει</span> <span class='ocrx_word' id='word_1_472' title='bbox 1195 5350 1452 5417; x_wconf 82' lang='grc' dir='ltr'>δοξολογῶ</span> <span class='ocrx_word' id='word_1_473' title='bbox 1483 5368 1540 5402; x_wconf 86' lang='grc' dir='ltr'><strong>σε</strong></span> <span class='ocrx_word' id='word_1_474' title='bbox 1581 5351 1735 5403; x_wconf 89' lang='grc' dir='ltr'>εύσε-</span> 
     </span>
    </p>
   </div>
   <div class='ocr_carea' id='block_1_82' title="bbox 187 5442 319 5503">
    <p class='ocr_par' dir='ltr' id='par_1_82' title="bbox 187 5442 319 5503">
     <span class='ocr_line' id='line_1_82' title="bbox 187 5442 319 5503; baseline -0.008 -10"><span class='ocrx_word' id='word_1_475' title='bbox 187 5442 319 5503; x_wconf 79' lang='grc' dir='ltr'>ϐὡς.</span> 
     </span>
    </p>
   </div>
   <div class='ocr_carea' id='block_1_83' title="bbox 258 5529 1736 5601">
    <p class='ocr_par' dir='ltr' id='par_1_83' title="bbox 258 5529 1736 5601">
     <span class='ocr_line' id='line_1_83' title="bbox 258 5529 1736 5601; baseline -0.001 -19"><span class='ocrx_word' id='word_1_476' title='bbox 258 5529 678 5598; x_wconf 80' lang='grc' dir='ltr'>Παρθενομῆτορ</span> <span class='ocrx_word' id='word_1_477' title='bbox 695 5530 947 5599; x_wconf 71' lang='grc' dir='ltr'>ἅχραντε,</span> <span class='ocrx_word' id='word_1_478' title='bbox 973 5530 1352 5601; x_wconf 78' lang='grc' dir='ltr'>μετανοοῦντας</span> <span class='ocrx_word' id='word_1_479' title='bbox 1379 5531 1524 5598; x_wconf 79' lang='grc' dir='ltr'>ἡμᾶς</span> <span class='ocrx_word' id='word_1_480' title='bbox 1546 5531 1633 5582; x_wconf 70' lang='grc' dir='ltr'>καὶ</span> <span class='ocrx_word' id='word_1_481' title='bbox 1659 5530 1736 5599; x_wconf 82' lang='grc' dir='ltr'>τῷ</span> 
     </span>
    </p>
   </div>
   <div class='ocr_carea' id='block_1_84' title="bbox 187 5611 1732 5691">
    <p class='ocr_par' dir='ltr' id='par_1_84' title="bbox 187 5611 1732 5691">
     <span class='ocr_line' id='line_1_84' title="bbox 187 5611 1732 5691; baseline -0.001 -16"><span class='ocrx_word' id='word_1_482' title='bbox 187 5620 406 5691; x_wconf 79' lang='grc' dir='ltr'>Χριστῷ</span> <span class='ocrx_word' id='word_1_483' title='bbox 440 5611 869 5691; x_wconf 79' lang='grc' dir='ltr'>προστρέχοντας</span> <span class='ocrx_word' id='word_1_484' title='bbox 899 5623 990 5675; x_wconf 79' lang='grc' dir='ltr'>καὶ</span> <span class='ocrx_word' id='word_1_485' title='bbox 1018 5621 1126 5675; x_wconf 85' lang='grc' dir='ltr'><strong>τῶν</strong></span> <span class='ocrx_word' id='word_1_486' title='bbox 1178 5623 1531 5691; x_wconf 77' lang='grc' dir='ltr'>πταισμάτων</span> <span class='ocrx_word' id='word_1_487' title='bbox 1581 5622 1732 5674; x_wconf 81' lang='grc' dir='ltr'>λύσιν</span> 
     </span>
    </p>
   </div>
   <div class='ocr_carea' id='block_1_85' title="bbox 1850 3160 3400 3235">
    <p class='ocr_par' dir='ltr' id='par_1_85' title="bbox 1850 3160 3400 3235">
     <span class='ocr_line' id='line_1_85' title="bbox 1850 3160 3400 3235; baseline 0.005 -22"><span class='ocrx_word' id='word_1_488' title='bbox 1850 3160 1974 3213; x_wconf 88' lang='lat' dir='ltr'><strong>bum</strong></span> <span class='ocrx_word' id='word_1_489' title='bbox 2006 3161 2238 3228; x_wconf 81' lang='lat' dir='ltr'><strong>genuisti</strong></span> <span class='ocrx_word' id='word_1_490' title='bbox 2289 3177 2351 3215; x_wconf 87' lang='lat' dir='ltr'><strong>ac</strong></span> <span class='ocrx_word' id='word_1_491' title='bbox 2404 3164 2685 3231; x_wconf 81' lang='lat' dir='ltr'><strong>peperisti,</strong></span> <span class='ocrx_word' id='word_1_492' title='bbox 2726 3173 2779 3219; x_wconf 89' lang='lat' dir='ltr'><strong>et</strong></span> <span class='ocrx_word' id='word_1_493' title='bbox 2836 3166 2988 3234; x_wconf 82' lang='lat' dir='ltr'><strong>virgo</strong></span> <span class='ocrx_word' id='word_1_494' title='bbox 3033 3167 3400 3235; x_wconf 90' lang='lat' dir='ltr'><strong>permansisti,</strong></span> 
     </span>
    </p>
   </div>
   <div class='ocr_carea' id='block_1_86' title="bbox 1848 3248 3394 3322">
    <p class='ocr_par' dir='ltr' id='par_1_86' title="bbox 1848 3248 3394 3322">
     <span class='ocr_line' id='line_1_86' title="bbox 1848 3248 3394 3322; baseline 0.008 -22"><span class='ocrx_word' id='word_1_495' title='bbox 1848 3248 2011 3301; x_wconf 89' lang='lat' dir='ltr'><strong>libera</strong></span> <span class='ocrx_word' id='word_1_496' title='bbox 2048 3264 2130 3303; x_wconf 91' lang='lat' dir='ltr'><strong>me</strong></span> <span class='ocrx_word' id='word_1_497' title='bbox 2152 3250 2219 3303; x_wconf 92' lang='lat' dir='ltr'><strong>ab</strong></span> <span class='ocrx_word' id='word_1_498' title='bbox 2252 3252 2552 3306; x_wconf 88' lang='lat' dir='ltr'><strong>actionibus</strong></span> <span class='ocrx_word' id='word_1_499' title='bbox 2584 3253 2906 3322; x_wconf 89' lang='lat' dir='ltr'><strong>brutalibus,</strong></span> <span class='ocrx_word' id='word_1_500' title='bbox 2930 3265 2989 3310; x_wconf 92' lang='lat' dir='ltr'><strong>ut</strong></span> <span class='ocrx_word' id='word_1_501' title='bbox 3024 3256 3204 3311; x_wconf 80' lang='lat' dir='ltr'><strong>verbis</strong></span> <span class='ocrx_word' id='word_1_502' title='bbox 3235 3272 3394 3313; x_wconf 87' lang='lat' dir='ltr'><strong>vene-</strong></span> 
     </span>
    </p>
   </div>
   <div class='ocr_carea' id='block_1_87' title="bbox 1847 3339 2690 3408">
    <p class='ocr_par' dir='ltr' id='par_1_87' title="bbox 1847 3339 2690 3408">
     <span class='ocr_line' id='line_1_87' title="bbox 1847 3339 2690 3408; baseline 0.013 -18"><span class='ocrx_word' id='word_1_503' title='bbox 1847 3339 2056 3393; x_wconf 91' lang='lat' dir='ltr'><strong>ratione</strong></span> <span class='ocrx_word' id='word_1_504' title='bbox 2088 3340 2259 3408; x_wconf 92' lang='lat' dir='ltr'><strong>plenis</strong></span> <span class='ocrx_word' id='word_1_505' title='bbox 2291 3351 2340 3396; x_wconf 90' lang='lat' dir='ltr'><strong>te</strong></span> <span class='ocrx_word' id='word_1_506' title='bbox 2371 3343 2690 3401; x_wconf 72' lang='lat' dir='ltr'><strong>collaudem.</strong></span> 
     </span>
    </p>
   </div>
   <div class='ocr_carea' id='block_1_88' title="bbox 1916 3429 3398 3500">
    <p class='ocr_par' dir='ltr' id='par_1_88' title="bbox 1916 3429 3398 3500">
     <span class='ocr_line' id='line_1_88' title="bbox 1916 3429 3398 3500; baseline 0.007 -19"><span class='ocrx_word' id='word_1_507' title='bbox 1916 3429 2107 3482; x_wconf 81' lang='lat' dir='ltr'><strong>Arcam</strong></span> <span class='ocrx_word' id='word_1_508' title='bbox 2138 3429 2490 3497; x_wconf 85' lang='lat' dir='ltr'><strong>Testamenti,</strong></span> <span class='ocrx_word' id='word_1_509' title='bbox 2532 3450 2772 3489; x_wconf 86' lang='lat' dir='ltr'><strong>mensam</strong></span> <span class='ocrx_word' id='word_1_510' title='bbox 2817 3453 2941 3491; x_wconf 87' lang='lat' dir='ltr'><strong>vere</strong></span> <span class='ocrx_word' id='word_1_511' title='bbox 2992 3449 3256 3499; x_wconf 84' lang='lat' dir='ltr'><strong>sanctam,</strong></span> <span class='ocrx_word' id='word_1_512' title='bbox 3299 3453 3398 3500; x_wconf 53' lang='lat' dir='ltr'><strong>ao-</strong></span> 
     </span>
    </p>
   </div>
   <div class='ocr_carea' id='block_1_89' title="bbox 1847 3520 3395 3592">
    <p class='ocr_par' dir='ltr' id='par_1_89' title="bbox 1847 3520 3395 3592">
     <span class='ocr_line' id='line_1_89' title="bbox 1847 3520 3395 3592; baseline 0.005 -20"><span class='ocrx_word' id='word_1_513' title='bbox 1847 3527 2018 3572; x_wconf 88' lang='lat' dir='ltr'><strong>strum</strong></span> <span class='ocrx_word' id='word_1_514' title='bbox 2095 3520 2551 3588; x_wconf 86' lang='lat' dir='ltr'><strong>propitiatorium,</strong></span> <span class='ocrx_word' id='word_1_515' title='bbox 2609 3525 2867 3592; x_wconf 85' lang='lat' dir='ltr'><strong>templum</strong></span> <span class='ocrx_word' id='word_1_516' title='bbox 2922 3526 3011 3578; x_wconf 88' lang='lat' dir='ltr'><strong>Dei</strong></span> <span class='ocrx_word' id='word_1_517' title='bbox 3073 3527 3395 3587; x_wconf 88' lang='lat' dir='ltr'><strong>animatum,</strong></span> 
     </span>
    </p>
   </div>
   <div class='ocr_carea' id='block_1_90' title="bbox 1847 3605 3395 3674">
    <p class='ocr_par' dir='ltr' id='par_1_90' title="bbox 1847 3605 3395 3674">
     <span class='ocr_line' id='line_1_90' title="bbox 1847 3605 3395 3674; baseline 0.009 -16"><span class='ocrx_word' id='word_1_518' title='bbox 1847 3605 2123 3659; x_wconf 91' lang='lat' dir='ltr'><strong>lucernam</strong></span> <span class='ocrx_word' id='word_1_519' title='bbox 2168 3618 2332 3662; x_wconf 79' lang='lat' dir='ltr'><strong>totam</strong></span> <span class='ocrx_word' id='word_1_520' title='bbox 2360 3625 2603 3674; x_wconf 87' lang='lat' dir='ltr'><strong>auream.</strong></span> <span class='ocrx_word' id='word_1_521' title='bbox 2641 3629 2822 3668; x_wconf 84' lang='lat' dir='ltr'><strong>veram</strong></span> <span class='ocrx_word' id='word_1_522' title='bbox 2866 3615 3088 3670; x_wconf 76' lang='lat' dir='ltr'><strong>Matrem</strong></span> <span class='ocrx_word' id='word_1_523' title='bbox 3122 3617 3395 3672; x_wconf 79' lang='lat' dir='ltr'><strong>Creatoris</strong></span> 
     </span>
    </p>
   </div>
   <div class='ocr_carea' id='block_1_91' title="bbox 1847 3695 2235 3751">
    <p class='ocr_par' dir='ltr' id='par_1_91' title="bbox 1847 3695 2235 3751">
     <span class='ocr_line' id='line_1_91' title="bbox 1847 3695 2235 3751; baseline 0.005 -2"><span class='ocrx_word' id='word_1_524' title='bbox 1847 3695 2235 3751; x_wconf 87' lang='lat' dir='ltr'><strong>collaudamus.</strong></span> 
     </span>
    </p>
   </div>
   <div class='ocr_carea' id='block_1_92' title="bbox 1914 3783 3396 3862">
    <p class='ocr_par' dir='ltr' id='par_1_92' title="bbox 1914 3783 3396 3862">
     <span class='ocr_line' id='line_1_92' title="bbox 1914 3783 3396 3862; baseline 0.008 -25"><span class='ocrx_word' id='word_1_525' title='bbox 1914 3783 1958 3838; x_wconf 95' lang='grc' dir='ltr'><strong>Ο</strong></span> <span class='ocrx_word' id='word_1_526' title='bbox 1987 3785 2128 3851; x_wconf 77' lang='lat' dir='ltr'><strong>fons,</strong></span> <span class='ocrx_word' id='word_1_527' title='bbox 2177 3788 2266 3855; x_wconf 91' lang='lat' dir='ltr'><strong>qui</strong></span> <span class='ocrx_word' id='word_1_528' title='bbox 2321 3804 2512 3857; x_wconf 86' lang='lat' dir='ltr'><strong>aquam</strong></span> <span class='ocrx_word' id='word_1_529' title='bbox 2561 3791 2904 3862; x_wconf 79' lang='lat' dir='ltr'><strong>indulgentia:</strong></span> <span class='ocrx_word' id='word_1_530' title='bbox 2958 3809 3020 3849; x_wconf 89' lang='lat' dir='ltr'><strong>ac</strong></span> <span class='ocrx_word' id='word_1_531' title='bbox 3062 3796 3396 3849; x_wconf 85' lang='lat' dir='ltr'><strong>remissionis</strong></span> 
     </span>
    </p>
   </div>
   <div class='ocr_carea' id='block_1_93' title="bbox 1844 3876 3392 3953">
    <p class='ocr_par' dir='ltr' id='par_1_93' title="bbox 1844 3876 3392 3953">
     <span class='ocr_line' id='line_1_93' title="bbox 1844 3876 3392 3953; baseline 0.008 -28"><span class='ocrx_word' id='word_1_532' title='bbox 1844 3876 2094 3940; x_wconf 89' lang='lat' dir='ltr'><strong>scaturis,</strong></span> <span class='ocrx_word' id='word_1_533' title='bbox 2154 3887 2494 3944; x_wconf 90' lang='lat' dir='ltr'><strong>peccatorum</strong></span> <span class='ocrx_word' id='word_1_534' title='bbox 2551 3894 2796 3933; x_wconf 90' lang='lat' dir='ltr'><strong>meorum</strong></span> <span class='ocrx_word' id='word_1_535' title='bbox 2871 3893 3152 3938; x_wconf 86' lang='lat' dir='ltr'><strong>manantes</strong></span> <span class='ocrx_word' id='word_1_536' title='bbox 3223 3901 3392 3953; x_wconf 86' lang='lat' dir='ltr'><strong>aquas</strong></span> 
     </span>
    </p>
   </div>
   <div class='ocr_carea' id='block_1_94' title="bbox 1843 3965 3396 4036">
    <p class='ocr_par' dir='ltr' id='par_1_94' title="bbox 1843 3965 3396 4036">
     <span class='ocr_line' id='line_1_94' title="bbox 1843 3965 3396 4036; baseline 0.009 -21"><span class='ocrx_word' id='word_1_537' title='bbox 1843 3965 2074 4028; x_wconf 73' lang='lat' dir='ltr'><strong>exsicca,</strong></span> <span class='ocrx_word' id='word_1_538' title='bbox 2109 3966 2466 4035; x_wconf 84' lang='lat' dir='ltr'><strong>lacrymarum</strong></span> <span class='ocrx_word' id='word_1_539' title='bbox 2507 3969 2706 4022; x_wconf 90' lang='lat' dir='ltr'><strong>imbres</strong></span> <span class='ocrx_word' id='word_1_540' title='bbox 2743 3971 2872 4023; x_wconf 81' lang='lat' dir='ltr'><strong>milii</strong></span> <span class='ocrx_word' id='word_1_541' title='bbox 2901 3972 3225 4036; x_wconf 90' lang='lat' dir='ltr'><strong>concedens,</strong></span> <span class='ocrx_word' id='word_1_542' title='bbox 3261 3984 3319 4028; x_wconf 94' lang='lat' dir='ltr'><strong>ut</strong></span> <span class='ocrx_word' id='word_1_543' title='bbox 3345 3986 3396 4029; x_wconf 89' lang='lat' dir='ltr'><strong>te</strong></span> 
     </span>
    </p>
   </div>
   <div class='ocr_carea' id='block_1_95' title="bbox 1843 4058 3208 4126">
    <p class='ocr_par' dir='ltr' id='par_1_95' title="bbox 1843 4058 3208 4126">
     <span class='ocr_line' id='line_1_95' title="bbox 1843 4058 3208 4126; baseline 0.008 -20"><span class='ocrx_word' id='word_1_544' title='bbox 1843 4068 2055 4120; x_wconf 79' lang='lat' dir='ltr'><strong>semper</strong></span> <span class='ocrx_word' id='word_1_545' title='bbox 2076 4064 2327 4124; x_wconf 86' lang='lat' dir='ltr'><strong>tanquam</strong></span> <span class='ocrx_word' id='word_1_546' title='bbox 2353 4058 2630 4126; x_wconf 88' lang='lat' dir='ltr'><strong>Deiparam</strong></span> <span class='ocrx_word' id='word_1_547' title='bbox 2661 4061 2906 4114; x_wconf 88' lang='lat' dir='ltr'><strong>laudibus</strong></span> <span class='ocrx_word' id='word_1_548' title='bbox 2932 4064 3208 4117; x_wconf 80' lang='lat' dir='ltr'><strong>extollam.</strong></span> 
     </span>
    </p>
   </div>
   <div class='ocr_carea' id='block_1_96' title="bbox 1915 4142 3392 4216">
    <p class='ocr_par' dir='ltr' id='par_1_96' title="bbox 1915 4142 3392 4216">
     <span class='ocr_line' id='line_1_96' title="bbox 1915 4142 3392 4216; baseline 0.008 -21"><span class='ocrx_word' id='word_1_549' title='bbox 1915 4142 2163 4198; x_wconf 66' lang='lat' dir='ltr'><strong>Luxuria?</strong></span> <span class='ocrx_word' id='word_1_550' title='bbox 2205 4155 2367 4214; x_wconf 89' lang='lat' dir='ltr'><strong>atque</strong></span> <span class='ocrx_word' id='word_1_551' title='bbox 2397 4149 2842 4216; x_wconf 58' lang='lat' dir='ltr'><strong>;intempcrantiaa</strong></span> <span class='ocrx_word' id='word_1_552' title='bbox 2898 4165 3126 4207; x_wconf 85' lang='lat' dir='ltr'><strong>excessu</strong></span> <span class='ocrx_word' id='word_1_553' title='bbox 3181 4153 3392 4207; x_wconf 78' lang='lat' dir='ltr'><strong>inferno</strong></span> 
     </span>
    </p>
   </div>
   <div class='ocr_carea' id='block_1_97' title="bbox 1843 4235 3388 4308">
    <p class='ocr_par' dir='ltr' id='par_1_97' title="bbox 1843 4235 3388 4308">
     <span class='ocr_line' id='line_1_97' title="bbox 1843 4235 3388 4308; baseline 0.01 -25"><span class='ocrx_word' id='word_1_554' title='bbox 1843 4246 1987 4285; x_wconf 85' lang='lat' dir='ltr'><strong>nunc</strong></span> <span class='ocrx_word' id='word_1_555' title='bbox 2022 4235 2447 4304; x_wconf 84' lang='lat' dir='ltr'><strong>apprOpinquavi</strong></span> <span class='ocrx_word' id='word_1_556' title='bbox 2480 4255 2493 4291; x_wconf 88' lang='lat'><strong>:</strong></span> <span class='ocrx_word' id='word_1_557' title='bbox 2527 4247 2603 4304; x_wconf 88' lang='lat' dir='ltr'><strong>tu,</strong></span> <span class='ocrx_word' id='word_1_558' title='bbox 2631 4253 2663 4292; x_wconf 93' lang='grc' dir='ltr'><strong>ο</strong></span> <span class='ocrx_word' id='word_1_559' title='bbox 2704 4238 2906 4302; x_wconf 83' lang='lat' dir='ltr'><strong>Puella,</strong></span> <span class='ocrx_word' id='word_1_560' title='bbox 2942 4257 3062 4308; x_wconf 69' lang='lat' dir='ltr'><strong>qua:</strong></span> <span class='ocrx_word' id='word_1_561' title='bbox 3089 4246 3301 4299; x_wconf 78' lang='lat' dir='ltr'><strong>exeedis</strong></span> <span class='ocrx_word' id='word_1_562' title='bbox 3339 4246 3388 4298; x_wconf 92' lang='lat' dir='ltr'><strong>in</strong></span> 
     </span>
    </p>
   </div>
   <div class='ocr_carea' id='block_1_98' title="bbox 1843 4326 3381 4399">
    <p class='ocr_par' dir='ltr' id='par_1_98' title="bbox 1843 4326 3381 4399">
     <span class='ocr_line' id='line_1_98' title="bbox 1843 4326 3381 4399; baseline 0.008 -23"><span class='ocrx_word' id='word_1_563' title='bbox 1843 4326 2142 4378; x_wconf 86' lang='lat' dir='ltr'><strong>visceribus</strong></span> <span class='ocrx_word' id='word_1_564' title='bbox 2188 4327 2592 4393; x_wconf 62' lang='lat' dir='ltr'><strong>misericordiae,</strong></span> <span class='ocrx_word' id='word_1_565' title='bbox 2637 4340 2796 4399; x_wconf 90' lang='lat' dir='ltr'><strong>utope</strong></span> <span class='ocrx_word' id='word_1_566' title='bbox 2829 4347 2948 4399; x_wconf 66' lang='lat' dir='ltr'><strong>quae</strong></span> <span class='ocrx_word' id='word_1_567' title='bbox 2979 4332 3142 4386; x_wconf 86' lang='lat' dir='ltr'><strong>Deum</strong></span> <span class='ocrx_word' id='word_1_568' title='bbox 3178 4337 3381 4389; x_wconf 85' lang='lat' dir='ltr'><strong>miscri-</strong></span> 
     </span>
    </p>
   </div>
   <div class='ocr_carea' id='block_1_99' title="bbox 1845 4415 3388 4490">
    <p class='ocr_par' dir='ltr' id='par_1_99' title="bbox 1845 4415 3388 4490">
     <span class='ocr_line' id='line_1_99' title="bbox 1845 4415 3388 4490; baseline 0.007 -24"><span class='ocrx_word' id='word_1_569' title='bbox 1845 4415 2226 4468; x_wconf 89' lang='lat' dir='ltr'><strong>cordissimum</strong></span> <span class='ocrx_word' id='word_1_570' title='bbox 2259 4417 2602 4473; x_wconf 71' lang='lat' dir='ltr'><strong>ineﬂabiliter</strong></span> <span class='ocrx_word' id='word_1_571' title='bbox 2627 4421 2920 4490; x_wconf 83' lang='lat' dir='ltr'><strong>peperisti,</strong></span> <span class='ocrx_word' id='word_1_572' title='bbox 2959 4423 3217 4479; x_wconf 86' lang='lat' dir='ltr'><strong>miserere</strong></span> <span class='ocrx_word' id='word_1_573' title='bbox 3261 4428 3388 4490; x_wconf 88' lang='lat' dir='ltr'><strong>mei,</strong></span> 
     </span>
    </p>
   </div>
   <div class='ocr_carea' id='block_1_100' title="bbox 1841 4506 2197 4559">
    <p class='ocr_par' dir='ltr' id='par_1_100' title="bbox 1841 4506 2197 4559">
     <span class='ocr_line' id='line_1_100' title="bbox 1841 4506 2197 4559; baseline 0.006 -2"><span class='ocrx_word' id='word_1_574' title='bbox 1841 4515 1892 4557; x_wconf 80' lang='lat' dir='ltr'><strong>et</strong></span> <span class='ocrx_word' id='word_1_575' title='bbox 1914 4506 2057 4558; x_wconf 83' lang='lat' dir='ltr'><strong>salva</strong></span> <span class='ocrx_word' id='word_1_576' title='bbox 2093 4523 2197 4559; x_wconf 88' lang='lat' dir='ltr'><strong>me.</strong></span> 
     </span>
    </p>
   </div>
   <div class='ocr_carea' id='block_1_101' title="bbox 1912 4595 3388 4667">
    <p class='ocr_par' dir='ltr' id='par_1_101' title="bbox 1912 4595 3388 4667">
     <span class='ocr_line' id='line_1_101' title="bbox 1912 4595 3388 4667; baseline 0.006 -18"><span class='ocrx_word' id='word_1_577' title='bbox 1912 4595 1957 4649; x_wconf 86' lang='grc' dir='ltr'><strong>Ο</strong></span> <span class='ocrx_word' id='word_1_578' title='bbox 1991 4598 2245 4665; x_wconf 85' lang='lat' dir='ltr'><strong>palatium</strong></span> <span class='ocrx_word' id='word_1_579' title='bbox 2284 4598 2374 4652; x_wconf 90' lang='lat' dir='ltr'><strong>Dei</strong></span> <span class='ocrx_word' id='word_1_580' title='bbox 2411 4599 2762 4667; x_wconf 91' lang='lat' dir='ltr'><strong>luminosum,</strong></span> <span class='ocrx_word' id='word_1_581' title='bbox 2810 4605 2894 4660; x_wconf 79' lang='lat' dir='ltr'><strong>fac</strong></span> <span class='ocrx_word' id='word_1_582' title='bbox 2931 4623 3014 4661; x_wconf 91' lang='lat' dir='ltr'><strong>me</strong></span> <span class='ocrx_word' id='word_1_583' title='bbox 3047 4607 3266 4660; x_wconf 90' lang='lat' dir='ltr'><strong>domum</strong></span> <span class='ocrx_word' id='word_1_584' title='bbox 3305 4608 3388 4658; x_wconf 87' lang='lat' dir='ltr'><strong>lu-</strong></span> 
     </span>
    </p>
   </div>
   <div class='ocr_carea' id='block_1_102' title="bbox 1842 4686 3386 4765">
    <p class='ocr_par' dir='ltr' id='par_1_102' title="bbox 1842 4686 3386 4765">
     <span class='ocr_line' id='line_1_102' title="bbox 1842 4686 3386 4765; baseline 0.008 -29"><span class='ocrx_word' id='word_1_585' title='bbox 1842 4686 1920 4738; x_wconf 81' lang='lat' dir='ltr'><strong>eis</strong></span> <span class='ocrx_word' id='word_1_586' title='bbox 1958 4703 1970 4738; x_wconf 91' lang='lat'><strong>:</strong></span> <span class='ocrx_word' id='word_1_587' title='bbox 2003 4702 2034 4740; x_wconf 92' lang='grc' dir='ltr'><strong>ο</strong></span> <span class='ocrx_word' id='word_1_588' title='bbox 2061 4696 2209 4755; x_wconf 85' lang='lat' dir='ltr'><strong>porta</strong></span> <span class='ocrx_word' id='word_1_589' title='bbox 2239 4688 2517 4757; x_wconf 84' lang='lat' dir='ltr'><strong>impervia,</strong></span> <span class='ocrx_word' id='word_1_590' title='bbox 2542 4693 2692 4760; x_wconf 84' lang='lat' dir='ltr'><strong>aperi</strong></span> <span class='ocrx_word' id='word_1_591' title='bbox 2731 4694 2860 4747; x_wconf 89' lang='lat' dir='ltr'><strong>mibi</strong></span> <span class='ocrx_word' id='word_1_592' title='bbox 2886 4696 2998 4750; x_wconf 88' lang='lat' dir='ltr'><strong>vias</strong></span> <span class='ocrx_word' id='word_1_593' title='bbox 3024 4696 3386 4765; x_wconf 63' lang='lat' dir='ltr'><strong>pmnitcntim:</strong></span> 
     </span>
    </p>
   </div>
   <div class='ocr_carea' id='block_1_103' title="bbox 1840 4779 3380 4843">
    <p class='ocr_par' dir='ltr' id='par_1_103' title="bbox 1840 4779 3380 4843">
     <span class='ocr_line' id='line_1_103' title="bbox 1840 4779 3380 4843; baseline 0.007 -16"><span class='ocrx_word' id='word_1_594' title='bbox 1840 4789 1871 4827; x_wconf 94' lang='grc' dir='ltr'><strong>ο</strong></span> <span class='ocrx_word' id='word_1_595' title='bbox 1893 4785 2030 4829; x_wconf 89' lang='lat' dir='ltr'><strong>terra</strong></span> <span class='ocrx_word' id='word_1_596' title='bbox 2062 4788 2268 4843; x_wconf 87' lang='lat' dir='ltr'><strong>sancta,</strong></span> <span class='ocrx_word' id='word_1_597' title='bbox 2290 4779 2461 4833; x_wconf 89' lang='lat' dir='ltr'><strong>deduc</strong></span> <span class='ocrx_word' id='word_1_598' title='bbox 2489 4797 2572 4834; x_wconf 90' lang='lat' dir='ltr'><strong>me</strong></span> <span class='ocrx_word' id='word_1_599' title='bbox 2603 4783 2671 4836; x_wconf 83' lang='lat' dir='ltr'><strong>in</strong></span> <span class='ocrx_word' id='word_1_600' title='bbox 2701 4792 2897 4838; x_wconf 89' lang='lat' dir='ltr'><strong>terram</strong></span> <span class='ocrx_word' id='word_1_601' title='bbox 2935 4798 3335 4841; x_wconf 87' lang='lat' dir='ltr'><strong>mansuetorum</strong></span> <span class='ocrx_word' id='word_1_602' title='bbox 3367 4805 3380 4839; x_wconf 92' lang='lat'><strong>:</strong></span> 
     </span>
    </p>
   </div>
   <div class='ocr_carea' id='block_1_104' title="bbox 1839 4867 3380 4943">
    <p class='ocr_par' dir='ltr' id='par_1_104' title="bbox 1839 4867 3380 4943">
     <span class='ocr_line' id='line_1_104' title="bbox 1839 4867 3380 4943; baseline 0.008 -25"><span class='ocrx_word' id='word_1_603' title='bbox 1839 4880 1871 4919; x_wconf 88' lang='grc' dir='ltr'><strong>ο</strong></span> <span class='ocrx_word' id='word_1_604' title='bbox 1905 4867 2150 4934; x_wconf 85' lang='lat' dir='ltr'><strong>Domina,</strong></span> <span class='ocrx_word' id='word_1_605' title='bbox 2177 4869 2343 4923; x_wconf 86' lang='lat' dir='ltr'><strong>libera</strong></span> <span class='ocrx_word' id='word_1_606' title='bbox 2372 4886 2454 4925; x_wconf 89' lang='lat' dir='ltr'><strong>me</strong></span> <span class='ocrx_word' id='word_1_607' title='bbox 2483 4871 2550 4924; x_wconf 92' lang='lat' dir='ltr'><strong>ab</strong></span> <span class='ocrx_word' id='word_1_608' title='bbox 2578 4873 2724 4927; x_wconf 91' lang='lat' dir='ltr'><strong>omni</strong></span> <span class='ocrx_word' id='word_1_609' title='bbox 2766 4879 3080 4943; x_wconf 88' lang='lat' dir='ltr'><strong>passionum</strong></span> <span class='ocrx_word' id='word_1_610' title='bbox 3117 4878 3380 4930; x_wconf 90' lang='lat' dir='ltr'><strong>dominio.</strong></span> 
     </span>
    </p>
   </div>
   <div class='ocr_carea' id='block_1_105' title="bbox 2080 5069 3132 5136">
    <p class='ocr_par' dir='ltr' id='par_1_105' title="bbox 2080 5069 3132 5136">
     <span class='ocr_line' id='line_1_105' title="bbox 2080 5069 3132 5136; baseline 0.011 -18"><span class='ocrx_word' id='word_1_611' title='bbox 2080 5069 2162 5118; x_wconf 75' lang='lat' dir='ltr'><strong>Ea:</strong></span> <span class='ocrx_word' id='word_1_612' title='bbox 2199 5083 2392 5119; x_wconf 81' lang='lat' dir='ltr'><strong>canone</strong></span> <span class='ocrx_word' id='word_1_613' title='bbox 2429 5069 2575 5136; x_wconf 69' lang='lat' dir='ltr'><strong>feria:</strong></span> <span class='ocrx_word' id='word_1_614' title='bbox 2608 5086 2666 5124; x_wconf 83' lang='lat' dir='ltr'><strong>tu</strong></span> <span class='ocrx_word' id='word_1_615' title='bbox 2693 5073 2760 5124; x_wconf 83' lang='lat' dir='ltr'><strong>ad</strong></span> <span class='ocrx_word' id='word_1_616' title='bbox 2794 5072 3132 5130; x_wconf 80' lang='lat' dir='ltr'><strong>Matutiuum.</strong></span> 
     </span>
    </p>
   </div>
   <div class='ocr_carea' id='block_1_106' title="bbox 1907 5168 3385 5243">
    <p class='ocr_par' dir='ltr' id='par_1_106' title="bbox 1907 5168 3385 5243">
     <span class='ocr_line' id='line_1_106' title="bbox 1907 5168 3385 5243; baseline 0.01 -21"><span class='ocrx_word' id='word_1_617' title='bbox 1907 5168 1950 5223; x_wconf 92' lang='grc' dir='ltr'><strong>Ο</strong></span> <span class='ocrx_word' id='word_1_618' title='bbox 1990 5187 2123 5224; x_wconf 91' lang='lat' dir='ltr'><strong>urna</strong></span> <span class='ocrx_word' id='word_1_619' title='bbox 2159 5173 2454 5239; x_wconf 86' lang='lat' dir='ltr'><strong>rationalis,</strong></span> <span class='ocrx_word' id='word_1_620' title='bbox 2494 5193 2614 5243; x_wconf 64' lang='lat' dir='ltr'><strong>quae</strong></span> <span class='ocrx_word' id='word_1_621' title='bbox 2649 5178 2927 5235; x_wconf 84' lang='lat' dir='ltr'><strong>Christum</strong></span> <span class='ocrx_word' id='word_1_622' title='bbox 2964 5184 3385 5238; x_wconf 88' lang='lat' dir='ltr'><strong>immortalitatis</strong></span> 
     </span>
    </p>
   </div>
   <div class='ocr_carea' id='block_1_107' title="bbox 1839 5263 3383 5337">
    <p class='ocr_par' dir='ltr' id='par_1_107' title="bbox 1839 5263 3383 5337">
     <span class='ocr_line' id='line_1_107' title="bbox 1839 5263 3383 5337; baseline 0.01 -27"><span class='ocrx_word' id='word_1_623' title='bbox 1839 5275 2031 5314; x_wconf 89' lang='lat' dir='ltr'><strong>manna</strong></span> <span class='ocrx_word' id='word_1_624' title='bbox 2058 5263 2246 5328; x_wconf 88' lang='lat' dir='ltr'><strong>tulisti,</strong></span> <span class='ocrx_word' id='word_1_625' title='bbox 2273 5265 2436 5319; x_wconf 86' lang='lat' dir='ltr'><strong>libera</strong></span> <span class='ocrx_word' id='word_1_626' title='bbox 2465 5282 2569 5328; x_wconf 87' lang='lat' dir='ltr'><strong>me,</strong></span> <span class='ocrx_word' id='word_1_627' title='bbox 2601 5267 2759 5336; x_wconf 77' lang='lat' dir='ltr'><strong>Virgo</strong></span> <span class='ocrx_word' id='word_1_628' title='bbox 2789 5274 3151 5337; x_wconf 81' lang='lat' dir='ltr'><strong>sanctissima,</strong></span> <span class='ocrx_word' id='word_1_629' title='bbox 3177 5289 3204 5326; x_wconf 93' lang='lat' dir='ltr'><strong>a</strong></span> <span class='ocrx_word' id='word_1_630' title='bbox 3238 5289 3383 5326; x_wconf 87' lang='lat' dir='ltr'><strong>mor-</strong></span> 
     </span>
    </p>
   </div>
   <div class='ocr_carea' id='block_1_108' title="bbox 1838 5353 3383 5431">
    <p class='ocr_par' dir='ltr' id='par_1_108' title="bbox 1838 5353 3383 5431">
     <span class='ocr_line' id='line_1_108' title="bbox 1838 5353 3383 5431; baseline 0.01 -26"><span class='ocrx_word' id='word_1_631' title='bbox 1838 5353 2112 5407; x_wconf 79' lang='lat' dir='ltr'><strong>tiferarutn</strong></span> <span class='ocrx_word' id='word_1_632' title='bbox 2143 5358 2456 5423; x_wconf 86' lang='lat' dir='ltr'><strong>passionum</strong></span> <span class='ocrx_word' id='word_1_633' title='bbox 2489 5362 2869 5426; x_wconf 82' lang='lat' dir='ltr'><strong>amaritudine,</strong></span> <span class='ocrx_word' id='word_1_634' title='bbox 2913 5373 2969 5416; x_wconf 90' lang='lat' dir='ltr'><strong>ut</strong></span> <span class='ocrx_word' id='word_1_635' title='bbox 2995 5379 3116 5416; x_wconf 91' lang='lat' dir='ltr'><strong>cum</strong></span> <span class='ocrx_word' id='word_1_636' title='bbox 3165 5367 3285 5431; x_wconf 67' lang='lat' dir='ltr'><strong>litlc,</strong></span> <span class='ocrx_word' id='word_1_637' title='bbox 3319 5383 3383 5420; x_wconf 88' lang='lat' dir='ltr'><strong>ac</strong></span> 
     </span>
    </p>
   </div>
   <div class='ocr_carea' id='block_1_109' title="bbox 1837 5444 2457 5513">
    <p class='ocr_par' dir='ltr' id='par_1_109' title="bbox 1837 5444 2457 5513">
     <span class='ocr_line' id='line_1_109' title="bbox 1837 5444 2457 5513; baseline 0.01 -20"><span class='ocrx_word' id='word_1_638' title='bbox 1837 5444 2031 5510; x_wconf 80' lang='lat' dir='ltr'><strong>pietate</strong></span> <span class='ocrx_word' id='word_1_639' title='bbox 2071 5455 2120 5497; x_wconf 89' lang='lat' dir='ltr'><strong>te</strong></span> <span class='ocrx_word' id='word_1_640' title='bbox 2147 5447 2457 5513; x_wconf 77' lang='lat' dir='ltr'><strong>gloriﬁcent.</strong></span> 
     </span>
    </p>
   </div>
   <div class='ocr_carea' id='block_1_110' title="bbox 1911 5531 3375 5609">
    <p class='ocr_par' dir='ltr' id='par_1_110' title="bbox 1911 5531 3375 5609">
     <span class='ocr_line' id='line_1_110' title="bbox 1911 5531 3375 5609; baseline 0.01 -26"><span class='ocrx_word' id='word_1_641' title='bbox 1911 5531 2070 5600; x_wconf 77' lang='lat' dir='ltr'><strong>Virgo</strong></span> <span class='ocrx_word' id='word_1_642' title='bbox 2089 5533 2257 5587; x_wconf 80' lang='lat' dir='ltr'><strong>Mater</strong></span> <span class='ocrx_word' id='word_1_643' title='bbox 2278 5535 2552 5600; x_wconf 75' lang='lat' dir='ltr'><strong>inviolata,</strong></span> <span class='ocrx_word' id='word_1_644' title='bbox 2576 5547 2630 5591; x_wconf 89' lang='lat' dir='ltr'><strong>tu</strong></span> <span class='ocrx_word' id='word_1_645' title='bbox 2649 5540 3017 5606; x_wconf 64' lang='lat' dir='ltr'><strong>quaeomnium</strong></span> <span class='ocrx_word' id='word_1_646' title='bbox 3042 5557 3099 5595; x_wconf 91' lang='lat' dir='ltr'><strong>es</strong></span> <span class='ocrx_word' id='word_1_647' title='bbox 3126 5542 3375 5609; x_wconf 85' lang='lat' dir='ltr'><strong>Domina,</strong></span> 
     </span>
    </p>
   </div>
   <div class='ocr_carea' id='block_1_111' title="bbox 1837 5623 3376 5697">
    <p class='ocr_par' dir='ltr' id='par_1_111' title="bbox 1837 5623 3376 5697">
     <span class='ocr_line' id='line_1_111' title="bbox 1837 5623 3376 5697; baseline 0.005 -17"><span class='ocrx_word' id='word_1_648' title='bbox 1837 5623 2068 5680; x_wconf 85' lang='lat' dir='ltr'><strong>concede</strong></span> <span class='ocrx_word' id='word_1_649' title='bbox 2088 5624 2238 5679; x_wconf 84' lang='lat' dir='ltr'><strong>nobis</strong></span> <span class='ocrx_word' id='word_1_650' title='bbox 2258 5625 2608 5696; x_wconf 82' lang='lat' dir='ltr'><strong>omnibusqui</strong></span> <span class='ocrx_word' id='word_1_651' title='bbox 2631 5629 2945 5697; x_wconf 77' lang='lat' dir='ltr'><strong>poenitentia</strong></span> <span class='ocrx_word' id='word_1_652' title='bbox 2963 5629 3106 5685; x_wconf 83' lang='lat' dir='ltr'><strong>ducti</strong></span> <span class='ocrx_word' id='word_1_653' title='bbox 3133 5633 3194 5685; x_wconf 82' lang='lat' dir='ltr'><strong>ad</strong></span> <span class='ocrx_word' id='word_1_654' title='bbox 3223 5633 3376 5687; x_wconf 77' lang='lat' dir='ltr'><strong>Chri-</strong></span> 
     </span>
    </p>
   </div>
  </div>
