3948 6304
222 403 352 469 1301

1661 403 2021 464 MARIALE.

3256 354 3260 358 ’
3299 396 3434 461 1302

215 518 311 570 τοῦ
360 516 804 586 πρωτοπλάστου,
846 514 939 569 καί⁸
993 515 1385 580 συνδεσμοῦντα
1436 515 1605 586 αὐτὴν
1661 515 1774 576 τοῖς

1917 515 2036 568 lasti
2076 513 2311 573 vincula,
2354 513 2550 581 quibus
2595 510 2855 564 diuturno
2923 518 3166 578 tempore
3225 511 3439 562 vinctus

217 603 434 673 δεσμοῖς
459 603 556 673 τῆς
579 603 832 670 γλυκείας
863 603 1029 656 αὑτοῦ
1054 605 1401 676 ἀγαπήσεως.

288 784 457 854 Φέρον
471 783 708 855 βρότειον
731 786 944 856 μορφὴν
976 786 1036 837 τὸ
1057 785 1393 856 ἀπαύγασμα
1423 788 1515 841 τοῦ
1542 790 1654 842 Πατ
1666 790 1778 858 ρὸς,

219 876 486 946 Παρθένε,
519 875 764 938 τέτοκας,
800 876 858 929 ὃν
888 877 1190 948 ὑψούμενον
1221 877 1440 948 σταυρῷ
1464 879 1492 931 6
1522 879 1674 948 ἥλιος
1704 879 1780 949 μὴ

220 967 410 1035 φέρων
427 967 558 1036 ὀρᾷν
574 967 1030 1035 ὲμελαίνετο,’καὶ
1058 967 1205 1037 ζόφῳ
1230 969 1479 1038 ἐμειοῦτο
1504 969 1605 1040 τῆς
1630 970 1782 1024 εἰδω-

220 1055 508 1125 λολατρίας
534 1072 547 1087 ⁸
576 1055 657 1109 διὸ
687 1057 783 1111 σὺν
802 1057 994 1128 ὲκείνιρ
1017 1075 1076 1111 σε
1107 1058 1499 1130 μεγαλύνομεν.

234 1253 340 1306 Ἐκ
366 1249 472 1309 τοῦ
490 1257 743 1324 κανόνος
766 1256 876 1324 τῆς
907 1257 1179 1327 πέμπτης
1204 1234 1309 1326 θείς
1364 1260 1473 1314 τὸν
1514 1262 1781 1331 Ὀρθρον.

294 1363 411 1434 Τὴν
474 1365 704 1447 κιϐωτὸν
751 1367 850 1437 τὴν
880 1367 1029 1420 θείαν
1077 1369 1175 1438 τὴν
1202 1371 1530 1441 χωρήσασαν
1561 1374 1654 1426 τὸν
1692 1375 1786 1428 τοῦ

227 1455 395 1522 νόμου
438 1457 695 1526 πάροχον,
735 1459 892 1528 ἡμῶν
918 1459 1014 1522 τὰς
1037 1461 1266 1530 ἀνομίας
1302 1463 1483 1526 πάσας
1523 1464 1789 1535 ἀφαιρού-

227 1563 392 1612 μενον
433 1547 501 1600 δι’
535 1549 935 1620 εὐσπλαγχνίας
984 1551 1154 1615 θείας,
1206 1553 1498 1623 ἀδιήγητον
1531 1555 1786 1624 πέλαγος,

223 1635 463 1709 Μαριὰμ
494 1638 591 1708 τὴν
615 1640 989 1711 πανάχραντον
1025 1641 1329 1710 συμφώνως
1372 1645 1784 1716 μακαρίσωμεν.

1881 604 2076 666 fuerat,
2108 604 2356 659 dissolvit
2390 603 2621 658 vinculis
2669 602 2803 665 suis,
2841 611 3000 670 atque
3035 599 3284 655 eumdem
3319 600 3442 652 dul-

1879 697 2112 752 cissima:
2142 697 2420 749 eharitatis
2451 711 2563 747 suae
2597 693 2824 747 vinculis
2865 692 3154 759 colligavit.

1954 789 2233 857 Peperisti,
2280 802 2311 839 ο
2362 785 2544 855 Virgo,
2597 784 2937 852 splendorem
2989 783 3165 834 Patris
3208 781 3444 833 humana

1882 869 2057 936 forma
2078 881 2395 950 praeditum;
2432 893 2590 948 quem
2613 879 2664 930 in
2690 875 3149 930 cruccexaltatum
3163 873 3242 926 sol
3263 873 3445 926 videre

1884 988 1989 1026 non
2022 972 2318 1033 sustinens,
2351 970 2671 1023 obscuratus
2701 976 2804 1030 est,
2832 975 2885 1020 et
2921 964 3155 1019 tenebris
3190 962 3446 1016 idoloma-

1885 1064 1987 1117 nia:
2015 1063 2317 1115 minoratus
2348 1079 2360 1114 :
2392 1068 2676 1129 propterea
2711 1072 2819 1111 una
2844 1071 2969 1111 eum
2998 1055 3088 1108 illo
3123 1065 3174 1108 te
3201 1052 3448 1118 magniﬁ-

1887 1171 2090 1210 camus.

2133 1263 2218 1317 Ea:
2243 1278 2439 1317 canone
2481 1261 2628 1329 feria:
2668 1274 2700 1312 ν
2732 1260 2802 1311 ad
2838 1257 3183 1310 Matutin’um.

1957 1372 2153 1427 Arcam
2193 1370 2454 1434 divinam,
2481 1367 2843 1421 continentem
2888 1363 3017 1432 legis
3058 1363 3319 1421 datorem,
3360 1359 3449 1425 qui

1891 1479 2080 1518 omnes
2123 1462 2436 1530 iniquitates
2487 1468 2704 1514 nostras
2742 1464 2963 1527 propter
3013 1456 3221 1509 viscera
3259 1453 3454 1506 divina:

1892 1553 2278 1610 misericordia:
2324 1567 2437 1606 sua:
2483 1549 2660 1606 aufert
2710 1567 2724 1602 :
2769 1548 3016 1618 pelagum
3063 1544 3450 1600 inenarrabile.

1893 1647 2113 1701 Mariam
2152 1645 2220 1700 ab
2273 1642 2421 1698 omni
2475 1641 2684 1696 macula
2726 1640 3047 1701 immunem,
3099 1650 3206 1690 una
3266 1649 3453 1688 omnes

1893 1754 2024 1793 voce
2048 1738 2458 1807 magniﬁeemus
2493 1733 2626 1804 (16).

298 1813 442 1878 Νοῦς
493 1815 694 1878 ἐννοεῖν
743 1819 802 1872 οὐ
838 1818 1057 1874 δύναται
1116 1822 1204 1875 τὸν
1254 1825 1390 1894 ὑπὲρ
1425 1826 1549 1880 νοῦν
1573 1828 1793 1882 τοκετὸν

1966 1826 2167 1896 Nequit-
2193 1827 2450 1897 cogitatio
2487 1825 2796 1893 excogitare
2829 1818 3301 1889 inexcogitabilem
3329 1832 3455 1897 par:

225 1902 329 1971 τῆς
349 1902 667 1973 θαυμαστῆς
687 1906 917 1976 Δοχείας
948 1924 1063 1970 σου,
1083 1909 1444 1985 Θεογεννῆτορ
1459 1916 1579 1984 Μητ
1588 1933 1648 1984 ρο
1658 1917 1790 1986 πάρ-

227 1992 372 2056 θενε,
406 1993 506 2056 διὸ,
541 1995 767 2048 ἱκετεύω
797 2015 896 2064 σε,
931 1998 1020 2052 τὸν
1049 2000 1172 2054 νοῦν
1195 2018 1318 2072 μου,
1347 2006 1665 2075 χαρίτωσον,
1698 2009 1790 2061 τοῦ

227 2083 320 2134 ἀεὶ
357 2075 597 2148 δοξάζειν
629 2101 709 2139 σε.

303 2174 658 2243 Σαρκωθέντα
705 2177 797 2229 τὸν
838 2179 1010 2246 Λόγον
1059 2182 1330 2255 ὑπερϐολῇ
1391 2187 1793 2258 εὐσπλαγχνίας

229 2266 485 2336 ἀῤῥήτως
540 2269 882 2338 ἀπεκύησας,
921 2273 1081 2325 αὑτὸν
1127 2275 1660 2348 δυσὼπει,ἇχραντε,
1687 2283 1794 2334 τῶν

234 2356 512 2425 σαρκικῶν
560 2358 767 2422 πάντας
818 2361 1108 2429 μολυσμῶν
1165 2365 1610 2436 ἐκλυτρώσασθαι
1639 2410 1653 2436 ,
1702 2372 1794 2434 καὶ

233 2448 452 2501 πάντων
488 2447 762 2522 δυσχερῶν
786 2452 891 2506 τῶν
919 2452 1012 2505 τοῦ
1053 2454 1195 2524 βίου.

318 2627 408 2691 Ὦς
439 2629 574 2699 μόνη
603 2631 709 2683 τῶν
753 2633 999 2701 ἀγγέλων
1049 2638 1296 2708 χαρμονὴ
1331 2623 1502 2709 χαρᾶς
1533 2658 1633 2709 μου
1663 2642 1797 2713 πλή-

235 2736 436 2790 ρωσον,
459 2721 852 2793 Θεοχαρίτωτε,
881 2727 978 2796 τὴν
1001 2728 1242 2782 διάνοιαν
1272 2731 1795 2800 σκυθρωπάζουσαν,

233 2810 332 2863 καὶ
347 2810 580 2882 ἀμελείᾳ
602 2812 1015 2886 βεϐυθισμένην,

309 2991 549 3061 Οίκὴσας
577 2995 605 3046 6
623 2994 789 3062 Λόγος
813 2995 870 3048 ὲν
897 2997 1093 3065 γαστρί
1124 3015 1238 3062 σου,
1274 3000 1369 3070 τὴν
1407 3001 1573 3054 πάλαι
1601 3005 1657 3056 ὲν
1696 3005 1790 3057 άν-

234 3084 476 3154 θρὼποις
505 3086 756 3138 οίκοῦσαν
770 3089 831 3157 τῇ
852 3089 1155 3157 παραϐάσει
1186 3091 1408 3161 φθορὰν,
1431 3094 1620 3165 Μῆτερ
1638 3096 1794 3166 ἁγνὴ,

234 3175 316 3237 ὡς
342 3173 498 3244 μόνος
526 3174 653 3239 Θεὸς
685 3175 948 3247 ἐξῴκησε,
981 3179 1066 3231 διά
1101 3180 1382 3251 σπλάγχνα
1417 3184 1618 3247 ἐλέους.

326 3443 456 3512 Ἑμὶ
480 3445 570 3498 τδν
599 3444 827 3517 ἀμελείᾳ
880 3448 976 3516 τὴν
1008 3447 1183 3518 ψυχὴν
1218 3449 1593 3522 σκοτιζὸμενον
1660 3473 1802 3521 φωτ-

240 3531 552 3603 αγὼγησον,
586 3533 744 3603 ἁγνὴ,
777 3535 864 3588 τὸν
892 3537 987 3605 τῆς
1037 3539 1258 3606 καρδίας
1302 3557 1401 3607 μου
1458 3545 1801 3610 προσεπανά-

243 3640 452 3677 πτουσα
479 3625 691 3694 λύχνον,
713 3621 770 3680 ὲν
804 3629 1079 3698 προθυμίᾳ
1107 3630 1281 3700 ἀγαθῇ
1317 3633 1462 3694 ὅπως
1483 3634 1686 3697 δοξάζω
1719 3653 1800 3688 σε.

327 3714 497 3784 Ἰσχὺς
555 3719 646 3770 καὶ
701 3717 929 3786 ὕμνησις
975 3721 1206 3790 ὑπάρχει
1251 3725 1277 3773 6
1311 3724 1373 3774 ὲκ
1432 3724 1526 3774 σοῦ
1567 3725 1798 3794 τεχθεὶς,

244 3805 585 3874 πανάμωμε,
631 3807 690 3858 ὃν
735 3808 1032 3860 ὲκδυσώπει
1078 3809 1309 3873 ἐκτενῶς
1352 3814 1680 3881 παρειμένον
1737 3833 1802 3884 με

243 3900 358 3958 τοῖς
401 3898 618 3961 πάθεσι,
656 3899 919 3966 Παρθένε,
954 3900 1232 3968 ἑνισχύσαι
1289 3901 1380 3954 τοῦ
1427 3904 1663 3957 ἐκτελεῖν
1704 3906 1804 3969 τὰς

246 3987 549 4056 σωτηρίους
586 3987 750 4040 αὑτοῦ
775 3989 1063 4054 διατάξεις.

316 4175 594 4242 Φωτισμός
636 4192 735 4242 μου
782 4177 1042 4244 σωτήριος
1098 4177 1381 4250 φάνηθι,ἡ
1441 4182 1690 4249 κυήσασα
1745 4184 1806 4233 το

245 4265 388 4332 φῶς,
410 4265 508 4334 τῆς
536 4265 714 4336 ψυχῆς
738 4284 836 4335 μου
862 4265 930 4318 τὰ
951 4268 1086 4336 νέφη
1117 4268 1385 4323 διώκουσα
1424 4271 1490 4322 τὰ
1512 4273 1682 4324 πολλὰ
1714 4275 1806 4325 καὶ

185 4388 188 4391 -
247 4354 481 4424 χαλεπὰ,
521 4355 665 4416 ὅπως
692 4356 806 4416 υίὸς
830 4355 1039 4425 ἡμέρας
1091 4356 1275 4425 εὐχαῖς
1318 4375 1409 4410 σου
1453 4362 1804 4429 γεννήσομαι,

1893 1926 2004 1970 tum
2035 1892 2789 1981 admirandze'Concoptionis
2825 1919 2947 1972 tum,
2994 1923 3027 1962 0
3079 1906 3171 1958 Dei
3215 1892 3458 1958 Genitri‘x

1894 2010 2059 2078 Virgo
2120 2007 2309 2061 Mater.
2356 2003 2511 2058 Unde
2558 2013 2607 2058 te
2669 2002 2933 2070 deprecor
2990 2007 3046 2051 ut
3093 1995 3456 2061 cogitationi-3

1893 2099 2091 2153 mentis
2123 2111 2254 2149 mea:
2271 2094 2442 2164 gratia
2472 2093 2706 2161 repleas,
2739 2099 2798 2143 ut
2821 2098 2872 2142 te
2895 2102 3106 2156 semper
3133 2083 3453 2152 glorificent.

1967 2189 2125 2260 265
2149 2187 2384 2241 Verbum
2405 2194 2624 2254 propter
2654 2195 2936 2236 excessum
2971 2177 3186 2247 pietatis
3209 2176 3457 2228 incarna-

1897 2289 1984 2336 tus
2012 2277 2352 2332 inelTabilitcr
2403 2273 2658 2343 peperisti
2686 2289 2698 2325 :
2726 2273 2901 2340 ipsum
2931 2268 3250 2338 suppliciter
3269 2281 3457 2329 exora,

1898 2387 1930 2422 ο
1959 2369 2331 2430 immaculata,
2366 2375 2425 2419 ut
2459 2381 2649 2419 onmes
2677 2379 2706 2416 a
2743 2362 3057 2415 carnalibus
3084 2358 3459 2426 inquinatum-

1898 2461 1968 2514 tis
2015 2470 2065 2512 et
2094 2459 2163 2512 ab
2203 2456 2476 2511 universis
2510 2455 2632 2508 vitae
2669 2451 2933 2507 molestiis
2975 2459 3136 2519 atque
3161 2447 3462 2501 adversita-

1901 2550 2048 2602 tibus
2082 2548 2400 2600 liberentur.
3363 2545 3366 2549 '

1969 2640 2071 2705 Tu,
2098 2653 2219 2708 quae
2245 2637 2356 2692 sola
2392 2651 2448 2690 es
2480 2635 2799 2704 angelorum
2838 2630 3046 2694 laetitia,
3078 2621 3262 2698 imple,
3291 2642 3322 2681 ο
3353 2627 3461 2682 Deo

1899 2730 2243 2789 charissima,
2262 2726 2458 2796 gaudio
2481 2733 2713 2778 mentem
2737 2737 2910 2775 meam
2933 2737 3040 2789 prae
3072 2720 3288 2772 tristitia
3322 2734 3458 2773 mce-

1902 2835 2132 2889 roreque
2162 2819 2449 2888 deiectam,
2481 2825 2642 2885 atque
2681 2816 2734 2870 in
2778 2813 3042 2870 socordia:
3073 2813 3337 2881 profunda
3369 2827 3461 2866 vo-

1900 2910 2088 2980 ragine
2121 2910 2444 2962 demersam.
2603 2897 2605 2900 ⁴

1973 3001 2106 3053 Cum
2149 2997 2390 3051 Verbum
2450 2995 2504 3048 in
2538 3003 2694 3048 utero
2729 3003 2823 3047 tuo
2868 2992 3185 3056 habitasset,
3222 3004 3253 3042 ο
3289 2989 3461 3043 Mater

1902 3103 2072 3159 casta,
2116 3094 2544 3163 corruptionem,
2591 3105 2710 3160 qua:
2756 3105 2784 3143 a
2825 3088 3084 3143 diuturno
3119 3095 3360 3154 tempore
3405 3085 3461 3138 in

1825 3153 1867 3209 θ’
1908 3186 2218 3239 hominibus
2273 3191 2504 3252 propter
2558 3180 3050 3250 transgressionem
3105 3179 3462 3234 habitaverat.

1905 3276 2084 3345 ejecit,
2119 3287 2375 3344 tanquam
2400 3273 2548 3330 solus
2571 3271 2730 3337 Deus,
2763 3278 2983 3340 pr0pter
3014 3269 3222 3322 viscera
3253 3267 3464 3321 miseri-

1904 3366 2100 3418 cordiae
2131 3381 2264 3418 suae.

1977 3457 2220 3510 lllumina
2256 3470 2362 3519 me,
2406 3471 2438 3510 0
2478 3463 2648 3516 casta,
2681 3452 2838 3521 cujus
2884 3451 3065 3504 anima
3119 3449 3462 3518 negligentia:
3517 3438 3521 3442 ’

1909 3548 2143 3600 tenebris
2173 3546 2342 3600 oﬂ‘usa
2367 3555 2466 3606 est,
2493 3544 2793 3598 accendens
2826 3544 3103 3597 lucernam
3130 3542 3309 3595 cordis
3339 3542 3463 3604 mei,

1906 3648 1963 3692 ut
1991 3647 2039 3692 te
2067 3655 2262 3706 magna
2294 3638 2457 3690 animi
2502 3637 2779 3689 alacritate
2809 3635 3126 3704 gloriliccm.

1980 3729 2166 3782 Virtus
2205 3741 2252 3782 et
2283 3730 2402 3781 laus
2434 3728 2522 3778 ille
2562 3734 2664 3789 est,
2700 3725 2789 3793 qui
2813 3740 2876 3777 ex
2905 3733 2954 3776 te
2984 3732 3279 3787 natusest,
3326 3739 3358 3776 ο
3403 3723 3468 3776 ab

1906 3820 2051 3873 omni
2087 3836 2235 3873 ηαξνο
2272 3819 2628 3870 mundissima
2671 3815 2837 3881 Virgo
2870 3815 3003 3884 (l7);
3038 3831 3197 3883 quem
3253 3824 3306 3868 tu
3345 3832 3465 3869 cum

1906 3909 2098 3964 all‘ectu
2125 3910 2382 3976 deprecar
2415 3917 2469 3959 ut
2497 3923 2580 3958 me
2609 3907 2955 3974 passioiiibus
3000 3907 3233 3959 fraetum
3265 3909 3465 3960 virtute

1906 4001 2237 4062 corroboret,
2277 4008 2334 4051 ut
2367 3999 2628 4052 salutaria
2667 3999 2837 4065 ipsius
2870 4007 3137 4066 prmeepta
3200 4001 3465 4066 perlicere

1908 4089 2134 4157 possim.

1983 4175 2113 4232 Esto
2137 4175 2392 4230 salutaris
2424 4175 2748 4228 illuminatio
2773 4189 2910 4237 mea,
2939 4183 2992 4227 tu
3026 4190 3143 4243 qure
3171 4176 3349 4229 lucem
3380 4191 3471 4242 pe-

1912 4267 2096 4333 peristi
2125 4283 2138 4329 ;
2184 4265 2476 4332 dispellens
2508 4265 2706 4318 multas
2745 4272 2799 4317 ct
2831 4279 3020 4332 graves
3053 4265 3226 4318 nubes
3273 4265 3467 4316 animre

1915 4372 2068 4420 meas,
2107 4365 2166 4409 ut
2196 4356 2447 4424 precibus
2490 4356 2597 4408 tuis
2632 4354 2833 4408 eﬂlciar
2863 4354 3004 4408 [ilius
3050 4354 3175 4418 diei,
3210 4371 3468 4417 exercens

247 4441 502 4512 πράττων
522 4441 591 4494 τά
618 4443 758 4510 ὅσια,
800 4445 891 4496 καὶ
922 4445 1263 4513 ὑμνολογίαις
1293 4448 1376 4499 ἀεὶ
1402 4449 1690 4518 μακαρίζω
1725 4467 1796 4504 σε.

1917 4464 2076 4519 Opera
2108 4459 2314 4511 saneta,
2367 4456 2526 4513 teque
2568 4447 2801 4500 assiduis
2847 4445 3095 4500 laudibus
3133 4445 3466 4501 beatiﬁcans.

263 4533 363 4587 Ἐκ
390 4532 496 4586 τοῦ
518 4537 776 4602 κανόνος
823 4533 929 4602 τῆς
947 4539 1355 4657 έῖαρασκευῆς
1400 4542 1487 4605 εἰς
1526 4540 1634 4594 τὸν
1666 4543 1804 4610 Ὅρα

983 4622 1108 4657 oar.

976 4622 1108 4672 'por.

331 4693 397 4747 Ἦ
420 4692 750 4764 περικαλλὴς
783 4693 876 4746 καὶ
918 4695 1189 4764 Παρθένος
1223 4696 1507 4763 Δέσποινα,
1543 4699 1602 4750 ὃν
1637 4700 1804 4770 ἐκύη-

277 4873 280 4876 λ
325 4848 433 4917 (16)
463 4847 581 4903 Jam
604 4851 705 4904 hoc
733 4849 788 4903 S.
818 4849 1034 4918 Josephi
1077 4861 1258 4903 votum
1283 4853 1625 4918 adimpletum
1654 4852 1805 4904 vide-

253 4934 397 4978 mus,
456 4919 582 4970 dum
646 4917 957 4972 Christiani
993 4920 1140 4972 orbis
1225 4917 1510 4982 antistites,
1566 4922 1804 4973 illustres

251 4988 576 5044 academias.
647 4988 1030 5041 selectissinms
1093 5003 1263 5056 reges,
1327 4989 1555 5056 inclytos
1603 4990 1804 5056 princi-

254 5071 372 5125 pes,
403 5056 810 5111 ﬂorentissimas
884 5057 1237 5123 respublicas,
1273 5060 1478 5124 integra
1531 5073 1714 5125 regna,
1744 5072 1807 5110 ac

259 5135 430 5194 totum
465 5125 576 5178 fere
627 5125 859 5193 undique
907 5127 1186 5186 mundum,
1223 5126 1278 5177 Β.
1318 5125 1611 5194 Virginem,
1647 5135 1704 5176 ut
1740 5127 1806 5177 ab

257 5193 404 5247 omni
431 5261 437 5263 _
469 5194 682 5263 macula
745 5194 1060 5256 immunem,
1118 5209 1221 5246 una
1273 5193 1434 5247 voce’
1466 5195 1816 5263 magniﬁcare

255 5261 641 5328 conspicimus.
664 5262 872 5316 Paucos
909 5263 1009 5331 iam
1044 5273 1171 5329 puto
1193 5278 1311 5316 esse
1341 5264 1389 5315 in
1420 5261 1678 5326 Ecclesia,
1707 5265 1796 5331 qui

255 5333 357 5399 pia:
385 5331 451 5384 de
499 5331 835 5384 immunitate
882 5331 938 5382 Β.
970 5329 1199 5398 Virginis
1223 5332 1289 5383 ab
1313 5334 1562 5400 originali
1592 5329 1798 5384 macula

257 5401 538 5453 sententiae
590 5401 959 5468 reiragentur;
995 5409 1046 5452 et
1072 5400 1284 5452 etiamsi
1307 5402 1500 5468 aliquis
1525 5402 1573 5453 in
1606 5402 1807 5454 scrinio

257 5470 340 5538 sui
379 5469 610 5538 pectoris
655 5471 1005 5521 arbitraretur
1057 5468 1275 5520 Mariam
1312 5471 1556 5538 originali
1598 5472 1804 5522 macula

256 5537 428 5591 fuisse
478 5537 753 5600 inlectam,
795 5538 882 5589 hic
929 5546 1272 5601 comparatus
1323 5537 1426 5598 his,
1454 5539 1544 5606 qui
1600 5541 1800 5600 animo,

255 5620 443 5671 sensu,
471 5621 533 5659 ac
568 5621 697 5659 voce
726 5607 958 5658 clamant
989 5606 1336 5673 purissimum
1387 5607 1622 5674 Deiparae
1671 5623 1803 5661 con-

256 5684 493 5745 ceptum,
520 5676 630 5740 jam
664 5676 842 5734 nullus
876 5676 1103 5737 videtur,
1134 5691 1252 5727 cum
1277 5692 1338 5728 ex
1367 5680 1528 5728 veteri
1579 5694 1800 5745 prover-

257 5744 367 5811 bio,
411 5760 551 5799 unus
580 5745 649 5799 sit
676 5746 870 5810 nullus,
895 5759 990 5797 nec
1021 5759 1310 5812 paucorum
1350 5744 1589 5800 habenda
1619 5749 1685 5800 sit
1715 5764 1799 5800 ra-

2159 4538 2243 4590 Ex
2267 4555 2462 4592 canone
2487 4535 2634 4607 feria:
2665 4553 2716 4590 VI
2757 4537 2826 4589 ad
2878 4535 3223 4592 Matutinum.

1985 4701 2211 4757 Domina
2247 4696 2596 4768 pulcherrina
2646 4704 2699 4749 et
2751 4693 2936 4764 Virgo,
2984 4707 3106 4748 cum
3153 4693 3363 4749 videret
3417 4697 3468 4748 in

1905 4852 2000 4914 tio,
2039 4858 2097 4903 ut
2159 4852 2232 4903 ait
2274 4848 2431 4902 Joan.
2471 4849 2716 4901 Damasc.
2758 4858 2897 4901 orat.
2951 4863 2964 4899 ι
3000 4851 3064 4901 de
3114 4848 3464 4914 imaginibus.

1905 4921 2036 4984 Quis
2073 4931 2254 4972 autem
2298 4932 2492 4985 negare
2544 4917 2715 4985 possit
2760 4919 2898 4970 inter
2942 4916 3250 4970 Catholicos
3281 4923 3463 4982 paucis

1907 4989 2188 5041 maculatae
2251 4986 2650 5054 conceptionis
2725 4988 3096 5053 opinatoribus
3180 4988 3462 5052 plusquam

1906 5067 2116 5110 centum
2153 5057 2296 5108 mille
2332 5056 2608 5123 purissimi
2675 5065 2967 5121 conceptus
3024 5064 3322 5107 assertores
3371 5058 3470 5108 ob—

1882 5126 2023 5179 vios
2060 5142 2201 5178 nunc
2239 5141 2379 5187 esse,
2409 5133 2461 5177 et
2488 5126 2842 5192 impostcrutn
2869 5125 3117 5177 futuros?

1978 5195 2089 5259 (l7)
2122 5195 2474 5262 Perspicuum
2524 5192 2666 5259 apud
2720 5209 2803 5245 me
2853 5204 2933 5246 est
2984 5193 3037 5244 Β.
3079 5192 3365 5260 Virginem,
3422 5195 3468 5246 si

1907 5262 2020 5320 haee
2060 5264 2111 5314 in
2162 5265 2335 5328 primo
2368 5264 2584 5314 instanti
2614 5263 2694 5315 Siti
2727 5278 2848 5316 esse
2881 5263 3178 5314 sorduisset
3223 5262 3467 5327 originali

1905 5344 2123 5395 peccato
2170 5333 2332 5400 (quod
2366 5347 2471 5383 non
2514 5333 2687 5385 solum
2742 5347 2942 5400 nzevus.
2982 5331 3071 5381 sed
3147 5331 3463 5400 turpissima

1916 5402 2124 5453 macula
2151 5399 2274 5468 est),
2305 5401 2437 5453 l‘also
2485 5402 2586 5453 dici
2635 5417 2664 5452 a
2708 5401 2761 5453 S.
2810 5399 3040 5466 .losvpho
3088 5399 3356 5468 absolute,
3402 5401 3467 5450 ab

1913 5471 2057 5522 onmi
2102 5486 2253 5522 naevo
2294 5468 2699 5523 mundissimam
2738 5485 2749 5519 :
2783 5484 2903 5521 cum
2966 5468 3128 5535 igitur
3179 5467 3312 5519 falso
3363 5483 3465 5518 non

1911 5542 2142 5603 dicatur,
2195 5538 2288 5591 sed
2341 5554 2480 5598 vere,
2546 5541 2787 5606 sequitur
2838 5539 3006 5603 ipsam
3044 5554 3141 5606 rex
3223 5537 3460 5602 ejusdem

1913 5608 1967 5661 S.
2001 5607 2220 5678 .losephi
2289 5617 2466 5660 mente
2521 5605 2800 5674 originalis
2851 5605 3233 5678 peccatitnevo
3273 5606 3326 5657 in
3367 5621 3462 5658 sua

1909 5675 2256 5747 conceptione
2285 5693 2406 5731 vere
2441 5679 2850 5733 mundissimam
2893 5675 3181 5729 exstitisse.
