3948 6304
547 349 675 411 13οἹ

1663 353 1718 412 S.
1765 352 2074 412 JOSEPHI
2114 351 2664 412 I-IYMNOGBAPIII

3622 335 3744 400 130i

543 461 689 527 ligno
715 457 1019 512 voluntarie
1047 457 1344 512 exaltatum
1377 458 1572 512 filium
1609 474 1769 527 quem
1794 470 2093 528 pepererat,

2199 477 2287 512 σεν
2317 461 2442 512 Υῐὸν
2474 460 2790 530 θεωρήσασα
2842 459 2898 510 ὲν
2947 456 3088 524 ξύλῳ
3150 450 3431 522 ὑψωθέντα
3483 448 3740 518 βουλήσει,

539 564 662 601 cum
695 549 880 602 dolore
919 549 1280 617 ingemiscens
1323 550 1664 604 exclamabat
1698 567 1711 603 :
1775 549 1819 604 Ο
1854 550 2097 619 piissime

543 639 770 694 Domine
799 641 939 695 Deus
957 643 1197 695 omnium
1221 682 1235 708 ,
1260 644 1555 712 quomodo,
1583 659 1708 698 cum
1737 645 1812 698 sis
1837 643 2099 697 Dominus

542 733 744 799 gloriae,
777 733 880 788 ista
920 736 1159 802 pateris?

612 822 739 876 Post
767 833 978 892 partum
1010 827 1161 894 virgo
1207 835 1527 880 conservata
1575 842 1656 892 es,
1698 842 1730 879 ο
1772 834 1943 887 casta,
1979 838 2100 892 qua:

545 912 713 968 Deum
754 915 1092 968 incarnatum
1147 917 1426 984 peperisti,
1466 918 1557 986 qui
1599 916 1746 970 cruci
1798 913 2099 968 voluntarie

544 1005 734 1059 aﬂixus
759 1015 860 1058 est.

615 1091 768 1145 Velut
815 1092 1026 1162 lorceps
1062 1095 1303 1149 divinum
1354 1097 1642 1151 carbonem
1692 1094 2004 1162 suscepisti,
2066 1109 2100 1147 ο

544 1181 707 1250 Virgo
731 1183 894 1253 266
908 1183 1105 1251 Mater;
1130 1185 1220 1253 qui
1246 1199 1350 1238 non
1379 1184 1554 1238 soluat
1575 1198 1679 1236 non
1706 1183 2099 1237 combussitvel

541 1273 764 1327 minima
800 1291 862 1328 ex
898 1279 1068 1343 parte,
1099 1278 1190 1330 sed
1233 1278 1412 1344 potius
1441 1289 1561 1328 rore
1605 1275 1862 1342 respersit
1917 1275 2100 1328 incor-

445 1411 448 1414 ,
541 1372 758 1433 ruptum
789 1366 1144 1435 divinumque
1195 1377 1403 1420 uterum
1452 1376 1624 1428 tuum,
1663 1381 1821 1434 quem
1858 1380 1980 1419 cum
2023 1365 2100 1418 vi—

538 1448 773 1510 deresa‘n
806 1457 951 1526 ligno
970 1457 1272 1511 voluntarie
1302 1458 1602 1510 secundum
1647 1471 1862 1511 carnem
1897 1456 2100 1510 exalta-

541 1553 679 1607 tum,
700 1544 912 1614 hymnis
935 1545 1298 1612 g!orilicabas.

607 1635 742 1687 Cum
794 1635 1029 1700 videres,
1080 1651 1112 1689 0
1167 1648 1320 1692 casta
1366 1635 1553 1706 Virgo,
1608 1637 1659 1689 in
1711 1635 1861 1705 ligno
1919 1635 2098 1690 crucis

539 1722 778 1787 allixum,
808 1732 862 1776 et
892 1725 1076 1778 lancea
1130 1724 1181 1777 in
1222 1726 1391 1778 latere
1442 1726 1749 1780 confossum
1807 1724 1956 1777 illum
2005 1723 2096 1792 qui

537 1812 664 1866 olim
701 1825 763 1865 ex
803 1813 990 1867 lateris
1021 1825 1169 1868 costa
1200 1816 1364 1867 Evam
1395 1813 1645 1868 formavit
1677 1831 1689 1866 :
1720 1823 1968 1867 materno
1996 1815 2093 1867 do-

539 1902 654 1957 lore
681 1911 822 1957 tacta
856 1905 1203 1958 exclamabas
1235 1923 1246 1958 :
1285 1903 1569 1968 Quomodo
1617 1905 1870 1970 moreris,
1904 1917 1935 1956 ο
1992 1901 2096 1956 Fili

538 1995 635 2059 mi,
661 1995 752 2064 qui
781 2011 838 2050 es
857 1994 963 2048 vita
990 1996 1314 2051 immortalis
1339 1998 1352 2049 !

608 2084 724 2138 Non
760 2096 932 2155 potest
960 2101 1113 2140 mens
1143 2087 1449 2153 hominum,
1475 2101 1506 2140 ο
1539 2085 1722 2139 Puella
1760 2086 1907 2139 omni
1939 2084 2100 2139 laude

538 2179 875 2247 dignissima,
913 2180 1238 2231 miracu'um
1282 2188 1467 2246 partus
1510 2179 1585 2231 tui
1626 2195 1638 2230 :
1675 2187 1729 2231 tu
1756 2177 1902 2232 enim
1936 2190 2099 2246 super

537 2285 754 2324 omnem
790 2271 986 2324 mentis
1017 2270 1369 2339 capacitatem
1402 2269 1680 2338 peperisti.

608 2360 687 2414 Tu
720 2361 856 2422 sola,
893 2375 924 2413 ο
965 2371 1134 2422 casta,
1186 2361 1597 2428 conceptionem
1649 2356 1997 2423 inell'abilem,
2045 2370 2094 2414 et

538 2460 752 2520 partum
791 2452 1212 2518 inenarrabilem
1247 2452 1512 2515 habuisti,
1570 2467 1691 2520 qua:
1746 2466 1972 2519 corpore
2001 2466 2094 2504 ve-

537 2541 676 2595 stisti
711 2540 1029 2605 Dominum,
1070 2540 1162 2608 qui
1195 2541 1494 2594 secundum
1543 2553 1758 2592 carnem
1802 2537 2094 2592 cruciﬁxus

537 2641 641 2690 cst,
670 2628 933 2683 Eumdem
961 2645 1058 2683 nos
1088 2629 1368 2684 laudantes
1393 2629 1691 2683 clamamus
1726 2647 1738 2681 :
1771 2627 2094 2683 Benedictus

536 2731 620 2787 es;
649 2722 789 2776 Deus
822 2732 1036 2790 patrum
1071 2731 1404 2786 nostrorum,
1428 2730 1531 2774 etc.

607 2810 684 2864 Te
717 2826 906 2864 urnam
931 2826 1173 2872 auream,
1203 2819 1256 2864 et
1286 2810 1670 2864 candelabrum
1697 2826 1710 2874 ;
1744 2824 2011 2874 mensam,
2042 2817 2095 2863 et

538 2904 777 2971 virgam;
804 2911 1039 2954 montem
1063 2902 1304 2955 divinum
1325 2909 1377 2954 et
1404 2901 1626 2964 nubent,
1649 2901 1906 2968 palatium
1935 2898 2096 2968 Regis

539 3003 590 3046 ct
618 2992 874 3046 thronum
907 2989 1268 3061 igniformem,
1293 2991 1475 3046 fideles
1502 3005 1693 3045 omnes
1721 2991 2091 3053 nominamus,

537 3095 572 3132 0
616 3083 864 3149 Dcipara,
911 3096 1031 3149 quae
1080 3089 1200 3149 post
1272 3088 1485 3148 partum
1547 3079 1700 3145 virgo
1772 3087 2091 3133 conservata

541 3171 712 3224 fuisti.

610 3260 828 3314 Solares
881 3259 1014 3313 radii
1050 3259 1292 3314 videntes
1330 3259 1743 3319 crucifixionem,
1785 3268 1956 3324 tuam,
1994 3259 2096 3312 Fili

541 3357 635 3422 mi,
661 3355 975 3409 defecerunt
1000 3370 1014 3406 :
1038 3363 1090 3406 et
1107 3352 1379 3421 quomodo
1400 3352 1702 3405 obstinatus
1743 3349 2094 3403 Hebraeorum

539 3445 766 3515 populus
793 3459 900 3498 non
929 3442 1144 3506 defecit,
1171 3442 1262 3510 qui
1302 3441 1461 3494 morti
1491 3441 1712 3494 tradidit
1744 3449 1794 3494 te
1839 3441 1961 3492 vita:
1997 3447 2094 3492 au-

539 3537 784 3592 ctorem?
810 3537 906 3590 llis
944 3535 1168 3589 vocibus
1202 3533 1430 3602 Deipara
1465 3533 1947 3601 utebatur;quam
1977 3531 2095 3586 sine

539 3629 841 3684 cessatione
872 3626 1307 3695 magniﬁcamus.

786 3751 868 3806 Ea:
905 3766 1099 3805 canone
1139 3748 1361 3806 Sabbati
1409 3748 1476 3803 ad
1512 3747 1853 3804 Matutinum.

607 3899 706 3961 Te,
739 3912 770 3951 ο
799 3897 1129 3958 castissima,
1163 3911 1284 3963 qua}
1319 3895 1486 3947 Deum
1522 3894 1574 3947 in
1607 3908 1772 3947 carne
1814 3895 2095 3962 peperisti,

539 3990 789 4055 religiosa
822 3998 1000 4038 mente
1034 3986 1366 4037 incessanter
1419 3984 1751 4037 honoramus
1785 3997 1908 4036 cum
1933 3998 2097 4038 vene-

542 4079 724 4132 randis
752 4069 1092 4139 mulieribus,
1140 4089 1264 4143 qua:
1297 4074 1688 4128 exercitatione
1724 4074 2009 4129 illustrataa
2039 4079 2093 4129 in

538 4170 855 4231 certamine,
889 4168 1097 4220 hostem
1129 4166 1464 4233 deiecerunt.

605 4259 739 4323 Nos,
772 4273 804 4310 ο
827 4257 1151 4320 castissima,
1177 4271 1268 4324 per
1302 4265 1514 4323 partum
1548 4263 1698 4308 tuum
1730 4255 2092 4310 venerabilem

537 4351 761 4415 salvati;
826 4365 947 4403 cum
977 4347 1244 4402 Gabrielis
1287 4361 1418 4400 voce
1453 4347 1515 4399 ad
1547 4356 1597 4400 te
1641 4348 1867 4401 ﬁdeliter
1889 4349 2093 4403 clama-

2123 3141 2170 3202 C

2203 551 2434 619 ἠλάλαζε
2453 551 2627 619 βοῶσα
2651 553 2707 602 έν
2739 550 2895 625 pawn
2925 565 2938 578 ·
2964 548 3062 598 Θεὲ
3084 546 3192 597 τῶν
3230 545 3363 596 ὅλων
3393 540 3740 608 εὖσπλαγχνε,

2202 642 2401 713 Κύριος
2430 642 2504 695 ὢν
2533 643 2627 712 τῆς
2648 641 2824 710 δόξης,
2856 639 2972 702 πῶς
3001 636 3169 690 ταῦτα
3196 635 3442 703 πάσχεις,
3473 630 3738 696 Δέσποτα;

2272 827 2672 893 Συντετήρησαι
2715 822 2807 874 καὶ
2833 819 2968 889 μετά
3010 818 3165 870 τόκον
3205 813 3488 884 παρθένος,
3535 813 3569 880 ἡ
3600 811 3740 874 Θεὸν,

2200 917 2358 985 ἁγνὴ,
2385 917 2583 981 τέξασα
2641 911 3073 982 σεσαρκωμένον,
3096 908 3184 962 τὸν
3212 904 3428 975 σταυρῷ
3475 902 3744 973 προσηλω-

2202 1007 2360 1058 θέντα
2387 1007 2706 1076 βουλήματι.

2272 1099 2374 1151 Τὸν
2403 1097 2647 1166 ἄνθρακα
2673 1096 2746 1157 ὡς
2785 1093 2938 1156 λαϐὶς
2964 1091 3053 1143 τὸν
3075 1091 3213 1144 θεῖον
3242 1087 3467 1151 δέδεξαι,
3491 1086 3554 1138 οὐ
3585 1100 3744 1136 κατασ

2203 1191 2464 1258 φλέγοντα
2490 1189 2642 1250 ὅλως,
2660 1185 2970 1256 δροσίζοντα
2986 1183 3040 1236 δὲ
3065 1183 3282 1252 μᾶλλον,
3302 1177 3742 1249 Μητροπάρθενε,

2199 1284 2296 1352 τὴν
2322 1283 2554 1350 ἄφθορον
2591 1279 2684 1332 καὶ
2704 1279 2852 1330 θείαν
2873 1277 3034 1346 νηδύν
3059 1293 3173 1336 σου,
3207 1275 3266 1327 ὃν
3288 1272 3560 1342 βλέπουσα
3593 1269 3746 1339 σαρκὶ

2203 1372 2504 1442 ὑψούμενον
2543 1369 2859 1433 ἐθελουσίως
2883 1370 2938 1421 ὲν
2972 1367 3109 1437 ξύλῳ
3140 1367 3327 1436 ὑμνοῖς
3347 1363 3614 1426 ὲδόξαζες.

2271 1644 2674 1715 Σταυροῦμενον
2707 1643 2764 1696 ὲν
2792 1641 2933 1710 ξύλῳ
2961 1638 3054 1692 καὶ
3083 1638 3181 1708 τὴν
3232 1634 3471 1706 πλευρὰν
3498 1634 3565 1702 τῇ
3589 1631 3748 1702 λόγχῃ

2201 1737 2552 1805 ὀρυττόμενον
2582 1735 2681 1790 τὸν
2721 1734 2785 1786 ὲκ
2805 1732 3042 1800 πλευρᾶς
3066 1729 3235 1782 πάλαι
3277 1723 3743 1795 δημιουργήσαντα

2134 1792 2174 1846 Β
2199 1793 2294 1899 τὸν
2329 1792 2490 1892 [SB-av,
2513 1827 2651 1894 ἁγνὴ
2667 1821 2928 1894 Παρθένε,
2946 1792 3261 1890 θεωροῦσα,
3291 1792 3518 1874 ἀνεδόάς
3558 1827 3741 1879 μητρι-

2205 1920 2335 1982 κῶς’
2373 1920 2494 1982 Πῶς
2542 1917 2813 1987 θνήσκεις,
2839 1914 2933 1966 Υῐέ
2972 1927 3096 1982 μου,
3124 1912 3158 1980 ἠ
3207 1906 3320 1976 ζωὴ
3367 1905 3400 1974 ἠ
3439 1902 3741 1962 ἀθάνατοςὶ

2269 2102 2426 2153 Νοεῖν
2457 2099 2517 2152 οὗ
2551 2097 2726 2150 σθένει
2759 2094 2818 2148 τὸ
2871 2093 3012 2162 ὑπὲρ
3043 2089 3202 2160 φύσιν
3224 2086 3318 2140 τοῦ
3366 2082 3585 2138 τοκετοῦ
3634 2099 3741 2140 σου,

2200 2193 2532 2262 πανύμνητε,
2562 2188 2684 2249 νοῦς
2737 2184 3060 2254 ἀνθρώπων,
3093 2181 3264 2251 Κόρη·
3295 2177 3435 2248 ὑπὲρ
3471 2174 3596 2229 νοῦν
3643 2171 3747 2240 γάρ

2199 2283 2262 2334 σὺ
2287 2282 2507 2343 τίκτεις.

2257 2371 2486 2439 Κύησιν,
2520 2367 2678 2436 ἁγνὴ,
2704 2363 3032 2433 ἀσύγκριτον
3055 2361 3144 2413 καὶ
3178 2358 3334 2412 τόκον
3351 2355 3745 2426 ἀνερμήνευτον

2200 2465 2331 2531 μόνη
2364 2461 2537 2528 ἔσχες,
2579 2458 2669 2509 τὸν
2701 2454 2975 2522 Δεσπότην
3037 2449 3390 2520 σωματὶσασα
3440 2445 3533 2498 τὸν
3589 2443 3747 2510 σαρκὶ

2199 2549 2602 2622 σταυρωθέντα,
2645 2545 2703 2598 δν
2725 2543 3020 2614 ὑμνοῦντες
3061 2541 3267 2612 βοῶμεν
3296 2557 3310 2571 ·
3375 2536 3678 2604 Εὐλογητὸς
3723 2535 3749 2585 ό

2196 2641 2323 2704 Θεὸς
2357 2642 2384 2692 ὁ
2411 2639 2516 2693 τῶν
2553 2637 2798 2706 πατέρων
2827 2633 3003 2703 ἡμῶν.

2265 2818 2504 2886 Στάμνον
2535 2832 2591 2868 σε
2613 2817 2820 2885 χρυσῆν
2861 2814 2952 2866 καὶ
2979 2812 3211 2881 λυχνίαν,
3240 2809 3516 2878 τράπεζαν
3538 2807 3631 2859 καὶ
3657 2806 3746 2873 put.

2196 2909 2335 2968 660v,
2364 2908 2504 2960 θεῖον
2531 2907 2653 2976 δρος
2682 2909 2774 2957 καὶ
2795 2905 3042 2971 νεφέλην,
3071 2901 3327 2954 παλάτιον
3354 2898 3447 2952 τοῦ
3476 2897 3745 2957 Βασιλέως

2197 2999 2290 3052 καὶ
2316 2999 2500 3070 θρόνον
2529 2997 2888 3067 πυρὶμορφον,
2918 2993 3165 3056 Θεοτόκε,
3185 2991 3386 3053 πάντες
3417 2988 3600 3042 πιστοὶ
3629 2988 3743 3038 6w:-

2203 3089 2462 3160 μάζομεν,
2479 3090 2578 3157 τὴν
2604 3088 2739 3158 μετά
2758 3087 2848 3140 τὸν
2868 3087 3026 3140 τόκον
3057 3085 3326 3154 παρθένον
3353 3082 3739 3150 φυλαχθεῖσαν.

2268 3275 2552 3343 Φωστῆρες
2582 3272 2680 3341 τὴν
2710 3270 2805 3340 σὴν
2854 3267 3103 3338 ὁρῶντες,
3134 3267 3231 3319 Tit!
3268 3283 3390 3334 μου,
3448 3263 3746 3332 σταύρωσιν

2198 3364 2410 3427 ἔδυσαν,
2451 3363 2542 3415 καὶ
2597 3361 2713 3422 πῶς
2769 3359 3033 3428 Ἐὗραίων
3077 3357 3247 3425 δῆμος
3271 3355 3332 3406 οὐ
3385 3353 3673 3407 κατέδυσεν
3719 3351 3748 3401 ό

2199 3454 2447 3515 ἀπαθεῖς,
2477 3450 2802 3522 παραδιδούς
2851 3466 2909 3503 σε
2965 3446 3174 3516 θανάτῳ
3231 3445 3323 3498 τὸν
3368 3443 3610 3514 ἀρχηγὸν
3649 3441 3744 3510 τῆς

2199 3545 2362 3614 ζωῆς,
2393 3542 2702 3612 ἡΘεοτόκος
2731 3539 2879 3603 ὲὸόα,
2912 3538 2978 3607 ἥν
3007 3535 3297 3598 ἀπαύστως
3349 3532 3740 3602 μεγαλύνομεν.

2212 3761 2309 3815 Ἐκ
2331 3757 2436 3813 τοῦ
2474 3760 2726 3824 κανόνος
2757 3754 2862 3810 τοῦ
2900 3752 3197 3809 Σαϐϐάτου
3223 3751 3309 3820 εὶς
3337 3750 3443 3807 τόν
3471 3751 3741 3818 Ὀρθρον.

2279 3903 2364 3965 Ὠς
2390 3900 2519 3953 Θεὸν
2545 3898 2774 3952 τεκοῦσα
2792 3897 2975 3967 σαρκὶ,
3000 3895 3260 3963 πάναγνε,
3305 3894 3498 3964 γνώμῃ
3532 3890 3742 3944 εὐσεϐεῖ

2196 3993 2461 4062 τιμῶντές
2494 4008 2552 4043 σε
2581 3989 2870 4049 ἀπαύστως
2898 3987 3032 4056 μετά
3061 3985 3270 4056 σεμνῶν
3307 3984 3546 4051 γυναίων
3570 3983 3740 4049 ἀσκή-

2200 4100 2280 4135 σει
2302 4071 2770 4152 λαμπρυνθέντων,
2806 4078 2897 4130 καὶ
2925 4077 3144 4146 ἀθλήσει
3193 4074 3607 4128 καταϐαλόντων
3651 4075 3741 4125 τὸν

2197 4173 2407 4242 ἐχθρόν.

2267 4263 2329 4314 Οἱ
2358 4260 2710 4328 σεσωσμένοι,
2734 4257 2991 4325 πάναγνε,
3019 4255 3111 4308 σοῦ
3128 4255 3201 4324 τῷ
3220 4253 3399 4323 σεπτῷ
3414 4252 3632 4319 τοκετῷ,
3653 4249 3742 4302 τσῦ

2197 4353 2432 4422 Γαϐριὴλ
2464 4351 2672 4421 βοῶμέν
2703 4367 2781 4402 σοι
2807 4349 3009 4410 πιστῶς
3025 4348 3104 4412 τὸ,
3128 4349 3317 4417 Χαῖρε,
3372 4347 3464 4398 καὶ
3490 4345 3738 4414 δεόμεθα·

539 4457 680 4504 mus,
716 4440 828 4494 Ave
859 4440 1005 4505 (l8):
1042 4440 1201 4508 267
1254 4449 1411 4507 teque
1457 4453 1761 4504 precamur,
1819 4449 1874 4493 ut
1927 4442 2093 4495 inter-

2199 4450 2309 4508 ταῖς
2363 4449 2481 4508 σαῖς
2558 4444 2934 4514 παρακλήσεσι
2991 4442 3343 4510 πταισμάτων
3405 4441 3747 4510 συγχώρησιν

509 4532 874 4585 'cessionibus
909 4531 1036 4594 tuis,
1089 4528 1342 4583 erunibus
1399 4528 1855 4584 ttobis'ohliucas
1907 4531 2083 4584 indul-

537 4624 768 4691 gentiam
797 4628 1157 4691 peccatorum.

605 4797 719 4867 (l8)
737 4796 859 4867 _Per
884 4796 1103 4867 verbum
1129 4795 1258 4856 Ave,
1280 4795 1422 4860 quod
1455 4796 1795 4867 componitur
1813 4811 1874 4867 ex
1913 4797 2083 4849 littera

537 4864 682 4929 Δία
708 4865 816 4925 VE,
844 4864 1214 4930 itttcrjcctione
1236 4866 1570 4918 exsecrantis
1619 4865 2088 4928 et-malediccntis,

537 4947 590 4988 et
625 4936 890 5003 signiﬁcat
913 4932 1252 5003 absque_VE,
1291 4949 1381 4986 seu
1420 4933 1814 4993 maledictionc,
1844 4935 2090 4987 denotari

539 5009 600 5058 ις.
642 5000 912 5071 Virginem
953 5005 1070 5057 sine
1101 5000 1188 5053 Va:
1226 5004 1396 5069 culpa:
1434 5003 1712 5070 originalis
1752 5014 2088 5070 conceptam,
2122 5028 2124 5030 τ

537 5091 603 5127 ex
658 5073 865 5126 Joanne
899 5071 1171 5140 Viguerio,
1228 5071 1457 5140 Alberto
1495 5071 1706 5139 Magno,
1756 5073 2090 5125 Bcrnardino

537 5143 788 5201 Senensi,
824 5139 1055 5196 Ernesto
1110 5139 1386 5208 lli-agensi,
1417 5153 1467 5192 et
1523 5142 1642 5194 aliis
1683 5143 1785 5195 late
1819 5142 2008 5208 probat
2035 5142 2085 5192 in

537 5229 637 5264 suo
687 5212 1054 5279 Sacrosyllabo
1111 5210 1162 5269 ό,
1201 5207 1515 5279 ΡτΙΟιιιιιιρς
1560 5207 2090 5279 ΕιιερὶιίιιείΝἰυΓεξιιι-

537 5283 775 5347 bergius.
809 5282 945 5333 lliuc
972 5279 1206 5331 Joannes
1236 5278 1420 5332 \‘italis
1451 5279 1501 5332 in
1532 5280 1843 5332 Defensor-io
1888 5279 1944 5331 Β.
1975 5278 2093 5332 Vir-

536 5352 677 5413 ginis
731 5352 853 5402 libr.
888 5349 1087 5416 ἀπείπῃ.
1132 5349 1183 5410 5,
1213 5350 1337 5411 Ave,
1377 5348 1572 5416 inquit,
1603 5358 1756 5401 Sonat
1811 5349 1935 5400 Sine
1995 5364 2091 5406 νην,

536 5421 587 5471 id
613 5429 715 5483 est,
742 5421 856 5472 sine
892 5419 1024 5478 labe,
1048 5429 1098 5467 ct
1140 5433 1235 5484 per
1268 5433 1607 5482 consequens
1649 5418 1761 5483 ipsa
1796 5418 1874 5481 (ll.
1910 5416 2090 5484 Virgo)

537 5489 638 5540 fuit
664 5491 780 5541 sine
824 5504 902 5538 v.13
960 5488 1237 5549 originalis
1298 5487 1486 5551 culpa}.
1526 5487 1716 5538 Petrus
1772 5504 1984 5552 quoque
2025 5491 2089 5538 de

536 5557 740 5608 Alliatzo
795 5557 846 5609 S.
889 5559 950 5609 li.
993 5557 1051 5607 Ε.
1087 5556 1389 5606 (Iardinalis
1444 5557 1492 5604 in
1539 5558 1883 5607 meditatione
1927 5573 2088 5619 super

536 5627 908 5678 salutatiOncm
929 5623 1245 5691 angelicam,
1276 5625 1431 5684 Audi,
1459 5625 1547 5681 ait.
1570 5624 1610 5676 Ο
1637 5627 1870 5677 clemens
1897 5625 2082 5679 Maria.

538 5705 684 5747 tuam
714 5697 1073 5763 gratissimam
1110 5694 1484 5745 salutationem
1507 5698 1635 5746 Aie.
1668 5695 1820 5748 Nulla
1853 5695 1943 5748 tibi
1967 5714 2084 5747 ειευ

2195 4539 2356 4589 πᾶσιν
2379 4535 2616 4604 αῖτησαι.

2231 4807 2372 4854 otest
2418 4796 2620 4864 gratior
2661 4795 3146 4863 acceptabiliorque
3187 4793 3438 4848 salutatio
3465 4808 3548 4856 ea,
3576 4809 3742 4861 quam

2217 4870 2337 4921 )eus
2369 4883 2461 4936 per
2490 4866 2736 4936 angelum
2791 4881 2960 4936 suum
3001 4864 3308 4936 Gabrielern
3331 4865 3749 4936 transmisit__dc

2196 4931 2536 4996 cwlofAve,
2566 4931 2777 5000 'inqnit,
2826 4950 2857 4987 ο
2904 4933 3065 5000 Virgo
3121 4931 3418 4991 salutifera,
3450 4947 3569 4999 quae
3622 4931 3750 4986 Eva:

2198 5005 2627 5059 tnalcdictiunem
2675 5004 2724 5054 in
2759 5003 3183 5054 benedictionem
3238 5001 3591 5062 transferens,
3629 5002 3747 5053 sola

2193 5090 2312 5127 esse
2356 5074 2595 5126 meruisti
2638 5072 2763 5125 Sine
2819 5088 2913 5124 vae.
2945 5070 3181 5124 Metuisti
3238 5070 3456 5136 quidem
3509 5086 3609 5121 non
3656 5078 3748 5122 tua

2192 5143 2422 5210 iustitia.
2451 5144 2541 5195 sed
2605 5141 2784 5193 divina
2831 5140 3022 5208 gratia,
3059 5150 3117 5192 ut
3173 5141 3284 5210 sola
3315 5154 3465 5210 esses
3508 5139 3626 5210 sine
3672 5154 3753 5191 τας

2195 5207 2366 5280 culpa:
2423 5210 2666 5272 venialis,
2706 5219 2758 5280 et
2812 5207 3286 5280 niui-tali_s,ct_(ut
3345 5209 3431 5280 pie
3483 5209 3748 5280 creditur)

2198 5276 2357 5333 etiam
2393 5280 2688 5347 originalis.
2732 5278 2819 5330 Sic
2849 5278 2953 5330 ille.
2992 5277 3121 5331 Vide
3150 5277 3373 5347 Bustum
3417 5276 3468 5329 iu
3531 5277 3750 5328 Mariuli

2195 5365 2356 5402 εει-ιιι.
2393 5351 2425 5402 5
2455 5346 2519 5402 de
2579 5357 2818 5415 COIH‘Cpl.
2882 5359 3029 5414 parte
3059 5363 3092 5405 ι.
3129 5346 3215 5399 ubi
3245 5347 3296 5398 in
3339 5362 3448 5397 rem
3494 5355 3745 5415 nostram

2191 5420 2380 5470 scribit
2410 5436 2422 5468 :
2450 5419 2559 5471 Ave
2596 5414 2757 5469 iiIi-nr
2779 5425 2857 5468 est
2895 5416 3037 5483 quod
3065 5416 3192 5469 Sine
3235 5430 3332 5474 var,
3365 5426 3417 5466 et
3453 5415 3557 5467 ista
3592 5414 3748 5464 inde.

2192 5488 2338 5540 linita
2388 5487 2690 5554 aequipollct
2739 5485 3050 5538 universali.
3106 5485 3228 5536 Iden
3282 5484 3575 5554 exponitur
3605 5488 3746 5542 Ave,

2129 5563 2144 5571 '
2189 5560 2236 5607 ltl
2271 5567 2370 5616 est,
2401 5551 2686 5608 sinemnni
2721 5570 2816 5613 vas,
2845 5554 2894 5605 id
2922 5563 3023 5609 est.
3059 5551 3527 5616 aﬂlictione,quod
3560 5566 3746 5604 verum

2188 5642 2291 5678 non
2323 5635 2486 5692 esset,
2518 5625 2562 5679 si
2602 5624 2849 5693 originali
2883 5624 3067 5676 aculeo
3093 5621 3284 5675 alﬂicta
3313 5620 3527 5674 fuisset.
