3948 6304
234 391 252 454 l
265 394 369 457 305

1578 399 1631 458 Μ
1647 399 1944 460 τΠΠΑΙΕ.

3312 402 3447 466 1306

294 508 416 560 Τῶν
451 505 738 576 μαρτύρων
765 505 862 577 τὴν
893 506 1069 571 δόξαν,
1103 507 1372 578 ίεραρχῶν
1390 508 1481 562 καὶ
1528 510 1689 563 δσίων
1721 510 1777 562 τὸ

1956 509 2143 566 Merito
2173 509 2265 564 Dei
2296 510 2520 564 Matrem
2551 509 2835 564 laudamus
2861 519 3114 579 tanquam
3144 523 3442 584 martyrum

225 598 370 651 θεῖον
414 596 859 666 ἑγκαλλώπισμα⁶
915 597 1024 648 τῶν
1056 599 1352 668 προφητῶν
1402 601 1463 653 τὸ
1498 601 1782 671 κήρυγμα,

223 686 321 738 καὶ
352 685 460 737 τῶν
490 686 722 753 γυναίων
753 686 1156 755 σεμνολόγημα,
1184 688 1594 760 ἀνυμνήσωμεν
1619 691 1786 754 ἀξίως

221 777 318 828 τοῦ
341 775 474 828 Θεοῦ
507 776 602 846 τὴν
632 776 880 846 Μητέρα.

307 871 401 925 Ἐκ
419 869 513 924 σοῦ
537 871 669 931 Θεὸς
692 871 1051 939 σεσάρκωται,
1087 864 1244 942 ἁγνὴ.
1276 875 1367 926 καὶ
1399 875 1682 944 ἀνωτέραν
1725 892 1785 927 σε

223 960 320 1013 νῦν
358 960 604 1029 ἀγγέλων
630 959 918 1026 ἀνέδειξεν,
949 964 1266 1031 ποιημάτων
1309 981 1368 1016 τε
1408 965 1787 1036 ὑπερέχουσαν

222 1054 445 1107 πάντων
478 1068 491 1082 °
518 1052 599 1106 διό
633 1069 692 1106 σε
717 1053 1140 1124 ὑμνολογοῦμεν.

295 1234 618 1304 Μαρτύρων,
649 1236 942 1306 προφητῶν
975 1254 1033 1290 τε
1073 1237 1240 1302 ἁγίων
1261 1236 1369 1289 τῶν
1416 1236 1633 1290 πάντων
1688 1235 1783 1289 ἀπ’

217 1325 416 1382 αίῶνος
451 1325 668 1377 δικαίων
695 1326 951 1395 καύχημα
981 1326 1046 1377 σὺ
1070 1320 1138 1389 εἴ,
1180 1326 1316 1394 ἀγνή
1353 1340 1367 1354 ’
1398 1326 1520 1378 ὅθεν
1577 1326 1782 1393 φωναῖς

220 1414 410 1484 σαφῶς
435 1415 605 1484 ἱεραῖς
627 1415 874 1486 τιμῶμέν
925 1433 983 1468 σε
1015 1417 1110 1469 σὺν
1135 1416 1316 1478 αὐτοῖς
1338 1416 1417 1478 είς
1449 1415 1672 1477 αἰῶνας.

291 1592 621 1663 Μαρτύρων,
645 1593 736 1646 καὶ
767 1593 946 1656 ὁσίων,
981 1595 1272 1664 προφητῶν
1330 1613 1411 1656 τε,
1439 1593 1771 1665 πανάμωμε,

218 1682 499 1748 γυναικῶν
544 1683 636 1735 καὶ
678 1683 894 1736 πάντων
950 1683 1060 1736 τῶν
1127 1684 1414 1755 ίεραρχῶν,
1461 1684 1571 1738 τῶν
1617 1683 1780 1754 ἱερῶς

1886 603 2148 671 gloriam;
2205 603 2446 656 divinum
2501 602 2936 660 liierarcliarum.
2967 611 3021 656 et
3066 603 3444 659 coufessorunt

1885 701 2294 757 ornamentum;
2322 690 2708 760 prophetarum
2743 690 3073 759 prmconium
3094 708 3108 722 ο
3153 694 3443 748 mulierum

1885 786 2100 838 titulum
2135 784 2516 837 honorificum.

1955 872 2031 926 Ex
2089 883 2139 927 te
2198 872 2340 926 Deus
2386 886 2602 926 carnem
2636 872 2954 942 assumpsit,
2981 887 3013 926 ο
3040 870 3238 942 Virgo;
3281 883 3443 942 teque

1884 978 2030 1017 nunc
2090 963 2294 1032 angelis
2340 962 2716 1017 sublimiorem
2749 963 2929 1017 effecit
2978 973 3141 1031 atque
3192 965 3446 1017 omnibus

1885 1054 2046 1107 rebus
2091 1053 2290 1108 creatis
2338 1053 2777 1108 excellentiorem
2811 1069 2824 1107 :
2859 1052 3067 1107 idcirco
3119 1062 3170 1107 te
3225 1054 3444 1123 hymnis

1882 1144 2247 1199 celebramus.

1953 1235 2247 1306 Martyrum
2329 1235 2824 1303 proplietarumque
2878 1241 3214 1297 sanctorum,
3273 1242 3439 1302 atque

1880 1327 2124 1381 omnium
2171 1342 2196 1377 a
2230 1325 2432 1380 saculo
2473 1324 2746 1392 justorum
2779 1333 2834 1377 tu
2867 1325 3036 1394 gloria
3085 1340 3166 1388 es,
3202 1339 3234 1376 o
3275 1323 3442 1392 Virgo

1880 1423 2028 1469 easta
2060 1430 2074 1466 :
2106 1413 2249 1467 unde
2274 1421 2325 1466 te
2356 1412 2655 1479 manifeste,
2686 1414 2859 1468 sacris
2910 1413 3138 1468 vocibus
3184 1427 3289 1465 una
3318 1427 3442 1464 cum

1881 1506 1987 1560 illis
2021 1506 2352 1558 honoramus
2383 1503 2435 1557 in
2463 1503 2680 1557 saecula.

1949 1595 2242 1665 Martyrum
2293 1593 2774 1657 cteonfcssorum,
2799 1593 3211 1662 prophetarum,
3250 1594 3442 1648 mulie-

1883 1702 2026 1751 rum,
2062 1697 2225 1756 atque
2262 1685 2508 1740 omnium
2551 1685 2962 1739 liierarcharum
2993 1685 3085 1752 qui
3126 1696 3312 1739 sancte
3356 1686 3437 1738 vi-

219 1772 535 1843 βιωσάντων
570 1773 633 1826 σὺ
664 1771 712 1826 εί
743 1774 804 1827 τὸ
828 1772 981 1837 κλέος
1016 1774 1252 1846 ἀληθῶς,
1290 1775 1410 1846 μεθ’
1471 1769 1546 1831 ῶν
1608 1777 1777 1846 τιμῶ-

1902 1793 1988 1831 am
2015 1777 2391 1841 traduxerunt,
2447 1785 2503 1829 tu
2547 1791 2672 1831 vere
2703 1777 2873 1845 gloria
2924 1791 3003 1838 es,
3055 1792 3087 1829 ο
3124 1775 3440 1844 purissima.

219 1863 324 1932 μέν
362 1880 442 1918 σε.

301 1955 367 2006 Ἦ
413 1953 750 2025 πολύμνητος
793 1953 1086 2023 Παρθένος,
1133 1957 1426 2027 προφητῶν
1478 1957 1538 2011 τὸ
1590 1959 1781 2029 περιῄ-

215 2061 392 2114 χημα,
421 2045 683 2115 ίεραρχῶν
707 2046 801 2098 καὶ
830 2045 1095 2116 ἀθλητῶν,
1150 2048 1244 2100 καὶ
1279 2047 1443 2101 ὁσίων
1501 2049 1779 2116 ἐγκαλ.λώ-

218 2153 425 2205 πισμα,
441 2135 674 2205 γυναίων
699 2152 758 2188 τι
784 2137 952 2204 ἁγίων
974 2139 1005 2207 ἡ
1029 2137 1288 2209 χαρμονὴ,
1314 2139 1582 2210 ὑμνείσθω
1604 2157 1778 2210 χρεω-

219 2225 424 2287 στικῶς
457 2227 535 2288 είς
563 2225 785 2289 αἰῶνας.
1060 2261 1064 2265 -

288 2403 520 2473 Φοὸερδς
538 2395 691 2468 οὗτος
717 2403 1149 2476 τόπος,«ὲ66ησεν
1174 2407 1409 2478 ὁπηνίκα
1459 2402 1652 2461 Ἰακώϐ
1679 2427 1771 2463 σου

214 2494 311 2548 τὸν
336 2492 501 2547 τύπον
527 2495 582 2547 ὲν
610 2494 833 2564 κλίμακι
866 2495 1337 2564 ἒϐλεψε,Θεοτόκε,
1371 2499 1639 2566 ἀψευδῶς,
1667 2501 1778 2552 τῶν

221 2585 518 2656 μαρτύρων
579 2586 610 2654 ἠ
655 2586 801 2650 δόξα,
864 2587 1024 2639 ὁσίων
1078 2587 1137 2639 τὸ
1187 2589 1465 2658 καύχημα,
1532 2591 1780 2657 ἀγγέλων

217 2677 522 2746 ἀγλάϊσμα,
568 2677 782 2730 πάντων
836 2677 1128 2747 προφητῶν
1183 2680 1277 2730 καὶ
1326 2679 1527 2733 πιστῶν
1565 2680 1626 2731 τὸ
1660 2678 1777 2730 διὰ-

221 2784 339 2820 σωσ
345 2785 440 2838 μα.

827 2909 1008 2964 ΗΧΟΣ
1052 2912 1126 2968 Δ⁹.

317 3015 406 3071 Εκ
435 3016 538 3072 τοῦ
553 3016 809 3082 κανόνος
853 3016 963 3139 22c
1015 3017 1296 3087 δευτέρας
1340 3021 1426 3086 εις
1486 3020 1591 3074 τὸν
1640 3022 1777 3088 Ὀρ-

927 3103 1055 3139 oar.

922 3103 1055 3154 por.

301 3227 617 3300 Ὑπέρφωτε
656 3228 878 3298 λαμπὰς
927 3228 1019 3282 τοῦ
1097 3229 1276 3284 Ἡλίου
1332 3231 1429 3300 τῆς
1471 3231 1646 3300 δόξης,
1681 3231 1778 3301 τῆς

213 3318 392 3387 ψυχῆς
422 3333 522 3387 μου
545 3318 635 3370 τὸν
647 3321 850 3386 πυρσὸν
878 3315 1231 3386 σϐεννύμενον
1248 3319 1332 3370 ἀεὶ
1353 3317 1592 3388 ῥᾳθυμίᾳ
1610 3336 1780 3388 προσ-

215 3408 423 3477 ἀναψον
487 3406 650 3459 θείων
697 3407 874 3476 ἔργων
935 3405 1012 3475 τῷ
1067 3407 1264 3473 ἐλαίῳ,
1315 3408 1554 3476 παναγία
1606 3411 1779 3479 ὲπὰρ-

213 3501 404 3561 δουσα,
427 3500 508 3551 ἵνα
544 3499 719 3551 πίστει
751 3499 848 3550 καὶ
880 3498 1027 3568 πόθῳ
1052 3499 1260 3563 δοξάζω
1295 3516 1375 3553 σε.

289 3573 475 3659 Μαρία
501 3577 698 3656 Κυρία,
748 3587 822 3650 ὡς
868 3586 1002 3641 οὖσα
1054 3588 1146 3640 τοῦ
1205 3577 1402 3650 παῖιτὺς
1449 3588 1539 3640 τὸν
1573 3587 1786 3659 Κύριον

215 3683 544 3751 γεννήσασα,
572 3677 923 3750 κυριευθὲντα
945 3677 1140 3732 πάθεσι
1153 3680 1241 3730 τὸν
1260 3679 1382 3732 νοῦν
1419 3695 1520 3748 μου
1548 3679 1638 3730 καὶ
1678 3696 1778 3730 κα-

215 3771 314 3843 κίᾳ
339 3769 712 3840 μελανωθέντα
734 3767 1009 3838 ἐλεύθερον
1040 3767 1285 3837 ποίησον,
1342 3769 1436 3820 καὶ
1493 3767 1775 3837 καταλάμ-

217 3877 449 3932 πρυνον.

299 3947 425 4001 Ἐπὶ
449 3946 508 3998 σὲ
539 3943 788 4012 καθάπερ
835 3941 1038 4013 ὄμϐρος
1095 3941 1194 4010 τῆς
1219 3944 1406 4011 σοφίας
1454 3946 1486 4014 ἡ
1544 3944 1778 4006 ἄϐυσσος

235 4035 440 4106 Ἰησοῦς
497 4033 751 4101 κατῆλθε,
823 4031 991 4100 μόνην
1053 4030 1296 4100 καθαράν
1354 4048 1412 4083 σε
1456 4017 1775 4100 εὑράμενος,

216 4125 579 4195 Θεογεννῆτορ
627 4123 890 4193 Παρθένε,
949 4123 1042 4174 καὶ
1095 4123 1435 4174 κατέκαυσεν
1505 4123 1779 4192 ἁμαρτίας

215 4217 550 4290 χειμάρρους
580 4215 758 4281 δεινῆς
791 4212 908 4284 θείᾳ
945 4213 1145 4281 χάριτι.

290 4305 391 4358 Σοῦ
419 4305 486 4357 τά
518 4301 791 4369 θαυμάσια
821 4298 1146 4368 προφητικαὶ
1184 4297 1394 4366 ἔφησαν
1429 4297 1630 4365 φωναὶ,
1653 4299 1777 4366 ὄρος

216 4393 507 4456 καλοῦντές
535 4409 594 4445 σε
626 4392 718 4444 καὶ
739 4390 932 4458 πύλην,
961 4390 1212 4457 ἀχραντε,
1238 4389 1332 4438 καὶ
1360 4387 1599 4464 λυχνίαν,
1624 4404 1779 4454 φαει-

1884 1887 2007 1926 cum
2033 1871 2230 1940 quibus
2261 1879 2312 1924 te
2343 1871 2548 1924 honore
2576 1869 2984 1940 prosequimur.

1956 1959 2118 2031 Virgo
2145 1961 2392 2030 plurimis
2413 1961 2726 2030 dignissima
2747 1961 3020 2025 laudibus,
3054 1960 3441 2030 prolilictarum

1881 2054 2210 2123 pra'conium
2240 2053 2477 2121 undique
2500 2067 2768 2106 resonans
2795 2070 2808 2106 :
2842 2053 3271 2114 hieran-Irarum,
3293 2067 3442 2104 mar-

1881 2148 2083 2210 tyrum,
2113 2149 2166 2194 et
2203 2137 2578 2192 confessorum
2627 2148 3006 2190 ornamentum
3060 2154 3075 2190 :
3126 2145 3439 2190 sanctarum

1883 2229 2202 2285 feminarum
2258 2228 2468 2307 laetitia,
2510 2227 2708 2282 debitis
2747 2228 3000 2281 laudibus
3046 2227 3353 2282 celebretur
3383 2227 3438 2280 in

1880 2330 2142 2375 aeternum

1947 2410 2084 2464 Cum
2121 2409 2289 2464 Iacob
2321 2409 2455 2461 elata
2482 2422 2612 2461 voce
2641 2407 2776 2461 dim
2806 2425 2824 2461 ι
2852 2407 3135 2462 Terribilis
3173 2417 3256 2462 est
3283 2408 3440 2461 locus

1881 2503 2015 2566 iste;
2047 2500 2181 2554 vidit
2203 2501 2319 2553 sine
2347 2498 2514 2552 dubio
2540 2507 2591 2553 te
2612 2500 2664 2552 in
2691 2499 2781 2552 illa
2809 2499 2954 2552 scala
2979 2499 3221 2567 figurari,
3249 2515 3283 2552 ο
3315 2499 3438 2553 Dei-

1880 2607 2030 2662 para,
2065 2598 2367 2660 martyrum
2424 2590 2615 2658 gloria,
2654 2589 3036 2644 coufessorutn
3085 2589 3290 2652 laetitia,
3343 2603 3440 2641 an-

1879 2681 2121 2750 gelorum
2178 2680 2455 2746 splendor,
2513 2679 2762 2733 omnium
2821 2677 3213 2748 prophetarum
3278 2685 3440 2746 atque

1880 2771 2116 2828 ﬁdelium
2145 2769 2314 2825 salus.

2459 2905 2692 2961 TONUS
2751 2905 2842 2959 ιν.

2153 3014 2238 3084 Ea;
2266 3032 2458 3070 canone
2476 3016 2622 3083 feria:
2642 3031 2676 3068 lt
2704 3016 2772 3068 ad
2792 3014 3138 3069 Matutinum.

1949 3228 2394 3300 Splendidissima
2449 3229 2658 3295 lampas
2726 3224 2868 3280 Solis
2921 3224 3122 3294 gloriae,
3163 3221 3434 3276 ﬂammam

1877 3321 2076 3375 anima:
2106 3333 2257 3383 meze,
2285 3333 2404 3386 qua:
2435 3316 2685 3371 socordia
2737 3330 2800 3368 ac
2841 3323 3058 3383 torpore
3090 3329 3306 3380 semper
3337 3327 3437 3365 ex-

1880 3409 2195 3477 stinguitur,
2216 3405 2451 3461 accende
2471 3421 2533 3459 ac
2563 3403 2682 3459 fove
2697 3404 3005 3456 divinorum
3037 3417 3258 3471 operum
3290 3401 3435 3464 oleo,

1879 3515 1912 3553 ο
1951 3497 2314 3561 sanctissima,
2339 3506 2399 3550 ut
2428 3512 2551 3550 cum
2587 3495 2691 3548 fide
2716 3506 2768 3548 ct
2792 3494 2986 3548 affecm
3024 3494 3320 3561 glorificem
3355 3499 3435 3550 te.

1948 3586 1992 3642 Ο
2052 3585 2217 3639 Maria
2280 3585 2527 3649 Domina,
2588 3584 2832 3638 omnium
2901 3583 3185 3637 Dominum
3238 3582 3436 3646 enixa;

1881 3685 2113 3732 mentem
2166 3676 2330 3745 263
2380 3690 2554 3728 meam
2613 3675 2714 3729 sub
2749 3688 3039 3742 pravarum
3086 3671 3434 3725 affectionuui

1879 3769 2155 3823 dominatu
2187 3780 2526 3835 oppressam,
2565 3773 2619 3819 et
2642 3763 2850 3818 malitia
2881 3762 3240 3831 denigratam,
3266 3761 3436 3814 libera

2113 3872 2190 3908 ra.

2113 3872 2190 3908 ra.

1878 3859 2267 4017 et(liliiuftSuper
2310 3954 2360 3997 te
2395 3953 2651 4010 tanquam
2692 3941 2864 3994 imber
2910 3938 3192 3994 descendit
3223 3939 3440 4006 sapien-

1880 4039 1966 4091 tia:
2003 4037 2229 4105 abyssus
2261 4034 2440 4094 Jesus,
2468 4047 2591 4085 cum
2612 4041 2665 4084 te
2685 4031 2855 4084 solam
2893 4045 3082 4098 puram
3115 4030 3435 4090 invenisset,

1879 4144 1912 4182 ο
1938 4128 2029 4181 Dei
2053 4121 2300 4180 Genitrix
2331 4125 2515 4192 Virgo,
2544 4132 2597 4176 et
2621 4123 2924 4176 vortieosos
2941 4121 3144 4191 peccati
3172 4130 3443 4174 torrentes.

1880 4217 2074 4272 divinae
2109 4216 2294 4286 gratiae
2329 4213 2564 4268 ﬂammis
2593 4213 2914 4267 exsiccavit.

1950 4306 2216 4360 Mirabilia
2246 4314 2338 4359 tua
2373 4303 2705 4373 prophetiae
2758 4317 2917 4356 voces
2948 4302 3246 4371 prolocuta:
3286 4304 3440 4360 sunt,

1880 4413 1913 4454 o
1953 4397 2242 4462 inviolata;
2298 4395 2630 4464 appellantes
2683 4402 2736 4447 te
2794 4401 3006 4461 portam
3060 4403 3113 4446 et
3155 4393 3436 4444 lucernam

217 4489 335 4558 νὴν,
370 4484 430 4548 ἐξ
482 4478 548 4554 ἦς
595 4482 656 4534 τὸ
681 4483 879 4552 φέγγος
901 4479 1111 4548 ἀληθῶς
1140 4479 1228 4530 τὸν
1254 4478 1562 4546 θαυμαστὸν
1635 4493 1774 4544 φρυ-

1898 4489 2274 4558 splendentem,
2299 4503 2330 4538 o
2349 4496 2532 4540 casta:
2564 4501 2628 4538 ex
2657 4500 2760 4552 qua
2789 4483 2952 4552 jubar
2977 4498 3102 4538 vere
3118 4481 3438 4536 admirabile

217 4577 448 4645 κτωριῖ,
484 4574 645 4642 ἁγνὴ,
676 4573 876 4640 κόσμον
916 4571 1149 4622 ἅπαντα.

291 4666 401 4734 Τὴν
430 4662 848 4734 ἀμαυῳθείσάν
878 4678 978 4729 μου
1035 4657 1261 4729 καρδίαν
1305 4659 1422 4718 ταῖς
1474 4657 1776 4717 σκοτειναῖς

221 4758 450 4826 ἐφόδοις,
480 4754 867 4821 θεονύμφευτε,
897 4753 996 4821 τῆς
1047 4749 1339 4817 ἁμαρτίας,
1395 4749 1470 4816 τῷ
1517 4746 1779 4816 φωτισμῷ

217 4846 297 4916 τῷ
323 4847 380 4898 ὲν
419 4847 498 4896 σοὶ
530 4843 892 4909 καταύγασον,
921 4841 953 4909 ἡ
981 4839 1070 4891 τὸν
1096 4839 1284 4891 Ἥλιον
1306 4839 1573 4907 κυήσασα.

295 4937 441 5004 Μόνη
472 4935 652 5004 μένεις
698 4931 844 5003 ματά
905 4931 1083 4996 τόκον,
1145 4930 1428 4991 Δέσποινα,
1475 4925 1780 4995 παρθενικῷ

222 5027 408 5081 κάλλει
457 5025 832 5093 διαλάμπουσα
881 5024 1012 5092 μόνη
1046 5023 1140 5083 τάς
1197 5020 1449 5090 μητέρων
1526 5018 1775 5087 διέδρας·

220 5117 354 5170 Θεὸν
391 5117 496 5187 γὰρ
522 5117 655 5185 μόνη
678 5115 859 5176 ἔτεκες
886 5113 1177 5181 Λυτρωτὴν
1202 5110 1307 5162 τῶν
1359 5109 1543 5178 ψυχῶν
1596 5108 1775 5178 ἡμῶν.

295 5380 405 5450 (19)
442 5378 603 5432 Favet
629 5376 785 5450 .loan.
817 5375 1163 5450 Bromiardus
1196 5376 1311 5450 ord.
1343 5376 1561 5450 quedic.
1591 5378 1642 5432 in
1668 5394 1765 5432 sna

219 5446 446 5504 Summa
479 5447 695 5514 praedic.
727 5455 895 5513 parte,
950 5459 1008 5506 ιι,
1041 5461 1088 5497 r.
1117 5446 1169 5507 5,
1197 5447 1321 5498 dum
1360 5447 1429 5499 ibi
1478 5449 1616 5500 inter
1666 5450 1767 5500 alia

221 5521 302 5572 ait
338 5536 348 5569 :
386 5537 403 5567 ι
439 5518 607 5571 Filius
635 5515 725 5567 Dei
747 5515 933 5566 volens
961 5514 1012 5564 in
1045 5514 1223 5579 aliquo
1255 5516 1392 5578 loco,
1414 5523 1467 5567 et
1502 5517 1567 5569 de
1593 5518 1768 5585 aliqua

222 5588 452 5641 muliere
487 5597 733 5638 naturam
772 5591 1008 5635 nostram
1079 5599 1354 5635 assumere
1394 5595 1446 5637 et
1493 5588 1770 5638 nobiseum

222 5658 449 5719 tnorari,
481 5671 507 5706 a
543 5652 808 5722 principio
834 5651 1018 5703 mundi
1052 5652 1251 5703 nullam
1292 5653 1492 5705 invenit
1521 5670 1615 5722 pro
1672 5657 1768 5706 lio-

225 5725 391 5792 spitio
441 5725 680 5792 dignam,
708 5721 835 5790 quia
890 5735 1076 5774 omnes
1104 5732 1322 5789 peccato
1387 5721 1653 5793 originali,
1692 5725 1772 5777 vel

1878 4579 2189 4632 universum
2216 4575 2471 4627 mundum
2508 4573 2794 4626 illuminat.

1949 4667 2054 4718 Cor
2090 4678 2269 4717 meum
2303 4661 2537 4714 tenebris
2565 4662 2769 4728 peccati
2814 4659 3189 4713 invasionibus
3232 4659 3435 4712 obscu-

1882 4763 2081 4816 ratum,
2113 4751 2378 4814 illumina,
2421 4765 2453 4802 ο
2485 4750 2695 4818 Sponsa
2741 4749 2854 4814 Dei,
2893 4750 3014 4804 luce
3042 4759 3168 4814 tua;
3217 4763 3340 4803 nam
3376 4759 3433 4800 tu

1881 4844 2046 4898 solem
2083 4843 2254 4911 ipsum
2274 4842 2550 4910 peperisti.

1953 4933 2034 4985 Tu
2067 4931 2200 4994 sola,
2231 4944 2264 4983 ο
2293 4929 2539 4994 Domina,
2564 4940 2682 4999 post
2711 4939 2927 4999 partum
2961 4929 3256 4998 Virginalis
3280 4928 3435 4982 deco-

1885 5021 1961 5075 ris
1983 5023 2156 5074 luccm
2192 5021 2526 5076 conservasti
2557 5041 2570 5076 :
2606 5022 2741 5086 sola,
2782 5038 2902 5092 qua:
2953 5021 3166 5090 propria
3200 5029 3433 5071 matrum

1883 5124 2010 5168 sunt
2037 5114 2090 5166 in
2127 5123 2282 5182 partu
2318 5114 2614 5180 ignorasti;
2646 5115 2760 5168 sola
2795 5116 2936 5167 enim
2974 5115 3136 5166 Deum
3173 5110 3429 5180 peperisti

1886 5203 2298 5272 lledemptorem
2340 5203 2642 5255 animarum
2680 5213 3010 5256 nostrarum.

1875 5382 2094 5443 actuali,
2129 5380 2210 5433 vel
2251 5389 2480 5448 utroque
2507 5381 2717 5434 infecta:
2744 5392 2915 5433 erant.
2952 5381 3011 5433 Et
3040 5377 3431 5448 tandemuvero

1879 5450 1929 5502 in
1963 5452 2066 5502 line
2101 5450 2284 5502 tnuudi
2331 5444 2469 5503 lia—nc
2505 5451 2914 5503 intulstissiiuatu
2952 5447 3224 5501 inveniens
3257 5444 3430 5510 Virgi-

1879 5535 2022 5581 nem,
2059 5521 2110 5571 in
2163 5535 2263 5585 qua
2320 5519 2524 5570 nullunt
2553 5528 2668 5573 erat
2709 5531 3006 5586 peccatum,
3042 5516 3119 5569 vel
3171 5514 3433 5581 originale

1877 5588 1960 5640 vel
2002 5589 2232 5644 actuale.
2269 5596 2525 5655 tanquam
2579 5591 2816 5654 gaudens
2861 5589 2924 5640 de
2974 5589 3186 5641 fortuna
3245 5590 3430 5649 optata

1879 5657 2113 5723 inventa,
2149 5657 2329 5711 dicere
2357 5657 2563 5726 potuit:
2598 5659 2718 5711 llaec
2743 5658 2953 5726 requies
2978 5671 3113 5719 mea,
3139 5671 3156 5704 ι
3183 5663 3286 5708 etc.
