3948 6304
522 361 652 426 13οἹ

519 577 618 616 nos
640 558 1106 614 benedictionibus
1133 555 1434 618 coronavit,
1488 561 1541 606 et
1573 556 1786 606 sustulit
1849 554 2066 606 maledi-

518 635 793 711 ctionem;
826 665 858 704 ο
889 649 1000 703 sola
1045 647 1298 699 omnibus
1320 645 1787 698 benedictionibus
1820 644 2065 697 cumula-

519 740 726 794 tissima
757 737 886 808 (20),
924 736 1086 806 Virgo
1123 736 1384 806 gloriosa,
1431 749 1554 802 quae
1609 749 1777 804 genus
1824 743 2064 786 nostrum

519 829 687 897 gratia
714 827 1006 896 replevisti.

589 918 748 972 Lucis
782 922 884 971 tua”:
905 917 1072 971 radiis
1103 916 1363 979 illumina,
1391 929 1422 967 ο
1444 899 1667 984 δροηεο
1687 913 1799 974 Dei,
1831 913 2064 965 animam

525 1023 700 1061 meam
737 1009 790 1060 in
822 1007 1141 1076 perditiOnis
1169 1007 1427 1075 voragine
1466 1006 1729 1074 iacentem
1764 1017 2064 1070 :exsurge;

522 1098 701 1151 hostes
732 1097 987 1164 proturba
1026 1110 1088 1150 ac
1114 1095 1303 1161 deiice,
1330 1097 1419 1164 qui
1461 1097 1702 1164 alﬂigunt
1730 1095 1947 1148 assidue
1973 1108 2070 1147 cor

521 1201 721 1251 meum,
749 1195 798 1240 et
832 1186 896 1240 ad
926 1187 1212 1240 sectandas
1260 1187 1543 1256 passiones
1594 1202 1743 1241 meas
1786 1186 2068 1255 impellunt

523 1291 629 1329 tne.
1565 1288 1568 1294 ’

763 1402 957 1450 curione
980 1398 1176 1464 duplici
1213 1398 1357 1464 ferire
1393 1406 1451 1450 ιιι
1488 1398 1555 1450 ad
1583 1397 1925 1450 Matutt'mtm.

590 1500 1019 1556 TabernaCuIttm
1059 1503 1464 1556 immaculatum
1499 1504 1632 1573 (2|),
1662 1504 1878 1565 Arcam,
1917 1518 2069 1556 men-

523 1607 657 1655 sam,
687 1601 738 1645 et
767 1603 1024 1654 montem,
1056 1607 1118 1647 ex
1151 1609 1258 1661 quo
1283 1595 1398 1647 sine
1430 1594 1663 1648 hominis
1700 1594 1947 1646 manibus
1972 1593 2067 1646 ab-

523 1681 726 1734 scissus
766 1691 847 1734 est
872 1681 1010 1748 lapis
1043 1682 1294 1736 Christus
1347 1683 1585 1734 omnium
1637 1683 1919 1747 Dominus,
1962 1682 2063 1734 Ma-

524 1770 659 1823 riam
696 1768 962 1837 Virginem
999 1770 1212 1839 hymnis
1247 1772 1597 1825 honoremus.

591 1858 636 1913 Ο
669 1861 840 1913 nubes
872 1859 1044 1912 lucida
1082 1857 1214 1927 (Ἡ),
1252 1860 1444 1913 animze
1475 1877 1602 1914 mete
1654 1862 1829 1914 nubes”
1872 1864 2070 1916 multas

523 1958 576 2001 et
599 1965 806 2018 graves,
854 1949 1224 2004 llluminativis
1272 1951 1758 2006 intercessionibus
1810 1953 1915 2007 tuis
1963 1953 2074 2006 dis-

525 2040 690 2102 solve,
727 2047 785 2092 ut
841 2039 1019 2092 radios
1042 2039 1202 2109 269
1227 2040 1390 2104 illius,
1421 2041 1510 2109 qui
1547 2057 1606 2095 ex
1635 2052 1683 2095 te
1710 2051 1961 2110 tanquam
1992 2041 2071 2097 sol

524 2137 745 2181 exortus
778 2137 880 2191 est,
916 2129 1097 2182 videre
1131 2130 1358 2198 possint,
1395 2139 1443 2184 et
1597 2142 1684 2184 tua
1738 2133 1859 2186 luce
1898 2134 2071 2188 lucem

526 2218 864 2272 inocciduam
892 2220 1191 2287 acquiram.

594 2308 896 2362 Prituorum
948 2317 1227 2377 parentum
1269 2308 1481 2361 tristitia
1505 2326 1536 2360 n
1592 2311 1883 2375 abstulisti,
1939 2313 2063 2365 dum

524 2396 777 2464 gaudium
832 2397 985 2452 nobis
1024 2397 1300 2466 peperisti,
1346 2413 1378 2450 o
1446 2400 1787 2453 sanctissima
1824 2401 2072 2470 Deipara,

525 2487 646 2539 vita:
677 2488 880 2542 scilicet
912 2488 1175 2552 datorem,
1206 2503 1266 2542 ac
1306 2487 1737 2557 Redemptorem,
1776 2507 1931 2560 quem
1974 2491 2075 2546 im-

526 2591 694 2642 penso
737 2577 928 2631 aﬂ‘ectu
969 2593 1190 2646 precare
1226 2592 1324 2646 pro
1365 2578 1539 2632 salute
1587 2577 1885 2634 animarum
1944 2598 2074 2637 nos-

528 2674 755 2719 trarum.

603 2757 834 2811 Mundus
873 2771 966 2825 per
1013 2765 1065 2810 te
1113 2758 1322 2810 veniam
1371 2767 1693 2814 consecutus
1752 2769 1852 2826 est,
1915 2760 2074 2831 Virgo

538 2846 723 2910 Mater,
755 2845 842 2914 qui
878 2854 1091 2914 propter
1121 2839 1605 2914 transgressionem
1649 2848 1851 2903 inutilis
1898 2850 2073 2906 laetus

533 2934 708 2990 fuerat
742 2952 757 2989 :
794 2944 1078 3014 propterea
1108 2936 1443 2990 canticorum
1479 2936 1595 2991 odis
1629 2947 1678 2992 te
1717 2941 1909 2993 merito
1945 2942 2074 2994 bea-

531 3035 637 3080 tam
666 3025 918 3094 appellat.

1626 362 1682 414 ..'-?.
1728 354 2035 416 .TOSEP'HI
2076 356 2625 416 HYMNOGRAPHI

584 470 919 526 Benedieunt
967 481 1155 521 omnes
1189 471 1448 519 creaturaz
1502 464 1692 516 Filium
1748 477 1921 526 tuum,
1973 463 2061 530 qui

2238 467 2460 532 Εὑλογεῐ
2518 467 2666 517 πᾶσα
2723 463 2896 526 κτίσις
2947 461 3038 514 τὸν
3091 461 3246 512 τόκον
3278 476 3368 510 σου

3581 351 3718 412 1308

3449 460 3720 526 εὐλογίαις

2166 557 2310 623 ἡμᾶς
2344 554 2774 620 στεφανώσαντα,
2804 554 2895 605 καὶ¹
2926 551 3023 622 τὴν
3049 550 3184 618 ἀρὰν
3217 549 3504 617 ὲξάραντα,
3552 567 3720 600 παντ-

2166 645 2420 711 ευλόγητε
2477 646 2610 713 μόνη
2639 642 3016 711 δεδοξασμένη,
3045 639 3153 710 ήτὸ
3180 639 3334 706 γένος
3365 639 3519 707 ήμῶν
3558 656 3718 708 χαρι-

2167 751 2404 788 τωσασα.
2995 752 2998 754 ⁷

2236 915 2413 976 Φωτὺς
2436 915 2528 968 τοῦ
2558 916 2614 967 ὲν
2633 915 2713 966 σοὶ
2737 912 3140 982 μαρμαρυγαῖς,
3170 910 3467 978 Θεόνυμφε,
3501 909 3598 978 τὴν
3621 907 3723 975 ψυ-

2167 1009 2266 1078 χήν
2292 1025 2390 1077 μου
2438 1005 2856 1074 φωταγώγησον,
2917 1002 3165 1072 κείμενον
3213 1001 3392 1071 βόθρῳ
3445 999 3721 1061 ἀπωλεξεις

2167 1097 2467 1166 ἁνάστησον
2514 1095 2744 1163 ἐχθροὺς
2797 1094 3217 1163 καταράσσουσα
3280 1090 3404 1152 τοὺς
3443 1090 3722 1149 Θλῐόοντας

2165 1185 2251 1238 ἀεὶ
2294 1185 2391 1254 τὴν
2436 1183 2660 1253 καρδίαν
2695 1199 2816 1252 μου,
2849 1183 2943 1235 καὶ
2977 1181 3109 1250 πρὸς
3139 1180 3205 1233 τὰ
3255 1179 3397 1250 πάθη
3424 1178 3721 1232 συνωθοῦν-

2102 1296 2107 1304 ·
2165 1275 2263 1336 τὰς
2295 1291 2384 1343 με.

2178 1395 2279 1447 Ἐκ
2305 1391 2409 1446 τοῦ
2443 1391 2716 1454 ,κανόνος
2765 1388 2870 1456 τῆς
2893 1391 3092 1457 τρίτης
3161 1390 3246 1454 εις
3292 1387 3396 1440 τὸν
3449 1387 3720 1454 Ὀρθροτ.

2235 1500 2344 1570 Τὴν
2383 1498 2582 1567 σκηνὴν
2611 1499 2708 1566 τὴν
2735 1497 3018 1566 ἄχραντον,
3055 1497 3148 1549 καὶ
3183 1494 3432 1560 κιϐωτὸν,
3459 1494 3552 1545 καὶ
3589 1494 3724 1560 τρί-

2168 1590 2353 1654 πεζαν,
2381 1590 2439 1641 τὸ
2466 1589 2588 1659 ὅρος
2622 1582 2680 1641 οὗ
2703 1588 2905 1656 ἐτμήθη
2939 1586 3066 1640 ἄνευ
3091 1584 3266 1655 χειρὸς
3300 1583 3581 1652 ἀνθρώπου
3639 1583 3721 1632 λί-

2169 1681 2331 1745 οος,ὀ
2361 1679 2452 1731 τοῦ
2508 1679 2704 1740 παντὸς
2761 1677 2981 1749 Κύριος,
3038 1675 3270 1747 Μαριὰμ
3291 1676 3387 1745 τὴν
3446 1674 3735 1761 Παρθένον

2103 1779 2144 1835 Β
2176 1769 2362 1837 ὕμνοις
2384 1767 2723 1836 τιμήσωμεν.

2239 1857 2452 1926 Νεφέλη
2485 1857 2735 1925 φωτεινὴ,
2761 1854 3054 1924 τῆςψυχῆς
3085 1869 3184 1923 μου
3204 1854 3272 1907 τὰ
3315 1854 3446 1922 νέφη
3494 1854 3561 1904 τὰ
3583 1853 3717 1903 πολ-

2171 1946 2236 1999 λὰ
2296 1947 2383 1998 καὶ
2437 1944 2644 2014 χαλεπὰ
2700 1944 2813 2002 ταῖς
2859 1944 2978 2004 σαῖς
3018 1942 3366 2010 φωτιστικαῖς
3419 1940 3720 2009 μεσιτεεαις

2171 2037 2435 2098 διάλυσον,
2465 2037 2609 2096 ὅπως
2643 2034 2734 2087 ῐδω
2755 2034 2851 2095 τὰς
2879 2033 3103 2094 ἀκτῖνας
3124 2030 3216 2084 τοῦ
3251 2033 3315 2083 ὲκ
3345 2031 3436 2085 σοῦ
3496 2029 3721 2084 ἀνατεί-

2171 2127 2378 2191 λαντος,
2399 2125 2490 2178 καὶ
2516 2126 2651 2194 φωτὶ
2668 2124 2780 2193 φῶς
2807 2122 3196 2195 προσλάϐωμαι
3232 2122 3442 2176 ἄδυτον.
3490 2187 3497 2192 _

2252 2320 2364 2361 λων
2393 2307 2748 2376 προπατόρων
2787 2305 2976 2368 ἔλυσας
3003 2304 3100 2375 τήν
3146 2304 3340 2373 λύπην,
3381 2304 3538 2372 χάριν
3589 2305 3724 2372 ἡμῖν

2175 2398 2441 2467 κυήσασα,
2464 2397 2552 2449 τὸν
2581 2396 2841 2464 ζωοδότην
2870 2394 2964 2446 καὶ
2987 2394 3300 2465 Λυτρωτῆν,
3321 2395 3558 2460 παναγῑα
3589 2395 3722 2447 8co-

2174 2487 2317 2552 τόκε,
2346 2487 2402 2541 ὃν
2438 2485 2667 2550 ἐκτενῶς
2698 2485 2908 2540 ἱκέτευε
2936 2483 3175 2555 σωθῆναι
3195 2483 3292 2548 τὰς
3323 2483 3496 2554 ψυχὰς
3534 2484 3710 2554 ήμῶν.

2251 2763 2459 2825 ἥδυμος
2495 2757 2580 2809 διὰ
2613 2755 2704 2809 σοῦ
2740 2754 2965 2825 ήλέηται
2988 2755 3015 2808 ὁ
3037 2756 3101 2825 τῇ
3129 2755 3434 2823 παραϐάσει
3493 2754 3722 2821 ὰχρειωο

2179 2848 2310 2911 Οεὶς,
2337 2846 2764 2917 Μητροπάρθενε
2791 2862 2804 2876 ·
2839 2845 2924 2898 διὰ
2953 2845 3105 2899 τοῦτο
3143 2845 3302 2915 ᾠδαῖς
3359 2843 3612 2915 ᾀσμάτων
3626 2860 3722 2895 καο

2177 2937 2416 3007 ταχρέως
2451 2937 2737 3007 μακαρίζει
2768 2953 2847 2992 σε.

600 3114 676 3167 Te
709 3115 934 3168 salutem
970 3115 1021 3168 in
1055 3115 1199 3168 omni
1230 3113 1351 3169 loco
1379 3125 1429 3170 et
1460 3126 1697 3185 tempore
1734 3117 1924 3172 invoco
1954 3136 1967 3172 :
2001 3133 2070 3172 ne

2242 3118 2519 3188 Σωτηρίαν
2534 3117 2592 3171 ὲν
2620 3117 2778 3170 παντὶ
2812 3116 2983 3187 καιρῷ
3010 3118 3101 3170 καὶ
3126 3116 3295 3183 τόπῳ,
3329 3115 3718 3186 ἐπικαλοῦμαι,

530 3203 799 3271 deSpicias
828 3218 934 3264 mc,
970 3219 1002 3255 ο
1037 3204 1346 3274 purissima,
1390 3220 1509 3272 quae
1552 3205 1717 3272 Deum
1752 3205 2075 3275 Redempto-

531 3292 642 3348 retn
669 3310 731 3348 ac
752 3294 1084 3348 Salvatorem
1117 3311 1292 3347 meum
1319 3293 1590 3363 peperisti.

602 3383 914 3452 Propitiatio
947 3399 1007 3437 ac
1053 3385 1349 3452 redemptio
1394 3393 1576 3437 nostra
1614 3384 1860 3452 apparuit
1909 3383 2077 3437 Filius

532 3483 675 3536 tuus,
711 3489 741 3526 ο
777 3473 967 3541 Virgo;
1009 3490 1164 3540 quem
1204 3475 1514 3540 suppliciter
1541 3489 1701 3526 exora
1755 3489 1851 3540 pro
1903 3474 2075 3527 salute

531 3579 717 3616 eorum
752 3563 840 3631 qui
870 3572 919 3616 te
958 3578 1080 3617 eum
1111 3563 1274 3620 animi
1310 3565 1722 3632 compunctione
1748 3562 2074 3640 beatiﬁcant.

606 3736 854 3806 (QOHlae
925 3736 1085 3805 igitur
1135 3737 1290 3790 etiam
1346 3736 1718 3792 benedictione
1779 3738 2071 3798 cumulata,

533 3807 673 3875 quod
707 3809 819 3873 ipsa
847 3806 1007 3858 fuerit
1046 3821 1239 3858 aurora
1264 3806 1426 3858 divini
1459 3809 1601 3860 Solis
1643 3809 1784 3858 nulla
1822 3807 2070 3875 originali

533 3874 757 3942 caligine
783 3876 1088 3933 obscurata,
1109 3890 1230 3927 arca
1259 3889 1469 3942 semper
1493 3887 1768 3935 coronata,
1792 3883 1844 3927 et
1876 3874 1927 3927 in
1953 3875 2073 3926 nul-

535 3944 586 4014 lo
615 3938 868 4014 temporis
899 3952 1208 4014 ⁸ιιιοιῐιᾲθιιῐρ,
1232 3938 1468 4014 dientoni
1513 3960 1605 4011 per
1626 3955 1911 4014 peceatum
1944 3943 2064 4014 sub:

529 4011 705 4078 jecta;
761 4011 948 4063 albedo
988 4010 1412 4077 splendidissima
1457 4010 1523 4062 in
1550 4013 1692 4063 nulla
1725 4027 1958 4078 unquam
1990 4010 2070 4063 vel

534 4078 754 4147 minima
791 4080 995 4147 peccati
1019 4080 1365 4132 obscuritate
1404 4078 1737 4144 deprehensa
1769 4089 1871 4132 :et
1896 4079 2071 4132 amica
2101 4122 2103 4124 .

536 4146 627 4200 Dei
668 4155 776 4199 tota
810 4147 1049 4214 pulchra,
1077 4163 1110 4214 .a
1138 4161 1241 4214 qua
1284 4147 1460 4202 omnis
1499 4148 1706 4204 macula
1746 4163 1851 4199 non
1899 4149 2074 4200 solum

536 4215 782 4276 actualis,
809 4216 898 4267 sed
924 4216 1080 4268 etiam
1112 4215 1386 4283 originalis
1408 4215 1648 4269 criminis
1674 4231 1883 4283 semper
1910 4231 2073 4268 exsu-

537 4283 681 4351 lavit.
707 4284 872 4335 Porro
904 4301 922 4332 ‹
961 4283 1203 4336 Christus
1247 4284 1326 4345 (ut
1358 4284 1539 4335 in"suo
1592 4299 1755 4351 opere
1807 4284 1877 4336 De
1928 4283 2075 4335 laud.

538 4349 598 4402 B.
629 4350 851 4418 Virginis
869 4351 1020 4404 Iibr.l
1035 4351 1285 4413 ,‘fruet.7,
1307 4351 1478 4418 inquit
1496 4349 1915 4404 Bartholomzeus
1937 4351 2076 4404 Pisa-

542 4419 661 4486 nus)
694 4419 838 4486 dedit
865 4420 1062 4485 majora
1088 4420 1250 4480 dona,
1283 4427 1335 4471 et
1377 4419 1557 4472 minus
1605 4421 1907 4474 necessaria
1956 4419 2076 4471 Vir—

541 4485 668 4558 gini.
706 4485 875 4558 Patet,
901 4488 1024 4558 quia
1056 4503 1176 4558 eam
1224 4502 1378 4558 suam
1419 4486 1637 4540 Matrem
1683 4489 1826 4552 fecit,
1848 4503 1976 4558 ergo
2026 4489 2080 4540 et

541 4555 746 4608 minora
801 4555 938 4607 dona
970 4556 1133 4619 dedit,
1167 4557 1371 4609 scilicet
1398 4558 1859 4623 prmservationem
1898 4555 1930 4606 ti
1960 4570 2081 4621 pee-

541 4633 661 4693 i_-_ato
693 4623 960 4689 originali.
995 4624 1146 4686 Item,
1195 4624 1537 4691 prscset-vavit
1564 4623 1833 4693 Virginem
1859 4639 1886 4677 a
1923 4638 2078 4693 pinna

541 4688 680 4749 Evze.
705 4688 832 4760 ergo
862 4704 912 4745 et
937 4708 964 4744 a
988 4693 1163 4760 culpa,
1196 4688 1219 4742 ἰ
1259 4705 1362 4744 etc.

612 4760 722 4824 (il)
754 4759 870 4829 Non
906 4761 1062 4812 aliam
1085 4759 1161 4813 θοι)
1196 4775 1434 4819 causam,
1468 4760 1566 4812 nisi
1593 4762 1716 4829 quia
1752 4761 1817 4813 ab
1844 4759 2078 4828 origina-

541 4826 607 4878 lis
644 4828 844 4894 peecati
875 4830 1077 4880 macula
1119 4844 1330 4895 semper
1373 4826 1624 4882 alienum.
1661 4830 1768 4881 Hac
1794 4826 2080 4880 enim—mm-

541 4896 681 4955 cttla.
723 4895 823 4949 etsi
879 4898 943 4948 ad
981 4909 1309 4950 momentum
1371 4897 1558 4949 fuisset
1599 4898 1958 4963 inquinatum,
1984 4912 2080 4951 nec

541 4979 684 5041 vero,
716 4979 820 5041 nec
849 4965 1088 5041 absoldte
1127 4966 1523 5041 immaculatum
1564 4966 1664 5017 dici
1722 4965 2079 5041 possetrliinc

541 5030 982 5087 Bcrnar'tlinnsde
1018 5032 1180 5088 Busto
1228 5036 1280 5085 in
1322 5034 1523 5086 Marial.
1555 5030 1888 5087 δίει-ιηζῖλώ
1931 5036 2077 5087 tion-

541 5110 678 5170 eept.
712 5109 861 5165 parte
877 5101 928 5162 5,
952 5104 1058 5153 ait:
1092 5123 1107 5152 ι
1143 5104 1298 5164 Deus,
1323 5099 1744 5170 cujusperl‘ecta
1776 5111 1899 5170 sunt
1918 5117 2076 5167 opera

548 5162 817 5229 Deum—22,
853 5162 1293 5223 sacratissintttnt
1323 5162 1727 5223 tabernaculum
1763 5171 1818 5222 Β.
1845 5162 2078 5236 Virginis

543 5238 687 5304 omni
712 5238 940 5300 puritate
961 5254 1012 5290 et
1032 5241 1333 5292 innocentia
1367 5239 1778 5304 repletissimum
1808 5239 2076 5297 formavit,
2105 5297 2111 5304 _

545 5303 597 5354 in
651 5305 800 5373 cuius
853 5307 1215 5359 sacratissimo
1268 5319 1420 5359 utero
1468 5307 1641 5360 factus
1691 5309 1850 5358 homo
1892 5323 2076 5359 novem

546 5376 836 5442 mensibus,
867 5393 882 5424 ι
921 5374 1170 5442 Magister
1225 5391 1438 5442 quoque
1495 5373 1691 5429 Paulus
1742 5376 1807 5428 de
1829 5376 1969 5427 Luca
2025 5375 2074 5426 in

544 5441 773 5511 quodam
825 5441 1273 5496 excellentissimo
1335 5459 1603 5504 sermone,
1651 5445 1701 5495 itt
1733 5459 1838 5511 quo
1893 5445 2075 5495 decem

549 5508 735 5579 Inc-liis
767 5512 953 5575 prohat
984 5512 1381 5562 Immaculalatn
1419 5513 1475 5563 Β.
1508 5508 2079 5579 Virginis_t'unci‘pti0-

549 5590 689 5648 nem,
724 5577 859 5648 inter
884 5580 1177 5648 aliztittqnil
1210 5594 1221 5627 :
1256 5615 1269 5629 .
1305 5580 1363 5630 li.
1397 5580 1554 5648 Virgo
1587 5577 1688 5631 non
1715 5581 1813 5632 fuit
1844 5581 2073 5632 resoluta

550 5647 603 5700 in
658 5647 946 5708 pulverem.
982 5647 1116 5712 Ergo
1162 5665 1260 5701 nec
1300 5660 1550 5717 concepta
1603 5665 1694 5716 per
1761 5650 2073 5716 originalem

2181 3207 2254 3276 μὴ
2281 3207 2506 3276 παρῑδῃς
2535 3223 2621 3275 με,
2647 3206 2974 3274 πανάμωμε,
3004 3207 3181 3275 ήθεὺν
3207 3208 3457 3274 κυήσασα
3489 3206 3577 3258 τδν
3609 3209 3716 3259 Λυ-

2174 3296 2384 3364 τρωτὴν
2405 3295 2535 3365 ὁμοῦ
2561 3297 2650 3349 καὶ
2683 3295 2909 3366 Σωτῆρα
2939 3313 3060 3365 μου.

2260 3386 2506 3452 ’ἰλασμδς
2571 3387 2701 3455 ἡμῖν
2753 3386 2845 3436 καὶ
2885 3385 3148 3454 λύτρωσις
3203 3384 3504 3454 ἐγνωρίσθη
3557 3387 3584 3437 ὁ
3632 3386 3720 3447 σὸς

2178 3474 2325 3537 Υἱὸς,
2357 3473 2620 3543 Παρθένε,
2656 3473 2712 3525 δν
2741 3474 2945 3525 ἱκέτευε
2991 3473 3157 3525 σῶσαι
3200 3475 3323 3534 τοὺς
3354 3475 3410 3527 ἐν
3438 3473 3721 3538 κατανύξει

2179 3580 2236 3614 σε
2274 3561 2449 3630 ψυχῆς
2487 3561 2897 3630 μακαρίζοντας.

2180 3737 2412 3801 culpam.
2461 3737 2594 3790 Nam
2651 3745 2861 3791 constat
2905 3737 3045 3805 quod
3085 3737 3457 3792 Tabernaculo
3522 3738 3719 3793 Christi

2179 3807 2299 3875 plus
2333 3807 2787 3875 derogatpeccati
2818 3807 3114 3875 corruptio,
3148 3822 3307 3872 quam
3363 3808 3412 3857 in
3454 3809 3718 3873 pulverem

2177 3873 2486 3994 resplnéion
2515 3873 2606 3929 Sic
2625 3874 2712 3928 ille
2726 3874 2867 3943 apud
2891 3873 3370 3940 BuStum,.serm.'6
3387 3875 3452 3930 de
3465 3875 3718 3946 Concept.

2178 3959 2271 3994 nar
2301 3959 2328 3994 e
2392 3982 2404 3992 .
3220 3959 3224 3962 '

2214 3952 2328 3996 arte
2350 3952 2404 3994 2.
3220 3959 3224 3962 '

2176 3959 2517 4081 péaeﬁfbuia
2546 4011 2693 4081 nullo
2716 4025 2952 4081 unquam
2999 4013 3238 4081 tempore
3266 4013 3494 4078 alicujus
3519 4016 3716 4081 peccati

2178 4078 2492 4150 obscuritati
2525 4080 2784 4150 subjecta.
2815 4079 2952 4150 Hinc
2993 4080 3053 4150 D.
3089 4078 3446 4150 [ﬁeronymns
3489 4078 3718 4136 tractans

2178 4147 2500 4202 versiculum
2551 4149 2699 4201 illum
2748 4147 2944 4202 Psalmi
2985 4149 3074 4210 77.
3113 4147 3309 4202 Eduxit
3336 4165 3440 4204 .eos
3493 4153 3544 4203 in
3583 4152 3718 4204 nube

2177 4216 2304 4288 diei,
2339 4216 2474 4288 dixit
2503 4233 2516 4268 :
2553 4214 2686 4288 Ecce
2711 4217 2853 4288 Deus
2880 4217 3026 4270 venit
3055 4217 3108 4288 in
3150 4212 3436 4288 Egyptum
3487 4220 3538 4270 in
3583 4221 3717 4288 nube

2177 4285 2310 4348 levi;
2342 4284 2544 4337 Nubem
2577 4287 2742 4339 levem
2803 4284 2897 4338 aut
2924 4287 3135 4352 proprie
3166 4284 3361 4352 corpus
3403 4284 3713 4347 Salvatoris.

2110 4377 2150 4430 ο
2179 4353 2306 4473 guia
2337 4354 2449 4407 leve
2481 4352 2600 4433 fuit,
2632 4362 2685 4407 et
2710 4353 2856 4406 nullo
2882 4362 3099 4434 peccato
3121 4364 3424 4432 gravatum,
3460 4365 3551 4408 aut
3578 4366 3718 4408 certe

2216 4421 2436 4473 ebemus
2480 4435 2720 4473 acetnere
2768 4423 2992 4473 Mariam
3050 4423 3194 4473 nttllo
3224 4424 3429 4473 semine
3485 4425 3716 4473 humano

2216 4421 2436 4478 ebemus
2480 4423 2720 4489 accipere
2768 4421 2992 4475 Mariam
3050 4423 3194 4476 nullo
3224 4421 3429 4478 semine
3485 4425 3716 4476 humano

2178 4491 2582 4560 praigravatam.
2609 4508 2626 4538 ι
2662 4491 2798 4544 Ecce
2816 4489 3081 4560 Dominus
3127 4491 3271 4560 venit
3326 4491 3376 4544 in
3435 4490 3716 4560 JEgy'ptum

2179 4559 2360 4611 saeculi
2415 4559 2571 4625 hujus
2602 4573 2695 4625 per
2744 4558 2932 4611 nubem
2964 4561 3131 4612 levem
3175 4556 3476 4625 Virginem,
3506 4556 3718 4613 et‘edn-

2179 4627 2257 4678 xit
2283 4642 2376 4680 eos
2405 4627 2456 4678 in
2484 4628 2626 4679 nube
2654 4626 2777 4679 diei.
2807 4627 3030 4679 Pulchre
3062 4644 3079 4676 ι
3115 4627 3247 4679 dixit
3281 4628 3333 4679 in
3371 4630 3511 4680 nube
3531 4630 3654 4682 diei.
3692 4649 3707 4680 I

2179 4694 2359 4764 Nubes
2390 4696 2556 4764 enim,
2588 4695 2676 4764 illa
2718 4711 2824 4764 non
2857 4691 2956 4746 fuit
2997 4695 3054 4747 in
3088 4695 3358 4764 tenebris.
3391 4699 3482 4748 sed
3514 4712 3716 4764 semper

2180 4762 2231 4814 in
2281 4762 2416 4816 luce.
2459 4781 2478 4812 ›
2519 4763 2642 4816 Ha'c
2668 4762 3045 4831 Hieronymus.
3077 4762 3205 4826 Quae
3231 4765 3473 4831 profecto
3527 4762 3717 4831 (inquit

2178 4831 2494 4901 gatltaritins
2537 4833 2588 4884 in
2641 4846 2739 4901 suo
2767 4831 3081 4901 _Tract.dei
3115 4832 3365 4900 Coneept.
3393 4832 3459 4885 ad
3521 4832 3714 4901 Synod.

2183 4899 2454 4969 Trident._
2471 4908 2618 4969 parte
2665 4900 2703 4964 ι)
2727 4899 2827 4969 nisi
2861 4899 3151 4969 sophistiee
3174 4899 3573 4969 pervertantur,
3604 4902 3718 4969 pe'r-

2252 4978 2392 5019 tuam
2428 4967 2665 5021 Dominae
2691 4968 2936 5036 gratiam,
2966 4977 3021 5020 et
3070 4968 3430 5022 innocentiam
3472 4967 3718 5036 compro-

2215 5046 2323 5089 :tnt.
2353 5036 2630 5104 Appellaut
2652 5034 2794 5088 enim
2819 5034 3088 5104 Virginem
3121 5037 3316 5089 nubem
3355 5037 3502 5091 nullo
3535 5034 3717 5090 hit—ma-

2181 5111 2249 5156 n'o
2275 5103 2479 5158 semine
2501 5113 2903 5172 prmgravatam.
2935 5103 3094 5166 Quid,
3115 5105 3361 5166 obsecro,
3386 5117 3467 5158 est
3494 5106 3592 5158 hoc
3615 5108 3715 5159 nisi

2179 5175 2416 5238 apertius
2455 5175 2632 5226 dicere
2663 5172 2805 5224 illam
2861 5174 3006 5226 nullo
3035 5175 3236 5239 peccati
3285 5174 3543 5239 pondere,
3578 5177 3712 5240 quod

2178 5257 2237 5310 ex
2271 5242 2503 5294 humano
2530 5242 2734 5294 semine
2759 5240 3052 5310 descendit,
3088 5240 3252 5295 fuisse
3282 5246 3716 5310 praegravatam?

2182 5308 2242 5361 Et
2267 5311 2393 5377 quid
2426 5311 2525 5362 hoc
2552 5319 2634 5378 est
2659 5324 2764 5364 non
2793 5308 2958 5363 fuisse
2983 5310 3125 5361 illam
3168 5311 3362 5378 nubem
3395 5308 3628 5378 unquam
3664 5314 3712 5364 in

2181 5379 2436 5448 tenebris,
2471 5377 2565 5448 sed
2591 5393 2801 5444 semper
2850 5379 2902 5430 itt
2939 5378 3075 5448 luce,
3102 5378 3202 5448 nisi
3237 5377 3508 5445 utinquam
3555 5379 3716 5448 fuisse

2179 5445 2469 5515 involutam
2502 5445 2739 5513 peccato,
2765 5459 2858 5512 per
2883 5446 3024 5512 quod
3047 5447 3278 5500 tenebrae
3312 5447 3718 5515 signiﬁcantur?

2180 5515 2315 5577 Quid
2348 5514 2434 5566 hic
2482 5515 2675 5568 dicturi
2709 5526 2836 5585 sunt
2859 5515 3205 5585 quantumvis
3256 5514 3545 5585 ingeniosi,
3571 5524 3624 5570 et
3654 5518 3716 5570 ad

2179 5591 2476 5639 commenta
2507 5585 2749 5652 ceptosi?
2773 5582 2863 5638 Sic
2887 5583 3232 5639 Catharinus.
3319 5582 3328 5654 ί
