3948 6304
183 319 324 384 1313

1635 328 1997 390 MARIALE.

3264 337 3406 402 13M

182 434 446 504 ἀγρύπνῳ
473 434 651 505 δεήσει
685 452 799 501 σου,
833 436 974 490 δίδου
1031 456 1122 508 μοι
1168 439 1519 510 ἐγρήγορσιν,
1559 440 1734 510 Κόρη,

1861 438 2034 493 mimzc
2066 453 2197 494 meae
2234 440 2482 509 precibus
2530 451 2638 498 tuis
2672 458 2950 514 nunquam
2985 447 3397 503 dormientibus.

179 525 283 592 τῆς
309 523 574 594 ῥᾳθυμίας
595 528 779 596 πόρρω
805 528 894 596 τὸν
930 547 1097 582 νυστα
1113 530 1239 599 γμὸν
1263 530 1664 584 ἀπελαύνουσα.

258 699 606 768 Συμπαοείας
633 703 730 770 τῆς
781 703 879 771 σῆς
913 721 978 771 με
1009 702 1256 767 ἀξίωσον,
1291 702 1736 772 συμπαθέστατον

179 790 358 856 Λόγον
389 791 660 860 κυήσασα,
701 792 1040 863 εὐλογημένη
1093 793 1357 864 Ιιαρθένε,
1390 797 1480 845 καὶ
1511 795 1568 846 ὲν
1620 793 1738 864 ὥρᾳ

179 880 286 947 τῆς
318 880 472 949 δίκης
496 881 761 951 πρόπηθι
796 882 953 952 ῥῦσαι
985 884 1083 952 τῆς
1115 885 1227 935 ἐκεῖ
1263 901 1352 952 με,
1374 883 1536 951 ἁγνὴ,
1570 901 1738 936 κατα-

186 969 441 1038 κρίσεως.

258 1057 447 1130 Φωνήν
490 1074 572 1110 σοι
617 1059 713 1112 τοῦ
770 1057 913 1113 θείου
967 1059 1203 1130 Γαϐριὴλ
1234 1062 1578 1131 προσάγομεν
1607 1079 1740 1130 χαρ-

183 1146 457 1214 μοσύνως,
490 1151 582 1202 καὶ
623 1151 1024 1219 κραυγάςομενο
1066 1153 1261 1221 Χαῖρε,
1302 1154 1622 1222 Παρὰδεισε,
1679 1153 1740 1204 τὸ

182 1235 344 1300 ξύλον
373 1239 430 1290 ὲν
481 1232 634 1308 μέσῳ
666 1239 774 1310 τῆς
806 1237 952 1309 ζωῆς
1009 1243 1146 1310 ἔχων
1181 1242 1412 1295 πάντοτε
1457 1242 1738 1309 περίδοξον

178 1325 281 1378 τοῦ
329 1305 502 1394 Λόγου
532 1305 811 1381 παλὰἶιοψ
852 1305 1311 1400 χτλϊρεξΠαρθένέ
1339 1305 1734 1401 παναμῶμητε.

179 1444 297 1502 "Ex
318 1443 422 1503 τοῦ
456 1450 710 1517 κανόνος
747 1449 854 1519 τῆς
875 1453 1284 1574 ἐῖαρασκευῆς
1329 1456 1420 1520 εὶς
1450 1453 1558 1508 τὸν
1598 1453 1740 1522 Ὄρ-

180 1558 188 1567 .
909 1539 1038 1574 οον.

904 1539 1038 1590 por.

267 1641 556 1711 Ῥομφαία,
591 1641 664 1706 ὡς
692 1643 937 1714 ἔφησενὸ
967 1645 1212 1715 Συμεὼν,
1236 1647 1333 1716 τὴν
1368 1647 1598 1717 καρδίαν
1644 1664 1738 1700 σου

1844 527 1916 580 Da
1950 528 2084 581 mihi
2127 529 2484 598 vigilantiam,
2512 547 2544 584 ο
2576 531 2781 597 Puella,
2821 536 3009 601 procul
3040 536 3268 606 abigens
3301 552 3396 593 so-
3488 536 3500 546 ’

1839 616 2037 689 cordia:
2068 633 2130 672 ac
2161 620 2394 686 torporis
2423 622 2890 677 dormitationem.

1904 709 2312 777 Compassionis
2347 719 2452 764 tua:
2483 713 2702 780 dignum
2738 729 2823 767 me
2861 714 2965 780 fac,
3010 732 3131 786 qua:
3162 715 3399 772 Verbum

1840 816 2050 854 summa
2073 801 2446 870 compassione
2461 803 2740 870 praeditum
2760 809 3037 873 peperisti.
3062 825 3094 860 o
3115 809 3394 864 benedicta

1842 889 2005 960 Virgo
2038 892 2371 957 castissima;
2415 902 2466 946 et
2519 893 2569 946 in
2605 893 2735 947 hora
2763 896 2955 964 judicii
3003 900 3197 952 aSsiste
3244 901 3399 975 mihi,

1844 991 1900 1035 ut
1926 997 1955 1034 a
1996 984 2185 1034 futura:
2211 982 2576 1036 damnationis
2605 985 2871 1038 sententia
2896 985 3096 1054 eripias
3129 1003 3233 1042 me.

1910 1073 1989 1124 Ad
2024 1082 2072 1125 te
2098 1073 2274 1142 Diviui
2307 1072 2577 1127 Cabrielis
2611 1089 2796 1129 vocem
2827 1093 2948 1130 cum
2973 1080 3172 1146 gaudio
3207 1080 3401 1150 dirigi-

1841 1181 1984 1225 tnus,
2017 1169 2352 1221 clamantes:
2388 1170 2501 1221 Ave
2526 1208 2540 1231 ,
2577 1169 2855 1234 Patadise,
2895 1186 3012 1238 quae
3047 1173 3166 1226 Viue
3194 1174 3400 1243 lignum

1841 1267 2054 1320 semper
2086 1255 2251 1308 habes
2295 1255 2348 1308 in
2405 1256 2580 1309 medio
2630 1258 2728 1312 tui.
2764 1259 2894 1323 Ave,
2943 1260 3397 1328 gloriosissimum

1847 1343 2001 1397 Verbi
2024 1345 2304 1412 palatium,
2340 1345 2501 1415 Virgo
2524 1349 2671 1400 otnni
2699 1348 2856 1401 laude
2884 1351 3224 1417 dignissima.

2086 1469 2170 1522 Ex
2204 1487 2402 1525 canone
2443 1473 2589 1540 feria:
2623 1491 2672 1528 v1
2708 1476 2775 1528 ad
2807 1473 3156 1531 Matutinum.

1919 1639 2276 1696 Pcrtransivit
2327 1643 2535 1713 gladius
2587 1660 2680 1698 cor
2730 1657 2905 1711 tuum,
2947 1648 3404 1715 quemadmodum

180 1733 423 1804 διῆλθιν,
458 1735 531 1794 ὠς
565 1736 796 1804 ἔὸλεψας
832 1738 1063 1807 Χριστὸν
1117 1739 1517 1809 σταυρούμενον
1556 1740 1738 1808 μόνον,

1861 1736 2169 1789 )razdixerat
2201 1733 2442 1797 Simeon.
2475 1752 2508 1790 0
2543 1739 2798 1804 Domina;
2831 1755 2953 1794 cum
2976 1741 3257 1796 Christum
3280 1761 3408 1798 cru—

179 1827 472 1892 Δέσποινα,
503 1827 827 1897 νυττόμενον
867 1831 932 1899 τῇ
984 1829 1183 1902 λόγχῃ’
1237 1830 1357 1884 ὅθεν
1403 1830 1738 1895 ἁλαλάζουσα

1861 1826 2064 1879 :iﬁxum
2094 1825 2274 1880 vidisti
2325 1827 2498 1881 solum
2531 1828 2715 1883 lancea
2767 1831 3009 1898 perfodi;
3047 1833 3402 1901 quamobrem

183 1916 384 1980 πόνους
415 1917 707 1988 ὑπέφερες.

269 2005 364 2058 Ἐκ
391 2007 483 2059 σοῦ
516 2009 549 2077 ὴ
579 2008 881 2072 ἀνάπλασις
906 2012 1004 2079 τῆς
1042 2008 1185 2072 Εὔας
1213 2010 1425 2081 ὼράθη,
1479 2013 1739 2085 Παρθένε,

175 2096 407 2166 ἀληθῶς
471 2096 813 2170 Θεὸςσαρκὶ
865 2102 1206 2170 τικτόμενος,
1268 2103 1364 2155 καὶ
1417 2103 1474 2156 ὲν
1525 2106 1742 2176 σταυρῷ

183 2188 510 2258 ὑψούμενος,
548 2190 640 2242 καὶ
667 2191 1025 2261 καταράσσων
1062 2193 1342 2261 δαίμονας,
1384 2191 1741 2263 οεοχαρίτωτε

182 2281 474 2334 Δέσποινα.

269 2371 559 2442 Ῥήγνυται
581 2373 943 2446 χειρόγραφον
976 2372 1035 2427 τὸ
1063 2374 1158 2429 τοῦ
1193 2375 1382 2447 Ἀδὰμ,
1413 2377 1580 2448 λόγχῃ
1616 2396 1740 2431 νυτο

179 2462 414 2531 τσμένου
448 2476 564 2527 σου,
596 2464 864 2528 Δέσποτα,
896 2467 929 2535 ἡ
959 2465 1216 2530 Θεοτόκος
1247 2469 1445 2522 ἀνεϐόα
1472 2470 1548 2537 τῷ
1578 2486 1741 2521 σταυ-

183 2550 269 2620 ρῷ
292 2555 694 2624 παρισταμένη,
723 2555 917 2626 Κύριε,
948 2557 1042 2610 καὶ
1067 2557 1339 2628 ὀδυνηρῶς
1374 2559 1737 2624 ἀλαλάζουσα.

167 2652 184 2727 ἑ
257 2643 430 2712 Σαρκὶ
461 2644 520 2697 όν
551 2645 789 2715 ὲκύησας
841 2648 1096 2718 Χριστὸν,
1145 2648 1536 2720 Θεοχαρίτωτε,
1601 2649 1742 2720 ξύλῳ

180 2732 587 2804 ἁναρτούμενον
633 2737 708 2801 ὡς
742 2733 902 2802 εἶδες,
942 2739 1161 2810 θρήνων
1199 2739 1498 2810 ὲπλὴσθης,
1559 2740 1741 2794 καὶτὸ

180 2824 542 2895 μακρόθυμον
594 2827 788 2880 τούτου
859 2828 1229 2898 κατεπλήττου
1286 2828 1502 2898 ἀληθῶς
1548 2844 1563 2860 °
1609 2829 1740 2895 ,ὅθεν

183 2913 518 2982 ἐμεγάλυνες
548 2916 648 2988 τὴν
671 2916 836 2972 αὐτοῦ
873 2919 1300 2989 συγκατάσασιν.

258 3188 436 3256 Διμὴν
467 3187 625 3254 γενοῦ
663 3205 774 3258 μοι,
827 3188 1159 3260 πανάμωμι,
1201 3167 1429 3256 πελαγει
1473 3191 1584 3246 τῶν
1635 3191 1742 3245 δει-

183 3278 296 3331 νῶν
329 3277 726 3344 Θαλαττεύοντι,
753 3280 785 3349 ὴ
815 3281 1199 3348 ναυαγήσὰσαν
1227 3280 1406 3333 πᾶσαν
1448 3280 1546 3349 τὴν
1581 3279 1742 3349 φύσιν

183 3367 264 3438 τῷ
297 3358 436 3439 τόκῲ
461 3385 574 3436 σου,
603 3370 959 3440 Θεογεννῆτορ
981 3370 1153 3443 Κόρη,
1183 3370 1276 3424 νῦν
1308 3370 1635 3424 διασώσασα.

159 3587 166 3591 .
258 3549 466 3619 Νύμφη
523 3549 773 3618 ἄμωμος,
841 3548 1100 3602 παλάτιον
1167 3547 1260 3602 τοῦ
1301 3549 1619 3614 κτίσαντος,
1672 3551 1740 3619 γῆ

182 3638 559 3710 ἀγεώργητος,
619 3640 805 3711 θρόνος
892 3641 1234 3712 πυρίμορφος
1291 3640 1554 3710 ἐδείχθης,
1611 3657 1743 3692 παν-

184 3730 388 3798 άμωμι
410 3745 427 3762 ο
484 3730 605 3784 ὅθεν
636 3730 846 3800 βοῶμέν
891 3747 990 3784 σοι·
1026 3732 1218 3801 Χαῖρε,
1244 3732 1529 3795 Δέσποινα,
1563 3731 1597 3800 ἡ
1620 3731 1741 3794 τοὺς

186 3820 411 3891 βροτοὺς
436 3820 686 3874 Θεώσασα
716 3822 872 3893 θεῖκῇ
899 3822 1187 3892 κυοφορίᾳ.

272 3910 471 3964 Ἰδοῢσα
517 3911 842 3965 ὑπνώσαντα
877 3914 932 3965 ιν
973 3912 1113 3984 ξύλῳ
1139 3912 1230 3966 τὸν
1264 3914 1426 3966 πᾶσιν
1472 3911 1740 3985 ἐγρηγορ-

183 4017 270 4054 σιν
309 4001 615 4074 παρέχοντα
671 4003 821 4056 θείαν
870 4003 963 4056 καὶ
996 4005 1284 4074 σωτήριον,
1307 4005 1502 4074 Μήτηρ
1532 4005 1565 4074 η
1600 4021 1740 4056 παν-

186 4092 418 4161 άμωμος
474 4091 774 4162 ἀλαλαγμῷ
817 4092 1072 4162 ὠδύρετο,
1109 4095 1202 4146 καὶ
1234 4091 1626 4163 ἀνεκραύγαζεο
1675 4094 1741 4146 Τί

185 4181 350 4234 τοῦτο
395 4181 709 4236 καινότατον
739 4181 957 4252 θαῦμα;
983 4183 1012 4234 ὁ
1053 4182 1394 4252 ζωοποιήσας
1431 4182 1498 4235 τὰ
1538 4184 1740 4247 πάντα,

187 4272 414 4344 θνήσκει
440 4273 630 4329 θέλων.

1844 1919 2060 1973 dolores
2089 1917 2368 1971 sustinens
2395 1919 2446 1971 in
2485 1920 2718 1987 gemitus
2745 1924 3090 1991 erumpebas.

1914 2007 1992 2060 Ex
2024 2015 2077 2060 te
2113 2007 2429 2062 reformatio
2457 2008 2579 2064 Eva:
2618 2027 2806 2066 revera
2843 2013 2984 2068 facta
3018 2023 3121 2080 eat,
3166 2031 3199 2069 ο
3240 2013 3406 2085 Virgo

1846 2095 2072 2153 Domina
2104 2096 2211 2152 Deo
2235 2099 2557 2154 charissima
2587 2120 2599 2155 :
2627 2103 2770 2157 Deus
2794 2105 2993 2158 scilicet
3029 2107 3083 2159 in
3114 2122 3278 2161 carne
3308 2124 3405 2160 na-

1845 2202 1950 2255 tus,
1981 2198 2032 2243 et
2059 2189 2111 2242 in
2139 2205 2299 2245 cruce
2329 2193 2619 2268 exaltatus,
2646 2196 2735 2264 qui
2769 2196 3042 2252 daemones
3077 2200 3404 2268 proturbans

1842 2279 2056 2350 dejecit.
2609 2348 2614 2349 ί

1914 2373 2259 2431 Rescinditur
2303 2376 2723 2446 chirographum
2770 2379 2933 2443 Adae,
2967 2379 3095 2433 dum
3129 2390 3186 2433 tu
3213 2381 3400 2435 lancea

1839 2464 2160 2534 perforat-is,
2189 2467 2504 2522 Dominator
2521 2468 2764 2524 Domine.
2789 2470 2865 2522 Ita
2893 2469 3123 2538 Deipara
3141 2473 3405 2527 assistens

1841 2555 1989 2610 cruci
2010 2571 2132 2609 cum
2163 2556 2352 2610 dolore
2372 2564 2536 2626 atque
2560 2557 2763 2624 ejulatu
2799 2558 3155 2613 exclamabat.

1910 2641 2138 2709 Quando
2164 2643 2440 2698 Christum
2490 2659 2651 2714 quem
2698 2645 3040 2698 incarnatum
3087 2661 3400 2715 pepereras,

1841 2735 1986 2803 ligno
2015 2734 2232 2788 aﬂixum
2254 2735 2459 2799 vidisti,
2480 2735 2710 2789 odivina
2738 2735 2912 2806 gratia
2941 2737 3400 2803 cumulatissima.

1843 2822 2089 2879 lamentis
2122 2825 2284 2895 273
2317 2825 2517 2895 repleta
2545 2839 2626 2902 es,
2654 2834 2709 2879 et
2737 2825 2979 2895 profecto
3025 2827 3172 2883 illius
3207 2828 3397 2900 longa-

1841 2914 2140 2969 nimitatem
2176 2931 2241 2969 ac
2265 2916 2579 2985 patientiam
2608 2931 2732 2970 cum
2757 2905 2980 2986 stupore
3013 2919 3398 2983 admirabaris,

1842 3005 2195 3074 quamobrem
2227 3005 2470 3073 ejusdem
2511 3006 2905 3064 .demissionem
2946 3016 3108 3077 atque
3141 3009 3403 3063 humilia-

1763 3100 1809 3164 C
1844 3098 2041 3152 tionem
2068 3097 2474 3168 magniﬁcabas.

1913 3187 2044 3243 Esto
2083 3189 2213 3241 mihi
2246 3196 2456 3257 portus,
2492 3187 2546 3242 in
2595 3188 2794 3258 pelago.
2854 3188 3243 3245 adversitatum
3300 3190 3400 3244 llu-

1846 3277 2128 3341 ctuanti,o
2156 3277 2447 3345 purissima
2481 3277 2678 3346 puella,
2706 3293 2826 3346 qua:
2865 3279 3174 3333 universam
3223 3279 3403 3334 homi-

1844 3383 1971 3421 num
2033 3378 2279 3421 naturam
2337 3365 2680 3437 naufragium
2728 3383 2966 3438 passam,
3016 3379 3172 3431 partu
3203 3379 3322 3436 tuo,
3369 3387 3404 3426 0

1815 3515 1818 3517 Α
1842 3458 1936 3513 Dei
1967 3458 2230 3519 Genitrix,
2259 3457 2503 3512 salvasti.

1916 3546 2124 3616 Sponsa
2183 3547 2549 3610 immaculata,
2585 3546 2844 3615 palatium
2916 3546 3214 3614 Creatoris,
3259 3558 3401 3604 terra

1842 3638 2070 3699 inarata.
2102 3637 2331 3692 thronus
2374 3635 2678 3706 ignil‘ormis
2724 3637 2862 3693 facta
2904 3653 3036 3703 es,o
3062 3639 3351 3708 puriSsima
3384 3656 3398 3695 :

1843 3743 2010 3798 quare
2029 3729 2094 3782 ad
2125 3735 2177 3782 te
2200 3727 2500 3783 clamamus
2535 3746 2548 3781 :
2572 3728 2703 3796 Ave,
2731 3744 2763 3782 ο
2803 3729 3053 3795 Domina,
3080 3745 3200 3800 quae
3220 3731 3404 3785 divino

1843 3829 2105 3890 conceptu
2135 3829 2228 3873 tuo
2259 3819 2505 3874 homines
2541 3819 2828 3875 deiﬁcasti.

1911 3911 2048 3965 Cum
2089 3909 2593 3964 immaculatissima
2650 3909 2822 3965 Mater
2875 3911 2986 3980 (24)
3017 3910 3222 3966 videret
3254 3911 3401 3967 illum

1843 3999 2199 4056 dormientem
2232 3999 2286 4053 in
2325 3999 2492 4067 ligno,
2527 3999 2620 4069 qui
2658 4000 2911 4055 omnibus
2931 3999 3169 4054 divinam
3199 4003 3406 4056 saluta-

1844 4106 2068 4161 remque
2097 4090 2287 4144 tribuit
2337 4090 2712 4160 vigilantiam:
2778 4105 2901 4144 cum
2960 4090 3146 4146 dolore
3189 4091 3404 4160 ejulans

1840 4181 2176 4235 exclamabat
2202 4197 2216 4231 :
2250 4177 2533 4242 Quodnam
2599 4177 2919 4232 miraculum
2945 4193 3170 4242 novum,
3191 4189 3244 4234 et
3267 4196 3400 4234 anno

1843 4287 2005 4342 quam
2032 4280 2190 4324 antea
2236 4269 2478 4324 auditum
2511 4280 2595 4323 est
2624 4269 2766 4323 hoc?
2798 4268 2891 4324 Ille
2930 4270 3022 4340 qui
3054 4270 3237 4324 omnia
3265 4270 3406 4324 vivi-

1845 4367 1988 4428 licat,
2023 4363 2249 4415 moritur
2278 4358 2616 4415 voluntarie?

257 4458 512 4522 Φώτισον,
542 4457 704 4530 ἁγνὴ,
732 4460 854 4523 τοὺς
889 4460 1035 4531 πόθῳ
1064 4460 1364 4531 ὑμνοῦντας
1393 4478 1471 4523 σε,
1520 4459 1613 4512 καὶ
1644 4477 1736 4530 με-

1909 4454 2179 4516 Illumina,
2213 4468 2245 4505 ο
2275 4464 2444 4515 casta,
2476 4466 2571 4505 eos
2592 4451 2686 4518 qui
2729 4459 2778 4504 te
2812 4465 2936 4506 cum
2977 4449 3168 4505 aﬂ'ectu
3201 4451 3404 4506 collau-

183 4550 532 4620 γαλύνοντας·
584 4550 743 4604 λῦσον
791 4552 900 4603 τῶν
951 4551 1138 4603 παθῶν
1203 4552 1356 4620 ἡμῶν
1416 4551 1476 4603 τὸ
1529 4552 1736 4616 σκότος,

184 4641 362 4708 Κόρηο
403 4639 610 4692 παῦσον
641 4639 733 4692 τὸν
761 4639 1026 4692 κλύδωνα·
1059 4639 1154 4691 τοῦ
1203 4638 1439 4709 πονηροῦ
1474 4642 1539 4692 τὰ
1576 4641 1738 4694 σκάν-

183 4729 321 4781 δαλα
351 4731 412 4780 ὲκ
439 4728 600 4796 μέσον
619 4729 862 4797 ποίησοψ
899 4729 1022 4791 τοὺς
1050 4730 1146 4800 τῆς
1180 4731 1358 4799 Ἀγαρ
1387 4729 1574 4797 γόνους
1606 4730 1740 4783 καθ-

187 4816 456 4881 υπόταξον
488 4816 697 4886 βασιλεῖ
734 4817 946 4869 εὐσεϐεῖ
976 4822 1093 4880 ταῖς
1129 4819 1588 4900 πρεσὸείαιςκσου.

199 4943 304 4994 Ἐκ
325 4939 428 4992 τοῦ
464 4942 717 5005 κανόνος
739 4939 844 4993 τοῦ
867 4939 1168 4993 Σαὸϐἀτου
1217 4943 1302 5006 είς
1334 4941 1438 4993 τόν
1468 4941 1737 5009 Ὄρθρον.

275 5046 558 5114 Ῥυόμενος
593 5048 739 5115 ἡμᾶς
766 5047 1057 5115 καταδίκης
1087 5048 1314 5117 ἀρχαίας
1351 5049 1379 5100 ό
1410 5047 1536 5109 Υίὸς
1583 5048 1610 5099 ό
1647 5046 1739 5100 τοῦ

187 5135 326 5188 Θεοῦ
373 5136 696 5206 ηὐδόκησεν,
725 5137 883 5207 ἁγνὴ,
937 5139 1029 5190 καὶ
1064 5139 1184 5199 Tib;
1237 5138 1570 5206 χρηματίσαι
1601 5153 1691 5188 σου
1723 5151 1738 5167 ο

263 5313 373 5381 (24)
403 5309 533 5365 Cum
587 5311 840 5366 Christus
903 5312 1139 5365 caruerit
1203 5312 1483 5380 originalis
1541 5314 1744 5379 peccati

190 5383 441 5444 maculis,
469 5382 644 5435 decuit
677 5393 736 5434 ut
766 5381 883 5449 ejus
929 5390 1100 5434 mater
1148 5382 1348 5433 eisdem
1403 5392 1632 5444 careret,
1665 5397 1750 5433 es-

185 5461 378 5518 setque
400 5451 626 5503 omnino
663 5451 1028 5511 immaculata,
1059 5465 1125 5502 ne
1153 5449 1320 5504 Filius
1352 5450 1442 5502 Dei
1473 5451 1749 5503 habuisset

184 5521 330 5574 circa
358 5535 415 5573 se
457 5522 511 5571 in
541 5519 706 5572 Matre
744 5519 1035 5578 maculam,
1070 5527 1122 5571 et
1177 5529 1450 5586 peccatum
1495 5520 1746 5586 originis.

182 5591 254 5643 Et
274 5604 333 5643 se
368 5603 471 5641 non
495 5587 945 5640 det-uithabuisse
968 5587 1184 5641 Matrem
1215 5587 1303 5640 Dei
1333 5588 1518 5640 sordes
1549 5600 1752 5640 naturae

183 5657 459 5728 physicas,
492 5655 748 5711 nimirum
800 5658 987 5712 sordes
1013 5663 1226 5726 [partus
1260 5657 1542 5723 naturalis,
1570 5671 1741 5727 quan-

1841 4546 1978 4612 dant,
2000 4559 2063 4596 ac
2092 4543 2469 4612 magniﬁcam:
2498 4541 2734 4594 dissolve
2757 4543 3070 4610 passionum
3095 4551 3404 4596 nostrarum

1843 4634 2111 4696 tenebras,
2135 4647 2168 4684 ο
2196 4631 2370 4702 puella
2407 4649 2422 4684 :
2450 4631 2575 4685 seda
2598 4639 2942 4698 tempestates
2974 4648 2988 4683 :
3020 4630 3146 4684 tolle
3176 4645 3205 4684 e
3225 4630 3406 4686 medio

1837 4712 2092 4777 scandala
2117 4722 2334 4790 maligni
2361 4713 2600 4790 :subjice
2629 4721 2769 4774 ﬁlios
2790 4723 2932 4790 Agar
2953 4722 3204 4790 piissimo
3235 4723 3404 4792 impe-

1842 4814 2007 4867 ratori
2032 4813 2512 4868 intercessionibus
2541 4812 2666 4866 tuis.

2113 4937 2192 4990 Ex
2212 4953 2406 4990 canone
2445 4935 2664 4991 Sabbati
2697 4940 2765 4990 ad
2793 4937 3135 4992 Hatutinum.

1918 5045 2086 5101 Filius
2117 5047 2231 5109 Dei,
2261 5055 2318 5100 ut
2349 5062 2447 5101 nos
2483 5048 2552 5100 ab
2575 5047 2796 5116 antiqua
2832 5050 3178 5102 damnatione
3204 5049 3404 5103 libera-

1848 5147 1950 5203 ret,
1982 5137 2144 5190 etiam
2175 5135 2343 5190 Filius
2367 5146 2513 5202 tuus,
2533 5152 2566 5191 ο
2602 5135 2789 5206 Virgo,
2820 5154 2942 5194 esse
2973 5141 3175 5204 voluit;
3212 5155 3402 5207 quam-

1847 5321 1899 5386 to
1925 5312 2090 5386 magis
2129 5313 2313 5368 debuit
2343 5328 2527 5386 carere
2559 5315 2926 5386 spiritualibus
2973 5315 3198 5383 peccati.
3249 5315 3400 5377 Item,

1846 5382 1890 5435 si
1920 5383 2071 5435 dolor
2107 5394 2292 5452 partus
2325 5384 2522 5438 dicitur
2553 5382 2873 5440 contumelia
2900 5382 3122 5448 naturae,
3145 5400 3264 5436 cum
3291 5403 3400 5438 non

1846 5451 2128 5521 siliculpa,
2179 5452 2270 5504 sed
2322 5467 2480 5519 ptena
2533 5454 2693 5518 illius,
2724 5472 2786 5508 ac
2820 5455 3040 5521 proinde
3092 5464 3297 5506 semota
3370 5471 3398 5506 a

1847 5519 1942 5571 Dei
1989 5519 2178 5593 Matre,
2203 5532 2408 5588 quanto
2434 5524 2745 5593 magis-ipsa
2771 5519 2926 5590 culpa
2955 5523 3254 5591 originalis,
3280 5539 3400 5591 (piae

1847 5591 2127 5712 istlmajoi-
2161 5591 2498 5714 ιΔροφηιιιηιιιηει
2549 5591 2795 5648 humana:
2842 5601 3068 5659 natura,
3101 5593 3167 5646 ab
3198 5606 3262 5645 ea
3303 5593 3400 5646 de-

1890 5673 1941 5711 ut
2003 5672 2099 5714 exc
2125 5673 2156 5712 υ
2196 5675 2246 5713 ι.

1890 5668 1967 5711 utl
2003 5668 2246 5714 exeludt!
