3948 6304
467 351 605 418 1315
1583 353 1641 411 S.
1681 351 1986 412 JOSEPHI
2030 352 2042 409 1

2149 353 2181 408 li
2193 350 2336 410 NOG
2351 350 2579 410 RAPHI
3541 339 3671 403 1316

459 457 645 512 obrem
679 471 770 526 per
791 458 964 526 ipsum
991 472 1088 512 nos
1111 457 1163 511 in
1195 457 1426 511 ﬁliorum
1450 456 1788 527 adoptionem
1814 459 2032 525 recepti,

2149 459 2256 511 ΞΟεν
2289 459 2626 517 υίοτεθέντες
2652 456 2717 509 δι’
2747 455 2904 510 αὐτὸν
2943 456 3034 509 τὸν
3059 453 3306 525 οὐράνιον
3357 450 3672 520 εὐλογοῦμεν

461 550 737 603 cmiesteiu
789 549 1000 603 Patrem
1033 550 1443 614 benedicimus;
1484 550 1688 619 tibique
1717 550 1901 604 laudes
1928 551 2021 602 de-

463 646 768 691 cantamus.

2132 553 2370 622 Πατέρα,
2395 550 2686 622 ὑμνοῦντες
2720 567 2803 605 σε.

535 727 772 782 Laudem
802 728 910 784 Deo
937 729 1246 792 oﬂeramus,
1272 728 1362 797 qui
1386 746 1449 782 ex
1477 730 1692 798 Virgine
1721 729 2026 784 voluntarie

468 829 630 873 natus
681 829 784 885 est,
817 829 870 874 et
927 820 1111 874 choris
1141 821 1454 890 angelorum
1491 822 1773 876 mulierum
1831 822 2028 875 choros

467 910 738 978 adiunxit.

542 1001 653 1065 Ille,
679 1001 770 1069 qui
805 1008 856 1054 te
889 999 1162 1070 Virginem
1231 1001 1628 1056 immaculatam
1669 1012 1788 1070 post
1815 1012 2028 1071 partum

469 1090 825 1153 conservavit,
880 1091 1114 1160 virgines
1162 1106 1352 1146 omnes
1398 1107 1517 1160 qua:
1561 1100 1612 1145 te
1658 1091 2028 1156 circumstant,

473 1178 832 1247 gloriﬁcavit;
863 1194 985 1232 cum
1035 1181 1234 1247 quibus
1281 1181 1398 1233 sine
1452 1179 1757 1234 cessatione
1786 1193 2029 1247 precare,

474 1276 534 1320 ut
565 1266 762 1321 animae
793 1277 994 1322 nostrae
1031 1269 1099 1322 ab
1143 1268 1289 1321 omni
1343 1269 1591 1338 angustia
1629 1283 1693 1324 ac
1739 1270 2033 1324 tentatione

473 1365 780 1411 serventur.
1979 1410 1984 1414 .
2016 1415 2044 1425 ,,

548 1443 833 1512 Dominus,
861 1446 954 1515 qui
1013 1445 1274 1500 habitavit
1321 1444 1375 1499 in
1401 1455 1534 1511 tc,-o
1583 1445 1743 1515 Virgo
1775 1447 1845 1500 ab
1885 1445 2034 1500 omni

475 1536 686 1590 macula
725 1531 999 1603 immunis,
1031 1536 1142 1608 (25)
1177 1536 1338 1610 274
1369 1537 1494 1594 fecit
1533 1540 1776 1595 homines
1821 1541 2030 1594 habita-

476 1629 598 1683 cula
613 1629 818 1705 divinae
838 1629 1020 1700 gloria
1038 1644 1171 1685 sure.
1273 1662 1277 1665 -
1943 1694 1946 1697 _

544 1717 671 1786 Ore,
703 1720 907 1790 lingua,
956 1731 1012 1776 et
1041 1722 1204 1777 corde
1252 1721 1514 1777 conﬁteor
1541 1730 1612 1788 te,
1643 1738 1676 1774 ο
1699 1722 1891 1790 puella,
1948 1738 2038 1779 ca-

2202 731 2362 790 Αἷνον
2394 733 2470 804 τῷ
2500 734 2616 801 Θεῷ
2649 733 3027 803 προσάξωμεν,
3055 729 3131 800 τῷ
3163 730 3227 782 ἐκ
3269 727 3369 796 τῆς
3408 724 3670 795 Παρθένου

2138 825 2491 895 ἀποτεχθέντι
2561 823 2882 893 βουλήματι,
2908 868 2914 874 .
2940 820 3212 888 γυναικῶν
3257 835 3317 870 τε
3359 819 3538 887 χοροῖς
3583 816 3673 883 ἁγ-

2136 917 2306 984 γέλων
2336 916 2459 977 τοὺς
2492 915 2684 984 χοροὺς
2717 911 3132 980 ἐπισυνάψαντι.

2221 1007 2280 1058 '0
2320 1005 2594 1075 Παρθένον
2625 1022 2682 1056 σε
2733 1004 2969 1072 φυλάξας
3007 1002 3143 1072 μετὰ
3175 999 3327 1053 τόκον
3365 996 3675 1067 ἀμώμητον,

2135 1095 2232 1158 τὰς
2258 1094 2555 1165 παρθένους
2577 1095 2749 1156 πάσας
2786 1111 2844 1146 σε
2875 1091 3244 1163 περιεστώσας
3265 1088 3534 1152 ἐδόξασεν,
3563 1086 3678 1155 μεθ’

2137 1180 2209 1238 ῶν
2242 1186 2534 1247 ἀπαύστως
2569 1184 2802 1236 δυσώπει
2852 1181 3209 1246 διασώζεσθαι
3242 1179 3422 1249 πάσης
3453 1177 3680 1246 θλίψεως

2138 1278 2232 1328 καὶ
2254 1275 2575 1346 πειρασμῶν
2600 1275 2697 1337 τὰς
2719 1267 2896 1344 ψυχὰς
2919 1273 3094 1344 ἡμῶν,
3191 1321 3198 1326 .

2225 1453 2281 1508 '0
2308 1453 2510 1524 Κύριος
2537 1455 2595 1507 έν
2618 1452 2700 1506 σοὶ
2729 1453 3080 1522 κατοικήσας,
3108 1449 3474 1520 πανάχραντε,
3502 1446 3684 1518 είργάρ

2143 1563 2272 1602 σατο
2305 1547 2429 1609 τοὺς
2480 1543 2797 1615 ἀνθρώπους
2824 1544 2922 1606 τῆς
2958 1542 3121 1596 αὐτοῦ
3156 1541 3304 1604 θείας
3327 1540 3503 1610 δόξης,
3538 1540 3683 1610 Παρ-

2143 1636 2283 1699 θένε,
2314 1634 2621 1703 οίκητήρια.

2214 1723 2447 1792 Στόματι
2507 1722 2603 1775 καὶ
2656 1720 2876 1793 γλώσσῃ
2924 1720 3016 1772 καὶ
3049 1718 3246 1789 καρδίᾳ
3298 1715 3541 1786 ὁμολογῶ
3603 1730 3682 1779 σε,

476 1815 614 1861 stam
682 1807 908 1862 Matrem
941 1808 1034 1864 Dei
1070 1811 1276 1877 nostri;
1307 1821 1362 1865 at
1406 1821 1461 1865 tu
1492 1811 1820 1867 mediatione
1848 1822 1939 1868 tua
1976 1813 2042 1868 ab

2149 1814 2322 1886 Κόρη,
2362 1812 2454 1866 τοῦ
2493 1812 2628 1866 Θεοῦ
2657 1813 2815 1883 ἡμῶν
2863 1811 3032 1880 ἁγνὴν
3061 1810 3287 1880 Μητέρα
3311 1826 3325 1840 ⁶
3358 1807 3494 1861 ἀλλὰ
3528 1808 3592 1876 τῇ
3621 1807 3684 1875 σῇ

475 1909 698 1953 aeterna:
717 1890 1083 1976 damnationis
1113 1901 1381 1956 sententia
1416 1902 1580 1956 libera
1614 1917 1720 1959 me.

549 1987 748 2044 Videns
777 1989 906 2043 olim
927 1989 1484 2058 legislatorﬁammam
1513 2007 1622 2046 non
1647 1987 2034 2048 eonburentcm

477 2081 696 2148 rubum,
724 2082 912 2135 didicit
977 2081 1120 2134 illam
1175 2097 1294 2137 esse
1347 2082 1571 2152 ﬁguram
1628 2092 1815 2152 partus
1870 2084 1968 2151 tui,
2001 2098 2037 2138 ο

481 2167 575 2224 Dei
616 2168 859 2224 Genitrix
896 2170 1011 2224 sola
1038 2170 1338 2226 benedicta.

548 2259 937 2329 Compassioue
972 2268 1060 2313 tua
1090 2260 1308 2330 dignum
1345 2275 1428 2315 me
1462 2259 1584 2326 fac,
1610 2275 1642 2314 ο
1673 2261 1763 2316 Dei
1795 2259 2036 2315 Genitrix

480 2351 807 2415 castissima,
855 2365 976 2421 qua:
1021 2351 1327 2421 piissimum
1381 2349 1609 2406 Verbum
1665 2352 2040 2421 peperisti;ct

479 2443 686 2497 salvum
711 2457 795 2497 me
818 2441 902 2496 fac
923 2442 1246 2498 clamantem
1268 2459 1283 2496 ι
1303 2441 1627 2512 Benedicite,
1647 2444 1826 2499 omnia
1854 2458 2038 2514 opera,

479 2530 709 2587 Domino
737 2550 752 2596 ;
776 2531 1128 2595 laudate,etc.

550 2618 814 2688 Supernis
844 2617 1167 2676 Cberubinis
1194 2623 1442 2692 superior
1473 2623 1790 2693 apparuisti,
1825 2637 1857 2678 ο
1885 2637 2042 2676 mun-

480 2707 726 2773 dissima,
760 2710 960 2780 quippe
1009 2726 1131 2779 quae
1177 2712 1331 2769 illum
1378 2715 1604 2784 portasti
1656 2715 1746 2783 qui
1802 2715 2043 2767 continet

483 2799 736 2855 universa
768 2815 784 2854 :
824 2800 909 2856 lac
946 2817 1163 2872 quoque
1217 2815 1453 2860 mentem
1477 2818 1654 2859 meam
1694 2804 2044 2875 passionibus

482 2886 664 2941 carnis
684 2888 1054 2958 superiorem;
1082 2892 1327 2950 tribuens
1347 2893 1476 2947 mihi
1495 2893 1767 2957 virtutem,
1806 2905 1912 2963 qua
1939 2890 2046 2947 Do-

487 2979 622 3034 mini
648 2978 979 3036 voluntatem
1008 2984 1229 3053 exsequi
1259 2984 1486 3053 possim.

968 3087 1200 3146 TONUS
1230 3089 1551 3161 PLAGIUS,

743 3196 826 3251 Ea:
861 3214 1056 3270 canone
1096 3199 1243 3267 feriis
1276 3215 1314 3255 ιι
1349 3199 1418 3253 ad
1452 3199 1795 3254 Iustinum.

555 3302 601 3357 0
626 3312 776 3372 porta
815 3302 1010 3359 divina:
1059 3304 1263 3374 gloriae,
1293 3306 1468 3375 pande
1503 3306 1631 3361 mihi
1668 3316 1849 3376 portas
1879 3307 2052 3379 pomi-

487 3393 690 3459 tentiar,
714 3402 767 3448 et
799 3409 828 3448 a
854 3394 1025 3464 portis
1057 3393 1215 3450 inferi
1243 3409 1395 3461 erue,
1421 3409 1642 3466 precor,
1685 3396 2049 3451 miserabilem

487 3486 724 3539 animam
756 3501 950 3540 meam.

562 3575 727 3646 Virgo
774 3569 964 3643 Mater,
992 3591 1021 3630 a
1052 3590 1158 3645 qua
1189 3574 1329 3631 Deus
1350 3589 1546 3646 corpus
1583 3575 1908 3645 assumpsit;
1933 3589 2052 3630 sus~

487 3669 606 3738 cipe
638 3682 796 3722 voces
846 3666 1198 3732 clamantium
1234 3665 1302 3722 ad
1348 3675 1401 3722 te
1453 3665 1693 3731 assidue,
1723 3674 1779 3722 et
1820 3681 1851 3720 a
1888 3666 2054 3721 variis

489 3757 920 3813 adversitatibus
944 3757 1112 3811 libera
1138 3771 1259 3812 nos.
1536 3745 1541 3756 ’

567 3849 644 3903 Ex
672 3851 825 3920 puris
862 3850 1221 3921 sauguinibus
1244 3850 1349 3905 tuis
1394 3849 1710 3906 incarnatus
1751 3859 1835 3905 est
1867 3848 2051 3905 Domi-

499 3955 627 4005 nus,
670 3956 704 3996 o
772 3941 1026 3997 omnibus
1082 3941 1296 4012 hymnis
1359 3941 1702 4007 celebranda,
1749 3940 2052 3996 concedens

494 4045 590 4098 per
627 4031 1069 4100 benignissimam
1113 4025 1552 4087 intercessionem
1583 4040 1751 4094 tuam,
1783 4031 2054 4100 peniten-

501 4121 588 4176 tia:
627 4119 804 4174 locum
853 4121 1247 4175 honorantibus
1307 4129 1383 4187 te,
1413 4129 1602 4190 utpote
1646 4120 1944 4191 piissimus,
1977 4128 2058 4173 at-

491 4226 600 4282 que
643 4210 803 4265 unice
835 4211 1115 4265 hominum
1145 4221 1373 4266 amator.

560 4299 604 4354 Ο
633 4297 796 4368 Virgo
849 4300 990 4354 inter
1021 4300 1278 4356 mulieres
1327 4300 1608 4356 benedicta
1643 4301 1782 4370 (26),
1811 4303 2044 4358 concede

492 4389 897 4444 misericordias
928 4400 1048 4444 tuas
1077 4390 1276 4460 populo
1305 4399 1434 4458 tuo,
1455 4390 1650 4460 quippe
1681 4405 1800 4457 qua:
1841 4391 2053 4447 miseri-

492 4479 671 4534 cordis
703 4478 869 4536 Mater
891 4479 1030 4534 l'acta
1061 4481 1157 4534 sis.

564 4659 674 4729 (25)
702 4659 863 4714 Favet
905 4657 1209 4715 Ricbardus
1235 4661 1302 4716 de
1343 4660 1399 4714 S.
1450 4658 1682 4723 Victore,
1726 4660 1852 4715 dum
1902 4668 2048 4716 trac-

490 4738 609 4782 laus
632 4729 762 4782 illud
812 4729 1045 4799 Cantia,
1075 4729 1211 4799 Tota
1275 4731 1496 4799 pulchra
1535 4741 1762 4795 es,etc.,
1795 4731 1848 4783 in
1904 4730 2049 4784 hunc

491 4799 708 4850 modum
740 4798 928 4850 scribit
954 4815 968 4852 :
1016 4814 1047 4866 ι
1073 4798 1236 4853 Nemo
1262 4798 1372 4852 tam
1402 4809 1642 4864 sanctus,
1663 4802 1750 4866 qui
1785 4799 2047 4852 maculam

491 4882 598 4936 non
629 4866 874 4929 habuerit
894 4875 947 4918 et
964 4865 1251 4932 defectum,
1269 4878 1456 4934 praeter
1479 4870 1648 4936 ipsam
1673 4865 1728 4920 Β.
1755 4866 2046 4936 Virginem.

490 4933 652 5005 Luna
673 4937 817 4987 enim
847 4949 967 5001 quae
995 4947 1154 4989 nocte
1189 4933 1449 5005 splendet,
1477 4933 1535 5005 et
1574 4937 1744 4989 stella:
1787 4933 1889 4989 non
1929 4945 2054 4988 sunt

494 5003 705 5074 munda:
757 5005 807 5074 in
834 5005 955 5074 ejus
999 5003 1422 5074 comparatione.
1452 5004 2050 5074 Oblcuebrautur‘euim

491 5072 658 5142 stellae
691 5072 918 5142 caligine
945 5072 1190 5127 humana:
1211 5075 1512 5142 culpmsed
1532 5074 1834 5126 beatissima
1852 5072 2039 5131 Maria,

495 5139 654 5208 Virgo
694 5150 802 5210 tota
844 5141 978 5210 adeo
993 5143 1212 5208 pulchra
1239 5139 1344 5206 est,
1369 5155 1534 5210 quam
1568 5150 1734 5193 lotam
1762 5142 2044 5210 illustravit

490 5220 543 5262 et
589 5208 822 5276 perfudit
853 5209 941 5262 Sol
970 5211 1211 5278 justitiae.
1252 5222 1309 5263 ut
1363 5208 1460 5264 nec
1501 5212 1740 5278 maculas
1791 5209 2043 5262 habuerit

491 5295 586 5331 uec
612 5280 859 5332 tenebras
892 5285 1081 5346 culpar.
1122 5298 1140 5331 ι
1184 5279 1306 5333 Haec
1337 5277 1655 5333 Richardns.
1682 5280 1847 5344 Cujus
1879 5280 2038 5331 verba

491 5347 716 5400 aﬂcrens
747 5347 1072 5401 Cathariuus
1119 5349 1171 5402 in
1199 5363 1298 5402 suo
1336 5356 1564 5402 tractatu
1610 5349 1680 5400 De
1711 5359 1940 5415 concepi.
1975 5349 2039 5399 ad

489 5419 676 5485 synod.
710 5415 949 5469 Trideut.
979 5427 1126 5484 parte
1149 5433 1184 5481 ι,
1215 5420 1464 5471 observat
1509 5419 1575 5471 de
1627 5418 1874 5485 originali
1929 5431 2064 5467 nia-~

491 5487 609 5537 cula
644 5487 787 5552 loqui
835 5486 1115 5539 manifeste
1145 5487 1495 5548 liichardum,
1530 5495 1643 5538 tum
1695 5487 1817 5554 quia
1844 5485 2040 5554 "iniiiS‘

494 5557 654 5606 tincte
705 5556 963 5622 loquitur,
990 5565 1098 5607 tum
1148 5558 1269 5622 quia
1322 5552 1807 5608 auctoritatem'ex
1841 5552 2040 5622 BLJob

491 5625 740 5694 assumit,
777 5639 896 5689 qua:
937 5629 1013 5690 (ut
1039 5621 1254 5694 exponit
1286 5625 1356 5694 AB.
1392 5623 1689 5690 Gregorius
1720 5632 1772 5674 ct
1810 5623 1868 5673 D.
1892 5621 2038 5694 Tho-

491 5691 631 5760 mas)
670 5695 733 5744 ad
762 5701 1034 5761 peccatum
1074 5691 1334 5763 originale
1370 5695 1612 5757 refertur,
1647 5705 1766 5743 cum
1792 5693 1864 5743 ait
1894 5706 1907 5742 :
1934 5693 2039 5743 0b-

2147 1905 2394 1978 μεσιτείᾳ⁸
2427 1903 2586 1975 ῥῦσαί
2622 1922 2688 1974 με
2711 1905 2926 1957 αἰωνίου
2949 1901 3337 1970 κατακρίσεως.

2213 1996 2388 2062 Φλόγα
2421 1996 2519 2064 τὴν
2546 1993 2704 2064 βάτον
2737 1993 2902 2047 πάλαι
2932 1992 3006 2062 μὴ
3046 1987 3424 2060 πυρπολοῦσαν
3453 1984 3685 2056 βλέπων,

2138 2089 2174 2160 ,ὁ
2204 2088 2506 2158 νομοθέτης
2527 2085 2834 2139 ὲδιδάσὶιετο
2879 2083 2970 2136 τὸν
3013 2081 3186 2134 τύπον
3231 2078 3324 2133 τοῦ
3359 2079 3519 2133 τόκου
3575 2093 3685 2144 σου,

2146 2177 2453 2248 Θεοκυῆτορ
2486 2176 2622 2246 μόνη
2648 2175 2733 2227 ἀεὶ
2765 2171 3118 2242 εὐλογημένη.

2219 2265 2566 2337 Συμπαθείοις
2595 2265 2694 2333 τῆς
2721 2264 2820 2328 σῆς
2852 2279 2918 2332 με
2947 2261 3193 2328 ἀξίωσον,
3247 2258 3692 2327 συμπαθέστατον

2147 2359 2317 2426 Λόγον
2347 2360 2616 2426 κυήσασα,
2644 2355 3008 2424 Θεογεννῆτορ
3039 2351 3302 2418 πάναγνε,
3355 2351 3448 2404 καὶ
3487 2347 3694 2419 βοῶντά

2151 2465 2216 2517 με
2253 2449 2442 2503 σῶσον·
2486 2447 2669 2500 Πάντα
2699 2447 2768 2500 τὰ
2815 2445 2970 2516 ἔργα,
2998 2443 3289 2512 εὐλογεῖτε,
3338 2442 3556 2511 ὐμνεῐιε
3603 2440 3692 2492 τὸν

2149 2541 2370 2610 Κύριον.

2217 2631 2448 2685 Φανεῖσα
2473 2629 2580 2682 τῶν
2602 2629 2713 2683 ἄνω
2735 2627 3030 2698 Χερουϐὶμ,
3064 2625 3393 2694 πανάμωμε,
3424 2619 3690 2691 ἀνωτέρα,

2151 2720 2226 2783 ὡς
2253 2720 2567 2791 βαστάσασα
2593 2720 2682 2772 τὸν
2710 2719 2937 2788 συνοχέα
2968 2717 3075 2770 τῶν
3107 2716 3380 2778 ἁπάντων,
3429 2711 3694 2780 ἀνώτερον

2153 2811 2243 2864 τὸν
2270 2810 2394 2863 νοῦν
2437 2827 2538 2879 μου
2584 2810 2896 2881 ἀπέργασαι
2949 2806 3135 2862 παθῶν
3177 2805 3283 2857 τῶν
3335 2803 3435 2872 τῆς
3473 2800 3690 2870 σαρκὸς,

2153 2900 2463 2971 δυναμοῦσά
2492 2917 2559 2971 με
2579 2899 2640 2954 τὸ
2668 2899 2759 2953 τοῦ
2783 2898 3054 2951 Δεσπότου
3088 2896 3352 2970 πράττειν.
3369 2894 3602 2962 θέλημα.

2609 3096 2790 3150 ΗΧΟΣ
2831 3093 3121 3148 ΠΛΔΓΙΟΣ
3156 3090 3233 3145 A'.

2166 3211 2270 3262 Ἕκ
2307 3207 2412 3261 τοῦ
2433 3207 2689 3272 κανόνος
2725 3202 2834 3273 τῆς
2860 3202 3141 3271 δευτέρας
3176 3201 3263 3264 είς
3291 3198 3398 3252 τὸν
3423 3199 3694 3266 Ὀρθρον.

2228 3314 2380 3385 Πύλη
2414 3313 2511 3383 τῆς
2549 3312 2699 3375 θείας
2728 3293 2908 3381 δόξης,
2947 3307 3232 3378 μετανοίας
3255 3322 3346 3375 μοι
3369 3304 3542 3367 πύλας
3570 3305 3700 3358 ἁνι-

2153 3404 2409 3470 πέτασον,
2444 3404 2537 3458 καὶ
2578 3405 2643 3457 ὲκ
2665 3401 2845 3457 πυλῶν
2867 3400 2958 3454 τοῦ
2984 3399 3110 3470 ᾅδου
3138 3397 3460 3467 ἐξάρπασον,
3488 3395 3697 3466 δέομαι,

2154 3496 2253 3566 τὴν
2282 3496 2544 3564 ταπεινήν
2576 3510 2678 3563 μου
2697 3491 2892 3562 ψυχήν.

2221 3584 2724 3657 Παρθενομῆτορ,ὴ
2770 3582 2901 3634 Θεδν
2945 3577 3342 3653 σωματώσασα,
3373 3575 3473 3638 τὰς
3520 3574 3700 3644 ιρι-»ὰς

2155 3675 2442 3747 πρόσδεξαι
2461 3676 2706 3745 βοώντων
2735 3691 2814 3727 σοι
2837 3672 3088 3736 πάντοτε,
3119 3669 3212 3723 καὶ
3231 3666 3509 3736 λύτρωσαι
3549 3666 3699 3734 ἡμᾶς

2153 3766 2258 3821 τῶν
2283 3766 2542 3821 ποικίλων
2569 3767 2956 3834 περιστάσεων.

2225 3858 2524 3930 Σαρκοῦται
2569 3859 2625 3925 ἐξ
2658 3857 2837 3926 ἁγνῶν
2880 3856 3127 3928 αἱμάτων
3159 3873 3251 3910 σου
3292 3856 3496 3926 Κύριος
3542 3851 3700 3924 μετό-

2156 3966 2304 4004 νοιαν
2329 3953 2440 4014 τοῖς
2463 3950 2662 4018 τιμῶσί
2688 3967 2745 4001 σε
2766 3948 2963 4015 διδοὺς,
2996 3947 3330 4017 πανύμνητε,
3369 3949 3437 4016 τῇ
3466 3947 3532 4014 σῇ
3574 3960 3700 4013 χρη-

2160 4042 2256 4108 στῇ
2296 4039 2561 4110 μεσιτείᾳ,
2611 4037 2685 4100 ὡς
2731 4035 3101 4106 εὐσπλαγχνος
3153 4034 3248 4089 καὶ
3300 4035 3459 4105 μόνος
3512 4031 3698 4102 φιλάν-

2155 4128 2389 4198 θρωπος.
3196 4163 3199 4165 >

2227 4301 2470 4374 Παρθένε
2502 4300 2558 4354 ὲν
2590 4299 2835 4369 γυναιξὶν
2856 4299 3217 4371 εὐλογημένη,
3240 4300 3321 4354 τὰ
3344 4300 3411 4354 σά
3440 4299 3566 4370 ἑλέη
3592 4317 3700 4352 πα-

2160 4394 2361 4462 ράσχου
2398 4390 2474 4462 τῷ
2502 4392 2616 4463 λαῷ
2650 4407 2739 4444 σου
2769 4407 2786 4424 ο
2834 4391 2929 4444 τοῦ
2977 4391 3266 4461 ὲλεήμονος
3297 4390 3404 4462 γὰρ
3459 4389 3700 4459 ἐδείχθης

2078 4478 2129 4538 D
2158 4484 2375 4554 Μήτηρ.

2153 4660 2497 4716 tenebrentur
2531 4659 2761 4712 tenebrae
2802 4659 2853 4712 in
2878 4658 3105 4728 caligine
3133 4655 3270 4723 ejus.
3309 4673 3330 4728 ρ
3360 4654 3542 4728 Neque
3570 4669 3699 4728 vero

2154 4731 2400 4798 humanae
2432 4729 2600 4796 culpa:
2643 4728 2814 4797 caligo
2841 4724 3057 4798 propi-ie
3085 4733 3258 4796 potest
3280 4725 3382 4779 nisi
3411 4724 3478 4778 ad
3534 4724 3699 4791 origi-

2155 4797 2273 4851 nale
2302 4797 2510 4851 ml‘erri.
2844 4797 2857 4798 ί
3085 4803 3088 4806 ’
3223 4815 3229 4819 ·

2226 4865 2336 4934 (26)
2367 4864 2496 4930 Qui:
2541 4865 2652 4918 sola
2707 4865 2844 4917 inter
2873 4864 3120 4917 mulieres
3148 4878 3179 4934 ar
3209 4862 3481 4934 communi
3505 4859 3698 4934 _male-

2158 4929 2399 4989 dictione
2439 4944 2490 4986 et
2533 4936 2896 4986 contractione
2943 4933 3216 4997 originalis
3263 4933 3462 4996 peccati
3505 4929 3696 4982 libera.

2161 5004 2294 5058 Hinc
2319 5004 2618 5055 Armaudus
2647 5003 2919 5055 Riclielius
2951 5001 3012 5052 Β.
3048 5000 3106 5052 Ε.
3167 5001 3455 5052 cardinalis
3510 4999 3562 5049 in
3598 5013 3699 5049 suo

2145 5071 2491 5131 Catecln'smo,
2531 5087 2622 5123 seu
2680 5072 3015 5122 Institutione
3070 5066 3396 5132 Christiana,
3440 5067 3558 5119 lect.
3601 5066 3697 5128 24,

2145 5143 2220 5193 ait
2251 5159 2264 5193 :
2302 5158 2319 5189 ι
2359 5138 2518 5191 Beata
2552 5137 2711 5207 Virgo
2741 5141 2936 5192 dicitur
2961 5138 3233 5191 benedicta
3274 5139 3325 5188 in
3352 5135 3694 5207 mulieribus,

2147 5211 2272 5277 quia
2307 5207 2467 5271 ;nulla
2505 5207 2604 5259 fuit
2635 5203 2731 5260 nec
2781 5222 3012 5277 unquam
3045 5207 3146 5258 erit
3197 5207 3310 5277 sine
3347 5203 3546 5277 peccati
3583 5220 3698 5254 ma-

2147 5273 2267 5330 cula
2303 5285 2555 5342 concepta
2603 5291 2722 5328 cum
2761 5273 3086 5344 plenitudine
3121 5275 3290 5340 gratia
3325 5275 3471 5326 sicut
3495 5273 3636 5344 ipsa.
3676 5290 3693 5320 ι

2143 5339 2566 5398 Bartholomaeus
2622 5339 2780 5397 etiam
2841 5345 3066 5397 Pisanus
3123 5339 3194 5395 De
3263 5344 3406 5393 laud.
3444 5339 3695 5406 B.i'irg.

2147 5416 2236 5468 lib.
2273 5431 2310 5476 ι,
2344 5414 2512 5466 fructu
2547 5415 2596 5466 7.
2647 5432 2662 5464 ι
2701 5413 2885 5476 Maria,
2920 5413 3112 5479 inquit,
3162 5411 3358 5463 dicitur
3407 5410 3699 5479 Benedicta

2145 5484 2196 5535 iu
2230 5483 2563 5544 mulieribus,
2591 5483 2884 5534 secundum
2941 5478 3318 5549 Hieronymum
3352 5488 3406 5532 et
3445 5478 3702 5545 Augusti-

2145 5567 2293 5623 num,
2324 5553 2375 5603 id
2419 5560 2520 5610 est,
2550 5565 2718 5623 super,
2756 5566 2943 5604 omnes
2985 5548 3264 5623 mulieres.
3302 5548 3700 5623 Ergonpurrtas

2143 5621 2261 5674 aliis
2291 5634 2568 5680 concessa,
2597 5615 2771 5672 Maria:
2802 5634 2906 5672 non
2968 5619 3124 5671 debet
3187 5619 3389 5682 negari.
3447 5615 3590 5682 Ergo
3652 5615 3700 5665 si

2145 5691 2252 5742 Eva
2277 5704 2304 5740 a
2325 5689 2431 5742 Deo
2470 5689 2820 5742 mundissima
2839 5696 2918 5742 est
2953 5687 3114 5752 facta,
3146 5701 3310 5756 quare
3339 5695 3391 5739 ct
3421 5683 3609 5736 Maria.
3646 5699 3667 5733 ι
