3948 6304
96 375 233 442 1317
268 326 271 327 ί
1545 378 1654 439 MA

1759 375 1913 436 ALE.
3168 374 3318 441 1319

168 485 431 556 Παρθένε,
458 484 566 537 τῶν
600 484 805 539 πιστῶν
834 486 866 555 ὴ
904 480 1227 554 προστασία,
1252 481 1513 551 ρυσθῆναι
1544 483 1654 536 ἀπὸ
1677 489 1727 548 Α

1821 482 1865 537 0
1915 479 2081 551 Virgo
2151 480 2461 551 praesidium
2530 480 2806 545 ﬁdelium,
2863 480 3161 535 Dominum
3222 484 3319 537 de-

92 580 281 647 πάσης
307 577 573 647 ἁμαρτίας
608 576 848 631 δυσώπει
896 576 987 628 τὸν
1018 575 1219 646 Κύριον
1255 576 1380 638 τοὺς
1429 575 1651 638 δούλους

1752 589 1997 645 precare,
2025 580 2084 627 ut
2113 573 2179 626 ab
2206 574 2352 627 omni
2383 582 2602 643 peccato
2633 574 2824 639 liberet
2852 586 3037 627 servos
3066 581 3211 627 tuos.

91 685 213 721 σου.

158 756 464 828 Εὐλογητὸς
487 754 557 824 εἷ,
586 758 780 822 όΘεὸς,
812 759 840 809 ό
872 757 1083 827 μήτραν
1110 755 1385 826 Παρθένου
1408 758 1650 811 καθυπο-

1822 755 1981 826 275
2005 754 2324 809 Benedictus
2346 770 2423 819 es,
2442 754 2604 820 Deus,
2620 754 2715 824 qui
2744 763 2952 808 uterum
2977 751 3216 823 Virginis
3241 754 3324 805 in-

85 848 210 913 δὺς,
245 849 341 901 καὶ
375 848 552 911 σώσας
590 848 681 901 τὸν
734 846 1039 917 ἄνθρωπον,
1066 849 1094 900 ό
1149 848 1521 919 ὑπερύμνητος
1556 849 1644 901 καὶ

1763 864 1989 918 gressus,
2054 845 2364 899 hominibus
2450 848 2683 901 salutem
2731 843 2958 899 attulisti
2994 861 3007 898 :
3039 844 3322 915 superlau-

89 940 480 1007 ὑπερένδοξος.
1056 990 1062 997 .

1056 990 1062 997 .
1748 939 1949 1005 dabitis
1982 954 2062 1002 es,
2092 945 2146 989 et
2177 936 2612 1004 supergloriosus

175 1030 272 1080 Ἐκ
302 1027 395 1079 σοῦ
442 1026 573 1091 Θεὸς
629 1028 893 1094 ἀνέτειλε,
929 1030 1021 1083 καὶ
1050 1029 1346 1107 θεογνωσίᾳ
1377 1031 1649 1100 κατελάμρ

1823 1032 1897 1085 Ex
1932 1040 2001 1093 te,
2037 1044 2069 1083 0
2104 1029 2261 1096 Virgo
2288 1027 2657 1092 celeberrima,
2684 1036 2939 1096 tanquam
2979 1025 3056 1081 sol
3095 1034 3317 1077 exortus

90 1134 265 1189 πρυνε
286 1119 410 1183 τοὺς
443 1120 880 1191 ὲσκοτισμένους,
914 1120 1235 1192 πανύμνητε
1260 1122 1539 1194 ,Παρθένε.

1759 1129 1833 1177 est
1858 1119 2026 1183 Deus,
2053 1127 2106 1172 et
2136 1133 2230 1172 eos
2252 1118 2344 1185 qui
2378 1118 2429 1168 in
2464 1117 2700 1170 tenebris
2722 1116 3094 1178 versabantur,
3122 1114 3318 1167 divina:

578 1270 579 1277 η
1750 1209 2074 1279 eOgnitionis
2095 1208 2213 1263 luce
2242 1206 2549 1260 illustravit.

160 1297 353 1367 Φέρεις
374 1298 562 1369 ὥσπερ
595 1298 782 1368 θρόνος
816 1298 1038 1369 πύρινος
1091 1298 1322 1370 νεύματι
1356 1299 1448 1352 τὸν
1476 1299 1651 1353 πάντα

1822 1300 2012 1354 Gcstas
2046 1309 2304 1368 tanquam
2362 1299 2591 1350 thronus
2627 1295 2815 1363 igneus
2854 1296 3025 1361 illum,
3066 1294 3155 1365 qui
3185 1302 3317 1347 nutu

86 1386 349 1454 φέροντα,
383 1386 477 1439 καὶ
509 1385 779 1455 θηλάζεις,
812 1388 1075 1458 Παρθένε,
1112 1388 1206 1441 τὸν
1236 1389 1413 1442 πάντα
1436 1386 1645 1459 διατρέ-

1757 1396 1926 1459 gestat
1954 1390 2244 1453 universa;
2276 1396 2331 1441 et
2361 1388 2498 1441 lacte
2530 1387 2727 1450 nutris,
2760 1402 2793 1441 0
2824 1384 3009 1454 Virgo,
3042 1387 3191 1439 illum
3221 1386 3316 1453 qui

86 1492 285 1542 φοντα.
392 1508 395 1510 -
625 1510 692 1533 .-
1058 1510 1124 1541 _~

1750 1480 2007 1536 omnibus
2038 1480 2128 1533 dat
2156 1479 2498 1543 alimentum.

124 1619 233 1700 Ἐξ
257 1615 373 1685 τεοῦ
410 1620 668 1683 κανόνος
699 1615 809 1687 τῆς
857 1616 1059 1687 τρίτης
1108 1620 1197 1685 εις
1220 1614 1329 1672 τὸὲν
1360 1620 1622 1693 Ὀρθρογ.

1874 1618 1960 1672 Ex
1990 1634 2189 1672 canone
2218 1617 2423 1686 duplici
2468 1617 2619 1685 ferite
2666 1632 2729 1671 ut
2766 1616 2837 1670 ad
2860 1616 3204 1671 Mamurium.

169 1732 374 1795 Ῥὗσαι
394 1742 679 1813 συνηθείας
726 1759 815 1812 με,
872 1742 1016 1812 ἁγνὴ
1050 1742 1317 1814 Παρθένε,
1381 1747 1646 1814 πονηρᾶς,

1826 1744 2018 1798 Libera
2050 1760 2158 1811 me,
2190 1743 2353 1812 Virgo
2404 1753 2576 1809 casta,
2613 1758 2641 1797 a
2682 1758 2847 1814 prava
2882 1741 3272 1797 consuetudine
3302 1757 3317 1795 :

86 1831 349 1901 στηριζον
386 1833 478 1886 ἐπὶ
528 1834 733 1904 πέτραν
769 1832 997 1885 ἐντολῶν
1039 1834 1514 1904 ’περιτρεπόμενον
1547 1852 1645 1903 με-

1757 1835 1901 1889 ﬁrma
1926 1850 2085 1904 supra
2114 1844 2323 1904 petram
2355 1834 2661 1899 divinorum
2721 1833 3125 1895 mandatorum,
3152 1849 3185 1887 ο
3216 1832 3316 1886 Do-

89 1922 326 1986 θοδείας,
360 1922 645 1985 Δέσποινα,
702 1922 796 1973 τοῦ
855 1920 1087 1975 παλαιοῦ
1134 1923 1477 1992 πτερνιστοῦ,
1548 1926 1643 1977 καὶ

1758 1925 1919 1986 mina,
1948 1938 2051 1985 me,
2082 1924 2174 1991 qui
2222 1924 2612 1978 circumvertor
2654 1938 2718 1977 ac
2747 1922 3135 1991 circumagitur
3179 1921 3317 1975 insi-

86 2009 326 2073 ἀξίωσον
356 2012 452 2080 εμὲ
478 2009 699 2087 Χριστῷ
728 2011 1092 2081 εὐαρεστῆσαι
1119 2012 1297 2076 καλῶς
1326 2012 1520 2084 ᾄδοντα
1553 2016 1645 2068 καὶ

1755 2014 1855 2067 diis
1890 2014 2312 2083 snpplantatoris
2351 2013 2594 2079 antiqui:
2637 2022 2692 2067 et
2731 2014 2954 2081 dignum
2996 2028 3080 2065 me
3118 2011 3225 2075 fac,
3256 2020 3314 2064 ut

86 2101 363 2169 ψάλλοντα
387 2101 654 2154 ἐπινίκιον
683 2100 847 2172 ᾠδήν.

1754 2115 1805 2162 et
1829 2120 1928 2176 ego
1966 2104 2186 2160 Christo
2216 2105 2427 2173 placere
2468 2102 2669 2173 possim
2705 2102 2930 2173 pulchre
2954 2100 3219 2167 canendo,
3248 2114 3313 2153 ac

584 2254 591 2263 .
1620 2256 1623 2259 ι
1750 2195 2026 2265 psallendo
2050 2194 2319 2248 canticum
2350 2194 2611 2247 victoriae.

160 2282 405 2345 Τέτοκας
469 2282 791 2353 ἀπορῤήτως
846 2278 1051 2335 ὠδίνων
1096 2281 1320 2336 ἄνευθεν
1366 2282 1425 2334 ὃν
1459 2283 1650 2354 Πατὴρ

1822 2284 2082 2361 Peperisti
2113 2283 2457 2339 ineﬁ‘abiliter
2500 2283 2617 2337 sine
2649 2281 2934 2337 doloribus
2965 2280 3127 2335 illum
3154 2295 3313 2351 quem

90 2372 201 2443 πρὸ
269 2370 480 2425 αἰώνων
546 2371 864 2443 ἁρῤεύστως
900 2372 1267 2441 ἀπεγέννησε,
1337 2370 1649 2443 πανύμνητε

1757 2378 1915 2433 Pater
1945 2387 2071 2431 ante
2096 2376 2292 2430 saeuis
2324 2373 2807 2442 incorruptibiliter
2828 2372 3136 2443 generavit;
3157 2388 3315 2442 quem

97 2464 397 2526 Δέσποινα,
450 2462 507 2515 δν
528 2462 767 2515 δυσὼπει
802 2461 1071 2526 σώζεσθαι
1098 2462 1205 2516 ἀπὸ
1239 2462 1415 2534 πάσης
1449 2464 1651 2535 βλάϐης

1763 2469 2083 2538 deprecare,
2133 2462 2443 2522 o‘Domina
2494 2463 2898 2527 laudatissima,
2940 2472 2999 2516 ut
3046 2462 3117 2517 ab
3166 2461 3314 2517 omni

86 2550 218 2612 τούς
246 2567 329 2602 σοι
356 2553 815 2621 προστρέχοντας.
1625 2583 1628 2586 ’

1625 2583 1628 2586 ’
1744 2559 1966 2613 laesione
1990 2563 2270 2613 serventur
2301 2556 2336 2609 ii
2371 2556 2463 2624 qui
2494 2562 2791 2609 accurrunt
2814 2553 2877 2607 ad
2910 2564 2981 2605 te.

162 2642 283 2711 Τῆς
326 2644 613 2713 μετανοίας
658 2644 831 2707 πύλας
886 2642 982 2696 νῦν
1018 2659 1105 2712 μοι
1154 2641 1460 2709 ὑπὰνοιξον,
1506 2644 1650 2713 πύλη

1818 2648 2157 2703 Pmnitentim
2186 2656 2368 2716 portas
2398 2645 2545 2715 aperi
2600 2644 2935 2707 nuncmihi,
2968 2642 3131 2711 Virgo
3159 2652 3313 2713 porta

92 2733 298 2799 φωτὸς,
325 2732 590 2802 Παρθένε,
625 2732 719 2787 καὶ
748 2733 985 2796 εἰσόδους
1028 2732 1136 2785 τῶν
1182 2733 1369 2801 παθῶν
1396 2722 1650 2788 ἀπόκλει-

1750 2738 1911 2803 lucis,
1941 2744 1997 2793 et
2026 2736 2216 2793 claude
2250 2739 2529 2806 ingressus
2569 2736 2882 2806 passionum
2937 2734 3161 2789 misella
3188 2733 3309 2787 ani-

95 2835 186 2871 σον
213 2821 316 2890 τῆς
339 2822 602 2892 ταπεινῆς
635 2839 736 2892 μου
768 2822 966 2893 ψυχῆς.
1388 2830 1390 2833 ’

468 2822 602 2892 εινῆς
635 2839 736 2892 μου
768 2822 966 2893 ψυχῆς.
1388 2830 1390 2833 ’
1751 2843 1852 2883 ma:
1876 2843 2027 2882 mete.

170 2909 333 2978 ’Δγία
377 2911 819 2983 Παρθενομῆτορ,
870 2914 1008 2985 μόνη
1062 2914 1399 2985 πανύμνητι,
1452 2914 1653 2985 ἔγκλη-

1824 2912 2022 2972 Sancta
2056 2915 2223 2985 Virgo
2245 2915 2435 2981 Mater,
2480 2930 2586 2969 una
2615 2914 2763 2971 omni
2790 2913 2949 2968 laude
2977 2913 3319 2983 dignissima,

95 3000 289 3069 μάτων
324 3001 512 3071 μώμου
543 3004 689 3073 ἡμᾶς
730 3001 1057 3072 ἀπάλλαξον,
1108 3004 1341 3074 φώτισον
1372 3005 1529 3076 ⁴ημῶν
1560 3006 1651 3057 τὸν

1758 3024 1783 3064 a
1818 3008 2137 3067 delictorum
2170 3006 2396 3061 maculis
2427 3006 2593 3061 libera
2644 3020 2745 3059 nos
2779 3022 2795 3058 :
2828 3004 3075 3058 illumiua
3110 3012 3317 3057 mentes

94 3088 374 3160 λογισμὸν,
400 3091 625 3159 ἁγίασον
642 3093 887 3164 καρδίαν,
916 3096 1008 3149 καὶ
1028 3096 1250 3159 αίωνίας
1268 3097 1417 3165 ἡμᾶς
1446 3095 1651 3179 πάντας

1757 3109 2011 3163 nostras;
2077 3098 2355 3152 sanctiﬁca
2454 3097 2617 3151 corda
2711 3103 2938 3161 nostra;
3021 3107 3316 3160 omnesque

94 3180 370 3251 λύτρωσαι
392 3183 684 3257 καταδίκης
703 3184 951 3260 δεόμεθα.

1760 3204 1854 3244 nos
1883 3189 1949 3241 ab
1986 3196 2200 3241 aeterna:
2230 3186 2595 3240 damnationis
2624 3185 2891 3240 sententia
2930 3184 3096 3251 eripe,
3130 3192 3181 3236 te
3200 3194 3319 3251 pre-

176 3272 247 3324 Ἦ
294 3273 571 3341 πάναγνος
618 3264 903 3340 Momm,
960 3277 1382 3348 ἁμαρτανόντων
1427 3279 1463 3349 ἡ
1515 3295 1649 3347 προ·

961 3277 1382 3348 ἁμαρτανόντων
1427 3279 1463 3349 ἡ
1515 3295 1649 3347 προ·
1748 3291 1959 3334 camur.

100 3361 315 3424 στασία,
358 3363 470 3422 τῶν
522 3366 829 3419 πιπτόντων
860 3365 913 3436 ’ἡ
958 3366 1075 3420 θεία
1126 3368 1513 3440 ἐπανόρθωσις,
1574 3367 1649 3430 ὡς

1833 3371 2138 3426 Castissima
2201 3369 2450 3430 Domina,
2507 3376 2849 3437 peccatorum
2916 3364 3315 3434 patrocinium;
3390 3384 3392 3387 τ

99 3448 231 3502 Θεὸν
266 3449 502 3506 τεκοῦσα
524 3451 825 3517 δοξάζεται.

1754 3462 2062 3515 cadentium
2085 3459 2284 3513 erectio
2318 3458 2522 3529 divina,
2557 3472 2677 3525 quae
2715 3456 2883 3509 Deum
2930 3454 3161 3523 peperit,
3197 3452 3313 3524 glo-

1754 3551 2019 3605 riticatnr.

183 3632 436 3702 Ἐλέησόν
496 3651 585 3703 με,
644 3633 1171 3713 μόνηγπανύμνητε,
1247 3636 1338 3690 τὸν
1388 3637 1653 3707 ἐλεήμονα

1828 3639 2085 3695 Miserere
2115 3634 2241 3699 mei,
2265 3648 2299 3689 ο
2331 3634 2443 3689 sola
2476 3633 2543 3687 ab
2571 3630 2837 3687 universis
2859 3630 3165 3696 laudanda;
3195 3643 3316 3700 qua:

103 3723 232 3775 Θεὸν
268 3723 538 3795 ὑπερϐολῇ
567 3724 899 3793 ἁγαθότητος
949 3725 1367 3797 ἁνερμηνεύτως
1399 3726 1650 3793 τεκοῦσα,

1755 3729 2161 3786 misericordem
2210 3725 2379 3778 Deum
2412 3722 2481 3777 ob
2509 3722 2730 3776 nimiam
2770 3721 2944 3791 ipsius
2995 3720 3314 3786 bonitatem,

101 3813 193 3863 καὶ
221 3810 386 3882 ῥῦσαι
414 3811 631 3865 αίωνίου
659 3812 959 3877 κολάσεως.

1757 3820 1915 3873 modo
1957 3814 2303 3873 inenarrabili
2347 3812 2601 3883 peperisti
2633 3830 2647 3867 :
2680 3820 2733 3867 et
2758 3812 2827 3865 ab
2861 3810 3079 3864 aeternis
3109 3810 3316 3879 suppli-

1752 3909 1851 3963 ciis
1872 3908 2021 3975 eripe
2047 3920 2151 3959 me.

168 3987 323 4058 Πύλη
357 3988 625 4043 ἀδιόδευτε
651 3991 747 4061 τῆς
766 3990 946 4061 δόξης,
975 3991 1229 4063 ἄχραντε,
1264 3993 1526 4060 διὰνοιξόν
1562 4012 1652 4062 μοι

1822 3996 1866 4053 0
1930 3996 2301 4057 immaculata,
2369 4000 2519 4063 porta
2575 3992 2757 4060 gloria:
2811 4005 2906 4060 per
2953 4005 3116 4059 quam
3179 3988 3314 4044 nulli

104 4083 200 4150 τῆς
235 4082 525 4151 μετανοίας
580 4082 777 4145 πύλας,
836 4081 1170 4153 προξενήσας
1231 4101 1321 4154 μοι
1360 4087 1457 4148 τὰς
1506 4084 1653 4149 θείας

1764 4088 1995 4144 transire
2040 4085 2201 4155 276
2238 4082 2385 4145 licet,
2418 4081 2741 4153 paenitentiae
2770 4089 2953 4150 portas
2984 4079 3130 4147 aperi
3159 4078 3312 4142 mihi,

105 4169 340 4232 εἰσόδους
370 4173 462 4223 καὶ
491 4171 589 4239 τὴν
618 4172 738 4236 tui.
770 4171 1133 4224 κατάπαυσιν.

1764 4178 2011 4250 pandens
2071 4176 2201 4230 mihi
2266 4173 2470 4228 aditum
2530 4172 2597 4226 ad
2659 4172 2871 4226 divinos
2935 4170 3214 4239 ingressus
3262 4178 3316 4224 et

606 4292 609 4297 ν
1758 4272 1823 4325 ad
1871 4269 2112 4339 requiem
2145 4265 2447 4321 futuram.’
2672 4254 2673 4257 “
2955 4258 2959 4262 ’

174 4349 312 4401 Θεὸν
338 4349 559 4419 ἀρρήτῳ
582 4348 748 4419 λόγῳ,
772 4348 1214 4422 Παρθεωμῆτορ,
1245 4352 1481 4419 ἑκύησας
1526 4352 1657 4421 ἡμῖν

1829 4359 2003 4414 Verbo
2052 4352 2321 4411 ineffabili
2353 4357 2519 4411 Deum
2568 4354 2843 4425 peperisti,
2875 4368 2907 4409 ο
2937 4352 3101 4425 Virgo
3122 4350 3314 4415 Ilater,

113 4442 247 4491 πᾶσι
283 4439 572 4509 μετάνοιαν
600 4439 808 4493 δίδοντα
837 4443 949 4503 τοῖς
978 4441 1146 4494 πολλὰ
1176 4441 1530 4494 πταίουσιδιὰ
1559 4458 1653 4512 με·

1756 4450 1845 4520 qui
1874 4448 2193 4519 poenitentia
2221 4448 2451 4515 spatium
2492 4445 2585 4500 dat
2615 4446 2770 4501 nobis
2809 4444 3063 4499 omnibus
3109 4443 3315 4500 vulto-

109 4529 308 4589 σιτείας
336 4544 429 4579 σου
455 4526 555 4596 τῆς
585 4528 817 4599 ἀγαθῆς,
849 4529 1139 4598 καταφυγὴ
1160 4527 1268 4581 τῶν
1312 4528 1519 4581 πιστῶν
1561 4527 1659 4582 καὶ

1760 4556 1878 4596 rum
1928 4520 2174 4609 lapsuum
2227 4539 2354 4602 reis,
2382 4548 2479 4613 per
2524 4523 2817 4605 benignam
2869 4526 3314 4590 intercessionem

107 4617 287 4687 λιμήν-
1758 4640 1929 4695 tuam,
1961 4644 1993 4683 ο
2015 4626 2301 4697 refugium,
2329 4637 2382 4681 et
2410 4632 2595 4696 portus
2635 4626 2894 4680 ﬁdelium.

173 4706 547 4776 Θεοχαρίτωτε
576 4706 769 4777 σκηνὴ,
802 4701 899 4760 τοῦ
923 4707 1257 4777 ἁγιάσματος
1284 4707 1455 4779 σεπτὴ
1491 4708 1655 4761 κιϐω-

1824 4716 1869 4773 Ο
1902 4717 2006 4770 Deo
2056 4715 2438 4769 ebarissimum
2498 4706 2951 4767 tabernaculum:
2992 4726 3118 4765 arca
3160 4725 3320 4765 vene-

108 4800 188 4859 τὲ,
218 4798 412 4868 λυχνία
433 4798 579 4851 θείου
604 4799 803 4867 φωτὸς,
832 4800 996 4867 ἄρτου
1018 4800 1163 4868 ζωῆς
1189 4800 1455 4870 τράπεζα,
1484 4801 1657 4867 Λόγου

1758 4808 1923 4861 randa
1971 4802 2456 4867 sanctiﬁcationis;
2492 4802 2685 4855 divinae
2723 4802 2859 4855 lucis
2898 4799 3314 4864 candelabrum;

109 4888 366 4943 ωλὰτιον
385 4888 647 4959 ἔμψυχον,
678 4884 827 4943 οἶκον
858 4889 1171 4959 Πνεύματός
1206 4907 1271 4960 με
1291 4890 1482 4953 δεῖξον.

1760 4905 1944 4945 mensa
1972 4891 2128 4959 panis
2160 4890 2305 4954 vitae,
2333 4890 2588 4959 palatium
2629 4888 2790 4943 Verbi
2825 4888 3157 4943 animatum:
3193 4886 3316 4955 Spi«

64 4974 67 4977 δ
886 5050 887 5053 η
944 5012 950 5019 ·
1760 4982 1895 5036 ritus
1922 4982 2097 5035 sancti
2127 4981 2395 5050 templum
2421 4980 2569 5034 edice
2595 4996 2701 5033 me.
2727 4987 2731 4991 ‘

179 5069 446 5139 Καταιγὶς
476 5070 703 5140 χείμαζέ
762 5087 830 5140 με
879 5068 1170 5137 ἁμαρτίας,
1214 5070 1445 5138 ἁχραντε
1496 5071 1653 5137 ἁγνὴ.

1828 5070 2181 5125 Peecatorum
2238 5080 2557 5140 tempestate
2588 5070 2785 5136 jactor,
2816 5084 2849 5124 ο
2892 5067 3058 5137 Virgo
3107 5081 3319 5121 summe

90 5160 342 5225 ⁴σπεῦσον
392 5161 669 5224 ἐξελέσθαι
729 5178 797 5230 με
834 5162 1129 5229 εἰσάγουσα
1193 5161 1481 5230 μετανοίας
1524 5163 1649 5223 πρὸς

1762 5177 1931 5231 pura,
1962 5172 2109 5216 casta
2141 5172 2195 5217 et
2217 5162 2589 5225 immaculata;
2614 5161 2802 5222 festina
2831 5171 2889 5215 ut
2910 5160 3106 5227 eripias
3136 5174 3244 5221 me,
3268 5166 3321 5210 et

113 5248 232 5307 τοὺς
264 5246 511 5315 λιμένας,
544 5251 871 5320 πανάμωμε.
1118 5302 1121 5303 ,

1760 5254 1825 5307 ad
1856 5252 2184 5321 pmnitentiae
2216 5261 2399 5321 portus
2436 5250 2689 5305 deducito
2718 5266 2827 5306 me.

74 5360 77 5365 ν
180 5337 357 5405 Λιμὴν
389 5336 650 5405 σωτήριος
689 5338 933 5408 ἐδείχθης
977 5339 1161 5403 πᾶσιν,
1188 5337 1349 5407 ἁγνὴ,
1379 5338 1567 5391 παθῶν
1600 5356 1633 5391 τι

1831 5341 2026 5397 Portus
2097 5342 2348 5397 salutaris
2400 5340 2538 5395 facta
2600 5356 2657 5395 es
2714 5340 2999 5402 universis,
3060 5353 3091 5391 ο
3156 5336 3320 5403 Virgo

76 5416 396 5507 ίαλυδώνιον
422 5427 917 5495 καταπραΰνουσα,
936 5428 1081 5498 πρὸς
1104 5429 1344 5499 γαλήνην
1368 5446 1426 5482 τε
1454 5430 1635 5482 πάντα

1761 5429 1933 5497 casta,
1972 5447 2092 5502 qua:
2128 5424 2451 5501 passionum
2488 5441 2837 5502 tempestates
2893 5430 3196 5495 ﬂuctusque
3232 5443 3320 5481 sc-

78 5520 79 5555 i
121 5514 422 5582 μετάγουσα
472 5514 571 5586 τῆς
620 5519 929 5587 μετανοίας,
975 5520 1171 5590 σεμῧὴ,
1216 5520 1338 5583 τοὺς
1365 5520 1421 5573 ἐν
1457 5521 1526 5588 γῇ
1568 5536 1637 5571 ταί

1760 5524 1857 5576 das
1884 5538 1946 5577 ac
1972 5518 2215 5585 serenas,
2248 5532 2408 5591 atque
2449 5538 2641 5579 omnes
2678 5526 2769 5593 qui
2809 5524 2861 5575 in
2896 5532 3035 5574 terra
3069 5527 3195 5573 sunt
3220 5518 3319 5571 nti-

121 5605 347 5671 πεινούς.
852 5678 856 5681 _
1211 5670 1216 5677 _
1760 5613 2041 5678 serabiles,
2071 5613 2143 5666 ad
2192 5613 2522 5684 pmnitentia:
2577 5614 3044 5687 tranquillitatem,
3086 5625 3119 5667 ο
3162 5623 3321 5665 vene-

82 5697 108 5709 ”
1028 5706 1031 5709 “
1442 5706 1443 5709 “
1760 5706 1949 5770 randa,
1983 5690 2253 5775 perducis.
