  <div class='ocr_page' id='page_1' title='image "/cluster/home/n/w/nwhite01/storage/ocr_20150623/105/pst.000005714155/741.png"; bbox 0 0 3948 6304; ppageno 0'>
   <div class='ocr_carea' id='block_1_1' title="bbox 591 327 724 396">
    <p class='ocr_par' dir='ltr' id='par_1_1' title="bbox 591 327 724 396">
     <span class='ocr_line' id='line_1_1' title="bbox 591 327 724 396; baseline -0.008 -1"><span class='ocrx_word' id='word_1_1' title='bbox 591 327 724 396; x_wconf 75' lang='lat'><strong>1319</strong></span> 
     </span>
    </p>
   </div>
   <div class='ocr_carea' id='block_1_2' title="bbox 1706 302 2724 372">
    <p class='ocr_par' dir='ltr' id='par_1_2' title="bbox 1706 302 2724 372">
     <span class='ocr_line' id='line_1_2' title="bbox 1706 302 2724 372; baseline -0.01 -3"><span class='ocrx_word' id='word_1_2' title='bbox 1706 316 1767 372; x_wconf 79' lang='lat' dir='ltr'>S.</span> <span class='ocrx_word' id='word_1_3' title='bbox 1817 306 2123 372; x_wconf 75' lang='lat' dir='ltr'><strong>JUSEPIII</strong></span> <span class='ocrx_word' id='word_1_4' title='bbox 2166 302 2530 364; x_wconf 77' lang='lat' dir='ltr'><strong>HYMNOGR</strong></span> <span class='ocrx_word' id='word_1_5' title='bbox 2544 302 2724 360; x_wconf 78' lang='grc' dir='ltr'>ΛΡΙΙΙ</span> 
     </span>
    </p>
   </div>
   <div class='ocr_carea' id='block_1_3' title="bbox 3672 298 3791 363">
    <p class='ocr_par' dir='ltr' id='par_1_3' title="bbox 3672 298 3791 363">
     <span class='ocr_line' id='line_1_3' title="bbox 3672 298 3791 363; baseline 0.008 -1"><span class='ocrx_word' id='word_1_6' title='bbox 3672 298 3791 363; x_wconf 80' lang='grc' dir='ltr'><strong>13Ξο</strong></span> 
     </span>
    </p>
   </div>
   <div class='ocr_carea' id='block_1_4' title="bbox 660 406 2161 512">
    <p class='ocr_par' dir='ltr' id='par_1_4' title="bbox 660 421 2144 512">
     <span class='ocr_line' id='line_1_4' title="bbox 660 421 2144 512; baseline -0.019 -14"><span class='ocrx_word' id='word_1_7' title='bbox 660 443 864 498; x_wconf 81' lang='lat' dir='ltr'><strong>Novum</strong></span> <span class='ocrx_word' id='word_1_8' title='bbox 905 452 1128 512; x_wconf 86' lang='lat' dir='ltr'><strong>puerum</strong></span> <span class='ocrx_word' id='word_1_9' title='bbox 1162 429 1438 504; x_wconf 84' lang='lat' dir='ltr'><strong>peperisti,</strong></span> <span class='ocrx_word' id='word_1_10' title='bbox 1466 424 1834 496; x_wconf 86' lang='lat' dir='ltr'><strong>opurissima,</strong></span> <span class='ocrx_word' id='word_1_11' title='bbox 1869 421 2144 476; x_wconf 73' lang='lat' dir='ltr'><strong>Christum</strong></span> 
     </span>
    </p>
   </div>
   <div class='ocr_carea' id='block_1_5' title="bbox 2269 406 3790 512">
    <p class='ocr_par' dir='ltr' id='par_1_5' title="bbox 2327 406 3790 484">
     <span class='ocr_line' id='line_1_5' title="bbox 2327 406 3790 484; baseline 0.001 -18"><span class='ocrx_word' id='word_1_12' title='bbox 2327 406 2842 481; x_wconf 76' lang='grc' dir='ltr'><strong>Νέονάπεκύησας</strong></span> <span class='ocrx_word' id='word_1_13' title='bbox 2900 411 3130 476; x_wconf 81' lang='grc' dir='ltr'><strong>παιδίον,</strong></span> <span class='ocrx_word' id='word_1_14' title='bbox 3186 411 3516 483; x_wconf 85' lang='grc' dir='ltr'><strong>πανάμωμε,</strong></span> <span class='ocrx_word' id='word_1_15' title='bbox 3577 414 3790 484; x_wconf 75' lang='grc' dir='ltr'><strong>Χριστόν</strong></span> 
     </span>
    </p>
   </div>
   <div class='ocr_carea' id='block_1_6' title="bbox 591 515 2144 600">
    <p class='ocr_par' dir='ltr' id='par_1_6' title="bbox 591 515 2144 600">
     <span class='ocr_line' id='line_1_6' title="bbox 591 515 2144 600; baseline -0.018 -11"><span class='ocrx_word' id='word_1_16' title='bbox 591 535 820 593; x_wconf 81' lang='lat' dir='ltr'><strong>scilicet,</strong></span> <span class='ocrx_word' id='word_1_17' title='bbox 851 532 940 600; x_wconf 92' lang='lat' dir='ltr'><strong>qui</strong></span> <span class='ocrx_word' id='word_1_18' title='bbox 967 543 1066 582; x_wconf 91' lang='lat' dir='ltr'><strong>nos</strong></span> <span class='ocrx_word' id='word_1_19' title='bbox 1093 524 1310 592; x_wconf 85' lang='lat' dir='ltr'><strong>antiqua</strong></span> <span class='ocrx_word' id='word_1_20' title='bbox 1344 516 1775 588; x_wconf 80' lang='lat' dir='ltr'><strong>transgressione</strong></span> <span class='ocrx_word' id='word_1_21' title='bbox 1802 515 2144 573; x_wconf 82' lang='lat' dir='ltr'><strong>inveteratus,</strong></span> 
     </span>
    </p>
   </div>
   <div class='ocr_carea' id='block_1_7' title="bbox 593 617 1519 676">
    <p class='ocr_par' dir='ltr' id='par_1_7' title="bbox 593 617 1519 676">
     <span class='ocr_line' id='line_1_7' title="bbox 593 617 1519 676; baseline -0.014 -2"><span class='ocrx_word' id='word_1_22' title='bbox 593 625 646 676; x_wconf 92' lang='lat' dir='ltr'><strong>ln</strong></span> <span class='ocrx_word' id='word_1_23' title='bbox 671 637 859 675; x_wconf 87' lang='lat' dir='ltr'><strong>novam</strong></span> <span class='ocrx_word' id='word_1_24' title='bbox 887 617 1145 670; x_wconf 91' lang='lat' dir='ltr'><strong>reformat</strong></span> <span class='ocrx_word' id='word_1_25' title='bbox 1188 621 1519 665; x_wconf 81' lang='lat' dir='ltr'><strong>creaturam.</strong></span> 
     </span>
    </p>
   </div>
   <div class='ocr_carea' id='block_1_8' title="bbox 661 685 2147 778">
    <p class='ocr_par' dir='ltr' id='par_1_8' title="bbox 661 685 2147 778">
     <span class='ocr_line' id='line_1_8' title="bbox 661 685 2147 778; baseline -0.017 -15"><span class='ocrx_word' id='word_1_26' title='bbox 661 710 986 778; x_wconf 79' lang='lat' dir='ltr'><strong>Angelorum</strong></span> <span class='ocrx_word' id='word_1_27' title='bbox 1015 703 1203 773; x_wconf 80' lang='lat' dir='ltr'><strong>gloria,</strong></span> <span class='ocrx_word' id='word_1_28' title='bbox 1240 698 1634 764; x_wconf 86' lang='lat' dir='ltr'><strong>hominumque</strong></span> <span class='ocrx_word' id='word_1_29' title='bbox 1664 693 1837 753; x_wconf 86' lang='lat' dir='ltr'><strong>salus,</strong></span> <span class='ocrx_word' id='word_1_30' title='bbox 1873 697 1988 744; x_wconf 88' lang='lat' dir='ltr'><strong>esto</strong></span> <span class='ocrx_word' id='word_1_31' title='bbox 2018 685 2147 778; x_wconf 79' lang='lat' dir='ltr'><strong>mihi</strong></span> 
     </span>
    </p>
   </div>
   <div class='ocr_carea' id='block_1_9' title="bbox 591 775 2150 863">
    <p class='ocr_par' dir='ltr' id='par_1_9' title="bbox 591 775 2150 863">
     <span class='ocr_line' id='line_1_9' title="bbox 591 775 2150 863; baseline -0.017 -10"><span class='ocrx_word' id='word_1_32' title='bbox 591 775 925 863; x_wconf 55' lang='lat' dir='ltr'><strong>tidejrfssoris</strong></span> <span class='ocrx_word' id='word_1_33' title='bbox 955 793 1093 852; x_wconf 85' lang='lat' dir='ltr'><strong>loco,</strong></span> <span class='ocrx_word' id='word_1_34' title='bbox 1122 803 1155 842; x_wconf 96' lang='lat' dir='ltr'><strong>o</strong></span> <span class='ocrx_word' id='word_1_35' title='bbox 1190 797 1358 840; x_wconf 74' lang='lat' dir='ltr'><strong>mater</strong></span> <span class='ocrx_word' id='word_1_36' title='bbox 1387 785 1503 848; x_wconf 89' lang='lat' dir='ltr'><strong>Dei,</strong></span> <span class='ocrx_word' id='word_1_37' title='bbox 1527 796 1583 836; x_wconf 91' lang='lat' dir='ltr'><strong>ut</strong></span> <span class='ocrx_word' id='word_1_38' title='bbox 1611 788 1896 836; x_wconf 83' lang='lat' dir='ltr'><strong>convertar</strong></span> <span class='ocrx_word' id='word_1_39' title='bbox 1929 787 1981 830; x_wconf 91' lang='lat' dir='ltr'><strong>et</strong></span> <span class='ocrx_word' id='word_1_40' title='bbox 2017 775 2150 828; x_wconf 91' lang='lat' dir='ltr'><strong>resi-</strong></span> 
     </span>
    </p>
   </div>
   <div class='ocr_carea' id='block_1_10' title="bbox 593 869 2147 957">
    <p class='ocr_par' dir='ltr' id='par_1_10' title="bbox 593 869 2147 957">
     <span class='ocr_line' id='line_1_10' title="bbox 593 869 2147 957; baseline -0.014 -17"><span class='ocrx_word' id='word_1_41' title='bbox 593 891 820 957; x_wconf 85' lang='lat' dir='ltr'><strong>piscam,</strong></span> <span class='ocrx_word' id='word_1_42' title='bbox 852 893 904 937; x_wconf 88' lang='lat' dir='ltr'><strong>et</strong></span> <span class='ocrx_word' id='word_1_43' title='bbox 929 880 1315 949; x_wconf 79' lang='lat' dir='ltr'><strong>indulgentiam</strong></span> <span class='ocrx_word' id='word_1_44' title='bbox 1356 884 1701 945; x_wconf 79' lang='lat' dir='ltr'><strong>peccatorum</strong></span> <span class='ocrx_word' id='word_1_45' title='bbox 1757 869 2147 939; x_wconf 75' lang='lat' dir='ltr'><strong>prmterilorum</strong></span> 
     </span>
    </p>
   </div>
   <div class='ocr_carea' id='block_1_11' title="bbox 592 965 1767 1048">
    <p class='ocr_par' dir='ltr' id='par_1_11' title="bbox 592 965 1767 1048">
     <span class='ocr_line' id='line_1_11' title="bbox 592 965 1767 1048; baseline -0.015 -16"><span class='ocrx_word' id='word_1_46' title='bbox 592 996 686 1048; x_wconf 79' lang='lat' dir='ltr'><strong>per</strong></span> <span class='ocrx_word' id='word_1_47' title='bbox 718 976 1002 1031; x_wconf 85' lang='lat' dir='ltr'><strong>scientiam</strong></span> <span class='ocrx_word' id='word_1_48' title='bbox 1032 971 1448 1037; x_wconf 84' lang='lat' dir='ltr'><strong>castitatemque</strong></span> <span class='ocrx_word' id='word_1_49' title='bbox 1481 965 1735 1034; x_wconf 86' lang='lat' dir='ltr'><strong>recipiam</strong></span> <span class='ocrx_word' id='word_1_50' title='bbox 1755 1003 1767 1014; x_wconf 92' lang='lat'><em>.</em></span> 
     </span>
    </p>
   </div>
   <div class='ocr_carea' id='block_1_12' title="bbox 660 1051 2152 1128">
    <p class='ocr_par' dir='ltr' id='par_1_12' title="bbox 660 1051 2152 1128">
     <span class='ocr_line' id='line_1_12' title="bbox 660 1051 2152 1128; baseline -0.014 -6"><span class='ocrx_word' id='word_1_51' title='bbox 660 1065 922 1122; x_wconf 84' lang='lat' dir='ltr'><strong>Exaltasti</strong></span> <span class='ocrx_word' id='word_1_52' title='bbox 967 1079 1065 1116; x_wconf 90' lang='lat' dir='ltr'><strong>nos</strong></span> <span class='ocrx_word' id='word_1_53' title='bbox 1097 1061 1315 1114; x_wconf 83' lang='lat' dir='ltr'><strong>sublimi</strong></span> <span class='ocrx_word' id='word_1_54' title='bbox 1354 1068 1508 1128; x_wconf 89' lang='lat' dir='ltr'><strong>partu</strong></span> <span class='ocrx_word' id='word_1_55' title='bbox 1545 1067 1635 1109; x_wconf 90' lang='lat' dir='ltr'><strong>tuo</strong></span> <span class='ocrx_word' id='word_1_56' title='bbox 1670 1070 1697 1106; x_wconf 91' lang='lat' dir='ltr'><strong>a</strong></span> <span class='ocrx_word' id='word_1_57' title='bbox 1740 1051 1994 1105; x_wconf 86' lang='lat' dir='ltr'><strong>barathro</strong></span> <span class='ocrx_word' id='word_1_58' title='bbox 2024 1063 2152 1116; x_wconf 89' lang='lat' dir='ltr'><strong>pec-</strong></span> 
     </span>
    </p>
   </div>
   <div class='ocr_carea' id='block_1_13' title="bbox 594 1140 2147 1221">
    <p class='ocr_par' dir='ltr' id='par_1_13' title="bbox 594 1140 2147 1221">
     <span class='ocr_line' id='line_1_13' title="bbox 594 1140 2147 1221; baseline -0.014 -8"><span class='ocrx_word' id='word_1_59' title='bbox 594 1171 874 1220; x_wconf 87' lang='lat' dir='ltr'><strong>catorum;</strong></span> <span class='ocrx_word' id='word_1_60' title='bbox 903 1175 935 1208; x_wconf 87' lang='grc' dir='ltr'>υ</span> <span class='ocrx_word' id='word_1_61' title='bbox 963 1155 1146 1207; x_wconf 87' lang='lat' dir='ltr'><strong>divina</strong></span> <span class='ocrx_word' id='word_1_62' title='bbox 1181 1152 1352 1221; x_wconf 81' lang='lat' dir='ltr'><strong>gratia</strong></span> <span class='ocrx_word' id='word_1_63' title='bbox 1411 1147 1720 1218; x_wconf 83' lang='lat' dir='ltr'><strong>plenissima</strong></span> <span class='ocrx_word' id='word_1_64' title='bbox 1748 1159 1760 1192; x_wconf 90' lang='lat'>:</span> <span class='ocrx_word' id='word_1_65' title='bbox 1798 1140 2147 1209; x_wconf 81' lang='lat' dir='ltr'><strong>quamobrem</strong></span> 
     </span>
    </p>
   </div>
   <div class='ocr_carea' id='block_1_14' title="bbox 590 1231 2150 1318">
    <p class='ocr_par' dir='ltr' id='par_1_14' title="bbox 590 1231 2150 1318">
     <span class='ocr_line' id='line_1_14' title="bbox 590 1231 2150 1318; baseline -0.013 -16"><span class='ocrx_word' id='word_1_66' title='bbox 590 1251 813 1305; x_wconf 80' lang='lat' dir='ltr'><strong>vocibus</strong></span> <span class='ocrx_word' id='word_1_67' title='bbox 831 1259 1042 1318; x_wconf 76' lang='lat' dir='ltr'><strong>gratum</strong></span> <span class='ocrx_word' id='word_1_68' title='bbox 1064 1247 1303 1299; x_wconf 89' lang='lat' dir='ltr'><strong>animum</strong></span> <span class='ocrx_word' id='word_1_69' title='bbox 1319 1235 1836 1298; x_wconf 88' lang='lat' dir='ltr'><strong>demonstrantibus,</strong></span> <span class='ocrx_word' id='word_1_70' title='bbox 1861 1243 1930 1297; x_wconf 89' lang='lat' dir='ltr'><strong>tc,</strong></span> <span class='ocrx_word' id='word_1_71' title='bbox 1951 1231 2150 1301; x_wconf 86' lang='lat' dir='ltr'><strong>puella,</strong></span> 
     </span>
    </p>
   </div>
   <div class='ocr_carea' id='block_1_15' title="bbox 591 1332 1410 1396">
    <p class='ocr_par' dir='ltr' id='par_1_15' title="bbox 591 1332 1410 1396">
     <span class='ocr_line' id='line_1_15' title="bbox 591 1332 1410 1396; baseline -0.017 0"><span class='ocrx_word' id='word_1_72' title='bbox 591 1343 878 1396; x_wconf 84' lang='lat' dir='ltr'><strong>laudamus</strong></span> <span class='ocrx_word' id='word_1_73' title='bbox 899 1339 951 1393; x_wconf 91' lang='lat' dir='ltr'><strong>in</strong></span> <span class='ocrx_word' id='word_1_74' title='bbox 987 1336 1167 1391; x_wconf 82' lang='lat' dir='ltr'><strong>omnia</strong></span> <span class='ocrx_word' id='word_1_75' title='bbox 1197 1332 1410 1388; x_wconf 69' lang='lat' dir='ltr'><strong>smcula.</strong></span> 
     </span>
    </p>
   </div>
   <div class='ocr_carea' id='block_1_16' title="bbox 659 1414 2152 1499">
    <p class='ocr_par' dir='ltr' id='par_1_16' title="bbox 659 1414 2152 1499">
     <span class='ocr_line' id='line_1_16' title="bbox 659 1414 2152 1499; baseline -0.014 -15"><span class='ocrx_word' id='word_1_76' title='bbox 659 1432 703 1486; x_wconf 80' lang='lat'>0</span> <span class='ocrx_word' id='word_1_77' title='bbox 737 1432 844 1485; x_wconf 79' lang='lat' dir='ltr'><strong>lleo</strong></span> <span class='ocrx_word' id='word_1_78' title='bbox 870 1429 1197 1499; x_wconf 76' lang='lat' dir='ltr'><strong>gratissima,</strong></span> <span class='ocrx_word' id='word_1_79' title='bbox 1225 1434 1278 1477; x_wconf 90' lang='lat' dir='ltr'><strong>tu</strong></span> <span class='ocrx_word' id='word_1_80' title='bbox 1309 1421 1446 1476; x_wconf 88' lang='lat' dir='ltr'><strong>facta</strong></span> <span class='ocrx_word' id='word_1_81' title='bbox 1481 1433 1540 1474; x_wconf 90' lang='lat' dir='ltr'><strong>es</strong></span> <span class='ocrx_word' id='word_1_82' title='bbox 1581 1418 1754 1472; x_wconf 91' lang='lat' dir='ltr'><strong>nubes</strong></span> <span class='ocrx_word' id='word_1_83' title='bbox 1803 1414 2002 1475; x_wconf 88' lang='lat' dir='ltr'><strong>lucida,</strong></span> <span class='ocrx_word' id='word_1_84' title='bbox 2034 1427 2152 1481; x_wconf 68' lang='lat' dir='ltr'><strong>qua:</strong></span> 
     </span>
    </p>
   </div>
   <div class='ocr_carea' id='block_1_17' title="bbox 592 1511 2150 1591">
    <p class='ocr_par' dir='ltr' id='par_1_17' title="bbox 592 1511 2150 1591">
     <span class='ocr_line' id='line_1_17' title="bbox 592 1511 2150 1591; baseline -0.012 -20"><span class='ocrx_word' id='word_1_85' title='bbox 592 1524 864 1591; x_wconf 68' lang='lat' dir='ltr'><strong>praecessit</strong></span> <span class='ocrx_word' id='word_1_86' title='bbox 895 1531 1092 1572; x_wconf 87' lang='lat' dir='ltr'><strong>novum</strong></span> <span class='ocrx_word' id='word_1_87' title='bbox 1145 1511 1499 1589; x_wconf 81' lang='lat' dir='ltr'><strong>populumad</strong></span> <span class='ocrx_word' id='word_1_88' title='bbox 1553 1519 1754 1563; x_wconf 91' lang='lat' dir='ltr'><strong>terram</strong></span> <span class='ocrx_word' id='word_1_89' title='bbox 1806 1520 1988 1559; x_wconf 87' lang='lat' dir='ltr'><strong>veram</strong></span> <span class='ocrx_word' id='word_1_90' title='bbox 2025 1519 2150 1570; x_wconf 89' lang='lat' dir='ltr'><strong>pro-</strong></span> 
     </span>
    </p>
   </div>
   <div class='ocr_carea' id='block_1_18' title="bbox 592 1595 2148 1677">
    <p class='ocr_par' dir='ltr' id='par_1_18' title="bbox 592 1595 2148 1677">
     <span class='ocr_line' id='line_1_18' title="bbox 592 1595 2148 1677; baseline -0.014 -12"><span class='ocrx_word' id='word_1_91' title='bbox 592 1613 902 1677; x_wconf 83' lang='lat' dir='ltr'><strong>missionis;</strong></span> <span class='ocrx_word' id='word_1_92' title='bbox 938 1618 990 1663; x_wconf 92' lang='lat' dir='ltr'><strong>et</strong></span> <span class='ocrx_word' id='word_1_93' title='bbox 1035 1615 1210 1676; x_wconf 88' lang='lat' dir='ltr'><strong>porta,</strong></span> <span class='ocrx_word' id='word_1_94' title='bbox 1250 1619 1371 1674; x_wconf 66' lang='lat' dir='ltr'><strong>qum</strong></span> <span class='ocrx_word' id='word_1_95' title='bbox 1401 1601 1606 1654; x_wconf 81' lang='lat' dir='ltr'><strong>aditum</strong></span> <span class='ocrx_word' id='word_1_96' title='bbox 1657 1598 1780 1652; x_wconf 87' lang='lat' dir='ltr'><strong>fecit</strong></span> <span class='ocrx_word' id='word_1_97' title='bbox 1831 1597 1898 1649; x_wconf 87' lang='lat' dir='ltr'><strong>ad</strong></span> <span class='ocrx_word' id='word_1_98' title='bbox 1934 1595 2095 1647; x_wconf 84' lang='lat' dir='ltr'><strong>vitam</strong></span> <span class='ocrx_word' id='word_1_99' title='bbox 2135 1608 2148 1644; x_wconf 91' lang='lat'><strong>:</strong></span> 
     </span>
    </p>
   </div>
   <div class='ocr_carea' id='block_1_19' title="bbox 527 1690 1781 1768">
    <p class='ocr_par' dir='ltr' id='par_1_19' title="bbox 527 1690 1781 1768">
     <span class='ocr_line' id='line_1_19' title="bbox 527 1690 1781 1768; baseline -0.011 -14"><span class='ocrx_word' id='word_1_100' title='bbox 527 1710 542 1718; x_wconf 70' lang='lat'><strong>‘</strong></span> <span class='ocrx_word' id='word_1_101' title='bbox 592 1713 868 1768; x_wconf 74' lang='lat' dir='ltr'><strong>propterea</strong></span> <span class='ocrx_word' id='word_1_102' title='bbox 913 1707 1034 1763; x_wconf 89' lang='lat' dir='ltr'><strong>le,o</strong></span> <span class='ocrx_word' id='word_1_103' title='bbox 1060 1697 1311 1768; x_wconf 82' lang='lat' dir='ltr'><strong>Deipara,</strong></span> <span class='ocrx_word' id='word_1_104' title='bbox 1350 1690 1781 1760; x_wconf 81' lang='lat' dir='ltr'><strong>magniﬁcamus.</strong></span> 
     </span>
    </p>
   </div>
   <div class='ocr_carea' id='block_1_20' title="bbox 666 1772 2152 1849">
    <p class='ocr_par' dir='ltr' id='par_1_20' title="bbox 666 1772 2152 1849">
     <span class='ocr_line' id='line_1_20' title="bbox 666 1772 2152 1849; baseline -0.012 -7"><span class='ocrx_word' id='word_1_105' title='bbox 666 1791 799 1842; x_wconf 81' lang='lat' dir='ltr'><strong>Vere</strong></span> <span class='ocrx_word' id='word_1_106' title='bbox 832 1801 885 1841; x_wconf 92' lang='lat' dir='ltr'><strong>tu</strong></span> <span class='ocrx_word' id='word_1_107' title='bbox 921 1787 1059 1840; x_wconf 87' lang='lat' dir='ltr'><strong>facta</strong></span> <span class='ocrx_word' id='word_1_108' title='bbox 1094 1801 1174 1849; x_wconf 88' lang='lat' dir='ltr'><strong>es,</strong></span> <span class='ocrx_word' id='word_1_109' title='bbox 1208 1799 1238 1836; x_wconf 88' lang='lat'><strong>0</strong></span> <span class='ocrx_word' id='word_1_110' title='bbox 1274 1780 1618 1836; x_wconf 86' lang='lat' dir='ltr'><strong>immaculata</strong></span> <span class='ocrx_word' id='word_1_111' title='bbox 1643 1774 1826 1843; x_wconf 79' lang='lat' dir='ltr'><strong>Virgo,</strong></span> <span class='ocrx_word' id='word_1_112' title='bbox 1867 1772 2152 1828; x_wconf 91' lang='lat' dir='ltr'><strong>luciferum</strong></span> 
     </span>
    </p>
   </div>
   <div class='ocr_carea' id='block_1_21' title="bbox 593 1866 2158 1940">
    <p class='ocr_par' dir='ltr' id='par_1_21' title="bbox 593 1866 2158 1940">
     <span class='ocr_line' id='line_1_21' title="bbox 593 1866 2158 1940; baseline -0.012 -7"><span class='ocrx_word' id='word_1_113' title='bbox 593 1881 893 1933; x_wconf 77' lang='lat' dir='ltr'><strong>vehiculum</strong></span> <span class='ocrx_word' id='word_1_114' title='bbox 953 1877 1096 1930; x_wconf 89' lang='lat' dir='ltr'><strong>Solis</strong></span> <span class='ocrx_word' id='word_1_115' title='bbox 1153 1871 1437 1940; x_wconf 89' lang='lat' dir='ltr'><strong>illius,qui</strong></span> <span class='ocrx_word' id='word_1_116' title='bbox 1481 1885 1546 1923; x_wconf 80' lang='lat' dir='ltr'><strong>ex</strong></span> <span class='ocrx_word' id='word_1_117' title='bbox 1576 1867 1874 1922; x_wconf 77' lang='lat' dir='ltr'><strong>visceribus</strong></span> <span class='ocrx_word' id='word_1_118' title='bbox 1903 1866 2011 1918; x_wconf 92' lang='lat' dir='ltr'><strong>tuis</strong></span> <span class='ocrx_word' id='word_1_119' title='bbox 2070 1878 2158 1917; x_wconf 88' lang='lat' dir='ltr'><strong>re-</strong></span> 
     </span>
    </p>
   </div>
   <div class='ocr_carea' id='block_1_22' title="bbox 595 1956 2159 2038">
    <p class='ocr_par' dir='ltr' id='par_1_22' title="bbox 595 1956 2159 2038">
     <span class='ocr_line' id='line_1_22' title="bbox 595 1956 2159 2038; baseline -0.01 -16"><span class='ocrx_word' id='word_1_120' title='bbox 595 1970 762 2033; x_wconf 79' lang='lat' dir='ltr'><strong>fulsit,</strong></span> <span class='ocrx_word' id='word_1_121' title='bbox 778 1969 935 2038; x_wconf 77' lang='lat'><strong>277</strong></span> <span class='ocrx_word' id='word_1_122' title='bbox 952 1978 1004 2021; x_wconf 83' lang='lat' dir='ltr'><strong>et</strong></span> <span class='ocrx_word' id='word_1_123' title='bbox 1030 1966 1380 2037; x_wconf 80' lang='lat' dir='ltr'><strong>gravissimas</strong></span> <span class='ocrx_word' id='word_1_124' title='bbox 1409 1960 1611 2015; x_wconf 76' lang='lat' dir='ltr'><strong>fraudis</strong></span> <span class='ocrx_word' id='word_1_125' title='bbox 1632 1961 1882 2012; x_wconf 88' lang='lat' dir='ltr'><strong>tenebras</strong></span> <span class='ocrx_word' id='word_1_126' title='bbox 1895 1956 2159 2021; x_wconf 83' lang='lat' dir='ltr'><strong>dissolvit;</strong></span> 
     </span>
    </p>
   </div>
   <div class='ocr_carea' id='block_1_23' title="bbox 595 2039 2157 2128">
    <p class='ocr_par' dir='ltr' id='par_1_23' title="bbox 595 2039 2157 2128">
     <span class='ocr_line' id='line_1_23' title="bbox 595 2039 2157 2128; baseline -0.008 -16"><span class='ocrx_word' id='word_1_127' title='bbox 595 2060 734 2112; x_wconf 86' lang='lat' dir='ltr'><strong>unde</strong></span> <span class='ocrx_word' id='word_1_128' title='bbox 761 2070 808 2112; x_wconf 91' lang='lat' dir='ltr'><strong>te</strong></span> <span class='ocrx_word' id='word_1_129' title='bbox 831 2039 929 2128; x_wconf 80' lang='lat' dir='ltr'><strong>pro</strong></span> <span class='ocrx_word' id='word_1_130' title='bbox 959 2060 1148 2111; x_wconf 89' lang='lat' dir='ltr'><strong>merito</strong></span> <span class='ocrx_word' id='word_1_131' title='bbox 1167 2071 1228 2109; x_wconf 90' lang='lat' dir='ltr'><strong>ac</strong></span> <span class='ocrx_word' id='word_1_132' title='bbox 1254 2055 1435 2108; x_wconf 90' lang='lat' dir='ltr'><strong>debito</strong></span> <span class='ocrx_word' id='word_1_133' title='bbox 1459 2067 1578 2106; x_wconf 91' lang='lat' dir='ltr'><strong>cum</strong></span> <span class='ocrx_word' id='word_1_134' title='bbox 1606 2049 1708 2103; x_wconf 97' lang='lat' dir='ltr'><strong>ﬁde</strong></span> <span class='ocrx_word' id='word_1_135' title='bbox 1726 2047 2157 2119; x_wconf 79' lang='lat' dir='ltr'><strong>magniﬁcamus.</strong></span> 
     </span>
    </p>
   </div>
   <div class='ocr_carea' id='block_1_24' title="bbox 832 2156 1914 2231">
    <p class='ocr_par' dir='ltr' id='par_1_24' title="bbox 832 2156 1914 2231">
     <span class='ocr_line' id='line_1_24' title="bbox 832 2156 1914 2231; baseline -0.008 -13"><span class='ocrx_word' id='word_1_136' title='bbox 832 2165 916 2217; x_wconf 81' lang='lat' dir='ltr'><strong>Ea:</strong></span> <span class='ocrx_word' id='word_1_137' title='bbox 942 2180 1138 2217; x_wconf 84' lang='lat' dir='ltr'><strong>canone</strong></span> <span class='ocrx_word' id='word_1_138' title='bbox 1174 2163 1322 2231; x_wconf 75' lang='lat' dir='ltr'><strong>feria:</strong></span> <span class='ocrx_word' id='word_1_139' title='bbox 1379 2177 1428 2213; x_wconf 87' lang='lat' dir='ltr'><strong>tv</strong></span> <span class='ocrx_word' id='word_1_140' title='bbox 1462 2160 1530 2211; x_wconf 87' lang='lat' dir='ltr'><strong>ad</strong></span> <span class='ocrx_word' id='word_1_141' title='bbox 1569 2156 1914 2211; x_wconf 79' lang='lat' dir='ltr'><strong>Malutinum.</strong></span> 
     </span>
    </p>
   </div>
   <div class='ocr_carea' id='block_1_25' title="bbox 661 2261 2162 2326">
    <p class='ocr_par' dir='ltr' id='par_1_25' title="bbox 661 2261 2162 2326">
     <span class='ocr_line' id='line_1_25' title="bbox 661 2261 2162 2326; baseline -0.009 0"><span class='ocrx_word' id='word_1_142' title='bbox 661 2273 796 2326; x_wconf 91' lang='lat' dir='ltr'><strong>Cum</strong></span> <span class='ocrx_word' id='word_1_143' title='bbox 857 2271 1144 2323; x_wconf 88' lang='lat' dir='ltr'><strong>Dominum</strong></span> <span class='ocrx_word' id='word_1_144' title='bbox 1199 2284 1264 2323; x_wconf 83' lang='lat' dir='ltr'><strong>ex</strong></span> <span class='ocrx_word' id='word_1_145' title='bbox 1307 2280 1462 2319; x_wconf 90' lang='lat' dir='ltr'><strong>utero</strong></span> <span class='ocrx_word' id='word_1_146' title='bbox 1507 2275 1596 2318; x_wconf 89' lang='lat' dir='ltr'><strong>tuo</strong></span> <span class='ocrx_word' id='word_1_147' title='bbox 1641 2273 1848 2324; x_wconf 90' lang='lat' dir='ltr'><strong>natum,</strong></span> <span class='ocrx_word' id='word_1_148' title='bbox 1878 2264 1930 2315; x_wconf 92' lang='lat' dir='ltr'><strong>in</strong></span> <span class='ocrx_word' id='word_1_149' title='bbox 1983 2261 2162 2316; x_wconf 86' lang='lat' dir='ltr'><strong>erucis</strong></span> 
     </span>
    </p>
   </div>
   <div class='ocr_carea' id='block_1_26' title="bbox 593 2350 2162 2431">
    <p class='ocr_par' dir='ltr' id='par_1_26' title="bbox 593 2350 2162 2431">
     <span class='ocr_line' id='line_1_26' title="bbox 593 2350 2162 2431; baseline -0.007 -16"><span class='ocrx_word' id='word_1_150' title='bbox 593 2363 740 2431; x_wconf 81' lang='lat' dir='ltr'><strong>ligno</strong></span> <span class='ocrx_word' id='word_1_151' title='bbox 769 2362 967 2428; x_wconf 88' lang='lat' dir='ltr'><strong>injuste</strong></span> <span class='ocrx_word' id='word_1_152' title='bbox 993 2359 1286 2410; x_wconf 81' lang='lat' dir='ltr'><strong>exaltatum</strong></span> <span class='ocrx_word' id='word_1_153' title='bbox 1311 2354 1796 2417; x_wconf 85' lang='lat' dir='ltr'><strong>animadverteres,</strong></span> <span class='ocrx_word' id='word_1_154' title='bbox 1817 2367 1849 2406; x_wconf 95' lang='lat' dir='ltr'><strong>o</strong></span> <span class='ocrx_word' id='word_1_155' title='bbox 1874 2350 2057 2421; x_wconf 75' lang='lat' dir='ltr'><strong>Virgo,</strong></span> <span class='ocrx_word' id='word_1_156' title='bbox 2081 2352 2131 2405; x_wconf 91' lang='lat' dir='ltr'><strong>la</strong></span> <span class='ocrx_word' id='word_1_157' title='bbox 2149 2384 2162 2394; x_wconf 71' lang='grc' dir='ltr'><em>ι</em></span> 
     </span>
    </p>
   </div>
   <div class='ocr_carea' id='block_1_27' title="bbox 593 2441 2157 2522">
    <p class='ocr_par' dir='ltr' id='par_1_27' title="bbox 593 2441 2157 2522">
     <span class='ocr_line' id='line_1_27' title="bbox 593 2441 2157 2522; baseline -0.007 -17"><span class='ocrx_word' id='word_1_158' title='bbox 593 2467 802 2522; x_wconf 84' lang='lat' dir='ltr'><strong>crymas</strong></span> <span class='ocrx_word' id='word_1_159' title='bbox 848 2449 1130 2513; x_wconf 88' lang='lat' dir='ltr'><strong>fundebas,</strong></span> <span class='ocrx_word' id='word_1_160' title='bbox 1161 2455 1215 2500; x_wconf 89' lang='lat' dir='ltr'><strong>et</strong></span> <span class='ocrx_word' id='word_1_161' title='bbox 1254 2445 1401 2499; x_wconf 90' lang='lat' dir='ltr'><strong>illius</strong></span> <span class='ocrx_word' id='word_1_162' title='bbox 1445 2457 1667 2513; x_wconf 85' lang='lat' dir='ltr'><strong>prorsus</strong></span> <span class='ocrx_word' id='word_1_163' title='bbox 1718 2443 1987 2496; x_wconf 90' lang='lat' dir='ltr'><strong>inﬁnitam</strong></span> <span class='ocrx_word' id='word_1_164' title='bbox 2052 2441 2157 2494; x_wconf 88' lang='lat' dir='ltr'><strong>hu-</strong></span> 
     </span>
    </p>
   </div>
   <div class='ocr_carea' id='block_1_28' title="bbox 588 2534 1588 2596">
    <p class='ocr_par' dir='ltr' id='par_1_28' title="bbox 588 2534 1588 2596">
     <span class='ocr_line' id='line_1_28' title="bbox 588 2534 1588 2596; baseline -0.009 -1"><span class='ocrx_word' id='word_1_165' title='bbox 588 2540 948 2596; x_wconf 87' lang='lat' dir='ltr'><strong>miliationem</strong></span> <span class='ocrx_word' id='word_1_166' title='bbox 981 2536 1235 2591; x_wconf 86' lang='lat' dir='ltr'><strong>laudibus</strong></span> <span class='ocrx_word' id='word_1_167' title='bbox 1258 2534 1588 2590; x_wconf 71' lang='lat' dir='ltr'><strong>extollebas.&quot;</strong></span> 
     </span>
    </p>
   </div>
   <div class='ocr_carea' id='block_1_29' title="bbox 663 2619 2162 2693">
    <p class='ocr_par' dir='ltr' id='par_1_29' title="bbox 663 2619 2162 2693">
     <span class='ocr_line' id='line_1_29' title="bbox 663 2619 2162 2693; baseline -0.007 -10"><span class='ocrx_word' id='word_1_168' title='bbox 663 2629 908 2683; x_wconf 84' lang='lat' dir='ltr'><strong>Laudant</strong></span> <span class='ocrx_word' id='word_1_169' title='bbox 942 2638 995 2682; x_wconf 86' lang='lat' dir='ltr'><strong>te</strong></span> <span class='ocrx_word' id='word_1_170' title='bbox 1027 2627 1178 2680; x_wconf 83' lang='lat' dir='ltr'><strong>chori</strong></span> <span class='ocrx_word' id='word_1_171' title='bbox 1228 2622 1481 2693; x_wconf 72' lang='lat' dir='ltr'><strong>angelici,</strong></span> <span class='ocrx_word' id='word_1_172' title='bbox 1532 2636 1566 2676; x_wconf 91' lang='grc' dir='ltr'><strong>ο</strong></span> <span class='ocrx_word' id='word_1_173' title='bbox 1604 2620 1856 2676; x_wconf 90' lang='lat' dir='ltr'><strong>omnibus</strong></span> <span class='ocrx_word' id='word_1_174' title='bbox 1911 2619 2162 2674; x_wconf 84' lang='lat' dir='ltr'><strong>laudibus</strong></span> 
     </span>
    </p>
   </div>
   <div class='ocr_carea' id='block_1_30' title="bbox 595 2712 2164 2787">
    <p class='ocr_par' dir='ltr' id='par_1_30' title="bbox 595 2712 2164 2787">
     <span class='ocr_line' id='line_1_30' title="bbox 595 2712 2164 2787; baseline -0.008 -14"><span class='ocrx_word' id='word_1_175' title='bbox 595 2719 960 2782; x_wconf 88' lang='lat' dir='ltr'><strong>celebranda,</strong></span> <span class='ocrx_word' id='word_1_176' title='bbox 1018 2733 1137 2787; x_wconf 75' lang='lat' dir='ltr'><strong>qua:</strong></span> <span class='ocrx_word' id='word_1_177' title='bbox 1199 2717 1319 2770; x_wconf 88' lang='lat' dir='ltr'><strong>illos</strong></span> <span class='ocrx_word' id='word_1_178' title='bbox 1379 2712 1867 2781; x_wconf 85' lang='lat' dir='ltr'><strong>incomparabiliter</strong></span> <span class='ocrx_word' id='word_1_179' title='bbox 1941 2725 2164 2779; x_wconf 87' lang='lat' dir='ltr'><strong>superas</strong></span> 
     </span>
    </p>
   </div>
   <div class='ocr_carea' id='block_1_31' title="bbox 597 2801 2166 2876">
    <p class='ocr_par' dir='ltr' id='par_1_31' title="bbox 597 2801 2166 2876">
     <span class='ocr_line' id='line_1_31' title="bbox 597 2801 2166 2876; baseline -0.005 -15"><span class='ocrx_word' id='word_1_180' title='bbox 597 2808 856 2876; x_wconf 78' lang='lat' dir='ltr'><strong>dignitate</strong></span> <span class='ocrx_word' id='word_1_181' title='bbox 886 2825 902 2874; x_wconf 90' lang='lat'><strong>;</strong></span> <span class='ocrx_word' id='word_1_182' title='bbox 939 2807 1104 2860; x_wconf 86' lang='lat' dir='ltr'><strong>Deum</strong></span> <span class='ocrx_word' id='word_1_183' title='bbox 1137 2806 1281 2859; x_wconf 89' lang='lat' dir='ltr'><strong>enim</strong></span> <span class='ocrx_word' id='word_1_184' title='bbox 1319 2803 1373 2857; x_wconf 93' lang='lat' dir='ltr'><strong>in</strong></span> <span class='ocrx_word' id='word_1_185' title='bbox 1406 2816 1568 2856; x_wconf 86' lang='lat' dir='ltr'><strong>earne</strong></span> <span class='ocrx_word' id='word_1_186' title='bbox 1605 2801 1878 2869; x_wconf 86' lang='lat' dir='ltr'><strong>peperisti,</strong></span> <span class='ocrx_word' id='word_1_187' title='bbox 1918 2802 2008 2869; x_wconf 91' lang='lat' dir='ltr'><strong>qui</strong></span> <span class='ocrx_word' id='word_1_188' title='bbox 2048 2815 2166 2853; x_wconf 85' lang='lat' dir='ltr'><strong>ma-</strong></span> 
     </span>
    </p>
   </div>
   <div class='ocr_carea' id='block_1_32' title="bbox 599 2891 2166 2966">
    <p class='ocr_par' dir='ltr' id='par_1_32' title="bbox 599 2891 2166 2966">
     <span class='ocr_line' id='line_1_32' title="bbox 599 2891 2166 2966; baseline -0.005 -14"><span class='ocrx_word' id='word_1_189' title='bbox 599 2898 946 2952; x_wconf 90' lang='lat' dir='ltr'><strong>ledictionem</strong></span> <span class='ocrx_word' id='word_1_190' title='bbox 996 2912 1093 2966; x_wconf 90' lang='lat' dir='ltr'><strong>per</strong></span> <span class='ocrx_word' id='word_1_191' title='bbox 1132 2897 1335 2965; x_wconf 79' lang='lat' dir='ltr'><strong>lignum</strong></span> <span class='ocrx_word' id='word_1_192' title='bbox 1396 2893 1621 2959; x_wconf 88' lang='lat' dir='ltr'><strong>illatam,</strong></span> <span class='ocrx_word' id='word_1_193' title='bbox 1657 2892 1799 2960; x_wconf 78' lang='lat' dir='ltr'><strong>ligno</strong></span> <span class='ocrx_word' id='word_1_194' title='bbox 1829 2891 2080 2955; x_wconf 86' lang='lat' dir='ltr'><strong>abolevit,</strong></span> <span class='ocrx_word' id='word_1_195' title='bbox 2113 2901 2166 2947; x_wconf 89' lang='lat' dir='ltr'><strong>et</strong></span> 
     </span>
    </p>
   </div>
   <div class='ocr_carea' id='block_1_33' title="bbox 601 2976 1775 3054">
    <p class='ocr_par' dir='ltr' id='par_1_33' title="bbox 601 2976 1775 3054">
     <span class='ocr_line' id='line_1_33' title="bbox 601 2976 1775 3054; baseline -0.003 -14"><span class='ocrx_word' id='word_1_196' title='bbox 601 2985 997 3040; x_wconf 77' lang='lat' dir='ltr'><strong>benedictionis</strong></span> <span class='ocrx_word' id='word_1_197' title='bbox 1018 2984 1218 3038; x_wconf 88' lang='lat' dir='ltr'><strong>fontem</strong></span> <span class='ocrx_word' id='word_1_198' title='bbox 1250 2983 1511 3054; x_wconf 86' lang='lat' dir='ltr'><strong>profudit.</strong></span> <span class='ocrx_word' id='word_1_199' title='bbox 1772 2976 1775 2979; x_wconf 53' lang='grc'><strong>”</strong></span> 
     </span>
    </p>
   </div>
   <div class='ocr_carea' id='block_1_34' title="bbox 667 3075 1853 3140">
    <p class='ocr_par' dir='ltr' id='par_1_34' title="bbox 667 3075 1853 3140">
     <span class='ocr_line' id='line_1_34' title="bbox 667 3075 1853 3140; baseline 0.001 -13"><span class='ocrx_word' id='word_1_200' title='bbox 667 3076 927 3140; x_wconf 83' lang='lat' dir='ltr'><strong>Gladius,</strong></span> <span class='ocrx_word' id='word_1_201' title='bbox 1003 3090 1035 3128; x_wconf 95' lang='lat' dir='ltr'><strong>o</strong></span> <span class='ocrx_word' id='word_1_202' title='bbox 1111 3075 1388 3129; x_wconf 85' lang='lat' dir='ltr'><strong>benedicta</strong></span> <span class='ocrx_word' id='word_1_203' title='bbox 1471 3075 1566 3130; x_wconf 89' lang='lat' dir='ltr'><strong>Dei</strong></span> <span class='ocrx_word' id='word_1_204' title='bbox 1634 3077 1802 3130; x_wconf 81' lang='lat' dir='ltr'><strong>Mater</strong></span> <span class='ocrx_word' id='word_1_205' title='bbox 1840 3115 1853 3140; x_wconf 92' lang='lat'><strong>,</strong></span> 
     </span>
    </p>
   </div>
   <div class='ocr_carea' id='block_1_35' title="bbox 599 3163 2160 3233">
    <p class='ocr_par' dir='ltr' id='par_1_35' title="bbox 599 3163 2160 3233">
     <span class='ocr_line' id='line_1_35' title="bbox 599 3163 2160 3233; baseline -0.003 -14"><span class='ocrx_word' id='word_1_206' title='bbox 599 3175 745 3219; x_wconf 92' lang='lat' dir='ltr'><strong>tuarn</strong></span> <span class='ocrx_word' id='word_1_207' title='bbox 783 3165 1152 3233; x_wconf 89' lang='lat' dir='ltr'><strong>pertransivit,</strong></span> <span class='ocrx_word' id='word_1_208' title='bbox 1203 3180 1324 3218; x_wconf 91' lang='lat' dir='ltr'><strong>cum</strong></span> <span class='ocrx_word' id='word_1_209' title='bbox 1369 3163 1562 3220; x_wconf 88' lang='lat' dir='ltr'><strong>Filium</strong></span> <span class='ocrx_word' id='word_1_210' title='bbox 1622 3175 1772 3219; x_wconf 88' lang='lat' dir='ltr'><strong>tuum</strong></span> <span class='ocrx_word' id='word_1_211' title='bbox 1820 3164 2160 3226; x_wconf 88' lang='lat' dir='ltr'><strong>cruciﬁxum,</strong></span> 
     </span>
    </p>
   </div>
   <div class='ocr_carea' id='block_1_36' title="bbox 591 3254 2160 3321">
    <p class='ocr_par' dir='ltr' id='par_1_36' title="bbox 591 3254 2160 3321">
     <span class='ocr_line' id='line_1_36' title="bbox 591 3254 2160 3321; baseline -0.002 -11"><span class='ocrx_word' id='word_1_212' title='bbox 591 3266 652 3310; x_wconf 87' lang='lat' dir='ltr'><strong>et</strong></span> <span class='ocrx_word' id='word_1_213' title='bbox 683 3257 923 3310; x_wconf 89' lang='lat' dir='ltr'><strong>animam</strong></span> <span class='ocrx_word' id='word_1_214' title='bbox 950 3269 1105 3309; x_wconf 85' lang='lat' dir='ltr'><strong>suam</strong></span> <span class='ocrx_word' id='word_1_215' title='bbox 1141 3254 1194 3308; x_wconf 91' lang='lat' dir='ltr'><strong>in</strong></span> <span class='ocrx_word' id='word_1_216' title='bbox 1242 3270 1438 3310; x_wconf 83' lang='lat' dir='ltr'><strong>manus</strong></span> <span class='ocrx_word' id='word_1_217' title='bbox 1459 3256 1635 3311; x_wconf 84' lang='lat' dir='ltr'><strong>Patris</strong></span> <span class='ocrx_word' id='word_1_218' title='bbox 1665 3255 2160 3321; x_wconf 81' lang='lat' dir='ltr'><strong>commendantem,</strong></span> 
     </span>
    </p>
   </div>
   <div class='ocr_carea' id='block_1_37' title="bbox 600 3340 804 3398">
    <p class='ocr_par' dir='ltr' id='par_1_37' title="bbox 600 3340 804 3398">
     <span class='ocr_line' id='line_1_37' title="bbox 600 3340 804 3398; baseline -0.01 -3"><span class='ocrx_word' id='word_1_219' title='bbox 600 3340 804 3398; x_wconf 79' lang='lat' dir='ltr'><strong>vidisti.</strong></span> 
     </span>
    </p>
   </div>
   <div class='ocr_carea' id='block_1_38' title="bbox 669 3427 2166 3501">
    <p class='ocr_par' dir='ltr' id='par_1_38' title="bbox 669 3427 2166 3501">
     <span class='ocr_line' id='line_1_38' title="bbox 669 3427 2166 3501; baseline -0.002 -19"><span class='ocrx_word' id='word_1_220' title='bbox 669 3430 1370 3484; x_wconf 56' lang='lat' dir='ltr'><strong>Teimmaculatissimam</strong></span> <span class='ocrx_word' id='word_1_221' title='bbox 1411 3429 1504 3484; x_wconf 86' lang='lat' dir='ltr'><strong>Dei</strong></span> <span class='ocrx_word' id='word_1_222' title='bbox 1559 3429 1886 3484; x_wconf 85' lang='lat' dir='ltr'><strong>Genitricem</strong></span> <span class='ocrx_word' id='word_1_223' title='bbox 1929 3427 2166 3501; x_wconf 86' lang='lat' dir='ltr'><strong>appella-</strong></span> 
     </span>
    </p>
   </div>
   <div class='ocr_carea' id='block_1_39' title="bbox 601 3520 2164 3589">
    <p class='ocr_par' dir='ltr' id='par_1_39' title="bbox 601 3520 2164 3589">
     <span class='ocr_line' id='line_1_39' title="bbox 601 3520 2164 3589; baseline -0.002 -15"><span class='ocrx_word' id='word_1_224' title='bbox 601 3536 723 3574; x_wconf 88' lang='lat' dir='ltr'><strong>mus</strong></span> <span class='ocrx_word' id='word_1_225' title='bbox 753 3520 887 3589; x_wconf 68' lang='lat'><strong>(27),</strong></span> <span class='ocrx_word' id='word_1_226' title='bbox 919 3536 1012 3588; x_wconf 88' lang='lat' dir='ltr'><strong>per</strong></span> <span class='ocrx_word' id='word_1_227' title='bbox 1041 3535 1206 3587; x_wconf 89' lang='lat' dir='ltr'><strong>quam</strong></span> <span class='ocrx_word' id='word_1_228' title='bbox 1255 3520 1564 3573; x_wconf 87' lang='lat' dir='ltr'><strong>maledictio</strong></span> <span class='ocrx_word' id='word_1_229' title='bbox 1596 3521 1809 3574; x_wconf 85' lang='lat' dir='ltr'><strong>sublata</strong></span> <span class='ocrx_word' id='word_1_230' title='bbox 1859 3529 1942 3575; x_wconf 89' lang='lat' dir='ltr'><strong>est</strong></span> <span class='ocrx_word' id='word_1_231' title='bbox 2001 3529 2164 3588; x_wconf 86' lang='lat' dir='ltr'><strong>atque</strong></span> 
     </span>
    </p>
   </div>
   <div class='ocr_carea' id='block_1_40' title="bbox 600 3609 2026 3679">
    <p class='ocr_par' dir='ltr' id='par_1_40' title="bbox 600 3609 2026 3679">
     <span class='ocr_line' id='line_1_40' title="bbox 600 3609 2026 3679; baseline 0 -15"><span class='ocrx_word' id='word_1_232' title='bbox 600 3611 890 3673; x_wconf 86' lang='lat' dir='ltr'><strong>exstincta,</strong></span> <span class='ocrx_word' id='word_1_233' title='bbox 927 3621 982 3662; x_wconf 92' lang='lat' dir='ltr'><strong>et</strong></span> <span class='ocrx_word' id='word_1_234' title='bbox 1010 3612 1134 3663; x_wconf 86' lang='lat' dir='ltr'><strong>data</strong></span> <span class='ocrx_word' id='word_1_235' title='bbox 1166 3618 1251 3663; x_wconf 84' lang='lat' dir='ltr'><strong>est</strong></span> <span class='ocrx_word' id='word_1_236' title='bbox 1272 3609 1592 3679; x_wconf 87' lang='lat' dir='ltr'><strong>redemptio,</strong></span> <span class='ocrx_word' id='word_1_237' title='bbox 1616 3623 1669 3665; x_wconf 87' lang='lat' dir='ltr'><strong>et</strong></span> <span class='ocrx_word' id='word_1_238' title='bbox 1703 3611 2026 3665; x_wconf 88' lang='lat' dir='ltr'><strong>benedictio.</strong></span> 
     </span>
    </p>
   </div>
   <div class='ocr_carea' id='block_1_41' title="bbox 675 3691 2168 3769">
    <p class='ocr_par' dir='ltr' id='par_1_41' title="bbox 675 3691 2168 3769">
     <span class='ocr_line' id='line_1_41' title="bbox 675 3691 2168 3769; baseline 0.001 -18"><span class='ocrx_word' id='word_1_239' title='bbox 675 3700 1027 3754; x_wconf 86' lang='lat' dir='ltr'><strong>Admirabilis</strong></span> <span class='ocrx_word' id='word_1_240' title='bbox 1059 3708 1143 3753; x_wconf 91' lang='lat' dir='ltr'><strong>est</strong></span> <span class='ocrx_word' id='word_1_241' title='bbox 1171 3699 1352 3768; x_wconf 89' lang='lat' dir='ltr'><strong>proles</strong></span> <span class='ocrx_word' id='word_1_242' title='bbox 1389 3708 1502 3761; x_wconf 85' lang='lat' dir='ltr'><strong>tua,</strong></span> <span class='ocrx_word' id='word_1_243' title='bbox 1541 3715 1574 3752; x_wconf 96' lang='lat' dir='ltr'><strong>o</strong></span> <span class='ocrx_word' id='word_1_244' title='bbox 1607 3691 1855 3768; x_wconf 85' lang='lat' dir='ltr'><strong>Deipara,</strong></span> <span class='ocrx_word' id='word_1_245' title='bbox 1889 3714 2009 3769; x_wconf 68' lang='lat' dir='ltr'><strong>quae</strong></span> <span class='ocrx_word' id='word_1_246' title='bbox 2044 3699 2168 3753; x_wconf 87' lang='lat' dir='ltr'><strong>facit</strong></span> 
     </span>
    </p>
   </div>
   <div class='ocr_carea' id='block_1_42' title="bbox 604 3774 2165 3857">
    <p class='ocr_par' dir='ltr' id='par_1_42' title="bbox 604 3774 2165 3857">
     <span class='ocr_line' id='line_1_42' title="bbox 604 3774 2165 3857; baseline -0.001 -15"><span class='ocrx_word' id='word_1_247' title='bbox 604 3790 869 3842; x_wconf 88' lang='lat' dir='ltr'><strong>mirabilia</strong></span> <span class='ocrx_word' id='word_1_248' title='bbox 902 3803 1115 3857; x_wconf 83' lang='lat' dir='ltr'><strong>magna,</strong></span> <span class='ocrx_word' id='word_1_249' title='bbox 1160 3798 1212 3841; x_wconf 89' lang='lat' dir='ltr'><strong>et</strong></span> <span class='ocrx_word' id='word_1_250' title='bbox 1253 3788 1306 3841; x_wconf 90' lang='lat' dir='ltr'><strong>in</strong></span> <span class='ocrx_word' id='word_1_251' title='bbox 1340 3788 1545 3843; x_wconf 89' lang='lat' dir='ltr'><strong>sanctis</strong></span> <span class='ocrx_word' id='word_1_252' title='bbox 1573 3774 1924 3856; x_wconf 81' lang='lat' dir='ltr'><strong>gloriﬁcatur,</strong></span> <span class='ocrx_word' id='word_1_253' title='bbox 1960 3804 1993 3842; x_wconf 94' lang='lat' dir='ltr'><strong>o</strong></span> <span class='ocrx_word' id='word_1_254' title='bbox 2051 3789 2165 3843; x_wconf 90' lang='lat' dir='ltr'><strong>sola</strong></span> 
     </span>
    </p>
   </div>
   <div class='ocr_carea' id='block_1_43' title="bbox 602 3879 1670 3949">
    <p class='ocr_par' dir='ltr' id='par_1_43' title="bbox 602 3879 1670 3949">
     <span class='ocr_line' id='line_1_43' title="bbox 602 3879 1670 3949; baseline 0.001 -16"><span class='ocrx_word' id='word_1_255' title='bbox 602 3880 748 3938; x_wconf 89' lang='lat' dir='ltr'><strong>omni</strong></span> <span class='ocrx_word' id='word_1_256' title='bbox 779 3893 842 3933; x_wconf 90' lang='lat' dir='ltr'><strong>ex</strong></span> <span class='ocrx_word' id='word_1_257' title='bbox 867 3888 1017 3949; x_wconf 88' lang='lat' dir='ltr'><strong>parte</strong></span> <span class='ocrx_word' id='word_1_258' title='bbox 1047 3879 1379 3934; x_wconf 89' lang='lat' dir='ltr'><strong>admirabilis</strong></span> <span class='ocrx_word' id='word_1_259' title='bbox 1418 3880 1670 3934; x_wconf 89' lang='lat' dir='ltr'><strong>Domina.</strong></span> 
     </span>
    </p>
   </div>
   <div class='ocr_carea' id='block_1_44' title="bbox 674 3969 2168 4038">
    <p class='ocr_par' dir='ltr' id='par_1_44' title="bbox 674 3969 2168 4038">
     <span class='ocr_line' id='line_1_44' title="bbox 674 3969 2168 4038; baseline 0.001 -17"><span class='ocrx_word' id='word_1_260' title='bbox 674 3969 822 4024; x_wconf 84' lang='lat' dir='ltr'><strong>Nova</strong></span> <span class='ocrx_word' id='word_1_261' title='bbox 852 3984 916 4023; x_wconf 89' lang='lat' dir='ltr'><strong>ac</strong></span> <span class='ocrx_word' id='word_1_262' title='bbox 950 3973 1231 4038; x_wconf 84' lang='lat' dir='ltr'><strong>peregrina</strong></span> <span class='ocrx_word' id='word_1_263' title='bbox 1261 3979 1343 4024; x_wconf 90' lang='lat' dir='ltr'><strong>est</strong></span> <span class='ocrx_word' id='word_1_264' title='bbox 1371 3971 1658 4038; x_wconf 84' lang='lat' dir='ltr'><strong>conceptio</strong></span> <span class='ocrx_word' id='word_1_265' title='bbox 1695 3980 1806 4035; x_wconf 89' lang='lat' dir='ltr'><strong>tua,</strong></span> <span class='ocrx_word' id='word_1_266' title='bbox 1839 3986 1871 4025; x_wconf 93' lang='grc' dir='ltr'><strong>ο</strong></span> <span class='ocrx_word' id='word_1_267' title='bbox 1902 3971 2168 4024; x_wconf 87' lang='lat' dir='ltr'><strong>immacu-</strong></span> 
     </span>
    </p>
   </div>
   <div class='ocr_carea' id='block_1_45' title="bbox 603 4060 2168 4130">
    <p class='ocr_par' dir='ltr' id='par_1_45' title="bbox 603 4060 2168 4130">
     <span class='ocr_line' id='line_1_45' title="bbox 603 4060 2168 4130; baseline 0.001 -18"><span class='ocrx_word' id='word_1_268' title='bbox 603 4060 899 4126; x_wconf 88' lang='lat' dir='ltr'><strong>latissima;</strong></span> <span class='ocrx_word' id='word_1_269' title='bbox 937 4060 1101 4113; x_wconf 91' lang='lat' dir='ltr'><strong>Deum</strong></span> <span class='ocrx_word' id='word_1_270' title='bbox 1132 4061 1276 4114; x_wconf 91' lang='lat' dir='ltr'><strong>enim</strong></span> <span class='ocrx_word' id='word_1_271' title='bbox 1324 4060 1574 4130; x_wconf 79' lang='lat' dir='ltr'><strong>genuisti,</strong></span> <span class='ocrx_word' id='word_1_272' title='bbox 1610 4060 1701 4130; x_wconf 90' lang='lat' dir='ltr'><strong>qui</strong></span> <span class='ocrx_word' id='word_1_273' title='bbox 1739 4061 1884 4130; x_wconf 82' lang='lat' dir='ltr'><strong>ligno</strong></span> <span class='ocrx_word' id='word_1_274' title='bbox 1911 4060 2168 4114; x_wconf 77' lang='lat' dir='ltr'><strong>exstinxit</strong></span> 
     </span>
    </p>
   </div>
   <div class='ocr_carea' id='block_1_46' title="bbox 605 4149 1967 4219">
    <p class='ocr_par' dir='ltr' id='par_1_46' title="bbox 605 4149 1967 4219">
     <span class='ocr_line' id='line_1_46' title="bbox 605 4149 1967 4219; baseline 0.002 -18"><span class='ocrx_word' id='word_1_275' title='bbox 605 4149 882 4202; x_wconf 84' lang='lat' dir='ltr'><strong>flammam</strong></span> <span class='ocrx_word' id='word_1_276' title='bbox 917 4150 1155 4214; x_wconf 66' lang='lat' dir='ltr'><strong>malitiae,</strong></span> <span class='ocrx_word' id='word_1_277' title='bbox 1186 4160 1239 4202; x_wconf 90' lang='lat' dir='ltr'><strong>et</strong></span> <span class='ocrx_word' id='word_1_278' title='bbox 1279 4150 1537 4204; x_wconf 90' lang='lat' dir='ltr'><strong>mundum</strong></span> <span class='ocrx_word' id='word_1_279' title='bbox 1566 4151 1685 4204; x_wconf 90' lang='lat' dir='ltr'><strong>luce</strong></span> <span class='ocrx_word' id='word_1_280' title='bbox 1715 4149 1967 4219; x_wconf 86' lang='lat' dir='ltr'><strong>perfudit.</strong></span> 
     </span>
    </p>
   </div>
   <div class='ocr_carea' id='block_1_47' title="bbox 675 4239 2169 4309">
    <p class='ocr_par' dir='ltr' id='par_1_47' title="bbox 675 4239 2169 4309">
     <span class='ocr_line' id='line_1_47' title="bbox 675 4239 2169 4309; baseline 0.004 -18"><span class='ocrx_word' id='word_1_281' title='bbox 675 4239 908 4294; x_wconf 82' lang='lat' dir='ltr'><strong>Astabas</strong></span> <span class='ocrx_word' id='word_1_282' title='bbox 969 4241 1136 4305; x_wconf 88' lang='lat' dir='ltr'><strong>cruci,</strong></span> <span class='ocrx_word' id='word_1_283' title='bbox 1170 4256 1203 4294; x_wconf 93' lang='lat' dir='ltr'><strong>o</strong></span> <span class='ocrx_word' id='word_1_284' title='bbox 1291 4241 1517 4296; x_wconf 91' lang='lat' dir='ltr'><strong>Domina</strong></span> <span class='ocrx_word' id='word_1_285' title='bbox 1576 4242 1773 4309; x_wconf 88' lang='lat' dir='ltr'><strong>puella,</strong></span> <span class='ocrx_word' id='word_1_286' title='bbox 1816 4242 2169 4298; x_wconf 85' lang='lat' dir='ltr'><strong>considerans</strong></span> 
     </span>
    </p>
   </div>
   <div class='ocr_carea' id='block_1_48' title="bbox 608 4323 2169 4401">
    <p class='ocr_par' dir='ltr' id='par_1_48' title="bbox 608 4323 2169 4401">
     <span class='ocr_line' id='line_1_48' title="bbox 608 4323 2169 4401; baseline 0.003 -20"><span class='ocrx_word' id='word_1_287' title='bbox 608 4327 884 4382; x_wconf 89' lang='lat' dir='ltr'><strong>Christum</strong></span> <span class='ocrx_word' id='word_1_288' title='bbox 915 4345 1076 4398; x_wconf 90' lang='lat' dir='ltr'><strong>quem</strong></span> <span class='ocrx_word' id='word_1_289' title='bbox 1110 4345 1422 4399; x_wconf 87' lang='lat' dir='ltr'><strong>pepereras,</strong></span> <span class='ocrx_word' id='word_1_290' title='bbox 1453 4323 1504 4384; x_wconf 89' lang='lat' dir='ltr'><strong>in</strong></span> <span class='ocrx_word' id='word_1_291' title='bbox 1539 4331 1628 4383; x_wconf 89' lang='lat' dir='ltr'><strong>illa</strong></span> <span class='ocrx_word' id='word_1_292' title='bbox 1681 4331 1952 4385; x_wconf 84' lang='lat' dir='ltr'><strong>conﬁxum</strong></span> <span class='ocrx_word' id='word_1_293' title='bbox 1983 4350 1996 4386; x_wconf 89' lang='lat'><strong>:</strong></span> <span class='ocrx_word' id='word_1_294' title='bbox 2033 4349 2169 4401; x_wconf 79' lang='lat' dir='ltr'><strong>qua-</strong></span> 
     </span>
    </p>
   </div>
   <div class='ocr_carea' id='block_1_49' title="bbox 1926 3071 2229 3153">
    <p class='ocr_par' dir='ltr' id='par_1_49' title="bbox 1926 3071 2229 3153">
     <span class='ocr_line' id='line_1_49' title="bbox 1926 3071 2229 3153; baseline -0.007 -27"><span class='ocrx_word' id='word_1_295' title='bbox 1926 3071 2157 3126; x_wconf 89' lang='lat' dir='ltr'><strong>animam</strong></span> <span class='ocrx_word' id='word_1_296' title='bbox 2186 3092 2229 3153; x_wconf 67' lang='grc' dir='ltr'><strong>ρ</strong></span> 
     </span>
    </p>
   </div>
   <div class='ocr_carea' id='block_1_50' title="bbox 2247 504 3790 577">
    <p class='ocr_par' dir='ltr' id='par_1_50' title="bbox 2247 504 3790 577">
     <span class='ocr_line' id='line_1_50' title="bbox 2247 504 3790 577; baseline 0.001 -20"><span class='ocrx_word' id='word_1_297' title='bbox 2247 508 2347 577; x_wconf 81' lang='grc' dir='ltr'><strong>τὴν</strong></span> <span class='ocrx_word' id='word_1_298' title='bbox 2381 508 2683 560; x_wconf 85' lang='grc' dir='ltr'><strong>ἀναπλασιν</strong></span> <span class='ocrx_word' id='word_1_299' title='bbox 2717 505 2873 573; x_wconf 83' lang='grc' dir='ltr'><strong>ἡμῶν</strong></span> <span class='ocrx_word' id='word_1_300' title='bbox 2937 505 3301 574; x_wconf 73' lang='grc' dir='ltr'><strong>ἐργαζόμενον</strong></span> <span class='ocrx_word' id='word_1_301' title='bbox 3347 504 3455 557; x_wconf 85' lang='grc' dir='ltr'><strong>τῶν</strong></span> <span class='ocrx_word' id='word_1_302' title='bbox 3493 505 3790 558; x_wconf 74' lang='grc' dir='ltr'><strong>πεπαλαιωο</strong></span> 
     </span>
    </p>
   </div>
   <div class='ocr_carea' id='block_1_51' title="bbox 2250 592 3119 668">
    <p class='ocr_par' dir='ltr' id='par_1_51' title="bbox 2250 592 3119 668">
     <span class='ocr_line' id='line_1_51' title="bbox 2250 592 3119 668; baseline -0.005 -18"><span class='ocrx_word' id='word_1_303' title='bbox 2250 598 2428 668; x_wconf 85' lang='grc' dir='ltr'><strong>μένων</strong></span> <span class='ocrx_word' id='word_1_304' title='bbox 2457 601 2522 666; x_wconf 77' lang='grc' dir='ltr'><strong>τῇ</strong></span> <span class='ocrx_word' id='word_1_305' title='bbox 2566 596 2765 668; x_wconf 77' lang='grc' dir='ltr'><strong>ἀρχαίᾳ</strong></span> <span class='ocrx_word' id='word_1_306' title='bbox 2792 592 3119 662; x_wconf 74' lang='grc' dir='ltr'><strong>παραϐάσει.</strong></span> 
     </span>
    </p>
   </div>
   <div class='ocr_carea' id='block_1_52' title="bbox 2333 683 3791 756">
    <p class='ocr_par' dir='ltr' id='par_1_52' title="bbox 2333 683 3791 756">
     <span class='ocr_line' id='line_1_52' title="bbox 2333 683 3791 756; baseline -0.005 -16"><span class='ocrx_word' id='word_1_307' title='bbox 2333 688 2604 756; x_wconf 85' lang='grc' dir='ltr'><strong>’Λγγέλων</strong></span> <span class='ocrx_word' id='word_1_308' title='bbox 2643 686 2923 755; x_wconf 83' lang='grc' dir='ltr'><strong>καύχημα,</strong></span> <span class='ocrx_word' id='word_1_309' title='bbox 2987 683 3199 753; x_wconf 79' lang='grc' dir='ltr'><strong>βροτῶν</strong></span> <span class='ocrx_word' id='word_1_310' title='bbox 3249 683 3564 753; x_wconf 84' lang='grc' dir='ltr'><strong>διάσωσμα,</strong></span> <span class='ocrx_word' id='word_1_311' title='bbox 3605 684 3791 751; x_wconf 79' lang='grc' dir='ltr'><strong>ἐγγυη-</strong></span> 
     </span>
    </p>
   </div>
   <div class='ocr_carea' id='block_1_53' title="bbox 2248 772 3792 848">
    <p class='ocr_par' dir='ltr' id='par_1_53' title="bbox 2248 772 3792 848">
     <span class='ocr_line' id='line_1_53' title="bbox 2248 772 3792 848; baseline -0.003 -20"><span class='ocrx_word' id='word_1_312' title='bbox 2248 781 2346 848; x_wconf 80' lang='grc' dir='ltr'><strong>τής</strong></span> <span class='ocrx_word' id='word_1_313' title='bbox 2385 795 2484 848; x_wconf 86' lang='grc' dir='ltr'><strong>μου</strong></span> <span class='ocrx_word' id='word_1_314' title='bbox 2515 777 2697 846; x_wconf 93' lang='grc' dir='ltr'><strong>γενοῦ,</strong></span> <span class='ocrx_word' id='word_1_315' title='bbox 2748 776 2938 845; x_wconf 83' lang='grc' dir='ltr'><strong>Μῆτερ</strong></span> <span class='ocrx_word' id='word_1_316' title='bbox 2970 772 3127 840; x_wconf 89' lang='grc' dir='ltr'><strong>Θεοῦ,</strong></span> <span class='ocrx_word' id='word_1_317' title='bbox 3181 775 3327 837; x_wconf 83' lang='grc' dir='ltr'><strong>ὅπως</strong></span> <span class='ocrx_word' id='word_1_318' title='bbox 3371 773 3679 844; x_wconf 72' lang='grc' dir='ltr'><strong>ἐπιστρέψω</strong></span> <span class='ocrx_word' id='word_1_319' title='bbox 3710 777 3792 825; x_wconf 71' lang='grc' dir='ltr'><strong>καὶ</strong></span> 
     </span>
    </p>
   </div>
   <div class='ocr_carea' id='block_1_54' title="bbox 2249 865 3793 955">
    <p class='ocr_par' dir='ltr' id='par_1_54' title="bbox 2249 865 3793 955">
     <span class='ocr_line' id='line_1_54' title="bbox 2249 865 3793 955; baseline -0.003 -33"><span class='ocrx_word' id='word_1_320' title='bbox 2249 871 2562 940; x_wconf 79' lang='grc' dir='ltr'><strong>κομίσωμαι</strong></span> <span class='ocrx_word' id='word_1_321' title='bbox 2608 869 2771 955; x_wconf 50' lang='grc' dir='ltr'><strong>λύσιν’</strong></span> <span class='ocrx_word' id='word_1_322' title='bbox 2795 867 2902 921; x_wconf 81' lang='grc' dir='ltr'><strong>τῶν</strong></span> <span class='ocrx_word' id='word_1_323' title='bbox 2953 869 3468 938; x_wconf 82' lang='grc' dir='ltr'><strong>προημαρτημένων</strong></span> <span class='ocrx_word' id='word_1_324' title='bbox 3513 869 3570 920; x_wconf 86' lang='grc' dir='ltr'><strong>ἐν</strong></span> <span class='ocrx_word' id='word_1_325' title='bbox 3614 865 3793 934; x_wconf 75' lang='grc' dir='ltr'><strong>γνώσει</strong></span> 
     </span>
    </p>
   </div>
   <div class='ocr_carea' id='block_1_55' title="bbox 2250 943 2755 1032">
    <p class='ocr_par' dir='ltr' id='par_1_55' title="bbox 2250 943 2755 1032">
     <span class='ocr_line' id='line_1_55' title="bbox 2250 943 2755 1032; baseline 0 -18"><span class='ocrx_word' id='word_1_326' title='bbox 2250 963 2338 1014; x_wconf 74' lang='grc' dir='ltr'><strong>καὶ</strong></span> <span class='ocrx_word' id='word_1_327' title='bbox 2367 962 2577 1032; x_wconf 72' lang='grc' dir='ltr'><strong>ἀγνοίᾳ.</strong></span> <span class='ocrx_word' id='word_1_328' title='bbox 2750 943 2755 949; x_wconf 30' lang='grc' dir='ltr'><strong>ί</strong></span> 
     </span>
    </p>
   </div>
   <div class='ocr_carea' id='block_1_56' title="bbox 2322 1047 3794 1120">
    <p class='ocr_par' dir='ltr' id='par_1_56' title="bbox 2322 1047 3794 1120">
     <span class='ocr_line' id='line_1_56' title="bbox 2322 1047 3794 1120; baseline -0.004 -17"><span class='ocrx_word' id='word_1_329' title='bbox 2322 1051 2584 1119; x_wconf 74' lang='grc' dir='ltr'><strong>’Υψωσας</strong></span> <span class='ocrx_word' id='word_1_330' title='bbox 2635 1051 2782 1120; x_wconf 78' lang='grc' dir='ltr'><strong>ἡμᾶς</strong></span> <span class='ocrx_word' id='word_1_331' title='bbox 2838 1049 2914 1119; x_wconf 77' lang='grc' dir='ltr'><strong>τῷ</strong></span> <span class='ocrx_word' id='word_1_332' title='bbox 2963 1047 3150 1120; x_wconf 67' lang='grc' dir='ltr'><strong>ὑψηλῷ</strong></span> <span class='ocrx_word' id='word_1_333' title='bbox 3186 1065 3276 1100; x_wconf 85' lang='grc' dir='ltr'><strong>σου</strong></span> <span class='ocrx_word' id='word_1_334' title='bbox 3323 1049 3465 1116; x_wconf 83' lang='grc' dir='ltr'><strong>τόκῳ</strong></span> <span class='ocrx_word' id='word_1_335' title='bbox 3523 1048 3794 1118; x_wconf 74' lang='grc' dir='ltr'><strong>βαράθρων</strong></span> 
     </span>
    </p>
   </div>
   <div class='ocr_carea' id='block_1_57' title="bbox 2254 1139 3796 1211">
    <p class='ocr_par' dir='ltr' id='par_1_57' title="bbox 2254 1139 3796 1211">
     <span class='ocr_line' id='line_1_57' title="bbox 2254 1139 3796 1211; baseline -0.005 -16"><span class='ocrx_word' id='word_1_336' title='bbox 2254 1141 2648 1211; x_wconf 76' lang='grc' dir='ltr'><strong>συμπτώσεως,</strong></span> <span class='ocrx_word' id='word_1_337' title='bbox 2701 1141 3093 1210; x_wconf 84' lang='grc' dir='ltr'><strong>Θεοχαρίτωτε,</strong></span> <span class='ocrx_word' id='word_1_338' title='bbox 3127 1140 3248 1191; x_wconf 79' lang='grc' dir='ltr'><strong>ὅθεν</strong></span> <span class='ocrx_word' id='word_1_339' title='bbox 3297 1139 3500 1206; x_wconf 82' lang='grc' dir='ltr'><strong>φωναῖς</strong></span> <span class='ocrx_word' id='word_1_340' title='bbox 3550 1152 3608 1188; x_wconf 88' lang='grc' dir='ltr'><strong>σε</strong></span> <span class='ocrx_word' id='word_1_341' title='bbox 3655 1150 3796 1207; x_wconf 80' lang='grc' dir='ltr'><strong>χαρι-</strong></span> 
     </span>
    </p>
   </div>
   <div class='ocr_carea' id='block_1_58' title="bbox 2254 1228 3796 1302">
    <p class='ocr_par' dir='ltr' id='par_1_58' title="bbox 2254 1228 3796 1302">
     <span class='ocr_line' id='line_1_58' title="bbox 2254 1228 3796 1302; baseline -0.004 -18"><span class='ocrx_word' id='word_1_342' title='bbox 2254 1233 2498 1302; x_wconf 83' lang='grc' dir='ltr'><strong>στηρίοις</strong></span> <span class='ocrx_word' id='word_1_343' title='bbox 2557 1232 2761 1296; x_wconf 81' lang='grc' dir='ltr'><strong>πίστει,</strong></span> <span class='ocrx_word' id='word_1_344' title='bbox 2821 1231 2993 1301; x_wconf 84' lang='grc' dir='ltr'><strong>Κόρη,</strong></span> <span class='ocrx_word' id='word_1_345' title='bbox 3046 1228 3413 1298; x_wconf 81' lang='grc' dir='ltr'><strong>ἀνυμνοῦμεν,</strong></span> <span class='ocrx_word' id='word_1_346' title='bbox 3471 1228 3550 1290; x_wconf 82' lang='grc' dir='ltr'><strong>είς</strong></span> <span class='ocrx_word' id='word_1_347' title='bbox 3606 1228 3796 1286; x_wconf 72' lang='grc' dir='ltr'><strong>πάντας</strong></span> 
     </span>
    </p>
   </div>
   <div class='ocr_carea' id='block_1_59' title="bbox 2252 1324 2634 1386">
    <p class='ocr_par' dir='ltr' id='par_1_59' title="bbox 2252 1324 2634 1386">
     <span class='ocr_line' id='line_1_59' title="bbox 2252 1324 2634 1386; baseline -0.003 -9"><span class='ocrx_word' id='word_1_348' title='bbox 2252 1326 2375 1386; x_wconf 84' lang='grc' dir='ltr'><strong>τοὺς</strong></span> <span class='ocrx_word' id='word_1_349' title='bbox 2411 1324 2634 1385; x_wconf 81' lang='grc' dir='ltr'><strong>αἰῶνας.</strong></span> 
     </span>
    </p>
   </div>
   <div class='ocr_carea' id='block_1_60' title="bbox 2323 1407 3799 1482">
    <p class='ocr_par' dir='ltr' id='par_1_60' title="bbox 2323 1407 3799 1482">
     <span class='ocr_line' id='line_1_60' title="bbox 2323 1407 3799 1482; baseline -0.006 -16"><span class='ocrx_word' id='word_1_350' title='bbox 2323 1413 2623 1482; x_wconf 75' lang='grc' dir='ltr'><strong>Φωτοειδὴς</strong></span> <span class='ocrx_word' id='word_1_351' title='bbox 2655 1413 2873 1481; x_wconf 76' lang='grc' dir='ltr'><strong>νεφέλη,</strong></span> <span class='ocrx_word' id='word_1_352' title='bbox 2899 1412 3282 1482; x_wconf 84' lang='grc' dir='ltr'><strong>προηγουμένη</strong></span> <span class='ocrx_word' id='word_1_353' title='bbox 3333 1409 3455 1461; x_wconf 84' lang='grc' dir='ltr'><strong>νέου</strong></span> <span class='ocrx_word' id='word_1_354' title='bbox 3497 1407 3626 1460; x_wconf 83' lang='grc' dir='ltr'><strong>λαοῦ</strong></span> <span class='ocrx_word' id='word_1_355' title='bbox 3675 1407 3799 1476; x_wconf 71' lang='grc' dir='ltr'><strong>πρὸς</strong></span> 
     </span>
    </p>
   </div>
   <div class='ocr_carea' id='block_1_61' title="bbox 2253 1501 3799 1574">
    <p class='ocr_par' dir='ltr' id='par_1_61' title="bbox 2253 1501 3799 1574">
     <span class='ocr_line' id='line_1_61' title="bbox 2253 1501 3799 1574; baseline -0.004 -17"><span class='ocrx_word' id='word_1_356' title='bbox 2253 1505 2357 1574; x_wconf 85' lang='grc' dir='ltr'><strong>γῆν</strong></span> <span class='ocrx_word' id='word_1_357' title='bbox 2397 1504 2732 1571; x_wconf 76' lang='grc' dir='ltr'><strong>ἐπαγγελίας</strong></span> <span class='ocrx_word' id='word_1_358' title='bbox 2776 1503 3011 1571; x_wconf 80' lang='grc' dir='ltr'><strong>ἀληθῶς,</strong></span> <span class='ocrx_word' id='word_1_359' title='bbox 3059 1502 3450 1571; x_wconf 85' lang='grc' dir='ltr'><strong>Θεοχαρίτωτε,</strong></span> <span class='ocrx_word' id='word_1_360' title='bbox 3478 1501 3799 1569; x_wconf 71' lang='grc' dir='ltr'><strong>ἀνεδείχῦης,</strong></span> 
     </span>
    </p>
   </div>
   <div class='ocr_carea' id='block_1_62' title="bbox 2253 1592 3804 1664">
    <p class='ocr_par' dir='ltr' id='par_1_62' title="bbox 2253 1592 3804 1664">
     <span class='ocr_line' id='line_1_62' title="bbox 2253 1592 3804 1664; baseline -0.003 -17"><span class='ocrx_word' id='word_1_361' title='bbox 2253 1597 2347 1647; x_wconf 71' lang='grc' dir='ltr'><strong>καὶ</strong></span> <span class='ocrx_word' id='word_1_362' title='bbox 2402 1595 2542 1664; x_wconf 88' lang='grc' dir='ltr'><strong>πύλη</strong></span> <span class='ocrx_word' id='word_1_363' title='bbox 2591 1596 2886 1663; x_wconf 74' lang='grc' dir='ltr'><strong>εἰσάγουσα</strong></span> <span class='ocrx_word' id='word_1_364' title='bbox 2933 1595 3067 1663; x_wconf 76' lang='grc' dir='ltr'><strong>πρὸς</strong></span> <span class='ocrx_word' id='word_1_365' title='bbox 3120 1594 3263 1663; x_wconf 74' lang='grc' dir='ltr'><strong>ζωήν</strong></span> <span class='ocrx_word' id='word_1_366' title='bbox 3291 1610 3304 1623; x_wconf 85' lang='grc'><strong>·</strong></span> <span class='ocrx_word' id='word_1_367' title='bbox 3337 1593 3415 1647; x_wconf 84' lang='grc' dir='ltr'><strong>διό</strong></span> <span class='ocrx_word' id='word_1_368' title='bbox 3449 1611 3529 1658; x_wconf 89' lang='grc' dir='ltr'><strong>σε,</strong></span> <span class='ocrx_word' id='word_1_369' title='bbox 3565 1592 3804 1653; x_wconf 80' lang='grc' dir='ltr'><strong>Θεοτόκε,</strong></span> 
     </span>
    </p>
   </div>
   <div class='ocr_carea' id='block_1_63' title="bbox 2257 1684 2653 1754">
    <p class='ocr_par' dir='ltr' id='par_1_63' title="bbox 2257 1684 2653 1754">
     <span class='ocr_line' id='line_1_63' title="bbox 2257 1684 2653 1754; baseline 0 -18"><span class='ocrx_word' id='word_1_370' title='bbox 2257 1684 2653 1754; x_wconf 87' lang='grc' dir='ltr'><strong>μεγαλύνομεν.</strong></span> 
     </span>
    </p>
   </div>
   <div class='ocr_carea' id='block_1_64' title="bbox 2189 1766 3804 1844">
    <p class='ocr_par' dir='ltr' id='par_1_64' title="bbox 2189 1766 3804 1844">
     <span class='ocr_line' id='line_1_64' title="bbox 2189 1766 3804 1844; baseline -0.002 -22"><span class='ocrx_word' id='word_1_371' title='bbox 2189 1768 2227 1821; x_wconf 82' lang='grc' dir='ltr'>Β</span> <span class='ocrx_word' id='word_1_372' title='bbox 2327 1773 2642 1844; x_wconf 82' lang='grc' dir='ltr'><strong>Φωτοφόρον</strong></span> <span class='ocrx_word' id='word_1_373' title='bbox 2691 1772 2791 1843; x_wconf 77' lang='grc' dir='ltr'><strong>ὅχη</strong></span> <span class='ocrx_word' id='word_1_374' title='bbox 2803 1790 2876 1842; x_wconf 88' lang='grc' dir='ltr'><strong>μα</strong></span> <span class='ocrx_word' id='word_1_375' title='bbox 2905 1766 3002 1825; x_wconf 85' lang='grc' dir='ltr'><strong>τοῦ</strong></span> <span class='ocrx_word' id='word_1_376' title='bbox 3034 1770 3216 1825; x_wconf 80' lang='grc' dir='ltr'><strong>Ἠλίου</strong></span> <span class='ocrx_word' id='word_1_377' title='bbox 3243 1770 3430 1842; x_wconf 78' lang='grc' dir='ltr'><strong>ὤφθης</strong></span> <span class='ocrx_word' id='word_1_378' title='bbox 3462 1769 3678 1839; x_wconf 78' lang='grc' dir='ltr'><strong>ἀληθῶς</strong></span> <span class='ocrx_word' id='word_1_379' title='bbox 3721 1770 3804 1821; x_wconf 66' lang='grc' dir='ltr'><strong>τοῦ</strong></span> 
     </span>
    </p>
   </div>
   <div class='ocr_carea' id='block_1_65' title="bbox 2261 1863 3807 1935">
    <p class='ocr_par' dir='ltr' id='par_1_65' title="bbox 2261 1863 3807 1935">
     <span class='ocr_line' id='line_1_65' title="bbox 2261 1863 3807 1935; baseline -0.003 -18"><span class='ocrx_word' id='word_1_380' title='bbox 2261 1866 2571 1935; x_wconf 76' lang='grc' dir='ltr'><strong>λάμψαντος</strong></span> <span class='ocrx_word' id='word_1_381' title='bbox 2599 1867 2660 1918; x_wconf 79' lang='grc' dir='ltr'><strong>ἐκ</strong></span> <span class='ocrx_word' id='word_1_382' title='bbox 2684 1865 2791 1919; x_wconf 85' lang='grc' dir='ltr'><strong>τῶν</strong></span> <span class='ocrx_word' id='word_1_383' title='bbox 2825 1865 2954 1927; x_wconf 88' lang='grc' dir='ltr'><strong>σῶν,</strong></span> <span class='ocrx_word' id='word_1_384' title='bbox 2977 1864 3211 1935; x_wconf 81' lang='grc' dir='ltr'><strong>ἅχραντε</strong></span> <span class='ocrx_word' id='word_1_385' title='bbox 3240 1864 3400 1934; x_wconf 76' lang='grc' dir='ltr'><strong>ἁγνὴ,</strong></span> <span class='ocrx_word' id='word_1_386' title='bbox 3429 1863 3688 1930; x_wconf 83' lang='grc' dir='ltr'><strong>λαγόνων,</strong></span> <span class='ocrx_word' id='word_1_387' title='bbox 3722 1864 3807 1913; x_wconf 79' lang='grc' dir='ltr'><strong>καὶ</strong></span> 
     </span>
    </p>
   </div>
   <div class='ocr_carea' id='block_1_66' title="bbox 2261 1953 3808 2026">
    <p class='ocr_par' dir='ltr' id='par_1_66' title="bbox 2261 1953 3808 2026">
     <span class='ocr_line' id='line_1_66' title="bbox 2261 1953 3808 2026; baseline -0.002 -18"><span class='ocrx_word' id='word_1_388' title='bbox 2261 1957 2519 2020; x_wconf 75' lang='grc' dir='ltr'><strong>λύσαντος</strong></span> <span class='ocrx_word' id='word_1_389' title='bbox 2546 1957 2643 2026; x_wconf 82' lang='grc' dir='ltr'><strong>τῆς</strong></span> <span class='ocrx_word' id='word_1_390' title='bbox 2687 1956 2901 2024; x_wconf 78' lang='grc' dir='ltr'><strong>ἀπάτης</strong></span> <span class='ocrx_word' id='word_1_391' title='bbox 2951 1956 3138 2019; x_wconf 81' lang='grc' dir='ltr'><strong>σκότος</strong></span> <span class='ocrx_word' id='word_1_392' title='bbox 3167 1953 3406 2024; x_wconf 83' lang='grc' dir='ltr'><strong>χαλεπόν</strong></span> <span class='ocrx_word' id='word_1_393' title='bbox 3429 1966 3445 1983; x_wconf 87' lang='grc'><strong>·</strong></span> <span class='ocrx_word' id='word_1_394' title='bbox 3480 1953 3602 2007; x_wconf 83' lang='grc' dir='ltr'><strong>ὅθεν</strong></span> <span class='ocrx_word' id='word_1_395' title='bbox 3642 1954 3698 2006; x_wconf 79' lang='grc' dir='ltr'><strong>ἐν</strong></span> <span class='ocrx_word' id='word_1_396' title='bbox 3727 1954 3808 2004; x_wconf 80' lang='grc' dir='ltr'><strong>πὶ-</strong></span> 
     </span>
    </p>
   </div>
   <div class='ocr_carea' id='block_1_67' title="bbox 2263 2047 3247 2119">
    <p class='ocr_par' dir='ltr' id='par_1_67' title="bbox 2263 2047 3247 2119">
     <span class='ocr_line' id='line_1_67' title="bbox 2263 2047 3247 2119; baseline -0.001 -17"><span class='ocrx_word' id='word_1_397' title='bbox 2263 2066 2377 2102; x_wconf 89' lang='grc' dir='ltr'><strong>στει</strong></span> <span class='ocrx_word' id='word_1_398' title='bbox 2410 2066 2467 2101; x_wconf 89' lang='grc' dir='ltr'><strong>σε</strong></span> <span class='ocrx_word' id='word_1_399' title='bbox 2503 2049 2822 2119; x_wconf 86' lang='grc' dir='ltr'><strong>καταχρέως</strong></span> <span class='ocrx_word' id='word_1_400' title='bbox 2850 2047 3247 2118; x_wconf 83' lang='grc' dir='ltr'><strong>μεγαλύνομεν.</strong></span> 
     </span>
    </p>
   </div>
   <div class='ocr_carea' id='block_1_68' title="bbox 2271 2156 3807 2227">
    <p class='ocr_par' dir='ltr' id='par_1_68' title="bbox 2271 2156 3807 2227">
     <span class='ocr_line' id='line_1_68' title="bbox 2271 2156 3807 2227; baseline -0.004 -13"><span class='ocrx_word' id='word_1_401' title='bbox 2271 2161 2371 2214; x_wconf 83' lang='grc' dir='ltr'><strong>Ἐκ</strong></span> <span class='ocrx_word' id='word_1_402' title='bbox 2397 2160 2501 2213; x_wconf 87' lang='grc' dir='ltr'><strong>τοῦ</strong></span> <span class='ocrx_word' id='word_1_403' title='bbox 2529 2160 2784 2224; x_wconf 77' lang='grc' dir='ltr'><strong>κανόνος</strong></span> <span class='ocrx_word' id='word_1_404' title='bbox 2812 2157 2921 2226; x_wconf 83' lang='grc' dir='ltr'><strong>τῆς</strong></span> <span class='ocrx_word' id='word_1_405' title='bbox 2953 2157 3235 2227; x_wconf 78' lang='grc' dir='ltr'><strong>τετάρτης</strong></span> <span class='ocrx_word' id='word_1_406' title='bbox 3266 2158 3353 2223; x_wconf 81' lang='grc' dir='ltr'><strong>εὶς</strong></span> <span class='ocrx_word' id='word_1_407' title='bbox 3414 2156 3520 2209; x_wconf 73' lang='grc' dir='ltr'><strong>τὸν</strong></span> <span class='ocrx_word' id='word_1_408' title='bbox 3552 2157 3807 2225; x_wconf 75' lang='grc' dir='ltr'><strong>Ὀρθρον.</strong></span> 
     </span>
    </p>
   </div>
   <div class='ocr_carea' id='block_1_69' title="bbox 2332 2265 3810 2335">
    <p class='ocr_par' dir='ltr' id='par_1_69' title="bbox 2332 2265 3810 2335">
     <span class='ocr_line' id='line_1_69' title="bbox 2332 2265 3810 2335; baseline -0.004 -16"><span class='ocrx_word' id='word_1_409' title='bbox 2332 2268 2460 2319; x_wconf 79' lang='grc' dir='ltr'><strong>Ὅτε</strong></span> <span class='ocrx_word' id='word_1_410' title='bbox 2482 2267 2573 2319; x_wconf 83' lang='grc' dir='ltr'><strong>τὸν</strong></span> <span class='ocrx_word' id='word_1_411' title='bbox 2607 2267 2669 2318; x_wconf 84' lang='grc' dir='ltr'><strong>ἐκ</strong></span> <span class='ocrx_word' id='word_1_412' title='bbox 2703 2266 2936 2335; x_wconf 88' lang='grc' dir='ltr'><strong>γαστρός</strong></span> <span class='ocrx_word' id='word_1_413' title='bbox 3005 2283 3098 2318; x_wconf 83' lang='grc' dir='ltr'><strong>σου</strong></span> <span class='ocrx_word' id='word_1_414' title='bbox 3147 2265 3406 2334; x_wconf 82' lang='grc' dir='ltr'><strong>τεχθέντα</strong></span> <span class='ocrx_word' id='word_1_415' title='bbox 3447 2265 3651 2335; x_wconf 82' lang='grc' dir='ltr'><strong>Κύριον</strong></span> <span class='ocrx_word' id='word_1_416' title='bbox 3691 2281 3810 2315; x_wconf 82' lang='grc' dir='ltr'><strong>κατ-</strong></span> 
     </span>
    </p>
   </div>
   <div class='ocr_carea' id='block_1_70' title="bbox 2263 2354 3812 2426">
    <p class='ocr_par' dir='ltr' id='par_1_70' title="bbox 2263 2354 3812 2426">
     <span class='ocr_line' id='line_1_70' title="bbox 2263 2354 3812 2426; baseline -0.004 -16"><span class='ocrx_word' id='word_1_417' title='bbox 2263 2357 2489 2426; x_wconf 87' lang='grc' dir='ltr'><strong>ενόησας</strong></span> <span class='ocrx_word' id='word_1_418' title='bbox 2511 2355 2649 2424; x_wconf 80' lang='grc' dir='ltr'><strong>ξύλῳ</strong></span> <span class='ocrx_word' id='word_1_419' title='bbox 2676 2355 2874 2418; x_wconf 82' lang='grc' dir='ltr'><strong>ἀδίκως</strong></span> <span class='ocrx_word' id='word_1_420' title='bbox 2896 2354 3284 2424; x_wconf 80' lang='grc' dir='ltr'><strong>ἀνυψούμενον,</strong></span> <span class='ocrx_word' id='word_1_421' title='bbox 3313 2355 3576 2423; x_wconf 86' lang='grc' dir='ltr'><strong>Παρθένε,</strong></span> <span class='ocrx_word' id='word_1_422' title='bbox 3600 2354 3812 2420; x_wconf 77' lang='grc' dir='ltr'><strong>ἐδάκρυ-</strong></span> 
     </span>
    </p>
   </div>
   <div class='ocr_carea' id='block_1_71' title="bbox 2262 2440 3811 2512">
    <p class='ocr_par' dir='ltr' id='par_1_71' title="bbox 2262 2440 3811 2512">
     <span class='ocr_line' id='line_1_71' title="bbox 2262 2440 3811 2512; baseline -0.003 -15"><span class='ocrx_word' id='word_1_423' title='bbox 2262 2462 2380 2507; x_wconf 88' lang='grc' dir='ltr'><strong>σας,</strong></span> <span class='ocrx_word' id='word_1_424' title='bbox 2409 2445 2500 2496; x_wconf 86' lang='grc' dir='ltr'><strong>κα“ι</strong></span> <span class='ocrx_word' id='word_1_425' title='bbox 2528 2443 2717 2496; x_wconf 83' lang='grc' dir='ltr'><strong>τούτου</strong></span> <span class='ocrx_word' id='word_1_426' title='bbox 2758 2441 3005 2512; x_wconf 81' lang='grc' dir='ltr'><strong>ῦμνησας</strong></span> <span class='ocrx_word' id='word_1_427' title='bbox 3036 2442 3200 2506; x_wconf 76' lang='grc' dir='ltr'><strong>ὄντως</strong></span> <span class='ocrx_word' id='word_1_428' title='bbox 3233 2440 3330 2511; x_wconf 82' lang='grc' dir='ltr'><strong>τὴν</strong></span> <span class='ocrx_word' id='word_1_429' title='bbox 3363 2441 3590 2511; x_wconf 75' lang='grc' dir='ltr'><strong>ἄπειρον</strong></span> <span class='ocrx_word' id='word_1_430' title='bbox 3617 2457 3811 2510; x_wconf 79' lang='grc' dir='ltr'><strong>συγκα-</strong></span> 
     </span>
    </p>
   </div>
   <div class='ocr_carea' id='block_1_72' title="bbox 2260 2537 2506 2590">
    <p class='ocr_par' dir='ltr' id='par_1_72' title="bbox 2260 2537 2506 2590">
     <span class='ocr_line' id='line_1_72' title="bbox 2260 2537 2506 2590; baseline -0.008 0"><span class='ocrx_word' id='word_1_431' title='bbox 2260 2537 2395 2590; x_wconf 79' lang='grc' dir='ltr'><strong>τάὅα</strong></span> <span class='ocrx_word' id='word_1_432' title='bbox 2404 2554 2506 2588; x_wconf 88' lang='grc' dir='ltr'><strong>σιν.</strong></span> 
     </span>
    </p>
   </div>
   <div class='ocr_carea' id='block_1_73' title="bbox 2341 2624 3810 2697">
    <p class='ocr_par' dir='ltr' id='par_1_73' title="bbox 2341 2624 3810 2697">
     <span class='ocr_line' id='line_1_73' title="bbox 2341 2624 3810 2697; baseline -0.003 -17"><span class='ocrx_word' id='word_1_433' title='bbox 2341 2626 2633 2697; x_wconf 81' lang='grc' dir='ltr'><strong>’Υμνοῦσιν</strong></span> <span class='ocrx_word' id='word_1_434' title='bbox 2655 2626 2934 2694; x_wconf 74' lang='grc' dir='ltr'><strong>ἀγγελικοὶ</strong></span> <span class='ocrx_word' id='word_1_435' title='bbox 2961 2625 3110 2696; x_wconf 87' lang='grc' dir='ltr'><strong>χοροί</strong></span> <span class='ocrx_word' id='word_1_436' title='bbox 3147 2642 3227 2690; x_wconf 89' lang='grc' dir='ltr'><strong>σε,</strong></span> <span class='ocrx_word' id='word_1_437' title='bbox 3261 2624 3578 2694; x_wconf 82' lang='grc' dir='ltr'><strong>πανύμνητε</strong></span> <span class='ocrx_word' id='word_1_438' title='bbox 3599 2665 3614 2690; x_wconf 89' lang='grc'><strong>,</strong></span> <span class='ocrx_word' id='word_1_439' title='bbox 3651 2625 3810 2689; x_wconf 82' lang='grc' dir='ltr'><strong>ἀσυγ-</strong></span> 
     </span>
    </p>
   </div>
   <div class='ocr_carea' id='block_1_74' title="bbox 2263 2714 3814 2787">
    <p class='ocr_par' dir='ltr' id='par_1_74' title="bbox 2263 2714 3814 2787">
     <span class='ocr_line' id='line_1_74' title="bbox 2263 2714 3814 2787; baseline -0.003 -18"><span class='ocrx_word' id='word_1_440' title='bbox 2263 2718 2462 2787; x_wconf 88' lang='grc' dir='ltr'><strong>κρίτως</strong></span> <span class='ocrx_word' id='word_1_441' title='bbox 2492 2718 2712 2778; x_wconf 85' lang='grc' dir='ltr'><strong>τούτους</strong></span> <span class='ocrx_word' id='word_1_442' title='bbox 2742 2717 2838 2787; x_wconf 81' lang='grc' dir='ltr'><strong>τὴν</strong></span> <span class='ocrx_word' id='word_1_443' title='bbox 2871 2716 3263 2786; x_wconf 70' lang='grc' dir='ltr'><strong>ὑπερέχουσανο</strong></span> <span class='ocrx_word' id='word_1_444' title='bbox 3298 2716 3521 2777; x_wconf 87' lang='grc' dir='ltr'><strong>τέτοκας</strong></span> <span class='ocrx_word' id='word_1_445' title='bbox 3547 2714 3656 2784; x_wconf 82' lang='grc' dir='ltr'><strong>γὰρ</strong></span> <span class='ocrx_word' id='word_1_446' title='bbox 3694 2714 3814 2766; x_wconf 71' lang='grc' dir='ltr'><strong>Θεὸν</strong></span> 
     </span>
    </p>
   </div>
   <div class='ocr_carea' id='block_1_75' title="bbox 2263 2805 3812 2877">
    <p class='ocr_par' dir='ltr' id='par_1_75' title="bbox 2263 2805 3812 2877">
     <span class='ocr_line' id='line_1_75' title="bbox 2263 2805 3812 2877; baseline -0.001 -17"><span class='ocrx_word' id='word_1_447' title='bbox 2263 2811 2320 2860; x_wconf 85' lang='grc' dir='ltr'><strong>ἐν</strong></span> <span class='ocrx_word' id='word_1_448' title='bbox 2368 2809 2568 2876; x_wconf 69' lang='grc' dir='ltr'><strong>σαρκὶ,</strong></span> <span class='ocrx_word' id='word_1_449' title='bbox 2618 2807 2708 2860; x_wconf 78' lang='grc' dir='ltr'><strong>τὸν</strong></span> <span class='ocrx_word' id='word_1_450' title='bbox 2746 2807 2887 2877; x_wconf 77' lang='grc' dir='ltr'><strong>ξύλῳ</strong></span> <span class='ocrx_word' id='word_1_451' title='bbox 2931 2806 3030 2875; x_wconf 83' lang='grc' dir='ltr'><strong>τὴν</strong></span> <span class='ocrx_word' id='word_1_452' title='bbox 3072 2806 3311 2875; x_wconf 78' lang='grc' dir='ltr'><strong>κατάραν</strong></span> <span class='ocrx_word' id='word_1_453' title='bbox 3363 2806 3462 2876; x_wconf 82' lang='grc' dir='ltr'><strong>τὴν</strong></span> <span class='ocrx_word' id='word_1_454' title='bbox 3517 2806 3604 2859; x_wconf 80' lang='grc' dir='ltr'><strong>διὰ</strong></span> <span class='ocrx_word' id='word_1_455' title='bbox 3670 2805 3812 2870; x_wconf 75' lang='grc' dir='ltr'><strong>ξζλου</strong></span> 
     </span>
    </p>
   </div>
   <div class='ocr_carea' id='block_1_76' title="bbox 2264 2897 3540 2968">
    <p class='ocr_par' dir='ltr' id='par_1_76' title="bbox 2264 2897 3540 2968">
     <span class='ocr_line' id='line_1_76' title="bbox 2264 2897 3540 2968; baseline -0.002 -16"><span class='ocrx_word' id='word_1_456' title='bbox 2264 2899 2598 2968; x_wconf 80' lang='grc' dir='ltr'><strong>ἀφανίσαντα</strong></span> <span class='ocrx_word' id='word_1_457' title='bbox 2624 2936 2638 2963; x_wconf 94' lang='grc'><strong>,</strong></span> <span class='ocrx_word' id='word_1_458' title='bbox 2669 2899 2758 2952; x_wconf 86' lang='grc' dir='ltr'><strong>καὶ</strong></span> <span class='ocrx_word' id='word_1_459' title='bbox 2786 2897 2883 2968; x_wconf 78' lang='grc' dir='ltr'><strong>τὴν</strong></span> <span class='ocrx_word' id='word_1_460' title='bbox 2913 2897 3164 2966; x_wconf 81' lang='grc' dir='ltr'><strong>εὐλογίαν</strong></span> <span class='ocrx_word' id='word_1_461' title='bbox 3195 2897 3540 2965; x_wconf 71' lang='grc' dir='ltr'><strong>πηγάςσαντα.</strong></span> 
     </span>
    </p>
   </div>
   <div class='ocr_carea' id='block_1_77' title="bbox 2346 3073 3817 3146">
    <p class='ocr_par' dir='ltr' id='par_1_77' title="bbox 2346 3073 3817 3146">
     <span class='ocr_line' id='line_1_77' title="bbox 2346 3073 3817 3146; baseline -0.003 -17"><span class='ocrx_word' id='word_1_462' title='bbox 2346 3075 2633 3146; x_wconf 75' lang='grc' dir='ltr'><strong>Ῥομφαία,</strong></span> <span class='ocrx_word' id='word_1_463' title='bbox 2662 3076 2963 3146; x_wconf 83' lang='grc' dir='ltr'><strong>Θεομῆτορ,</strong></span> <span class='ocrx_word' id='word_1_464' title='bbox 2988 3073 3169 3142; x_wconf 79' lang='grc' dir='ltr'><strong>διῆλθέ</strong></span> <span class='ocrx_word' id='word_1_465' title='bbox 3199 3089 3315 3135; x_wconf 89' lang='grc' dir='ltr'><strong>σου,</strong></span> <span class='ocrx_word' id='word_1_466' title='bbox 3342 3073 3705 3144; x_wconf 83' lang='grc' dir='ltr'><strong>εὐλογημένη.</strong></span> <span class='ocrx_word' id='word_1_467' title='bbox 3731 3073 3817 3135; x_wconf 75' lang='grc' dir='ltr'><strong>τὴν</strong></span> 
     </span>
    </p>
   </div>
   <div class='ocr_carea' id='block_1_78' title="bbox 2264 3162 3817 3235">
    <p class='ocr_par' dir='ltr' id='par_1_78' title="bbox 2264 3162 3817 3235">
     <span class='ocr_line' id='line_1_78' title="bbox 2264 3162 3817 3235; baseline -0.003 -17"><span class='ocrx_word' id='word_1_468' title='bbox 2264 3166 2463 3235; x_wconf 76' lang='grc' dir='ltr'><strong>ψυχὴν,</strong></span> <span class='ocrx_word' id='word_1_469' title='bbox 2497 3165 2659 3234; x_wconf 81' lang='grc' dir='ltr'><strong>ἡνίκα</strong></span> <span class='ocrx_word' id='word_1_470' title='bbox 2689 3162 2825 3227; x_wconf 73' lang='grc' dir='ltr'><strong>εἶδες</strong></span> <span class='ocrx_word' id='word_1_471' title='bbox 2853 3163 3253 3234; x_wconf 87' lang='grc' dir='ltr'><strong>σταυρούμενον</strong></span> <span class='ocrx_word' id='word_1_472' title='bbox 3286 3164 3375 3216; x_wconf 82' lang='grc' dir='ltr'><strong>τὸν</strong></span> <span class='ocrx_word' id='word_1_473' title='bbox 3409 3165 3498 3216; x_wconf 81' lang='grc' dir='ltr'><strong>σὺν</strong></span> <span class='ocrx_word' id='word_1_474' title='bbox 3538 3165 3667 3216; x_wconf 82' lang='grc' dir='ltr'><strong>Υίδν</strong></span> <span class='ocrx_word' id='word_1_475' title='bbox 3692 3202 3707 3229; x_wconf 85' lang='grc'><strong>,</strong></span> <span class='ocrx_word' id='word_1_476' title='bbox 3735 3163 3817 3215; x_wconf 76' lang='grc' dir='ltr'><strong>καὶ</strong></span> 
     </span>
    </p>
   </div>
   <div class='ocr_carea' id='block_1_79' title="bbox 2264 3255 3610 3326">
    <p class='ocr_par' dir='ltr' id='par_1_79' title="bbox 2264 3255 3610 3326">
     <span class='ocr_line' id='line_1_79' title="bbox 2264 3255 3610 3326; baseline -0.001 -16"><span class='ocrx_word' id='word_1_477' title='bbox 2264 3260 2342 3320; x_wconf 82' lang='grc' dir='ltr'><strong>εἰς</strong></span> <span class='ocrx_word' id='word_1_478' title='bbox 2370 3259 2552 3326; x_wconf 78' lang='grc' dir='ltr'><strong>χεῖρας</strong></span> <span class='ocrx_word' id='word_1_479' title='bbox 2581 3256 2758 3325; x_wconf 78' lang='grc' dir='ltr'><strong>ψυχὴν</strong></span> <span class='ocrx_word' id='word_1_480' title='bbox 2784 3255 2881 3318; x_wconf 84' lang='grc' dir='ltr'><strong>τὰς</strong></span> <span class='ocrx_word' id='word_1_481' title='bbox 2915 3256 3187 3325; x_wconf 72' lang='grc' dir='ltr'><strong>πατρικὰς</strong></span> <span class='ocrx_word' id='word_1_482' title='bbox 3215 3255 3610 3324; x_wconf 83' lang='grc' dir='ltr'><strong>παραθέμενον.</strong></span> 
     </span>
    </p>
   </div>
   <div class='ocr_carea' id='block_1_80' title="bbox 2336 3425 3818 3503">
    <p class='ocr_par' dir='ltr' id='par_1_80' title="bbox 2336 3425 3818 3503">
     <span class='ocr_line' id='line_1_80' title="bbox 2336 3425 3818 3503; baseline -0.003 -24"><span class='ocrx_word' id='word_1_483' title='bbox 2336 3427 2401 3479; x_wconf 79' lang='grc' dir='ltr'><strong>Σὲ</strong></span> <span class='ocrx_word' id='word_1_484' title='bbox 2437 3427 2533 3496; x_wconf 77' lang='grc' dir='ltr'><strong>τὴν</strong></span> <span class='ocrx_word' id='word_1_485' title='bbox 2568 3427 2972 3496; x_wconf 84' lang='grc' dir='ltr'><strong>παναμώμητον</strong></span> <span class='ocrx_word' id='word_1_486' title='bbox 3015 3426 3150 3479; x_wconf 85' lang='grc' dir='ltr'><strong>Θεοῦ</strong></span> <span class='ocrx_word' id='word_1_487' title='bbox 3194 3429 3558 3498; x_wconf 83' lang='grc' dir='ltr'><strong>Λοχεύτριαν,</strong></span> <span class='ocrx_word' id='word_1_488' title='bbox 3584 3431 3653 3484; x_wconf 81' lang='grc' dir='ltr'><strong>δι’</strong></span> <span class='ocrx_word' id='word_1_489' title='bbox 3696 3425 3760 3503; x_wconf 74' lang='grc' dir='ltr'><strong>ἧς</strong></span> <span class='ocrx_word' id='word_1_490' title='bbox 3790 3435 3818 3500; x_wconf 68' lang='grc' dir='ltr'><strong>ἡ</strong></span> 
     </span>
    </p>
   </div>
   <div class='ocr_carea' id='block_1_81' title="bbox 2268 3516 3821 3592">
    <p class='ocr_par' dir='ltr' id='par_1_81' title="bbox 2268 3516 3821 3592">
     <span class='ocr_line' id='line_1_81' title="bbox 2268 3516 3821 3592; baseline 0.003 -23"><span class='ocrx_word' id='word_1_491' title='bbox 2268 3517 2479 3585; x_wconf 86' lang='grc' dir='ltr'><strong>καταρά</strong></span> <span class='ocrx_word' id='word_1_492' title='bbox 2511 3516 2908 3587; x_wconf 79' lang='grc' dir='ltr'><strong>ἀπεστειρὼθη,</strong></span> <span class='ocrx_word' id='word_1_493' title='bbox 2941 3519 3032 3570; x_wconf 76' lang='grc' dir='ltr'><strong>καὶ</strong></span> <span class='ocrx_word' id='word_1_494' title='bbox 3065 3519 3097 3586; x_wconf 81' lang='grc' dir='ltr'><strong>ὴ</strong></span> <span class='ocrx_word' id='word_1_495' title='bbox 3135 3518 3512 3589; x_wconf 87' lang='grc' dir='ltr'><strong>ἀπολύτρωσις</strong></span> <span class='ocrx_word' id='word_1_496' title='bbox 3547 3522 3640 3574; x_wconf 74' lang='grc' dir='ltr'><strong>καὶ</strong></span> <span class='ocrx_word' id='word_1_497' title='bbox 3673 3525 3706 3592; x_wconf 73' lang='grc' dir='ltr'>ἡ</span> <span class='ocrx_word' id='word_1_498' title='bbox 3740 3524 3821 3574; x_wconf 68' lang='grc' dir='ltr'><strong>εἰ·</strong></span> 
     </span>
    </p>
   </div>
   <div class='ocr_carea' id='block_1_82' title="bbox 2266 3608 3054 3678">
    <p class='ocr_par' dir='ltr' id='par_1_82' title="bbox 2266 3608 3054 3678">
     <span class='ocr_line' id='line_1_82' title="bbox 2266 3608 3054 3678; baseline 0.004 -18"><span class='ocrx_word' id='word_1_499' title='bbox 2266 3608 2420 3676; x_wconf 80' lang='grc' dir='ltr'><strong>λογίσ.</strong></span> <span class='ocrx_word' id='word_1_500' title='bbox 2451 3609 2626 3678; x_wconf 86' lang='grc' dir='ltr'><strong>ἐδόθη,</strong></span> <span class='ocrx_word' id='word_1_501' title='bbox 2661 3608 3054 3677; x_wconf 77' lang='grc' dir='ltr'><strong>μακαρίζομεν.</strong></span> 
     </span>
    </p>
   </div>
   <div class='ocr_carea' id='block_1_83' title="bbox 2336 3699 3818 3772">
    <p class='ocr_par' dir='ltr' id='par_1_83' title="bbox 2336 3699 3818 3772">
     <span class='ocr_line' id='line_1_83' title="bbox 2336 3699 3818 3772; baseline 0.002 -21"><span class='ocrx_word' id='word_1_502' title='bbox 2336 3699 2656 3769; x_wconf 80' lang='grc' dir='ltr'><strong>Θαυμαστὸς</strong></span> <span class='ocrx_word' id='word_1_503' title='bbox 2685 3700 2712 3751; x_wconf 87' lang='grc' dir='ltr'><strong>ό</strong></span> <span class='ocrx_word' id='word_1_504' title='bbox 2738 3699 2893 3761; x_wconf 80' lang='grc' dir='ltr'><strong>τόκος</strong></span> <span class='ocrx_word' id='word_1_505' title='bbox 2924 3715 3038 3764; x_wconf 90' lang='grc' dir='ltr'><strong>σου,</strong></span> <span class='ocrx_word' id='word_1_506' title='bbox 3058 3701 3086 3752; x_wconf 87' lang='grc' dir='ltr'><strong>ό</strong></span> <span class='ocrx_word' id='word_1_507' title='bbox 3109 3700 3322 3770; x_wconf 81' lang='grc' dir='ltr'><strong>μεγάλα</strong></span> <span class='ocrx_word' id='word_1_508' title='bbox 3350 3700 3603 3772; x_wconf 87' lang='grc' dir='ltr'><strong>θαύματα</strong></span> <span class='ocrx_word' id='word_1_509' title='bbox 3631 3706 3818 3769; x_wconf 81' lang='grc' dir='ltr'><strong>ποιῶν,</strong></span> 
     </span>
    </p>
   </div>
   <div class='ocr_carea' id='block_1_84' title="bbox 2267 3787 3822 3864">
    <p class='ocr_par' dir='ltr' id='par_1_84' title="bbox 2267 3787 3822 3864">
     <span class='ocr_line' id='line_1_84' title="bbox 2267 3787 3822 3864; baseline 0.003 -21"><span class='ocrx_word' id='word_1_510' title='bbox 2267 3791 2359 3844; x_wconf 73' lang='grc' dir='ltr'><strong>καὶ</strong></span> <span class='ocrx_word' id='word_1_511' title='bbox 2392 3791 2449 3841; x_wconf 85' lang='grc' dir='ltr'><strong>ἐν</strong></span> <span class='ocrx_word' id='word_1_512' title='bbox 2477 3792 2585 3852; x_wconf 85' lang='grc' dir='ltr'><strong>τοῖς</strong></span> <span class='ocrx_word' id='word_1_513' title='bbox 2615 3790 2785 3857; x_wconf 84' lang='grc' dir='ltr'><strong>ἁγίοις</strong></span> <span class='ocrx_word' id='word_1_514' title='bbox 2812 3787 3163 3859; x_wconf 76' lang='grc' dir='ltr'><strong>δοξαζόμενος</strong></span> <span class='ocrx_word' id='word_1_515' title='bbox 3183 3831 3198 3856; x_wconf 95' lang='grc'><strong>,</strong></span> <span class='ocrx_word' id='word_1_516' title='bbox 3228 3791 3454 3846; x_wconf 82' lang='grc' dir='ltr'><strong>Θεοτόκε</strong></span> <span class='ocrx_word' id='word_1_517' title='bbox 3476 3832 3490 3857; x_wconf 91' lang='grc'><strong>,</strong></span> <span class='ocrx_word' id='word_1_518' title='bbox 3525 3794 3663 3864; x_wconf 85' lang='grc' dir='ltr'><strong>μόνη</strong></span> <span class='ocrx_word' id='word_1_519' title='bbox 3695 3811 3822 3849; x_wconf 76' lang='grc' dir='ltr'><strong>παν-</strong></span> 
     </span>
    </p>
   </div>
   <div class='ocr_carea' id='block_1_85' title="bbox 2267 3881 2852 3949">
    <p class='ocr_par' dir='ltr' id='par_1_85' title="bbox 2267 3881 2852 3949">
     <span class='ocr_line' id='line_1_85' title="bbox 2267 3881 2852 3949; baseline 0.005 -16"><span class='ocrx_word' id='word_1_520' title='bbox 2267 3881 2546 3949; x_wconf 85' lang='grc' dir='ltr'><strong>θαύμαστε</strong></span> <span class='ocrx_word' id='word_1_521' title='bbox 2570 3881 2852 3936; x_wconf 82' lang='grc' dir='ltr'><strong>Δέσποινα.</strong></span> 
     </span>
    </p>
   </div>
   <div class='ocr_carea' id='block_1_86' title="bbox 2336 3972 3819 4046">
    <p class='ocr_par' dir='ltr' id='par_1_86' title="bbox 2336 3972 3819 4046">
     <span class='ocr_line' id='line_1_86' title="bbox 2336 3972 3819 4046; baseline 0.002 -22"><span class='ocrx_word' id='word_1_522' title='bbox 2336 3974 2472 4042; x_wconf 85' lang='grc' dir='ltr'><strong>Ξὲνη</strong></span> <span class='ocrx_word' id='word_1_523' title='bbox 2517 3988 2609 4023; x_wconf 88' lang='grc' dir='ltr'><strong>σου</strong></span> <span class='ocrx_word' id='word_1_524' title='bbox 2656 3972 2969 4042; x_wconf 77' lang='grc' dir='ltr'><strong>ήγέννησις</strong></span> <span class='ocrx_word' id='word_1_525' title='bbox 3013 3973 3282 4044; x_wconf 81' lang='grc' dir='ltr'><strong>ὑπάρχει,</strong></span> <span class='ocrx_word' id='word_1_526' title='bbox 3311 3975 3653 4046; x_wconf 67' lang='grc' dir='ltr'><strong>πανάμωμεο</strong></span> <span class='ocrx_word' id='word_1_527' title='bbox 3700 3977 3819 4030; x_wconf 65' lang='grc' dir='ltr'><strong>Θεό-υ</strong></span> 
     </span>
    </p>
   </div>
   <div class='ocr_carea' id='block_1_87' title="bbox 2269 4060 3819 4137">
    <p class='ocr_par' dir='ltr' id='par_1_87' title="bbox 2269 4060 3819 4137">
     <span class='ocr_line' id='line_1_87' title="bbox 2269 4060 3819 4137; baseline 0.005 -24"><span class='ocrx_word' id='word_1_528' title='bbox 2269 4063 2376 4132; x_wconf 81' lang='grc' dir='ltr'><strong>γὰρ</strong></span> <span class='ocrx_word' id='word_1_529' title='bbox 2424 4060 2662 4130; x_wconf 85' lang='grc' dir='ltr'><strong>ἐκύησας</strong></span> <span class='ocrx_word' id='word_1_530' title='bbox 2707 4062 2796 4114; x_wconf 79' lang='grc' dir='ltr'><strong>τὸν</strong></span> <span class='ocrx_word' id='word_1_531' title='bbox 2832 4061 2971 4133; x_wconf 84' lang='grc' dir='ltr'><strong>ξύλῳ</strong></span> <span class='ocrx_word' id='word_1_532' title='bbox 3003 4066 3317 4134; x_wconf 84' lang='grc' dir='ltr'><strong>μαράναντα</strong></span> <span class='ocrx_word' id='word_1_533' title='bbox 3370 4065 3467 4136; x_wconf 75' lang='grc' dir='ltr'><strong>τὴν</strong></span> <span class='ocrx_word' id='word_1_534' title='bbox 3513 4068 3688 4135; x_wconf 73' lang='grc' dir='ltr'><strong>φλόγα</strong></span> <span class='ocrx_word' id='word_1_535' title='bbox 3735 4072 3819 4137; x_wconf 74' lang='grc' dir='ltr'><strong>τῆς</strong></span> 
     </span>
    </p>
   </div>
   <div class='ocr_carea' id='block_1_88' title="bbox 2269 4153 3299 4225">
    <p class='ocr_par' dir='ltr' id='par_1_88' title="bbox 2269 4153 3299 4225">
     <span class='ocr_line' id='line_1_88' title="bbox 2269 4153 3299 4225; baseline 0.006 -21"><span class='ocrx_word' id='word_1_536' title='bbox 2269 4153 2486 4216; x_wconf 85' lang='grc' dir='ltr'><strong>κακίας,</strong></span> <span class='ocrx_word' id='word_1_537' title='bbox 2521 4154 2613 4205; x_wconf 76' lang='grc' dir='ltr'><strong>καὶ</strong></span> <span class='ocrx_word' id='word_1_538' title='bbox 2636 4153 2939 4221; x_wconf 80' lang='grc' dir='ltr'><strong>φωτίσαντα</strong></span> <span class='ocrx_word' id='word_1_539' title='bbox 2960 4154 3049 4207; x_wconf 82' lang='grc' dir='ltr'><strong>τὸν</strong></span> <span class='ocrx_word' id='word_1_540' title='bbox 3076 4156 3299 4225; x_wconf 87' lang='grc' dir='ltr'><strong>κόσμον.</strong></span> 
     </span>
    </p>
   </div>
   <div class='ocr_carea' id='block_1_89' title="bbox 2342 4242 3820 4319">
    <p class='ocr_par' dir='ltr' id='par_1_89' title="bbox 2342 4242 3820 4319">
     <span class='ocr_line' id='line_1_89' title="bbox 2342 4242 3820 4319; baseline 0.007 -24"><span class='ocrx_word' id='word_1_541' title='bbox 2342 4243 2557 4296; x_wconf 84' lang='grc' dir='ltr'><strong>Ἰστασο</strong></span> <span class='ocrx_word' id='word_1_542' title='bbox 2584 4242 2818 4313; x_wconf 85' lang='grc' dir='ltr'><strong>σταυρῷ,</strong></span> <span class='ocrx_word' id='word_1_543' title='bbox 2853 4245 3206 4310; x_wconf 85' lang='grc' dir='ltr'><strong>κατανοοῦσα,</strong></span> <span class='ocrx_word' id='word_1_544' title='bbox 3241 4249 3390 4318; x_wconf 83' lang='grc' dir='ltr'><strong>Κόρη</strong></span> <span class='ocrx_word' id='word_1_545' title='bbox 3414 4289 3430 4316; x_wconf 91' lang='grc'><strong>,</strong></span> <span class='ocrx_word' id='word_1_546' title='bbox 3460 4250 3820 4319; x_wconf 71' lang='grc' dir='ltr'><strong>πηγνύμενον,</strong></span> 
     </span>
    </p>
   </div>
   <div class='ocr_carea' id='block_1_90' title="bbox 2270 4337 3823 4411">
    <p class='ocr_par' dir='ltr' id='par_1_90' title="bbox 2270 4337 3823 4411">
     <span class='ocr_line' id='line_1_90' title="bbox 2270 4337 3823 4411; baseline 0.005 -26"><span class='ocrx_word' id='word_1_547' title='bbox 2270 4337 2556 4402; x_wconf 65' lang='grc' dir='ltr'><strong>Δέσποινα,</strong></span> <span class='ocrx_word' id='word_1_548' title='bbox 2583 4337 2815 4404; x_wconf 78' lang='grc' dir='ltr'><strong>Χριστὸν</strong></span> <span class='ocrx_word' id='word_1_549' title='bbox 2837 4337 2895 4390; x_wconf 86' lang='grc' dir='ltr'><strong>ὃν</strong></span> <span class='ocrx_word' id='word_1_550' title='bbox 2919 4338 3122 4400; x_wconf 78' lang='grc' dir='ltr'><strong>ἔτεκες·</strong></span> <span class='ocrx_word' id='word_1_551' title='bbox 3151 4338 3269 4391; x_wconf 78' lang='grc' dir='ltr'><strong>ὅθεν</strong></span> <span class='ocrx_word' id='word_1_552' title='bbox 3296 4339 3475 4402; x_wconf 79' lang='grc' dir='ltr'><strong>ἐϐόας·</strong></span> <span class='ocrx_word' id='word_1_553' title='bbox 3495 4342 3589 4411; x_wconf 76' lang='grc' dir='ltr'><strong>Μὴ</strong></span> <span class='ocrx_word' id='word_1_554' title='bbox 3607 4343 3823 4396; x_wconf 72' lang='grc' dir='ltr'><strong>ἁτεκνόν</strong></span> 
     </span>
    </p>
   </div>
   <div class='ocr_carea' id='block_1_91' title="bbox 610 4418 2161 4500">
    <p class='ocr_par' dir='ltr' id='par_1_91' title="bbox 610 4418 2158 4496">
     <span class='ocr_line' id='line_1_91' title="bbox 610 4418 2158 4496; baseline 0.005 -27"><span class='ocrx_word' id='word_1_555' title='bbox 610 4427 829 4485; x_wconf 85' lang='lat' dir='ltr'><strong>propter</strong></span> <span class='ocrx_word' id='word_1_556' title='bbox 859 4420 1242 4485; x_wconf 81' lang='lat' dir='ltr'><strong>exclamabas;</strong></span> <span class='ocrx_word' id='word_1_557' title='bbox 1272 4418 1349 4474; x_wconf 87' lang='lat' dir='ltr'><strong>Ne</strong></span> <span class='ocrx_word' id='word_1_558' title='bbox 1380 4435 1465 4474; x_wconf 89' lang='lat' dir='ltr'><strong>me</strong></span> <span class='ocrx_word' id='word_1_559' title='bbox 1508 4420 1656 4489; x_wconf 91' lang='lat' dir='ltr'><strong>prole</strong></span> <span class='ocrx_word' id='word_1_560' title='bbox 1686 4432 1959 4476; x_wconf 87' lang='lat' dir='ltr'><strong>carentem</strong></span> <span class='ocrx_word' id='word_1_561' title='bbox 1990 4421 2158 4496; x_wconf 81' lang='lat' dir='ltr'><strong>relin-</strong></span> 
     </span>
    </p>
   </div>
   <div class='ocr_carea' id='block_1_92' title="bbox 2269 4418 3726 4500">
    <p class='ocr_par' dir='ltr' id='par_1_92' title="bbox 2273 4427 3726 4500">
     <span class='ocr_line' id='line_1_92' title="bbox 2273 4427 3726 4500; baseline 0.005 -21"><span class='ocrx_word' id='word_1_562' title='bbox 2273 4444 2338 4497; x_wconf 83' lang='grc' dir='ltr'><strong>με</strong></span> <span class='ocrx_word' id='word_1_563' title='bbox 2364 4427 2561 4499; x_wconf 79' lang='grc' dir='ltr'><strong>δείξῃς,</strong></span> <span class='ocrx_word' id='word_1_564' title='bbox 2589 4429 2788 4498; x_wconf 83' lang='grc' dir='ltr'><strong>ἀναρχε</strong></span> <span class='ocrx_word' id='word_1_565' title='bbox 2811 4430 3044 4500; x_wconf 85' lang='grc' dir='ltr'><strong>ἀνάρχου</strong></span> <span class='ocrx_word' id='word_1_566' title='bbox 3073 4430 3283 4499; x_wconf 79' lang='grc' dir='ltr'><strong>[ἰατρὸς</strong></span> <span class='ocrx_word' id='word_1_567' title='bbox 3312 4429 3409 4484; x_wconf 83' lang='grc' dir='ltr'><strong>Υίέ</strong></span> <span class='ocrx_word' id='word_1_568' title='bbox 3440 4433 3534 4484; x_wconf 70' lang='grc' dir='ltr'><strong>καὶ</strong></span> <span class='ocrx_word' id='word_1_569' title='bbox 3561 4433 3726 4500; x_wconf 82' lang='grc' dir='ltr'><strong>Λὸγε.</strong></span> 
     </span>
    </p>
   </div>
   <div class='ocr_carea' id='block_1_93' title="bbox 610 4511 1971 4576">
    <p class='ocr_par' dir='ltr' id='par_1_93' title="bbox 610 4511 1971 4576">
     <span class='ocr_line' id='line_1_93' title="bbox 610 4511 1971 4576; baseline 0.004 -16"><span class='ocrx_word' id='word_1_570' title='bbox 610 4523 766 4576; x_wconf 88' lang='lat' dir='ltr'><strong>quas,</strong></span> <span class='ocrx_word' id='word_1_571' title='bbox 795 4524 827 4562; x_wconf 90' lang='grc' dir='ltr'><strong>ο</strong></span> <span class='ocrx_word' id='word_1_572' title='bbox 856 4520 1053 4563; x_wconf 72' lang='lat' dir='ltr'><strong>aeterne</strong></span> <span class='ocrx_word' id='word_1_573' title='bbox 1076 4511 1260 4563; x_wconf 63' lang='lat' dir='ltr'><strong>aeterni</strong></span> <span class='ocrx_word' id='word_1_574' title='bbox 1297 4511 1468 4566; x_wconf 79' lang='lat' dir='ltr'><strong>Patris</strong></span> <span class='ocrx_word' id='word_1_575' title='bbox 1503 4513 1602 4566; x_wconf 86' lang='lat' dir='ltr'><strong>Fili</strong></span> <span class='ocrx_word' id='word_1_576' title='bbox 1633 4522 1684 4566; x_wconf 91' lang='lat' dir='ltr'><strong>et</strong></span> <span class='ocrx_word' id='word_1_577' title='bbox 1715 4512 1971 4566; x_wconf 89' lang='lat' dir='ltr'><strong>Verbum.</strong></span> 
     </span>
    </p>
   </div>
   <div class='ocr_carea' id='block_1_94' title="bbox 681 4600 2169 4672">
    <p class='ocr_par' dir='ltr' id='par_1_94' title="bbox 681 4600 2169 4672">
     <span class='ocr_line' id='line_1_94' title="bbox 681 4600 2169 4672; baseline 0.004 -19"><span class='ocrx_word' id='word_1_578' title='bbox 681 4600 1048 4653; x_wconf 81' lang='lat' dir='ltr'><strong>Plantatorem</strong></span> <span class='ocrx_word' id='word_1_579' title='bbox 1086 4600 1363 4668; x_wconf 79' lang='lat' dir='ltr'><strong>religionis</strong></span> <span class='ocrx_word' id='word_1_580' title='bbox 1393 4617 1454 4655; x_wconf 90' lang='lat' dir='ltr'><strong>ac</strong></span> <span class='ocrx_word' id='word_1_581' title='bbox 1479 4603 1713 4670; x_wconf 88' lang='lat' dir='ltr'><strong>pietatis,</strong></span> <span class='ocrx_word' id='word_1_582' title='bbox 1743 4605 1918 4672; x_wconf 85' lang='lat' dir='ltr'><strong>ipsum</strong></span> <span class='ocrx_word' id='word_1_583' title='bbox 1964 4605 2169 4659; x_wconf 87' lang='lat' dir='ltr'><strong>scilicet</strong></span> 
     </span>
    </p>
   </div>
   <div class='ocr_carea' id='block_1_95' title="bbox 609 4691 2162 4760">
    <p class='ocr_par' dir='ltr' id='par_1_95' title="bbox 609 4691 2162 4760">
     <span class='ocr_line' id='line_1_95' title="bbox 609 4691 2162 4760; baseline 0.003 -16"><span class='ocrx_word' id='word_1_584' title='bbox 609 4691 944 4753; x_wconf 84' lang='lat' dir='ltr'><strong>Creatorem,</strong></span> <span class='ocrx_word' id='word_1_585' title='bbox 980 4691 1255 4758; x_wconf 87' lang='lat' dir='ltr'><strong>peperisti,</strong></span> <span class='ocrx_word' id='word_1_586' title='bbox 1287 4692 1377 4760; x_wconf 87' lang='lat' dir='ltr'><strong>qui</strong></span> <span class='ocrx_word' id='word_1_587' title='bbox 1416 4691 1467 4744; x_wconf 91' lang='lat' dir='ltr'><strong>in</strong></span> <span class='ocrx_word' id='word_1_588' title='bbox 1496 4695 1653 4752; x_wconf 87' lang='lat' dir='ltr'><strong>terris</strong></span> <span class='ocrx_word' id='word_1_589' title='bbox 1681 4709 1856 4747; x_wconf 84' lang='lat' dir='ltr'><strong>veram</strong></span> <span class='ocrx_word' id='word_1_590' title='bbox 1884 4697 2162 4748; x_wconf 89' lang='lat' dir='ltr'><strong>scientiam</strong></span> 
     </span>
    </p>
   </div>
   <div class='ocr_carea' id='block_1_96' title="bbox 611 4783 2162 4855">
    <p class='ocr_par' dir='ltr' id='par_1_96' title="bbox 611 4783 2162 4855">
     <span class='ocr_line' id='line_1_96' title="bbox 611 4783 2162 4855; baseline 0.003 -19"><span class='ocrx_word' id='word_1_591' title='bbox 611 4783 895 4851; x_wconf 84' lang='lat' dir='ltr'><strong>plantavit,</strong></span> <span class='ocrx_word' id='word_1_592' title='bbox 929 4793 982 4835; x_wconf 88' lang='lat' dir='ltr'><strong>et</strong></span> <span class='ocrx_word' id='word_1_593' title='bbox 1021 4784 1454 4838; x_wconf 88' lang='lat' dir='ltr'><strong>maledictionem</strong></span> <span class='ocrx_word' id='word_1_594' title='bbox 1478 4825 1492 4849; x_wconf 93' lang='lat'><strong>,</strong></span> <span class='ocrx_word' id='word_1_595' title='bbox 1525 4800 1645 4853; x_wconf 76' lang='lat' dir='ltr'><strong>quae</strong></span> <span class='ocrx_word' id='word_1_596' title='bbox 1672 4801 1737 4839; x_wconf 78' lang='lat' dir='ltr'><strong>ex</strong></span> <span class='ocrx_word' id='word_1_597' title='bbox 1775 4789 1953 4854; x_wconf 87' lang='lat' dir='ltr'><strong>planta</strong></span> <span class='ocrx_word' id='word_1_598' title='bbox 1983 4788 2162 4855; x_wconf 87' lang='lat' dir='ltr'><strong>pullu-</strong></span> 
     </span>
    </p>
   </div>
   <div class='ocr_carea' id='block_1_97' title="bbox 613 4874 2172 4945">
    <p class='ocr_par' dir='ltr' id='par_1_97' title="bbox 613 4874 2172 4945">
     <span class='ocr_line' id='line_1_97' title="bbox 613 4874 2172 4945; baseline 0.004 -20"><span class='ocrx_word' id='word_1_599' title='bbox 613 4875 838 4938; x_wconf 87' lang='lat' dir='ltr'><strong>laverat,</strong></span> <span class='ocrx_word' id='word_1_600' title='bbox 889 4874 1182 4928; x_wconf 86' lang='lat' dir='ltr'><strong>dissolvit:</strong></span> <span class='ocrx_word' id='word_1_601' title='bbox 1240 4890 1398 4944; x_wconf 89' lang='lat' dir='ltr'><strong>quem</strong></span> <span class='ocrx_word' id='word_1_602' title='bbox 1451 4877 1616 4944; x_wconf 78' lang='lat'><strong>278</strong></span> <span class='ocrx_word' id='word_1_603' title='bbox 1676 4876 1802 4929; x_wconf 91' lang='lat' dir='ltr'><strong>dum</strong></span> <span class='ocrx_word' id='word_1_604' title='bbox 1861 4878 2172 4945; x_wconf 79' lang='lat' dir='ltr'><strong>magniﬁca-</strong></span> 
     </span>
    </p>
   </div>
   <div class='ocr_carea' id='block_1_98' title="bbox 612 4965 1994 5036">
    <p class='ocr_par' dir='ltr' id='par_1_98' title="bbox 612 4965 1994 5036">
     <span class='ocr_line' id='line_1_98' title="bbox 612 4965 1994 5036; baseline 0.001 -17"><span class='ocrx_word' id='word_1_605' title='bbox 612 4983 754 5031; x_wconf 85' lang='lat' dir='ltr'><strong>mus,</strong></span> <span class='ocrx_word' id='word_1_606' title='bbox 783 4975 832 5019; x_wconf 87' lang='lat' dir='ltr'><strong>te</strong></span> <span class='ocrx_word' id='word_1_607' title='bbox 852 4982 1086 5035; x_wconf 82' lang='lat' dir='ltr'><strong>quoque,</strong></span> <span class='ocrx_word' id='word_1_608' title='bbox 1125 4982 1157 5020; x_wconf 94' lang='lat' dir='ltr'><strong>o</strong></span> <span class='ocrx_word' id='word_1_609' title='bbox 1188 4965 1371 5036; x_wconf 79' lang='lat' dir='ltr'><strong>Virgo,</strong></span> <span class='ocrx_word' id='word_1_610' title='bbox 1405 4967 1613 5021; x_wconf 86' lang='lat' dir='ltr'><strong>beatam</strong></span> <span class='ocrx_word' id='word_1_611' title='bbox 1648 4967 1994 5036; x_wconf 84' lang='lat' dir='ltr'><strong>appellamus.</strong></span> 
     </span>
    </p>
   </div>
   <div class='ocr_carea' id='block_1_99' title="bbox 684 5085 2168 5158">
    <p class='ocr_par' dir='ltr' id='par_1_99' title="bbox 684 5085 2168 5158">
     <span class='ocr_line' id='line_1_99' title="bbox 684 5085 2168 5158; baseline 0.003 -20"><span class='ocrx_word' id='word_1_612' title='bbox 684 5086 792 5152; x_wconf 70' lang='lat'><strong>(27)</strong></span> <span class='ocrx_word' id='word_1_613' title='bbox 829 5085 892 5137; x_wconf 87' lang='lat' dir='ltr'><strong>Et</strong></span> <span class='ocrx_word' id='word_1_614' title='bbox 923 5088 1136 5158; x_wconf 84' lang='lat' dir='ltr'><strong>quidem</strong></span> <span class='ocrx_word' id='word_1_615' title='bbox 1181 5088 1376 5143; x_wconf 87' lang='lat' dir='ltr'><strong>decens</strong></span> <span class='ocrx_word' id='word_1_616' title='bbox 1423 5088 1646 5158; x_wconf 86' lang='lat' dir='ltr'><strong>omnino</strong></span> <span class='ocrx_word' id='word_1_617' title='bbox 1678 5089 1796 5149; x_wconf 89' lang='lat' dir='ltr'><strong>fuit,</strong></span> <span class='ocrx_word' id='word_1_618' title='bbox 1828 5099 1882 5141; x_wconf 88' lang='lat' dir='ltr'><strong>ut</strong></span> <span class='ocrx_word' id='word_1_619' title='bbox 1926 5090 2168 5143; x_wconf 85' lang='lat' dir='ltr'><strong>Christus</strong></span> 
     </span>
    </p>
   </div>
   <div class='ocr_carea' id='block_1_100' title="bbox 616 5155 2170 5224">
    <p class='ocr_par' dir='ltr' id='par_1_100' title="bbox 616 5155 2170 5224">
     <span class='ocr_line' id='line_1_100' title="bbox 616 5155 2170 5224; baseline 0.003 -18"><span class='ocrx_word' id='word_1_620' title='bbox 616 5155 904 5208; x_wconf 81' lang='lat' dir='ltr'><strong>fabricator</strong></span> <span class='ocrx_word' id='word_1_621' title='bbox 953 5156 1134 5210; x_wconf 84' lang='lat' dir='ltr'><strong>Matris</strong></span> <span class='ocrx_word' id='word_1_622' title='bbox 1172 5174 1301 5224; x_wconf 69' lang='lat' dir='ltr'><strong>sum,</strong></span> <span class='ocrx_word' id='word_1_623' title='bbox 1329 5155 1691 5211; x_wconf 23' lang='lat' dir='ltr'><strong>eani’l&#39;aceret</strong></span> <span class='ocrx_word' id='word_1_624' title='bbox 1737 5161 2170 5212; x_wconf 84' lang='lat' dir='ltr'><strong>immaculatissi-</strong></span> 
     </span>
    </p>
   </div>
   <div class='ocr_carea' id='block_1_101' title="bbox 617 5227 2171 5296">
    <p class='ocr_par' dir='ltr' id='par_1_101' title="bbox 617 5227 2171 5296">
     <span class='ocr_line' id='line_1_101' title="bbox 617 5227 2171 5296; baseline 0.005 -22"><span class='ocrx_word' id='word_1_625' title='bbox 617 5233 778 5285; x_wconf 79' lang='lat' dir='ltr'><strong>inani,</strong></span> <span class='ocrx_word' id='word_1_626' title='bbox 808 5235 857 5277; x_wconf 88' lang='lat' dir='ltr'><strong>et</strong></span> <span class='ocrx_word' id='word_1_627' title='bbox 879 5227 967 5276; x_wconf 89' lang='lat' dir='ltr'><strong>tali</strong></span> <span class='ocrx_word' id='word_1_628' title='bbox 1004 5227 1280 5280; x_wconf 85' lang='lat' dir='ltr'><strong>decoraret</strong></span> <span class='ocrx_word' id='word_1_629' title='bbox 1312 5239 1544 5296; x_wconf 81' lang='lat' dir='ltr'><strong>puritate</strong></span> <span class='ocrx_word' id='word_1_630' title='bbox 1577 5240 1633 5279; x_wconf 82' lang='lat' dir='ltr'><strong>ut</strong></span> <span class='ocrx_word' id='word_1_631' title='bbox 1680 5238 1820 5280; x_wconf 87' lang='lat' dir='ltr'><strong>esset</strong></span> <span class='ocrx_word' id='word_1_632' title='bbox 1861 5239 1979 5294; x_wconf 83' lang='lat' dir='ltr'><strong>apta</strong></span> <span class='ocrx_word' id='word_1_633' title='bbox 2015 5237 2063 5280; x_wconf 87' lang='lat' dir='ltr'><strong>et</strong></span> <span class='ocrx_word' id='word_1_634' title='bbox 2091 5230 2171 5281; x_wconf 88' lang='lat' dir='ltr'><strong>di-</strong></span> 
     </span>
    </p>
   </div>
   <div class='ocr_carea' id='block_1_102' title="bbox 619 5296 2171 5363">
    <p class='ocr_par' dir='ltr' id='par_1_102' title="bbox 619 5296 2171 5363">
     <span class='ocr_line' id='line_1_102' title="bbox 619 5296 2171 5363; baseline 0.005 -21"><span class='ocrx_word' id='word_1_635' title='bbox 619 5310 718 5359; x_wconf 69' lang='lat' dir='ltr'><strong>gna</strong></span> <span class='ocrx_word' id='word_1_636' title='bbox 754 5296 814 5344; x_wconf 87' lang='lat' dir='ltr'><strong>de</strong></span> <span class='ocrx_word' id='word_1_637' title='bbox 853 5310 954 5361; x_wconf 86' lang='lat' dir='ltr'><strong>qua</strong></span> <span class='ocrx_word' id='word_1_638' title='bbox 983 5310 1196 5348; x_wconf 89' lang='lat' dir='ltr'><strong>carnem</strong></span> <span class='ocrx_word' id='word_1_639' title='bbox 1237 5307 1556 5355; x_wconf 87' lang='lat' dir='ltr'><strong>assumeret,</strong></span> <span class='ocrx_word' id='word_1_640' title='bbox 1591 5311 1656 5349; x_wconf 91' lang='lat' dir='ltr'><strong>ne</strong></span> <span class='ocrx_word' id='word_1_641' title='bbox 1710 5297 2075 5363; x_wconf 82' lang='lat' dir='ltr'><strong>despiceretur</strong></span> <span class='ocrx_word' id='word_1_642' title='bbox 2105 5299 2171 5350; x_wconf 88' lang='lat' dir='ltr'><strong>ab</strong></span> 
     </span>
    </p>
   </div>
   <div class='ocr_carea' id='block_1_103' title="bbox 619 5363 2169 5437">
    <p class='ocr_par' dir='ltr' id='par_1_103' title="bbox 619 5363 2169 5437">
     <span class='ocr_line' id='line_1_103' title="bbox 619 5363 2169 5437; baseline 0.006 -28"><span class='ocrx_word' id='word_1_643' title='bbox 619 5363 916 5437; x_wconf 74' lang='lat' dir='ltr'><strong>inﬁdelibus</strong></span> <span class='ocrx_word' id='word_1_644' title='bbox 950 5374 1001 5415; x_wconf 88' lang='lat' dir='ltr'><strong>et</strong></span> <span class='ocrx_word' id='word_1_645' title='bbox 1027 5365 1316 5417; x_wconf 64' lang='lat' dir='ltr'><strong>litereticis.</strong></span> <span class='ocrx_word' id='word_1_646' title='bbox 1344 5366 1408 5437; x_wconf 80' lang='lat' dir='ltr'><strong>Et</strong></span> <span class='ocrx_word' id='word_1_647' title='bbox 1447 5368 1545 5418; x_wconf 86' lang='lat' dir='ltr'><strong>hoc</strong></span> <span class='ocrx_word' id='word_1_648' title='bbox 1569 5366 1759 5432; x_wconf 85' lang='lat' dir='ltr'><strong>probat</strong></span> <span class='ocrx_word' id='word_1_649' title='bbox 1783 5367 2071 5434; x_wconf 78' lang='lat' dir='ltr'><strong>Augustin.</strong></span> <span class='ocrx_word' id='word_1_650' title='bbox 2117 5368 2169 5419; x_wconf 91' lang='lat' dir='ltr'><strong>in</strong></span> 
     </span>
    </p>
   </div>
   <div class='ocr_carea' id='block_1_104' title="bbox 621 5430 2169 5501">
    <p class='ocr_par' dir='ltr' id='par_1_104' title="bbox 621 5430 2169 5501">
     <span class='ocr_line' id='line_1_104' title="bbox 621 5430 2169 5501; baseline 0.006 -22"><span class='ocrx_word' id='word_1_651' title='bbox 621 5430 738 5501; x_wconf 75' lang='lat' dir='ltr'><strong>libr.</strong></span> <span class='ocrx_word' id='word_1_652' title='bbox 777 5445 804 5478; x_wconf 80' lang='grc' dir='ltr'><strong>γ</strong></span> <span class='ocrx_word' id='word_1_653' title='bbox 834 5444 1016 5483; x_wconf 88' lang='lat' dir='ltr'><strong>contra</strong></span> <span class='ocrx_word' id='word_1_654' title='bbox 1049 5440 1298 5494; x_wconf 62' lang='lat' dir='ltr'><strong>haereses,</strong></span> <span class='ocrx_word' id='word_1_655' title='bbox 1349 5436 1535 5487; x_wconf 88' lang='lat' dir='ltr'><strong>dicens</strong></span> <span class='ocrx_word' id='word_1_656' title='bbox 1569 5430 1622 5487; x_wconf 86' lang='lat' dir='ltr'><strong>in</strong></span> <span class='ocrx_word' id='word_1_657' title='bbox 1670 5430 1894 5501; x_wconf 71' lang='lat' dir='ltr'><strong>persona</strong></span> <span class='ocrx_word' id='word_1_658' title='bbox 1924 5437 2121 5488; x_wconf 80' lang='lat' dir='ltr'><strong>Christi</strong></span> <span class='ocrx_word' id='word_1_659' title='bbox 2157 5454 2169 5488; x_wconf 87' lang='lat'><strong>:</strong></span> 
     </span>
    </p>
   </div>
   <div class='ocr_carea' id='block_1_105' title="bbox 626 5497 2160 5569">
    <p class='ocr_par' dir='ltr' id='par_1_105' title="bbox 626 5497 2160 5569">
     <span class='ocr_line' id='line_1_105' title="bbox 626 5497 2160 5569; baseline 0.007 -24"><span class='ocrx_word' id='word_1_660' title='bbox 626 5515 641 5545; x_wconf 79' lang='grc' dir='ltr'><strong>ι</strong></span> <span class='ocrx_word' id='word_1_661' title='bbox 684 5497 988 5569; x_wconf 62' lang='lat' dir='ltr'><strong>llaecquam</strong></span> <span class='ocrx_word' id='word_1_662' title='bbox 1048 5504 1299 5569; x_wconf 85' lang='lat' dir='ltr'><strong>despicis,</strong></span> <span class='ocrx_word' id='word_1_663' title='bbox 1336 5497 1852 5564; x_wconf 39' lang='lat' dir='ltr'><strong>ManicbazefMater</strong></span> <span class='ocrx_word' id='word_1_664' title='bbox 1903 5520 2018 5556; x_wconf 84' lang='lat' dir='ltr'><strong>mea</strong></span> <span class='ocrx_word' id='word_1_665' title='bbox 2061 5516 2160 5566; x_wconf 87' lang='lat' dir='ltr'><strong>est,</strong></span> 
     </span>
    </p>
   </div>
   <div class='ocr_carea' id='block_1_106' title="bbox 623 5567 2166 5641">
    <p class='ocr_par' dir='ltr' id='par_1_106' title="bbox 623 5567 2166 5641">
     <span class='ocr_line' id='line_1_106' title="bbox 623 5567 2166 5641; baseline 0.005 -24"><span class='ocrx_word' id='word_1_666' title='bbox 623 5579 780 5617; x_wconf 88' lang='lat' dir='ltr'><strong>manu</strong></span> <span class='ocrx_word' id='word_1_667' title='bbox 815 5567 1065 5641; x_wconf 68' lang='lat' dir='ltr'><strong>fabricata</strong></span> <span class='ocrx_word' id='word_1_668' title='bbox 1098 5567 1178 5622; x_wconf 79' lang='lat' dir='ltr'><strong>est</strong></span> <span class='ocrx_word' id='word_1_669' title='bbox 1212 5587 1349 5623; x_wconf 85' lang='lat' dir='ltr'><strong>mea.</strong></span> <span class='ocrx_word' id='word_1_670' title='bbox 1382 5572 1521 5641; x_wconf 79' lang='lat' dir='ltr'><strong>Ergo</strong></span> <span class='ocrx_word' id='word_1_671' title='bbox 1561 5574 1778 5626; x_wconf 85' lang='lat' dir='ltr'><strong>Matrem</strong></span> <span class='ocrx_word' id='word_1_672' title='bbox 1812 5588 1874 5625; x_wconf 84' lang='lat' dir='ltr'><strong>cx</strong></span> <span class='ocrx_word' id='word_1_673' title='bbox 1907 5589 2010 5640; x_wconf 82' lang='lat' dir='ltr'><strong>qua</strong></span> <span class='ocrx_word' id='word_1_674' title='bbox 2071 5590 2166 5625; x_wconf 87' lang='lat' dir='ltr'><strong>na-</strong></span> 
     </span>
    </p>
   </div>
   <div class='ocr_carea' id='block_1_107' title="bbox 620 5635 2169 5713">
    <p class='ocr_par' dir='ltr' id='par_1_107' title="bbox 620 5635 2169 5713">
     <span class='ocr_line' id='line_1_107' title="bbox 620 5635 2169 5713; baseline 0.006 -25"><span class='ocrx_word' id='word_1_675' title='bbox 620 5650 820 5702; x_wconf 78' lang='lat' dir='ltr'><strong>Scet‘ct‘,</strong></span> <span class='ocrx_word' id='word_1_676' title='bbox 842 5635 939 5690; x_wconf 89' lang='lat' dir='ltr'><strong>feci</strong></span> <span class='ocrx_word' id='word_1_677' title='bbox 974 5655 1104 5705; x_wconf 68' lang='lat' dir='ltr'><strong>:i-go</strong></span> <span class='ocrx_word' id='word_1_678' title='bbox 1141 5642 1275 5692; x_wconf 84' lang='lat' dir='ltr'><strong>viam</strong></span> <span class='ocrx_word' id='word_1_679' title='bbox 1313 5635 1484 5696; x_wconf 73' lang='lat' dir='ltr'><strong>itineri</strong></span> <span class='ocrx_word' id='word_1_680' title='bbox 1515 5659 1634 5699; x_wconf 88' lang='lat' dir='ltr'><strong>meo</strong></span> <span class='ocrx_word' id='word_1_681' title='bbox 1664 5635 1979 5713; x_wconf 57' lang='lat' dir='ltr'><strong>praeparari,</strong></span> <span class='ocrx_word' id='word_1_682' title='bbox 2018 5660 2033 5691; x_wconf 72' lang='grc' dir='ltr'><strong>ι</strong></span> <span class='ocrx_word' id='word_1_683' title='bbox 2066 5653 2169 5698; x_wconf 81' lang='lat' dir='ltr'><strong>etc.</strong></span> 
     </span>
    </p>
   </div>
   <div class='ocr_carea' id='block_1_108' title="bbox 2333 4608 3823 4684">
    <p class='ocr_par' dir='ltr' id='par_1_108' title="bbox 2333 4608 3823 4684">
     <span class='ocr_line' id='line_1_108' title="bbox 2333 4608 3823 4684; baseline 0.002 -24"><span class='ocrx_word' id='word_1_684' title='bbox 2333 4608 2637 4677; x_wconf 77' lang='grc' dir='ltr'><strong>Φυτουργὸν</strong></span> <span class='ocrx_word' id='word_1_685' title='bbox 2685 4609 2923 4675; x_wconf 87' lang='grc' dir='ltr'><strong>ἐκύησας</strong></span> <span class='ocrx_word' id='word_1_686' title='bbox 2975 4609 3284 4674; x_wconf 76' lang='grc' dir='ltr'><strong>εὐσεϐείας,</strong></span> <span class='ocrx_word' id='word_1_687' title='bbox 3331 4611 3423 4663; x_wconf 80' lang='grc' dir='ltr'><strong>τὸν</strong></span> <span class='ocrx_word' id='word_1_688' title='bbox 3483 4615 3823 4684; x_wconf 67' lang='grc' dir='ltr'><strong>Δημιουργὼ</strong></span> 
     </span>
    </p>
   </div>
   <div class='ocr_carea' id='block_1_109' title="bbox 2271 4699 3824 4774">
    <p class='ocr_par' dir='ltr' id='par_1_109' title="bbox 2271 4699 3824 4774">
     <span class='ocr_line' id='line_1_109' title="bbox 2271 4699 3824 4774; baseline 0.005 -25"><span class='ocrx_word' id='word_1_689' title='bbox 2271 4699 2562 4765; x_wconf 82' lang='grc' dir='ltr'><strong>φυτεύοντα</strong></span> <span class='ocrx_word' id='word_1_690' title='bbox 2591 4699 2683 4752; x_wconf 78' lang='grc' dir='ltr'><strong>ἐπὶ</strong></span> <span class='ocrx_word' id='word_1_691' title='bbox 2708 4699 2808 4766; x_wconf 82' lang='grc' dir='ltr'><strong>γῆς</strong></span> <span class='ocrx_word' id='word_1_692' title='bbox 2848 4700 3047 4766; x_wconf 83' lang='grc' dir='ltr'><strong>γνῶσιν</strong></span> <span class='ocrx_word' id='word_1_693' title='bbox 3078 4699 3251 4770; x_wconf 85' lang='grc' dir='ltr'><strong>ἀληθῆ</strong></span> <span class='ocrx_word' id='word_1_694' title='bbox 3279 4703 3373 4755; x_wconf 80' lang='grc' dir='ltr'><strong>καὶ</strong></span> <span class='ocrx_word' id='word_1_695' title='bbox 3401 4701 3498 4772; x_wconf 84' lang='grc' dir='ltr'><strong>τὴν</strong></span> <span class='ocrx_word' id='word_1_696' title='bbox 3531 4704 3824 4774; x_wconf 71' lang='grc' dir='ltr'><strong>ἐκϐλαστή-</strong></span> 
     </span>
    </p>
   </div>
   <div class='ocr_carea' id='block_1_110' title="bbox 2273 4787 3822 4860">
    <p class='ocr_par' dir='ltr' id='par_1_110' title="bbox 2273 4787 3822 4860">
     <span class='ocr_line' id='line_1_110' title="bbox 2273 4787 3822 4860; baseline 0.005 -22"><span class='ocrx_word' id='word_1_697' title='bbox 2273 4805 2437 4839; x_wconf 75' lang='grc' dir='ltr'><strong>σασαν</strong></span> <span class='ocrx_word' id='word_1_698' title='bbox 2469 4787 2574 4845; x_wconf 71' lang='grc' dir='ltr'><strong>ἀπὸ</strong></span> <span class='ocrx_word' id='word_1_699' title='bbox 2602 4787 2766 4856; x_wconf 83' lang='grc' dir='ltr'><strong>φυτοῦ</strong></span> <span class='ocrx_word' id='word_1_700' title='bbox 2797 4787 2984 4841; x_wconf 88' lang='grc' dir='ltr'><strong>λύοντα</strong></span> <span class='ocrx_word' id='word_1_701' title='bbox 3008 4789 3166 4859; x_wconf 85' lang='grc' dir='ltr'><strong>ἀρὰν,</strong></span> <span class='ocrx_word' id='word_1_702' title='bbox 3198 4791 3255 4843; x_wconf 83' lang='grc' dir='ltr'><strong>ὃν</strong></span> <span class='ocrx_word' id='word_1_703' title='bbox 3291 4789 3716 4860; x_wconf 79' lang='grc' dir='ltr'><strong>μεγαλύνοντες,</strong></span> <span class='ocrx_word' id='word_1_704' title='bbox 3753 4797 3822 4857; x_wconf 81' lang='grc' dir='ltr'><strong>σὲ,</strong></span> 
     </span>
    </p>
   </div>
   <div class='ocr_carea' id='block_1_111' title="bbox 2276 4878 2960 4950">
    <p class='ocr_par' dir='ltr' id='par_1_111' title="bbox 2276 4878 2960 4950">
     <span class='ocr_line' id='line_1_111' title="bbox 2276 4878 2960 4950; baseline 0.007 -21"><span class='ocrx_word' id='word_1_705' title='bbox 2276 4879 2533 4948; x_wconf 81' lang='grc' dir='ltr'><strong>Παρθένε,</strong></span> <span class='ocrx_word' id='word_1_706' title='bbox 2567 4878 2960 4950; x_wconf 77' lang='grc' dir='ltr'><strong>μακαρίζομεν.</strong></span> 
     </span>
    </p>
   </div>
   <div class='ocr_carea' id='block_1_112' title="bbox 2267 5093 3822 5169">
    <p class='ocr_par' dir='ltr' id='par_1_112' title="bbox 2267 5093 3822 5169">
     <span class='ocr_line' id='line_1_112' title="bbox 2267 5093 3822 5169; baseline 0.005 -24"><span class='ocrx_word' id='word_1_707' title='bbox 2267 5094 2322 5146; x_wconf 84' lang='grc' dir='ltr'><strong>1η</strong></span> <span class='ocrx_word' id='word_1_708' title='bbox 2354 5093 2548 5169; x_wconf 74' lang='lat' dir='ltr'><strong>quibus</strong></span> <span class='ocrx_word' id='word_1_709' title='bbox 2581 5094 2779 5169; x_wconf 87' lang='lat' dir='ltr'><strong>_vcrbis</strong></span> <span class='ocrx_word' id='word_1_710' title='bbox 2834 5093 3462 5169; x_wconf 77' lang='lat' dir='ltr'><strong>ostendit_Augustinus,</strong></span> <span class='ocrx_word' id='word_1_711' title='bbox 3492 5101 3646 5166; x_wconf 88' lang='lat' dir='ltr'><strong>quod</strong></span> <span class='ocrx_word' id='word_1_712' title='bbox 3688 5110 3822 5169; x_wconf 83' lang='lat' dir='ltr'><strong>post-</strong></span> 
     </span>
    </p>
   </div>
   <div class='ocr_carea' id='block_1_113' title="bbox 2267 5163 3825 5233">
    <p class='ocr_par' dir='ltr' id='par_1_113' title="bbox 2267 5163 3825 5233">
     <span class='ocr_line' id='line_1_113' title="bbox 2267 5163 3825 5233; baseline 0.005 -22"><span class='ocrx_word' id='word_1_713' title='bbox 2267 5180 2425 5230; x_wconf 88' lang='lat' dir='ltr'><strong>quam</strong></span> <span class='ocrx_word' id='word_1_714' title='bbox 2467 5164 2712 5216; x_wconf 82' lang='lat' dir='ltr'><strong>Christus</strong></span> <span class='ocrx_word' id='word_1_715' title='bbox 2773 5173 3026 5230; x_wconf 88' lang='lat' dir='ltr'><strong>tanquam</strong></span> <span class='ocrx_word' id='word_1_716' title='bbox 3083 5163 3245 5227; x_wconf 75' lang='lat' dir='ltr'><strong>Dens,</strong></span> <span class='ocrx_word' id='word_1_717' title='bbox 3276 5176 3329 5218; x_wconf 89' lang='lat' dir='ltr'><strong>et</strong></span> <span class='ocrx_word' id='word_1_718' title='bbox 3372 5163 3598 5233; x_wconf 73' lang='lat' dir='ltr'><strong>sapiens</strong></span> <span class='ocrx_word' id='word_1_719' title='bbox 3661 5163 3825 5222; x_wconf 64' lang='lat' dir='ltr'><strong>archi-</strong></span> 
     </span>
    </p>
   </div>
   <div class='ocr_carea' id='block_1_114' title="bbox 2268 5233 3823 5303">
    <p class='ocr_par' dir='ltr' id='par_1_114' title="bbox 2268 5233 3823 5303">
     <span class='ocr_line' id='line_1_114' title="bbox 2268 5233 3823 5303; baseline 0.002 -19"><span class='ocrx_word' id='word_1_720' title='bbox 2268 5242 2436 5303; x_wconf 80' lang='lat' dir='ltr'><strong>tectus</strong></span> <span class='ocrx_word' id='word_1_721' title='bbox 2476 5234 2548 5303; x_wconf 82' lang='lat' dir='ltr'><strong>ad</strong></span> <span class='ocrx_word' id='word_1_722' title='bbox 2600 5234 2808 5285; x_wconf 87' lang='lat' dir='ltr'><strong>libitum</strong></span> <span class='ocrx_word' id='word_1_723' title='bbox 2860 5233 3137 5303; x_wconf 72' lang='lat' dir='ltr'><strong>fabricavit</strong></span> <span class='ocrx_word' id='word_1_724' title='bbox 3163 5233 3385 5288; x_wconf 84' lang='lat' dir='ltr'><strong>Matrem</strong></span> <span class='ocrx_word' id='word_1_725' title='bbox 3418 5251 3608 5303; x_wconf 87' lang='lat' dir='ltr'><strong>suam,</strong></span> <span class='ocrx_word' id='word_1_726' title='bbox 3661 5241 3823 5290; x_wconf 69' lang='lat' dir='ltr'><strong>talitrr</strong></span> 
     </span>
    </p>
   </div>
   <div class='ocr_carea' id='block_1_115' title="bbox 2268 5299 3822 5373">
    <p class='ocr_par' dir='ltr' id='par_1_115' title="bbox 2268 5299 3822 5373">
     <span class='ocr_line' id='line_1_115' title="bbox 2268 5299 3822 5373; baseline 0.003 -22"><span class='ocrx_word' id='word_1_727' title='bbox 2268 5318 2382 5373; x_wconf 83' lang='lat' dir='ltr'><strong>eam</strong></span> <span class='ocrx_word' id='word_1_728' title='bbox 2406 5299 2700 5373; x_wconf 71' lang='lat' dir='ltr'><strong>fabricavit</strong></span> <span class='ocrx_word' id='word_1_729' title='bbox 2739 5306 2854 5354; x_wconf 90' lang='lat' dir='ltr'><strong>sine</strong></span> <span class='ocrx_word' id='word_1_730' title='bbox 2905 5300 3084 5370; x_wconf 85' lang='lat' dir='ltr'><strong>aliquo</strong></span> <span class='ocrx_word' id='word_1_731' title='bbox 3136 5305 3365 5366; x_wconf 85' lang='lat' dir='ltr'><strong>defeetu,</strong></span> <span class='ocrx_word' id='word_1_732' title='bbox 3400 5321 3466 5356; x_wconf 84' lang='lat' dir='ltr'><strong>ne</strong></span> <span class='ocrx_word' id='word_1_733' title='bbox 3520 5299 3603 5358; x_wconf 75' lang='lat' dir='ltr'><strong>ab</strong></span> <span class='ocrx_word' id='word_1_734' title='bbox 3657 5307 3822 5373; x_wconf 72' lang='lat' dir='ltr'><strong>aliqua</strong></span> 
     </span>
    </p>
   </div>
   <div class='ocr_carea' id='block_1_116' title="bbox 2269 5371 3820 5441">
    <p class='ocr_par' dir='ltr' id='par_1_116' title="bbox 2269 5371 3820 5441">
     <span class='ocr_line' id='line_1_116' title="bbox 2269 5371 3820 5441; baseline 0.007 -20"><span class='ocrx_word' id='word_1_735' title='bbox 2269 5371 2652 5436; x_wconf 77' lang='lat' dir='ltr'><strong>despiceretur,</strong></span> <span class='ocrx_word' id='word_1_736' title='bbox 2688 5380 2740 5422; x_wconf 90' lang='lat' dir='ltr'><strong>et</strong></span> <span class='ocrx_word' id='word_1_737' title='bbox 2771 5385 2892 5441; x_wconf 78' lang='lat' dir='ltr'><strong>cum</strong></span> <span class='ocrx_word' id='word_1_738' title='bbox 2925 5379 3070 5424; x_wconf 87' lang='lat' dir='ltr'><strong>tanto</strong></span> <span class='ocrx_word' id='word_1_739' title='bbox 3121 5373 3339 5437; x_wconf 66' lang='lat' dir='ltr'><strong>decore;</strong></span> <span class='ocrx_word' id='word_1_740' title='bbox 3363 5381 3414 5424; x_wconf 88' lang='lat' dir='ltr'><strong>ct</strong></span> <span class='ocrx_word' id='word_1_741' title='bbox 3473 5371 3820 5441; x_wconf 71' lang='lat' dir='ltr'><strong>perfectienr.</strong></span> 
     </span>
    </p>
   </div>
   <div class='ocr_carea' id='block_1_117' title="bbox 2270 5438 3821 5505">
    <p class='ocr_par' dir='ltr' id='par_1_117' title="bbox 2270 5438 3821 5505">
     <span class='ocr_line' id='line_1_117' title="bbox 2270 5438 3821 5505; baseline 0.001 -15"><span class='ocrx_word' id='word_1_742' title='bbox 2270 5453 2325 5490; x_wconf 88' lang='lat' dir='ltr'><strong>ut</strong></span> <span class='ocrx_word' id='word_1_743' title='bbox 2363 5448 2505 5490; x_wconf 85' lang='lat' dir='ltr'><strong>esset</strong></span> <span class='ocrx_word' id='word_1_744' title='bbox 2534 5450 2677 5505; x_wconf 87' lang='lat' dir='ltr'><strong>apta,</strong></span> <span class='ocrx_word' id='word_1_745' title='bbox 2704 5450 2752 5491; x_wconf 91' lang='lat' dir='ltr'><strong>et</strong></span> <span class='ocrx_word' id='word_1_746' title='bbox 2783 5438 2962 5505; x_wconf 80' lang='lat' dir='ltr'><strong>digna,</strong></span> <span class='ocrx_word' id='word_1_747' title='bbox 2998 5449 3056 5493; x_wconf 92' lang='lat' dir='ltr'><strong>ut</strong></span> <span class='ocrx_word' id='word_1_748' title='bbox 3088 5457 3147 5494; x_wconf 89' lang='lat' dir='ltr'><strong>ex</strong></span> <span class='ocrx_word' id='word_1_749' title='bbox 3173 5458 3232 5495; x_wconf 82' lang='lat' dir='ltr'><strong>ea</strong></span> <span class='ocrx_word' id='word_1_750' title='bbox 3261 5438 3484 5494; x_wconf 51' lang='lat' dir='ltr'><strong>carnem&#39;</strong></span> <span class='ocrx_word' id='word_1_751' title='bbox 3504 5455 3821 5503; x_wconf 47' lang='lat' dir='ltr'><strong>assumeret,</strong></span> 
     </span>
    </p>
   </div>
   <div class='ocr_carea' id='block_1_118' title="bbox 2270 5509 3820 5573">
    <p class='ocr_par' dir='ltr' id='par_1_118' title="bbox 2270 5509 3820 5573">
     <span class='ocr_line' id='line_1_118' title="bbox 2270 5509 3820 5573; baseline 0.003 -17"><span class='ocrx_word' id='word_1_752' title='bbox 2270 5516 2321 5558; x_wconf 90' lang='lat' dir='ltr'><strong>et</strong></span> <span class='ocrx_word' id='word_1_753' title='bbox 2386 5509 2465 5572; x_wconf 61' lang='lat' dir='ltr'><strong>,ab</strong></span> <span class='ocrx_word' id='word_1_754' title='bbox 2534 5510 2783 5561; x_wconf 90' lang='lat' dir='ltr'><strong>omnibus</strong></span> <span class='ocrx_word' id='word_1_755' title='bbox 2852 5522 3215 5573; x_wconf 84' lang='lat' dir='ltr'><strong>veneraretur,</strong></span> <span class='ocrx_word' id='word_1_756' title='bbox 3273 5523 3332 5562; x_wconf 88' lang='lat' dir='ltr'><strong>ut</strong></span> <span class='ocrx_word' id='word_1_757' title='bbox 3413 5511 3463 5562; x_wconf 90' lang='lat' dir='ltr'><strong>in</strong></span> <span class='ocrx_word' id='word_1_758' title='bbox 3559 5515 3820 5566; x_wconf 71' lang='lat' dir='ltr'><strong>canticum</strong></span> 
     </span>
    </p>
   </div>
   <div class='ocr_carea' id='block_1_119' title="bbox 2271 5573 3820 5696">
    <p class='ocr_par' dir='ltr' id='par_1_119' title="bbox 2271 5573 3820 5696">
     <span class='ocr_line' id='line_1_119' title="bbox 2271 5573 3820 5696; baseline 0.006 -71"><span class='ocrx_word' id='word_1_759' title='bbox 2271 5573 2592 5696; x_wconf 47' lang='lat' dir='ltr'><strong>[illitirginis</strong></span> <span class='ocrx_word' id='word_1_760' title='bbox 2648 5576 2967 5646; x_wconf 77' lang='lat' dir='ltr'><strong>Magnificat,</strong></span> <span class='ocrx_word' id='word_1_761' title='bbox 3005 5581 3258 5634; x_wconf 88' lang='lat' dir='ltr'><strong>observat</strong></span> <span class='ocrx_word' id='word_1_762' title='bbox 3303 5577 3543 5634; x_wconf 80' lang='lat' dir='ltr'><strong>Jacobus</strong></span> <span class='ocrx_word' id='word_1_763' title='bbox 3589 5584 3820 5637; x_wconf 65' lang='lat' dir='ltr'><strong>Christo-</strong></span> 
     </span>
     <span class='ocr_line' id='line_1_120' title="bbox 2273 5659 2564 5696; baseline 0 0"><span class='ocrx_word' id='word_1_764' title='bbox 2273 5660 2339 5696; x_wconf 86' lang='lat' dir='ltr'><strong>no</strong></span> <span class='ocrx_word' id='word_1_765' title='bbox 2368 5661 2377 5696; x_wconf 89' lang='grc' dir='ltr'><strong>ι</strong></span> <span class='ocrx_word' id='word_1_766' title='bbox 2409 5659 2564 5696; x_wconf 90' lang='lat' dir='ltr'><strong>anus.</strong></span> 
     </span>
    </p>
   </div>
   <div class='ocr_carea' id='block_1_120' title="bbox 2273 5655 2564 5711">
    <p class='ocr_par' dir='ltr' id='par_1_120' title="bbox 2273 5655 2564 5711">
     <span class='ocr_line' id='line_1_121' title="bbox 2273 5655 2564 5711; baseline 0.017 -18"><span class='ocrx_word' id='word_1_767' title='bbox 2273 5655 2564 5711; x_wconf 85' lang='lat' dir='ltr'><strong>politanus.</strong></span> 
     </span>
    </p>
   </div>
  </div>
