  <div class='ocr_page' id='page_1' title='image "/cluster/home/n/w/nwhite01/storage/ocr_20150623/105/pst.000005714155/742.png"; bbox 0 0 3948 6304; ppageno 0'>
   <div class='ocr_carea' id='block_1_1' title="bbox 192 319 336 382">
    <p class='ocr_par' dir='ltr' id='par_1_1' title="bbox 192 319 336 382">
     <span class='ocr_line' id='line_1_1' title="bbox 192 319 336 382; baseline 0.007 -1"><span class='ocrx_word' id='word_1_1' title='bbox 192 319 336 382; x_wconf 73' lang='grc'><strong>1321</strong></span> 
     </span>
    </p>
   </div>
   <div class='ocr_carea' id='block_1_2' title="bbox 273 545 1769 619">
    <p class='ocr_par' dir='ltr' id='par_1_2' title="bbox 273 545 1769 619">
     <span class='ocr_line' id='line_1_2' title="bbox 273 545 1769 619; baseline 0.005 -24"><span class='ocrx_word' id='word_1_2' title='bbox 273 545 445 599; x_wconf 72' lang='grc' dir='ltr'>Πάλαι</span> <span class='ocrx_word' id='word_1_3' title='bbox 469 548 577 601; x_wconf 89' lang='grc' dir='ltr'><strong>τῶν</strong></span> <span class='ocrx_word' id='word_1_4' title='bbox 604 548 897 617; x_wconf 83' lang='grc' dir='ltr'><strong>προφητῶν</strong></span> <span class='ocrx_word' id='word_1_5' title='bbox 921 564 979 599; x_wconf 90' lang='grc' dir='ltr'><strong>σε</strong></span> <span class='ocrx_word' id='word_1_6' title='bbox 998 550 1154 619; x_wconf 78' lang='grc' dir='ltr'>χορὸς</span> <span class='ocrx_word' id='word_1_7' title='bbox 1179 550 1435 602; x_wconf 73' lang='grc' dir='ltr'><strong>ἐκάλεσεν</strong></span> <span class='ocrx_word' id='word_1_8' title='bbox 1455 548 1580 619; x_wconf 77' lang='grc' dir='ltr'>ὅρος</span> <span class='ocrx_word' id='word_1_9' title='bbox 1607 550 1717 603; x_wconf 83' lang='grc' dir='ltr'>θεῖο</span> <span class='ocrx_word' id='word_1_10' title='bbox 1737 568 1769 615; x_wconf 75' lang='grc' dir='ltr'><strong>ι,</strong></span> 
     </span>
    </p>
   </div>
   <div class='ocr_carea' id='block_1_3' title="bbox 191 637 1769 710">
    <p class='ocr_par' dir='ltr' id='par_1_3' title="bbox 191 637 1769 710">
     <span class='ocr_line' id='line_1_3' title="bbox 191 637 1769 710; baseline 0.006 -24"><span class='ocrx_word' id='word_1_11' title='bbox 191 637 444 707; x_wconf 85' lang='grc' dir='ltr'>ιιαρθένε</span> <span class='ocrx_word' id='word_1_12' title='bbox 468 680 481 701; x_wconf 92' lang='grc'><strong>,</strong></span> <span class='ocrx_word' id='word_1_13' title='bbox 508 641 599 692; x_wconf 77' lang='grc' dir='ltr'><strong>καὶ</strong></span> <span class='ocrx_word' id='word_1_14' title='bbox 628 640 803 707; x_wconf 84' lang='grc' dir='ltr'>πύλην</span> <span class='ocrx_word' id='word_1_15' title='bbox 834 640 1158 707; x_wconf 80' lang='grc' dir='ltr'>ἁδιόδευτον,</span> <span class='ocrx_word' id='word_1_16' title='bbox 1192 642 1336 706; x_wconf 83' lang='grc' dir='ltr'>ὅθεν,</span> <span class='ocrx_word' id='word_1_17' title='bbox 1369 641 1731 710; x_wconf 80' lang='grc' dir='ltr'>δυσωποῦμεν</span> <span class='ocrx_word' id='word_1_18' title='bbox 1755 684 1769 709; x_wconf 93' lang='grc'><strong>,</strong></span> 
     </span>
    </p>
   </div>
   <div class='ocr_carea' id='block_1_4' title="bbox 189 730 1705 803">
    <p class='ocr_par' dir='ltr' id='par_1_4' title="bbox 189 730 1705 803">
     <span class='ocr_line' id='line_1_4' title="bbox 189 730 1705 803; baseline 0.005 -24"><span class='ocrx_word' id='word_1_19' title='bbox 189 730 495 793; x_wconf 72' lang='grc' dir='ltr'><strong>μετανοίας</strong></span> <span class='ocrx_word' id='word_1_20' title='bbox 527 732 721 795; x_wconf 81' lang='grc' dir='ltr'>πύλας,</span> <span class='ocrx_word' id='word_1_21' title='bbox 756 731 1203 803; x_wconf 84' lang='grc' dir='ltr'>Παρθενομῆτορ,</span> <span class='ocrx_word' id='word_1_22' title='bbox 1232 733 1365 802; x_wconf 81' lang='grc' dir='ltr'>ἡμῖν</span> <span class='ocrx_word' id='word_1_23' title='bbox 1395 732 1705 799; x_wconf 78' lang='grc' dir='ltr'>ὑπάνοιξον.</span> 
     </span>
    </p>
   </div>
   <div class='ocr_carea' id='block_1_5' title="bbox 262 911 1771 988">
    <p class='ocr_par' dir='ltr' id='par_1_5' title="bbox 262 911 1771 988">
     <span class='ocr_line' id='line_1_5' title="bbox 262 911 1771 988; baseline 0.007 -28"><span class='ocrx_word' id='word_1_24' title='bbox 262 911 549 981; x_wconf 83' lang='grc' dir='ltr'>Παρέστης</span> <span class='ocrx_word' id='word_1_25' title='bbox 576 914 638 964; x_wconf 74' lang='grc' dir='ltr'>ἑκ</span> <span class='ocrx_word' id='word_1_26' title='bbox 664 912 852 975; x_wconf 79' lang='grc' dir='ltr'>δεξιῶν</span> <span class='ocrx_word' id='word_1_27' title='bbox 875 914 1111 985; x_wconf 78' lang='grc' dir='ltr'>Χριστοῦ</span> <span class='ocrx_word' id='word_1_28' title='bbox 1138 955 1153 979; x_wconf 92' lang='grc'><strong>,</strong></span> <span class='ocrx_word' id='word_1_29' title='bbox 1180 915 1254 977; x_wconf 82' lang='grc' dir='ltr'><strong>ὡς</strong></span> <span class='ocrx_word' id='word_1_30' title='bbox 1287 914 1575 984; x_wconf 72' lang='grc' dir='ltr'><strong>βασίλισσα</strong></span> <span class='ocrx_word' id='word_1_31' title='bbox 1607 934 1771 988; x_wconf 85' lang='grc' dir='ltr'>κροσ-</span> 
     </span>
    </p>
   </div>
   <div class='ocr_carea' id='block_1_6' title="bbox 190 1004 1771 1082">
    <p class='ocr_par' dir='ltr' id='par_1_6' title="bbox 190 1004 1771 1082">
     <span class='ocr_line' id='line_1_6' title="bbox 190 1004 1771 1082; baseline 0.005 -29"><span class='ocrx_word' id='word_1_32' title='bbox 190 1006 389 1065; x_wconf 66' lang='lat' dir='ltr'><strong>dcorat;</strong></span> <span class='ocrx_word' id='word_1_33' title='bbox 424 1004 696 1072; x_wconf 81' lang='grc' dir='ltr'><strong>χρυσέοις,</strong></span> <span class='ocrx_word' id='word_1_34' title='bbox 724 1005 1113 1077; x_wconf 83' lang='grc' dir='ltr'>θεοχαρίτωτε,</span> <span class='ocrx_word' id='word_1_35' title='bbox 1161 1006 1601 1079; x_wconf 76' lang='grc' dir='ltr'>περιϐεϐλημένη</span> <span class='ocrx_word' id='word_1_36' title='bbox 1640 1012 1771 1082; x_wconf 71' lang='grc' dir='ltr'>ἁληο</span> 
     </span>
    </p>
   </div>
   <div class='ocr_carea' id='block_1_7' title="bbox 189 1091 1771 1173">
    <p class='ocr_par' dir='ltr' id='par_1_7' title="bbox 189 1091 1771 1173">
     <span class='ocr_line' id='line_1_7' title="bbox 189 1091 1771 1173; baseline 0.007 -31"><span class='ocrx_word' id='word_1_37' title='bbox 189 1091 328 1154; x_wconf 79' lang='grc' dir='ltr'>θῶς,</span> <span class='ocrx_word' id='word_1_38' title='bbox 367 1095 498 1162; x_wconf 84' lang='grc' dir='ltr'>ήμῖν</span> <span class='ocrx_word' id='word_1_39' title='bbox 526 1094 625 1163; x_wconf 76' lang='grc' dir='ltr'>τὴν</span> <span class='ocrx_word' id='word_1_40' title='bbox 657 1094 935 1163; x_wconf 82' lang='grc' dir='ltr'>βασιλείαν</span> <span class='ocrx_word' id='word_1_41' title='bbox 980 1098 1090 1151; x_wconf 89' lang='grc' dir='ltr'><strong>τῶν</strong></span> <span class='ocrx_word' id='word_1_42' title='bbox 1130 1099 1375 1169; x_wconf 79' lang='grc' dir='ltr'>οὐρανῶν</span> <span class='ocrx_word' id='word_1_43' title='bbox 1404 1102 1468 1169; x_wconf 79' lang='grc' dir='ltr'>τῇ</span> <span class='ocrx_word' id='word_1_44' title='bbox 1521 1103 1771 1173; x_wconf 74' lang='grc' dir='ltr'>μεσιτείᾳ</span> 
     </span>
    </p>
   </div>
   <div class='ocr_carea' id='block_1_8' title="bbox 189 1184 1382 1259">
    <p class='ocr_par' dir='ltr' id='par_1_8' title="bbox 189 1184 1382 1259">
     <span class='ocr_line' id='line_1_8' title="bbox 189 1184 1382 1259; baseline 0.008 -26"><span class='ocrx_word' id='word_1_45' title='bbox 189 1199 317 1245; x_wconf 86' lang='grc' dir='ltr'>σου,</span> <span class='ocrx_word' id='word_1_46' title='bbox 346 1184 519 1253; x_wconf 82' lang='grc' dir='ltr'>Κόρη,</span> <span class='ocrx_word' id='word_1_47' title='bbox 547 1185 886 1255; x_wconf 82' lang='grc' dir='ltr'>προξενοῦσα</span> <span class='ocrx_word' id='word_1_48' title='bbox 911 1190 1233 1259; x_wconf 77' lang='grc' dir='ltr'>πρεσϐείαις</span> <span class='ocrx_word' id='word_1_49' title='bbox 1264 1208 1382 1243; x_wconf 87' lang='grc' dir='ltr'>σου.</span> 
     </span>
    </p>
   </div>
   <div class='ocr_carea' id='block_1_9' title="bbox 275 1275 1771 1355">
    <p class='ocr_par' dir='ltr' id='par_1_9' title="bbox 275 1275 1771 1355">
     <span class='ocr_line' id='line_1_9' title="bbox 275 1275 1771 1355; baseline 0.009 -29"><span class='ocrx_word' id='word_1_50' title='bbox 275 1275 433 1342; x_wconf 84' lang='grc' dir='ltr'>Ἀγία</span> <span class='ocrx_word' id='word_1_51' title='bbox 464 1276 715 1345; x_wconf 74' lang='grc' dir='ltr'>θεοτόκε,</span> <span class='ocrx_word' id='word_1_52' title='bbox 749 1280 931 1350; x_wconf 80' lang='grc' dir='ltr'>βοήθει</span> <span class='ocrx_word' id='word_1_53' title='bbox 978 1299 1071 1350; x_wconf 87' lang='grc' dir='ltr'><strong>μοι</strong></span> <span class='ocrx_word' id='word_1_54' title='bbox 1104 1284 1223 1344; x_wconf 80' lang='grc' dir='ltr'>ταῖς</span> <span class='ocrx_word' id='word_1_55' title='bbox 1264 1284 1475 1352; x_wconf 79' lang='grc' dir='ltr'><strong>ἡδοναῖς</strong></span> <span class='ocrx_word' id='word_1_56' title='bbox 1508 1287 1771 1355; x_wconf 82' lang='grc' dir='ltr'><strong>διηνεκῶς</strong></span> 
     </span>
    </p>
   </div>
   <div class='ocr_carea' id='block_1_10' title="bbox 188 1357 1769 1447">
    <p class='ocr_par' dir='ltr' id='par_1_10' title="bbox 188 1357 1769 1447">
     <span class='ocr_line' id='line_1_10' title="bbox 188 1357 1769 1447; baseline 0.008 -31"><span class='ocrx_word' id='word_1_57' title='bbox 188 1364 538 1439; x_wconf 82' lang='grc' dir='ltr'>βυθιζομένῳ</span> <span class='ocrx_word' id='word_1_58' title='bbox 572 1370 665 1423; x_wconf 88' lang='grc' dir='ltr'><strong>τού</strong></span> <span class='ocrx_word' id='word_1_59' title='bbox 714 1370 1003 1441; x_wconf 87' lang='grc' dir='ltr'>σώματος,</span> <span class='ocrx_word' id='word_1_60' title='bbox 1057 1357 1165 1426; x_wconf 54' lang='grc' dir='ltr'><strong>καί</strong></span> <span class='ocrx_word' id='word_1_61' title='bbox 1191 1373 1467 1445; x_wconf 75' lang='grc' dir='ltr'>ῥᾳθυμίας</span> <span class='ocrx_word' id='word_1_62' title='bbox 1507 1378 1566 1430; x_wconf 86' lang='grc' dir='ltr'>ὲν</span> <span class='ocrx_word' id='word_1_63' title='bbox 1611 1376 1769 1447; x_wconf 81' lang='grc' dir='ltr'>κλίνῃ</span> 
     </span>
    </p>
   </div>
   <div class='ocr_carea' id='block_1_11' title="bbox 186 1457 1115 1532">
    <p class='ocr_par' dir='ltr' id='par_1_11' title="bbox 186 1457 1115 1532">
     <span class='ocr_line' id='line_1_11' title="bbox 186 1457 1115 1532; baseline 0.013 -25"><span class='ocrx_word' id='word_1_64' title='bbox 186 1457 281 1508; x_wconf 80' lang='grc' dir='ltr'><strong>ἀεὶ</strong></span> <span class='ocrx_word' id='word_1_65' title='bbox 314 1463 697 1532; x_wconf 80' lang='grc' dir='ltr'><strong>κατακειμένῳ</strong></span> <span class='ocrx_word' id='word_1_66' title='bbox 730 1466 823 1516; x_wconf 78' lang='grc' dir='ltr'>καὶ</span> <span class='ocrx_word' id='word_1_67' title='bbox 856 1466 1115 1519; x_wconf 80' lang='grc' dir='ltr'>στένοντι.</span> 
     </span>
    </p>
   </div>
   <div class='ocr_carea' id='block_1_12' title="bbox 277 1546 1769 1632">
    <p class='ocr_par' dir='ltr' id='par_1_12' title="bbox 277 1546 1769 1632">
     <span class='ocr_line' id='line_1_12' title="bbox 277 1546 1769 1632; baseline 0.008 -30"><span class='ocrx_word' id='word_1_68' title='bbox 277 1550 336 1602; x_wconf 88' lang='grc' dir='ltr'>Ὀ</span> <span class='ocrx_word' id='word_1_69' title='bbox 366 1551 723 1632; x_wconf 86' lang='grc' dir='ltr'>ἀπερινόητος</span> <span class='ocrx_word' id='word_1_70' title='bbox 747 1596 761 1619; x_wconf 94' lang='grc'><strong>,</strong></span> <span class='ocrx_word' id='word_1_71' title='bbox 792 1555 1156 1626; x_wconf 83' lang='grc' dir='ltr'>θεοχαρίτωτε</span> <span class='ocrx_word' id='word_1_72' title='bbox 1180 1598 1196 1622; x_wconf 94' lang='grc'><strong>,</strong></span> <span class='ocrx_word' id='word_1_73' title='bbox 1227 1558 1455 1629; x_wconf 86' lang='grc' dir='ltr'>περιοχὴ</span> <span class='ocrx_word' id='word_1_74' title='bbox 1517 1546 1769 1631; x_wconf 54' lang='grc' dir='ltr'>σωματοί</span> 
     </span>
    </p>
   </div>
   <div class='ocr_carea' id='block_1_13' title="bbox 185 1642 1769 1722">
    <p class='ocr_par' dir='ltr' id='par_1_13' title="bbox 185 1642 1769 1722">
     <span class='ocr_line' id='line_1_13' title="bbox 185 1642 1769 1722; baseline 0.008 -29"><span class='ocrx_word' id='word_1_75' title='bbox 185 1642 358 1711; x_wconf 81' lang='grc' dir='ltr'>φόρος</span> <span class='ocrx_word' id='word_1_76' title='bbox 391 1645 701 1715; x_wconf 85' lang='grc' dir='ltr'>γενόμενος,</span> <span class='ocrx_word' id='word_1_77' title='bbox 732 1648 843 1719; x_wconf 76' lang='grc' dir='ltr'>ἔχει</span> <span class='ocrx_word' id='word_1_78' title='bbox 864 1667 952 1720; x_wconf 86' lang='grc' dir='ltr'><strong>με,</strong></span> <span class='ocrx_word' id='word_1_79' title='bbox 987 1650 1210 1722; x_wconf 81' lang='grc' dir='ltr'>βροτοὺς</span> <span class='ocrx_word' id='word_1_80' title='bbox 1227 1652 1585 1708; x_wconf 80' lang='grc' dir='ltr'>ἀπαλλάττων</span> <span class='ocrx_word' id='word_1_81' title='bbox 1614 1671 1769 1722; x_wconf 84' lang='grc' dir='ltr'>περι-</span> 
     </span>
    </p>
   </div>
   <div class='ocr_carea' id='block_1_14' title="bbox 183 1733 1026 1806">
    <p class='ocr_par' dir='ltr' id='par_1_14' title="bbox 183 1733 1026 1806">
     <span class='ocr_line' id='line_1_14' title="bbox 183 1733 1026 1806; baseline 0.012 -23"><span class='ocrx_word' id='word_1_82' title='bbox 183 1733 424 1804; x_wconf 84' lang='grc' dir='ltr'>εχούσης</span> <span class='ocrx_word' id='word_1_83' title='bbox 452 1735 704 1806; x_wconf 74' lang='grc' dir='ltr'>θλίψεως.</span> <span class='ocrx_word' id='word_1_84' title='bbox 1023 1736 1026 1739; x_wconf 46' lang='grc'>⁷</span> 
     </span>
    </p>
   </div>
   <div class='ocr_carea' id='block_1_15' title="bbox 262 1920 1766 2001">
    <p class='ocr_par' dir='ltr' id='par_1_15' title="bbox 262 1920 1766 2001">
     <span class='ocr_line' id='line_1_15' title="bbox 262 1920 1766 2001; baseline 0.008 -28"><span class='ocrx_word' id='word_1_85' title='bbox 262 1921 543 1993; x_wconf 76' lang='grc' dir='ltr'>Κυοφὸρος</span> <span class='ocrx_word' id='word_1_86' title='bbox 570 1924 851 1997; x_wconf 77' lang='grc' dir='ltr'>ἄνανδρος,</span> <span class='ocrx_word' id='word_1_87' title='bbox 880 1920 1183 1997; x_wconf 60' lang='grc' dir='ltr'>Θεομίτίτορ,</span> <span class='ocrx_word' id='word_1_88' title='bbox 1211 1928 1457 1997; x_wconf 79' lang='grc' dir='ltr'>πέφηνας</span> <span class='ocrx_word' id='word_1_89' title='bbox 1483 1930 1653 2001; x_wconf 82' lang='grc' dir='ltr'>ἁγνή·</span> <span class='ocrx_word' id='word_1_90' title='bbox 1678 1931 1766 1985; x_wconf 77' lang='grc' dir='ltr'>διὰ</span> 
     </span>
    </p>
   </div>
   <div class='ocr_carea' id='block_1_16' title="bbox 180 2012 1765 2093">
    <p class='ocr_par' dir='ltr' id='par_1_16' title="bbox 180 2012 1765 2093">
     <span class='ocr_line' id='line_1_16' title="bbox 180 2012 1765 2093; baseline 0.008 -30"><span class='ocrx_word' id='word_1_91' title='bbox 180 2012 349 2064; x_wconf 77' lang='grc' dir='ltr'>τοῦτο</span> <span class='ocrx_word' id='word_1_92' title='bbox 375 2014 554 2066; x_wconf 79' lang='grc' dir='ltr'>πίστει</span> <span class='ocrx_word' id='word_1_93' title='bbox 584 2016 809 2071; x_wconf 82' lang='grc' dir='ltr'>ἱκετεύω</span> <span class='ocrx_word' id='word_1_94' title='bbox 823 2032 903 2083; x_wconf 89' lang='grc' dir='ltr'><strong>σε,</strong></span> <span class='ocrx_word' id='word_1_95' title='bbox 925 2017 1026 2086; x_wconf 77' lang='grc' dir='ltr'><strong>τῆς</strong></span> <span class='ocrx_word' id='word_1_96' title='bbox 1049 2018 1225 2088; x_wconf 75' lang='grc' dir='ltr'>ψυχῆς</span> <span class='ocrx_word' id='word_1_97' title='bbox 1246 2036 1349 2089; x_wconf 85' lang='grc' dir='ltr'><strong>μου</strong></span> <span class='ocrx_word' id='word_1_98' title='bbox 1372 2019 1470 2091; x_wconf 75' lang='grc' dir='ltr'>τὴν</span> <span class='ocrx_word' id='word_1_99' title='bbox 1495 2021 1765 2093; x_wconf 79' lang='grc' dir='ltr'>ρᾳθυμίαν</span> 
     </span>
    </p>
   </div>
   <div class='ocr_carea' id='block_1_17' title="bbox 182 2102 489 2156">
    <p class='ocr_par' dir='ltr' id='par_1_17' title="bbox 182 2102 489 2156">
     <span class='ocr_line' id='line_1_17' title="bbox 182 2102 489 2156; baseline 0.007 -2"><span class='ocrx_word' id='word_1_100' title='bbox 182 2102 489 2156; x_wconf 75' lang='grc' dir='ltr'>ἁπέλασον.</span> 
     </span>
    </p>
   </div>
   <div class='ocr_carea' id='block_1_18' title="bbox 271 2194 1764 2273">
    <p class='ocr_par' dir='ltr' id='par_1_18' title="bbox 271 2194 1764 2273">
     <span class='ocr_line' id='line_1_18' title="bbox 271 2194 1764 2273; baseline 0.007 -27"><span class='ocrx_word' id='word_1_101' title='bbox 271 2195 370 2247; x_wconf 84' lang='grc' dir='ltr'>Ἐκ</span> <span class='ocrx_word' id='word_1_102' title='bbox 402 2194 496 2248; x_wconf 82' lang='grc' dir='ltr'>σοῦ</span> <span class='ocrx_word' id='word_1_103' title='bbox 532 2196 661 2266; x_wconf 79' lang='grc' dir='ltr'>ἡμῖν</span> <span class='ocrx_word' id='word_1_104' title='bbox 715 2196 957 2267; x_wconf 70' lang='grc' dir='ltr'>ἔλαμψεν</span> <span class='ocrx_word' id='word_1_105' title='bbox 1004 2200 1304 2271; x_wconf 82' lang='grc' dir='ltr'>ἀνέσπερος</span> <span class='ocrx_word' id='word_1_106' title='bbox 1348 2202 1519 2273; x_wconf 74' lang='grc' dir='ltr'>ἥλιος,</span> <span class='ocrx_word' id='word_1_107' title='bbox 1565 2204 1764 2273; x_wconf 78' lang='grc' dir='ltr'>νεφέλη</span> 
     </span>
    </p>
   </div>
   <div class='ocr_carea' id='block_1_19' title="bbox 176 2282 1763 2363">
    <p class='ocr_par' dir='ltr' id='par_1_19' title="bbox 176 2282 1763 2363">
     <span class='ocr_line' id='line_1_19' title="bbox 176 2282 1763 2363; baseline 0.009 -27"><span class='ocrx_word' id='word_1_108' title='bbox 176 2282 450 2353; x_wconf 78' lang='grc' dir='ltr'>ὀλόφωτε,</span> <span class='ocrx_word' id='word_1_109' title='bbox 495 2288 729 2357; x_wconf 72' lang='grc' dir='ltr'>Χριστὸς</span> <span class='ocrx_word' id='word_1_110' title='bbox 772 2290 800 2339; x_wconf 85' lang='grc' dir='ltr'>ὁ</span> <span class='ocrx_word' id='word_1_111' title='bbox 841 2289 971 2353; x_wconf 81' lang='grc' dir='ltr'>Θεὸς</span> <span class='ocrx_word' id='word_1_112' title='bbox 1010 2292 1186 2363; x_wconf 75' lang='grc' dir='ltr'>ἡμῶν,</span> <span class='ocrx_word' id='word_1_113' title='bbox 1238 2295 1488 2361; x_wconf 77' lang='grc' dir='ltr'><strong>φωτίζων</strong></span> <span class='ocrx_word' id='word_1_114' title='bbox 1531 2297 1657 2360; x_wconf 82' lang='grc' dir='ltr'>τοὺς</span> <span class='ocrx_word' id='word_1_115' title='bbox 1704 2299 1763 2350; x_wconf 78' lang='grc' dir='ltr'>ὲν</span> 
     </span>
    </p>
   </div>
   <div class='ocr_carea' id='block_1_20' title="bbox 183 2376 985 2444">
    <p class='ocr_par' dir='ltr' id='par_1_20' title="bbox 183 2376 985 2444">
     <span class='ocr_line' id='line_1_20' title="bbox 183 2376 985 2444; baseline 0.005 -16"><span class='ocrx_word' id='word_1_116' title='bbox 183 2376 375 2428; x_wconf 84' lang='grc' dir='ltr'>σκότει</span> <span class='ocrx_word' id='word_1_117' title='bbox 401 2378 703 2444; x_wconf 79' lang='grc' dir='ltr'>ἀγνωσίας,</span> <span class='ocrx_word' id='word_1_118' title='bbox 731 2378 985 2433; x_wconf 82' lang='grc' dir='ltr'>Θεοτόκε.</span> 
     </span>
    </p>
   </div>
   <div class='ocr_carea' id='block_1_21' title="bbox 257 2556 1762 2632">
    <p class='ocr_par' dir='ltr' id='par_1_21' title="bbox 257 2556 1762 2632">
     <span class='ocr_line' id='line_1_21' title="bbox 257 2556 1762 2632; baseline 0.007 -25"><span class='ocrx_word' id='word_1_119' title='bbox 257 2557 446 2625; x_wconf 82' lang='grc' dir='ltr'>Σάρκα</span> <span class='ocrx_word' id='word_1_120' title='bbox 472 2556 538 2609; x_wconf 84' lang='grc' dir='ltr'>δι’</span> <span class='ocrx_word' id='word_1_121' title='bbox 576 2558 731 2626; x_wconf 77' lang='grc' dir='ltr'>ἡμᾶς,</span> <span class='ocrx_word' id='word_1_122' title='bbox 753 2558 819 2610; x_wconf 82' lang='grc' dir='ltr'>ὲκ</span> <span class='ocrx_word' id='word_1_123' title='bbox 867 2558 960 2611; x_wconf 82' lang='grc' dir='ltr'>σοῦ</span> <span class='ocrx_word' id='word_1_124' title='bbox 1000 2560 1134 2622; x_wconf 78' lang='grc' dir='ltr'>Θεὸς</span> <span class='ocrx_word' id='word_1_125' title='bbox 1176 2560 1433 2630; x_wconf 78' lang='grc' dir='ltr'>φορέσας,</span> <span class='ocrx_word' id='word_1_126' title='bbox 1480 2564 1650 2632; x_wconf 83' lang='grc' dir='ltr'>ἁγνήν</span> <span class='ocrx_word' id='word_1_127' title='bbox 1702 2579 1762 2617; x_wconf 85' lang='grc' dir='ltr'><strong>σε</strong></span> 
     </span>
    </p>
   </div>
   <div class='ocr_carea' id='block_1_22' title="bbox 184 2645 1762 2722">
    <p class='ocr_par' dir='ltr' id='par_1_22' title="bbox 184 2645 1762 2722">
     <span class='ocr_line' id='line_1_22' title="bbox 184 2645 1762 2722; baseline 0.006 -26"><span class='ocrx_word' id='word_1_128' title='bbox 184 2646 533 2714; x_wconf 79' lang='grc' dir='ltr'>πανάμωμον</span> <span class='ocrx_word' id='word_1_129' title='bbox 555 2645 753 2709; x_wconf 79' lang='grc' dir='ltr'>παντὸς</span> <span class='ocrx_word' id='word_1_130' title='bbox 772 2647 866 2699; x_wconf 82' lang='grc' dir='ltr'>τοῦ</span> <span class='ocrx_word' id='word_1_131' title='bbox 895 2648 1085 2714; x_wconf 79' lang='grc' dir='ltr'>γένους</span> <span class='ocrx_word' id='word_1_132' title='bbox 1108 2649 1265 2719; x_wconf 73' lang='grc' dir='ltr'>ἡμῶν</span> <span class='ocrx_word' id='word_1_133' title='bbox 1299 2650 1468 2713; x_wconf 76' lang='grc' dir='ltr'>θείαν,</span> <span class='ocrx_word' id='word_1_134' title='bbox 1494 2652 1762 2722; x_wconf 81' lang='grc' dir='ltr'>Παρθένε,</span> 
     </span>
    </p>
   </div>
   <div class='ocr_carea' id='block_1_23' title="bbox 175 2734 1766 2813">
    <p class='ocr_par' dir='ltr' id='par_1_23' title="bbox 175 2734 1766 2813">
     <span class='ocr_line' id='line_1_23' title="bbox 175 2734 1766 2813; baseline 0.007 -27"><span class='ocrx_word' id='word_1_135' title='bbox 175 2734 423 2787; x_wconf 75' lang='grc' dir='ltr'>δεικνύει</span> <span class='ocrx_word' id='word_1_136' title='bbox 453 2736 807 2806; x_wconf 69' lang='grc' dir='ltr'><strong>προστασίαν⁴</strong></span> <span class='ocrx_word' id='word_1_137' title='bbox 827 2738 1048 2804; x_wconf 79' lang='grc' dir='ltr'>ὃθεν,σὲ</span> <span class='ocrx_word' id='word_1_138' title='bbox 1074 2740 1353 2810; x_wconf 78' lang='grc' dir='ltr'>ύμνοῦμεν</span> <span class='ocrx_word' id='word_1_139' title='bbox 1376 2742 1559 2795; x_wconf 77' lang='grc' dir='ltr'>πιστοὶ</span> <span class='ocrx_word' id='word_1_140' title='bbox 1593 2760 1766 2813; x_wconf 88' lang='grc' dir='ltr'>μεγα-</span> 
     </span>
    </p>
   </div>
   <div class='ocr_carea' id='block_1_24' title="bbox 181 2822 466 2891">
    <p class='ocr_par' dir='ltr' id='par_1_24' title="bbox 181 2822 466 2891">
     <span class='ocr_line' id='line_1_24' title="bbox 181 2822 466 2891; baseline 0.014 -16"><span class='ocrx_word' id='word_1_141' title='bbox 181 2822 466 2891; x_wconf 73' lang='grc' dir='ltr'>λοφώνως.</span> 
     </span>
    </p>
   </div>
   <div class='ocr_carea' id='block_1_25' title="bbox 251 2917 1761 2996">
    <p class='ocr_par' dir='ltr' id='par_1_25' title="bbox 251 2917 1761 2996">
     <span class='ocr_line' id='line_1_25' title="bbox 251 2917 1761 2996; baseline 0.007 -29"><span class='ocrx_word' id='word_1_142' title='bbox 251 2917 484 2986; x_wconf 80' lang='grc' dir='ltr'>Φαεινὴν</span> <span class='ocrx_word' id='word_1_143' title='bbox 530 2917 750 2987; x_wconf 89' lang='grc' dir='ltr'>λυχνίαν</span> <span class='ocrx_word' id='word_1_144' title='bbox 780 2935 840 2969; x_wconf 89' lang='grc' dir='ltr'><strong>σε</strong></span> <span class='ocrx_word' id='word_1_145' title='bbox 877 2919 906 2970; x_wconf 82' lang='grc' dir='ltr'>ὁ</span> <span class='ocrx_word' id='word_1_146' title='bbox 946 2919 1235 2989; x_wconf 76' lang='grc' dir='ltr'>προφήτης</span> <span class='ocrx_word' id='word_1_147' title='bbox 1280 2920 1545 2992; x_wconf 73' lang='grc' dir='ltr'>ἔϐλεψεν,</span> <span class='ocrx_word' id='word_1_148' title='bbox 1600 2924 1761 2996; x_wconf 81' lang='grc' dir='ltr'>ἁγνὴ,</span> 
     </span>
    </p>
   </div>
   <div class='ocr_carea' id='block_1_26' title="bbox 179 3004 1765 3081">
    <p class='ocr_par' dir='ltr' id='par_1_26' title="bbox 179 3004 1765 3081">
     <span class='ocr_line' id='line_1_26' title="bbox 179 3004 1765 3081; baseline 0.006 -25"><span class='ocrx_word' id='word_1_149' title='bbox 179 3004 492 3073; x_wconf 81' lang='grc' dir='ltr'>λαμπάδιον</span> <span class='ocrx_word' id='word_1_150' title='bbox 529 3006 719 3076; x_wconf 73' lang='grc' dir='ltr'>νοητὸν</span> <span class='ocrx_word' id='word_1_151' title='bbox 764 3007 1034 3077; x_wconf 85' lang='grc' dir='ltr'>φέρουσαν</span> <span class='ocrx_word' id='word_1_152' title='bbox 1068 3008 1302 3077; x_wconf 81' lang='grc' dir='ltr'>Χριστὸν</span> <span class='ocrx_word' id='word_1_153' title='bbox 1325 3050 1339 3074; x_wconf 94' lang='grc'><strong>,</strong></span> <span class='ocrx_word' id='word_1_154' title='bbox 1374 3010 1441 3061; x_wconf 75' lang='grc' dir='ltr'>δι’</span> <span class='ocrx_word' id='word_1_155' title='bbox 1476 3007 1537 3063; x_wconf 79' lang='grc' dir='ltr'><strong>οὗ</strong></span> <span class='ocrx_word' id='word_1_156' title='bbox 1568 3013 1765 3081; x_wconf 76' lang='grc' dir='ltr'>ἐφωτί-</span> 
     </span>
    </p>
   </div>
   <div class='ocr_carea' id='block_1_27' title="bbox 182 3099 1831 3188">
    <p class='ocr_par' dir='ltr' id='par_1_27' title="bbox 182 3099 1831 3188">
     <span class='ocr_line' id='line_1_27' title="bbox 182 3099 1831 3188; baseline 0.004 -35"><span class='ocrx_word' id='word_1_157' title='bbox 182 3099 399 3169; x_wconf 87' lang='grc' dir='ltr'>σθημεν</span> <span class='ocrx_word' id='word_1_158' title='bbox 416 3101 540 3169; x_wconf 66' lang='grc' dir='ltr'>οί,ὲν</span> <span class='ocrx_word' id='word_1_159' title='bbox 563 3101 743 3154; x_wconf 86' lang='grc' dir='ltr'>σκότει</span> <span class='ocrx_word' id='word_1_160' title='bbox 764 3102 1008 3171; x_wconf 85' lang='grc' dir='ltr'>κείμενοι</span> <span class='ocrx_word' id='word_1_161' title='bbox 1029 3102 1238 3169; x_wconf 83' lang='grc' dir='ltr'>κακῶν,</span> <span class='ocrx_word' id='word_1_162' title='bbox 1258 3120 1317 3156; x_wconf 91' lang='grc' dir='ltr'><strong>σε</strong></span> <span class='ocrx_word' id='word_1_163' title='bbox 1342 3106 1757 3175; x_wconf 72' lang='grc' dir='ltr'>μακαρίζοντες,</span> <span class='ocrx_word' id='word_1_164' title='bbox 1788 3129 1831 3188; x_wconf 75' lang='lat' dir='ltr'>c</span> 
     </span>
    </p>
   </div>
   <div class='ocr_carea' id='block_1_28' title="bbox 173 3190 827 3262">
    <p class='ocr_par' dir='ltr' id='par_1_28' title="bbox 173 3190 827 3262">
     <span class='ocr_line' id='line_1_28' title="bbox 173 3190 827 3262; baseline 0.005 -19"><span class='ocrx_word' id='word_1_165' title='bbox 173 3190 417 3244; x_wconf 80' lang='grc' dir='ltr'>Θ-οτόκε</span> <span class='ocrx_word' id='word_1_166' title='bbox 455 3191 827 3262; x_wconf 78' lang='grc' dir='ltr'>’Δειπάρθενε.</span> 
     </span>
    </p>
   </div>
   <div class='ocr_carea' id='block_1_29' title="bbox 196 3388 1765 3513">
    <p class='ocr_par' dir='ltr' id='par_1_29' title="bbox 196 3388 1765 3513">
     <span class='ocr_line' id='line_1_29' title="bbox 196 3388 1765 3513; baseline 0.003 -70"><span class='ocrx_word' id='word_1_167' title='bbox 196 3390 302 3443; x_wconf 81' lang='grc' dir='ltr'>Ἐκ</span> <span class='ocrx_word' id='word_1_168' title='bbox 343 3389 446 3443; x_wconf 83' lang='grc' dir='ltr'><strong>τοῦ</strong></span> <span class='ocrx_word' id='word_1_169' title='bbox 479 3392 748 3455; x_wconf 75' lang='grc' dir='ltr'>Κανόνος</span> <span class='ocrx_word' id='word_1_170' title='bbox 786 3388 1347 3513; x_wconf 75' lang='grc' dir='ltr'>τῆςθπαρασκευῆς,</span> <span class='ocrx_word' id='word_1_171' title='bbox 1385 3395 1473 3458; x_wconf 75' lang='grc' dir='ltr'>εἱς</span> <span class='ocrx_word' id='word_1_172' title='bbox 1503 3392 1609 3447; x_wconf 85' lang='grc' dir='ltr'><strong>τὸν</strong></span> <span class='ocrx_word' id='word_1_173' title='bbox 1633 3397 1765 3464; x_wconf 82' lang='grc' dir='ltr'><strong>Ὀρ-</strong></span> 
     </span>
     <span class='ocr_line' id='line_1_30' title="bbox 929 3477 1054 3513; baseline -0.016 0"><span class='ocrx_word' id='word_1_174' title='bbox 929 3477 1054 3513; x_wconf 79' lang='lat' dir='ltr'><strong>oar.</strong></span> 
     </span>
    </p>
   </div>
   <div class='ocr_carea' id='block_1_30' title="bbox 922 3477 1054 3527">
    <p class='ocr_par' dir='ltr' id='par_1_30' title="bbox 922 3477 1054 3527">
     <span class='ocr_line' id='line_1_31' title="bbox 922 3477 1054 3527; baseline 0.008 -17"><span class='ocrx_word' id='word_1_175' title='bbox 922 3477 1054 3527; x_wconf 70' lang='grc' dir='ltr'>ερον.</span> 
     </span>
    </p>
   </div>
   <div class='ocr_carea' id='block_1_31' title="bbox 258 3546 1761 3625">
    <p class='ocr_par' dir='ltr' id='par_1_31' title="bbox 258 3546 1761 3625">
     <span class='ocr_line' id='line_1_32' title="bbox 258 3546 1761 3625; baseline 0.006 -26"><span class='ocrx_word' id='word_1_176' title='bbox 258 3548 396 3618; x_wconf 81' lang='grc' dir='ltr'>Νέον</span> <span class='ocrx_word' id='word_1_177' title='bbox 454 3546 653 3619; x_wconf 80' lang='grc' dir='ltr'>βρέφος</span> <span class='ocrx_word' id='word_1_178' title='bbox 702 3548 833 3616; x_wconf 67' lang='grc' dir='ltr'>ἡμῖν</span> <span class='ocrx_word' id='word_1_179' title='bbox 890 3547 980 3598; x_wconf 84' lang='grc' dir='ltr'><strong>τὸν</strong></span> <span class='ocrx_word' id='word_1_180' title='bbox 1036 3547 1265 3601; x_wconf 82' lang='grc' dir='ltr'>παλαιὸν</span> <span class='ocrx_word' id='word_1_181' title='bbox 1324 3550 1569 3620; x_wconf 83' lang='grc' dir='ltr'>ἡμερῶν,</span> <span class='ocrx_word' id='word_1_182' title='bbox 1622 3553 1761 3625; x_wconf 80' lang='grc' dir='ltr'>ἁγνὴ</span> 
     </span>
    </p>
   </div>
   <div class='ocr_carea' id='block_1_32' title="bbox 175 3637 1760 3710">
    <p class='ocr_par' dir='ltr' id='par_1_32' title="bbox 175 3637 1760 3710">
     <span class='ocr_line' id='line_1_33' title="bbox 175 3637 1760 3710; baseline -0.006 -15"><span class='ocrx_word' id='word_1_183' title='bbox 175 3639 453 3709; x_wconf 83' lang='grc' dir='ltr'>Παρθένε,</span> <span class='ocrx_word' id='word_1_184' title='bbox 486 3637 810 3707; x_wconf 82' lang='grc' dir='ltr'>ἀπεκύησας</span> <span class='ocrx_word' id='word_1_185' title='bbox 852 3638 1259 3693; x_wconf 79' lang='grc' dir='ltr'>παλαιωθεῖσαν</span> <span class='ocrx_word' id='word_1_186' title='bbox 1291 3641 1391 3710; x_wconf 78' lang='grc' dir='ltr'>τὴν</span> <span class='ocrx_word' id='word_1_187' title='bbox 1438 3643 1599 3709; x_wconf 86' lang='grc' dir='ltr'>φύσιν</span> <span class='ocrx_word' id='word_1_188' title='bbox 1626 3645 1760 3697; x_wconf 84' lang='grc' dir='ltr'>ἀνα-</span> 
     </span>
    </p>
   </div>
   <div class='ocr_carea' id='block_1_33' title="bbox 178 3727 1760 3802">
    <p class='ocr_par' dir='ltr' id='par_1_33' title="bbox 178 3727 1760 3802">
     <span class='ocr_line' id='line_1_34' title="bbox 178 3727 1760 3802; baseline 0.002 -19"><span class='ocrx_word' id='word_1_189' title='bbox 178 3730 504 3783; x_wconf 84' lang='grc' dir='ltr'>καινίσαντα</span> <span class='ocrx_word' id='word_1_190' title='bbox 540 3728 846 3798; x_wconf 79' lang='grc' dir='ltr'>ἀνθρώπων</span> <span class='ocrx_word' id='word_1_191' title='bbox 866 3768 882 3796; x_wconf 97' lang='grc'><strong>,</strong></span> <span class='ocrx_word' id='word_1_192' title='bbox 932 3728 1247 3800; x_wconf 87' lang='grc' dir='ltr'>πανάμωμε</span> <span class='ocrx_word' id='word_1_193' title='bbox 1270 3770 1286 3795; x_wconf 95' lang='grc'><strong>,</strong></span> <span class='ocrx_word' id='word_1_194' title='bbox 1314 3727 1393 3799; x_wconf 81' lang='grc' dir='ltr'>τῷ</span> <span class='ocrx_word' id='word_1_195' title='bbox 1424 3730 1553 3802; x_wconf 84' lang='grc' dir='ltr'>θείῳ</span> <span class='ocrx_word' id='word_1_196' title='bbox 1598 3732 1760 3787; x_wconf 76' lang='grc' dir='ltr'>πάθει</span> 
     </span>
    </p>
   </div>
   <div class='ocr_carea' id='block_1_34' title="bbox 172 3819 1725 3883">
    <p class='ocr_par' dir='ltr' id='par_1_34' title="bbox 172 3819 1725 3883">
     <span class='ocr_line' id='line_1_35' title="bbox 172 3819 1725 3883; baseline 0.005 -7"><span class='ocrx_word' id='word_1_197' title='bbox 172 3819 374 3876; x_wconf 69' lang='grc' dir='ltr'>αὑτοῦ.</span> <span class='ocrx_word' id='word_1_198' title='bbox 1720 3880 1725 3883; x_wconf 90' lang='grc'>.</span> 
     </span>
    </p>
   </div>
   <div class='ocr_carea' id='block_1_35' title="bbox 262 3909 1760 3983">
    <p class='ocr_par' dir='ltr' id='par_1_35' title="bbox 262 3909 1760 3983">
     <span class='ocr_line' id='line_1_36' title="bbox 262 3909 1760 3983; baseline 0.001 -17"><span class='ocrx_word' id='word_1_199' title='bbox 262 3914 418 3983; x_wconf 75' lang='grc' dir='ltr'><strong>Ζωῆς</strong></span> <span class='ocrx_word' id='word_1_200' title='bbox 446 3913 580 3983; x_wconf 76' lang='grc' dir='ltr'>ἡμῖν</span> <span class='ocrx_word' id='word_1_201' title='bbox 610 3911 891 3981; x_wconf 78' lang='grc' dir='ltr'>πρόξενος,</span> <span class='ocrx_word' id='word_1_202' title='bbox 924 3909 1084 3981; x_wconf 82' lang='grc' dir='ltr'>ἁγνὴ,</span> <span class='ocrx_word' id='word_1_203' title='bbox 1115 3909 1292 3965; x_wconf 80' lang='grc' dir='ltr'>θανὼν</span> <span class='ocrx_word' id='word_1_204' title='bbox 1319 3912 1376 3965; x_wconf 71' lang='grc' dir='ltr'>ὃν</span> <span class='ocrx_word' id='word_1_205' title='bbox 1404 3911 1543 3983; x_wconf 83' lang='grc' dir='ltr'><strong>ξύλῳ</strong></span> <span class='ocrx_word' id='word_1_206' title='bbox 1572 3915 1760 3969; x_wconf 73' lang='grc' dir='ltr'>ἀναδέσ-</span> 
     </span>
    </p>
   </div>
   <div class='ocr_carea' id='block_1_36' title="bbox 171 4001 1762 4074">
    <p class='ocr_par' dir='ltr' id='par_1_36' title="bbox 171 4001 1762 4074">
     <span class='ocr_line' id='line_1_37' title="bbox 171 4001 1762 4074; baseline 0 -15"><span class='ocrx_word' id='word_1_207' title='bbox 171 4007 393 4060; x_wconf 78' lang='grc' dir='ltr'>δεικται</span> <span class='ocrx_word' id='word_1_208' title='bbox 420 4007 448 4058; x_wconf 80' lang='grc' dir='ltr'>ὁ</span> <span class='ocrx_word' id='word_1_209' title='bbox 490 4003 580 4067; x_wconf 79' lang='grc' dir='ltr'><strong>σὸς</strong></span> <span class='ocrx_word' id='word_1_210' title='bbox 612 4002 743 4065; x_wconf 84' lang='grc' dir='ltr'><strong>Υίός</strong></span> <span class='ocrx_word' id='word_1_211' title='bbox 787 4019 846 4055; x_wconf 86' lang='grc' dir='ltr'><strong>τε</strong></span> <span class='ocrx_word' id='word_1_212' title='bbox 889 4002 985 4056; x_wconf 74' lang='grc' dir='ltr'>καὶ</span> <span class='ocrx_word' id='word_1_213' title='bbox 1020 4001 1244 4074; x_wconf 81' lang='grc' dir='ltr'>Κύριος,</span> <span class='ocrx_word' id='word_1_214' title='bbox 1278 4004 1308 4056; x_wconf 84' lang='grc' dir='ltr'>ὁ</span> <span class='ocrx_word' id='word_1_215' title='bbox 1344 4003 1585 4071; x_wconf 76' lang='grc' dir='ltr'>δοξάζων</span> <span class='ocrx_word' id='word_1_216' title='bbox 1634 4006 1762 4069; x_wconf 81' lang='grc' dir='ltr'>τοὺς</span> 
     </span>
    </p>
   </div>
   <div class='ocr_carea' id='block_1_37' title="bbox 174 4094 601 4166">
    <p class='ocr_par' dir='ltr' id='par_1_37' title="bbox 174 4094 601 4166">
     <span class='ocr_line' id='line_1_38' title="bbox 174 4094 601 4166; baseline -0.005 -17"><span class='ocrx_word' id='word_1_217' title='bbox 174 4094 490 4166; x_wconf 72' lang='grc' dir='ltr'>ὑμνοῦντας</span> <span class='ocrx_word' id='word_1_218' title='bbox 519 4111 601 4147; x_wconf 80' lang='grc' dir='ltr'>σε.</span> 
     </span>
    </p>
   </div>
   <div class='ocr_carea' id='block_1_38' title="bbox 261 4183 1755 4258">
    <p class='ocr_par' dir='ltr' id='par_1_38' title="bbox 261 4183 1755 4258">
     <span class='ocr_line' id='line_1_39' title="bbox 261 4183 1755 4258; baseline 0.001 -19"><span class='ocrx_word' id='word_1_219' title='bbox 261 4188 352 4249; x_wconf 84' lang='grc' dir='ltr'>Ὧς</span> <span class='ocrx_word' id='word_1_220' title='bbox 393 4185 648 4258; x_wconf 75' lang='grc' dir='ltr'>ἑώρακας</span> <span class='ocrx_word' id='word_1_221' title='bbox 696 4186 753 4238; x_wconf 71' lang='grc' dir='ltr'>ἐν</span> <span class='ocrx_word' id='word_1_222' title='bbox 800 4185 879 4256; x_wconf 84' lang='grc' dir='ltr'>τῷ</span> <span class='ocrx_word' id='word_1_223' title='bbox 909 4183 1129 4254; x_wconf 83' lang='grc' dir='ltr'>σταυρῷ</span> <span class='ocrx_word' id='word_1_224' title='bbox 1159 4185 1395 4255; x_wconf 84' lang='grc' dir='ltr'>Χριστὸν</span> <span class='ocrx_word' id='word_1_225' title='bbox 1426 4185 1485 4238; x_wconf 82' lang='grc' dir='ltr'>ὃν</span> <span class='ocrx_word' id='word_1_226' title='bbox 1528 4186 1717 4253; x_wconf 75' lang='grc' dir='ltr'>ἔτεκες</span> <span class='ocrx_word' id='word_1_227' title='bbox 1741 4229 1755 4253; x_wconf 91' lang='grc'><strong>,</strong></span> 
     </span>
    </p>
   </div>
   <div class='ocr_carea' id='block_1_39' title="bbox 173 4275 1755 4349">
    <p class='ocr_par' dir='ltr' id='par_1_39' title="bbox 173 4275 1755 4349">
     <span class='ocr_line' id='line_1_40' title="bbox 173 4275 1755 4349; baseline 0.001 -18"><span class='ocrx_word' id='word_1_228' title='bbox 173 4279 355 4348; x_wconf 70' lang='grc' dir='ltr'><strong>ιῖιγνὴ.Δ</strong></span> <span class='ocrx_word' id='word_1_229' title='bbox 375 4276 765 4347; x_wconf 84' lang='grc' dir='ltr'>ἀπεθαύμαζες</span> <span class='ocrx_word' id='word_1_230' title='bbox 796 4276 894 4346; x_wconf 81' lang='grc' dir='ltr'><strong>τὴν</strong></span> <span class='ocrx_word' id='word_1_231' title='bbox 918 4275 1124 4344; x_wconf 69' lang='grc' dir='ltr'>ἄφατον</span> <span class='ocrx_word' id='word_1_232' title='bbox 1154 4276 1320 4328; x_wconf 78' lang='grc' dir='ltr'>αὑτοῦ</span> <span class='ocrx_word' id='word_1_233' title='bbox 1350 4278 1755 4349; x_wconf 79' lang='grc' dir='ltr'>μακροθυμίαν·</span> 
     </span>
    </p>
   </div>
   <div class='ocr_carea' id='block_1_40' title="bbox 171 4367 1045 4438">
    <p class='ocr_par' dir='ltr' id='par_1_40' title="bbox 171 4367 1045 4438">
     <span class='ocr_line' id='line_1_41' title="bbox 171 4367 1045 4438; baseline -0.003 -15"><span class='ocrx_word' id='word_1_234' title='bbox 171 4369 303 4424; x_wconf 76' lang='grc' dir='ltr'>ὅθεν</span> <span class='ocrx_word' id='word_1_235' title='bbox 334 4371 431 4422; x_wconf 80' lang='grc' dir='ltr'><strong>σὺν</strong></span> <span class='ocrx_word' id='word_1_236' title='bbox 455 4368 604 4438; x_wconf 77' lang='grc' dir='ltr'>αὐτῷ</span> <span class='ocrx_word' id='word_1_237' title='bbox 638 4385 697 4420; x_wconf 80' lang='grc' dir='ltr'><strong>σε</strong></span> <span class='ocrx_word' id='word_1_238' title='bbox 726 4367 1045 4435; x_wconf 79' lang='grc' dir='ltr'>δοξάζομεν.</span> 
     </span>
    </p>
   </div>
   <div class='ocr_carea' id='block_1_41' title="bbox 1566 328 1932 391">
    <p class='ocr_par' dir='ltr' id='par_1_41' title="bbox 1566 328 1932 391">
     <span class='ocr_line' id='line_1_42' title="bbox 1566 328 1932 391; baseline 0 -1"><span class='ocrx_word' id='word_1_239' title='bbox 1566 328 1932 391; x_wconf 81' lang='lat' dir='ltr'><strong>MARIALE.</strong></span> 
     </span>
    </p>
   </div>
   <div class='ocr_carea' id='block_1_42' title="bbox 202 436 1847 510">
    <p class='ocr_par' dir='ltr' id='par_1_42' title="bbox 202 436 1847 510">
     <span class='ocr_line' id='line_1_43' title="bbox 202 436 1847 510; baseline 0.004 -23"><span class='ocrx_word' id='word_1_240' title='bbox 202 436 312 488; x_wconf 70' lang='grc' dir='ltr'>Ἐκ</span> <span class='ocrx_word' id='word_1_241' title='bbox 341 438 447 493; x_wconf 82' lang='grc' dir='ltr'>τοῦ</span> <span class='ocrx_word' id='word_1_242' title='bbox 479 440 745 506; x_wconf 80' lang='grc' dir='ltr'>Κανόνος</span> <span class='ocrx_word' id='word_1_243' title='bbox 773 438 881 506; x_wconf 82' lang='grc' dir='ltr'>τῆς</span> <span class='ocrx_word' id='word_1_244' title='bbox 910 439 1205 508; x_wconf 77' lang='grc' dir='ltr'>πέμπτης,</span> <span class='ocrx_word' id='word_1_245' title='bbox 1239 442 1326 506; x_wconf 82' lang='grc' dir='ltr'><strong>είς</strong></span> <span class='ocrx_word' id='word_1_246' title='bbox 1354 440 1460 493; x_wconf 80' lang='grc' dir='ltr'><strong>τὸν</strong></span> <span class='ocrx_word' id='word_1_247' title='bbox 1493 442 1766 510; x_wconf 76' lang='grc' dir='ltr'>Ὄρθρον.</span> <span class='ocrx_word' id='word_1_248' title='bbox 1801 445 1847 501; x_wconf 74' lang='grc' dir='ltr'><strong>Α</strong></span> 
     </span>
    </p>
   </div>
   <div class='ocr_carea' id='block_1_43' title="bbox 3317 343 3450 406">
    <p class='ocr_par' dir='ltr' id='par_1_43' title="bbox 3317 343 3450 406">
     <span class='ocr_line' id='line_1_44' title="bbox 3317 343 3450 406; baseline 0.023 -4"><span class='ocrx_word' id='word_1_249' title='bbox 3317 343 3450 406; x_wconf 73' lang='lat'><strong>1322</strong></span> 
     </span>
    </p>
   </div>
   <div class='ocr_carea' id='block_1_44' title="bbox 2124 438 3181 510">
    <p class='ocr_par' dir='ltr' id='par_1_44' title="bbox 2124 438 3181 510">
     <span class='ocr_line' id='line_1_45' title="bbox 2124 438 3181 510; baseline 0.009 -16"><span class='ocrx_word' id='word_1_250' title='bbox 2124 438 2208 494; x_wconf 81' lang='lat' dir='ltr'><strong>Ea:</strong></span> <span class='ocrx_word' id='word_1_251' title='bbox 2235 440 2445 495; x_wconf 85' lang='lat' dir='ltr'><strong>Canone</strong></span> <span class='ocrx_word' id='word_1_252' title='bbox 2466 443 2614 510; x_wconf 72' lang='lat' dir='ltr'><strong>feria</strong></span> <span class='ocrx_word' id='word_1_253' title='bbox 2641 460 2694 508; x_wconf 74' lang='grc' dir='ltr'><strong>ν,</strong></span> <span class='ocrx_word' id='word_1_254' title='bbox 2730 445 2799 497; x_wconf 85' lang='lat' dir='ltr'><strong>ad</strong></span> <span class='ocrx_word' id='word_1_255' title='bbox 2832 440 3181 504; x_wconf 73' lang='lat' dir='ltr'><strong>Hatutinum.</strong></span> 
     </span>
    </p>
   </div>
   <div class='ocr_carea' id='block_1_45' title="bbox 1943 548 3449 634">
    <p class='ocr_par' dir='ltr' id='par_1_45' title="bbox 1943 548 3449 634">
     <span class='ocr_line' id='line_1_46' title="bbox 1943 548 3449 634; baseline 0.008 -31"><span class='ocrx_word' id='word_1_256' title='bbox 1943 548 2082 604; x_wconf 89' lang='lat' dir='ltr'><strong>Olim</strong></span> <span class='ocrx_word' id='word_1_257' title='bbox 2116 551 2503 621; x_wconf 85' lang='lat' dir='ltr'><strong>prophetarum</strong></span> <span class='ocrx_word' id='word_1_258' title='bbox 2559 554 2762 614; x_wconf 76' lang='lat' dir='ltr'><strong>chorus</strong></span> <span class='ocrx_word' id='word_1_259' title='bbox 2818 550 3032 613; x_wconf 75' lang='lat' dir='ltr'><strong>vocavit</strong></span> <span class='ocrx_word' id='word_1_260' title='bbox 3085 570 3157 625; x_wconf 90' lang='lat' dir='ltr'><strong>te,</strong></span> <span class='ocrx_word' id='word_1_261' title='bbox 3198 576 3233 616; x_wconf 89' lang='grc' dir='ltr'><strong>ο</strong></span> <span class='ocrx_word' id='word_1_262' title='bbox 3260 560 3449 634; x_wconf 80' lang='lat' dir='ltr'><strong>Virgo,</strong></span> 
     </span>
    </p>
   </div>
   <div class='ocr_carea' id='block_1_46' title="bbox 1873 642 3453 721">
    <p class='ocr_par' dir='ltr' id='par_1_46' title="bbox 1873 642 3453 721">
     <span class='ocr_line' id='line_1_47' title="bbox 1873 642 3453 721; baseline 0.011 -27"><span class='ocrx_word' id='word_1_263' title='bbox 1873 651 2111 696; x_wconf 98' lang='lat' dir='ltr'><strong>montem</strong></span> <span class='ocrx_word' id='word_1_264' title='bbox 2147 642 2414 708; x_wconf 88' lang='lat' dir='ltr'><strong>divinum,</strong></span> <span class='ocrx_word' id='word_1_265' title='bbox 2455 655 2508 697; x_wconf 92' lang='lat' dir='ltr'><strong>et</strong></span> <span class='ocrx_word' id='word_1_266' title='bbox 2539 656 2748 713; x_wconf 88' lang='lat' dir='ltr'><strong>portam</strong></span> <span class='ocrx_word' id='word_1_267' title='bbox 2778 647 3277 721; x_wconf 88' lang='lat' dir='ltr'><strong>impenetrabilem;</strong></span> <span class='ocrx_word' id='word_1_268' title='bbox 3307 657 3453 710; x_wconf 86' lang='lat' dir='ltr'><strong>unde</strong></span> 
     </span>
    </p>
   </div>
   <div class='ocr_carea' id='block_1_47' title="bbox 1874 734 3452 815">
    <p class='ocr_par' dir='ltr' id='par_1_47' title="bbox 1874 734 3452 815">
     <span class='ocr_line' id='line_1_48' title="bbox 1874 734 3452 815; baseline 0.01 -28"><span class='ocrx_word' id='word_1_269' title='bbox 1874 743 1927 787; x_wconf 91' lang='lat' dir='ltr'><strong>te</strong></span> <span class='ocrx_word' id='word_1_270' title='bbox 1960 734 2236 804; x_wconf 87' lang='lat' dir='ltr'><strong>supplices</strong></span> <span class='ocrx_word' id='word_1_271' title='bbox 2259 749 2539 804; x_wconf 76' lang='lat' dir='ltr'><strong>rogamus,</strong></span> <span class='ocrx_word' id='word_1_272' title='bbox 2561 752 2593 792; x_wconf 92' lang='grc' dir='ltr'>ο</span> <span class='ocrx_word' id='word_1_273' title='bbox 2625 736 2783 810; x_wconf 85' lang='lat' dir='ltr'><strong>Virgo</strong></span> <span class='ocrx_word' id='word_1_274' title='bbox 2814 740 3003 810; x_wconf 86' lang='lat' dir='ltr'><strong>Mater,</strong></span> <span class='ocrx_word' id='word_1_275' title='bbox 3032 753 3090 797; x_wconf 91' lang='lat' dir='ltr'><strong>ut</strong></span> <span class='ocrx_word' id='word_1_276' title='bbox 3122 747 3452 815; x_wconf 77' lang='lat' dir='ltr'><strong>poenitentiae</strong></span> 
     </span>
    </p>
   </div>
   <div class='ocr_carea' id='block_1_48' title="bbox 1873 829 2517 898">
    <p class='ocr_par' dir='ltr' id='par_1_48' title="bbox 1873 829 2517 898">
     <span class='ocr_line' id='line_1_49' title="bbox 1873 829 2517 898; baseline 0.003 -17"><span class='ocrx_word' id='word_1_277' title='bbox 1873 837 2059 896; x_wconf 89' lang='lat' dir='ltr'><strong>portas</strong></span> <span class='ocrx_word' id='word_1_278' title='bbox 2085 829 2303 898; x_wconf 88' lang='lat' dir='ltr'><strong>aperias</strong></span> <span class='ocrx_word' id='word_1_279' title='bbox 2337 829 2517 883; x_wconf 86' lang='lat' dir='ltr'><strong>nobis.</strong></span> 
     </span>
    </p>
   </div>
   <div class='ocr_carea' id='block_1_49' title="bbox 1942 919 3449 997">
    <p class='ocr_par' dir='ltr' id='par_1_49' title="bbox 1942 919 3449 997">
     <span class='ocr_line' id='line_1_50' title="bbox 1942 919 3449 997; baseline 0.007 -25"><span class='ocrx_word' id='word_1_280' title='bbox 1942 919 2177 974; x_wconf 83' lang='lat' dir='ltr'><strong>Astitisti</strong></span> <span class='ocrx_word' id='word_1_281' title='bbox 2231 934 2260 974; x_wconf 91' lang='lat' dir='ltr'><strong>a</strong></span> <span class='ocrx_word' id='word_1_282' title='bbox 2316 919 2522 975; x_wconf 79' lang='lat' dir='ltr'><strong>dextris</strong></span> <span class='ocrx_word' id='word_1_283' title='bbox 2572 921 2775 977; x_wconf 85' lang='lat' dir='ltr'><strong>Christi</strong></span> <span class='ocrx_word' id='word_1_284' title='bbox 2841 933 3097 995; x_wconf 85' lang='lat' dir='ltr'><strong>tanquam</strong></span> <span class='ocrx_word' id='word_1_285' title='bbox 3162 927 3449 997; x_wconf 81' lang='lat' dir='ltr'><strong>Regina.o</strong></span> 
     </span>
    </p>
   </div>
   <div class='ocr_carea' id='block_1_50' title="bbox 1874 1009 3528 1096">
    <p class='ocr_par' dir='ltr' id='par_1_50' title="bbox 1874 1009 3528 1096">
     <span class='ocr_line' id='line_1_51' title="bbox 1874 1009 3528 1096; baseline 0.008 -34"><span class='ocrx_word' id='word_1_286' title='bbox 1874 1009 2051 1064; x_wconf 81' lang='lat' dir='ltr'><strong>divina</strong></span> <span class='ocrx_word' id='word_1_287' title='bbox 2078 1012 2248 1081; x_wconf 85' lang='lat' dir='ltr'><strong>gratia</strong></span> <span class='ocrx_word' id='word_1_288' title='bbox 2271 1012 2702 1067; x_wconf 80' lang='lat' dir='ltr'><strong>cumulatissime</strong></span> <span class='ocrx_word' id='word_1_289' title='bbox 2730 1014 2933 1082; x_wconf 82' lang='lat' dir='ltr'><strong>Puella,</strong></span> <span class='ocrx_word' id='word_1_290' title='bbox 2954 1031 3080 1072; x_wconf 84' lang='lat' dir='ltr'><strong>vere</strong></span> <span class='ocrx_word' id='word_1_291' title='bbox 3111 1018 3447 1074; x_wconf 84' lang='lat' dir='ltr'><strong>circumdata</strong></span> <span class='ocrx_word' id='word_1_292' title='bbox 3519 1079 3528 1096; x_wconf 51' lang='grc'><em>,</em></span> 
     </span>
    </p>
   </div>
   <div class='ocr_carea' id='block_1_51' title="bbox 1873 1098 3532 1168">
    <p class='ocr_par' dir='ltr' id='par_1_51' title="bbox 1873 1098 3532 1168">
     <span class='ocr_line' id='line_1_52' title="bbox 1873 1098 3532 1168; baseline 0.008 -17"><span class='ocrx_word' id='word_1_293' title='bbox 1873 1098 2100 1154; x_wconf 79' lang='lat' dir='ltr'><strong>ﬁmbriis</strong></span> <span class='ocrx_word' id='word_1_294' title='bbox 2131 1101 2352 1168; x_wconf 86' lang='lat' dir='ltr'><strong>aureis;</strong></span> <span class='ocrx_word' id='word_1_295' title='bbox 2391 1102 2718 1156; x_wconf 88' lang='lat' dir='ltr'><strong>mediatione</strong></span> <span class='ocrx_word' id='word_1_296' title='bbox 2742 1113 2832 1156; x_wconf 87' lang='lat' dir='ltr'><strong>tua</strong></span> <span class='ocrx_word' id='word_1_297' title='bbox 2886 1113 2941 1159; x_wconf 91' lang='lat' dir='ltr'><strong>et</strong></span> <span class='ocrx_word' id='word_1_298' title='bbox 2964 1106 3451 1164; x_wconf 77' lang='lat' dir='ltr'><strong>intercessionibus</strong></span> <span class='ocrx_word' id='word_1_299' title='bbox 3525 1109 3532 1117; x_wconf 81' lang='grc'><strong><em>“</em></strong></span> 
     </span>
    </p>
   </div>
   <div class='ocr_carea' id='block_1_52' title="bbox 1874 1180 3059 1261">
    <p class='ocr_par' dir='ltr' id='par_1_52' title="bbox 1874 1180 3059 1261">
     <span class='ocr_line' id='line_1_53' title="bbox 1874 1180 3059 1261; baseline 0.009 -24"><span class='ocrx_word' id='word_1_300' title='bbox 1874 1185 1981 1239; x_wconf 88' lang='lat' dir='ltr'><strong>tuis</strong></span> <span class='ocrx_word' id='word_1_301' title='bbox 2003 1187 2282 1243; x_wconf 66' lang='lat' dir='ltr'><strong>caelorum~</strong></span> <span class='ocrx_word' id='word_1_302' title='bbox 2307 1204 2533 1258; x_wconf 79' lang='lat' dir='ltr'><strong>regnum</strong></span> <span class='ocrx_word' id='word_1_303' title='bbox 2558 1190 2717 1246; x_wconf 89' lang='lat' dir='ltr'><strong>nobis</strong></span> <span class='ocrx_word' id='word_1_304' title='bbox 2747 1180 3059 1261; x_wconf 86' lang='lat' dir='ltr'><strong>acquirens.</strong></span> 
     </span>
    </p>
   </div>
   <div class='ocr_carea' id='block_1_53' title="bbox 1943 1273 3451 1353">
    <p class='ocr_par' dir='ltr' id='par_1_53' title="bbox 1943 1273 3451 1353">
     <span class='ocr_line' id='line_1_54' title="bbox 1943 1273 3451 1353; baseline 0.009 -25"><span class='ocrx_word' id='word_1_305' title='bbox 1943 1273 1989 1328; x_wconf 91' lang='grc' dir='ltr'>Ο</span> <span class='ocrx_word' id='word_1_306' title='bbox 2019 1274 2247 1347; x_wconf 84' lang='lat' dir='ltr'><strong>Deipara</strong></span> <span class='ocrx_word' id='word_1_307' title='bbox 2309 1290 2523 1344; x_wconf 89' lang='lat' dir='ltr'><strong>sancta,</strong></span> <span class='ocrx_word' id='word_1_308' title='bbox 2560 1281 2758 1350; x_wconf 84' lang='lat' dir='ltr'><strong>adjuva</strong></span> <span class='ocrx_word' id='word_1_309' title='bbox 2823 1296 2911 1337; x_wconf 90' lang='lat' dir='ltr'><strong>me</strong></span> <span class='ocrx_word' id='word_1_310' title='bbox 2953 1286 3230 1353; x_wconf 87' lang='lat' dir='ltr'><strong>corporeis</strong></span> <span class='ocrx_word' id='word_1_311' title='bbox 3300 1287 3451 1342; x_wconf 75' lang='lat' dir='ltr'><strong>volu-</strong></span> 
     </span>
    </p>
   </div>
   <div class='ocr_carea' id='block_1_54' title="bbox 1872 1368 3450 1444">
    <p class='ocr_par' dir='ltr' id='par_1_54' title="bbox 1872 1368 3450 1444">
     <span class='ocr_line' id='line_1_55' title="bbox 1872 1368 3450 1444; baseline 0.01 -26"><span class='ocrx_word' id='word_1_312' title='bbox 1872 1368 2109 1434; x_wconf 80' lang='lat' dir='ltr'><strong>ptatibus</strong></span> <span class='ocrx_word' id='word_1_313' title='bbox 2142 1372 2359 1426; x_wconf 84' lang='lat' dir='ltr'><strong>assidue</strong></span> <span class='ocrx_word' id='word_1_314' title='bbox 2406 1375 2745 1438; x_wconf 84' lang='lat' dir='ltr'><strong>immersum,</strong></span> <span class='ocrx_word' id='word_1_315' title='bbox 2777 1382 2942 1444; x_wconf 88' lang='lat' dir='ltr'><strong>atque</strong></span> <span class='ocrx_word' id='word_1_316' title='bbox 2976 1375 3029 1430; x_wconf 87' lang='lat' dir='ltr'><strong>in</strong></span> <span class='ocrx_word' id='word_1_317' title='bbox 3057 1378 3322 1432; x_wconf 77' lang='lat' dir='ltr'><strong>socordia:</strong></span> <span class='ocrx_word' id='word_1_318' title='bbox 3367 1380 3450 1434; x_wconf 78' lang='lat' dir='ltr'><strong>le-</strong></span> 
     </span>
    </p>
   </div>
   <div class='ocr_carea' id='block_1_55' title="bbox 1871 1459 3199 1536">
    <p class='ocr_par' dir='ltr' id='par_1_55' title="bbox 1871 1459 3199 1536">
     <span class='ocr_line' id='line_1_56' title="bbox 1871 1459 3199 1536; baseline 0.008 -25"><span class='ocrx_word' id='word_1_319' title='bbox 1871 1459 2017 1511; x_wconf 88' lang='lat' dir='ltr'><strong>ctulo</strong></span> <span class='ocrx_word' id='word_1_320' title='bbox 2048 1475 2263 1530; x_wconf 89' lang='lat' dir='ltr'><strong>semper</strong></span> <span class='ocrx_word' id='word_1_321' title='bbox 2283 1463 2555 1531; x_wconf 86' lang='lat' dir='ltr'><strong>jacentem</strong></span> <span class='ocrx_word' id='word_1_322' title='bbox 2612 1476 2774 1536; x_wconf 84' lang='lat' dir='ltr'><strong>atque</strong></span> <span class='ocrx_word' id='word_1_323' title='bbox 2806 1466 3199 1535; x_wconf 87' lang='lat' dir='ltr'><strong>suspiranlem.</strong></span> 
     </span>
    </p>
   </div>
   <div class='ocr_carea' id='block_1_56' title="bbox 1941 1550 3445 1629">
    <p class='ocr_par' dir='ltr' id='par_1_56' title="bbox 1941 1550 3445 1629">
     <span class='ocr_line' id='line_1_57' title="bbox 1941 1550 3445 1629; baseline 0.008 -27"><span class='ocrx_word' id='word_1_324' title='bbox 1941 1550 2055 1615; x_wconf 90' lang='lat' dir='ltr'><strong>Ille,</strong></span> <span class='ocrx_word' id='word_1_325' title='bbox 2086 1554 2179 1621; x_wconf 85' lang='lat' dir='ltr'><strong>qui</strong></span> <span class='ocrx_word' id='word_1_326' title='bbox 2229 1555 2375 1608; x_wconf 90' lang='lat' dir='ltr'><strong>nulla</strong></span> <span class='ocrx_word' id='word_1_327' title='bbox 2428 1566 2603 1625; x_wconf 90' lang='lat' dir='ltr'><strong>potest</strong></span> <span class='ocrx_word' id='word_1_328' title='bbox 2651 1558 2987 1629; x_wconf 80' lang='lat' dir='ltr'><strong>COgitatione</strong></span> <span class='ocrx_word' id='word_1_329' title='bbox 3039 1560 3445 1629; x_wconf 77' lang='lat' dir='ltr'><strong>comprehendi.</strong></span> 
     </span>
    </p>
   </div>
   <div class='ocr_carea' id='block_1_57' title="bbox 1872 1639 3449 1721">
    <p class='ocr_par' dir='ltr' id='par_1_57' title="bbox 1872 1639 3449 1721">
     <span class='ocr_line' id='line_1_58' title="bbox 1872 1639 3449 1721; baseline 0.009 -29"><span class='ocrx_word' id='word_1_330' title='bbox 1872 1639 2011 1695; x_wconf 88' lang='lat' dir='ltr'><strong>intra</strong></span> <span class='ocrx_word' id='word_1_331' title='bbox 2046 1646 2293 1713; x_wconf 89' lang='lat' dir='ltr'><strong>corporis</strong></span> <span class='ocrx_word' id='word_1_332' title='bbox 2336 1648 2596 1701; x_wconf 88' lang='lat' dir='ltr'><strong>ambitum</strong></span> <span class='ocrx_word' id='word_1_333' title='bbox 2636 1650 2843 1719; x_wconf 87' lang='lat' dir='ltr'><strong>accepti</strong></span> <span class='ocrx_word' id='word_1_334' title='bbox 2877 1666 2905 1704; x_wconf 88' lang='lat' dir='ltr'><strong>a</strong></span> <span class='ocrx_word' id='word_1_335' title='bbox 2939 1662 3010 1716; x_wconf 89' lang='lat' dir='ltr'><strong>te,</strong></span> <span class='ocrx_word' id='word_1_336' title='bbox 3042 1665 3076 1705; x_wconf 94' lang='lat' dir='ltr'><strong>o</strong></span> <span class='ocrx_word' id='word_1_337' title='bbox 3106 1651 3290 1706; x_wconf 88' lang='lat' dir='ltr'><strong>divina</strong></span> <span class='ocrx_word' id='word_1_338' title='bbox 3325 1668 3449 1721; x_wconf 85' lang='lat' dir='ltr'><strong>gra-</strong></span> 
     </span>
    </p>
   </div>
   <div class='ocr_carea' id='block_1_58' title="bbox 1872 1734 3447 1806">
    <p class='ocr_par' dir='ltr' id='par_1_58' title="bbox 1872 1734 3447 1806">
     <span class='ocr_line' id='line_1_59' title="bbox 1872 1734 3447 1806; baseline 0.008 -21"><span class='ocrx_word' id='word_1_339' title='bbox 1872 1734 1941 1786; x_wconf 88' lang='lat' dir='ltr'><strong>tia</strong></span> <span class='ocrx_word' id='word_1_340' title='bbox 1995 1737 2339 1804; x_wconf 89' lang='lat' dir='ltr'><strong>plenissima,</strong></span> <span class='ocrx_word' id='word_1_341' title='bbox 2364 1754 2485 1793; x_wconf 85' lang='lat' dir='ltr'><strong>sese</strong></span> <span class='ocrx_word' id='word_1_342' title='bbox 2528 1740 2814 1806; x_wconf 86' lang='lat' dir='ltr'><strong>conclusit,</strong></span> <span class='ocrx_word' id='word_1_343' title='bbox 2850 1751 2909 1794; x_wconf 90' lang='lat' dir='ltr'><strong>ut</strong></span> <span class='ocrx_word' id='word_1_344' title='bbox 2948 1742 3203 1797; x_wconf 82' lang='lat' dir='ltr'><strong>homines</strong></span> <span class='ocrx_word' id='word_1_345' title='bbox 3248 1743 3317 1797; x_wconf 85' lang='lat' dir='ltr'><strong>ab</strong></span> <span class='ocrx_word' id='word_1_346' title='bbox 3348 1758 3447 1797; x_wconf 86' lang='lat' dir='ltr'><strong>an-</strong></span> 
     </span>
    </p>
   </div>
   <div class='ocr_carea' id='block_1_59' title="bbox 1868 1827 3262 1897">
    <p class='ocr_par' dir='ltr' id='par_1_59' title="bbox 1868 1827 3262 1897">
     <span class='ocr_line' id='line_1_60' title="bbox 1868 1827 3262 1897; baseline 0.007 -20"><span class='ocrx_word' id='word_1_347' title='bbox 1868 1827 2086 1895; x_wconf 86' lang='lat' dir='ltr'><strong>gustiis,</strong></span> <span class='ocrx_word' id='word_1_348' title='bbox 2116 1828 2313 1895; x_wconf 85' lang='lat' dir='ltr'><strong>quibus</strong></span> <span class='ocrx_word' id='word_1_349' title='bbox 2340 1830 2955 1897; x_wconf 79' lang='lat' dir='ltr'><strong>cntnpreheudebantur,</strong></span> <span class='ocrx_word' id='word_1_350' title='bbox 2990 1833 3262 1887; x_wconf 81' lang='lat' dir='ltr'><strong>liberaret.</strong></span> 
     </span>
    </p>
   </div>
   <div class='ocr_carea' id='block_1_60' title="bbox 1940 1916 3441 1992">
    <p class='ocr_par' dir='ltr' id='par_1_60' title="bbox 1940 1916 3441 1992">
     <span class='ocr_line' id='line_1_61' title="bbox 1940 1916 3441 1992; baseline 0.007 -22"><span class='ocrx_word' id='word_1_351' title='bbox 1940 1916 1985 1970; x_wconf 90' lang='lat'>0</span> <span class='ocrx_word' id='word_1_352' title='bbox 2017 1916 2112 1971; x_wconf 86' lang='lat' dir='ltr'><strong>Dei</strong></span> <span class='ocrx_word' id='word_1_353' title='bbox 2161 1918 2349 1980; x_wconf 78' lang='lat' dir='ltr'><strong>Mater,</strong></span> <span class='ocrx_word' id='word_1_354' title='bbox 2382 1934 2506 1973; x_wconf 91' lang='lat' dir='ltr'><strong>cum</strong></span> <span class='ocrx_word' id='word_1_355' title='bbox 2559 1921 2677 1975; x_wconf 90' lang='lat' dir='ltr'><strong>sine</strong></span> <span class='ocrx_word' id='word_1_356' title='bbox 2712 1922 2812 1974; x_wconf 84' lang='lat' dir='ltr'><strong>viri</strong></span> <span class='ocrx_word' id='word_1_357' title='bbox 2848 1937 3014 1989; x_wconf 89' lang='lat' dir='ltr'><strong>opera</strong></span> <span class='ocrx_word' id='word_1_358' title='bbox 3071 1924 3441 1992; x_wconf 84' lang='lat' dir='ltr'><strong>concepisses.</strong></span> 
     </span>
    </p>
   </div>
   <div class='ocr_carea' id='block_1_61' title="bbox 1869 2005 3448 2083">
    <p class='ocr_par' dir='ltr' id='par_1_61' title="bbox 1869 2005 3448 2083">
     <span class='ocr_line' id='line_1_62' title="bbox 1869 2005 3448 2083; baseline 0.004 -24"><span class='ocrx_word' id='word_1_359' title='bbox 1869 2005 2035 2077; x_wconf 85' lang='lat' dir='ltr'><strong>Virgo</strong></span> <span class='ocrx_word' id='word_1_360' title='bbox 2069 2019 2219 2063; x_wconf 86' lang='lat' dir='ltr'><strong>casta</strong></span> <span class='ocrx_word' id='word_1_361' title='bbox 2264 2010 2563 2079; x_wconf 89' lang='lat' dir='ltr'><strong>apparuisti</strong></span> <span class='ocrx_word' id='word_1_362' title='bbox 2593 2026 2607 2062; x_wconf 89' lang='lat'><strong>:</strong></span> <span class='ocrx_word' id='word_1_363' title='bbox 2634 2009 2755 2063; x_wconf 89' lang='lat' dir='ltr'><strong>ideo</strong></span> <span class='ocrx_word' id='word_1_364' title='bbox 2801 2020 2850 2064; x_wconf 91' lang='lat' dir='ltr'><strong>te</strong></span> <span class='ocrx_word' id='word_1_365' title='bbox 2898 2025 3023 2064; x_wconf 91' lang='lat' dir='ltr'><strong>cum</strong></span> <span class='ocrx_word' id='word_1_366' title='bbox 3066 2010 3173 2066; x_wconf 80' lang='lat' dir='ltr'><strong>ﬁde</strong></span> <span class='ocrx_word' id='word_1_367' title='bbox 3197 2028 3351 2083; x_wconf 75' lang='lat' dir='ltr'><strong>rogo,</strong></span> <span class='ocrx_word' id='word_1_368' title='bbox 3389 2025 3448 2068; x_wconf 91' lang='lat' dir='ltr'><strong>ut</strong></span> 
     </span>
    </p>
   </div>
   <div class='ocr_carea' id='block_1_62' title="bbox 1866 2099 2823 2170">
    <p class='ocr_par' dir='ltr' id='par_1_62' title="bbox 1866 2099 2823 2170">
     <span class='ocr_line' id='line_1_63' title="bbox 1866 2099 2823 2170; baseline 0.004 -19"><span class='ocrx_word' id='word_1_369' title='bbox 1866 2099 2063 2153; x_wconf 68' lang='lat' dir='ltr'><strong>anima:</strong></span> <span class='ocrx_word' id='word_1_370' title='bbox 2090 2114 2221 2154; x_wconf 72' lang='lat' dir='ltr'><strong>mere</strong></span> <span class='ocrx_word' id='word_1_371' title='bbox 2239 2100 2523 2168; x_wconf 77' lang='lat' dir='ltr'><strong>segnitiem</strong></span> <span class='ocrx_word' id='word_1_372' title='bbox 2563 2100 2823 2170; x_wconf 88' lang='lat' dir='ltr'><strong>depellas.</strong></span> 
     </span>
    </p>
   </div>
   <div class='ocr_carea' id='block_1_63' title="bbox 1938 2189 3451 2263">
    <p class='ocr_par' dir='ltr' id='par_1_63' title="bbox 1938 2189 3451 2263">
     <span class='ocr_line' id='line_1_64' title="bbox 1938 2189 3451 2263; baseline 0.004 -21"><span class='ocrx_word' id='word_1_373' title='bbox 1938 2189 2116 2252; x_wconf 79' lang='lat' dir='ltr'><strong>Exte,</strong></span> <span class='ocrx_word' id='word_1_374' title='bbox 2162 2205 2195 2243; x_wconf 94' lang='grc' dir='ltr'><strong>ο</strong></span> <span class='ocrx_word' id='word_1_375' title='bbox 2262 2189 2512 2258; x_wconf 84' lang='lat' dir='ltr'><strong>Deipara,</strong></span> <span class='ocrx_word' id='word_1_376' title='bbox 2550 2190 2706 2245; x_wconf 86' lang='lat' dir='ltr'><strong>nobis</strong></span> <span class='ocrx_word' id='word_1_377' title='bbox 2761 2190 2937 2245; x_wconf 82' lang='lat' dir='ltr'><strong>illuxit</strong></span> <span class='ocrx_word' id='word_1_378' title='bbox 2962 2192 3064 2255; x_wconf 87' lang='lat' dir='ltr'><strong>sol,</strong></span> <span class='ocrx_word' id='word_1_379' title='bbox 3099 2192 3191 2261; x_wconf 93' lang='lat' dir='ltr'><strong>qui</strong></span> <span class='ocrx_word' id='word_1_380' title='bbox 3238 2192 3451 2263; x_wconf 86' lang='lat' dir='ltr'><strong>ignorat</strong></span> 
     </span>
    </p>
   </div>
   <div class='ocr_carea' id='block_1_64' title="bbox 1863 2282 3449 2354">
    <p class='ocr_par' dir='ltr' id='par_1_64' title="bbox 1863 2282 3449 2354">
     <span class='ocr_line' id='line_1_65' title="bbox 1863 2282 3449 2354; baseline 0.003 -19"><span class='ocrx_word' id='word_1_381' title='bbox 1863 2296 2145 2346; x_wconf 84' lang='lat' dir='ltr'><strong>occasum,</strong></span> <span class='ocrx_word' id='word_1_382' title='bbox 2174 2296 2206 2336; x_wconf 91' lang='grc' dir='ltr'>ο</span> <span class='ocrx_word' id='word_1_383' title='bbox 2235 2282 2409 2336; x_wconf 89' lang='lat' dir='ltr'><strong>nubes</strong></span> <span class='ocrx_word' id='word_1_384' title='bbox 2437 2283 2803 2354; x_wconf 84' lang='lat' dir='ltr'><strong>undequaque</strong></span> <span class='ocrx_word' id='word_1_385' title='bbox 2838 2284 3037 2352; x_wconf 89' lang='lat' dir='ltr'><strong>lucida,</strong></span> <span class='ocrx_word' id='word_1_386' title='bbox 3062 2285 3313 2341; x_wconf 88' lang='lat' dir='ltr'><strong>Christus</strong></span> <span class='ocrx_word' id='word_1_387' title='bbox 3340 2288 3449 2342; x_wconf 87' lang='lat' dir='ltr'><strong>sei-</strong></span> 
     </span>
    </p>
   </div>
   <div class='ocr_carea' id='block_1_65' title="bbox 1860 2372 3447 2446">
    <p class='ocr_par' dir='ltr' id='par_1_65' title="bbox 1860 2372 3447 2446">
     <span class='ocr_line' id='line_1_66' title="bbox 1860 2372 3447 2446; baseline 0.005 -21"><span class='ocrx_word' id='word_1_388' title='bbox 1860 2372 1990 2427; x_wconf 89' lang='lat' dir='ltr'><strong>-licet</strong></span> <span class='ocrx_word' id='word_1_389' title='bbox 2038 2372 2178 2425; x_wconf 87' lang='lat' dir='ltr'><strong>Deus</strong></span> <span class='ocrx_word' id='word_1_390' title='bbox 2212 2382 2394 2427; x_wconf 85' lang='lat' dir='ltr'><strong>noster</strong></span> <span class='ocrx_word' id='word_1_391' title='bbox 2445 2385 2504 2427; x_wconf 92' lang='lat' dir='ltr'><strong>ut</strong></span> <span class='ocrx_word' id='word_1_392' title='bbox 2557 2390 2673 2440; x_wconf 89' lang='lat' dir='ltr'><strong>eos,</strong></span> <span class='ocrx_word' id='word_1_393' title='bbox 2700 2376 2795 2446; x_wconf 89' lang='lat' dir='ltr'><strong>qui</strong></span> <span class='ocrx_word' id='word_1_394' title='bbox 2829 2376 3151 2446; x_wconf 69' lang='lat' dir='ltr'><strong>ignorantiae</strong></span> <span class='ocrx_word' id='word_1_395' title='bbox 3207 2380 3447 2434; x_wconf 82' lang='lat' dir='ltr'><strong>tenebris</strong></span> 
     </span>
    </p>
   </div>
   <div class='ocr_carea' id='block_1_66' title="bbox 1862 2463 2669 2530">
    <p class='ocr_par' dir='ltr' id='par_1_66' title="bbox 1862 2463 2669 2530">
     <span class='ocr_line' id='line_1_67' title="bbox 1862 2463 2669 2530; baseline 0.004 -14"><span class='ocrx_word' id='word_1_396' title='bbox 1862 2463 2278 2527; x_wconf 84' lang='lat' dir='ltr'><strong>detinebantur,</strong></span> <span class='ocrx_word' id='word_1_397' title='bbox 2315 2465 2669 2530; x_wconf 82' lang='lat' dir='ltr'><strong>illuminaret.</strong></span> 
     </span>
    </p>
   </div>
   <div class='ocr_carea' id='block_1_67' title="bbox 1935 2553 3451 2626">
    <p class='ocr_par' dir='ltr' id='par_1_67' title="bbox 1935 2553 3451 2626">
     <span class='ocr_line' id='line_1_68' title="bbox 1935 2553 3451 2626; baseline 0.005 -19"><span class='ocrx_word' id='word_1_398' title='bbox 1935 2553 2070 2607; x_wconf 84' lang='lat' dir='ltr'><strong>Cum</strong></span> <span class='ocrx_word' id='word_1_399' title='bbox 2114 2554 2254 2609; x_wconf 89' lang='lat' dir='ltr'><strong>Deus</strong></span> <span class='ocrx_word' id='word_1_400' title='bbox 2297 2570 2363 2610; x_wconf 80' lang='lat' dir='ltr'><strong>ex</strong></span> <span class='ocrx_word' id='word_1_401' title='bbox 2400 2567 2471 2620; x_wconf 92' lang='lat' dir='ltr'><strong>te,</strong></span> <span class='ocrx_word' id='word_1_402' title='bbox 2505 2571 2543 2611; x_wconf 91' lang='lat'><strong>0</strong></span> <span class='ocrx_word' id='word_1_403' title='bbox 2606 2554 2786 2626; x_wconf 80' lang='lat' dir='ltr'><strong>Virgo,</strong></span> <span class='ocrx_word' id='word_1_404' title='bbox 2816 2572 2982 2613; x_wconf 86' lang='lat' dir='ltr'><strong>carne</strong></span> <span class='ocrx_word' id='word_1_405' title='bbox 3033 2558 3257 2613; x_wconf 87' lang='lat' dir='ltr'><strong>indutus</strong></span> <span class='ocrx_word' id='word_1_406' title='bbox 3304 2571 3451 2615; x_wconf 76' lang='lat' dir='ltr'><strong>esset</strong></span> 
     </span>
    </p>
   </div>
   <div class='ocr_carea' id='block_1_68' title="bbox 1868 2646 3447 2719">
    <p class='ocr_par' dir='ltr' id='par_1_68' title="bbox 1868 2646 3447 2719">
     <span class='ocr_line' id='line_1_69' title="bbox 1868 2646 3447 2719; baseline 0.004 -23"><span class='ocrx_word' id='word_1_407' title='bbox 1868 2654 2087 2712; x_wconf 87' lang='lat' dir='ltr'><strong>propter</strong></span> <span class='ocrx_word' id='word_1_408' title='bbox 2122 2661 2241 2707; x_wconf 86' lang='lat' dir='ltr'><strong>nos,</strong></span> <span class='ocrx_word' id='word_1_409' title='bbox 2269 2646 2504 2701; x_wconf 88' lang='lat' dir='ltr'><strong>universi</strong></span> <span class='ocrx_word' id='word_1_410' title='bbox 2536 2649 2750 2717; x_wconf 77' lang='lat' dir='ltr'><strong>generis</strong></span> <span class='ocrx_word' id='word_1_411' title='bbox 2806 2650 2979 2703; x_wconf 82' lang='lat' dir='ltr'><strong>nostri</strong></span> <span class='ocrx_word' id='word_1_412' title='bbox 3019 2658 3070 2704; x_wconf 92' lang='lat' dir='ltr'><strong>te</strong></span> <span class='ocrx_word' id='word_1_413' title='bbox 3094 2650 3447 2719; x_wconf 83' lang='lat' dir='ltr'><strong>purissimam</strong></span> 
     </span>
    </p>
   </div>
   <div class='ocr_carea' id='block_1_69' title="bbox 1866 2728 3446 2806">
    <p class='ocr_par' dir='ltr' id='par_1_69' title="bbox 1866 2728 3446 2806">
     <span class='ocr_line' id='line_1_70' title="bbox 1866 2728 3446 2806; baseline 0.008 -21"><span class='ocrx_word' id='word_1_414' title='bbox 1866 2728 2029 2800; x_wconf 85' lang='lat' dir='ltr'><strong>atque</strong></span> <span class='ocrx_word' id='word_1_415' title='bbox 2052 2736 2413 2792; x_wconf 79' lang='lat' dir='ltr'><strong>eastissim‘am</strong></span> <span class='ocrx_word' id='word_1_416' title='bbox 2439 2778 2453 2801; x_wconf 93' lang='lat'><strong>,</strong></span> <span class='ocrx_word' id='word_1_417' title='bbox 2478 2739 2721 2793; x_wconf 86' lang='lat' dir='ltr'><strong>divinum</strong></span> <span class='ocrx_word' id='word_1_418' title='bbox 2771 2742 3081 2806; x_wconf 70' lang='lat' dir='ltr'><strong>praesidium</strong></span> <span class='ocrx_word' id='word_1_419' title='bbox 3126 2744 3446 2799; x_wconf 78' lang='lat' dir='ltr'><strong>constituit:</strong></span> 
     </span>
    </p>
   </div>
   <div class='ocr_carea' id='block_1_70' title="bbox 1868 2824 3394 2901">
    <p class='ocr_par' dir='ltr' id='par_1_70' title="bbox 1868 2824 3394 2901">
     <span class='ocr_line' id='line_1_71' title="bbox 1868 2824 3394 2901; baseline 0.01 -26"><span class='ocrx_word' id='word_1_420' title='bbox 1868 2824 2224 2891; x_wconf 85' lang='lat' dir='ltr'><strong>quamobrem</strong></span> <span class='ocrx_word' id='word_1_421' title='bbox 2262 2840 2361 2881; x_wconf 87' lang='lat' dir='ltr'><strong>nos</strong></span> <span class='ocrx_word' id='word_1_422' title='bbox 2397 2828 2582 2883; x_wconf 83' lang='lat' dir='ltr'><strong>ﬁdeles</strong></span> <span class='ocrx_word' id='word_1_423' title='bbox 2628 2840 2677 2883; x_wconf 87' lang='lat' dir='ltr'><strong>te</strong></span> <span class='ocrx_word' id='word_1_424' title='bbox 2701 2846 2896 2901; x_wconf 86' lang='lat' dir='ltr'><strong>magna</strong></span> <span class='ocrx_word' id='word_1_425' title='bbox 2928 2849 3059 2888; x_wconf 88' lang='lat' dir='ltr'><strong>voce</strong></span> <span class='ocrx_word' id='word_1_426' title='bbox 3088 2835 3394 2891; x_wconf 79' lang='lat' dir='ltr'><strong>laudamus.</strong></span> 
     </span>
    </p>
   </div>
   <div class='ocr_carea' id='block_1_71' title="bbox 1936 2913 3446 2997">
    <p class='ocr_par' dir='ltr' id='par_1_71' title="bbox 1936 2913 3446 2997">
     <span class='ocr_line' id='line_1_72' title="bbox 1936 2913 3446 2997; baseline 0.007 -28"><span class='ocrx_word' id='word_1_427' title='bbox 1936 2913 2335 2970; x_wconf 86' lang='lat' dir='ltr'><strong>Candelabrum</strong></span> <span class='ocrx_word' id='word_1_428' title='bbox 2366 2917 2634 2988; x_wconf 80' lang='lat' dir='ltr'><strong>refulgens</strong></span> <span class='ocrx_word' id='word_1_429' title='bbox 2656 2922 2788 2975; x_wconf 90' lang='lat' dir='ltr'><strong>vidit</strong></span> <span class='ocrx_word' id='word_1_430' title='bbox 2812 2931 2861 2977; x_wconf 92' lang='lat' dir='ltr'><strong>te</strong></span> <span class='ocrx_word' id='word_1_431' title='bbox 2892 2926 3176 2993; x_wconf 84' lang='lat' dir='ltr'><strong>pmphela,</strong></span> <span class='ocrx_word' id='word_1_432' title='bbox 3201 2941 3234 2979; x_wconf 88' lang='grc' dir='ltr'><strong>ο</strong></span> <span class='ocrx_word' id='word_1_433' title='bbox 3262 2924 3446 2997; x_wconf 81' lang='lat' dir='ltr'><strong>Virgo,</strong></span> 
     </span>
    </p>
   </div>
   <div class='ocr_carea' id='block_1_72' title="bbox 1866 3004 3448 3084">
    <p class='ocr_par' dir='ltr' id='par_1_72' title="bbox 1866 3004 3448 3084">
     <span class='ocr_line' id='line_1_73' title="bbox 1866 3004 3448 3084; baseline 0.009 -29"><span class='ocrx_word' id='word_1_434' title='bbox 1866 3004 2012 3072; x_wconf 84' lang='lat' dir='ltr'><strong>quod</strong></span> <span class='ocrx_word' id='word_1_435' title='bbox 2074 3005 2373 3073; x_wconf 85' lang='lat' dir='ltr'><strong>spiritalem</strong></span> <span class='ocrx_word' id='word_1_436' title='bbox 2433 3007 2709 3063; x_wconf 85' lang='lat' dir='ltr'><strong>lucernam</strong></span> <span class='ocrx_word' id='word_1_437' title='bbox 2762 3012 3039 3067; x_wconf 83' lang='lat' dir='ltr'><strong>Christum</strong></span> <span class='ocrx_word' id='word_1_438' title='bbox 3096 3013 3323 3080; x_wconf 80' lang='lat' dir='ltr'><strong>ferebat,</strong></span> <span class='ocrx_word' id='word_1_439' title='bbox 3355 3031 3448 3084; x_wconf 85' lang='lat' dir='ltr'><strong>per</strong></span> 
     </span>
    </p>
   </div>
   <div class='ocr_carea' id='block_1_73' title="bbox 1865 3097 3444 3175">
    <p class='ocr_par' dir='ltr' id='par_1_73' title="bbox 1865 3097 3444 3175">
     <span class='ocr_line' id='line_1_74' title="bbox 1865 3097 3444 3175; baseline 0.008 -28"><span class='ocrx_word' id='word_1_440' title='bbox 1865 3110 2029 3164; x_wconf 87' lang='lat' dir='ltr'><strong>quem</strong></span> <span class='ocrx_word' id='word_1_441' title='bbox 2049 3097 2215 3167; x_wconf 71' lang='lat'><strong>279</strong></span> <span class='ocrx_word' id='word_1_442' title='bbox 2234 3114 2355 3165; x_wconf 89' lang='lat' dir='ltr'><strong>nos,</strong></span> <span class='ocrx_word' id='word_1_443' title='bbox 2373 3100 2465 3168; x_wconf 88' lang='lat' dir='ltr'><strong>qui</strong></span> <span class='ocrx_word' id='word_1_444' title='bbox 2485 3102 2538 3154; x_wconf 91' lang='lat' dir='ltr'><strong>in</strong></span> <span class='ocrx_word' id='word_1_445' title='bbox 2564 3103 2830 3157; x_wconf 88' lang='lat' dir='ltr'><strong>malorum</strong></span> <span class='ocrx_word' id='word_1_446' title='bbox 2857 3106 3444 3175; x_wconf 86' lang='lat' dir='ltr'><strong>tenebrisjacebamus,</strong></span> 
     </span>
    </p>
   </div>
   <div class='ocr_carea' id='block_1_74' title="bbox 1864 3186 3443 3267">
    <p class='ocr_par' dir='ltr' id='par_1_74' title="bbox 1864 3186 3443 3267">
     <span class='ocr_line' id='line_1_75' title="bbox 1864 3186 3443 3267; baseline 0.006 -28"><span class='ocrx_word' id='word_1_447' title='bbox 1864 3186 2155 3243; x_wconf 84' lang='lat' dir='ltr'><strong>illuminatl</strong></span> <span class='ocrx_word' id='word_1_448' title='bbox 2212 3204 2423 3256; x_wconf 83' lang='lat' dir='ltr'><strong>sumus,</strong></span> <span class='ocrx_word' id='word_1_449' title='bbox 2448 3200 2502 3247; x_wconf 86' lang='lat' dir='ltr'><strong>et</strong></span> <span class='ocrx_word' id='word_1_450' title='bbox 2534 3202 2610 3259; x_wconf 84' lang='lat' dir='ltr'><strong>te,</strong></span> <span class='ocrx_word' id='word_1_451' title='bbox 2644 3208 2677 3247; x_wconf 92' lang='grc' dir='ltr'><strong>ο</strong></span> <span class='ocrx_word' id='word_1_452' title='bbox 2738 3208 2953 3263; x_wconf 85' lang='lat' dir='ltr'><strong>semper</strong></span> <span class='ocrx_word' id='word_1_453' title='bbox 3003 3194 3167 3266; x_wconf 79' lang='lat' dir='ltr'><strong>Virgo</strong></span> <span class='ocrx_word' id='word_1_454' title='bbox 3193 3196 3443 3267; x_wconf 82' lang='lat' dir='ltr'><strong>Deipara,</strong></span> 
     </span>
    </p>
   </div>
   <div class='ocr_carea' id='block_1_75' title="bbox 1864 3276 2388 3335">
    <p class='ocr_par' dir='ltr' id='par_1_75' title="bbox 1864 3276 2388 3335">
     <span class='ocr_line' id='line_1_76' title="bbox 1864 3276 2388 3335; baseline 0 -2"><span class='ocrx_word' id='word_1_455' title='bbox 1864 3279 2077 3334; x_wconf 86' lang='lat' dir='ltr'><strong>beatam</strong></span> <span class='ocrx_word' id='word_1_456' title='bbox 2101 3276 2388 3335; x_wconf 88' lang='lat' dir='ltr'><strong>vocamus.</strong></span> 
     </span>
    </p>
   </div>
   <div class='ocr_carea' id='block_1_76' title="bbox 2113 3386 3178 3456">
    <p class='ocr_par' dir='ltr' id='par_1_76' title="bbox 2113 3386 3178 3456">
     <span class='ocr_line' id='line_1_77' title="bbox 2113 3386 3178 3456; baseline 0.009 -17"><span class='ocrx_word' id='word_1_457' title='bbox 2113 3386 2194 3439; x_wconf 82' lang='lat' dir='ltr'><strong>Ea:</strong></span> <span class='ocrx_word' id='word_1_458' title='bbox 2228 3386 2442 3443; x_wconf 84' lang='lat' dir='ltr'><strong>Canone</strong></span> <span class='ocrx_word' id='word_1_459' title='bbox 2466 3388 2609 3456; x_wconf 76' lang='lat' dir='ltr'><strong>feria:</strong></span> <span class='ocrx_word' id='word_1_460' title='bbox 2637 3405 2713 3456; x_wconf 74' lang='lat' dir='ltr'><strong>v1,</strong></span> <span class='ocrx_word' id='word_1_461' title='bbox 2747 3392 2815 3443; x_wconf 86' lang='lat' dir='ltr'><strong>ad</strong></span> <span class='ocrx_word' id='word_1_462' title='bbox 2843 3392 3178 3448; x_wconf 80' lang='lat' dir='ltr'><strong>Matutinum.</strong></span> 
     </span>
    </p>
   </div>
   <div class='ocr_carea' id='block_1_77' title="bbox 1934 3544 3444 3620">
    <p class='ocr_par' dir='ltr' id='par_1_77' title="bbox 1934 3544 3444 3620">
     <span class='ocr_line' id='line_1_78' title="bbox 1934 3544 3444 3620; baseline 0.007 -23"><span class='ocrx_word' id='word_1_463' title='bbox 1934 3544 2139 3605; x_wconf 84' lang='lat' dir='ltr'><strong>Novum</strong></span> <span class='ocrx_word' id='word_1_464' title='bbox 2167 3545 2429 3601; x_wconf 77' lang='lat' dir='ltr'><strong>infantem</strong></span> <span class='ocrx_word' id='word_1_465' title='bbox 2462 3548 2718 3617; x_wconf 83' lang='lat' dir='ltr'><strong>peperisti</strong></span> <span class='ocrx_word' id='word_1_466' title='bbox 2773 3549 2957 3611; x_wconf 88' lang='lat' dir='ltr'><strong>nobis.</strong></span> <span class='ocrx_word' id='word_1_467' title='bbox 2980 3551 3267 3620; x_wconf 85' lang='lat' dir='ltr'><strong>antiquum</strong></span> <span class='ocrx_word' id='word_1_468' title='bbox 3326 3554 3444 3608; x_wconf 82' lang='lat' dir='ltr'><strong>die-</strong></span> 
     </span>
    </p>
   </div>
   <div class='ocr_carea' id='block_1_78' title="bbox 1864 3634 3434 3708">
    <p class='ocr_par' dir='ltr' id='par_1_78' title="bbox 1864 3634 3434 3708">
     <span class='ocr_line' id='line_1_79' title="bbox 1864 3634 3434 3708; baseline 0.006 -22"><span class='ocrx_word' id='word_1_469' title='bbox 1864 3649 2008 3697; x_wconf 84' lang='lat' dir='ltr'><strong>rum,</strong></span> <span class='ocrx_word' id='word_1_470' title='bbox 2042 3634 2401 3687; x_wconf 87' lang='lat' dir='ltr'><strong>ocastissima</strong></span> <span class='ocrx_word' id='word_1_471' title='bbox 2448 3643 2610 3702; x_wconf 83' lang='lat' dir='ltr'><strong>atque</strong></span> <span class='ocrx_word' id='word_1_472' title='bbox 2662 3636 2955 3704; x_wconf 85' lang='lat' dir='ltr'><strong>purissima</strong></span> <span class='ocrx_word' id='word_1_473' title='bbox 2991 3636 3176 3708; x_wconf 77' lang='lat' dir='ltr'><strong>Virgo,</strong></span> <span class='ocrx_word' id='word_1_474' title='bbox 3214 3643 3303 3708; x_wconf 91' lang='lat' dir='ltr'><strong>qui</strong></span> <span class='ocrx_word' id='word_1_475' title='bbox 3361 3643 3434 3695; x_wconf 83' lang='lat' dir='ltr'><strong>di-</strong></span> 
     </span>
    </p>
   </div>
   <div class='ocr_carea' id='block_1_79' title="bbox 1863 3710 3443 3793">
    <p class='ocr_par' dir='ltr' id='par_1_79' title="bbox 1863 3710 3443 3793">
     <span class='ocr_line' id='line_1_80' title="bbox 1863 3710 3443 3793; baseline 0.007 -19"><span class='ocrx_word' id='word_1_476' title='bbox 1863 3725 1987 3776; x_wconf 89' lang='lat' dir='ltr'><strong>vina</strong></span> <span class='ocrx_word' id='word_1_477' title='bbox 2028 3710 2280 3793; x_wconf 79' lang='lat' dir='ltr'><strong>passione</strong></span> <span class='ocrx_word' id='word_1_478' title='bbox 2325 3738 2445 3790; x_wconf 79' lang='lat' dir='ltr'><strong>sua,</strong></span> <span class='ocrx_word' id='word_1_479' title='bbox 2480 3721 2836 3781; x_wconf 79' lang='lat' dir='ltr'><strong>inveteratam</strong></span> <span class='ocrx_word' id='word_1_480' title='bbox 2873 3728 3155 3783; x_wconf 90' lang='lat' dir='ltr'><strong>hominum</strong></span> <span class='ocrx_word' id='word_1_481' title='bbox 3190 3740 3443 3787; x_wconf 87' lang='lat' dir='ltr'><strong>naturam</strong></span> 
     </span>
    </p>
   </div>
   <div class='ocr_carea' id='block_1_80' title="bbox 1862 3815 2173 3869">
    <p class='ocr_par' dir='ltr' id='par_1_80' title="bbox 1862 3815 2173 3869">
     <span class='ocr_line' id='line_1_81' title="bbox 1862 3815 2173 3869; baseline 0.003 -1"><span class='ocrx_word' id='word_1_482' title='bbox 1862 3815 2173 3869; x_wconf 85' lang='lat' dir='ltr'><strong>renovavit.</strong></span> 
     </span>
    </p>
   </div>
   <div class='ocr_carea' id='block_1_81' title="bbox 1936 3904 3444 3981">
    <p class='ocr_par' dir='ltr' id='par_1_81' title="bbox 1936 3904 3444 3981">
     <span class='ocr_line' id='line_1_82' title="bbox 1936 3904 3444 3981; baseline 0.006 -23"><span class='ocrx_word' id='word_1_483' title='bbox 1936 3904 2071 3959; x_wconf 68' lang='lat' dir='ltr'><strong>Viue</strong></span> <span class='ocrx_word' id='word_1_484' title='bbox 2101 3905 2259 3981; x_wconf 82' lang='lat' dir='ltr'><strong>nobis</strong></span> <span class='ocrx_word' id='word_1_485' title='bbox 2301 3914 2509 3972; x_wconf 82' lang='lat' dir='ltr'><strong>auctor,</strong></span> <span class='ocrx_word' id='word_1_486' title='bbox 2537 3907 2780 3963; x_wconf 90' lang='lat' dir='ltr'><strong>moriens</strong></span> <span class='ocrx_word' id='word_1_487' title='bbox 2834 3908 2889 3963; x_wconf 92' lang='lat' dir='ltr'><strong>in</strong></span> <span class='ocrx_word' id='word_1_488' title='bbox 2930 3910 3102 3979; x_wconf 86' lang='lat' dir='ltr'><strong>ligno,</strong></span> <span class='ocrx_word' id='word_1_489' title='bbox 3139 3910 3313 3966; x_wconf 82' lang='lat' dir='ltr'><strong>factus</strong></span> <span class='ocrx_word' id='word_1_490' title='bbox 3360 3925 3444 3968; x_wconf 89' lang='lat' dir='ltr'><strong>est</strong></span> 
     </span>
    </p>
   </div>
   <div class='ocr_carea' id='block_1_82' title="bbox 1860 3995 3443 4071">
    <p class='ocr_par' dir='ltr' id='par_1_82' title="bbox 1860 3995 3443 4071">
     <span class='ocr_line' id='line_1_83' title="bbox 1860 3995 3443 4071; baseline 0.004 -20"><span class='ocrx_word' id='word_1_491' title='bbox 1860 3997 2035 4053; x_wconf 89' lang='lat' dir='ltr'><strong>Filius</strong></span> <span class='ocrx_word' id='word_1_492' title='bbox 2064 4003 2119 4059; x_wconf 76' lang='lat' dir='ltr'><strong>et</strong></span> <span class='ocrx_word' id='word_1_493' title='bbox 2151 3995 2414 4051; x_wconf 82' lang='lat' dir='ltr'><strong>Dominus</strong></span> <span class='ocrx_word' id='word_1_494' title='bbox 2440 4006 2589 4063; x_wconf 82' lang='lat' dir='ltr'><strong>tuus,</strong></span> <span class='ocrx_word' id='word_1_495' title='bbox 2615 4009 2651 4051; x_wconf 87' lang='grc' dir='ltr'>ο</span> <span class='ocrx_word' id='word_1_496' title='bbox 2678 4006 2852 4062; x_wconf 86' lang='lat' dir='ltr'><strong>casta,</strong></span> <span class='ocrx_word' id='word_1_497' title='bbox 2888 3999 2980 4068; x_wconf 90' lang='lat' dir='ltr'><strong>qui</strong></span> <span class='ocrx_word' id='word_1_498' title='bbox 3014 4000 3286 4071; x_wconf 81' lang='lat' dir='ltr'><strong>gloriﬁcat</strong></span> <span class='ocrx_word' id='word_1_499' title='bbox 3324 4004 3443 4057; x_wconf 87' lang='lat' dir='ltr'><strong>lau-</strong></span> 
     </span>
    </p>
   </div>
   <div class='ocr_carea' id='block_1_83' title="bbox 1860 4091 2256 4145">
    <p class='ocr_par' dir='ltr' id='par_1_83' title="bbox 1860 4091 2256 4145">
     <span class='ocr_line' id='line_1_84' title="bbox 1860 4091 2256 4145; baseline -0.005 0"><span class='ocrx_word' id='word_1_500' title='bbox 1860 4091 2081 4145; x_wconf 89' lang='lat' dir='ltr'><strong>datores</strong></span> <span class='ocrx_word' id='word_1_501' title='bbox 2106 4096 2256 4145; x_wconf 83' lang='lat' dir='ltr'><strong>tuos.</strong></span> 
     </span>
    </p>
   </div>
   <div class='ocr_carea' id='block_1_84' title="bbox 1929 4180 3439 4255">
    <p class='ocr_par' dir='ltr' id='par_1_84' title="bbox 1929 4180 3439 4255">
     <span class='ocr_line' id='line_1_85' title="bbox 1929 4180 3439 4255; baseline 0.003 -20"><span class='ocrx_word' id='word_1_502' title='bbox 1929 4182 2069 4236; x_wconf 89' lang='lat' dir='ltr'><strong>Cum</strong></span> <span class='ocrx_word' id='word_1_503' title='bbox 2098 4181 2391 4251; x_wconf 56' lang='lat' dir='ltr'><strong>viderestin</strong></span> <span class='ocrx_word' id='word_1_504' title='bbox 2415 4196 2578 4236; x_wconf 88' lang='lat' dir='ltr'><strong>cruce</strong></span> <span class='ocrx_word' id='word_1_505' title='bbox 2599 4180 2904 4247; x_wconf 85' lang='lat' dir='ltr'><strong>Christum,</strong></span> <span class='ocrx_word' id='word_1_506' title='bbox 2933 4199 3095 4253; x_wconf 89' lang='lat' dir='ltr'><strong>quem</strong></span> <span class='ocrx_word' id='word_1_507' title='bbox 3133 4199 3439 4255; x_wconf 85' lang='lat' dir='ltr'><strong>pepereras,</strong></span> 
     </span>
    </p>
   </div>
   <div class='ocr_carea' id='block_1_85' title="bbox 1859 4270 3434 4341">
    <p class='ocr_par' dir='ltr' id='par_1_85' title="bbox 1859 4270 3434 4341">
     <span class='ocr_line' id='line_1_86' title="bbox 1859 4270 3434 4341; baseline 0.003 -13"><span class='ocrx_word' id='word_1_508' title='bbox 1859 4287 1893 4328; x_wconf 93' lang='lat' dir='ltr'><strong>o</strong></span> <span class='ocrx_word' id='word_1_509' title='bbox 1931 4287 2091 4341; x_wconf 87' lang='lat' dir='ltr'><strong>pura,</strong></span> <span class='ocrx_word' id='word_1_510' title='bbox 2121 4270 2443 4326; x_wconf 72' lang='lat' dir='ltr'><strong>ineﬁ‘abilem</strong></span> <span class='ocrx_word' id='word_1_511' title='bbox 2500 4272 2642 4326; x_wconf 87' lang='lat' dir='ltr'><strong>illius</strong></span> <span class='ocrx_word' id='word_1_512' title='bbox 2676 4273 2997 4340; x_wconf 80' lang='lat' dir='ltr'><strong>patientiam</strong></span> <span class='ocrx_word' id='word_1_513' title='bbox 3026 4276 3391 4332; x_wconf 73' lang='lat' dir='ltr'><strong>admirabaris</strong></span> <span class='ocrx_word' id='word_1_514' title='bbox 3429 4299 3434 4305; x_wconf 59' lang='grc' dir='ltr'><em>υ</em></span> 
     </span>
    </p>
   </div>
   <div class='ocr_carea' id='block_1_86' title="bbox 1860 4361 2801 4435">
    <p class='ocr_par' dir='ltr' id='par_1_86' title="bbox 1860 4361 2801 4435">
     <span class='ocr_line' id='line_1_87' title="bbox 1860 4361 2801 4435; baseline 0 -17"><span class='ocrx_word' id='word_1_515' title='bbox 1860 4379 2030 4435; x_wconf 86' lang='lat' dir='ltr'><strong>quare</strong></span> <span class='ocrx_word' id='word_1_516' title='bbox 2062 4366 2257 4417; x_wconf 88' lang='lat' dir='ltr'><strong>tecum</strong></span> <span class='ocrx_word' id='word_1_517' title='bbox 2280 4363 2373 4415; x_wconf 92' lang='lat' dir='ltr'><strong>illo</strong></span> <span class='ocrx_word' id='word_1_518' title='bbox 2407 4361 2801 4430; x_wconf 79' lang='lat' dir='ltr'><strong>gloriﬁcamus.</strong></span> 
     </span>
    </p>
   </div>
   <div class='ocr_carea' id='block_1_87' title="bbox 262 4450 1759 4533">
    <p class='ocr_par' dir='ltr' id='par_1_87' title="bbox 262 4460 1757 4533">
     <span class='ocr_line' id='line_1_88' title="bbox 262 4460 1757 4533; baseline -0.005 -13"><span class='ocrx_word' id='word_1_519' title='bbox 262 4462 471 4520; x_wconf 78' lang='grc' dir='ltr'>Ἰδοῦσα</span> <span class='ocrx_word' id='word_1_520' title='bbox 502 4461 592 4515; x_wconf 75' lang='grc' dir='ltr'><strong>ἐπὶ</strong></span> <span class='ocrx_word' id='word_1_521' title='bbox 640 4461 779 4531; x_wconf 81' lang='grc' dir='ltr'>ξύλῳ</span> <span class='ocrx_word' id='word_1_522' title='bbox 811 4461 1139 4513; x_wconf 81' lang='grc' dir='ltr'>ὑπνώσαντα</span> <span class='ocrx_word' id='word_1_523' title='bbox 1166 4460 1257 4513; x_wconf 72' lang='grc' dir='ltr'>τὸν</span> <span class='ocrx_word' id='word_1_524' title='bbox 1290 4460 1589 4531; x_wconf 79' lang='grc' dir='ltr'>Δεσπότην,</span> <span class='ocrx_word' id='word_1_525' title='bbox 1625 4461 1757 4533; x_wconf 91' lang='grc' dir='ltr'>θρη-</span> 
     </span>
    </p>
   </div>
   <div class='ocr_carea' id='block_1_88' title="bbox 1889 4450 3437 4533">
    <p class='ocr_par' dir='ltr' id='par_1_88' title="bbox 1934 4450 3437 4521">
     <span class='ocr_line' id='line_1_89' title="bbox 1934 4450 3437 4521; baseline -0.004 -14"><span class='ocrx_word' id='word_1_526' title='bbox 1934 4453 2071 4507; x_wconf 84' lang='lat' dir='ltr'><strong>Cum</strong></span> <span class='ocrx_word' id='word_1_527' title='bbox 2103 4450 2332 4505; x_wconf 88' lang='lat' dir='ltr'><strong>vidisses</strong></span> <span class='ocrx_word' id='word_1_528' title='bbox 2360 4450 2651 4503; x_wconf 88' lang='lat' dir='ltr'><strong>Dominum</strong></span> <span class='ocrx_word' id='word_1_529' title='bbox 2686 4456 2850 4519; x_wconf 85' lang='lat' dir='ltr'><strong>super</strong></span> <span class='ocrx_word' id='word_1_530' title='bbox 2875 4451 3057 4517; x_wconf 86' lang='lat' dir='ltr'><strong>crucis</strong></span> <span class='ocrx_word' id='word_1_531' title='bbox 3088 4451 3295 4521; x_wconf 86' lang='lat' dir='ltr'><strong>lignum</strong></span> <span class='ocrx_word' id='word_1_532' title='bbox 3344 4452 3437 4506; x_wconf 80' lang='lat' dir='ltr'><strong>oh-</strong></span> 
     </span>
    </p>
   </div>
   <div class='ocr_carea' id='block_1_89' title="bbox 170 4551 1469 4623">
    <p class='ocr_par' dir='ltr' id='par_1_89' title="bbox 170 4551 1469 4623">
     <span class='ocr_line' id='line_1_90' title="bbox 170 4551 1469 4623; baseline -0.003 -13"><span class='ocrx_word' id='word_1_533' title='bbox 170 4553 343 4610; x_wconf 84' lang='grc' dir='ltr'>νοῦσα</span> <span class='ocrx_word' id='word_1_534' title='bbox 370 4552 656 4623; x_wconf 67' lang='grc' dir='ltr'>ἠλάλαζες,</span> <span class='ocrx_word' id='word_1_535' title='bbox 682 4551 1110 4621; x_wconf 85' lang='grc' dir='ltr'>Παρθενομῆτορ</span> <span class='ocrx_word' id='word_1_536' title='bbox 1143 4552 1469 4622; x_wconf 78' lang='grc' dir='ltr'>πανάμωμε.</span> 
     </span>
    </p>
   </div>
   <div class='ocr_carea' id='block_1_90' title="bbox 257 4735 1754 4809">
    <p class='ocr_par' dir='ltr' id='par_1_90' title="bbox 257 4735 1754 4809">
     <span class='ocr_line' id='line_1_91' title="bbox 257 4735 1754 4809; baseline -0.002 -15"><span class='ocrx_word' id='word_1_537' title='bbox 257 4739 535 4809; x_wconf 84' lang='grc' dir='ltr'>Ῥομφαία</span> <span class='ocrx_word' id='word_1_538' title='bbox 557 4738 653 4807; x_wconf 80' lang='grc' dir='ltr'>τὴν</span> <span class='ocrx_word' id='word_1_539' title='bbox 676 4736 906 4805; x_wconf 83' lang='grc' dir='ltr'>καρδίαν</span> <span class='ocrx_word' id='word_1_540' title='bbox 932 4752 1025 4787; x_wconf 89' lang='grc' dir='ltr'><strong>σου</strong></span> <span class='ocrx_word' id='word_1_541' title='bbox 1052 4735 1287 4806; x_wconf 80' lang='grc' dir='ltr'>διῆλθεν,</span> <span class='ocrx_word' id='word_1_542' title='bbox 1312 4737 1471 4805; x_wconf 81' lang='grc' dir='ltr'>ἡνίκα</span> <span class='ocrx_word' id='word_1_543' title='bbox 1496 4740 1754 4807; x_wconf 82' lang='grc' dir='ltr'>σταυρού-</span> 
     </span>
    </p>
   </div>
   <div class='ocr_carea' id='block_1_91' title="bbox 172 4826 1748 4903">
    <p class='ocr_par' dir='ltr' id='par_1_91' title="bbox 172 4826 1748 4903">
     <span class='ocr_line' id='line_1_92' title="bbox 172 4826 1748 4903; baseline -0.001 -19"><span class='ocrx_word' id='word_1_544' title='bbox 172 4850 341 4903; x_wconf 84' lang='grc' dir='ltr'>μενον</span> <span class='ocrx_word' id='word_1_545' title='bbox 387 4832 481 4884; x_wconf 78' lang='grc' dir='ltr'><strong>τὸν</strong></span> <span class='ocrx_word' id='word_1_546' title='bbox 528 4829 768 4897; x_wconf 80' lang='grc' dir='ltr'>Κτίστην</span> <span class='ocrx_word' id='word_1_547' title='bbox 806 4826 1090 4888; x_wconf 86' lang='grc' dir='ltr'>τεθέασαι,</span> <span class='ocrx_word' id='word_1_548' title='bbox 1141 4826 1384 4895; x_wconf 86' lang='grc' dir='ltr'>Παρθένε</span> <span class='ocrx_word' id='word_1_549' title='bbox 1418 4829 1748 4899; x_wconf 77' lang='grc' dir='ltr'>πανάμωμε,</span> 
     </span>
    </p>
   </div>
   <div class='ocr_carea' id='block_1_92' title="bbox 170 4918 1394 4993">
    <p class='ocr_par' dir='ltr' id='par_1_92' title="bbox 170 4918 1394 4993">
     <span class='ocr_line' id='line_1_93' title="bbox 170 4918 1394 4993; baseline -0.006 -15"><span class='ocrx_word' id='word_1_550' title='bbox 170 4926 271 4978; x_wconf 70' lang='grc' dir='ltr'><strong>καὶ</strong></span> <span class='ocrx_word' id='word_1_551' title='bbox 300 4924 468 4993; x_wconf 79' lang='grc' dir='ltr'>λόγχῃ</span> <span class='ocrx_word' id='word_1_552' title='bbox 496 4921 647 4975; x_wconf 80' lang='grc' dir='ltr'>θείαν</span> <span class='ocrx_word' id='word_1_553' title='bbox 681 4918 923 4989; x_wconf 80' lang='grc' dir='ltr'>πλευρὰν</span> <span class='ocrx_word' id='word_1_554' title='bbox 952 4918 1394 4988; x_wconf 75' lang='grc' dir='ltr'>ὲξορυττόμενον.</span> 
     </span>
    </p>
   </div>
   <div class='ocr_carea' id='block_1_93' title="bbox 246 5152 1747 5235">
    <p class='ocr_par' dir='ltr' id='par_1_93' title="bbox 246 5152 1747 5235">
     <span class='ocr_line' id='line_1_94' title="bbox 246 5152 1747 5235; baseline -0.005 -19"><span class='ocrx_word' id='word_1_555' title='bbox 246 5159 557 5235; x_wconf 52' lang='grc' dir='ltr'>(Ἐλεεινςι</span> <span class='ocrx_word' id='word_1_556' title='bbox 602 5158 763 5235; x_wconf 74' lang='lat' dir='ltr'><strong>Joan_.</strong></span> <span class='ocrx_word' id='word_1_557' title='bbox 812 5155 1099 5235; x_wconf 56' lang='lat' dir='ltr'><strong>geometra</strong></span> <span class='ocrx_word' id='word_1_558' title='bbox 1132 5152 1409 5235; x_wconf 47' lang='lat' dir='ltr'><strong>hymno;</strong></span> <span class='ocrx_word' id='word_1_559' title='bbox 1430 5153 1496 5208; x_wconf 93' lang='lat' dir='ltr'><strong>de</strong></span> <span class='ocrx_word' id='word_1_560' title='bbox 1525 5153 1587 5208; x_wconf 88' lang='grc' dir='ltr'><strong>Β.</strong></span> <span class='ocrx_word' id='word_1_561' title='bbox 1624 5154 1747 5210; x_wconf 79' lang='lat' dir='ltr'><strong>Vir-</strong></span> 
     </span>
    </p>
   </div>
   <div class='ocr_carea' id='block_1_94' title="bbox 169 5224 1465 5306">
    <p class='ocr_par' dir='ltr' id='par_1_94' title="bbox 169 5224 1465 5306">
     <span class='ocr_line' id='line_1_95' title="bbox 169 5224 1465 5306; baseline -0.005 -20"><span class='ocrx_word' id='word_1_562' title='bbox 169 5224 318 5306; x_wconf 77' lang='lat' dir='ltr'><strong>gine,</strong></span> <span class='ocrx_word' id='word_1_563' title='bbox 340 5224 483 5287; x_wconf 57' lang='lat' dir='ltr'><strong>&#39;dum</strong></span> <span class='ocrx_word' id='word_1_564' title='bbox 515 5230 687 5298; x_wconf 89' lang='lat' dir='ltr'><strong>ipsam</strong></span> <span class='ocrx_word' id='word_1_565' title='bbox 720 5227 777 5281; x_wconf 85' lang='grc' dir='ltr'><strong>Β.</strong></span> <span class='ocrx_word' id='word_1_566' title='bbox 813 5226 1087 5295; x_wconf 80' lang='lat' dir='ltr'><strong>Virginem</strong></span> <span class='ocrx_word' id='word_1_567' title='bbox 1116 5228 1194 5279; x_wconf 87' lang='lat' dir='ltr'><strong>sie</strong></span> <span class='ocrx_word' id='word_1_568' title='bbox 1216 5224 1418 5277; x_wconf 90' lang='lat' dir='ltr'><strong>salutat</strong></span> <span class='ocrx_word' id='word_1_569' title='bbox 1453 5242 1465 5279; x_wconf 93' lang='lat'><strong>:</strong></span> 
     </span>
    </p>
   </div>
   <div class='ocr_carea' id='block_1_95' title="bbox 454 5316 1462 5390">
    <p class='ocr_par' dir='ltr' id='par_1_95' title="bbox 454 5316 1462 5390">
     <span class='ocr_line' id='line_1_96' title="bbox 454 5316 1462 5390; baseline -0.007 -13"><span class='ocrx_word' id='word_1_570' title='bbox 454 5322 582 5389; x_wconf 75' lang='grc' dir='ltr'>Αυε,</span> <span class='ocrx_word' id='word_1_571' title='bbox 617 5320 853 5390; x_wconf 75' lang='lat' dir='ltr'><strong>primvi</strong></span> <span class='ocrx_word' id='word_1_572' title='bbox 906 5319 1072 5372; x_wconf 65' lang='lat' dir='ltr'><strong>libera</strong></span> <span class='ocrx_word' id='word_1_573' title='bbox 1101 5317 1216 5370; x_wconf 68' lang='lat' dir='ltr'><strong>labe</strong></span> <span class='ocrx_word' id='word_1_574' title='bbox 1262 5316 1462 5369; x_wconf 69' lang='lat' dir='ltr'><strong>Putris.</strong></span> 
     </span>
    </p>
   </div>
   <div class='ocr_carea' id='block_1_96' title="bbox 169 5390 1749 5487">
    <p class='ocr_par' dir='ltr' id='par_1_96' title="bbox 169 5390 1749 5487">
     <span class='ocr_line' id='line_1_97' title="bbox 169 5390 1749 5487; baseline -0.009 -12"><span class='ocrx_word' id='word_1_575' title='bbox 169 5420 335 5475; x_wconf 72' lang='lat' dir='ltr'><strong>Favet</strong></span> <span class='ocrx_word' id='word_1_576' title='bbox 385 5417 550 5471; x_wconf 89' lang='lat' dir='ltr'><strong>etiam</strong></span> <span class='ocrx_word' id='word_1_577' title='bbox 615 5414 869 5487; x_wconf 57' lang='lat' dir='ltr'><strong>hymnus</strong></span> <span class='ocrx_word' id='word_1_578' title='bbox 905 5390 1205 5487; x_wconf 59' lang='lat' dir='ltr'><strong>cujusdam</strong></span> <span class='ocrx_word' id='word_1_579' title='bbox 1260 5406 1749 5487; x_wconf 50' lang='lat' dir='ltr'><strong>hlissalismntiqui</strong></span> 
     </span>
    </p>
   </div>
   <div class='ocr_carea' id='block_1_97' title="bbox 170 5478 1751 5559">
    <p class='ocr_par' dir='ltr' id='par_1_97' title="bbox 170 5478 1751 5559">
     <span class='ocr_line' id='line_1_98' title="bbox 170 5478 1751 5559; baseline -0.008 -15"><span class='ocrx_word' id='word_1_580' title='bbox 170 5492 314 5559; x_wconf 85' lang='lat' dir='ltr'><strong>apud</strong></span> <span class='ocrx_word' id='word_1_581' title='bbox 367 5478 684 5554; x_wconf 78' lang='lat' dir='ltr'><strong>Bolingketit</strong></span> <span class='ocrx_word' id='word_1_582' title='bbox 719 5483 775 5536; x_wconf 87' lang='lat' dir='ltr'><strong>in</strong></span> <span class='ocrx_word' id='word_1_583' title='bbox 827 5481 1099 5534; x_wconf 75' lang='lat' dir='ltr'><strong>Parnasso</strong></span> <span class='ocrx_word' id='word_1_584' title='bbox 1147 5478 1524 5544; x_wconf 83' lang='lat' dir='ltr'><strong>Mariano,ubi</strong></span> <span class='ocrx_word' id='word_1_585' title='bbox 1565 5481 1642 5533; x_wconf 88' lang='lat' dir='ltr'><strong>sic</strong></span> <span class='ocrx_word' id='word_1_586' title='bbox 1675 5478 1751 5533; x_wconf 76' lang='lat' dir='ltr'><strong>ie-</strong></span> 
     </span>
    </p>
   </div>
   <div class='ocr_carea' id='block_1_98' title="bbox 168 5563 338 5630">
    <p class='ocr_par' dir='ltr' id='par_1_98' title="bbox 168 5563 338 5630">
     <span class='ocr_line' id='line_1_99' title="bbox 168 5563 338 5630; baseline -0.006 -16"><span class='ocrx_word' id='word_1_587' title='bbox 168 5563 338 5630; x_wconf 79' lang='lat' dir='ltr'><strong>gitur.</strong></span> 
     </span>
    </p>
   </div>
   <div class='ocr_carea' id='block_1_99' title="bbox 353 5644 1189 5714">
    <p class='ocr_par' dir='ltr' id='par_1_99' title="bbox 353 5644 1189 5714">
     <span class='ocr_line' id='line_1_100' title="bbox 353 5644 1189 5714; baseline -0.01 -12"><span class='ocrx_word' id='word_1_588' title='bbox 353 5645 363 5653; x_wconf 83' lang='grc'><em>’</em></span> <span class='ocrx_word' id='word_1_589' title='bbox 530 5649 653 5710; x_wconf 73' lang='lat' dir='ltr'><strong>Ave,</strong></span> <span class='ocrx_word' id='word_1_590' title='bbox 682 5646 881 5714; x_wconf 76' lang='lat' dir='ltr'><strong>Regina</strong></span> <span class='ocrx_word' id='word_1_591' title='bbox 921 5644 1189 5696; x_wconf 68' lang='lat' dir='ltr'><strong>calorum.</strong></span> 
     </span>
    </p>
   </div>
   <div class='ocr_carea' id='block_1_100' title="bbox 525 5716 1242 5782">
    <p class='ocr_par' dir='ltr' id='par_1_100' title="bbox 525 5716 1242 5782">
     <span class='ocr_line' id='line_1_101' title="bbox 525 5716 1242 5782; baseline -0.007 -12"><span class='ocrx_word' id='word_1_592' title='bbox 525 5718 681 5770; x_wconf 84' lang='lat' dir='ltr'><strong>Omni</strong></span> <span class='ocrx_word' id='word_1_593' title='bbox 702 5717 859 5768; x_wconf 81' lang='lat' dir='ltr'><strong>laude</strong></span> <span class='ocrx_word' id='word_1_594' title='bbox 901 5716 1242 5782; x_wconf 76' lang='lat' dir='ltr'><strong>dignissima;</strong></span> 
     </span>
    </p>
   </div>
   <div class='ocr_carea' id='block_1_101' title="bbox 476 5806 1077 5879">
    <p class='ocr_par' dir='ltr' id='par_1_101' title="bbox 476 5806 1077 5879">
     <span class='ocr_line' id='line_1_102' title="bbox 476 5806 1077 5879; baseline -0.013 -5"><span class='ocrx_word' id='word_1_595' title='bbox 476 5813 739 5874; x_wconf 73' lang='lat' dir='ltr'><strong>Parnon.</strong></span> <span class='ocrx_word' id='word_1_596' title='bbox 780 5808 911 5879; x_wconf 31' lang='lat' dir='ltr'><strong>‘Ga.</strong></span> <span class='ocrx_word' id='word_1_597' title='bbox 956 5806 1077 5866; x_wconf 89' lang='lat' dir='ltr'><strong>CV.</strong></span> 
     </span>
    </p>
   </div>
   <div class='ocr_carea' id='block_1_102' title="bbox 1863 4539 3430 4612">
    <p class='ocr_par' dir='ltr' id='par_1_102' title="bbox 1863 4539 3430 4612">
     <span class='ocr_line' id='line_1_103' title="bbox 1863 4539 3430 4612; baseline -0.003 -13"><span class='ocrx_word' id='word_1_598' title='bbox 1863 4539 2167 4609; x_wconf 81' lang='lat' dir='ltr'><strong>dormisse;</strong></span> <span class='ocrx_word' id='word_1_599' title='bbox 2202 4542 2256 4595; x_wconf 93' lang='lat' dir='ltr'><strong>in</strong></span> <span class='ocrx_word' id='word_1_600' title='bbox 2308 4542 2541 4596; x_wconf 84' lang='lat' dir='ltr'><strong>lamenta</strong></span> <span class='ocrx_word' id='word_1_601' title='bbox 2590 4552 2644 4596; x_wconf 90' lang='lat' dir='ltr'><strong>et</strong></span> <span class='ocrx_word' id='word_1_602' title='bbox 2701 4540 2861 4597; x_wconf 76' lang='lat' dir='ltr'><strong>ﬂetus</strong></span> <span class='ocrx_word' id='word_1_603' title='bbox 2914 4543 3227 4612; x_wconf 80' lang='lat' dir='ltr'><strong>erupisti,o</strong></span> <span class='ocrx_word' id='word_1_604' title='bbox 3273 4540 3430 4612; x_wconf 80' lang='lat' dir='ltr'><strong>Virgr</strong></span> 
     </span>
    </p>
   </div>
   <div class='ocr_carea' id='block_1_103' title="bbox 1864 4634 2387 4706">
    <p class='ocr_par' dir='ltr' id='par_1_103' title="bbox 1864 4634 2387 4706">
     <span class='ocr_line' id='line_1_104' title="bbox 1864 4634 2387 4706; baseline -0.011 -14"><span class='ocrx_word' id='word_1_605' title='bbox 1864 4648 2042 4692; x_wconf 87' lang='lat' dir='ltr'><strong>mater</strong></span> <span class='ocrx_word' id='word_1_606' title='bbox 2069 4634 2387 4706; x_wconf 84' lang='lat' dir='ltr'><strong>purissima.</strong></span> 
     </span>
    </p>
   </div>
   <div class='ocr_carea' id='block_1_104' title="bbox 1933 4723 3436 4794">
    <p class='ocr_par' dir='ltr' id='par_1_104' title="bbox 1933 4723 3436 4794">
     <span class='ocr_line' id='line_1_105' title="bbox 1933 4723 3436 4794; baseline -0.003 -11"><span class='ocrx_word' id='word_1_607' title='bbox 1933 4729 2159 4783; x_wconf 82' lang='lat' dir='ltr'><strong>Gladius</strong></span> <span class='ocrx_word' id='word_1_608' title='bbox 2190 4727 2541 4794; x_wconf 86' lang='lat' dir='ltr'><strong>pertransivit</strong></span> <span class='ocrx_word' id='word_1_609' title='bbox 2588 4740 2684 4780; x_wconf 93' lang='lat' dir='ltr'><strong>cor</strong></span> <span class='ocrx_word' id='word_1_610' title='bbox 2722 4734 2895 4788; x_wconf 89' lang='lat' dir='ltr'><strong>tuum,</strong></span> <span class='ocrx_word' id='word_1_611' title='bbox 2930 4742 2962 4779; x_wconf 90' lang='grc' dir='ltr'><strong>ο</strong></span> <span class='ocrx_word' id='word_1_612' title='bbox 2992 4723 3156 4793; x_wconf 82' lang='lat' dir='ltr'><strong>Virgo</strong></span> <span class='ocrx_word' id='word_1_613' title='bbox 3186 4725 3255 4779; x_wconf 90' lang='lat' dir='ltr'><strong>ab</strong></span> <span class='ocrx_word' id='word_1_614' title='bbox 3288 4728 3436 4779; x_wconf 91' lang='lat' dir='ltr'><strong>omni</strong></span> 
     </span>
    </p>
   </div>
   <div class='ocr_carea' id='block_1_105' title="bbox 1824 4798 3434 4891">
    <p class='ocr_par' dir='ltr' id='par_1_105' title="bbox 1824 4798 3434 4891">
     <span class='ocr_line' id='line_1_106' title="bbox 1824 4798 3434 4891; baseline -0.004 -15"><span class='ocrx_word' id='word_1_615' title='bbox 1824 4862 1827 4867; x_wconf 87' lang='grc'><strong>-</strong></span> <span class='ocrx_word' id='word_1_616' title='bbox 1858 4808 2084 4891; x_wconf 89' lang='lat' dir='ltr'><strong>prorsus</strong></span> <span class='ocrx_word' id='word_1_617' title='bbox 2116 4819 2236 4872; x_wconf 83' lang='lat' dir='ltr'><strong>labe</strong></span> <span class='ocrx_word' id='word_1_618' title='bbox 2290 4818 2553 4873; x_wconf 89' lang='lat' dir='ltr'><strong>immunis</strong></span> <span class='ocrx_word' id='word_1_619' title='bbox 2578 4798 2719 4889; x_wconf 71' lang='grc'>(28),</span> <span class='ocrx_word' id='word_1_620' title='bbox 2752 4832 2875 4869; x_wconf 89' lang='lat' dir='ltr'><strong>cum</strong></span> <span class='ocrx_word' id='word_1_621' title='bbox 2911 4815 3226 4871; x_wconf 85' lang='lat' dir='ltr'><strong>Creatorem</strong></span> <span class='ocrx_word' id='word_1_622' title='bbox 3285 4817 3434 4889; x_wconf 78' lang='lat' dir='ltr'><strong>cruel</strong></span> 
     </span>
    </p>
   </div>
   <div class='ocr_carea' id='block_1_106' title="bbox 1858 4903 3436 4975">
    <p class='ocr_par' dir='ltr' id='par_1_106' title="bbox 1858 4903 3436 4975">
     <span class='ocr_line' id='line_1_107' title="bbox 1858 4903 3436 4975; baseline -0.006 -11"><span class='ocrx_word' id='word_1_623' title='bbox 1858 4910 2102 4975; x_wconf 78' lang='lat' dir='ltr'><strong>allixum,</strong></span> <span class='ocrx_word' id='word_1_624' title='bbox 2142 4917 2197 4963; x_wconf 90' lang='lat' dir='ltr'><strong>et</strong></span> <span class='ocrx_word' id='word_1_625' title='bbox 2242 4907 2492 4961; x_wconf 81' lang='lat' dir='ltr'><strong>divinum</strong></span> <span class='ocrx_word' id='word_1_626' title='bbox 2544 4907 2664 4975; x_wconf 86' lang='lat' dir='ltr'><strong>ejus</strong></span> <span class='ocrx_word' id='word_1_627' title='bbox 2714 4905 2857 4959; x_wconf 80' lang='lat' dir='ltr'><strong>latus</strong></span> <span class='ocrx_word' id='word_1_628' title='bbox 2903 4904 3091 4960; x_wconf 83' lang='lat' dir='ltr'><strong>lancea</strong></span> <span class='ocrx_word' id='word_1_629' title='bbox 3131 4903 3436 4974; x_wconf 79' lang='lat' dir='ltr'><strong>perfossum</strong></span> 
     </span>
    </p>
   </div>
   <div class='ocr_carea' id='block_1_107' title="bbox 1856 5001 2061 5057">
    <p class='ocr_par' dir='ltr' id='par_1_107' title="bbox 1856 5001 2061 5057">
     <span class='ocr_line' id='line_1_108' title="bbox 1856 5001 2061 5057; baseline -0.015 0"><span class='ocrx_word' id='word_1_630' title='bbox 1856 5001 2061 5057; x_wconf 83' lang='lat' dir='ltr'><strong>vidisti.</strong></span> 
     </span>
    </p>
   </div>
   <div class='ocr_carea' id='block_1_108' title="bbox 2290 5138 3081 5208">
    <p class='ocr_par' dir='ltr' id='par_1_108' title="bbox 2290 5138 3081 5208">
     <span class='ocr_line' id='line_1_109' title="bbox 2290 5138 3081 5208; baseline -0.01 -13"><span class='ocrx_word' id='word_1_631' title='bbox 2290 5141 2423 5203; x_wconf 62' lang='lat' dir='ltr'><strong>Quir</strong></span> <span class='ocrx_word' id='word_1_632' title='bbox 2466 5149 2711 5208; x_wconf 78' lang='lat' dir='ltr'><strong>concepta</strong></span> <span class='ocrx_word' id='word_1_633' title='bbox 2734 5155 2787 5192; x_wconf 74' lang='lat' dir='ltr'><strong>es</strong></span> <span class='ocrx_word' id='word_1_634' title='bbox 2834 5138 3081 5193; x_wconf 70' lang='lat' dir='ltr'><strong>vitiorum</strong></span> 
     </span>
    </p>
   </div>
   <div class='ocr_carea' id='block_1_109' title="bbox 2288 5210 2904 5279">
    <p class='ocr_par' dir='ltr' id='par_1_109' title="bbox 2288 5210 2904 5279">
     <span class='ocr_line' id='line_1_110' title="bbox 2288 5210 2904 5279; baseline -0.002 -14"><span class='ocrx_word' id='word_1_635' title='bbox 2288 5210 2415 5265; x_wconf 82' lang='lat' dir='ltr'><strong>Sine</strong></span> <span class='ocrx_word' id='word_1_636' title='bbox 2446 5211 2560 5265; x_wconf 80' lang='lat' dir='ltr'><strong>lube</strong></span> <span class='ocrx_word' id='word_1_637' title='bbox 2592 5210 2904 5279; x_wconf 73' lang='lat' dir='ltr'><strong>purissima.</strong></span> 
     </span>
    </p>
   </div>
   <div class='ocr_carea' id='block_1_110' title="bbox 2308 5299 3011 5369">
    <p class='ocr_par' dir='ltr' id='par_1_110' title="bbox 2308 5299 3011 5369">
     <span class='ocr_line' id='line_1_111' title="bbox 2308 5299 3011 5369; baseline -0.006 -14"><span class='ocrx_word' id='word_1_638' title='bbox 2308 5302 2481 5361; x_wconf 77' lang='lat' dir='ltr'><strong>Salve,</strong></span> <span class='ocrx_word' id='word_1_639' title='bbox 2516 5299 2668 5369; x_wconf 75' lang='lat' dir='ltr'><strong>Virgo</strong></span> <span class='ocrx_word' id='word_1_640' title='bbox 2697 5300 3011 5368; x_wconf 77' lang='lat' dir='ltr'><strong>singularia,</strong></span> 
     </span>
    </p>
   </div>
   <div class='ocr_carea' id='block_1_111' title="bbox 2302 5372 2971 5437">
    <p class='ocr_par' dir='ltr' id='par_1_111' title="bbox 2302 5372 2971 5437">
     <span class='ocr_line' id='line_1_112' title="bbox 2302 5372 2971 5437; baseline -0.009 -12"><span class='ocrx_word' id='word_1_641' title='bbox 2302 5372 2427 5426; x_wconf 77' lang='lat' dir='ltr'><strong>Vere</strong></span> <span class='ocrx_word' id='word_1_642' title='bbox 2461 5388 2613 5424; x_wconf 75' lang='lat' dir='ltr'><strong>sacra</strong></span> <span class='ocrx_word' id='word_1_643' title='bbox 2653 5372 2971 5437; x_wconf 79' lang='lat' dir='ltr'><strong>margarita.</strong></span> 
     </span>
    </p>
   </div>
   <div class='ocr_carea' id='block_1_112' title="bbox 2283 5438 3043 5508">
    <p class='ocr_par' dir='ltr' id='par_1_112' title="bbox 2283 5438 3043 5508">
     <span class='ocr_line' id='line_1_113' title="bbox 2283 5438 3043 5508; baseline -0.011 -11"><span class='ocrx_word' id='word_1_644' title='bbox 2283 5445 2457 5502; x_wconf 76' lang='lat' dir='ltr'><strong>Salve,</strong></span> <span class='ocrx_word' id='word_1_645' title='bbox 2502 5443 2626 5508; x_wconf 84' lang='lat' dir='ltr'><strong>quia</strong></span> <span class='ocrx_word' id='word_1_646' title='bbox 2660 5442 2819 5492; x_wconf 77' lang='lat' dir='ltr'><strong>stella</strong></span> <span class='ocrx_word' id='word_1_647' title='bbox 2860 5438 3043 5503; x_wconf 77' lang='lat' dir='ltr'><strong>maris,</strong></span> 
     </span>
    </p>
   </div>
   <div class='ocr_carea' id='block_1_113' title="bbox 2293 5512 2923 5577">
    <p class='ocr_par' dir='ltr' id='par_1_113' title="bbox 2293 5512 2923 5577">
     <span class='ocr_line' id='line_1_114' title="bbox 2293 5512 2923 5577; baseline -0.013 -10"><span class='ocrx_word' id='word_1_648' title='bbox 2293 5515 2359 5567; x_wconf 82' lang='lat' dir='ltr'><strong>Et</strong></span> <span class='ocrx_word' id='word_1_649' title='bbox 2389 5515 2499 5568; x_wconf 80' lang='lat' dir='ltr'><strong>sine</strong></span> <span class='ocrx_word' id='word_1_650' title='bbox 2523 5512 2637 5563; x_wconf 82' lang='lat' dir='ltr'><strong>labe</strong></span> <span class='ocrx_word' id='word_1_651' title='bbox 2656 5520 2923 5577; x_wconf 80' lang='lat' dir='ltr'><strong>concepta.</strong></span> 
     </span>
    </p>
   </div>
   <div class='ocr_carea' id='block_1_114' title="bbox 1874 5613 3431 5700">
    <p class='ocr_par' dir='ltr' id='par_1_114' title="bbox 1874 5613 3431 5700">
     <span class='ocr_line' id='line_1_115' title="bbox 1874 5613 3431 5700; baseline -0.009 -12"><span class='ocrx_word' id='word_1_652' title='bbox 1874 5634 1983 5688; x_wconf 89' lang='lat' dir='ltr'><strong>Sed</strong></span> <span class='ocrx_word' id='word_1_653' title='bbox 2016 5643 2069 5686; x_wconf 88' lang='lat' dir='ltr'><strong>et</strong></span> <span class='ocrx_word' id='word_1_654' title='bbox 2094 5632 2153 5685; x_wconf 91' lang='lat' dir='ltr'><strong>S.</strong></span> <span class='ocrx_word' id='word_1_655' title='bbox 2184 5628 2478 5700; x_wconf 74' lang='lat' dir='ltr'><strong>Gregorius</strong></span> <span class='ocrx_word' id='word_1_656' title='bbox 2509 5630 2779 5700; x_wconf 81' lang='lat' dir='ltr'><strong>papa,__ut</strong></span> <span class='ocrx_word' id='word_1_657' title='bbox 2822 5618 3007 5700; x_wconf 83' lang='lat' dir='ltr'><strong>_rcl&#39;ert</strong></span> <span class='ocrx_word' id='word_1_658' title='bbox 3037 5613 3341 5700; x_wconf 54' lang='lat' dir='ltr'><strong>{0.Xitalis</strong></span> <span class='ocrx_word' id='word_1_659' title='bbox 3375 5620 3431 5674; x_wconf 88' lang='lat' dir='ltr'><strong>in</strong></span> 
     </span>
    </p>
   </div>
   <div class='ocr_carea' id='block_1_115' title="bbox 1877 5689 3429 5774">
    <p class='ocr_par' dir='ltr' id='par_1_115' title="bbox 1877 5689 3429 5774">
     <span class='ocr_line' id='line_1_116' title="bbox 1877 5689 3429 5774; baseline -0.01 -15"><span class='ocrx_word' id='word_1_660' title='bbox 1877 5704 2183 5774; x_wconf 70' lang='grc' dir='ltr'>υείεηεητίο</span> <span class='ocrx_word' id='word_1_661' title='bbox 2239 5689 2321 5755; x_wconf 73' lang='lat' dir='ltr'><strong>B.‘</strong></span> <span class='ocrx_word' id='word_1_662' title='bbox 2374 5689 2607 5766; x_wconf 68' lang='lat' dir='ltr'><strong>Virginis</strong></span> <span class='ocrx_word' id='word_1_663' title='bbox 2668 5695 2762 5749; x_wconf 87' lang='lat' dir='ltr'><strong>lib.</strong></span> <span class='ocrx_word' id='word_1_664' title='bbox 2808 5692 2843 5746; x_wconf 72' lang='grc' dir='ltr'><strong>ι</strong></span> <span class='ocrx_word' id='word_1_665' title='bbox 2882 5705 3002 5760; x_wconf 88' lang='lat' dir='ltr'><strong>cap.</strong></span> <span class='ocrx_word' id='word_1_666' title='bbox 3045 5690 3099 5755; x_wconf 77' lang='lat'><strong>2,</strong></span> <span class='ocrx_word' id='word_1_667' title='bbox 3144 5689 3429 5758; x_wconf 82' lang='lat' dir='ltr'><strong>Deiparant</strong></span> 
     </span>
    </p>
   </div>
   <div class='ocr_carea' id='block_1_116' title="bbox 2978 5781 3053 5840">
    <p class='ocr_par' dir='ltr' id='par_1_116' title="bbox 2978 5781 3053 5840">
     <span class='ocr_line' id='line_1_117' title="bbox 2978 5781 3053 5840; baseline 0 0"><span class='ocrx_word' id='word_1_668' title='bbox 2978 5781 3053 5840; x_wconf 69' lang='grc' dir='ltr'><strong>1ιὲ</strong></span> 
     </span>
    </p>
   </div>
  </div>
