3948 6304
121 343 126 348 ’
176 376 320 442 1325

1535 374 1898 438 MARIALE.

3257 369 3398 434 1326

172 492 331 558 ξύλον
364 493 527 562 μέσον
559 488 730 562 ἔχων,
762 493 821 559 ἐξ
870 486 931 546 οὗ
962 493 1183 561 φαγὼν,
1213 494 1448 562 ἄχραντε
1471 533 1484 556 ,
1512 495 1612 563 τῆς
1647 511 1727 546 νε-

1861 505 1892 542 n
1925 471 2104 542 medio
2137 487 2215 541 tui
2244 487 2450 556 lignum
2479 485 2619 552 vitm,
2652 503 2715 540 ex
2757 502 2866 557 quo
2889 487 3175 542 comedens
3205 487 3398 551 Adam,

169 584 431 655 κρώσεως
467 584 635 652 ’Δδὰμ
663 584 764 650 τῆς
793 586 1036 654 πονηρᾶς
1063 584 1374 638 ἀπολύεται.

255 671 542 743 Ῥᾳθύμως
565 690 668 742 μου
692 675 789 743 τὴν
815 673 958 742 ζωὴν
985 673 1391 743 ὲκδαπανήσας,
1418 675 1574 742 ἁγνὴ,
1601 675 1737 742 πρὸς

164 759 267 830 τὴν
297 760 397 830 σὴν
424 759 744 830 προστρέχω
774 760 1080 830 ἀντίληψιν,
1119 762 1408 832 οἵκτειρον,
1441 762 1612 815 σῶσόν
1645 779 1731 831 με.

247 1044 362 1116 Τὴν
390 1047 640 1118 οὐράνιον
669 1047 846 1119 πύλην
861 1049 1214 1118 ὑμνήσωμεν,
1235 1050 1286 1102 δι
1304 1045 1372 1120 ἦς
1401 1050 1599 1114 πάντες
1620 1052 1735 1104 εισ-

167 1140 421 1210 έρχονται
445 1140 757 1210 ἁμαρτωλοὶ
788 1141 928 1211 πρὸς
957 1141 1109 1204 ὁδοὺς
1138 1144 1555 1224 συγχωρήσεως.

250 1323 408 1390 Ἀγία
446 1322 620 1393 μῆτερ
651 1320 807 1387 Θεοῦ,
830 1321 928 1390 τὴν
948 1320 1344 1392 βεϐηλωθεῖσαν
1376 1320 1602 1391 καρδίαν
1631 1338 1733 1391 μου

163 1412 432 1483 πράξεσιν
468 1412 686 1480 ὲναγέσι
727 1395 1042 1482 συμπαθείᾳ
1088 1429 1181 1466 σου
1209 1413 1454 1477 ἁγίασον.

236 1505 432 1558 Δούλου
461 1505 676 1575 μορφὴν
701 1504 971 1558 ὑποδύντα
985 1505 1284 1573 Δεσπότην,
1312 1504 1485 1572 Κόρη,
1508 1503 1731 1568 τίκτεις,

163 1594 230 1649 ὃν
261 1595 475 1648 ἱκέτευε
502 1595 612 1650 τῶν
642 1595 831 1648 παθῶν
861 1593 960 1665 τῆς
1001 1596 1244 1659 δουλείας
1263 1637 1277 1662 ,
1309 1595 1447 1665 ἁγνὴ
1467 1635 1484 1661 ,
1519 1595 1735 1650 ἐλευθε-

162 1686 346 1755 ρ-ὦσαί
374 1702 461 1756 με.

245 1792 600 1865 Ὕπάρχουσα
642 1794 888 1864 ἀγγέλων
924 1795 1224 1865 τιμιωτέρα
1244 1836 1260 1860 ,
1290 1795 1422 1847 Θεὸν
1449 1793 1540 1847 τὸν
1578 1795 1732 1861 ἅγιον
1758 1826 1806 1885 Β

158 1885 390 1948 τέτοκας
435 1886 882 1957 ὑπερϐαλλόντως
915 1887 1237 1955 ἁγιασθείσα
1258 1926 1274 1952 ,
1314 1886 1544 1940 Θεοτόκε
1580 1887 1728 1955 Παρ-

157 1977 286 2030 θένε
307 1993 320 2007 ·
354 1977 435 2030 διό
467 1995 567 2048 μου
591 1977 690 2048 τὴν
709 1977 888 2049 ψυχὴν
921 1977 1315 2050 καθοδήγησον.

228 2156 468 2211 Φώτισὸν
507 2174 573 2226 με
623 2158 869 2228 ἁμαρτίᾳ⁴
924 2156 1281 2210 σκοτισθέντα
1307 2198 1322 2222 ,
1358 2115 1627 2221 απαθείας
1669 2159 1733 2212 τὸ

158 2249 281 2317 φῶς
313 2250 346 2318 ἡ
377 2249 650 2318 κυήσασα,
676 2249 761 2302 ἵνα
791 2248 948 2318 ύμνῶ
989 2265 1070 2313 σε,
1098 2246 1239 2319 ἁγνὴ
1282 2248 1658 2318 Ἀειπάρθενε.

209 2445 314 2501 Ἐκ
347 2448 451 2502 τοῦ
474 2449 741 2514 Κανόνος
770 2443 878 2516 τῆς
903 2447 1122 2516 τρίτης,
1157 2450 1241 2513 εὶς
1272 2448 1380 2502 τὸν
1418 2451 1694 2517 ὀρθρον.

239 2594 446 2664 Ὠφθης
475 2595 617 2664 πύλη
650 2595 748 2663 τῆς
775 2593 940 2663 ζωῆς,
967 2593 1199 2646 θανάτου
1226 2594 1400 2656 πύλας
1426 2593 1504 2664 τῷ
1529 2594 1733 2664 τοκετῷ

1839 596 1869 634 a
1906 581 2044 634 mala
2082 589 2256 634 morte
2279 582 2558 634 liberatur.

1910 672 2046 724 Cum
2085 685 2208 739 ego,
2235 686 2268 724 ο
2311 680 2458 724 casta
2493 669 2679 739 Virgo,
2712 671 2878 723 vitam
2914 685 3086 722 meam
3129 671 3181 723 in
3213 673 3404 744 socci!2

1838 761 1923 814 dia
1954 761 2180 830 otioque
2209 762 2350 815 malo
2377 760 2767 830 absumpserint
2805 775 2869 814 ac
2910 747 3308 829 dissipaverim,
3334 761 3400 813 ad

1841 863 1989 906 tuam
2036 852 2374 922 protectione
2412 866 2672 906 recurro:
2699 847 2964 907 'miserere
3006 852 3132 914 mei,
3160 860 3213 904 et
3252 856 3402 906 salva

1837 959 1943 998 me.

1907 1052 2196 1107 Coelestem
2225 1062 2435 1123 portam
2469 1052 2718 1107 laudibus
2745 1053 3098 1117 celebremus,
3121 1065 3215 1120 per
3234 1065 3400 1118 quam

1836 1145 2215 1211 peccatoribus
2276 1145 2548 1201 universis
2605 1144 2947 1214 indulgentiae
2971 1144 3292 1214 aperiuntur
3339 1156 3404 1196 ac

1836 1243 2023 1303 patent
2054 1235 2354 1306 ingressus.

1907 1324 2077 1379 Mater
2114 1326 2205 1380 Dei
2245 1335 2458 1391 sancta,
2483 1340 2580 1381 cor
2605 1341 2784 1381 meum
2817 1325 3253 1394 coinquinatum,
3276 1339 3405 1394 ope-

1837 1414 1990 1470 ribus
2028 1415 2203 1484 puris,
2232 1416 2433 1486 pietate
2461 1425 2550 1469 tua
2577 1427 2872 1481 commota,
2915 1417 3222 1478 sa'netilica.

1910 1506 2203 1559 Dominum
2238 1507 2382 1560 servi
2408 1506 2582 1560 l’orma
2614 1507 2861 1561 indutum
2887 1507 3164 1576 peperisti,
3187 1522 3218 1560 ο
3244 1506 3404 1559 Puel-

1838 1595 1885 1648 la
1911 1595 2260 1650 castissima:
2308 1612 2468 1666 quem
2519 1612 2742 1667 precare
2791 1607 2851 1652 ut
2909 1613 2994 1653 me
3026 1614 3056 1651 a
3113 1599 3403 1653 servilibus

1840 1686 2195 1755 passionibus
2217 1686 2430 1740 liberet.

1906 1794 2126 1864 Angelis
2172 1794 2545 1849 lionorabilior
2572 1811 2651 1860 es,
2687 1811 2720 1850 ο
2766 1795 2929 1866 Virgo
2984 1795 3234 1866 Deipara,
3281 1811 3404 1866 quze

1833 1884 2003 1948 Deum
2041 1895 2289 1940 sanctum
2327 1885 2614 1956 peperisti,
2653 1887 2710 1940 in
2765 1888 3222 1942 excellentissimo
3273 1904 3403 1942 san-

1845 1975 2052 2030 ctitatis
2081 1977 2251 2046 gradu
2279 1978 2575 2032 constituto
2605 1997 2617 2032 :
2644 1969 2929 2048 propterea
2959 1979 3066 2033 dux
3092 1989 3209 2036 esto
3235 1995 3298 2035 ac
3320 1980 3402 2034 di-

1835 2068 2038 2122 rectrix
2078 2068 2274 2122 anima:
2312 2083 2466 2122 meae.

1901 2156 1946 2212 Ο
1980 2173 2193 2228 semper
2226 2165 2376 2213 casta
2420 2157 2606 2228 Virgo,
2634 2173 2756 2227 quae
2802 2160 3256 2227 impassibilitatis
3310 2162 3401 2215 lu-

1833 2260 1950 2300 cem
1979 2249 2252 2316 peperisti,
2280 2249 2527 2306 illumina
2561 2263 2646 2303 me
2678 2251 2883 2318 peccati
2917 2253 3154 2307 tenebris
3187 2254 3402 2309 involu-

1834 2346 1969 2403 tum,
2005 2348 2060 2393 ut
2090 2351 2302 2394 cantem
2331 2340 2516 2397 laudes
2546 2350 2688 2396 tuas.

1962 2465 2044 2518 Ea:
2068 2465 2279 2521 Canone
2299 2469 2496 2537 duplici
2529 2469 2676 2537 feriae
2702 2487 2785 2538 ιιι,
2817 2473 2887 2525 ad
2923 2471 3267 2528 Matutinum.

1911 2607 2040 2664 Vita:
2065 2611 2233 2679 jauua
2281 2612 2418 2666 facta
2445 2630 2525 2679 es,
2556 2630 2588 2668 ο
2624 2615 2811 2687 Virgo,
2838 2635 2959 2686 quae
2992 2625 3405 2688 portasmortis

161 2699 262 2734 σου
294 2682 523 2744 λύσασα,
544 2683 681 2751 ἁγνή
701 2699 716 2714 ·
739 2681 1017 2751 ὤφθης,γῆ
1041 2681 1272 2752 ἐκλεκτὴ
1293 2682 1361 2733 δι’
1387 2677 1454 2752 ἦς
1476 2682 1727 2752 ἀνυψώθη

1860 2709 1993 2754 iartu
2049 2677 2142 2755 tuo
2196 2702 2439 2771 dejecisti
2468 2721 2481 2757 :
2510 2677 2686 2761 VTerra
2721 2677 2920 2764 -elec-la
2987 2677 3128 2766 l‘aeta
3184 2730 3267 2778 es,
3307 2731 3402 2784 per

159 2771 275 2824 ἀπὸ
299 2772 400 2841 γῆς
424 2773 504 2834 είς
527 2773 788 2843 οὐρανοὺς
814 2771 876 2825 τὸ
907 2771 1014 2824 τῶν
1041 2770 1342 2842 ἀνθρώπων
1375 2770 1624 2843 φύραμα.

1860 2806 1997 2859 Luam
2034 2793 2256 2849 humani
2290 2797 2506 2863 generis
2537 2812 2760 2854 massaa
2785 2811 2929 2855 terra
2957 2802 3013 2856 in
3043 2805 3242 2858 coelum
3264 2806 3396 2860 sub-

1801 2878 1810 2884 ’
1832 2883 2008 2938 levata
2033 2893 2142 2940 est.

236 2956 384 3026 Δόλῳ
415 2953 708 3018 ἀπαύστως
732 2956 762 3009 ὁ
793 2956 986 3026 ἐχθρὸς
1035 2955 1254 3025 θηρεύει
1290 2970 1356 3026 με
1387 2958 1415 3009 ὁ
1461 2957 1726 3029 πονηρὸς,

1909 2976 2072 3046 282
2102 2973 2283 3032 Hostis
2305 2981 2575 3052 malignus
2601 2983 2819 3039 assidue
2839 3001 2925 3040 me
2947 2988 3085 3043 dolis
3108 3006 3171 3044 ac
3197 2989 3402 3047 fraudi-

160 3047 267 3116 τῆς
298 3045 463 3099 αὑτοῦ
498 3063 565 3116 με
602 3047 842 3116 ἐνέδρας,
891 3047 1199 3117 πανάμωμε
1219 3085 1234 3110 ,
1265 3047 1573 3116 ὲξάρπασον
1594 3087 1608 3112 ,
1639 3050 1727 3102 καὶ

1860 3079 1938 3120 ius
1965 3066 2374 3137 suis'vena'tur;
2409 3080 2488 3139 tu,
2516 3088 2548 3127 ο
2575 3070 2892 3142 purissima,
2914 3078 2982 3131 ab
3012 3079 3226 3136 insidiis
3256 3084 3401 3139 illius

163 3137 342 3188 ποιεῖν
369 3134 464 3188 τοῦ
487 3135 761 3189 Δεσπὸτου
779 3176 794 3203 ,
821 3135 1074 3204 Θεοτόκε,
1109 3136 1386 3202 εύόδευσον
1411 3136 1470 3190 τὸ
1499 3136 1727 3208 θέλημα.

1860 3156 1984 3224 :ripe
2042 3171 2163 3224 me;
2195 3168 2246 3213 et
2304 3176 2563 3231 prospere
2612 3165 2784 3233 dirige
2841 3183 2948 3232 me,
2979 3183 3011 3222 o
3050 3169 3302 3241 Deipara,
3341 3187 3400 3230 ut

136 3324 138 3326 '
236 3316 563 3382 Συνέλαόες,
615 3317 883 3388 ἄχραντε,
940 3319 1031 3371 τὸν
1093 3319 1325 3388 συνοχέα
1384 3321 1587 3384 παντὸς
1635 3323 1726 3376 τοῦ

163 3406 392 3474 κόσμου·
425 3405 513 3459 διὰ
537 3407 728 3473 τοῦτο,
758 3407 985 3461 ἱκετεύω
1015 3425 1098 3475 σε,
1132 3407 1405 3480 λύτρωσαί
1448 3429 1516 3480 με
1549 3413 1727 3482 πάσης

168 3497 504 3567 συνεχούσης
526 3496 822 3560 κολάσεως.

239 3681 441 3751 Θρόνος
483 3679 618 3733 Θεὸῦ
663 3679 930 3751 ὲδείχθης,
955 3681 1208 3748 Θεοτόκε,
1238 3683 1298 3736 ἐν
1326 3676 1370 3750 ᾧ
1400 3686 1562 3754 σαρκὶ
1598 3686 1729 3738 καθ-

164 3770 288 3833 ίσας
313 3769 405 3822 τοῦ
429 3769 658 3839 ἀρχαίου
682 3769 935 3842 ἐξήγειρε
963 3772 1255 3842 πτώματος
1270 3775 1396 3836 τοὺς
1410 3773 1729 3845 ἀνθρώπους

163 3865 226 3915 ὲν
251 3864 457 3928 φωναῖς
485 3861 860 3931 χαριστηρίοις
891 3863 1193 3931 ὑμνοῦντας
1224 3881 1306 3918 σε.

246 3968 599 4037 Ἐπτάφωτόν
653 3988 713 4023 σε
751 3971 973 4045 λυχνίαν
1002 3974 1071 4035 ζτδ
1116 3972 1228 4042 πῦρ
1272 3974 1370 4042 τῆς
1402 3973 1727 4041 θεογνωσίας

164 4060 440 4129 φέρουσαν
465 4101 479 4124 ,
523 4062 677 4131 Κόρη
702 4099 719 4126 ,
761 4063 790 4114 ὁ
829 4064 1111 4132 προφήτης
1159 4063 1322 4116 πάλαι
1372 4063 1725 4134 προεώραχε,

163 4154 375 4221 φαίνων
401 4156 514 4216 τοῖς
546 4155 605 4206 ὲν
639 4156 820 4207 σκότει
849 4156 1238 4220 κινδυνεύουσι,
1273 4158 1599 4228 πανάμωμε,
1632 4159 1728 4228 τῆς

163 4243 461 4310 ἀγνωσίαςο
489 4243 568 4296 διὸ
599 4243 706 4314 βοῶ
733 4261 837 4310 σοι,
863 4246 1095 4314 φώτισόν
1118 4263 1207 4315 με,
1235 4245 1445 4316 δέομαι.

1838 3244 2054 3300 Domini
2077 3249 2407 3307 voluntatem
2430 3257 2652 3325 exsequi
2679 3257 2905 3313 valeam.

1905 3337 2235 3408 Concepisti,
2287 3359 2320 3395 ο
2393 3344 2670 3410 inviolata,
2724 3348 2876 3402 illum
2928 3353 3019 3420 qui
3083 3355 3415 3412 universum

1835 3429 2099 3482 mundum
2147 3433 2295 3500 capit
2351 3441 2405 3488 et
2455 3436 2734 3493 continet:
2766 3449 3046 3508 propterea
3097 3454 3148 3499 te
3210 3447 3400 3516 depre-

1835 3531 1950 3582 cor,
1980 3527 2037 3571 ut
2066 3521 2134 3573 ab
2163 3523 2309 3576 omni
2357 3526 2626 3594 supplicio
2675 3527 2874 3583 inl'erui
2914 3534 3149 3589 carceris
3201 3536 3400 3592 liberes

1835 3619 1942 3660 me.

1907 3698 2162 3754 Thronus
2218 3699 2314 3756 Dei
2369 3702 2510 3759 facta
2539 3720 2618 3770 es,
2653 3721 2686 3760 ο
2743 3707 2993 3778 Deipara,
3042 3709 3095 3765 in
3146 3729 3256 3784 quo
3310 3715 3400 3771 ille

1835 3789 2030 3844 sedens
2056 3786 2391 3857 incarnatus,
2418 3795 2486 3849 ab
2519 3797 2740 3867 antiquo
2768 3814 2896 3854 casu
2933 3805 3103 3858 erexit
3126 3806 3396 3872 homines,

1838 3881 1928 3947 qui
1968 3879 2171 3936 idcirco
2206 3891 2256 3938 te
2289 3886 2457 3954 gratis
2485 3888 2710 3945 vocibus
2741 3893 3072 3949 collaudant.

1903 3983 2158 4042 Praevidit
2211 3997 2261 4043 te
2293 3990 2422 4044 olim
2475 3992 2756 4062 propheta,
2804 4013 2837 4052 ο
2881 3998 3066 4056 Puella
3126 4004 3195 4058 ab
3247 4009 3392 4059 omni

1834 4089 1985 4128 naevo
2014 4075 2182 4131 libera
2233 4077 2784 4147 (29),candelabrum
2841 4097 3044 4157 septem
3092 4091 3395 4146 luminibus

1833 4174 2108 4232 ornatum,
2142 4168 2347 4223 habens
2374 4170 2551 4239 ignem
2582 4174 2779 4230 divinae
2810 4178 3068 4245 scientiae,
3100 4182 3192 4249 qui
3220 4182 3392 4237 lucem
3466 4213 3470 4218 -

1834 4258 2030 4324 praabet
2061 4259 2147 4323 iis,
2188 4260 2278 4328 qui
2316 4261 2367 4314 in
2425 4262 2747 4332 ignorantiae
2795 4269 3032 4324 tenebris
3084 4273 3395 4343 periclitan-

1835 4355 1922 4399 tur
1956 4365 1969 4399 :
2003 4348 2123 4403 ideo
2155 4351 2222 4404 ad
2255 4360 2304 4405 te
2343 4367 2502 4408 voces
2529 4357 2750 4421 extollo,
2782 4374 3106 4430 precorque,
3149 4363 3392 4418 illuniina

1836 4452 1940 4490 me.

237 4516 328 4586 Μὴ
351 4518 543 4588 κρίνῃς
575 4536 665 4586 με,
692 4519 885 4590 Κύριε,
916 4520 1054 4572 κατά
1082 4522 1148 4573 τὰ
1181 4519 1314 4589 ἔργα
1345 4509 1468 4591 μου,
1498 4523 1727 4578 δυσωπῶ

1902 4525 1946 4583 0
1985 4528 2228 4597 Domine,
2263 4548 2450 4600 precor
2500 4545 2569 4601 te,
2603 4552 2668 4591 ne
2708 4555 2793 4593 me
2840 4541 3051 4608 judires
3096 4547 3391 4603 secundum

164 4621 268 4669 σε,
312 4606 446 4659 ἀλλὰ
497 4607 652 4669 ῖλεώς
707 4626 796 4676 μοι
847 4609 1068 4679 φάνηθι,
1113 4612 1352 4664 δυσωπεῖ
1399 4630 1456 4665 σε
1500 4616 1596 4666 σὺν
1649 4616 1725 4684 τῷ

166 4691 452 4766 Βαπτιστῇ
488 4700 521 4767 ἡ
552 4700 787 4751 τεκοῦσά
821 4719 901 4754 σε.

233 4803 385 4871 Πύλη
407 4804 700 4871 ἀδιόδευτε,
717 4806 976 4871 διὰνοιξον
1000 4808 1171 4873 πύλας
1196 4830 1305 4881 μοι.
1332 4814 1539 4882 δέομαι,
1563 4832 1725 4883 μετα-

73 4903 92 4914 '
163 4893 316 4954 νοίας
349 4893 607 4961 ἀληθοῦς,
641 4897 733 4948 καὶ
762 4897 930 4960 δεῖξόν
964 4917 1052 4967 μοι
1081 4901 1178 4970 τὴν
1207 4902 1389 4971 τρίϐον
1417 4903 1516 4969 τῆς
1547 4921 1721 4972 σωτη-

165 4984 314 5050 ρίας,
347 4983 508 5052 ἁγνὴ,
542 4987 575 5054 ἡ
611 4988 825 5039 πάντων
852 4988 1061 5057 ὁδηγία.

233 5160 638 5232 Πεποικιλμένη
662 5163 832 5226 θείαις
861 5165 1109 5232 ἀγλαΐαις
1127 5168 1215 5219 τὸν
1237 5169 1436 5237 ὡραῖον
1459 5173 1514 5223 ὲν
1538 5157 1720 5225 κάλλει

161 5247 426 5317 ὲκύησας,
458 5251 721 5321 Παρθένε.
747 5253 918 5306 Αὑτὸν
940 5253 1030 5305 οὖν
1052 5256 1136 5308 ἀεὶ
1160 5257 1463 5312 ὲκδυσώπει
1490 5261 1726 5331 σωθῆναι

234 5428 348 5507 (29)
376 5431 467 5507 .ᾼῦ
492 5432 664 5507 omni,
714 5433 936 5498 scilicet,
969 5452 1117 5507 naevo
1151 5447 1256 5489 tam
1299 5438 1526 5493 actualis
1566 5457 1728 5507 quam

159 5500 438 5577 originalis
473 5501 706 5577 culpa}!
734 5518 842 5577 quo
866 5520 957 5571 per
981 5506 1214 5559 divinam
1247 5508 1474 5577 gratiam
1511 5500 1727 5577 praeser-

160 5574 285 5619 vata
319 5566 440 5624 luit.
494 5566 629 5624 Hinc
673 5566 762 5623 lvo
804 5566 1150 5629 Cirnotensis
1209 5566 1276 5628 ἰιῖ
1332 5566 1596 5630 δυτιη.’‹1θ
1623 5580 1726 5631 Na-

158 5637 302 5688 tivit.
351 5638 562 5691 Domini
617 5640 768 5704 dixit,
807 5641 898 5694 Dei
951 5641 1139 5695 Filium
1182 5645 1231 5696 in
1263 5644 1430 5698 Matre
1477 5661 1572 5698 sua
1605 5664 1723 5700 Otll-

159 5718 284 5759 neut
300 5721 510 5763 naevum
535 5709 810 5776 originalis
828 5715 995 5779 culpae
1020 5713 1299 5782 delcvisse,
1319 5718 1716 5787 prtcservando,

1833 4631 1992 4684 Opera
2019 4634 2160 4683 mea,
2187 4621 2279 4674 sed
2298 4624 2561 4690 propitius
2583 4635 2700 4680 esto
2724 4629 2854 4682 mihi
2877 4647 2890 4696 ;
2922 4634 2987 4687 de
3014 4650 3122 4700 quo
3143 4647 3392 4704 precatui-

1833 4720 1884 4766 te
1910 4727 2031 4791 cuin
2062 4707 2316 4781 Baptista,
2346 4715 2584 4773 Genitrix
2619 4733 2728 4776 tua.

1903 4815 1946 4870 Ο
1980 4830 2154 4886 porta,
2184 4837 2276 4890 per
2325 4841 2485 4892 quam
2548 4830 2682 4884 nulli
2741 4833 3021 4888 hominum
3078 4843 3391 4895 conceditur

1829 4907 1937 4965 via,
1962 4912 2109 4978 aperi
2150 4913 2302 4977 milii,
2337 4930 2546 4982 precor,
2579 4934 2717 4973 vera:
2748 4925 3078 4990 pmnitentia:
3110 4940 3311 4993 portas,
3340 4940 3391 4982 t'l

1829 5002 2053 5054 ostende
2114 5003 2244 5056 milii
2297 5007 2546 5061 semitam
2606 5010 2818 5078 salutis,
2849 5031 2887 5068 o-
2918 5014 3079 5087 Virgo
3145 5021 3386 5073 omnium

1829 5087 1936 5140 dux
1967 5100 2020 5142 et
2054 5091 2303 5146 directio.

1903 5177 2209 5234 Divinarum
2238 5184 2585 5250 splendorum
2630 5189 2968 5266 circumdata
3012 5195 3384 5259 varietatibus,

1835 5269 2140 5337 speciosum
2165 5272 2336 5326 forma
2361 5277 2634 5344 peperiSti,
2671 5294 2703 5333 o
2746 5269 2934 5351 Virgo.
2975 5282 3235 5336 Eumdem
3288 5287 3388 5353 igi—

1833 5444 2524 5524 scilieet,nonaul'erendo,
2557 5464 2612 5507 ut
2642 5457 2843 5522 Optime
2899 5459 3128 5524 eXplicat
3151 5456 3384 5511 Joannes

1833 5516 1897 5564 A.
1951 5515 2008 5567 S.
2051 5516 2117 5592 bl.
2175 5518 2360 5592 dor-tor
2391 5515 2886 5592 theologus-Gallus
2920 5515 2982 5578 ιη’
3008 5543 3110 5580 suo
3134 5544 3290 5592 opere
3319 5531 3382 5580 de

1833 5586 2182 5662 conceptione
2213 5589 2354 5640 edito
2395 5586 2604 5645 Tolosa?
2634 5609 2776 5649 anno
2808 5594 2957 5661 1649,
2991 5598 3130 5652 sicut
3170 5586 3380 5650 actualc

1832 5654 2041 5722 delevit,
2075 5657 2174 5711 lioc
2203 5669 2305 5723 est,
2337 5664 2697 5728 pueservavit.
