3948 6304
503 386 634 452 132Ἱ

1619 386 1682 448 S.
1718 381 2032 445 JOSEPIII
2072 382 2632 443 HYMNOGRAPHI

3580 382 3731 444 1325

502 515 596 557 tur
647 498 880 554 assiduis
923 496 1175 566 precibus
1215 494 1519 574 interpella,
1543 502 1604 549 ut
1650 493 1718 547 ab
1764 493 1983 547 interitu
2012 500 2068 546 ct

2193 494 2314 562 ιμᾶς
2345 493 2409 546 ἐκ
2439 492 2666 563 φθορᾶς,
2705 490 2830 557 τοὺς
2860 493 2920 548 ἑν
2953 492 3137 548 πίστει
3168 494 3262 548 καὶ
3287 494 3440 566 πόθῳ
3483 510 3543 548 σε
3571 494 3732 561 δοξά-

498 595 848 663 corruptione
901 593 1093 646 liberet
1131 605 1253 655 uos,
1276 591 1370 660 qui
1399 599 1452 644 te
1486 603 1610 644 cum
1640 589 1744 642 ﬁde
1768 595 1824 642 et
1873 585 2068 640 aﬂ'cctu

496 687 735 756 glorilica
746 699 887 738 mus.

570 775 853 843 Templum
889 775 981 827 Dei
1018 772 1158 826 facta
1188 787 1267 837 es,
1294 789 1328 828 ο
1357 788 1570 827 summe
1603 771 1972 835 immaculata,
2005 770 2060 824 in

501 883 610 937 quo
632 882 755 921 eum
785 867 872 919 ille
897 877 1152 934 tanquam
1191 865 1444 920 sacerdos
1476 864 1848 927 inhabitasset,
1883 862 2071 916 huma-

499 973 625 1011 nam
661 955 1024 1010 substantiam
1067 953 1358 1018 deilieavit,
1391 964 1446 1008 et
1497 953 1679 1008 ﬁdeles
1727 952 1923 1021 templa
1967 964 2068 1005 sua

507 1047 828 1101 mirabiliter
857 1045 1058 1099 cll‘ecit.

577 1135 846 1205 llymnum
884 1115 1184 1204 gratiarum
1220 1133 1448 1187 actionis
1474 1132 1752 1189 offerimus
1779 1132 1878 1184 tibi
1901 1145 2067 1196 nunc,

497 1243 530 1280 ο
578 1226 739 1297 Virgo
795 1242 949 1295 pura,
987 1241 1080 1294 per
1119 1235 1167 1279 te
1216 1226 1280 1278 ab
1326 1226 1544 1293 antiqua
1597 1224 1975 1278 maledictionc
2003 1224 2066 1277 li-

497 1318 695 1381 berati,
736 1327 899 1385 atque
935 1317 1111 1372 omnis
1145 1314 1539 1370 benedictionis
1582 1312 1824 1367 fructum
1864 1328 2062 1368 conse-

497 1409 630 1463 Cuti.

570 1495 893 1552 Germinasti
919 1496 1070 1549 illum
1101 1496 1221 1550 sine
1245 1499 1472 1561 semine,
1499 1511 1658 1565 quem
1686 1493 1844 1549 Pater
1877 1494 2065 1548 incor-

500 1587 826 1657 I‘Uptihiliter
860 1586 1186 1654 germinavit
1217 1603 1229 1638 :
1261 1596 1312 1638 et
1352 1594 1476 1654 post
1516 1596 1727 1654 partum
1763 1585 1914 1653 virgo
1949 1598 2071 1651 per-

498 1678 772 1738 mansisti,
796 1676 958 1744 283
978 1675 1428 1751 quemadmodum
1456 1676 1634 1729 fueras
1671 1684 1795 1728 ante
1818 1683 2070 1744 partum:

498 1778 780 1839 proritet-ca
869 1767 1288 1830 beatitudinem,
1365 1777 1419 1822 et
1508 1767 1741 1836 gloriam
1830 1767 2070 1819 concede

496 1858 627 1911 mitti
675 1867 1007 1927 perpetuam,
1041 1872 1075 1911 ο
1124 1855 1417 1921 lnviolata,
1461 1859 1664 1926 quippe
1719 1870 1840 1926 qute
1865 1870 1923 1910 es
1977 1855 2072 1910 Dei
2102 1843 2151 1897 Β-

499 1950 697 2005 Mater.

567 2041 745 2104 Illum,
783 2040 870 2094 cui
899 2056 1023 2095 cum
1060 2048 1298 2094 tremore
1327 2039 1592 2094 assistunt
1624 2039 1875 2094 calestes
1901 2039 2068 2104 acies,

507 2142 564 2187 tu
615 2133 956 2202 poperisti,o
1004 2115 1177 2198 casta,
1220 2132 1529 2186 hominibus
1588 2131 1800 2186 unitum
1852 2141 2072 2200 propter

505 2239 661 2276 suam
694 2223 995 2277 bonitatem
1017 2240 1033 2276 :
1053 2223 1313 2278 Enmdem
1337 2223 1583 2294 impenso
1605 2222 1800 2278 affectu
1825 2238 2067 2292 precare,

499 2325 557 2367 ut
579 2313 896 2366 misereatur
927 2328 1206 2367 servorum
1237 2323 1474 2368 tuorum.

565 2403 773 2458 Novum
817 2403 975 2456 nobis
1015 2403 1277 2456 infantem
1324 2401 1579 2470 peperisti
1612 2400 1914 2470 Antiquum
1957 2399 2070 2453 die-

497 2509 641 2558 rum,
675 2494 770 2563 qui
799 2508 968 2547 novas
1002 2493 1055 2546 in
1102 2494 1262 2547 terris
1311 2493 1533 2546 semitas
1569 2492 1988 2552 demonstravit,
2015 2501 2069 2544 et

498 2594 769 2638 vetustate
827 2582 1133 2638 confectam
1190 2591 1444 2638 naturam
1479 2594 1716 2638 nostram
1752 2581 2066 2647 renovavit;

497 2691 531 2730 0
551 2674 714 2744 Virgo
746 2676 1054 2730 benedicta.

567 2767 811 2832 Custodi,
841 2781 875 2820 ο
906 2765 1089 2820 Puella
1132 2764 1246 2820 Deo
1295 2763 1635 2829 charissima,
1665 2763 1720 2818 in
1768 2763 2071 2818 humilitate

499 2857 662 2911 vitam
718 2872 912 2921 meam,
939 2864 994 2909 tu
1028 2872 1148 2927 quae
1173 2857 1478 2910 daemonum
1515 2854 1713 2909 fastum
1761 2868 1825 2909 ac
1877 2869 2071 2923 super-

496 2949 641 3003 biam
674 2958 828 3018 partu
871 2957 962 3004 tuo
1002 2947 1332 3013 contrivisti,
1359 2957 1414 3002 et
1443 2948 1619 3002 exalia
1659 2962 1742 3003 me
1775 2962 1804 3006 a
1834 2957 2070 3001 stercore

498 3039 841 3108 passionum,
874 3047 929 3093 et
980 3038 1284 3092 famelicum
1339 3037 1524 3112 gratia:
1571 3047 1675 3090 tua:
1732 3045 1918 3091 satura
1958 3049 2068 3099 me,

498 3133 629 3185 dum
662 3131 892 3186 concino
922 3147 936 3183 :
963 3129 1227 3194 Laudate,
1257 3143 1448 3198 opera,
1483 3126 1795 3197 Dominum,
1829 3137 1936 3183 etc.

574 3313 715 3368 Voce
737 3314 909 3384 angeli
958 3324 1008 3368 te
1047 3316 1370 3377 salutamus,
1401 3327 1435 3368 ο
1469 3312 1750 3368 benedicta
1783 3311 1947 3380 Virgo
1974 3326 2068 3367 ca-

501 3408 746 3462 azissima
777 3422 792 3458 :
825 3407 959 3467 Ave,
991 3420 1112 3474 quae
1147 3406 1313 3460 Deum
1367 3403 1965 3474 incomprehensibilem
2013 3404 2067 3458 in

500 3504 555 3550 te
587 3494 903 3550 continuiin
929 3496 942 3547 ι
981 3496 1113 3558 Ave,
1143 3493 1537 3549 maledictionis
1567 3492 1786 3556 solutio,
1822 3501 1876 3546 et
1904 3492 2069 3547 bene-

501 3586 754 3640 dictionis
816 3584 1187 3639 introductiol
1226 3587 1358 3650 Ave,
1381 3600 1415 3640 ο
1443 3583 1626 3652 unica,
1664 3599 1785 3654 quae
1836 3583 2068 3653 paradisi

503 3681 687 3741 portas
719 3672 1001 3739 aperuisti.

573 3761 618 3816 0
646 3760 966 3832 Virgo,qu;e
994 3763 1125 3832 ipsis
1152 3760 1442 3817 Cberubim
1471 3765 1709 3819 sanctior
1753 3764 2068 3836 apparuisti,

507 3857 708 3924 quippe
733 3869 854 3924 qua:
896 3854 1060 3909 Deum
1104 3854 1251 3908 omni
1280 3855 1566 3908 sanctitate
1596 3855 1932 3922 superiorem
1978 3870 2071 3923 pe-

505 3949 712 4016 peristi,
743 3947 1022 4000 sanctiﬁca
1056 3960 1158 3999 nos
1186 3961 1398 4007 omnes,
1428 3946 1519 4014 qui
1553 3956 1714 4001 noctu
1745 3947 1950 4016 diuque
1983 3962 2073 3999 vo-

505 4039 660 4093 cibus
686 4037 890 4092 sanctis
929 4047 981 4090 te
1013 4037 1436 4091 sanctilieamns.

739 4126 822 4181 Ex
853 4126 1063 4181 Canone
1104 4127 1250 4194 feria!
1284 4144 1360 4194 tv,
1381 4129 1448 4180 ad
1489 4126 1828 4182 Matutinum.

581 4218 647 4272 Ut
684 4218 934 4271 omnibus
955 4218 1077 4271 ﬁliis
1127 4218 1296 4270 Adam
1349 4219 1836 4286 impassibilitatcm
1887 4219 2068 4287 acqui-

507 4324 680 4372 rercs,
713 4308 1015 4376 passionem
1044 4311 1280 4363 sustines
1303 4349 1317 4373 ,
1337 4308 1581 4372 Domine,
1613 4324 1776 4376 super
1813 4324 2025 4363 crucem
2056 4329 2068 4364 :

507 4395 650 4452 terra
676 4399 853 4451 tremit
879 4408 933 4452 et
955 4399 1288 4452 concutitur.
1335 4398 1414 4452 Tu
1457 4414 1605 4465 vero,
1629 4413 1662 4452 ο
1692 4400 1938 4464 Domina,
1960 4417 2072 4454 ma-

507 4496 674 4548 ternis
703 4503 940 4563 permota
966 4493 1287 4556 visceribus,
1323 4492 1375 4545 in
1407 4506 1565 4546 voces
1595 4493 1851 4562 querulas
1871 4508 1934 4546 ac
1974 4492 2066 4546 lle-
2096 4488 2146 4541 ί)

509 4585 643 4639 biles
666 4585 926 4653 erumpis.

584 4674 627 4725 0
658 4675 752 4739 liti,
789 4689 911 4728 cum
962 4681 1016 4727 te
1071 4671 1273 4742 peperi,
1322 4673 1630 4741 speciosum
1691 4670 1865 4726 forma
1913 4688 2074 4741 super

511 4779 701 4818 omnes
788 4766 926 4818 filios
995 4763 1272 4816 hominum
1343 4764 1622 4830 cognovi;
1677 4772 1730 4816 et
1805 4764 2077 4832 quomodo

517 4870 681 4919 nunc,
712 4856 947 4915 Christe,
968 4854 1116 4908 cruci
1144 4851 1309 4922 285
1337 4853 1529 4907 allixns
1559 4855 1956 4922 pulchritudine
1990 4871 2079 4909 ca-

517 4947 640 4999 res?
677 4944 748 4997 Ita
778 4959 900 4996 cum
935 4945 1190 5014 laciymis
1226 4943 1390 5013 Virgo
1421 4945 1762 5013 loquebatur.

585 5036 777 5090 Gladio
810 5034 1082 5105 passionis
1105 5036 1196 5088 ﬁlii
1225 5036 1302 5089 tui
1330 5037 1611 5089 vulnerata
1647 5051 1727 5100 es,
1771 5053 1803 5090 ο
1830 5036 2077 5101 Domina,

521 5142 640 5179 cum
673 5124 921 5178 eumdem
971 5126 1311 5189 crucilixum,
1348 5141 1409 5179 ac
1461 5129 1602 5180 latus
1648 5126 1814 5193 ipsius
1856 5128 2081 5193 purissi-

524 5223 917 5283 mumzproptcr
941 5229 1042 5269 nos
1074 5213 1258 5269 lancea
1282 5215 1587 5284 perfossum
1626 5215 1824 5269 vidisti.

593 5403 729 5456 Cum
766 5400 1062 5464 Christum,
1091 5400 1182 5467 qui
1216 5399 1363 5452 solus
1400 5399 1464 5450 ab
1503 5393 1754 5450 universo
1798 5397 1914 5464 capi
1974 5412 2080 5449 non

523 5501 718 5564 potest,
756 5493 806 5544 in
843 5502 996 5544 utero
1022 5505 1140 5543 meo
1173 5490 1455 5557 cepissem.
1484 5505 1542 5541 ac
1577 5487 1766 5542 deinde
1797 5489 1911 5541 sine
1932 5488 2083 5540 dolo-

528 5586 676 5638 ribus
736 5583 1268 5650 peperissem;nunc
1320 5579 1532 5632 dolnrcs
1581 5586 1763 5647 partus
1807 5581 2078 5646 experior,

525 5679 648 5728 dum
679 5672 925 5724 cumdt-m
957 5671 1007 5721 in
1056 5684 1215 5723 cruce
1245 5670 1512 5723 sublatum
1543 5668 1714 5722 video.
1746 5668 1818 5721 lla
1857 5669 2078 5736 Dcipara

527 5766 874 5826 illacrymans
918 5760 1111 5811 aiebat.

2170 583 2378 646 ζοντας.

2240 760 2387 833 Nae;
2419 768 2556 822 Θεοῦ
2601 770 2883 841 ὲθείχθης,
2934 772 3282 842 πανάμωμε,
3317 773 3375 825 ὲν
3417 765 3463 840 ᾧ
3505 773 3740 842 οἰκήσας

2172 860 2332 931 ίερῶς
2385 862 2483 932 τὴν
2535 862 2742 934 βροτῶν
2784 865 2972 917 οὐσίαν
3017 864 3288 933 ἑθέωσεν,
3335 866 3566 936 ποιήσας
3608 867 3738 927 τοὺς

2168 951 2394 1014 πιστοὺς
2421 953 2581 1015 ναοὺς
2610 953 2808 1007 ἑαυτοῦ
2840 954 3181 1025 παραδόξως.

2246 1133 2454 1204 Ὕμνον
2503 1150 2586 1186 σοι
2610 1173 2625 1196 ,
2673 1135 2921 1205 Παρθένε
2947 1171 2963 1198 ,
3002 1135 3352 1207 εὐχαριστίας
3387 1136 3744 1207 προσάγομεν

2169 1224 2265 1278 νῦν
2289 1265 2305 1288 ,
2338 1224 2425 1277 διὰ
2453 1223 2551 1276 σοῦ
2574 1265 2589 1289 ,
2622 1224 2762 1294 ἁγνὴ
2781 1264 2797 1288 ,
2832 1227 2880 1277 οί
2911 1227 3247 1296 σεσωσμένοι
3281 1229 3344 1280 ὲκ
3377 1227 3473 1297 τῆς
3492 1229 3745 1298 ἀρχαίας

2170 1309 2435 1379 κατάρας,
2463 1309 2560 1364 καὶ
2589 1311 2768 1364 πᾶσαν
2794 1311 3042 1381 εὐλογίαν
3070 1313 3465 1386 καρπούμενοι.

2250 1490 2622 1561 Ἐὄλάστησας
2645 1491 2776 1545 ἄνευ
2821 1494 3137 1564 σπέρματος
3163 1496 3223 1550 ὃν
3256 1495 3513 1571 ὲγᾷννησε
3544 1501 3742 1568 Πατὴρ

2168 1577 2486 1649 ἀρρεύστως
2509 1620 2521 1643 ,
2559 1579 2781 1650 ἔμεινας
2830 1584 2969 1652 μετὰ
3016 1585 3174 1638 τόκον
3226 1586 3493 1655 παρθένος
3522 1588 3595 1650 ὡς
3627 1590 3744 1658 πρὸ

2167 1672 2347 1723 τόκουο
2405 1671 2486 1725 δ.δ
2534 1674 2913 1743 μεμακάρισαι
2952 1677 3048 1729 καὶ
3096 1676 3425 1742 δεδόξασαι,
3474 1679 3742 1750 ἄχραντε,

2170 1763 2482 1828 ἀπαύστως,
2513 1763 2588 1827 ὡς
2613 1767 2814 1836 Μήτηρ
2841 1765 2975 1820 οὖσα
3005 1767 3163 1822 Θεοῦ.

2243 2027 2314 2104 Ὦ
2341 2037 2803 2107 παρειστήκεισαν
2830 2038 3017 2110 τρόμῳ
3039 2042 3107 2094 τὰ
3135 2041 3433 2112 ἔπουράνια
3464 2048 3739 2114 τάγματα,

2170 2126 2356 2178 τοῦτον
2398 2127 2624 2192 τίκτεις,
2650 2130 2820 2200 ἁγνὴ,
2849 2131 3117 2187 ἑνωθέντα
3157 2135 3268 2198 τοῖς
3300 2133 3510 2204 βροτοῖς
3534 2137 3738 2207 ἀγαθόν

2170 2234 2313 2287 τητι,
2339 2217 2424 2287 οὃν
2467 2219 2704 2285 ἐκτενῶς
2748 2221 2955 2276 ἱκέτευε
2987 2224 3325 2295 οίκτειρῆσαι
3358 2228 3484 2291 τοὺς
3513 2228 3738 2292 δούλους

2053 2358 2060 2363 .
2172 2324 2288 2363 σου.

2241 2398 2377 2451 Νέον
2399 2400 2530 2469 ἡμῖν
2556 2399 2756 2472 βρᾶφος
2783 2403 3104 2474 ἀπεκύησας
3133 2406 3222 2489 τὸν
3251 2407 3485 2464 Παλαιὸν
3512 2411 3739 2482 ἡμερῶν

2169 2488 2294 2552 νέας
2324 2489 2416 2542 ἐπὶ
2443 2490 2549 2560 γῆς
2573 2491 2794 2561 τρίϐους
2813 2488 3225 2571 ὑποδεικνύντα,
3249 2499 3343 2552 καὶ
3368 2500 3468 2569 τὴν
3491 2502 3735 2556 παλαιω-

2175 2579 2362 2633 θεῖσαν
2379 2580 2541 2650 φύσιν
2565 2585 3015 2654 καινουργοῶηα,
3035 2588 3348 2659 ἁνύμφευτε
3369 2592 3739 2666 εὐλογημένη.

2242 2763 2586 2835 Συντήρησόν
2615 2781 2718 2836 μου
2755 2764 2854 2838 τὴν
2883 2767 3122 2836 διάνοιαν
3153 2769 3213 2823 tv.
3237 2770 3585 2836 ταπεινώσει,
3622 2775 3738 2828 Κό-

2172 2872 2242 2924 ρη
2262 2853 2644 2925 θεοχαρίτωτε,
2666 2857 2698 2925 ἡ
2725 2857 2803 2927 τῷ
2825 2857 2968 2928 τόκῳ
2999 2875 3090 2912 σου
3117 2860 3733 2936 συντρίψασαοὲπάρσεες

2169 2941 2278 2994 τῶν
2305 2941 2593 3012 δαιμόνων,
2629 2945 2725 2998 καὶ
2756 2943 2969 3015 ὖψιιισόν
2999 2964 3068 3017 με
3100 2949 3208 3012 ἀπὸ
3231 2951 3330 3021 τῆς
3359 2953 3594 3024 κοπρίας
3621 2955 3736 3007 τῶν

2171 3032 2379 3099 παθῶν,
2423 3034 2516 3087 καὶ
2553 3035 2827 3092 πεινῶντα
2861 3037 2962 3109 τὴν
2998 3038 3156 3110 χάριν
3195 3057 3289 3093 σου
3339 3042 3562 3113 κόρεσον
3606 3048 3738 3116 μελ-

2095 3167 2141 3229 c
2171 3123 2444 3229 ῳξούνταο.
2606 3125 2819 3229 Κύριον.
2841 3129 3082 3229 ditus-its,
3127 3131 3197 3186 τὰ
3227 3131 3388 3203 ἔργα,
3422 3134 3517 3189 καὶ
3557 3137 3735 3209 ὑπερ-

2171 3211 2370 3281 υψοῦτε
2398 3214 2478 3276 είς
2507 3214 2713 3277 πάντας
2739 3216 2866 3276 τοὺς
2896 3217 3119 3280 αίῶνας.

2238 3305 2427 3374 Φωνήν
2477 3322 2560 3358 σοι
2593 3307 2940 3377 προσάγομεν
3003 3309 3102 3378 τὴν
3149 3309 3244 3364 τοῦ
3282 3310 3521 3382 Γαϐριὴλ
3571 3311 3740 3379 ἀγγέο

2168 3395 2288 3462 λου,
2307 3397 2568 3464 πάναγνε,
2597 3398 2961 3471 εὐλογημένηο
2989 3401 3182 3466 Χαῖρε,
3209 3403 3242 3472 ἡ
3275 3403 3572 3474 χωρήσασα
3599 3403 3735 3456 Θεὸν

2168 3488 2260 3542 τὸν
2288 3489 2568 3560 ἀχὼρητον
2592 3504 2606 3519 ⁸
2642 3493 2819 3559 χαῖρε,
2851 3492 3093 3561 κατάρας
3133 3491 3306 3556 λύσις,
3358 3493 3452 3545 καὶ
3480 3493 3731 3560 εὐλογίας

2170 3570 2480 3651 είσαγωγῆ·
2524 3581 2701 3650 χαῖρε,
2759 3582 2897 3653 μόνη
2946 3582 3280 3653 παραδείσου
3333 3585 3367 3654 ἡ
3413 3583 3512 3653 τὴν
3565 3584 3736 3654 θύραν

2171 3669 2476 3742 ἀνεῲξασα.

2238 3764 2470 3815 Φανετσα
2513 3762 2624 3816 τῶν
2670 3762 2951 3835 Χερουϐὶμ
3004 3762 3302 3834 ἁγιωτέρα,
3345 3763 3610 3833 Παρθένε,
3658 3765 3736 3828 ὡς

2171 3852 2260 3904 τὸν
2289 3853 2420 3905 Θεὸν
2451 3852 2682 3907 τεκοῦσα
2709 3853 2799 3907 τὸν
2830 3854 3148 3926 ὑπεράγων,
3179 3854 3388 3917 πάντας
3422 3856 3568 3924 ἡμᾶς
3593 3856 3726 3908 καθ-

2171 3943 2414 4010 αγίασον,
2446 3945 2570 4006 τοὺς
2622 3945 2680 3996 ἐν
2710 3946 2914 4012 φωναῖς
2947 3944 3131 4013 ἁγίαις
3161 3943 3342 3996 πίστει
3367 3945 3426 3996 ιν
3456 3946 3609 3998 νυκτὶ
3641 3945 3736 3997 καὶ

2171 4031 2354 4101 ἡμέρᾳ
2385 4048 2443 4083 σε
2471 4032 2809 4098 ἀγιάζοντας.

2185 4124 2278 4175 Ἐκ
2305 4122 2409 4176 τοῦ
2425 4125 2695 4189 Κανόνας
2727 4123 2835 4191 τῆς
2869 4122 3172 4200 τετάρτης,
3203 4126 3290 4191 εις
3327 4124 3434 4179 τὸν
3456 4126 3725 4190 Ὄρθρον.

2245 4215 2361 4268 ’Ὶνα
2400 4215 2665 4268 ἀπάθειαν
2713 4216 2844 4267 πᾶσι
2896 4217 3008 4280 τοῖς
3052 4214 3114 4280 ἐξ
3154 4215 3326 4285 Ἀδὰμ
3356 4216 3732 4286 προξενήσῃς.

2174 4307 2436 4370 Δέσποτα,
2468 4307 2638 4368 πάθος
2667 4305 2854 4375 φέρεις
2884 4307 2944 4358 ὲν
2977 4305 3220 4377 σταυρῷ,
3253 4309 3346 4359 καὶ
3394 4307 3573 4377 ὁρῶσα
3600 4307 3734 4356 σείε-

2174 4415 2263 4450 ται
2289 4399 2326 4466 ή
2362 4397 2456 4465 γῆ,
2491 4396 2839 4466 θρηνῳδοῦσα
2865 4397 3147 4467 μητρικῶς
3173 4397 3359 4463 ἐϐόας,
3383 4398 3667 4450 Δέσποινα.

2262 4667 2473 4735 Ὦραῖον
2507 4665 2691 4738 κάλλει
2741 4682 2824 4730 σε,
2860 4665 2976 4729 Υἱὲ,
3009 4665 3150 4736 ὑπὲρ
3179 4664 3388 4728 πάντας
3420 4665 3737 4735 ἀνθρώπους

2180 4761 2236 4810 ὲν
2264 4759 2340 4826 τῷ
2384 4760 2591 4809 τίκτειν
2641 4757 2906 4823 ἐπέγνων,
2940 4758 3034 4808 καὶ
3066 4756 3182 4820 πῶς
3219 4758 3616 4825 σταυρούμενος
3644 4756 3737 4807 νῦν

2179 4848 2371 4909 κάλλος
2406 4847 2504 4898 οὐκ
2544 4846 2707 4916 ἔχεις,
2758 4847 3000 4914 Χριστέ;
3038 4848 3071 4917 ἡ
3119 4846 3394 4916 Παρθένος
3451 4845 3600 4913 ἔλεγε
3644 4846 3738 4897 δα·

2179 4937 2439 5008 κρύουσα.

2264 5027 2532 5099 Ῥομφαίᾳ
2561 5031 2825 5097 τέτρωσαι
2849 5027 2941 5080 τοῦ
2975 5027 3201 5090 πάθους,
3231 5028 3517 5090 Δέτποινα,
3547 5026 3639 5080 τοῦ
3673 5031 3734 5080 ὲκ

2184 5120 2274 5171 σοῦ
2318 5119 2712 5188 σαρκωθέντος,
2741 5121 2867 5172 ὅταν
2901 5120 3061 5173 αὑτὸν
3084 5120 3311 5188 ἔϐλεψας
3343 5122 3738 5188 σταυρούμενον

2183 5212 2277 5262 καὶ
2323 5211 2490 5280 λόγχῃ
2544 5209 2808 5280 ἄχραντον
2852 5209 3090 5279 πλευρὰν
3135 5209 3200 5262 δι’
3258 5209 3405 5278 ἡμᾶς
3462 5209 3735 5278 ὲξορυττὸο

2186 5315 2366 5367 μενον.

2255 5391 2426 5458 "arpi.
2483 5391 2775 5459 χωρήσασα
2827 5389 3060 5458 Χριστὸν
3110 5391 3266 5458 μόνον
3314 5389 3408 5440 τὸν
3464 5389 3741 5458 ἀχώρητον

2185 5484 2350 5534 παντὶ
2383 5482 2587 5532 ὠδίνων
2623 5480 2844 5533 ἄνευθεν
2884 5481 3128 5544 τέτοκας,
3161 5479 3254 5530 νῦν
3291 5479 3346 5532 δὲ
3377 5478 3647 5548 ὀδυνῶμαι
3687 5479 3743 5529 ἐν

2183 5575 2256 5642 τῷ
2289 5572 2649 5641 σταυροῦσθαί
2709 5589 2789 5638 σε,
2822 5572 3042 5642 Χριστὲ,
3089 5573 3123 5641 ἡ
3166 5570 3430 5633 Θεοτόκος
3484 5570 3744 5624 κλαίουσα

2184 5682 2386 5731 ειεγεν.
3096 5684 3098 5687 -
