3948 6304
511 337 643 399 1347

577 446 780 496 Novum
817 437 1184 508 spectaculum
1213 436 1426 488 intueor
1452 430 1887 500 (exclamabas,o
1917 427 2063 481 omni
2096 435 2140 487 Α

1629 325 1688 381 s.
1728 321 2038 382 JOSEPHI
2082 272 2632 379 HYMNOGRAPIII

3604 306 3747 372 1348

2244 423 2403 476 Ξένον
2435 423 2614 490 θέαμα
2649 402 2850 489 βλέπω,
2882 418 3132 491 ἐκραζες,
3161 420 3508 489 πανύμνητε,
3549 417 3681 478 πῶς
3725 418 3752 468 ό

504 534 660 587 laude
699 529 1036 600 dignissima)
1067 545 1079 578 :
1119 526 1399 591 Quomodo
1457 532 1535 583 tu,
1570 523 1658 588 qui
1686 529 1908 588 aspectu
1942 521 2066 572 uni-

2203 515 2244 582 ᾧ
2295 512 2567 581 βλέμματι
2612 512 2793 562 πᾶσαν
2835 510 2935 577 γῆν
2970 510 3232 575 σαλεύων,
3262 510 3354 560 ἐπὶ
3378 508 3540 573 ξύλου
3575 504 3752 574 ὑψοῦ..

509 639 717 676 versam
772 617 1020 672 concutis
1065 625 1284 675 terram,
1331 612 1382 663 in
1434 625 1596 662 cruce
1644 610 1911 661 exaltatus
1945 608 2067 660 .ob-

506 716 772 770 dormisti:
802 727 924 765 cum
981 720 1156 761 tamen
1206 720 1298 758 eos
1348 704 1440 770 qui
1496 701 1831 754 dormierttnt
1882 716 1912 753 a
1973 714 2069 752 sm-

505 809 627 859 cnlo
681 807 1048 858 suscitaturus
1093 796 1208 851 sis?
1254 795 1455 858 Adoro,
1495 809 1527 846 o
1587 791 1709 857 Fili,
1757 792 2065 860 patientiam

509 904 678 948 tuam.

574 985 647 1038 Te
674 984 954 1035 Dominum
983 980 1122 1041 vitze,
1159 987 1211 1032 et
1235 978 1542 1046 speciosum
1575 976 1751 1029 forma
1783 988 1948 1042 super
2006 973 2070 1026 ﬁ-

509 1077 610 1127 lios
646 1073 926 1125 hominum
956 1073 1084 1123 olim
1141 1068 1321 1137 peperi
1369 1066 1722 1134 (exclamabat
1769 1063 1972 1132 Virgo),
2019 1072 2073 1116 et

506 1163 779 1232 quomodo
817 1160 1046 1211 moreris
1083 1173 1247 1218 nunc,
1284 1171 1315 1209 0
1339 1157 1430 1218 fili,
1469 1170 1573 1207 non
1599 1155 1807 1208 habens
1834 1157 2068 1221 speciem

509 1267 683 1319 neque
718 1251 970 1302 decorem
996 1248 1047 1298 in
1077 1261 1235 1299 cruce
1264 1259 1583 1312 suspensus,
1614 1243 1706 1312 qui
1731 1253 1865 1297 nutu
1889 1243 2071 1296 omnia

509 1343 915 1414 pulchritudine
942 1355 1196 1393 exornas.

574 1436 619 1487 0
658 1433 912 1496 Verbum,
948 1432 1027 1485 sol
1061 1432 1308 1484 nesciens
1344 1444 1597 1484 occasum
1630 1428 1827 1498 (aiebat
1860 1427 2069 1497 Virgo),

509 1521 784 1591 quomodo
820 1534 961 1572 nunc
999 1518 1048 1568 in
1092 1517 1238 1588 ligno
1283 1526 1566 1571 extensum
1608 1516 1884 1582 occidisti;
1916 1525 1968 1570 et
1994 1517 2074 1574 sol

509 1614 716 1673 videns,
750 1609 954 1664 destitit
981 1625 1008 1661 a
1038 1624 1199 1662 cursu
1231 1624 1352 1672 suo,
1383 1624 1488 1660 non
1519 1607 1697 1662 ferens
1745 1623 1862 1661 sese
1907 1622 2073 1675 appa-

2171 621 2328 673 μενος
2379 601 2655 663 ὓπνωσας,
2715 601 2841 662 τοὺς
2899 601 3200 662 ὑπνοῦντας
3257 598 3468 668 μέλλων
3528 599 3601 649 ἐκ
3645 595 3750 647 τοῦ

2168 696 2362 757 αίῶνος
2405 692 2746 759 ἁνυπνίζεινς
2796 693 3084 764 προσκυνῶ
3125 695 3240 758 σου,
3271 691 3387 755 Υίὲ,
3431 690 3495 742 τὸ
3528 687 3752 757 μακρό-

2170 785 2231 838 θυ
2239 803 2355 855 μον.
3007 793 3018 801 ”“

2242 967 2448 1037 Κύριόν
2478 983 2537 1019 σε
2563 967 2662 1035 τῆς
2690 965 2832 1034 ζωῆς
2863 965 2956 1017 καὶ
2983 966 3186 1034 ὡραῖον
3223 963 3512 1030 ἀπεκύησα
3545 958 3750 1015 κάλλει

2174 1059 2313 1130 ὑπὲρ
2346 1060 2494 1120 υἱοὺς
2524 1057 2850 1127 ἀνθρώπων,
2886 1057 2919 1126 ἠ
2966 1055 3242 1125 Παρθένος
3272 1054 3619 1125 ἐκραύγαζε,
3653 1052 3751 1103 καὶ

2172 1147 2290 1210 πῶς
2339 1147 2595 1214 θνήσκεις
2645 1143 2760 1207 νῦν,
2806 1145 2924 1207 Υἱὲ,
2972 1145 3166 1206 κάλλος
3220 1145 3321 1197 οὐκ
3380 1144 3516 1214 ἔχων
3546 1145 3617 1196 ἐν
3670 1143 3748 1210 τῷ

2179 1238 2612 1317 σταυροῦσθαιιδ
2633 1227 2988 1301 καλλωπίζων
3022 1237 3198 1292 πάντα
3224 1237 3481 1307 νεύματι;

2257 1421 2313 1474 '0
2333 1420 2524 1481 ᾶδυτος
2541 1419 2712 1489 ἥλιος,
2739 1419 2857 1481 πῶς·
2876 1417 2997 1482 ἱδυς
3019 1417 3180 1488 ξύλῳ,
3195 1417 3357 1485 Λόγε,
3385 1417 3753 1486 πινόμενος

2174 1513 2207 1580 ή
2232 1510 2505 1580 Παρθένος
2527 1509 2654 1561 ἐσόα
2671 1524 2686 1538 ο
2717 1502 2811 1585 καὶ
2838 1507 3050 1594 βλέπων
3073 1509 3202 1578 ἔστη
3220 1508 3312 1560 τοῦ
3336 1508 3532 1576 δρόμου
3559 1506 3754 1574 ἥλιος,

2174 1601 2385 1669 φαίνειν
2407 1602 2484 1671 μὴ
2512 1600 2735 1665 σθένων,
2765 1598 2860 1650 σοῦ
2883 1600 3202 1668 πάσχοντος,
3229 1600 3508 1664 Δέσποτα;
3537 1596 3756 1667 ’Υμνο-

511 1721 624 1757 rere
659 1717 720 1755 ac
766 1701 946 1753 lucere
986 1699 1112 1750 dum
1162 1708 1216 1750 tu
1273 1698 1495 1766 pateris,
1526 1713 1558 1751 ο
1607 1697 1870 1763 Domine;
1911 1695 2072 1764 laudo

2203 1693 2339 1759 ογῶ,
2379 1693 2668 1764 προσκυνῶ
2692 1694 2752 1746 τὸ
2787 1693 2928 1746 θεῖον
2953 1691 3152 1761 κράτος
3186 1706 3301 1773 σου.

508 1803 560 1847 ct
589 1795 758 1846 adoro
798 1792 1033 1843 divinam
1067 1790 1362 1856 potentiam
1402 1797 1571 1842 tuam.

579 1881 711 1935 Cum
745 1881 932 1933 dolore
964 1879 1268 1946 su~pirans,
1291 1892 1414 1930 cum
1453 1878 1694 1931 materno
1733 1878 1928 1931 aﬂectu
1954 1878 2071 1946 eju-

509 1972 1171 2035 lans,etcoaretationem
1222 1979 1386 2040 atque
1422 1969 1725 2038 angustiam
1770 1969 1948 2023 cordis
1985 1985 2070 2021 re-

510 2065 744 2134 pzimere
779 2079 885 2116 non
922 2062 1128 2125 valens,
1162 2062 1334 2114 oculis
1359 2062 1412 2114 iu
1437 2076 1598 2116 cruce
1631 2060 1824 2114 deﬁxis
1855 2061 1919 2113 ad
1947 2075 2068 2112 eum

511 2155 602 2221 qui
635 2168 698 2207 ex
735 2163 888 2206 utero
945 2161 1034 2204 tuo
1068 2159 1228 2203 natus
1271 2159 1408 2213 erat,
1440 2151 1817 2204 exctamahas:
1849 2149 1892 2205 0
1944 2147 2069 2211 Fili,

511 2246 784 2313 quodnam
820 2241 1187 2311 spectaculum
1230 2249 1315 2294 est
1376 2240 1516 2294 hoc?
1551 2241 1827 2308 quomodo
1871 2240 2072 2308 pateris

512 2341 590 2395 tu,
643 2333 733 2401 qui
790 2342 981 2384 natura
1030 2345 1088 2383 es
1137 2329 1534 2398 impassibilis,
1574 2339 1735 2398 atque
1791 2330 2072 2383 hominum

511 2440 681 2494 genus
701 2423 922 2476 omnino
959 2421 1038 2476 vis
1062 2437 1090 2475 a
1117 2424 1467 2491 corruptione
1490 2423 1763 2478 liberare?

585 2517 720 2568 Cum
761 2514 988 2582 fugerint
1025 2514 1239 2567 dolores
1269 2525 1504 2568 matrum
1533 2529 1597 2568 eo
1622 2525 1860 2585 tempore
1887 2533 1994 2585 quo
2024 2525 2077 2570 te

515 2605 718 2674 peperi,
742 2621 772 2656 ο
817 2603 1100 2662 mitissime
1133 2601 1267 2667 Fili;
1301 2619 1448 2667 nunc
1501 2604 1652 2672 dum,
1683 2614 1734 2658 te
1764 2606 2071 2659 voluntarie

514 2697 818 2764 passionem
845 2695 1195 2762 amplectimt
1220 2695 1436 2748 dolores
1456 2687 1648 2757 subire
1673 2695 1848 2758 video,
1871 2696 2075 2749 viscera

521 2801 637 2838 mea
690 2775 1194 2858 discruciantur,et
1224 2777 1408 2837 anima
1448 2800 1565 2839 mea
1602 2785 1839 2854 repletur
1873 2787 2079 2840 dolori-

517 2875 638 2929 bus.
674 2875 750 2928 lta
788 2865 1129 2929 exclamabat
1161 2876 1464 2929 castissima
1498 2874 1609 2941 illa,
1642 2891 1804 2945 quam
1834 2891 1933 2931 nos
1985 2891 2080 2944 pro

519 2967 711 3019 merito
745 2965 1167 3032 magnilimmus.

689 3091 852 3158 298
886 3089 964 3140 Ex.
995 3088 1200 3142 Canone
1224 3089 1370 3157 feria’
1396 3106 1447 3154 ν,
1475 3089 1543 3142 ad
1567 3089 1911 3144 Matutinum.

589 3212 788 3268 Praeter
811 3223 1019 3267 naturae
1044 3215 1206 3282 leges,
1234 3215 1509 3282 peperisti,
1532 3229 1563 3267 ο
1585 3215 2081 3280 iutemeratissima,

519 3306 878 3375 legislatorem
935 3322 997 3359 ac
1047 3305 1240 3368 Deum,
1283 3307 1558 3359 hominem
1609 3306 1808 3360 factum
1846 3327 1859 3360 :
1903 3323 2081 3375 quem,

522 3407 707 3464 utpote
738 3397 1052 3465 benignum,
1084 3397 1392 3463 deprecare,
1431 3405 1486 3449 tit
1540 3397 1781 3465 ignoscat
1823 3399 1978 3452 nobis
2023 3414 2084 3452 ea

521 3502 642 3555 quae
667 3495 853 3539 contra
885 3487 1051 3554 legem
1078 3484 1428 3552 deliquimus,
1461 3485 1590 3538 dum
1619 3487 1834 3540 assidue
1883 3488 2087 3540 clama-

523 3592 643 3630 mus
678 3595 689 3629 :
722 3575 1016 3630 Cantemus
1050 3573 1302 3640 Domino,
1335 3575 1571 3644 gloriose
1602 3578 1744 3630 enim
1777 3578 2086 3645 magniﬁca-

525 3677 611 3721 tus
634 3676 732 3721 est.

600 3759 918 3827 Deprecare,
941 3774 972 3813 ο
997 3758 1182 3828 Virgo,
1212 3759 1360 3812 illurn
1394 3759 1488 3829 qui
1520 3760 1693 3814 bonus
1724 3767 1827 3822 est,
1856 3770 1914 3814 ut
1960 3775 2087 3830 poc-

524 3856 771 3900 catorum
841 3847 1288 3911 absolutionem,
1341 3856 1394 3900 et
1467 3862 1498 3901 ι
1561 3849 1895 3917 gravissimis
1965 3851 2088 3904 vitae

2476 1785 2486 1816 Ν

2258 1876 2565 1948 Ὀδυνηρῶς
2625 1874 2977 1939 στενάζουσα,
3034 1872 3318 1945 μητρικῶς
3361 1871 3752 1938 ἁλαλάζουσα,

2174 1971 2272 2024 καὶ¹
2303 1970 2399 2039 τὴν
2446 1971 2507 2022 ἐκ
2558 1971 2668 2022 τῶν
2726 1968 3045 2038 σπλάγχνων
3099 1965 3323 2036 συνοχὴν
3345 1964 3418 2035 μὴ
3471 1965 3756 2033 φέρουσα,

2176 2059 2392 2130 σταυρῷ
2424 2059 2728 2130 ἐνητένιζες
2753 2059 2830 2130 τῷ
2863 2060 2926 2110 ἐκ
2964 2059 3060 2128 τῆς
3079 2057 3176 2126 σῆς
3206 2056 3443 2125 τεχθέντι
3475 2054 3754 2122 γαστρὸς.

2176 2151 2399 2214 Τέκνον,
2434 2151 2701 2215 ἐκδοῶσα,
2734 2149 2786 2203 τί
2816 2149 2875 2202 τὺ
2918 2150 3099 2219 ὅραμα
3123 2145 3278 2199 τοῦτο
3302 2163 3317 2212 ;
3341 2146 3452 2208 πῶς
3477 2134 3763 2214 πάσχεις,

2174 2245 2202 2293 ὁ
2244 2244 2310 2309 τῇ
2362 2241 2520 2309 φύσει
2584 2240 2821 2310 ἀπαθὴς,
2856 2241 2964 2292 πᾶν
2994 2243 3080 2303 ζτε
3138 2237 3304 2291 θέλων
3353 2237 3592 2305 τὸγένος
3635 2235 3756 2290 τῶν

2178 2329 2482 2401 ἀνθρώπων
2519 2330 2722 2401 φθορᾶς
2757 2329 3118 2400 ἐλευθερῶσαι
3139 2346 3156 2395 ;

2239 2511 2493 2579 Φυγοῦσα
2523 2512 2622 2576 τὰς
2650 2512 2842 2576 ὠδῖνας
2871 2514 2968 2576 τὰς
2998 2512 3272 2584 μητρικὰς
3307 2513 3387 2581 τῷ
3420 2513 3595 2584 καιρῷ
3649 2513 3756 2584 τῆς

2147 2593 2150 2596 ’
2181 2603 2418 2672 λοχείας,
2454 2603 2792 2673 μακρόθυμε,
2828 2606 2886 2657 ἐν
2931 2604 3007 2672 τῷ
3036 2605 3093 2657 δὲ
3143 2605 3237 2658 νῦν
3283 2606 3446 2658 πάθει
3475 2607 3757 2670 ἑκουσίως

2181 2690 2556 2761 προσομιλεῖν,
2604 2692 2699 2744 καὶ
2737 2693 2898 2760 ἄλγος
2929 2692 3624 2765 καθυφίστασθαι,ῆλγησα
3676 2697 3754 2749 τὰ

2182 2782 2486 2864 σπλάγχνα,
2515 2781 2607 2833 καὶ⁵
2630 2783 2728 2851 τὴν
2755 2782 2932 2854 ψυχὴν
2955 2783 3144 2853 ὀδύνης
3169 2786 3514 2858 ἐπληρώθην,
3548 2794 3581 2856 ἡ
3603 2789 3758 2845 πάνθ

2180 2889 2341 2940 αγνος
2371 2874 2515 2938 ἐϐόα,
2543 2876 2608 2944 ἢν
2643 2874 2880 2940 ἐπαξίως
2918 2875 3310 2947 μεγαλύνομεν.

2116 3085 2161 3146 C
2189 3088 2321 3157 ,Ἕκ
2347 3087 2450 3141 τοῦ
2479 3088 2744 3154 Κανόνος
2766 3087 2875 3157 τῆς
2893 3087 3180 3158 πέμπτης,
3211 3090 3298 3154 είς
3318 3088 3424 3142 τὸν
3453 3089 3760 3157 '0p6por.‘

2248 3213 2510 3283 Νομίμων
2539 3213 2662 3281 δίχα
2693 3213 2790 3282 τῆς
2824 3213 3036 3282 φύσεως
3065 3215 3290 3275 τέτοκας
3321 3213 3412 3266 τδν
3448 3215 3758 3284 νομοδὸτην

2186 3308 2281 3358 καὶ
2334 3304 2466 3355 Θεὸν
2510 3301 2793 3371 ἄνθρωπον
2840 3304 3127 3371 γενόμενον
3155 3318 3166 3332 ·
3208 3303 3370 3371 αὑτὸν
3414 3303 3484 3365 ὡς
3540 3305 3759 3369 ἀγαθὸν

2189 3395 2426 3458 ἱκέτευε,
2453 3370 2781 3460 πανάριωμε,
2812 3370 3084 3461 ἡμῶντὰς
3109 3370 3337 3462 ἁνομῖας
3369 3393 3611 3461 παριδεῖν
3641 3395 3757 3446 τῶν

2189 3483 2434 3553 βοώντων
2470 3484 2696 3536 πάντοτε
2722 3496 2735 3512 ο
2769 3482 2858 3552 Τῷ
2892 3483 3078 3554 Κυρίῳ
3101 3482 3322 3554 ᾄσωμεν
3342 3502 3353 3512 ·
3388 3483 3609 3549 ἐνδόξως
3639 3485 3758 3554 γὰρ

2188 3573 2520 3641 δεδόξασται.

2259 3760 2423 3812 Λύσιν
2457 3759 2762 3827 δωρηθῆναί
2808 3777 2928 3828 μοι,
2981 3758 3233 3829 ἄχρανπε,
3268 3759 3550 3827 ἁμαρτιῶν
3583 3758 3754 3825 αἴτη-

2190 3868 2280 3904 σαι
2331 3851 2420 3903 τὸν
2471 3849 2699 3918 ἀγαθὸν,
2734 3851 2829 3902 καὶ
2870 3849 2979 3903 τῶν
3011 3852 3068 3902 ἐν
3099 3847 3176 3919 τῷ
3223 3848 3322 3918 βίῳ
3351 3849 3627 3919 χαλειιιῶν⁶
3649 3866 3756 3903 πε-

528 3939 697 4007 ιηιῇμς·
777 3938 1200 3993 ad‘versitatihus
1276 3939 1691 4007 liberationem,
1763 3940 1897 3994 mihi
1987 3942 2079 3994 lar-

2203 3943 2510 4013 ριστάσεων.

527 4040 749 4097 gratum,
2002 4085 2011 4090 _

601 4118 676 4172 Da
733 4120 862 4172 mihi
920 4120 1081 4184 vires,
1114 4135 1147 4172 ο
1179 4108 1457 4185 inviolata,
1495 4129 1554 4174 ut
1577 4120 1825 4175 caelestes
1882 4123 2088 4190 cogita-

531 4207 704 4261 tiones
732 4210 783 4261 in
818 4211 997 4262 anima
1039 4225 1155 4262 mea
1185 4211 1431 4286 excolere
1473 4212 1698 4280 possim,
1722 4221 1774 4265 et
1804 4212 1948 4266 illius
1975 4229 2091 4267 mo-

531 4309 616 4350 tus
641 4299 705 4371 ad
738 4299 855 4350 vitae
895 4298 1171 4368 ingressus
1193 4300 1382 4370 dirige.
1418 4328 1421 4332 -
1563 4308 1570 4312 '

2256 4127 2528 4197 Γεωργεῖν
2571 4144 2638 4196 με
2667 4128 2936 4196 νοήματα,
2970 4127 3225 4193 ἄχραντε,
3267 4124 3492 4194 οὐράνια
3520 4125 3752 4180 ἐνδυνά-

2195 4231 2395 4283 μωσον,
2432 4218 2525 4268 καὶ
2576 4217 2675 4279 τῆς
2703 4214 2880 4283 ψυχῆς
2913 4231 3012 4282 μου
3067 4212 3395 4266 κατεύθυνον
3429 4215 3562 4281 πρὸς
3594 4214 3753 4282 ζωῆς

2194 4305 2431 4365 εἰσόδους
2453 4306 2523 4356 τὰ
2555 4308 2848 4374 κινήματα.

594 4393 868 4457 Aquarum
923 4391 1044 4443 vitae
1086 4389 1302 4443 ﬂuentis
1342 4392 1499 4458 plena
1529 4407 1648 4445 cum
1674 4392 1770 4456 sis,
1800 4407 1834 4446 0
1883 4391 2079 4458 Puella,

2263 4396 2535 4463 Ναμάτων
2569 4395 2897 4464 ζωηρῤύτων
2923 4394 3186 4456 ἀνάπλεος
3216 4389 3371 4460 οὖσα,
3403 4394 3572 4464 Κόρη,
3606 4397 3770 4450 πάν-’

531 4490 713 4546 potum
774 4481 928 4533 nobis
959 4481 1212 4534 omnibus
1258 4481 1454 4549 prabe,
1487 4482 1614 4537 dum
1649 4493 1699 4537 te
1737 4485 1823 4554 pia
1864 4499 1927 4539 ac
1961 4485 2086 4539 reli-

533 4572 679 4639 giosa
709 4579 885 4623 mente
911 4571 1215 4624 laudamus.

602 4661 869 4714 P..latium
903 4660 1066 4728 Regis
1115 4649 1386 4728 altissimi,
1417 4671 1470 4717 et
1505 4663 1730 4719 thronus
1788 4663 2088 4732 igniformis

534 4751 671 4804 facta
726 4768 805 4814 es,
861 4767 891 4802 ο
949 4749 1133 4818 Virgo,
1171 4751 1461 4805 Cheruhim
1514 4763 1565 4807 et
1595 4753 1874 4822 Seraphim
1930 4755 2090 4807 modo

433 4896 441 4902 _
534 4841 794 4893 ineffabili
864 4840 1574 4917 sublimior:quantobrem
1641 4845 1819 4897 omnis
1869 4843 2090 4911 spiritus

535 4942 583 4982 te
617 4941 870 4997 tanquam
896 4927 1170 4984 Creatoris
1214 4943 1435 4986 matrem
1470 4933 1717 4988 laudibus
1756 4933 1982 4988 extollit.

603 5021 863 5088 Impetum
930 5022 1120 5076 mortis
1170 5025 1474 5091 repressisti
1534 5024 1661 5077 dum
1735 5024 2089 5080 immortalem

538 5110 702 5163 Deum
755 5111 1039 5178 peperisti;
1070 5128 1230 5181 quem
1263 5129 1412 5181 roga,
1442 5131 1474 5169 ο
1503 5123 1674 5180 casta,
1706 5123 1765 5171 ut
1811 5115 2092 5183 passiones

538 5201 866 5254 miserabilis
898 5203 1145 5270 corporis
1172 5204 1274 5257 mei
1305 5205 1612 5268 ntortiticet,
1647 5212 1699 5258 et
1739 5205 1846 5259 vita
1870 5205 2091 5274 dignum

536 5308 620 5343 me
659 5293 835 5344 faciat.

600 5381 742 5434 Oll‘er
785 5383 1009 5438 Domino
1045 5387 1516 5453 supplicationem,
1552 5395 1608 5448 ut
1668 5387 2011 5454 misereatur,
2041 5397 2094 5442 et

535 5473 760 5524 salutem
797 5473 997 5527 tribuat
1047 5474 1112 5528 iis
1139 5476 1228 5542 qui
1260 5475 1323 5527 ad
1359 5485 1408 5528 te
1448 5474 1785 5545 confugiunt,
1811 5478 2095 5532 osauctis-

536 5561 669 5614 sima
705 5561 950 5627 lleipara,
997 5563 1272 5615 hominum
1307 5564 1590 5629 auxilium.

604 5651 735 5714 Cum
768 5654 840 5707 sis
867 5654 1002 5707 lucis
1028 5641 1384 5718 domicilium,
1407 5656 1665 5723 illuinina,
1705 5673 1734 5711 o
1760 5657 1936 5729 Virgo,
1972 5661 2091 5713 aui-

2188 4501 2285 4546 τας
2314 4486 2455 4553 ἡμᾶς
2492 4487 2712 4536 πότισον
2740 4482 3143 4553 εὐσεσοφρόνως
3169 4483 3470 4551 ὑμνοῦντας
3493 4501 3570 4538 σε.

2262 4665 2526 4719 Παλάτιον
2558 4665 2760 4736 ὑψηλοῦ
2803 4666 3083 4735 βασιλέως,
3133 4667 3226 4719 καὶ
3267 4665 3603 4737 πυρίμορφος
3646 4684 3747 4735 γε·

2189 4755 2415 4824 γένησαι
2453 4756 2660 4826 θρόνος,
2696 4757 2801 4809 τῶν
2833 4757 3111 4826 Χερουϐὶμ
3157 4758 3427 4826 ἁνωτέρα,
3481 4758 3747 4826 Παρθένε,

2192 4848 2284 4898 καὶ
2337 4848 2584 4916 Σεραφὶμ
2612 4849 2749 4917 ὺπέρ
2790 4849 2912 4900 νοῦν
2966 4849 3355 4918 χρηματίσασα
3375 4865 3388 4876 ·
3417 4847 3665 4902 ἐντεῦθέν
3688 4867 3748 4901 σε

2193 4935 2345 4986 πᾶσα
2369 4935 2504 5003 πνοὴ
2520 4935 2592 4993 ὼς
2627 4937 2852 5004 Μητέρα
2884 4937 3094 4998 δοξάζει
3127 4935 3219 4988 τοῦ
3255 4936 3568 4998 κτίσαντος.

2265 5026 2538 5093 Ἔστησας
2577 5025 2755 5095 ῥύμην
2800 5027 2895 5079 τοῦ
2921 5027 3172 5092 θανάτου,
3201 5027 3291 5078 τὸν
3327 5027 3588 5081 ἀθάνατον
3613 5027 3749 5080 es)»:

2191 5112 2579 5182 ὰποκυὴσασω
2608 5114 2667 5165 ὃν
2690 5114 2951 5177 δυσώπει,
2980 5116 3141 5183 ἁγνὴ,
3173 5117 3237 5167 τὰ
3266 5099 3412 5183 πάθη
3443 5115 3747 5168 θανατῶσλι

2181 5202 2285 5256 ’τοῦ
2311 5201 2566 5258 ταπεινοῦ
2597 5220 2698 5272 μου
2722 5202 2993 5273 σώματος,
3030 5207 3121 5257 καὶ
3155 5205 3299 5274 ζωῆς
3326 5222 3394 5274 με
3426 5205 3672 5271 ἀξιῶσαι.

2271 5389 2574 5458 Ἰκετηρίαν
2614 5387 2930 5456 προσάγαγε
2963 5387 3150 5456 Κυρίῳ
3175 5387 3627 5458 ικατοικτειρῆσαι
3653 5392 3749 5443 καὶ

2197 5477 2366 5530 σῶσαι
2385 5481 2508 5540 τοὺς
2525 5479 2618 5530 ἐπὶ
2640 5480 2721 5530 σοι
2741 5460 3201 5546 καταφεύγοντας,
3226 5479 3464 5545 παναγία
3483 5480 3742 5549 Παρθένο,

2195 5567 2495 5638 ἀνθρώπων
2531 5569 2771 5638 βοήθεια.

2260 5661 2436 5722 Φωῖὺς
2467 5660 2599 5715 οὖσα
2623 5663 2846 5731 δοχεῖον,
2883 5661 3131 5730 ψώτισον,
3179 5662 3439 5732 Παρθένε,
3493 5667 3589 5733 τὴν
3632 5682 3752 5717 σκο-
