3948 6304
132 363 271 429 1349

1565 376 1800 437 MARIA
1811 378 1923 437 LE.

3219 391 3355 458 1350

124 480 405 535 σεισθεῖσαν
448 480 622 550 ψυχήν
658 497 761 549 μου
809 484 921 547 τοῖς
954 483 1200 552 πάθεσιν,
1233 486 1377 550 ὅπως
1409 488 1467 541 ἐν
1512 487 1692 541 πίστει

1814 506 1937 544 nam
1980 506 2154 547 meam
2183 504 2470 560 pravarum
2517 494 2865 549 allectionum
2900 496 3363 553 tenebrisinvolu-

127 568 224 620 καὶ
254 568 404 653 πόθῳ
433 570 519 623 ἀεὶ
549 570 755 635 δοξάζω
783 588 863 627 σε.

136 786 240 838 Ἐκ
306 786 411 839 τοῦ
459 786 715 854 κανόνος
772 788 905 862 τῆς
944 776 1367 862 Παρασκευῆς,
1430 797 1515 859 εὶς
1589 794 1696 847 τὸν

776 860 1040 927 Ὄρθρον.

205 981 296 1044 Ὠς
342 980 533 1053 ἔϐλεψέ
580 1000 639 1037 σε
686 986 903 1055 σταυρῷ
950 986 1039 1038 τὸν
1096 986 1165 1038 τὰ
1216 986 1395 1039 πάντα
1431 988 1693 1054 βλέποντα

130 1071 433 1141 ὴλούμενον
462 1074 494 1142 ὴ
533 1074 841 1143 ἄμεμπτος,
878 1074 1173 1144 ὀδυρομένη
1209 1075 1389 1143 ἐλεγυ
1426 1077 1489 1128 Τί
1516 1077 1693 1141 τοῦτο,

134 1162 332 1215 τέκνον
362 1163 527 1233 ὲμόν;
555 1164 621 1216 Τί
662 1180 743 1217 σοι
775 1165 1162 1218 ἀνταπέδωκαν
1206 1167 1255 1219 οἱ
1296 1168 1695 1232 ἀπολαύσαντες

140 1250 360 1304 πολλῶν
409 1269 503 1305 σου
552 1253 925 1322 δωρημὰτων;
966 1255 1081 1318 πῶς
1136 1256 1342 1309 ὑποίσω
1377 1258 1467 1311 τὸν
1497 1260 1694 1324 πόνον;

130 1342 277 1406 Δόξα
318 1346 384 1412 τῇ
418 1346 506 1415 σῇ,
540 1335 877 1415 εὔσπλαγχνε
918 1347 1009 1398 καὶ
1051 1347 1389 1419 μακρόθυμε,
1419 1349 1697 1421 οἰκονομίᾳ

134 1435 367 1502 φρικτῆ-
1332 1455 1341 1460 ‘

208 1522 478 1592 Νομίμων
514 1524 636 1595 δίχα
668 1526 777 1581 τῶν
811 1527 1168 1599 ἀνθρωπίνων
1194 1547 1251 1583 σε
1277 1531 1464 1584 τέκνον
1492 1530 1696 1597 ἔτεκον,

134 1610 233 1661 καὶ
280 1610 396 1673 πῶς
443 1612 635 1683 ἄνομοι
666 1614 861 1684 ύψοῦοί
897 1633 954 1669 σε
983 1617 1124 1689 ξύλῳ
1157 1619 1321 1688 μέσον
1344 1621 1578 1690 ἀνόμων,
1610 1619 1700 1671 τὸν

134 1699 300 1768 μόνον
350 1702 544 1770 νόμους
584 1702 733 1773 ζωῆς
761 1706 1144 1779 ὲκτιθέμενον;
1178 1711 1211 1778 ὴ
1238 1709 1496 1774 Θεοτόκος
1533 1710 1700 1781 θρην-

126 1790 345 1858 ῳδοῦσα
371 1792 772 1863 ἀπεφθέγγετο.

204 1972 343 2025 Νέον
379 1973 577 2041 βρέφος
617 1973 856 2042 ὲκύησας
896 1974 987 2027 τὸν
1025 1974 1130 2048 πρὸ
1173 1974 1278 2028 τῶν
1334 1975 1542 2030 αίωνων
1576 1977 1704 2031 ὄντα

132 2064 474 2127 παντέλειον,
497 2064 590 2117 καὶ
609 2065 849 2137 σταυρῷ,
875 2066 1027 2136 Κόρη
1044 2066 1373 2138 πανάμωμε,
1398 2066 1704 2122 τελειοῦντα

130 2152 316 2206 πάντα
344 2154 662 2224 ἀγαθότητι.

206 2261 608 2331 Νενοσηκότας,
644 2261 910 2333 Παρθένε,
939 2266 1003 2335 τῇ
1032 2262 1280 2335 ἁμαρτίᾳ
1310 2260 1457 2334 ἡμᾶς
1491 2264 1703 2336 ίάτρευ-

132 2368 259 2417 σας,
299 2353 549 2423 κυήσασα
596 2351 689 2405 τὸν
734 2351 962 2425 Σωτῆρα
998 2354 1178 2424 ίατρόν
1208 2369 1264 2405 τε
1315 2352 1422 2405 τῶν
1454 2353 1609 2418 ὅλων,
1646 2357 1703 2408 ἐν

132 2442 283 2513 ξύλῳ
324 2428 443 2497 τοῦη
472 2441 707 2514 σταυροῦ
759 2443 1255 2513 τραυματισθέντα,
1305 2443 1559 2513 ἀχραντε,
1612 2446 1702 2499 τὸν

132 2533 448 2605 παρέχοντα
478 2533 789 2603 ἀφθαρσίαν
816 2535 935 2597 ταῖς
970 2533 1169 2607 ψυχαῖς
1201 2535 1378 2621 ημῶν,

219 2625 491 2694 Ῥομφαία
519 2626 619 2694 τὴν
644 2624 743 2695 σὴν
770 2625 953 2694 διῆλθε
982 2625 1230 2696 καρδίαν,
1262 2624 1579 2697 καθορώσης
1611 2628 1703 2680 σὸν

134 2714 289 2781 nev,
327 2716 559 2787 ἀχραντε
602 2714 777 2785 Κόρη,
821 2714 1100 2785 ἠλωμένον
1129 2716 1187 2768 ιν
1237 2716 1398 2787 ξύλῳ,
1429 2720 1522 2771 καὶ⁵
1558 2718 1701 2789 πάθη

128 2808 400 2876 φέροντα,
450 2807 545 2859 καὶ
593 2804 763 2877 λόγχῃ
807 2805 959 2859 θείαν
1002 2804 1244 2876 πλευρὰν
1288 2808 1703 2879 ἐξορύττόμινον

132 2902 423 2971 θελήματι,
455 2902 550 2955 καὶ
578 2900 1024 2969 κατασφάττοντα
1063 2902 1121 2954 ἐν
1153 2900 1294 2973 αὐτῇ
1328 2902 1416 2955 τὸν
1450 2901 1705 2973 πολέμιον

129 2992 406 3062 δράκοντα
435 3007 447 3020 ·
481 2991 601 3045 ὅθεν
632 2989 982 3062 θρηνῳδοῢσα
1036 2991 1317 3062 μητρικῶς
1348 2989 1536 3046 τοῦτον
1580 2993 1706 3063 ἀμε-

132 3081 388 3149 γαλυνις.

1795 591 1928 645 tam,
1960 589 2018 635 ιιι
2041 595 2165 635 cum
2214 581 2317 637 tide
2354 582 2542 662 affectu
2596 598 2816 655 semper
2862 593 3077 641 cantem
3134 585 3361 655 gloriam

1796 680 1970 726 tuam.

1969 796 2133 865 299
2155 793 2237 847 Ea:
2260 796 2462 852 Canam
2485 800 2629 866 ferite
2656 816 2729 863 v1,
2753 801 2821 853 ad
2846 800 3184 857 Matutinum.

1870 992 1972 1047 Ubi
2027 994 2370 1048 immaculata
2412 995 2544 1066 (35),
2576 999 2708 1053 vidit
2755 1000 3020 1054 videntem
3073 1002 3251 1055 omnia
3311 1004 3363 1055 in

1797 1101 1957 1140 cruce
1999 1086 2299 1155 sublatum,
2332 1087 2519 1142 dolore
2558 1090 2802 1156 perculsa
2832 1130 2846 1153 ,
2887 1093 2958 1145 ita
3008 1093 3183 1147 locuta
3233 1108 3357 1148 est:

1798 1176 1937 1241 Quid
1968 1188 2050 1232 est
2084 1179 2207 1241 hOc,
2236 1178 2307 1231 [ili
2341 1178 2453 1232 mi?
2492 1179 2619 1247 quid
2664 1181 2759 1234 tibi
2784 1183 3168 1247 retribuertent,
3204 1187 3297 1254 qui
3329 1202 3360 1239 a

1800 1277 1851 1322 te
1907 1277 1984 1322 tot
2043 1268 2305 1324 beneﬁcia
2365 1272 2731 1340 acceperunt?
2785 1275 3051 1343 quomodo
3120 1276 3362 1331 dolorem

1799 1358 2112 1413 sustinebo!
2154 1358 2335 1414 Gloria
2387 1361 2460 1416 sit
2511 1364 2832 1417 venerandae
2856 1364 3199 1433 dispositioni
3239 1378 3365 1433 tum,

1799 1464 1832 1501 ο
1867 1449 2375 1506 misericordissime
2397 1468 2458 1506 ac
2491 1453 2914 1521 patientissime.

1872 1537 1948 1593 Te
1982 1550 2177 1608 pratter
2206 1541 2351 1609 leges
2382 1542 2646 1596 humanas
2676 1545 2881 1612 peperi,
2910 1528 2949 1598 ξ)
2975 1543 3113 1610 Fili;
3143 1555 3197 1602 et
3226 1564 3369 1618 quo-

1802 1628 1961 1699 modo
2009 1629 2142 1701 legis
2181 1633 2472 1687 violatores
2524 1635 2578 1686 in
2638 1634 2841 1711 lignqu
2925 1644 2975 1691 te
3028 1640 3368 1694 sustulerunt

1804 1721 1857 1775 in
1910 1722 2089 1777 medio
2150 1733 2617 1793 transgressorum
2648 1726 2805 1795 legis,
2856 1727 2955 1803 Aqui
3019 1730 3168 1784 solus
3243 1731 3367 1785 vitae

1805 1810 1950 1880 leges
2005 1814 2335 1887 condidisti?
2374 1814 2451 1870 ita
2498 1816 2833 1886 gemebunda
2899 1816 3124 1889 Dcipara
3174 1820 3368 1891 loque-

1803 1901 1983 1956 batur.

1874 1991 2084 2047 Novum
2118 1979 2390 2067 infantem
2419 1997 2695 2066 peperisti,
2729 2000 2820 2068 qui
2853 2011 2971 2060 erat
3010 2010 3135 2056 ante
3183 2002 3368 2056 omnia

1805 2086 2002 2140 stesula
2065 2086 2515 2155 perfectissimus,
2546 2109 2577 2144 υ
2628 2090 2810 2145 Puella
2868 2101 2977 2146 tota
3011 2108 3181 2162 pura;
3211 2102 3265 2147 et
3315 2096 3369 2149 in
3454 2112 3459 2121 ·

1804 2168 2174 2247 signocrucis
2200 2176 2381 2233 omnia
2402 2180 2610 2247 perlicit
2636 2180 2877 2236 bonitate
2901 2192 3019 2237 sua.

1872 2283 1983 2339 Nos
2012 2285 2227 2355 peccati:
2260 2285 2452 2355 morbo
2491 2294 2836 2355 aegrotantes,
2868 2290 3092 2355 curasti,
3127 2304 3159 2344 o
3211 2288 3367 2360 Virgo

1803 2376 2087 2438 inviolata,
2134 2376 2263 2430 dum
2322 2376 2565 2430 omnium
2606 2375 2946 2432 Salvatorem
2996 2390 3050 2435 et
3104 2372 3367 2436 medicum

1802 2466 2057 2537 peperisti
2098 2483 2110 2519 :
2139 2467 2231 2535 qui
2256 2466 2309 2519 in
2343 2465 2487 2535 ligno
2515 2468 2693 2521 crucis
2720 2468 3060 2537 vulneratus,
3085 2469 3359 2526 immotta-

1802 2557 2007 2611 litatem
2047 2556 2331 2612 animabus
2366 2556 2570 2613 nostris
2597 2557 2877 2627 elargitur.

1836 2640 2099 2701 'Gladius
2156 2661 2251 2701 cor
2310 2656 2459 2700 tuum
2527 2648 2902 2717 pertransivit,
2956 2663 2989 2704 ο
3052 2650 3366 2706 intemerata

1807 2729 2017 2793 Puella,
2053 2746 2175 2787 cum
2228 2729 2422 2786 Filium
2470 2742 2621 2787 tuum
2672 2736 2724 2787 in
2780 2735 2923 2805 ligno
2970 2747 3253 2793 extensum
3291 2740 3369 2792 vi-

1803 2822 1965 2886 disti;
2010 2822 2292 2891 passiones
2336 2816 2530 2891 sponte
2565 2824 2832 2896 tolerare;
2878 2834 2932 2881 et
2976 2828 3160 2882 divino
3204 2829 3373 2883 latere

1797 2910 1992 2965 lancea
2048 2910 2321 2980 perfosso,
2369 2910 2427 2965 in
2483 2912 2672 2966 eodem
2750 2913 3029 2969 inimicum
3082 2916 3369 2973 draconem

1806 3012 2057 3058 mactare
2088 3018 2153 3057 ac
2174 3003 2427 3073 jugulare
2458 3020 2471 3056 :
2506 3004 2651 3058 unde
2679 3005 2936 3059 maternis
2963 3006 3200 3074 querelis
3220 2996 3364 3063 doloé

1805 3108 1918 3147 rem
1944 3103 2095 3147 tuum
2119 3094 2428 3163 divulgans.
2458 3092 2609 3148 illum
2640 3094 3050 3163 magniﬁcabas.

205 3189 369 3261 Δύπῃ
398 3191 789 3261 πεπλήρωμαι,
837 3190 1021 3260 6ρῶσά
1059 3208 1145 3257 σε,
1182 3189 1302 3255 Υἱὲ,
1351 3188 1550 3252 ἀδίκως
1592 3189 1700 3244 πά-

1872 3197 2113 3253 Tristitia
2151 3200 2308 3268 plena
2341 3214 2486 3264 sum,
2522 3213 2645 3253 cum
2671 3198 2829 3253 video
2860 3208 2931 3263 te,
2952 3213 2987 3253 ο
3018 3198 3142 3265 Fili,
3169 3198 3366 3269 injuste

139 3298 359 3351 σχοντα,
390 3280 675 3352 τέτρωμαι
698 3282 901 3351 ψυχὴν,
929 3281 1100 3352 λόγχῃ
1144 3281 1451 3352 τρωθέντος
1480 3296 1571 3334 σου
1600 3282 1711 3365 τὴν¹

132 3373 398 3443 πλευρὰν,
426 3374 462 3441 η
510 3371 763 3434 Θεοτόκος
808 3372 937 3424 ὲῦόα
969 3373 1227 3426 κλαίουσα
1260 3374 1353 3425 καὶ
1379 3372 1698 3442 ὀδυρομένη,

138 3462 280 3531 μόνη
314 3462 583 3515 Δέσποινα
614 3480 629 3495 ·
662 3464 730 3531 ἠν
760 3462 997 3528 ἐπαξίως
1050 3463 1248 3526 πάντες
1302 3462 1699 3533 μακαρίζομεν,
1736 3488 1743 3493 ι

134 3555 232 3608 καὶ
279 3554 519 3617 εὐσεϐῶς
589 3552 1007 3624 κραυγάζομεν·
1063 3554 1122 3607 '0
1161 3552 1543 3625 ύπερύμνητος
1593 3552 1703 3605 τῶν

136 3645 393 3714 πατέρων
421 3644 514 3697 καὶ
544 3646 701 3716 ἡμῶν
725 3646 874 3711 Θεὸς,
899 3645 1188 3716 εὐλογητὸς
1218 3643 1289 3699 εί.

207 3736 426 3805 Νοητὴν
453 3737 703 3806 νεφέλην,
737 3739 832 3790 καὶ
871 3737 1081 3807 σκηνὴν
1112 3736 1475 3805 ἀγιάσματος.
1517 3734 1701 3805 θρόνον

136 3826 275 3879 Θεοῦ
306 3830 398 3881 καὶ
432 3828 630 3897 πύλην,
661 3827 835 3897 φωτὸς
868 3827 1109 3895 λυχνίαν,
1170 3827 1262 3879 καὶ
1306 3826 1570 3895 ἀνατολὴν
1604 3823 1697 3876 τοῦ

138 3919 320 3985 Λόγου
355 3919 402 3971 ot
436 3918 613 3971 πιστοί
646 3936 703 3986 σε
738 3918 933 3981 πάντες
964 3916 1421 3987 κατονομάζομεν,
1457 3918 1696 3983 πάνατνε

146 4007 417 4077 Παρθένε,
468 4007 564 4060 τοῦ
613 4012 791 4061 πάντα
838 4007 1241 4077 τεκτηναμένου
1293 4007 1491 4077 Μήτηρ
1523 4006 1699 4076 ὑπάρ-

137 4112 238 4165 χου
250 4082 318 4148 σα
356 4097 723 4167 εὐλογημένη.
1398 4099 1410 4107 ’

208 4188 511 4257 Φωτοειδὴς
542 4187 752 4251 παστὰς
782 4186 1021 4258 ὼράθης,
1044 4184 1309 4256 Παρθένε,
1334 4184 1425 4237 τοῦ
1450 4184 1700 4259 οἰκήσαν-

135 4281 231 4343 τός
275 4296 368 4333 σου
402 4281 502 4351 τὴν
547 4278 784 4351 ἄφθορον
838 4278 1020 4347 νηδὺν,
1085 4278 1180 4333 καὶ
1219 4276 1387 4340 πάθος
1439 4277 1702 4349 μακάριον

139 4371 655 4441 καθυπομείναντος
681 4370 942 4438 ἐθέλοντι,
980 4370 1075 4423 καὶ
1124 4369 1259 4421 πᾶσι
1283 4369 1381 4435 τὴν
1436 4367 1701 4422 ἀπάθειαν

134 4463 517 4532 παρασχόντος
568 4463 635 4515 δι’
669 4464 872 4531 ἄφατον
914 4462 1080 4523 ἔλεος,
1110 4458 1169 4512 δν
1232 4459 1411 4511 πίστει
1457 4474 1698 4529 προσκυ-

134 4550 356 4616 νοῦντες
383 4570 441 4605 σε
468 4552 701 4616 εὐσεϐῶς
738 4550 1131 4624 μεγαλύνομεν.

213 4820 327 4890 (35)
403 4817 513 4873 Vox
546 4819 886 4883 immaculata
934 4834 1056 4890 cum
1100 4818 1350 4890 absolute
1374 4816 1696 4890 omnisin-

132 4885 277 4944 culte
297 4885 592 4943 carentiam
619 4890 888 4957 importet,
914 4889 1115 4941 nullam
1146 4888 1515 4941 limitationem
1544 4885 1695 4950 dicit,»

132 4970 194 5011 et
220 4960 286 5010 ad
319 4958 500 5011 omnia
548 4958 670 5011 vitae
698 4968 936 5026 tempora
963 4967 1125 5024 atque
1174 4964 1447 5026 momenta
1478 4966 1698 5024 proten-

134 5028 311 5089 ditur,
344 5027 483 5081 sicut
519 5022 824 5080 inﬁnitum"
849 5022 1185 5094 simpliciter,
1216 5036 1269 5080 et
1304 5022 1547 5078 absolute
1577 5038 1699 5091 pro-

134 5098 313 5150 latum
348 5110 413 5147 ex
471 5106 660 5149 neutro
717 5104 957 5151 extremo
1022 5095 1179 5148 ﬁnem
1221 5096 1495 5158 admittit;
1527 5107 1700 5160 neque

136 5168 471 5233 immensum
501 5165 717 5233 proprie
764 5166 979 5219 vocabis
1018 5166 1160 5233 quod
1218 5165 1376 5217 alicui
1433 5176 1703 5233 mensurae

133 5231 368 5303 subesse
389 5238 582 5300 potest.
602 5231 752 5299 'Qnin
776 5235 956 5303 potius
992 5231 1048 5290 si‘
1074 5235 1185 5287 bzec
1217 5234 1435 5287 nomina
1452 5232 1693 5303 petieran-

133 5312 233 5357 tur
264 5301 329 5355 de
344 5315 421 5365 re,
442 5314 560 5371 quae
584 5301 1030 5357 secum'admittit
1056 5304 1236 5371 aliquo
1262 5303 1421 5355 modo
1442 5302 1692 5371 formam,

134 5386 266 5441 quae
296 5385 411 5441 per
468 5369 585 5425 illas
620 5384 782 5441 voces
836 5382 1080 5441 negatur,
1140 5369 1365 5441 Quilibet
1405 5370 1697 5441 afﬂrmabit

133 5438 468 5520 locutionem
495 5453 618 5520 esse
668 5438 1079 5520 hy‘petlboiicam,
1110 5438 1188 5520 οἱ.
1212 5442 1583 5513 impropriam.
1616 5438 1695 5520 Ad

132 5509 393 5563 eumdem
440 5509 659 5569 modum
713 5509 878 5563 dictio
940 5509 1305 5573 immaculata;
1337 5524 1459 5564 cum
1521 5510 1699 5563 omnis

135 5578 370 5649 macula:
395 5578 686 5633 carentiam
738 5579 883 5649 dicat
910 5593 1010 5649 pro
1052 5580 1199 5649 omni
1242 5580 1495 5649 temporis
1545 5578 1699 5633 diﬂ'e-

136 5647 341 5728 rentia,
386 5656 439 5700 et
466 5657 790 5728 _apponatu_r
912 5644 1124 5728 Yirgini
1151 5648 1203 5701 in
1247 5644 1410 5728 sensu
1434 5650 1700 5728 _proprio,

136 5728 253 5771 non
290 5714 663 5785 hyperbolico,
712 5725 770 5773 ut
802 5714 1036 5777 admittit
1064 5718 1372 5774 communis
1416 5714 1701 5775 doctorum

1806 3289 2134 3358 patientem:
2167 3288 2483 3343 vulneratur
2510 3287 2688 3342 anima
2717 3289 3009 3357 meandum
3032 3290 3173 3344 latus
3211 3298 3364 3343 tuum

1808 3380 1992 3435 lancea
2046 3379 2366 3450 pcrl'odilur.
2426 3377 2501 3433 lta
2556 3394 2680 3433 cum
2740 3379 3013 3449 lacrymis,
3070 3388 3125 3434 et
3185 3379 3365 3434 dolore

1808 3456 2213 3522 vociferabatur
2240 3456 2469 3537 Deipara
2494 3466 2733 3525 Domina
2774 3470 2956 3537 unica,
2992 3484 3152 3538 quam
3176 3472 3366 3525 merito

1807 3572 1997 3614 omnes
2055 3559 2266 3613 beatam
2319 3558 2573 3621 dicimus,
2614 3568 2666 3613 ct
2716 3558 2907 3613 devote
2956 3558 3323 3615 exclamamus
3356 3599 3368 3614 .

1793 3645 2126 3719 ilionedictus
2154 3661 2232 3710 es,
2256 3646 2417 3713 Deus,
2440 3656 2543 3701 etc.

1798 3718 1825 3798 ί
1875 3735 2081 3791 Nubem
2134 3735 2571 3801 intellectualem,
2602 3737 3006 3792 tabernaculum
3067 3738 3361 3794 sanctifica-

1808 3826 1993 3890 tionis,
2034 3826 2284 3880 tltrOnum
2315 3825 2407 3877 Dei
2440 3834 2493 3879 et
2529 3837 2761 3893 portam,
2796 3826 2935 3881 lucis
2961 3827 3367 3894 candelabrum,

1805 3927 1858 3970 et
1880 3915 2152 3970 Orientem
2184 3913 2345 3984 300
2360 3913 2543 3977 Verbi,
2572 3916 2807 3969 universi
2832 3926 2883 3970 te
2909 3916 3092 3972 fideles
3123 3920 3367 3972 nomina-

1803 3996 1950 4073 rnus,
1981 4022 2014 4067 ο
2044 4005 2208 4075 Virgo
2231 4007 2560 4071 castissima,
2593 4016 2646 4061 et
2690 4005 2858 4065 Mater
2901 4007 3185 4064 benedicta
3222 4009 3367 4064 illius

1806 4101 1898 4169 qui
1931 4100 2185 4154 universa
2226 4098 2530 4152 fabricavit.

1876 4190 2340 4247 Thalamus'luce
2394 4190 2585 4259 plenus
2643 4188 2784 4244 facta
2814 4203 2895 4257 es,
2933 4206 2965 4246 ο
2991 4188 3178 4260 Virgo,
3221 4191 3367 4247 illius

1796 4278 1905 4351 'qni'
1932 4279 2339 4345 immaculatum
2370 4288 2583 4333 uterum
2635 4287 2784 4333 tuum
2811 4280 3096 4346 habitavit,
3138 4295 3201 4335 ac
3236 4281 3365 4335 bea-

1808 4382 1914 4427 tam
1947 4370 2255 4441 passionem
2282 4367 2585 4438 voluntarie
2615 4369 2892 4434 sustinuit,
2918 4372 3366 4439 atqueomnibus

1805 4459 2295 4529 impassibilitatem
2333 4459 2605 4514 concessit
2640 4468 2858 4530 propter
2888 4460 3212 4517 ineffabilem
3268 4465 3355 4525 nti-

1722 4565 1777 4625 D
1804 4549 2154 4606 sericordiam
2206 4562 2383 4614 suam,
2412 4559 2574 4617 queat
2634 4560 2759 4629 eum
2820 4546 2927 4603 ﬁde
2970 4548 3282 4617 adorantes,
3318 4560 3367 4625 tc

1806 4641 1993 4697 devote
2022 4638 2455 4709 magttillt-amus.

1799 4830 2119 4887 consensus,
2148 4814 2293 4869 haud
2322 4817 2481 4871 dubie
2510 4817 2627 4884 eius
2657 4816 3021 4871 innocentiam
3054 4830 3152 4887 pro
3182 4818 3363 4871 omni-

1802 4886 1903 4939 bus
1940 4888 2230 4957 vitae_suae‘;
2269 4887 2597 4957 instantibus
2630 4890 2751 4957 sinu
2790 4897 2903 4941 sua:
2955 4886 3365 4957 signiﬁcationis

1804 4964 2035 5009 coercet.
2064 4954 2237 5025 Quam
2297 4956 2519 5010 macula:
2553 4956 2846 5025 carentiam
2888 4970 2984 5025 pro
3011 4954 3163 5009 omni
3196 4956 3364 5025 diffe-

1806 5026 1990 5094 rentia!
2014 5024 2275 5093 temporis
2302 5034 2468 5094 acute
2504 5023 2938 5094 sapientissimus
2992 5023 3361 5094 attigitldiota

1807 5092 1929 5147 libr.
1966 5092 2039 5147 De
2063 5091 2395 5161 contemplat.
2452 5092 2509 5145 Β.
2553 5091 2699 5160 Virg.
2732 5094 2910 5157 locym
2953 5091 3120 5147 illumw
3150 5092 3361 5149 Cantic.

1808 5175 1927 5229 cap.
1960 5177 2036 5229 ιν,
2072 5163 2201 5217 Tota
2232 5163 2549 5232 pulchrares,
2583 5163 2754 5232 amica
2780 5176 2915 5228 mea,
2947 5171 2995 5215 et
3021 5163 3240 5232 macula
3262 5179 3361 5216 non

1798 5242 1874 5286 est
1911 5232 1966 5284 in
2002 5244 2070 5295 te,
2100 5236 2419 5301 explanatis:
2456 5231 2588 5283 Tota
2611 5231 2831 5299 pulchra
2864 5247 2915 5284 es
2939 5270 2953 5294 ,
2988 5233 3061 5285 ait
3110 5249 3121 5283 :
3152 5249 3170 5281 ι
3201 5231 3362 5301 Virgo

1801 5300 2215 5370 gloriosissima,
2250 5316 2355 5353 non
2383 5302 2434 5353 in
2489 5309 2663 5369 parte,
2698 5300 2787 5355 sed
2823 5302 2877 5354 in
2906 5310 3040 5365 toto,
3070 5311 3122 5355 et
3151 5300 3359 5367 peccati

1796 5369 2029 5438 macula,
2080 5372 2194 5425 sive
2225 5370 2488 5432 mortalis,
2512 5371 2627 5426 sive
2670 5369 2898 5423 venialis
2928 5370 3037 5423 sive
3082 5370 3361 5438 originalis

1796 5456 1906 5494 non
1937 5437 2022 5495 est
2074 5440 2128 5494 in
2163 5450 2214 5492 te
2248 5452 2347 5494 nec
2403 5454 2641 5507 unquam
2696 5438 2823 5502 fuit,
2848 5452 2946 5492 nec
2976 5439 3094 5492 erit.
3130 5437 3206 5490 Ex
3239 5451 3361 5505 'qno

1799 5520 1967 5580 patet,
1995 5508 2136 5580 quod
2164 5508 2632 5580 voximmaculata
2662 5509 3050 5580 innocentiam.
3086 5515 3143 5580 et
3197 5522 3357 5580 exce-

1798 5576 2036 5651 ptionem
2060 5578 2127 5631 ab
2154 5578 2299 5632 omni
2342 5589 2719 5651 peccato,_pro
2733 5576 2893 5651 omni
2925 5576 3178 5651 temporis
3206 5576 3360 5651 (intre-

1799 5643 1969 5707 rentia
1994 5662 2185 5717 secum
2221 5643 2487 5717 apportet.
2520 5667 2538 5700 ι
2568 5643 2704 5717 Vide
2733 5643 2931 5714 Vegam
2964 5643 3360 5717 iit—‘Tbeologia

1800 5717 2063 5787 Mariana,
2100 5714 2355 5772 Palaestra
2378 5718 2433 5786 4,
2462 5716 2771 5776 Certamine
2808 5718 2863 5784 5,
2894 5733 2947 5772 n.
2979 5714 3099 5771 510.
