3948 6304
253 376 385 444 1357

1683 365 2046 430 MARIALE.

3334 367 3465 430 13:8
3486 321 3491 329 ’

295 497 422 548 Ὅτι
452 488 684 555 ἀνέδειξέ
717 506 787 542 σε·
805 487 958 550 Θεὸς,
985 483 1227 557 Παρθένε
1253 482 1409 552 ἁγνὴ,
1435 481 1688 552 βοήθειαν
1705 479 1799 532 τοῦ

1974 475 2424 547 Quandoquidem
2459 475 2602 530 Deus
2625 473 2910 531 constituit
2933 483 2982 529 te
3012 475 3233 530 humani
3257 495 3405 546 gener
3425 482 3469 532 is

231 591 425 658 γένους
471 587 580 638 τῶν
629 584 859 655 βροτῶν,
915 581 990 651 μὴ
1022 579 1244 648 ἐλλίπῃς
1294 577 1527 639 ἐκτενῶς
1576 574 1800 628 καθικε-

230 679 466 732 τεύουσα
494 676 655 728 αὑτὸν
683 674 823 743 ὑπὲρ
851 671 1006 744 ἡμῶν
1034 670 1142 722 τῶν
1175 668 1404 723 πιστῶν.

371 803 472 857 Ἐκ
501 801 607 856 τοῦ
633 799 890 864 κανόνος
911 797 1020 866 τῆς
1050 794 1342 866 πέμπτης,
1376 791 1657 875 ἑσπέρας.

318 908 474 974 Ἀγία
505 904 770 974 Παρθένε,
822 902 992 972 ἡτῶν
1046 901 1250 954 πιστῶν
1310 891 1590 968 ἀντίληψις
1644 898 1800 967 μόνη,

231 998 335 1068 τὴν
368 997 663 1065 πρεσϐείαν
724 993 820 1048 σου
885 993 1144 1064 συνεργὸν
1198 992 1374 1064 καιρῷ
1411 991 1509 1060 τῆς
1552 991 1802 1062 νηστείας

235 1093 372 1144 πᾶσι
399 1089 538 1143 δίδου
572 1086 962 1166 τοῐςνθεοτόκον
1015 1085 1187 1156 ἀγνὴν
1219 1101 1278 1136 σε
1313 1083 1660 1153 γινώσκουσι.

321 1271 410 1336 Ὦς
440 1271 623 1325 αἰτίαν
675 1284 735 1344 σε
797 1267 1017 1322 πάντων
1046 1267 1154 1322 τῶν
1211 1267 1456 1336 ἀγαθῶν,
1515 1268 1800 1333 Δέσποινα,

232 1365 434 1428 πάντες
490 1362 720 1425 ἐκτενῶς
763 1361 1117 1432 δυσωποῦμεν
1158 1358 1514 1414 συνεισελθεῖν
1564 1360 1710 1431 ἡμᾶς
1738 1362 1802 1430 τῇ

234 1457 490 1528 μεσιτείᾳ
539 1472 633 1507 σου
687 1453 764 1524 τῷ
788 1454 887 1523 τῆς
942 1451 1194 1522 νηστείας
1245 1450 1437 1520 ἀγῶνι,
1489 1452 1585 1506 καὶ
1629 1453 1803 1523 πέρας

230 1546 589 1620 δωρήσασθαι
631 1546 822 1598 τούτου
852 1546 1138 1614 σωτήριον.

311 1638 567 1709 Καθαρὸν
618 1637 924 1706 ἱλαστήριον
973 1633 1115 1688 ¹τῶν
1181 1633 1622 1704 ἁμαρτανόντων,
1674 1631 1803 1700 ἀγία

229 1731 523 1796 Δέσποινα,
583 1728 829 1799 μεσιτείᾳ
860 1744 952 1780 σου
1015 1726 1306 1799 διάρρηξον
1355 1725 1464 1780 τῶν
1518 1726 1803 1796 ἁμαρτιῶν

233 1835 339 1889 μου
370 1819 432 1872 τὸ
471 1817 851 1888 χειρόγραφον.
922 1837 931 1844 ο

300 1909 416 1979 Τῆς
441 1908 692 1978 νηστείας
733 1906 906 1968 πύλας
937 1905 1221 1975 μέλλοντες
1255 1902 1616 1974 είσέρχεσθαι,
1647 1900 1801 1956 ἐκδύο

231 2000 524 2071 σωποῦμέν
555 2016 636 2065 σε,
693 1999 788 2052 τοῦ
838 1997 974 2052 Θεοῦ
1003 1996 1100 2067 τὴν
1136 1995 1331 2066 πύλην,
1371 1993 1643 2048 συνελθεῖν
1689 1987 1800 2056 τοῖς

228 2092 472 2154 οἰκέταις
505 2107 620 2154 σου,
645 2089 934 2154 Δέσποινα,
979 2087 1077 2142 καὶ
1104 2085 1370 2140 πλατῦναι
1417 2085 1634 2148 πάντως
1676 2086 1802 2148 τοὺς

230 2183 548 2253 λογισμοὺς,
591 2182 686 2236 καὶ
735 2179 973 2242 διανοίας
1024 2180 1093 2232 τά
1125 2179 1367 2247 σωτήρια
1426 2176 1683 2247 πράττειν
1735 2176 1804 2228 τά

230 2275 537 2344 θελήματα.

312 2364 445 2428 Ταῖς
494 2363 817 2432 φωτοὸόλοις
876 2378 972 2414 σου
1013 2362 1342 2430 ἀστραπαῖς,
1404 2359 1669 2412 Δέσποινα
1706 2359 1800 2410 τοῦ

232 2455 441 2526 κόσμου
471 2456 672 2524 ἀγαθὴ,
705 2456 768 2508 τὸ
790 2455 890 2526 τῆς
930 2453 1106 2525 ψυχῆς
1139 2471 1240 2525 μου
1273 2452 1544 2506 ἀπέλασον
1591 2452 1799 2513 σκότος,

235 2550 331 2603 καὶ
357 2548 457 2619 τὴν
502 2548 672 2603 νύκτα
716 2549 814 2618 τῆς
858 2546 1134 2618 ἁμαρτίας
1163 2529 1324 2614 ’μου,
1384 2543 1679 2614 προθύμως
1717 2544 1803 2596 ἵνα

229 2640 422 2711 ψάλλω
451 2640 544 2693 καί
577 2639 868 2710 μακαρίζω
897 2656 976 2691 σε.
1349 2630 1368 2656 ⁸

304 2731 370 2784 Ἦ
408 2731 546 2799 μόνη
592 2730 652 2782 τὸ
712 2728 937 2792 ἀσθενὲς
986 2730 1082 2799 τῆς
1130 2728 1476 2800 ἀνθρωπίνης
1519 2727 1804 2798 ὑπάρξεως

232 2821 313 2893 τῷ
340 2820 469 2891 θείῳ
505 2837 600 2874 σου
635 2819 860 2890 ωκετῷ,
919 2820 1082 2889 ἁγνὴ,
1124 2818 1495 2890 ὲπιρῤὠσασα,
1547 2818 1803 2887 συνεργός

236 2930 330 2986 μοι
382 2913 579 2984 φάνηθι
628 2914 765 2984 πρὸς
821 2914 883 2967 τὸ
928 2916 1027 2984 τῆς
1077 2914 1328 2982 νηστείας
1390 2911 1609 2967 εἰσιόντι
1662 2911 1805 2966 θεῖον

237 3007 472 3063 στάδιον.
693 3009 702 3015 ’

315 3100 469 3172 Μόνη
498 3098 722 3169 βοήθεια
745 3097 1069 3168 ἀνθρώπων,
1102 3097 1293 3168 βοηθὸς
1324 3098 1456 3168 ἡμῖν
1489 3097 1666 3168 καιρῷ
1705 3095 1802 3166 τῆς
1841 3064 1843 3067 Ι

1908 572 2198 635 auxilium;
2234 585 2299 623 ne
2323 569 2566 627 omittas.
2595 585 2626 621 ο
2657 567 2817 636 Virgo
2839 579 3017 631 casta,
3051 569 3298 638 impense
3320 587 3470 623 enm-

1904 663 2026 717 detn
2062 675 2157 732 pro
2189 662 2344 715 nobis
2377 661 2626 715 ﬁdelibus
2655 660 2955 730 deprecari.

2181 782 2265 836 Ea:
2300 799 2498 837 canone
2522 786 2576 836 in
2605 782 2688 836 die
2715 783 2917 852 quinta,
2957 780 3193 850 Vespere.

1979 895 2141 966 305.
2168 895 2212 949 0
2246 894 2404 965 Virgo
2433 905 2640 957 sancta,
2663 895 2882 948 unicum
2908 894 3145 950 lidelium
3175 896 3463 959 auxilium,

1905 992 2140 1045 concede
2182 989 2502 1059 adjutricem
2542 990 2989 1043 intercessionem
3041 998 3188 1042 tuam
3228 1003 3468 1062 tempore

1903 1081 2117 1150 jojunii,
2161 1076 2492 1138 otnnibus'le
2541 1080 2822 1152 Deiparant
2870 1093 3075 1137 castam
3124 1087 3469 1153 agnoscenti-

1905 1175 2030 1228 bus.
2541 1236 2544 1238 γ
3062 1235 3064 1238 ,
3471 1175 3474 1178 ’

1975 1261 2072 1328 Te,
2099 1273 2156 1318 ut
2182 1264 2423 1318 omnium
2472 1259 2741 1336 bonorum
2781 1281 3026 1333 causaris,
3058 1267 3307 1334 Domina,
3344 1272 3468 1324 uni-

1907 1355 2049 1410 versi
2079 1356 2280 1412 obnixe
2306 1356 2684 1426 deprecamur,
2719 1366 2776 1411 ut
2807 1368 2858 1412 te
2890 1360 3225 1424 mediatrice,
3251 1361 3300 1415 in
3331 1363 3475 1430 jeju-

1907 1447 1980 1501 nii
2023 1463 2252 1516 agonem
2292 1449 2456 1504 simul
2494 1449 2914 1513 descendemus,
2966 1459 3020 1506 et
3063 1452 3130 1506 ad
3166 1454 3467 1521 salutarem

1919 1539 2165 1609 ejusdem
2193 1543 2351 1595 tinem
2379 1541 2751 1600 deveniamus.

1942 1631 2175 1694 _Purum
2232 1632 2574 1702 peccantium
2644 1634 3102 1706 propitiatorium,
3151 1652 3186 1688 o
3245 1635 3471 1694 Domina

1907 1734 2124 1789 saneta,
2154 1724 2548 1778 intercessione
2578 1735 2665 1778 tua
2697 1723 2919 1796 eﬂ‘ringe
2949 1735 3290 1795 peccatorum
3327 1744 3473 1784 meo-

1833 1819 1874 1881 B
1892 1809 2022 1868 hrum
2047 1814 2488 1884 chirographum.

1981 1904 2179 1975 Jejunii
2206 1914 2415 1976 portam
2440 1905 2764 1983 ingressuri,
2785 1907 2836 1961 te
2862 1904 2953 1960 Dei
2985 1920 3191 1978 portam
3217 1911 3473 1982 depreca-

1906 1995 2047 2060 mur.
2090 2013 2123 2051 ο
2158 1996 2406 2063 Domina,
2438 2007 2496 2051 ut
2519 1998 2743 2066 adjuves
2767 1998 2999 2055 famulos
3023 2012 3165 2065 tuos,
3192 2015 3354 2072 alque
3383 2020 3474 2074 pe-

1906 2089 2058 2142 nitus
2125 2088 2317 2144 dilntes
2357 2096 2566 2145 mentes
2618 2100 2673 2145 et
2711 2089 3066 2159 cogitationes
3106 2095 3175 2147 ad
3209 2098 3469 2150 salutaria

1905 2177 2172 2232 desideria
2208 2179 2558 2248 perﬁcienda.

1963 2360 2337 2417 Lucidissimis
2389 2354 2768 2431 splendoribus
2820 2364 2962 2434 tuisj,
3010 2380 3044 2419 ο
3101 2365 3241 2419 bona
3274 2368 3464 2420 mundi

1909 2451 2157 2513 Domina,
2205 2450 2415 2505 discute
2455 2441 2707 2505 tenebras
2752 2451 2945 2505 anima:
2982 2469 3132 2519 meae,
3164 2462 3218 2508 et
3256 2463 3468 2510 noctem

1906 2539 2110 2608 peccati
2163 2539 2294 2604 mei,
2346 2548 2403 2593 ut
2446 2541 2698 2594 alacriter
2747 2541 2994 2609 psallam,
3046 2551 3209 2612 teque
3257 2531 3503 2599 beatiti-'

1905 2647 2044 2686 cem.

1978 2724 2022 2777 0
2051 2732 2221 2790 casta,
2257 2739 2376 2793 qua:
2405 2724 2517 2779 sola
2551 2725 2735 2779 divino
2768 2735 2919 2796 partu
2952 2736 3047 2782 tuo
3081 2729 3335 2784 humana
3370 2745 3469 2785 na-

1906 2824 2040 2868 tura:
2076 2815 2498 2879 imbecillitatem
2527 2819 2928 2882 eorroborasti;
2959 2828 3075 2874 esto
3119 2822 3251 2874 mihi
3305 2825 3465 2878 auxi-

1905 2905 2105 2970 liatrtx,
2137 2907 2265 2961 dum
2297 2908 2540 2962 divinum
2570 2910 2767 2979 jejunii
2806 2911 3041 2966 stadium
3072 2908 3366 2981 ingredior.

1977 3092 2208 3147 Unirum
2260 3091 2543 3147 hominum
2594 3095 2881 3160 auxilium,
2929 3104 3046 3151 esto
3099 3097 3258 3153 nobis
3300 3100 3471 3154 servis

237 3191 570 3262 ἐγκρατείας
594 3193 707 3254 τοῖς
744 3192 858 3253 σοῖς
891 3189 1108 3253 δούλοις
1142 3189 1323 3257 γενοῦ,
1364 3191 1511 3251 ὅπως
1532 3189 1591 3240 ἑν
1639 3205 1802 3257 μετα-

1925 3186 2020 3241 tuis
2051 3183 2286 3251 adiutrix
2332 3193 2574 3254 tempore
2604 3188 2975 3254 abstinentiaz;
3015 3198 3068 3244 nt
3105 3190 3157 3243 in
3204 3192 3476 3260 poeniten-

235 3284 358 3354 νοίᾳ
379 3283 794 3354 εύαρεστοῦντες
825 3281 1085 3352 λάϐωμεν
1117 3279 1361 3352 οὐρανῶν
1381 3278 1480 3351 τὴν
1503 3279 1799 3349 βασιλείαν.

311 3464 620 3535 Θεοκυῆτορ
643 3465 904 3534 πάναγνε,
930 3463 1022 3515 ἐπὶ
1046 3463 1106 3516 σὲ
1136 3463 1574 3533 καταφεύγομεν,
1601 3463 1804 3517 οἴκτει-

241 3569 334 3623 ρον
356 3554 502 3622 ἡμᾶς
532 3555 596 3623 τῇ
629 3551 808 3622 ἀγαθῇ
835 3549 1102 3622 πρεσϐεία
1126 3567 1242 3616 σου,
1268 3551 1360 3603 καὶ
1381 3550 1521 3604 δίδου
1559 3552 1806 3605 εὑῖλατον

239 3643 329 3696 τὸν
358 3643 485 3696 Υίόν
513 3659 603 3695 σου
632 3642 725 3696 καὶ
752 3644 955 3714 Κύριον
979 3642 1184 3695 ἅπασιν
1229 3644 1364 3714 ἡμῖν
1421 3644 1477 3694 ὲν
1508 3644 1585 3714 τῷ
1627 3645 1803 3715 καιρῷ

241 3735 342 3804 τῆς
378 3736 652 3806 νηστείας,
678 3737 776 3805 τῆς
807 3735 901 3788 νῦν
955 3735 1317 3806 εἰσαγομένης
1344 3738 1422 3799 εὶς
1465 3737 1673 3789 πιστῶν
1698 3755 1804 3790 σω-

235 3825 434 3895 τηρίαν
453 3825 559 3878 τῶν
578 3842 636 3877 σε
657 3825 1092 3894 ὑμνολογούντων
1109 3825 1188 3888 είς
1209 3825 1417 3890 πάντας
1439 3829 1561 3889 τοὺς
1581 3829 1801 3892 αἰῶνας.

309 3917 774 3971 Καταπιπτόντων
844 3918 1235 3986 ἐπανόρθωσις,
1318 3914 1660 3990 ἁμαρτωλῶν
1708 3938 1803 3989 με.

239 3995 416 4071 σίτις,
469 4009 635 4073 ξένων
692 4007 974 4078 ἀνάφυξις,
1031 3991 1382 4077 λυπουμένων
1437 4011 1800 4079 παράκλησις,

241 4097 488 4166 παναγία
524 4098 792 4168 Παρθένε,
835 4099 934 4168 τὴν
963 4097 1062 4166 τῆς
1097 4095 1271 4168 ψυχῆς
1336 4116 1439 4169 μου
1486 4099 1661 4173 λύπην
1691 4101 1802 4152 δια-

189 4238 192 4241 ,
237 4189 526 4255 σκέδασον,
577 4189 738 4260 ἁγνὴ,
800 4191 892 4242 καὶ
942 4189 1287 4259 παράκλησιν
1342 4190 1543 4244 ἀνωθεν
1573 4193 1636 4242 ὲκ
1666 4190 1801 4242 Θεοῦ

241 4302 337 4354 μοι
389 4284 609 4353 δοθῆναι
664 4283 924 4346 δυσώπει,
975 4283 1302 4354 μελῳδοῦντι
1352 4283 1668 4354 προθύμως,
1709 4283 1801 4335 καὶ

238 4366 609 4445 ύπερυψοῦντί
639 4393 697 4427 σε
729 4376 807 4438 είς
847 4376 1052 4438 πάντας
1081 4376 1206 4437 τοὺς
1230 4374 1450 4436 αἰῶνας.

1911 3275 2006 3340 tia,
2042 3275 2152 3330 Deo
2181 3275 2376 3345 placito
2422 3275 2776 3348 hilariter-que
2804 3279 3120 3344 servientes,
3150 3283 3472 3352 recipiamus

1908 3382 2131 3435 regnum
2163 3367 2445 3426 caelorum.

1975 3457 2019 3512 0
2051 3459 2354 3513 castissima
2400 3458 2490 3512 Dei
2549 3458 2816 3526 Genitrix,
2858 3440 2922 3512 ad
2968 3470 3020 3515 te
3065 3462 3409 3531 confugimus
3454 3485 3467 3519 :

1909 3555 2167 3608 miserere
2191 3554 2362 3607 nostri
2400 3555 2628 3622 benigna
2667 3555 3058 3611 intercessione
3083 3567 3196 3621 tua,
3229 3569 3281 3614 et
3307 3561 3469 3614 redde

1908 3646 2197 3715 propitium
2229 3645 2424 3700 Filium
2450 3653 2598 3698 tuum
2635 3661 2696 3701 ac
2721 3646 3007 3701 Dominum
3039 3650 3194 3703 nobis
3215 3653 3471 3706 omnilms

1908 3747 2148 3804 tempore
2183 3734 2377 3803 jejunii
2415 3749 2557 3790 nunc
2590 3734 2918 3803 incipientis,
2962 3737 3016 3790 in
3061 3739 3292 3792 salutent
3333 3718 3490 3796 ﬁde-i

1909 3827 2037 3882 lium
2067 3844 2078 3878 :
2113 3825 2204 3894 qui
2231 3834 2281 3879 te
2313 3826 2529 3895 hymnis
2551 3827 2826 3881 celebrant
2856 3845 2949 3897 per
2974 3831 3153 3884 omnia
3180 3833 3396 3888 saecula.

1977 3918 2293 3973 Labentium
2339 3919 2581 3984 erectio;
2617 3920 2960 3989 peccantium
3008 3925 3326 3992 mediatrix;
3372 3942 3470 3996 pe-

1909 4013 2248 4079 regrinorum
2277 4011 2654 4081 refrigerium;
2688 4013 2919 4068 tristium
2959 4018 3287 4083 consolatio,
3308 4019 3470 4090 Virgo

1907 4102 2285 4168 sanctissima;
2320 4104 2486 4158 animi
2520 4105 2623 4159 mei
2655 4121 2941 4160 utter-orem
2970 4097 3213 4177 dispelle,
3233 4125 3266 4164 ο
3297 4121 3468 4176 casta,

1906 4200 1959 4247 et
2005 4194 2226 4263 impetra
2251 4193 2409 4265 305
2457 4196 2588 4249 mihi
2623 4197 2874 4264 precibus
2908 4200 3014 4253 tuis
3039 4215 3069 4254 a
3101 4199 3210 4256 Deo
3234 4202 3468 4273 desuper

1907 4285 2366 4353 consolationem;
2431 4288 2560 4341 dum
2625 4288 2869 4344 hilariter
2937 4289 3098 4357 cano,
3151 4302 3314 4364 teque
3363 4314 3458 4351 su-

1907 4377 2179 4444 per-exalto
2219 4393 2313 4446 per
2343 4379 2525 4431 omnia
2557 4381 2777 4434 szeCttla.

309 4466 582 4534 Φιλάγαθε
599 4467 865 4555 Παρθένε,
885 4468 976 4519 τὸν
1000 4465 1202 4534 ἀγαθὸν
1231 4467 1263 4536 ἡ
1283 4466 1515 4518 τεκοῦσα
1543 4463 1694 4516 Σωτῆ
1706 4481 1795 4533 ρα,

1976 4471 2161 4523 Amica
2194 4470 2459 4524 bonorum
2503 4471 2689 4542 Virgo,
2729 4490 2847 4541 qua:
2892 4475 3091 4529 bonum
3130 4476 3466 4535 Salvatorem

235 4553 513 4619 ἀγάθυνον
540 4555 745 4623 πάντας
771 4546 940 4625 ἡμᾶς,
983 4555 1208 4608 πάθεσιν
1240 4555 1497 4623 ἀμέτροις
1527 4552 1621 4605 καὶ
1651 4553 1798 4619 λογι-

239 4646 404 4712 σμοῖς
444 4638 883 4717 κεκακωμένους,
930 4647 1218 4711 Δέσποινα,
1256 4648 1349 4699 καὶ
1395 4644 1800 4715 βεδαρυμένους

190 4733 195 4736 ’
233 4737 525 4808 ἁμαρτιῶν
555 4739 793 4810 φορτίοις
813 4739 1257 4805 δυσϐαστάκτοις,
1286 4742 1369 4792 ἵνα
1394 4757 1451 4792 σε
1486 4737 1804 4808 καταχρέως

233 4831 317 4894 ὡς
373 4830 636 4882 θεοτόκον
691 4829 1106 4907 μεγαλύνωμεν.

307 5017 376 5069 Ἦ
411 5015 718 5085 προστασία
756 5015 974 5068 πάντων
1013 5015 1123 5067 τῶν
1169 5016 1248 5078 εἰς
1275 5015 1333 5067 σὲ
1386 5016 1805 5087 πεποιθότων,ή

231 5110 297 5160 ὲν
329 5106 594 5171 ἀνάγκαις
632 5103 905 5174 ἄγρυπνος
949 5105 1267 5174 ὑπάρχουσα
1316 5106 1630 5175 προστάτις,
1683 5107 1804 5160 Θεο-

231 5197 389 5257 τόκε,
420 5194 520 5262 τῆς
559 5192 914 5263 αἰωνιζούσης
953 5194 1221 5265 λύτρωσαι
1254 5197 1398 5265 ἡμᾶς
1425 5197 1636 5266 ’νεέννη
1656 5217 1688 5260 ·,
1710 5199 1803 5250 καὶ

230 5285 354 5340 τῶν
387 5283 763 5352 ἀποκειμένων
799 5284 1070 5338 κολάσεων
1109 5287 1343 5355 πικρῶν,
1371 5287 1517 5346 ὅπως
1550 5305 1806 5356 χρεωστι-

231 5378 355 5440 κῶς
389 5376 763 5447 ὑμνοῦμενςῑὰ
807 5378 1067 5446 μεγαλείά
1094 5396 1207 5430 σου.

889 5485 1069 5562 Ἧκος
1095 5491 1174 5551 β’.
1741 5535 1745 5539 .

248 5580 358 5632 Ἐκ
379 5577 491 5631 1οῦ
517 5575 776 5640 κανόνος
805 5575 916 5643 τῆς
947 5578 1228 5645 δευτέρας
1263 5576 1369 5643 τῆς
1391 5577 1707 5646 ἐσδομάδο(
1733 5585 1802 5631 a'.

310 5693 374 5745 Ἢ
435 5693 534 5762 τὴν
596 5693 778 5759 πηγὴν
825 5692 924 5761 τῆς
993 5692 1259 5752 ἀπαθείας
1329 5689 1580 5758 κυήσασα
1640 5707 1807 5757 τραυο

233 5785 574 5858 ιιατισθέντα
625 5783 842 5851 πάθεσι,
917 5785 1088 5856 Κόρη,
1144 5782 1499 5851 θεράπευσον,
1557 5783 1647 5833 καὶ
1709 5800 1806 5832 πυ-

1911 4561 2189 4630 poperisti,
2227 4562 2400 4616 bonus
2441 4557 2588 4616 ellice
2644 4565 3091 4631 nosuniversos,
3134 4584 3165 4622 0
3217 4570 3466 4633 Domina.

1909 4653 2282 4708 immoderatis
2323 4655 2490 4707 animi
2537 4659 3036 4722 perturbationibus
3071 4671 3125 4714 et.
3178 4666 3466 4733 cogitatio-

1909 4742 2070 4796 nibus
2100 4743 2267 4796 nialos
2305 4744 2547 4808 allectos,
2583 4746 3095 4815 ct‘intportabililtus
3122 4763 3464 4820 peccatorum

1909 4833 2140 4886 sarcinis
2169 4843 2443 4901 gravatos,
2481 4845 2538 4888 ut
2560 4845 2630 4899 te,
2665 4847 2818 4904 prout
2841 4853 3054 4907 miluum
3079 4851 3182 4904 est,
3209 4850 3463 4910 tanquam

1910 4923 2192 4993 Deiparam
2215 4927 2602 4995 glorificemus.
2817 4935 2819 4937 ’
3234 4933 3246 4992 Ῐ

1973 5014 2016 5069 0
2047 5017 2418 5085 omnium,qui
2447 5017 2499 5069 in
2527 5028 2576 5070 te
2605 5016 2896 5083 conliduat,
2927 5020 3303 5087 patrocinium,
3346 5035 3466 5088 qua:

1912 5108 2321 5184 vigilantissima
2351 5109 2402 5160 in
2427 5110 2842 5182 necessitatibus
2867 5126 2923 5164 es
2950 5112 3269 5179 protectrix;
3299 5111 3461 5163 libera

1914 5181 2092 5264 nos‘,'o
2127 5200 2373 5268 Deipara,
2403 5216 2431 5253 a
2465 5201 2705 5271 geltenna
2737 5205 2981 5271 perenni,
3004 5203 3145 5256 etab
3175 5202 3460 5255 amarissi-

1915 5293 2016 5344 mis
2041 5291 2316 5359 suppliciis
2344 5291 2456 5358 jam
2493 5293 2824 5360 praparatis,
2869 5304 2925 5347 ut
2961 5293 3135 5346 debite
3181 5291 3464 5349 laudemus

1912 5383 2311 5451 magnaliatua.
2539 5380 2544 5384 ’

2527 5490 2761 5545 TONUS
2791 5491 2851 5544 ΙΙ.

1914 5581 1995 5633 lix
2010 5596 2202 5633 canone
2219 5579 2362 5648 ferite
2389 5594 2422 5631 ll
2453 5587 2635 5647 prtmw
2661 5577 2992 5648 hebdomade;
3013 5576 3458 5649 Quadragesimw.

1984 5690 2436 5758 lmpassiltilitatis
2461 5689 2659 5744 fontem
2687 5691 2863 5750 enixa,
2900 5704 2984 5740 me
3011 5691 3322 5758 passionum
3354 5697 3465 5746 vul-

1913 5781 2132 5833 neribus
2151 5779 2458 5834 confectum
2491 5782 2697 5836 medica
2728 5793 2886 5831 manu
2920 5794 3070 5846 cura,
3096 5797 3127 5834 ο
3157 5781 3334 5836 Puella
3368 5802 3378 5836 :
3412 5795 3465 5840 ιιι
