3948 6304
519 357 651 421 1:150

1636 362 1692 418 S-
1735 361 2043 420 JOSEPIII
2087 363 2641 425 IIYMNOGRAPHI

3641 380 3746 440 3Εο

513 470 582 518 ab
609 468 727 534 igne
756 473 962 518 :eterno
993 465 1138 534 eripe
1169 481 1271 528 me,
1335 482 1451 532 quae
1505 467 1617 519 sola
1665 484 1722 520 es
1777 469 1867 521 Dei
1907 470 2073 537 gratia

2186 471 2276 540 ρὸς
2341 475 2554 526 αἰωνίου
2623 475 2926 543 ἐξάρπασόν
3000 495 3100 547 με,
3169 479 3302 548 μόνη
3365 482 3746 552 Οεοχαρίτωτεζ

511 558 827 626 plenissima
853 556 986 625 (4'5).

584 669 688 735 Tu,
720 685 752 721 ο
787 681 954 732 casta,
982 684 1099 736 quae
1126 668 1419 721 omlilicasti
1445 670 1806 725 substantiam
1833 683 2069 725 nostrain

511 773 781 816 terrenam
820 771 873 813 et
932 763 1372 830 corruptibilem;
1425 762 2073 819 ferventiintercessione

515 868 603 910 tua
639 856 723 906 l’ac
756 863 811 905 ut
841 854 1143 922 dirigantur
1173 868 1358 921 preces
1394 864 1446 907 et
1489 856 1909 923 supplicationes
1973 872 2072 910 no-

517 955 645 1000 sti-:e
683 943 748 996 ad
788 954 939 997 tuum
966 954 1126 1012 atque
1158 943 1398 997 omnium
1439 945 1684 999 [leuuret
1713 945 1933 1015 Regem.

580 1055 912 1110 Inﬁrmatam
1000 1055 1253 1109 omnibus
1328 1057 1692 1126 pessimorum
1767 1057 2068 1111 daamonum

509 1150 888 1201 invasionibus
926 1147 1178 1200 miseram
1223 1147 1461 1200 animam
1519 1163 1715 1209 meam,
1762 1149 2008 1223 medica,
2038 1165 2069 1201 ο

513 1239 737 1289 Domina
761 1237 1102 1289 immaculata
1123 1237 1256 1307 (Η),
1289 1246 1341 1290 ιιι
1363 1254 1482 1306 quae
1510 1237 1775 1291 medicum
1795 1238 2069 1293 Christum

509 1329 934 1395 redemptionem
959 1336 1196 1382 nostram
1221 1327 1473 1396 peperisti
1498 1346 1510 1379 :
1541 1330 1778 1392 teenim,
1808 1344 1839 1382 0
1862 1328 2068 1396 Puella,

510 1419 779 1486 Virginem
815 1418 1184 1486 incorruptam
1218 1417 1556 1487 agnovimus.

1133 1546 1364 1606 TONUS
1393 1547 1458 1603 ll.

676 1674 987 1761 Exeauone
1012 1675 1156 1744 feriae
1193 1692 1250 1729 ιιι
1279 1675 1513 1744 ejusdem
1545 1677 1906 1731 liebdoiiiudw.

573 1806 616 1861 Ο
648 1809 811 1870 terra,
844 1806 911 1860 ab
984 1805 1216 1859 aratoris
1262 1821 1424 1859 manu
1477 1807 1754 1871 immunis,
1804 1816 1923 1878 cum
1951 1809 2072 1862 uni-
2107 1823 2147 1877 Β

510 1899 652 1952 versi
687 1895 1019 1950 Nutiitorem
1056 1895 1384 1964 produxisti,
1429 1898 1521 1966 qui
1564 1900 1812 1966 aperiens
1852 1915 2068 1953 manum

507 1989 843 2058 beneplacito
874 1988 1037 2056 306
1083 2001 1205 2052 suo,
1254 1986 1624 2056 impletoch
1654 1991 1853 2043 animal
1891 1991 2071 2044 divina

510 2078 705 2129 virtute
740 2094 754 2129 :
788 2075 1016 2130 for-tilica
1046 2089 1184 2144 pane
1210 2075 1356 2128 vitali
1391 2075 1554 2128 corda
1591 2087 1775 2130 nostra
1801 2077 2072 2131 debilitata

507 2185 570 2222 ac
601 2170 766 2221 fracta
808 2184 871 2221 ex
927 2169 1174 2220 satietate
1222 2165 1671 2235 gravissimorum
1726 2179 2071 2237 peccatorum

509 2267 845 2312 nostrorum.

575 2364 619 2420 Ο
645 2365 733 2419 Dei
758 2364 998 2420 Genitrix
1029 2374 1202 2429 casta,
1224 2365 1543 2419 medicinam
1569 2366 1763 2420 ailliibe
1800 2369 2073 2432 ulceribus

507 2453 703 2508 animm
735 2469 888 2518 meae,
919 2454 1206 2522 cordisque
1257 2454 1623 2522 passionibus,
1657 2473 1719 2509 ac
1747 2459 1948 2509 mentis
1980 2474 2073 2509 vo-

510 2543 807 2607 lubilitati;
841 2544 1038 2611 quippe
1073 2557 1188 2610 quae
1215 2543 1327 2597 sola
1358 2552 1705 2611 peccatorum
1744 2562 1800 2601 es
1849 2550 2077 2601 auxilia-

511 2635 641 2697 trix,
675 2642 727 2686 et
758 2649 944 2686 murus
970 2648 1157 2687 eorum
1188 2634 1280 2701 qui
1312 2633 1547 2688 hostium
1584 2637 2074 2703 depraedationibus

508 2733 634 2779 sunt
663 2725 915 2793 expositi.

572 2834 710 2900 Quis
769 2833 978 2886 auditas
1031 2832 1191 2886 faciet
1220 2833 1403 2888 laudes
1455 2844 1613 2900 tuas,
1651 2853 1684 2891 0
1727 2836 1909 2907 Virgo,
1942 2853 2064 2906 qua:

509 2925 909 2993 incxcogitabili
939 2925 1096 2977 modo
1123 2926 1383 2993 peperisti
1435 2927 1757 2982 laudabilem
1812 2928 2071 2983 Domina-

510 3031 680 3070 torem
741 3032 803 3068 ac
850 3015 1159 3080 Dominum,
1212 3032 1372 3084 quem
1448 3019 1694 3087 primarii
1759 3020 2072 3089 angelorum

2282 670 2341 721 Ἡ
2378 671 2730 740 οὐρανώσασα
2757 674 2908 742 ἡμῶν
2943 676 3040 746 τὴν
3100 675 3268 746 γεώδη
3327 681 3418 730 καὶ
3475 680 3745 749 φθαρτὴν,

2183 761 2336 829 ἁγνὴ,
2358 763 2564 824 οὐσίαν,
2594 767 2658 832 τῇ
2693 764 2867 833 θερμῇ
2893 781 2985 816 σου
3019 767 3284 837 πρεσθείᾳ
3310 770 3744 838 κατευθυνθῆναι

2179 851 2335 920 ἡμῶν
2365 853 2630 918 ἐντεύξεις
2664 855 2758 906 καὶ
2789 855 3000 924 δεήσεις
3041 858 3264 925 ποίησον
3306 861 3440 928 πρὸς
3497 861 3586 912 τὸν
3647 863 3740 912 σὺν

2181 944 2274 995 καὶ
2306 945 2521 996 πάντων
2552 946 2684 997 Θεὸν
2711 949 2803 999 καὶ
2839 947 3082 1016 βασιλέα.

2261 1053 2725 1123 Ἑξασθενήσασαν
2752 1055 2952 1120 πάσαις
2985 1056 3307 1126 προσϐολαῖς
3331 1059 3438 1111 τῶν
3465 1061 3741 1112 κακίστων

2179 1142 2445 1210 δαιμόνων
2475 1144 2572 1213 τὴν
2603 1146 2788 1197 ἀθλίαν
2821 1164 2920 1217 μου
2949 1147 3125 1218 ψυχὴν
3161 1151 3330 1214 ἴασαι,
3364 1151 3590 1219 ἄχραντε
3641 1151 3742 1201 Δέ-

2184 1252 2398 1296 σποινα,
2459 1237 2638 1306 ἰατρὸν
2683 1241 2930 1291 τετοκυῖα
2953 1240 3181 1310 Χριστὸν
3209 1245 3305 1309 τὴν
3365 1239 3744 1311 ἀπολύτρωσιν

2181 1327 2361 1396 ἡμῶν,
2391 1328 2503 1380 τῶν
2536 1329 2755 1381 εἰδότων
2791 1345 2848 1381 σε
2893 1330 3060 1400 κόρην
3086 1332 3356 1401 Παρθένον
3389 1332 3737 1403 ἀδιάφθορον.

2831 1526 3012 1578 ῙΙΧΟΣ
3047 1525 3120 1579 B'.

2179 1651 2274 1703 Ἐκ
2310 1653 2411 1705 τοῦ
2436 1653 2698 1716 Κανόνας
2719 1653 2825 1720 τῆς
2850 1655 3046 1721 τρίτης
3063 1654 3171 1722 τῆς
3188 1653 3372 1721 αὐτῆς
3394 1653 3736 1721 ἑϐδομάδος.

2262 1799 2322 1849 'll
2356 1797 2762 1866 ἀγεώργητοςὴ
2802 1799 2872 1866 γῆ
2904 1799 2935 1866 ἠ
2969 1797 3313 1866 βλαστήσασα
3359 1797 3447 1849 τὸν
3472 1795 3564 1849 τοῦ
3605 1813 3741 1848 παν·

2177 1888 2265 1950 τὸς
2299 1887 2515 1956 Τροφέα
2549 1887 2636 1938 τὸν
2669 1887 3022 1951 ὑπανοίγοντα
3059 1889 3233 1956 χεῖρα,
3287 1886 3380 1938 καὶ
3410 1885 3624 1952 εὐδοκία
3673 1886 3736 1950 τῇ

2175 1975 2339 2027 αὑτοῦ
2383 1973 2756 2043 ἐμπιπλοῦντσ.
2794 1976 2898 2025 πᾶν
2931 1974 3068 2036 ζῶον
3129 1974 3284 2042 ίσχύῖ
3339 1974 3511 2045 θεῖκῃ,
3545 1976 3736 2040 στήρι-

2177 2064 2263 2127 ξον
2299 2064 2447 2132 ἄρτῳ
2483 2062 2698 2132 ζωτικῷ
2735 2064 3070 2132 παρειμένας
3102 2064 3329 2134 καρδίας
3360 2063 3434 2133 τῷ
3464 2065 3604 2132 κόρῳ
3625 2064 3738 2115 τῶν

2173 2155 2449 2224 δυσχερῶν
2482 2155 2638 2224 ἡμῶν
2671 2155 3103 2224 παραπτώσεων.

2245 2361 2606 2430 Θεογεννῆτορ
2646 2361 2801 2431 ἁγνὴ,
2849 2362 2949 2431 τῆς
2991 2362 3164 2430 ψυχῆς
3219 2378 3319 2431 μου
3363 2360 3428 2413 τὰ
3457 2361 3585 2429 ἕλκη
3642 2364 3737 2413 καὶ

2178 2450 2404 2518 καρδίας
2431 2451 2496 2501 τὰ
2533 2451 2698 2519 πάθη,
2753 2454 2846 2504 καὶ
2876 2454 2992 2515 νοὸς
3022 2451 3120 2514 τὰς
3155 2451 3423 2520 ἐκτροπὰς
3457 2451 3726 2518 θεράπευ-

2178 2556 2289 2599 σον,
2320 2539 2393 2602 ὼς
2431 2541 2563 2610 μόνη
2589 2543 2925 2610 ἁμαρτωλῶν
2963 2541 3152 2611 βοηθὸς
3207 2541 3312 2595 καὶι
3347 2542 3733 2611 πορθουμένων

2177 2633 2372 2699 τεῖχος.

2247 2831 2342 2893 Τίς
2364 2831 2599 2894 ἀκούσας
2621 2832 2838 2903 ποιήσει
2863 2832 2958 2892 τὰς
2983 2831 3213 2903 αίνέοξις
3241 2846 3335 2881 σου
3353 2829 3449 2896 τῆς
3471 2827 3733 2895 τεκοῦσης

2176 2923 2465 2993 ὑπὲρνοῢν
2509 2923 2600 2975 τὸν
2651 2923 2860 2975 αίνετὸν
2917 2923 3010 2974 καὶ
3063 2923 3359 2988 Δεσπότην,
3421 2920 3578 2988 ἁχνὴ,
3637 2922 3731 2970 καὶ

2177 3015 2400 3084 Κύριον,
2433 3015 2488 3065 ὃν
2517 3015 2899 3084 ὑπεραινοῦσιν
2921 3015 3166 3080 ἀγγέλων
3194 3013 3525 3082 ταξιαρχίαις
3563 3010 3728 3062 Αὑτὸν

507 3104 731 3159 ordines
763 3104 1092 3158 collaudant.
1129 3103 1390 3158 Eumdem
1423 3115 1477 3158 tu
1508 3107 1820 3174 deprecare,
1855 3103 1887 3162 (ι
1909 3108 2072 3176 Virgo

2185 3102 2272 3157 οὖν
2317 3105 2619 3160 ὲκδυσώπει
2669 3106 2805 3175 ὑπὲρ
2862 3104 2990 3157 λαοῦ
3032 3105 3434 3174 ἡμαρτηκότος,
3492 3101 3729 3170 ΙΙ-αρθένε

390 3202 398 3213 ’
471 3199 756 3268 .iimupta,
787 3212 882 3266 pro
910 3197 1130 3266 populo,
1185 3198 1277 3266 qui
1325 3213 1445 3251 sese
1475 3202 1710 3267 peccatis
1758 3199 2070 3253 obstrinxit.

1114 3317 1349 3373 TONUS
1395 3321 1458 3376 ll.

667 3430 747 3483 Ea:
781 3405 977 3482 clanone
1003 3429 1152 3497 feria:
1185 3445 1232 3481 iv
1262 3415 1494 3498 ejus‘dem
1535 3432 1888 3485 liebdomadu'.

581 3571 661 3624 Tu
697 3587 818 3641 qua:
842 3572 893 3624 in
932 3586 1120 3625 omnes
1175 3582 1455 3626 creaturas
1500 3589 1720 3629 exerces
1757 3578 2064 3645 imperium,

512 3681 543 3718 ο
572 3663 831 3730 Domina;
867 3665 1065 3732 quippe
1094 3680 1215 3733 quae
1241 3663 1529 3718 Dominum
1583 3667 1758 3736 ipsum
1793 3669 2066 3736 peperisti,

513 3759 677 3810 libera
711 3771 797 3809 me
834 3771 860 3807 a
895 3756 1152 3809 servitute
1182 3756 1352 3810 dolosi
1387 3751 1625 3810 omnium
1661 3758 1850 3813 liostis.

589 3845 662 3900 Te
690 3847 1040 3915 relulgentem
1077 3847 1398 3915 lampadem,
1449 3857 1499 3899 et
1537 3849 1834 3912 lucernam,
1870 3849 1920 3901 in
1964 3866 2067 3918 qua

513 3939 651 4007 ignis
678 3935 985 3990 Diviniiatis
1018 3947 1384 3992 commoratus
1416 3938 1740 3992 illuminavit
1766 3954 1858 3994 eos
1893 3942 1983 4008 qui
2016 3942 2068 3992 in

585 4112 720 4180 (i3).
756 4111 1009 4166 «Plenum
1035 4112 1234 4180 (inquit
1267 4110 1554 4166 Pelbartus
1579 4114 1630 4164 in
1660 4111 1907 4165 Stellario
1933 4113 2055 4165 libr.

516 4199 588 4247 iv,
616 4198 665 4248 p.
709 4185 755 4244 l,
790 4199 844 4249 q.
868 4183 923 4243 2,
963 4198 1014 4234 a.
1055 4183 1108 4250 ὃ)
1141 4191 1222 4233 νει
1263 4182 1418 4247 cujus.
1449 4185 1591 4234 nulla
1630 4198 1752 4247 pars
1775 4194 1854 4236 est
1879 4199 2068 4246 vacua,

516 4269 588 4315 iv,
633 4251 792 4319 Pliys.
827 4250 986 4318 Ergo,
1028 4251 1204 4303 subdit
1243 4251 1403 4312 idem,
1444 4267 1569 4318 pars
1613 4252 1854 4320 originis,
1887 4253 1936 4305 id
1969 4263 2071 4313 est,

517 4323 884 4385 conceptionis
912 4320 1111 4382 Mai-iur,
1157 4336 1258 4371 nou
1309 4320 1406 4371 luit
1451 4332 1492 4371 a'
1518 4321 1682 4388 gratia
1714 4336 1897 4385 vacua,
1932 4323 2072 4388 quod

2181 3197 2541 3265 ἀπειρόγαμε.

2812 3303 2996 3357 ΙῘΧΟΣ
3029 3304 3103 3358 B'.

2215 3394 2305 3443 Ἐκ
2338 3393 2440 3445 τοῦ
2467 3392 2731 3456 Κανόνας
2756 3390 2865 3456 τῆς
2910 3389 3186 3456 τετάρτης
3214 3387 3312 3454 τῆς
3339 3387 3699 3454 αὑτῆςὲεδο-

2846 3471 3056 3544 μάδοζι.

2248 3579 2589 3642 Δεσπόζουσα
2639 3579 2890 3630 ἁπάντων
2930 3579 3035 3629 τῶν
3065 3576 3397 3644 ποιημάτων,
3442 3577 3728 3637 Δέσποινα,

2179 3673 2252 3733 ὡς
2287 3674 2376 3724 τὸν
2405 3673 2682 3738 Δεσπότην
2717 3670 2933 3735 τέξασα,
2990 3668 3088 3735 τῆς
3144 3667 3382 3727 δουλείας
3410 3684 3474 3734 με
3518 3665 3733 3717 ἐλευθέ-

2181 3779 2350 3832 ρωσον
2376 3761 2467 3813 τοῦ
2499 3761 2669 3813 δολίου
2705 3758 2797 3812 τοῦ
2841 3761 2997 3828 μόνον
3030 3760 3413 3827 πολεμήτορος.

2249 3854 2314 3904 Σὲ
2345 3854 2439 3923 τὴν
2471 3852 2692 3922 φαεινὴν
2721 3851 2976 3918 λαμπάδα
3002 3853 3092 3902 καὶ
3132 3847 3370 3918 λυχνίαν,
3401 3851 3456 3900 ὲν
3546 3849 3599 3898 τὸ
3622 3846 3733 3916 rip

2180 3939 2278 4008 τῆς
2363 3940 2622 4006 Θεότητος
2706 3938 2931 4006 οἱκῆσαν
3002 3938 3228 4004 ἐφώτισε
3285 3937 3406 3996 τοὺς
3472 3933 3735 3985 νυκτώδιι

2181 4116 2339 4166 linem
2369 4131 2382 4178 ;
2410 4114 2654 4182 sequitur
2700 4113 2985 4181 gloriosam
3018 4111 3285 4179 Virginem
3314 4113 3517 4179 plenam
3568 4110 3735 4163 fuisse

2181 4185 2347 4247 gratia
2374 4184 2424 4235 in
2483 4183 2762 4250 principio,
2800 4184 2995 4244 medio,
3035 4191 3087 4234 et
3141 4182 3273 4244 line;
3315 4195 3442 4246 ergo
3475 4193 3735 4248 concepta

2183 4253 2283 4305 fuit
2306 4254 2509 4318 absque
2535 4261 2755 4320 peccato
2783 4252 3052 4318 originali.
3095 4269 3110 4300 ι
3151 4251 3239 4302 Sic
3269 4251 3377 4304 ille.

2254 4324 2386 4390 (Ill).
2425 4317 2481 4373 Si
2516 4317 2799 4387 diligenter
2846 4317 3160 4390 evolvantur
3218 4321 3359 4380 libri,
3410 4317 3734 4390 disputatio-

518 4393 726 4479 lfpilsset,
757 4391 799 4442 si
831 4391 1137 4479 innpeccato
1156 4390 1692 4479 origiiliplinconeepta
1721 4388 1889 4479 foret;
1933 4410 1949 4440 )
1987 4391 2075 4479 Sjc
2110 4428 2151 4479 υ
2186 4388 2300 4469 nes,
2333 4401 2610 4479 tractatus,
2644 4399 2695 4442 et
2746 4389 2897 4468 varia
2924 4394 3119 4456 scripta
3169 4404 3360 4467 eorum
3394 4388 3482 4454 qui
3509 4457 3520 4479 1
3543 4398 3735 4479 contra

447 4483 450 4486 ί
515 4462 818 4512 l‘elliaitus.
878 4456 1083 4512 Dicitur
1108 4474 1266 4525 porro
1309 4456 1366 4508 Β.
1401 4458 1558 4525 Virgo
1582 4473 1608 4509 a
1638 4457 1877 4527 Joscplio
1915 4477 1932 4510 ι
1962 4461 2071 4512 sola

519 4531 702 4580 divina
738 4530 907 4596 gratia
942 4529 1259 4598 plenissima
1279 4529 1460 4598 :iquia
1487 4528 1594 4580 sola
1623 4543 1714 4594 per
1743 4529 2070 4598 singularem

523 4599 612 4651 Dei
648 4602 698 4650 in
724 4614 780 4650 se
809 4597 1256 4655 beneVoIentiam,
1287 4597 1352 4646 ab
1401 4598 1544 4648 omni
1580 4613 1799 4664 prorsus
1827 4597 2069 4664 peccato,

516 4671 657 4736 quod
712 4669 951 4737 gratiam
1003 4667 1260 4726 excludit,
1309 4680 1518 4733 semper
1548 4667 1936 4737 alienissima:
1993 4669 2075 4720 vel

517 4735 642 4807 quia
680 4735 790 4788 sola
821 4752 848 4788 a
876 4735 1050 4804 ριὶιιιο
1081 4751 1191 4807 suae
1221 4736 1589 4807 conceptionis
1622 4737 1866 4807 instanti,
1896 4745 1949 4789 et
1982 4752 2076 4804 per

518 4804 678 4858 omne
711 4808 831 4858 vine
884 4816 1114 4870 tempus,
1138 4804 1331 4873 divinis
1359 4805 1530 4857 oculis
1568 4806 1619 4857 in
1668 4806 1924 4858 omnibus
1953 4821 2076 4873 gra-

519 4877 817 4928 tiosissima
853 4893 866 4928 :
901 4874 982 4927 vel
1027 4875 1147 4941 quia
1179 4889 1296 4926 cum
1331 4875 1448 4941 ejus
1478 4876 1661 4942 gratire
1713 4875 1983 4941 plenitudo
2009 4877 2076 4928 sit

517 4962 581 4998 ex
606 4946 1008 5012 ejusxlignilate
1072 4949 1430 4996 mensuranda
1477 4953 1529 4995 et
1564 4945 1920 4996 maternitatis
1958 4945 2074 5011 ejus

519 5016 753 5082 dignitas
783 5028 996 5067 omnem
1057 5029 1434 5081 quamcunque
1487 5013 1794 5064 hominibus
1848 5015 2077 5082 possibi-

520 5089 623 5136 lcm
694 5086 1005 5150 dignitatem
1062 5090 1301 5150 superet,
1358 5083 1631 5148 plenitudo
1674 5083 1834 5135 etiam
1894 5086 2076 5149 gratiae

521 5155 689 5217 ipsius
750 5168 960 5204 onmem
1033 5169 1165 5218 puro
1233 5153 1359 5202 Atla:
1412 5153 1519 5203 lilio
1567 5152 2075 5204 communicabilem

521 5223 834 5290 dignitatem
866 5223 1105 5284 excedet,
1139 5233 1190 5272 et
1225 5222 1562 5287 privilegium
1602 5224 1973 5274 immuniatis
2009 5223 2074 5273 ab

520 5292 768 5359 originali
824 5302 1062 5357 peccato,
1124 5293 1266 5356 quod
1311 5295 1546 5359 gratiam
1598 5294 1857 5353 excludit,
1917 5293 1968 5342 in
2015 5305 2072 5343 si:

523 5358 768 5414 includit.
796 5361 932 5414 llinc
971 5362 1175 5410 Paulus
1209 5361 1270 5409 de
1305 5358 1525 5410 lleredia
1561 5361 1610 5410 in
1652 5368 1807 5411 tract.
1838 5361 1909 5412 De
1944 5360 2077 5413 Con-

527 5441 657 5498 ccpz.
702 5431 766 5484 Β.
839 5430 920 5493 ν.,
954 5430 1018 5481 ad
1056 5428 1329 5498 lnnoccnt.
1384 5425 1514 5492 \‘lll,
1548 5447 1598 5480 in
1634 5430 1721 5480 illa
1779 5434 1935 5482 verba
1974 5436 2076 5481 Are

525 5497 720 5563 Maria,
777 5504 947 5569 gratia
1000 5499 1172 5565 plena.
1235 5515 1250 5544 ι
1286 5497 1630 5569 l’lenitudini,
1699 5499 1891 5566 inquit,
1945 5513 2077 5550 con-

525 5574 691 5633 venit,
742 5568 800 5622 ut.
847 5570 918 5621 sit
943 5583 1033 5634 per
1076 5577 1237 5618 totam
1303 5568 1589 5620 essentiam
1651 5569 1899 5635 subjecti,
1950 5569 2075 5635 quia

524 5639 657 5693 siita
686 5654 790 5691 non
814 5648 974 5698 esset,
1006 5652 1276 5702 nunquam
1301 5637 1451 5704 plena
1483 5646 1654 5690 esset:
1688 5641 1919 5691 essentia
1956 5654 2076 5690 vero

529 5709 759 5778 subjecti
826 5708 995 5760 divisa
1046 5715 1127 5759 est
1186 5709 1236 5758 in
1291 5707 1634 5776 principium,
1708 5710 1965 5771 medium,
2024 5719 2077 5760 et

2184 4461 2580 4512 immaculatam
2636 4460 3042 4527 conceptionem
3074 4460 3408 4526 scripserunt
3446 4457 3734 4527 veleiilem

2181 4531 2423 4582 modeste
2452 4526 3177 4589 subscribererecusarunt,
3216 4542 3478 4592 nusquam
3530 4526 3737 4591 legetur

2178 4600 2314 4665 apud
2357 4599 2476 4651 illas
2529 4599 2716 4650 titulus
2778 4597 3156 4657 immaculata,
3200 4599 3355 4647 toties
3412 4609 3441 4665 a_
3501 4592 3735 4660 Joseplio

2180 4663 2364 4720 nostro
2409 4667 2700 4719 attributus
2762 4665 3008 4733 Virgini:
3051 4666 3182 4716 nihil
3223 4665 3364 4715 enim
3414 4663 3736 4733 disputatio-

2180 4751 2299 4789 nem
2367 4738 2698 4799 sustinentes
2740 4731 2986 4786 volebant
3018 4735 3193 4786 dicere
3223 4748 3546 4800 repugnans,
3581 4743 3634 4780 ut
3663 4731 3735 4782 ab

2165 4807 2465 4859 Aristotele
2499 4806 2550 4857 in
2579 4804 2782 4873 Topicis
2823 4805 3142 4865 didicerant,
3171 4816 3240 4867 let
3274 4804 3439 4869 probe
3467 4801 3736 4852 callebant

2186 4877 2398 4927 titulum
2446 4877 2803 4926 immaculato
2823 4874 3310 4939 quomodorunque
3333 4880 3730 4939 enuntiaretur,

2181 4961 2331 5012 {Eque
2388 4960 2507 4997 esse
2543 4943 2808 5010 opinionis
2847 4938 3127 5012 Virginem
3161 4956 3187 4992 a
3232 4950 3454 5012 peccato
3483 4938 3734 5004 originali

2179 5009 2465 5065 eximentis
2542 5009 2973 5080 protestativum.
3039 5009 3172 5061 Hinc
3251 5010 3608 5080 Hieronymus
3665 5011 3736 5080 ali

2182 5085 2447 5150 Angesto,
2505 5075 2679 5134 exacti
2726 5081 2915 5150 judicii
2971 5082 3270 5145 theologus,
3326 5075 3521 5150 lectura
3556 5075 3733 5150 διξαὶ

2180 5145 2566 5218 Ρι’‹·ἷριι9ηαειιίὶ
2601 5145 2783 5204 contra
2829 5149 3072 5201 nolentes
3123 5149 3563 5218 gloriosissimam
3605 5145 3730 5194 Vir-

2180 5217 2369 5289 ginem,
2419 5220 2641 5271 Mariam
2677 5222 2779 5271 dici
2834 5220 3251 5289 immaculatam,
3307 5218 3452 5268 nullo
3491 5217 3732 5289 aliopu-

2179 5285 2301 5354 gnat
2336 5301 2671 5357 argumento,
2725 5303 2885 5355 quam
2938 5288 3251 5355 probatione
3308 5285 3736 5359 pi-ieserraiioiiis

2181 5353 2350 5426 ip~ius
2402 5353 2468 5412 ab
2520 5353 2767 5426 originali
2813 5353 3051 5424 peccato,
3107 5367 3254 5407 ratus
3307 5370 3409 5407 non
3459 5369 3615 5426 posse
3656 5353 3733 5426 illi

2182 5425 2394 5480 titulum
2447 5425 2802 5482 iniiiiaL‘ulata:
2832 5436 3153 5492 coinpetere,
3219 5441 3378 5492 quam
3448 5425 3525 5474 ι’«ςι
3577 5425 3738 5473 unius

2181 5499 2433 5550 instantis
2485 5501 2692 5549 macula
2749 5497 3018 5548 fcedasset.
3074 5494 3202 5546 Vide
3258 5493 3737 5544 Annamentarium

2181 5567 2519 5634 Serapidi-um
2578 5581 2676 5635 pro
2730 5567 2885 5618 titulo
2940 5564 3297 5617 immaculata:
3354 5562 3740 5630 Cooceptionis

2181 5654 2300 5708 pag.
2345 5638 2467 5693 155.
