3948 6304
255 365 389 432 1301
1339 408 1344 413 ι
1700 367 1813 426 MA

1932 368 2065 429 .LE.
3353 359 3493 423 1362

253 482 618 554 συςχεθέντας
648 480 843 552 φθορᾷ,
884 480 1142 552 ἄχραντε,
1199 477 1530 550 γεραίρομεν
1590 481 1813 542 ἅπαντες

1932 483 2161 536 obscura
2208 481 2576 551 corruptionis
2641 493 2800 538 nocte
2847 479 3251 563 detinebantur,
3297 486 3369 540 tc,
3419 478 3501 528 'rn-

251 576 618 640 εὐλογοῦντες,
644 574 1001 643 εὐλογημένη,
1026 574 1116 625 τὸν
1145 574 1301 626 τόκον
1336 589 1448 625 σου.

1932 588 2116 641 quam,
2145 571 2382 626 universi
2416 588 2762 640 veneramur,
2797 589 2828 627 ο
2859 571 3203 624 immaculata
3237 583 3302 622 ac
3334 566 3502 620 bene-

327 758 537 826 Κριτὴν
597 756 934 809 δικαιότατον
997 757 1088 808 καὶ
1144 756 1300 825 μόνον
1356 756 1738 808 εὐδιάλλακτον
1791 757 1822 825 ή

249 849 507 914 τεκοῦσα,
548 848 808 916 Παρθένε,
853 849 1081 918 Χριστδν
1121 847 1209 900 τδν
1254 847 1476 916 Κύριον,
1527 847 1688 916 ῥῦσαί
1741 865 1807 915 με

249 943 351 1010 τῆς
382 942 634 1012 κρίσεως,
666 943 836 1011 Κόρη,
876 942 965 993 καὶ
995 941 1088 993 τοῦ
1123 943 1291 1011 πυρὸς
1310 941 1404 993 καὶ
1425 941 1519 1009 τῆς
1539 939 1825 1011 τιμωρίας»

246 1033 320 1100 ἥν
357 1051 443 1100 μοι
481 1032 840 1101 προεξένησεν
871 1032 1139 1100 ἁμαρτίας
1176 1036 1207 1102 ή
1243 1033 1560 1092 ἀπόλαυσις.

264 1139 372 1191 Ἐκ
403 1138 506 1192 τοῦ
541 1138 803 1203 Κανόνος
831 1137 936 1206 τῆς·
971 1138 1262 1259 πξέὲιιπτης,
1300 1136 1410 1204 τῆς
1432 1135 1621 1204 αὐτῆς
1658 1135 1822 1190 ἐϐδο-

941 1225 1017 1259 ua
1060 1225 1146 1258 or.

939 1225 1146 1275 μαοος.

325 1294 608 1363 Κράξομαι
635 1296 692 1346 ὲν
723 1295 873 1346 νυκτὶ
907 1295 1001 1347 καὶ
1059 1294 1241 1364 ἡμέρα
1298 1293 1621 1363 θλιϐὁμενος
1689 1293 1827 1363 πρὸς

251 1384 338 1449 σὲ,
381 1386 471 1438 καὶ
504 1385 838 1455 σωθήσομαι,
867 1388 959 1438 καὶ
1016 1386 1217 1455 ήδονῶν
1241 1384 1621 1454 ὑπερϐήσομαι
1652 1387 1826 1454 τεῖχος

253 1475 481 1545 βοηθείᾳ
512 1476 606 1526 καὶ
635 1479 699 1544 τῇ
738 1478 825 1545 σῇ,
859 1476 1126 1546 Παρθένε,
1152 1476 1378 1545 δυνάμει
1432 1475 1822 1544 τειχιζόμενος.

339 1566 654 1634 Ἀνέμεινας
683 1565 947 1634 ἅφλεκτος
964 1567 1022 1618 τὸ
1041 1566 1152 1636 πῦρ
1171 1566 1404 1618 τεκοῦσα
1425 1567 1520 1634 τῆς
1540 1566 1823 1632 Θεότητος,

253 1657 520 1727 Παρθένε,
554 1657 688 1710 ἀλλὰ
724 1657 1055 1726 κατάφλεξον
1088 1659 1234 1728 πάθη
1270 1658 1477 1727 ψυχῶν,
1515 1657 1621 1709 τῶν
1646 1657 1824 1710 πίστει

251 1748 504 1814 βοώντων
547 1765 628 1800 σοι
667 1747 765 1819 τὴν
814 1748 998 1819 φωνὴν
1042 1749 1136 1801 τοῦ
1180 1749 1430 1817 ἀγγέλου,
1477 1750 1650 1819 χαρᾶς
1689 1749 1824 1819 μόνη

253 1840 506 1908 πρόξενε.

337 1929 402 1982 Ἦ
431 1931 784 2001 οὐρανώσασα
821 1932 882 1985 τὸ
931 1933 1088 2003 ἡμῶν
1119 1932 1324 2001 γεῶδες
1383 1933 1610 2004 φύραμα
1668 1937 1733 2003 τῇ
1769 1934 1826 1985 ὲν

248 2019 336 2070 col.
375 2019 467 2071 τοῦ
513 2021 669 2087 Θεοῦ,
711 2025 1038 2094 πανάμωμε,
1099 2024 1390 2092 ἐνοικήσει,
1435 2023 1591 2092 ῥῦσαι
1625 2022 1826 2085 πάντας

253 2109 542 2164 κινδύνων.

261 2196 366 2251 Ἐκ
418 2197 523 2251 τοῦ
568 2201 836 2265 Κανόνος
887 2199 1007 2322 giae
1039 2199 1431 2322 πὲἕασκευῆς
1488 2197 1594 2267 τῆς
1641 2198 1825 2266 αὐτῆς

993 2288 1062 2322 ou
1146 2287 1233 2322 oc.

993 2287 1233 2337 ομαοος.

333 2351 402 2404 ’0
428 2356 704 2423 φωτισμδς
732 2355 832 2425 τῆς
866 2357 1001 2426 ἐμῆς
1039 2357 1338 2420 ἀσθενείας,
1369 2359 1402 2426 ή
1443 2357 1684 2427 σωτηρία
1715 2357 1812 2424 τῆς

251 2444 694 2515 ἀμαυρωθείσης,
735 2448 895 2517 ἁγνὴ,
947 2447 1121 2516 ψυχῆς
1147 2465 1268 2516 μου,
1307 2448 1476 2500 σῶσόν
1528 2464 1616 2515 με,
1654 2446 1824 2499 σῶσον

251 2532 641 2605 ἀπολλύμενον,
692 2539 864 2608 Κόρη,
912 2540 1005 2591 καὶ
1036 2538 1241 2608 ,χιτῶνα
1286 2539 1383 2608 τῆς
1422 2537 1728 2607 ἀφθαρσίας
1757 2554 1822 2607 με

250 2626 466 2678 ἐνδυσον
498 2615 771 2696 φθαρέντα
803 2629 1000 2692 δεινοῖς
1032 2629 1489 2702 πλημμελήμασι.

333 2717 423 2791 Ἐν
454 2719 680 2788 ἀμελείᾳ
709 2723 806 2787 τὴν
835 2719 980 2790 ζωὴν
1004 2721 1344 2791 δαπανήσας,
1382 2722 1680 2791 νυσταγμῷ
1720 2724 1818 2792 τῆς

255 2807 528 2875 ἁμαρτίας
577 2809 676 2879 τὴν
714 2808 887 2878 ψυχὴν
924 2809 1226 2880 ἐϐαρύνθην
1250 2828 1263 2842 ο
1302 2813 1367 2881 τῇ
1410 2813 1465 2862 δὲ
1529 2813 1822 2881 ἀκοιμήτῳ

255 2914 353 2948 σου
386 2899 650 2967 πρεσϐείᾳ
687 2901 1030 2969 προστρέχω,
1069 2900 1141 2971 μὴ
1169 2901 1310 2970 δῲης
1343 2918 1408 2970 με
1440 2902 1518 2963 είς
1571 2902 1820 2966 θάνατον,

253 2986 415 3058 Κόρη
447 2989 1085 3058 πανάχραντε,ὐπνῶσαι.

1929 666 2093 725 dicta,
2133 664 2338 732 prolem
2381 672 2526 717 tuam
2560 664 2814 718 laudibus
2839 663 3202 716 celebrantes.

1999 755 2275 808 Christum
2303 772 2364 808 ac
2398 756 2706 821 Dominum,
2741 756 2976 825 iudicem
3011 752 3408 822 justissimum,
3443 759 3505 803 ct'

1930 848 2102 902 solum
2124 846 2627 915 placaliilissimu’m,
2655 848 2835 911 enixa,
2864 862 2895 899 0
2916 845 3079 916 Virgo
3103 846 3300 914 puella,
3327 843 3496 896 libera

1932 954 2070 990 me.a
2100 938 2328 1007 judicio,
2378 946 2430 991 et
2460 940 2526 992 ab
2581 940 2720 1009 igne,
2763 950 2924 1015 atque
2965 953 2993 990 a
3039 935 3322 1006 supplicio,
3355 933 3496 1003 quod

1930 1027 2061 1080 mihi
2094 1027 2296 1095 peccati
2333 1028 2578 1109 voluptas
2609 1025 2961 1096 comparavit.
3160 1024 3163 1028 ’

2111 1135 2188 1187 Ex
2221 1152 2417 1189 canone
2457 1137 2604 1202 feria:
2642 1151 2672 1189 ν
2694 1135 2924 1204 ejusdem
2960 1133 3314 1187 Itebdomadw.

1997 1291 2258 1346 Clamabo
2281 1292 2368 1345 die
2399 1307 2462 1353 ec
2489 1301 2647 1346 nocte
2682 1292 2994 1356 tribulatus,
3025 1291 3089 1345 ad
3120 1302 3189 1355 te,
3224 1301 3276 1343 et
3312 1290 3498 1344 salvus

1925 1398 2040 1445 ero.
2073 1394 2122 1437 et
2149 1383 2592 1452 voluptuosarum
2615 1381 2966 1438 aiiectionum'
2987 1383 3353 1451 transgrcdiar
3375 1397 3497 1435 mu-

1926 1488 2047 1526 rum
2100 1473 2302 1524 auxilio
2330 1480 2442 1536 luo,
2466 1487 2496 1525 0
2516 1470 2700 1540 Virgo,
2736 1471 2932 1525 virtute
2963 1472 3352 1524 communitus.

1994 1565 2153 1638 307
2203 1565 2546 1621 lncombusta
2603 1565 2949 1633 permansisti
3028 1564 3206 1634 ignem
3270 1563 3496 1619 Deitatis

1926 1657 2103 1718 enixa,
2123 1669 2167 1709 ‘o
2193 1655 2375 1724 Virgo,
2404 1656 2496 1710 sed
2517 1656 2775 1709 comliure
2802 1665 2855 1710 tu
2885 1657 3169 1725 passiones
3187 1657 3492 1711 animarum

1926 1760 2116 1799 eorum
2155 1746 2247 1814 qui
2307 1760 2429 1798 cum
2481 1744 2584 1799 [ide
2621 1745 2860 1800 clamant
2908 1747 2974 1800 ad
3013 1756 3083 1813 te,
3137 1761 3268 1802 voce
3318 1747 3495 1818 angeli

1858 1823 1898 1879 Β
1930 1847 2161 1901 utentes,
2210 1853 2242 1890 ο
2281 1837 2394 1891 sola
2426 1836 2604 1906 gaudii
2634 1838 2996 1892 conciliatrix.

1992 1929 2094 1992 Tu,
2127 1915 2246 1998 quae
2290 1945 2524 1983 massam
2579 1926 2818 1983 nostram
2862 1938 3130 1983 terrenam
3189 1929 3495 1986 cmliﬁcasti

1921 2033 2017 2086 per
2040 2018 2490 2072 inbabitationem
2527 2018 2618 2072 Dei
2655 2017 2708 2070 in
2756 2028 2828 2082 te,
2874 2033 2907 2072 o
2952 2019 3271 2090 purissima,
3300 2034 3499 2074 omnes

1921 2108 2069 2177 eripe
2097 2123 2126 2162 a
2151 2109 2427 2177 periculis.

2019 2191 2027 2198 ’
2091 2193 2172 2246 Ex
2211 2210 2406 2250 canone
2435 2196 2582 2264 ferire
2611 2212 2658 2248 νι
2690 2196 2923 2264 ejusdem
2958 2196 3323 2251 hebdomadw.

1912 2411 1914 2414 τ
1994 2374 2036 2426 0
2058 2384 2228 2441 casta,
2255 2374 2559 2430 obscuratae
2597 2373 2794 2427 animae
2851 2387 2982 2426 mete
3013 2359 3362 2441 illuminatio,
3387 2375 3489 2428 im-

1921 2465 2228 2521 becillitatis
2263 2480 2394 2519 mea:
2429 2464 2599 2529 salus,
2635 2464 2780 2518 salva
2809 2478 2913 2528 me,
2938 2478 2970 2518 ο
2995 2464 3203 2529 Puella,
3226 2466 3374 2520 salva
3407 2482 3490 2519 me

1922 2563 2273 2622 pereuntem;
2305 2562 2359 2607 et
2397 2553 2932 2622 incorruptibilitatis
2966 2553 3147 2607 tunica
3174 2553 3340 2608 indue
3381 2569 3488 2618 mc,

1923 2644 2260 2711 gravissimis
2285 2645 2517 2714 peccatis
2546 2655 2884 2712 corruptum».

1995 2732 2052 2784 lu
2085 2734 2402 2803 negligentia
2430 2751 2492 2788 ac
2522 2735 2771 2789 socordia
2802 2736 2964 2788 vitam
2987 2751 3162 2789 meam
3187 2737 3486 2806 absumpsi,

1921 2833 1972 2876 et
2002 2825 2206 2892 peccati
2257 2839 2452 2892 sopore
2493 2825 2820 2894 gravissimo
2861 2826 3043 2879 anima
3079 2843 3196 2880 mea
3233 2829 3488 2883 immersa

1921 2920 2023 2965 est.
2048 2910 2202 2966 Nunc
2235 2922 2413 2966 autem
2443 2914 2507 2966 ad
2547 2913 3012 2982 vigilantissimam
3047 2914 3486 2972 intercessionem

1923 3007 2072 3054 tuam
2106 3015 2330 3054 recurro
2372 3016 2483 3054 :ne
2527 3003 2811 3069 permittas
2863 3017 2949 3055 me
2996 3004 3047 3056 in
3099 3013 3331 3060 mortem
3387 3008 3488 3061 0b-

1844 3081 1890 3141 C
1921 3089 2178 3154 dormire,
2218 3105 2250 3144 o
2280 3090 2440 3160 Virgo
2469 3091 2713 3160 Deipara.

321 3170 405 3225 Me
444 3172 726 3236 miserum,
760 3173 1214 3230 irrationabilium
1242 3176 1516 3231 actionum
1573 3177 1825 3232 sordibus
1865 3181 2049 3234 animo
2088 3191 2140 3234 et
2194 3172 2423 3252 corpore
2481 3182 2825 3251 inquinatum
2895 3183 2970 3251 (te
3005 3200 3196 3254 precor
3223 3204 3347 3244 cum
3376 3191 3490 3246 cla-

249 3283 405 3321 more
429 3278 481 3322 et
509 3269 780 3336 suspiriis,
823 3283 854 3321 o
881 3268 973 3323 Dei
1009 3270 1197 3336 Mater,
1229 3275 1375 3325 omni
1409 3289 1474 3326 ex
1525 3282 1678 3340 parte
1745 3273 2033 3343 perditus).
2067 3274 2268 3327 munda
2303 3289 2386 3327 me
2440 3275 2742 3328 abstersiva
2803 3275 3196 3333 intercessione
3251 3291 3379 3348 tua;
3430 3294 3489 3337 et

249 3359 510 3413 miserere
540 3362 669 3426 mei,
694 3376 758 3416 ac
781 3363 928 3417 salva
965 3380 1072 3418 me.

257 3452 357 3506 Ἐκ
386 3454 493 3507 τοῦ
513 3457 776 3520 Κανόνος
800 3456 908 3525 τῆς
931 3459 1211 3527 δευτέρας
1241 3461 1349 3530 τῆς
1379 3463 1706 3534 ἐόδομάδος
1723 3467 1810 3529 β’.

334 3564 627 3634 Ἀμόλυντε
659 3569 853 3640 σκηνὴ,
889 3573 1132 3638 παναγία
1168 3575 1434 3645 Παρθένε,
1488 3564 1814 3647 μολυνθέντα

255 3673 327 3726 με
355 3657 542 3710 δεινῶν
589 3658 778 3712 παθῶν
827 3663 1143 3731 ἐπαγωγαῖς
1189 3669 1253 3736 τῇ
1289 3673 1438 3740 πηγῇ
1488 3670 1579 3723 τοῦ
1634 3673 1816 3736 ἐλέους

252 3764 350 3800 σου
410 3749 669 3820 κάθαρον,
725 3755 818 3804 καὶ
875 3753 963 3813 δός
1016 3772 1104 3824 μοι
1149 3756 1388 3826 ὄμϐρους
1438 3763 1808 3830 κατανύξεως,

247 3835 542 3902 Δέσποινα,
575 3839 846 3910 ἁμαρτίας
874 3842 1029 3909 βυθὸν
1060 3845 1413 3912 ἀφανίζουσα.

250 4031 260 4034 ’
304 4015 421 4074 ,,Ἐν
451 4018 650 4086 γαστρί
705 4037 795 4072 σου
851 4023 1132 4093 σκηνώσας
1189 4029 1215 4078 ὁ
1261 4029 1544 4098 ’Ὑψιστος,
1575 4034 1816 4103 οὐρανῶν

247 4105 592 4178 πλατυτέραν
628 4127 684 4161 σε
731 4111 915 4176 ἔδειξε,
954 4116 1046 4166 καὶ
1083 4121 1416 4186 προστασίαν
1474 4122 1682 4191 ἄμαχον
1710 4126 1816 4178 τῶν

246 4194 520 4263 βοώντων,
581 4201 857 4270 Παρθένε’
933 4204 1114 4258 Πάντα
1175 4209 1241 4260 τὰ
1296 4208 1470 4279 ἔργα,
1520 4213 1810 4280 εὐλογεῖτε,

244 4286 466 4355 ὑμνεῖτε
494 4289 583 4340 τὸν
612 4291 838 4361 Κύριον.

1955 3465 2035 3518 Ea:
2073 3483 2267 3519 canone
2303 3469 2353 3519 in
2403 3467 2487 3520 die
2525 3466 2750 3522 secunda
2796 3469 3037 3522 secundet
3082 3469 3445 3523 hebdomadis.

1991 3574 2034 3627 Ο
2091 3575 2499 3629 ιοϋοι-ηοευιυηι
2536 3576 2944 3631 immaculatum
2975 3577 3090 3648 (45)
3138 3579 3482 3634 sanctissima

1922 3664 2118 3733 Virgo,
2178 3667 2410 3718 emunda
2472 3682 2557 3720 me
2634 3668 2963 3722 maculatum
3033 3670 3498 3739 gravissimarum.

1923 3754 2239 3820 passionum
2269 3753 2560 3819 illecebris,
2587 3755 2734 3809 fonte
2764 3757 3150 3821 misericordia
3174 3770 3311 3813 tuae:
3333 3769 3388 3813 et
3414 3762 3482 3814 da

1924 3846 2076 3911 mihi,
2123 3844 2365 3909 Domine,
2420 3847 2623 3902 imbres
2658 3851 3110 3918 compunctiouis,
3152 3835 3480 3918 profundum

1921 3937 2126 4002 peceati
2156 3939 2418 4006 gurgitem
2445 3941 2836 3995 exterminans.

1990 4026 2043 4079 lu
2088 4041 2238 4082 utero
2264 4038 2357 4083 tuo
2391 4031 2640 4085 habitans
2671 4033 3005 4099 Altissimus,
3055 4043 3116 4088 te
3138 4035 3292 4090 ccelis
3322 4037 3481 4090 latio-

1917 4134 2028 4172 rem
2051 4119 2247 4185 cﬂ'ecit,
2268 4135 2296 4172 ο
2318 4120 2498 4190 Virgo,
2527 4133 2577 4174 et
2603 4123 2908 4190 prresidium
2937 4125 3350 4194 inexpugnabile
3367 4127 3480 4181 cla-

1918 4214 2175 4265 mantium
2205 4231 2216 4265 :
2247 4213 2408 4282 308
2436 4212 2627 4268 Omnia
2650 4230 2840 4285 opera,
2865 4217 3165 4272 benedicitc
3182 4226 3234 4272 et
3263 4219 3479 4274 laudate

1921 4303 2230 4357 Dominum.

318 4376 505 4446 Μαρία
527 4381 701 4451 Κυρία
733 4383 825 4434 τοῦ
849 4385 1064 4450 παντὸς,
1090 4389 1364 4452 τναντοίοις
1383 4408 1448 4460 με
1473 4393 1810 4447 δουλωθέντα

1985 4393 2028 4446 0
2066 4393 2226 4464 Virgo
2256 4395 2421 4450 Maria
2458 4397 2683 4452 Domina
2717 4400 2981 4466 universi,
3009 4403 3252 4456 omnium
3282 4417 3478 4472 pecca-

242 4468 606 4540 ἁμαρτήμασι
675 4474 738 4525 σὺ
779 4474 1157 4543 ὲλευθέρωσον,
1213 4481 1486 4550 Ιῐαρθένεδ
1554 4483 1644 4536 τὸν
1701 4485 1808 4553 γὰρ

242 4559 611 4632 ἐλευθερωτὴν
646 4564 778 4616 ’τῶν
841 4566 1025 4635 ψυχῶν
1076 4569 1232 4638 ἡμῶν
1288 4572 1425 4640 αὐτὴ
1457 4573 1595 4643 ὑπὲρ
1645 4573 1838 4642 λόγον·

242 4651 486 4720 ὲκύησας
515 4653 613 4724 τὴν
647 4653 876 4724 οὐσιώδη
902 4658 1230 4727 άγαθότητα.

264 4761 359 4812 Ἐκ
384 4761 490 4814 τοῦ
528 4764 795 4828 Κανόνας
837 4764 944 4833 τῆς
982 4770 1183 4836 τρίτης
1212 4770 1317 4838 τῆς
1368 4773 1694 4842 ἑϐδομάδος
1719 4778 1798 4840 β’.

340 4871 403 4923 Ἡ
439 4873 572 4943 μόνη
605 4875 853 4944 κυήσασα
886 4876 976 4928 τὸν
1000 4878 1231 4949 ἄναρχον
1251 4881 1440 4948 Λόγον,
1472 4887 1803 4954 πανάμωμε,

318 5028 450 5107 (45).
488 5029 555 5083 Ut
593 5031 893 5107 veriticetur
935 5035 1332 5107 Al-ocelogium,
1375 5040 1515 5107 quod
1558 5043 1802 5096 absolute

239 5096 508 5179 :loseplius
577 5102 761 5179 tribuit
806 5102 1004 5179 Virgini
1049 5096 1328 5179 Deiparm,
1393 5096 1602 5179 nempe,
1655 5115 1797 5179 quod

242 5167 592 5247 ipsadicatur
618 5167 1020 5247 tabernaculum
1047 5167 1800 5247 iinm-aculatum,réquiritnr,‘

241 5238 387 5314 quod
419 5240 545 5314 ipsa
580 5239 642 5314 in_
682 5243 824 5294 nulla
863 5245 944 5296 sui
982 5255 1130 5311 parte
1165 5246 1325 5299 fuerit
1378 5238 1795 5314 aliqua'macula

241 5305 462 5371 infecta;
493 5309 701 5389 sicnim
752 5305 1050 5389 aliquando
1094 5318 1356 5389 maculata
1405 5305 1591 5373 fuisset
1629 5322 1792 5389 (quod

240 5391 382 5451 sane
405 5379 692 5451 accidisset
722 5382 765 5434 si
807 5383 1082 5448 originalis
1125 5388 1326 5451 peccati
1371 5379 1794 5443 inaculain‘cou-

243 5445 560 5517 traxisset),
610 5464 715 5501 non
752 5445 932 5517 posset
984 5468 1078 5506 nec
1126 5445 1251 5507 'vere
1285 5470 1381 5507 ncc
1411 5458 1653 5512 absolute
1683 5460 1788 5512 dici

245 5516 662 5569 tabernaculum
699 5516 1127 5574 immaculatum.

281 5583 448 5661 .(46).
498 5584 553 5637 Si
581 5587 884 5661 beatissima
936 5591 1094 5660 Virgo
1127 5591 1177 5642 iu
1208 5593 1395 5645 ultimo
1442 5595 1658 5652 instanti
1688 5614 1799 5653 ante

236 5658 545 5737 vitatunum
573 5658 935 5737 commisisset
961 5658 1242 5737 peccatum
1267 5664 1491 5737 veniale,
1531 5683 1636 5720 non
1677 5685 1801 5737 pos-

240 5730 328 5779 set
379 5723 481 5778 dici
536 5725 778 5782 absolute
831 5723 1195 5810 immaculata,
1233 5731 1370 5786 idem
1418 5723 1578 5790 etiam
1611 5723 1798 5807 procul

1922 4493 2095 4539 torum
2129 4501 2213 4540 mc
2237 4503 2452 4541 servum
2487 4491 2733 4544 ctTectum
2781 4491 2993 4546 vindica
3037 4493 3092 4546 in
3136 4492 3435 4548 libertatem
3459 4511 3494 4559 ;.

1919 4585 1971 4627 tu
2015 4577 2155 4651 enim
2191 4577 2532 4632 liberatorem
2581 4581 2887 4634 animarum
2933 4593 3248 4639 nostrarum
3289 4601 3478 4641 essen-

1918 4666 2096 4720 tialem
2136 4668 2426 4723 bonitatem
2468 4670 3102 4742 iuelIabilitergenuisti..

2025 4780 2106 4832 Ex
2137 4799 2331 4835 canone
2361 4785 2412 4834 in
2446 4784 2531 4836 die
2557 4787 2710 4838 tertia
2742 4787 3082 4841 hebdomadis
3108 4793 3361 4843 secundas.

1984 4887 2026 4941 0
2047 4889 2390 4942 immaculata
2407 4889 2542 4959 (46),
2563 4906 2682 4959 quae
2713 4894 2824 4947 sola
2851 4901 3112 4950 aeternum
3147 4897 3378 4950 Verbum
3406 4913 3473 4949 cx-

1903 5044 2074 5120 duliio
2113 5046 2398 5100 dicendum
2445 5056 2608 5120 esset,
2652 5051 2704 5120 si
2746 5050 2796 5120 in
2861 5051 3035 5117 primo
3099 5066 3208 5104 sua:
3263 5065 3469 5120 conce-

1909 5117 2132 5181 ptionis,
2180 5131 2242 5168 ac
2272 5131 2390 5186 esse
2442 5118 2660 5172 instanti
2694 5119 2906 5184 aliquod
2961 5130 3233 5186 peccatum
3265 5117 3469 5173 veniale

1902 5186 2286 5255 committeret.
2349 5185 2447 5251 Et,
2486 5203 2594 5254 quo
2626 5189 2901 5240 evidenter
2946 5185 3191 5255 Sequitur
3244 5188 3388 5240 illam
3437 5205 3466 5241 a

1903 5251 2144 5325 Jo-eplto
2179 5262 2362 5307 nostro
2388 5251 2629 5309 absolute
2681 5272 2783 5310 non
2814 5272 2967 5325 posse
2997 5251 3172 5308 vocari
3202 5256 3466 5311 immacu-

1900 5323 2131 5393 latam’si
2165 5325 2365 5388 peccati
2429 5326 2707 5392 originalis
2767 5323 3056 5380 foidarctur
3109 5326 3465 5393 turpitudine.

1905 5390 2036 5463 Nam
2075 5394 2119 5463 si
2142 5393 2328 5463 exigua
2358 5390 2556 5462 peccail
2589 5397 2812 5451 venialis
2840 5394 3043 5448 macula
3076 5390 3483 5463 impedimento.

1896 5460 2037 5533 foret
2087 5461 2149 5533 in
2192 5460 2369 5527 primo
2419 5467 2795 5533 conceptionis
2855 5464 3103 5526 instanti,
3143 5460 3467 5532 quominus

1898 5531 2264 5603 immaculata
2304 5531 2740 5603 nuncuparetur,
2796 5541 2999 5603 quanto
3050 5531 3219 5603 magis
3255 5535 3465 5588 macula

1899 5603 2103 5679 peccati
2127 5601 2412 5679 “originalis
2448 5601 2927 5679 denominatiouem
2960 5601 3313 5679 immaculata}
3340 5618 3464 5679 pro-

1904 5668 2148 5742 liiberet?
2180 5668 2310 5742 Vide
2337 5670 2396 5723 P.
2457 5670 2612 5727 Joan.
2652 5672 2940 5727 Eusebium
2994 5668 3461 5742 Niercmbergium

1904 5740 1956 5792 in
1982 5739 2384 5811 Exceptionibus
2417 5756 2531 5811 cap.
2568 5745 2620 5796 2.
