3948 6304
252 317 403 390 1365
1675 293 1809 386 "MA?

1932 325 2056 385 .LE.

3350 321 3486 389 1366

259 434 365 489 Ἐκ
393 434 497 491 τοῦ
513 432 775 504 Κανόνος
797 436 901 495 τοῦ
926 438 1230 495 Σαϐϐάτου
1247 437 1355 508 τῆς
1381 433 1708 509 ἆσδομὰδος
1724 437 1803 502 β’.
1840 437 1884 496 Δ
2128 434 2212 489 Ex
2240 452 2439 491 canone
2473 436 2527 490 in
2559 433 2793 491 Sabbato
2842 450 2880 489 ll
2918 432 3277 488 hebdomadis.
3382 390 3383 395 η
3578 454 3585 460 θ

2128 434 2212 489 Ex
2240 452 2439 491 canone
2473 436 2527 490 in
2559 433 2793 491 Sabbato
2842 450 2880 489 ll
2918 432 3277 488 hebdomadis.

318 558 621 630 Νηστεύειν
681 578 748 632 με
804 563 896 617 καὶ
942 562 1247 633 ἀπέχεσθαι
1304 533 1489 631 πάσης
1540 564 1809 634 ἁμαρτίας

1990 560 2035 618 0
2066 562 2280 630 Puella,
2310 564 2375 617 da
2410 555 2540 619 mihi
2587 562 2753 629 vires,
2784 570 2841 617 ut
2869 559 3141 631 jejunare,
3169 569 3220 615 et
3250 558 3316 613 ab
3344 560 3491 615 omni

243 648 642 722 ivduvépweov,
674 653 848 724 Κόρη,
877 654 970 709 τὸν
1000 653 1263 719 δυνατὸν,
1312 656 1692 726 ἀναμάρτητον
1720 655 1809 709 Λό-

1932 665 2147 724 peccato
2215 655 2491 711 abstinere
2558 654 2785 724 possim,
2854 667 2975 724 qua:
3056 650 3491 721 potentissimum

248 740 349 808 γον
380 743 785 811 σωματωθέντα
822 746 1076 817 ἀρρήτως
1108 747 1382 818 κυήσασα,
1410 749 1504 803 καὶ
1550 748 1691 802 δίδου
1728 766 1809 819 μοι

1932 748 2269 805 Verbum'ab
2319 746 2467 804 omni
2528 746 2735 818 peccati
2791 746 2909 801 labe
2949 746 3211 809 immune,
3265 757 3496 812 corpore

245 830 577 905 καθαρτικὸν
607 834 987 907 μολυσμάτων,
1017 836 1354 908 Πανάμωμε,
1383 838 1634 908 δάκρυον.

1932 842 2173 896 vestitum
2228 839 2575 895 ineﬂabiliter
2627 837 2921 910 peperisti;
2974 845 3028 890 et
3078 836 3315 891 concede
3362 834 3499 889 mihi

320 1110 529 1180 ’Υμνον
574 1108 835 1182 προσάγω
892 1126 994 1177 σοι,
1032 1110 1325 1183 Παρθίνε,⁸
1352 1109 1427 1182 μὴ
1462 1110 1694 1183 παρίδῃς
1737 1127 1811 1181 με

246 1206 442 1268 κακοῖς
488 1204 918 1275 κεκρατημένον,
978 1205 1114 1259 ἀλλά
1145 1204 1308 1270 δίδου,
1343 1204 1502 1273 ἁγνὴ,
1534 1204 1816 1271 διόρθωσιν

243 1296 457 1350 τελείαν
473 1296 559 1349 διὰ
582 1295 833 1383 νηστείας
869 1297 1050 1367 πάσης
1079 1312 1141 1350 τε
1170 1295 1397 1367 ἀγωγῆς
1418 1295 1815 1366 ἀγαθοτρόπον.

334 1476 589 1548 Ἰεζεκιήλ
650 1493 709 1530 σε
758 1476 934 1548 πύλην
989 1477 1314 1541 ἀδιόδευτον,
1362 1475 1527 1546 ἀγνὴ,
1576 1474 1812 1544 προεῖδε,

246 1567 539 1639 μετανοίας
598 1567 771 1632 πύλας
815 1571 981 1624 πᾶσιν
1016 1569 1415 1637 ὑπανοίγουσαν
1447 1567 1815 1637 ἀπεγνωσμέ-

243 1651 357 1724 vei;
386 1676 401 1692 ·
436 1661 559 1715 ὅθεν
597 1661 830 1715 δυσωπῶ
866 1678 925 1715 σε
981 1661 1201 1733 τρίδους
1251 1675 1342 1732 μοι
1380 1658 1665 1724 ὑπάνοιξον
1715 1658 1813 1721 τάς

241 1754 385 1826 ’πρὸς
411 1753 508 1816 τάς
542 1753 750 1808 ἑκείθεν
776 1752 1048 1825 φερούσας
1077 1750 1474 1816 καταπαύσεις.

302 1934 539 2004 νῦάνηθι,
596 1934 831 2007 ἀχραντε
882 1934 1169 2000 Δέσποινα,
1205 1933 1347 1997 θεῖος
1403 1931 1660 2001 συνεργὸς
1705 1931 1816 1994 τοῖς

239 2026 487 2099 ἀχρείοις
516 2027 757 2091 οίκίταις
817 2044 934 2094 σου,
973 2026 1153 2099 καιρῷ
1191 2028 1289 2098 τῆς
1338 2024 1665 2097 ἐγκρατείας
1718 2022 1816 2085 τάς

242 2119 555 2191 προσευχὰς
588 2120 745 2189 ἡμῶν
798 2118 1151 2190 προσάγουσα
1194 2116 1387 2189 Κυρίῳ
1437 2116 1516 2187 τῷ
1547 2114 1655 2170 τῶν
1684 2114 1817 2169 αἰώ-

240 2228 351 2266 νων
386 2210 745 2282 βασιλεύοντι.

252 2334 352 2390 ἐκ
377 2334 485 2390 τοῦ
508 2338 774 2403 Κανόνος
802 2335 913 2404 τῆς
948 2335 1227 2404 δευτέρας
1244 2333 1352 2402 τῆς
1382 2331 1705 2403 ἑϐδομάδος
1732 2332 1803 2404 γ’,

749 2407 837 2471 εἷς
864 2403 973 2459 τὸν
1014 2403 1293 2475 Ὀρθρον.

313 2531 540 2601 Χαίροις
603 2531 633 2583 ὁ
670 2530 935 2598 πανάγιος
971 2530 1116 2595 ναὸς,
1164 2531 1193 2582 ὁ
1240 2530 1461 2592 πόκοςό
1510 2528 1810 2601 θεόδροως,

239 2623 657 2695 ισφραγισμένη
688 2622 839 2693 πηγὴ
860 2622 951 2675 τοῦ
982 2622 1257 2675 ἀθανάτου
1288 2620 1652 2692 ῥείθρου,τὴν
1697 2620 1818 2674 ποί-

248 2734 394 2789 μνην
425 2732 547 2781 σου,
595 2716 881 2776 Δέσποινα,
942 2713 1177 2784 φύλαττε
1213 2715 1277 2767 ὲκ
1327 2712 1597 2767 παντοίων
1655 2711 1814 2766 πολε-

244 2807 384 2877 μίων
416 2807 827 2878 ἀπολιορκήτως
840 2846 852 2859 .

315 2896 419 2950 Τδν
444 2896 793 2967 ἀγεώργητον
822 2895 1015 2967 βότρυν
1054 2892 1392 2949 συλλαϐοῦσα
1429 2888 1815 2965 ἑσκοτισμένον

246 3004 320 3057 με
370 2988 510 3059 μέθῃ
543 2990 641 3059 τῆς
662 2989 937 3060 ἁμαρτίας
977 2988 1335 3057 σωφρόνισον,
1376 2986 1611 3041 Θεοτόκε
1659 2986 1812 3057 Παρ-

240 3081 387 3147 eivs,
416 3082 571 3145 ιλπις
602 3082 711 3134 τῶν
734 3080 921 3151 ψυχῶν
957 3082 990 3150 ἠ
1002 3079 1139 3150 μῶν.

316 3268 388 3322 Σὺ
409 3265 477 3331 εί,
510 3266 761 3331 Θεοτόκε,
784 3266 854 3319 τά
887 3265 1025 3319 ὅπλα
1049 3264 1209 3336 ἡμῶν
1240 3266 1334 3318 καὶ
1359 3265 1557 3333 τεῖχος,
1586 3264 1650 3317 σὺ
1680 3258 1735 3317 εἴ
1772 3265 1805 3333 ἡ

244 3358 527 3429 ἀντίληψις
554 3358 662 3411 τῶν
684 3358 765 3420 είς
812 3356 873 3409 σι
912 3356 1368 3427 προσερχομένων
1398 3369 1412 3384 ·
1475 3354 1533 3407 σὲ
1565 3354 1661 3407 καὶ
1716 3354 1811 3407 νῦν

246 3455 327 3517 εἰς
364 3450 659 3523 πρεσδείαν
696 3447 976 3520 κινοῦμεν,
1013 3434 1099 3502 ἵνα
1157 3446 1523 3517 λυτρωθῶμεν
1560 3445 1667 3500 τῶν
1724 3448 1811 3519 ιχ-

248 3543 391 3615 θρῶν
418 3543 595 3613 ἡμῶν.

286 3627 685 3725 ’Θεοχαρίτωτε
712 3652 851 3721 ἀγνὴ
876 3652 970 3705 καὶ
996 3650 1363 3721 εὐλογημένη,
1398 3650 1536 3722 μετά
1565 3636 1674 3702 τῶν
1698 3649 1812 3703 ἀνω

242 3747 524 3819 δυνάμεων
542 3745 636 3799 καὶ
667 3736 1043 3816 ἀρχαγγελων,
1099 3745 1195 3797 καὶ
1247 3744 1356 3797 τῶν
1407 3743 1623 3797 πάντων
1676 3742 1813 3795 ἀσω·

246 3838 452 3910 μάτων,
494 3836 763 3907 επρέσϐευε
788 3822 1155 3904 ἀτελευτήτως
1184 3834 1323 3903 ὑπὶρ
1358 3834 1575 3887 πάντων
1632 3831 1808 3901 ἡμῶν,

240 3930 334 3985 τὸν
358 3930 422 3984 ὲκ
446 3928 535 3983 σοῦ
563 3928 893 3997 γεννηθέντα
918 3926 985 3981 δι’
1015 3924 1442 3996 εὐσπλαγχνίας,
1483 3922 1570 3977 ἵνα
1613 3922 1811 3977 δίδοται

241 4020 397 4091 ἡμῖν,
428 4019 555 4087 πρὶν
583 4018 616 4089 ἢ
650 4015 800 4080 τέλος
854 4015 1003 4085 ἔλθη,
1053 4015 1397 4084 συγχώρησιν
1427 4014 1521 4066 καὶ
1569 4012 1807 4082 ἱλασμὸν

239 4110 351 4165 τῶν
381 4106 817 4180 ἁμαρτημάτων,
850 4105 944 4159 καὶ
973 4105 1346 4176 ἐπανόρθωσιν
1372 4103 1465 4161 τοῦ
1497 4103 1636 4174 βίου,
1664 4104 1809 4167 ὅπως

238 4202 553 4275 οίκτειρμὺν
586 4200 764 4271 εὑρεῖν
783 4198 1121 4270 δυνηθῶμεν.

260 4403 364 4459 Ἐκ
394 4400 498 4457 τοῦ
521 4401 786 4468 Κανόνος
819 4399 930 4469 τῆς
972 4400 1173 4469 τρίτης
1225 4398 1332 4467 τῆς
1372 4396 1695 4467 ἑϐδομάδος
1734 4397 1803 4468 γ’.

316 4532 424 4593 Τάς
446 4532 634 4603 χεῖράς
661 4546 754 4584 σου
780 4530 878 4593 τὰς
924 4529 1093 4596 θείας,
1132 4522 1219 4593 αἷς
1260 4529 1349 4584 τὸν
1402 4527 1645 4599 Κτίστην
1680 4530 1806 4584 ὲσά-

237 4642 466 4689 στασας,
492 4624 739 4695 [lapst
764 4621 1030 4691 παναγία,
1068 4621 1421 4693 σαρκωθὲντα
1453 4623 1805 4693 χρηστότητι,

236 4716 567 4788 προτείνασα
594 4716 916 4785 δυσώπησον
948 4715 1109 4767 αὑτὸν
1139 4714 1519 4784 λυτρώσασθαι
1550 4716 1697 4785 ἡμᾶς
1742 4718 1807 4770 ὲκ

236 4807 581 4877 πειρασμῶν,
618 4806 712 4859 καὶ
745 4806 955 4867 παθῶν,
1008 4807 1102 4859 καὶ
1141 4805 1422 4871 κινδύνων,
1480 4807 1606 4869 τοὺς
1655 4806 1806 4877 πόθῳ

233 4897 682 4969 ἀνε·.›φημοῦντὰς
712 4914 791 4962 σε,
818 4897 911 4949 καὶ
946 4897 1185 4969 βοῶντας
1217 4916 1299 4952 σοι
1329 4916 1342 4929 ’
1372 4897 1509 4964 Δόξα
1550 4899 1628 4969 τῷ
1666 4902 1805 4953 ἐνοι-

235 4971 467 5058 κήσαντι
501 4989 558 5042 ἐν
596 4989 700 5051 σοὶ,
741 4986 866 5051 δόξα
896 4985 971 5057 τῷ
1012 4988 1322 5057 προελθόντι
1389 4992 1454 5043 ὲκ
1516 4970 1651 5057 σοῦ,
1679 4990 1805 5056 δόξα

232 5080 314 5150 τῷ
332 5079 761 5153 ἐλευθερώσαντι
781 5081 927 5149 ἡμᾶς
952 5079 1037 5131 διὰ
1064 5080 1157 5133 τοῦ
1193 5081 1355 5134 τόκου
1390 5100 1506 5136 σου.

299 5260 487 5339 ,Σῶσὸν
515 5278 603 5331 με,
643 5260 813 5314 σῶσόν
848 5279 936 5331 με,
987 5264 1020 5331 ἡ
1066 5262 1169 5315 τὸν
1196 5264 1419 5333 Σωτῆρα
1454 5267 1686 5332 τέξασα·
1728 5270 1805 5323 ίδε

232 5357 333 5427 τὴν
368 5356 543 5425 θλίψιν
574 5372 695 5424 μου,
732 5356 890 5423 ἁγνὴ.
918 5356 1043 5425 ἢνή
1085 5356 1291 5426 πληθὺς
1330 5358 1439 5411 τῶν
1479 5361 1806 5431 ἀμετρήτων

240 5468 346 5520 μου
375 5448 559 5501 κακῶν
594 5451 811 5517 ἐμποιεῖ
848 5449 969 5501 καθ’
992 5448 1098 5519 ήμέ
1112 5466 1207 5519 ραν
1237 5453 1301 5520 τῇ
1322 5450 1479 5522 ἀθλία
1509 5469 1610 5521 μου
1636 5453 1803 5523 ψυχῇ,

232 5538 295 5607 ἐξ
317 5540 700 5605 ἀπογνώσεως.

307 5632 516 5703 Κριτὴν
546 5632 605 5685 ὃν
636 5631 957 5703 ἐγέννησας,
1010 5632 1252 5703 Παρθένι
1307 5635 1517 5701 Μαρία,
1566 5636 1803 5701 δυσώπει

232 5726 295 5777 ἰν
324 5724 441 5795 ὥρᾳ
479 5726 578 5795 τῆς
610 5724 841 5795 κρίσεως
886 5743 972 5795 με,
1003 5725 1162 5796 ἁγνὴ,
1193 5728 1461 5798 οἰκτεῖραι
1496 5728 1587 5781 κα)⁸
1634 5730 1802 5782 σῶσαι

1916 934 2207 1004 lacrymas,
2251 946 2285 987 o
2313 931 2626 1003 purissima,
2660 928 2822 1001 310
2857 928 3057 999 quibus
3090 926 3495 981 maculasmeas

1914 1025 2226 1082 emundcm.

1985 1117 2256 1189 ilymnum
2288 1114 2457 1171 oﬂero
2511 1114 2632 1179 tibi,
2658 1128 2692 1169 ο
2717 1111 2880 1183 Virgo
2918 1130 2933 1168 :
2971 1126 3038 1168 ne
3083 1109 3358 1181 despicias
3406 1122 3503 1164 me

1916 1209 2073 1265 malis
2110 1209 2398 1264 obsessum
2440 1225 2454 1263 :
2488 1206 2580 1262 sed
2609 1204 2850 1262 concede
2889 1204 3046 1268 mihi,
3088 1222 3121 1257 υ
3160 1214 3336 1265 casta,
3372 1216 3494 1271 per-

1917 1300 2115 1355 fectam
2141 1299 2539 1355 correctionem
2576 1312 2673 1369 per
2716 1296 3012 1368 jejunium,
3046 1309 3111 1350 ac
3164 1294 3282 1349 vitae
3312 1291 3499 1357 omnis

1915 1393 2084 1463 probe
2106 1402 2341 1463 peracta:
2374 1391 2663 1447 rationem.
3318 1449 3321 1452 ,
3502 1454 3505 1457 _

1984 1482 2237 1539 Prsevidit
2274 1493 2326 1539 te
2363 1482 2638 1549 Ezechiel,
2683 1497 2717 1538 ο
2753 1488 2924 1545 casta,
2956 1488 3167 1551 portam
3210 1492 3307 1548 per
3328 1490 3492 1548 quam

1916 1574 2053 1629 nulli
2084 1574 2303 1643 patebat
2331 1575 2446 1637 via;
2488 1591 2609 1645 quae
2666 1574 2923 1630 omnibus
2963 1570 3268 1640 desperatis
3314 1567 3500 1639 aperis

1915 1674 2102 1737 portas
2141 1666 2503 1735 paenitentiae:
2553 1666 2696 1720 unde
2756 1665 2853 1721 tibi
2912 1663 3197 1735 supplico;
3248 1669 3308 1715 ut
3361 1659 3491 1713 mihi

1840 1778 1890 1841 Β
1918 1759 2031 1813 vias
2058 1758 2292 1828 aperias,
2326 1771 2449 1827 quae
2490 1756 2559 1811 ad
2588 1757 2864 1814 caelestem
2896 1756 3139 1827 requiem
3172 1768 3258 1809 me
3295 1750 3494 1822 perdu-

1917 1860 2064 1906 cant.

1992 1940 2202 2005 Esto,o
2251 1924 2479 1993 Domina
2526 1938 2896 2004 immaculata,
2947 1938 3129 1993 divina
3180 1936 3495 2006 coadjutrix

1918 2032 2200 2087 inutilibus
2226 2032 2398 2088 servis
2434 2032 2539 2087 tuis
2589 2039 2829 2105 tempore
2874 2030 3237 2101 abstinentiae,
3280 2042 3477 2098 preces

1916 2134 2137 2181 nostras
2169 2123 2405 2180 oﬂ'erens
2436 2124 2664 2179 Domino
2687 2122 2799 2193 regi
2829 2121 3176 2177 surculorum.

2024 2346 2106 2401 Ea:
2137 2345 2404 2401 eanouein
2430 2344 2565 2414 feria
2588 2359 2625 2400 ιι
2649 2343 2801 2398 hebd.
2830 2359 2909 2407 ιιι,
2943 2340 3013 2395 ad
3039 2340 3386 2395 Matutiuum.

1988 2546 2169 2611 Salve,
2194 2559 2227 2600 ο
2255 2544 2516 2614 templum
2546 2522 2993 2603 sanctissimum,
3034 2554 3069 2593 ο
3099 2538 3273 2593 vellus
3307 2536 3497 2590 divino

1915 2652 2039 2692 rore
2069 2636 2331 2707 infusum,
2370 2651 2403 2691 ο
2436 2634 2561 2690 fons
2608 2634 2820 2702 signate
2854 2630 3071 2686 liuentis
3114 2627 3437 2683 immortalis
3471 2645 3486 2682 :

1914 2741 2133 2800 gregem
2167 2737 2319 2783 tuum
2341 2725 2576 2791 custodi,
2603 2724 2857 2789 Domina,
2897 2724 2965 2778 ab
2999 2722 3236 2779 hostium
3270 2720 3489 2775 univcr-

1918 2834 2105 2873 sorum
2129 2818 2536 2889 oppugnatione
2563 2818 2886 2872 immunem.
3196 2814 3199 2819 ’

1989 2906 2070 2963 Τυ
2098 2923 2221 2979 quae
2254 2924 2531 2963 racemum
2554 2908 2760 2977 absque
2787 2906 2954 2961 ullius
2985 2904 3198 2961 cultura
3231 2902 3491 2973 concepi.

1916 3001 2126 3079 sti,me
2148 2998 2354 3071 peccati
2404 2999 2669 3055 ebrietate
2719 2997 3133 3053 obtenebratum
3173 2996 3238 3050 ad
3274 2995 3485 3051 sobrio~

1836 3120 1882 3185 ο
1919 3100 2081 3146 tatem
2110 3092 2356 3155 restitue,
2411 3104 2443 3145 ο
2494 3087 2658 3158 Virgo
2689 3087 2959 3157 Deipara,
3003 3095 3129 3154 spes
3182 3082 3498 3139 animaruut

1917 3194 2248 3239 nostrarum.

1986 3273 2065 3329 Tu
2092 3290 2173 3342 es,
2201 3288 2233 3330 ο
2261 3272 2513 3344 Deipara,
2546 3287 2695 3327 arma
2728 3276 2937 3335 nostra,
2968 3279 3023 3326 et
3046 3283 3237 3324 murus
3272 3284 3288 3324 :
3320 3272 3377 3322 tu
3404 3282 3488 3321 ro-

1915 3366 2124 3435 fugium
2164 3363 2229 3418 ad
2270 3373 2321 3419 te
2352 3362 2805 3436 confugientium.
2840 3358 2995 3417 Nunc
3054 3360 3241 3431 itaque
3268 3368 3323 3416 te
3357 3373 3483 3413 ora.

1915 3457 2104 3510 tricem
2135 3464 2374 3510 nostram
2406 3453 2809 3520 constituimus,
2838 3460 2897 3508 ut
2920 3452 2987 3507 ab
3006 3450 3254 3507 hostibus
3282 3447 3497 3505 nostris

1914 3529 2231 3604 liberemur.

1985 3655 2027 3705 0
2068 3653 2246 3707 divina
2300 3650 2473 3722 gratia
2519 3648 2859 3721 plenissima,
2890 3658 3061 3713 casta,
3095 3657 3149 3704 et
3181 3646 3491 3714 benedicta,

1915 3760 2021 3798 una
2050 3759 2174 3798 cum
2202 3743 2455 3811 supernis
2488 3741 2783 3795 virtutibus
2809 3747 2863 3797 et
2898 3739 3266 3808 archangelis.
3304 3738 3483 3793 omni-

1913 3835 2126 3904 busque
2157 3832 2489 3902 incorporeis
2512 3831 2807 3900 deprecare
2836 3830 3177 3886 incessanter
3199 3843 3295 3898 pro
3326 3828 3486 3884 nobis

1912 3927 2167 3983 omnibus
2196 3926 2348 3981 illum
2380 3925 2473 3995 qui
2512 3940 2577 3979 ex
2614 3933 2666 3979 te
2695 3933 2856 3979 natus
2885 3934 2969 3980 est
3013 3936 3107 3993 per
3139 3914 3352 3977 viscera
3386 3920 3487 3975 mi-

1912 4019 2259 4085 sericordiae;
2285 4027 2343 4073 ut
2367 4016 2630 4073 concedat
2666 4016 2845 4080 nobis,
2890 4026 3185 4085 antequam
3229 4011 3352 4069 ﬁnis
3385 4012 3501 4068 ado'

1911 4109 2117 4173 veniat,
2148 4108 2562 4178 indulgentiam,
2586 4115 2639 4163 et
2661 4106 3096 4178 prOpitiationem
3115 4112 3484 4175 peccatorum,

1912 4201 2141 4271 vitaeque
2185 4201 2606 4267 correctionem,
2658 4208 2717 4255 ut
2756 4198 3187 4256 misericordiam
3240 4195 3502 4271 invenire

1910 4296 2209 4365 possimus.

2014 4407 2171 4479 311
2205 4406 2285 4461 Ex
2305 4420 2502 4461 canone
2552 4406 2605 4459 in
2646 4404 2778 4474 feria
2813 4420 2872 4460 ill
2912 4402 3250 4461 hebdomadis
3285 4411 3367 4458 tu.

1980 4533 2025 4591 Ο
2073 4534 2238 4601 Virgo
2297 4532 2666 4599 sanctissima,
2721 4530 2957 4588 extende
3014 4528 3230 4585 divinas
3286 4544 3493 4585 manus

1908 4635 2056 4692 tuas,
2122 4626 2321 4695 quibus
2379 4624 2603 4694 portasti
2660 4620 3001 4686 Creatorem,
3052 4630 3272 4690 propter
3325 4634 3485 4676 suam

1910 4718 2299 4789 benignitatem
2325 4717 2709 4781 incarnatum;
2740 4727 2977 4782 eumque
3016 4727 3239 4782 precare
3266 4712 3478 4781 suppli-

1890 4788 2067 4873 't‘iter,
2108 4816 2166 4861 ut
2187 4822 2221 4863 α
2252 4804 2667 4869 tentationibus,
2699 4802 3198 4873 perturbationibus
3250 4812 3304 4857 et
3333 4802 3477 4871 peri-

1908 4902 2048 4958 culis
2083 4901 2276 4971 eripiat
2317 4913 2443 4963 nos,
2473 4897 2565 4967 qui
2608 4905 2660 4952 te
2706 4912 2829 4951 cum
2874 4893 3067 4948 all‘ectu
3116 4893 3478 4957 celebramus,

1906 5004 1960 5048 et
1991 4994 2059 5048 ad
2087 5002 2138 5048 te
2184 4992 2518 5046 clamamus:
2554 4987 2731 5044 Gloria
2768 4987 2815 5041 ei
2846 4986 2938 5056 qui
2987 4986 3039 5038 in
3075 4994 3123 5038 te
3168 4983 3473 5038 habitavit:

1908 5085 2079 5155 gloria
2114 5084 2161 5138 ei
2193 5083 2284 5152 qui
2314 5097 2380 5136 ex
2415 5090 2466 5136 te
2500 5078 2794 5149 processit:
2836 5076 3008 5146 gloria
3054 5075 3102 5129 ei
3135 5074 3225 5142 qui
3256 5087 3353 5127 nos
3379 5086 3475 5142 per

1909 5185 2120 5249 partum
2159 5178 2309 5228 tuum
2346 5174 2397 5227 in
2436 5172 2731 5227 libertatem
2765 5168 3084 5222 vindicavit.
3203 5168 3208 5173 ’

1982 5270 2139 5323 Salva
2168 5285 2271 5332 me,
2298 5265 2446 5321 salva
2472 5278 2579 5331 me,
2603 5270 2657 5317 tu
2677 5276 2795 5332 qua:
2824 5262 3157 5316 Salvatorem
3184 5253 3471 5323 peperisti:

1907 5364 2027 5417 vide
2060 5360 2464 5416 tribulationem
2506 5370 2702 5420 meam,
2740 5362 2957 5412 ocasta.
2991 5362 3150 5415 quam
3183 5347 3483 5402 multitudo.

1907 5458 2297 5510 immensarum
2383 5449 2646 5504 malorum
2709 5458 2951 5501 meorum
3009 5438 3171 5495 infert
3228 5439 3477 5506 quotidie

1909 5550 2119 5602 miserm
2154 5546 2348 5599 anima:
2378 5556 2528 5605 meae,
2551 5555 2617 5594 ex
2648 5530 3040 5605 desperatione.

1976 5634 2020 5689 Ο
2051 5644 2195 5689 casta
2227 5629 2609 5700 VirgoMaria,
2659 5628 2948 5697 deprecare
2996 5618 3265 5682 Judicem,
3308 5632 3476 5687 quem

1908 5726 2302 5797 generasti,.ut
2346 5721 2399 5774 iu
2455 5714 2805 5789 herajudicii
2859 5712 3185 5768 misereatur
3240 5708 3367 5775 mei,
3419 5719 3472 5763 ct
3556 5696 3559 5699 ’
