3948 6304
167 345 314 413 1373

1606 351 1844 412 MARIA
1857 355 1967 413 LE.

3264 358 3396 422 1374

163 473 265 510 σον
317 459 452 530 πρὸς
503 457 816 530 πλατυσμὸν
863 459 956 528 τῆς
1006 456 1149 528 ζωῆς
1202 456 1470 526 βαδίζειν,
1533 458 1728 528 Μῆτερ

1843 470 1972 513 stam
2001 462 2138 514 viam
2172 460 2398 515 feliciter
2442 464 2614 517 deduc
2666 478 2773 528 me,
2827 473 2886 518 ut
2939 463 3004 518 ad
3058 463 3397 520 latitudinem

160 551 330 604 Θεοῦ.

238 643 355 696 Νῦν
392 645 465 708 ὡς
512 643 694 716 ἀρνίον
739 646 945 699 ἄκακον
987 645 1205 716 καθορῶ
1251 662 1311 698 σε
1357 645 1727 714 κρεμάμενον,

165 736 264 786 καὶ
296 735 399 788 ὑπὸ
441 736 657 806 ἀνόμων
699 735 778 804 τῷ
809 737 1028 807 σταυρῷ
1079 737 1456 806 πηγνύμενον,
1490 737 1583 789 Υίέ
1627 753 1729 805 μου

164 826 505 897 προάναρχε,
568 829 680 888 τοῖς
743 827 995 896 ὀδυρμοῖς
1049 827 1424 896 συγκόπτομαι
1475 827 1567 879 καὶ
1614 829 1730 888 ταῖς

169 918 468 985 μητρικαίς
506 913 933 986 περιστατοῦμαι
957 915 1190 978 ὀδύναις,
1218 918 1249 986 ἡ
1282 913 1550 984 πάναγνος
1578 915 1727 977 ὲύὸα,

162 1007 234 1075 ἣν
254 1009 450 1074 φωναῖς
469 1006 746 1078 ἁσιγήτοις
769 1007 797 1059 ύ
805 1008 936 1077 μνοῦ
945 1025 1042 1078 μεν
1060 1007 1394 1076 καταχρέως,
1419 1008 1495 1069 είς
1523 1006 1730 1069 πάντας

162 1114 298 1174 τοὺς
352 1113 574 1180 αἰῶνας,

236 1199 446 1269 Φθορᾶς
480 1217 539 1252 σε
584 1201 705 1271 δίχα
750 1201 946 1254 τέτοκα
991 1202 1053 1254 ὲκ
1086 1199 1342 1271 γαστρδς,
1389 1199 1494 1271 πρὸ
1522 1199 1763 1254 αἰώνων

168 1286 362 1354 Πατὴρ
412 1287 469 1338 ὃν
540 1289 818 1359 ἐγέννησε,
869 1290 963 1343 καὶ
1015 1290 1132 1353 πῶς
1192 1289 1413 1360 φθορεῖς
1452 1291 1729 1360 ἄνθρωποι

164 1377 540 1444 σπαράττουσί
569 1395 648 1439 σε.
700 1377 814 1443 Υἱὲ,
872 1379 967 1431 καὶ⁸
1026 1379 1120 1449 τὴν
1159 1380 1398 1449 πλευρὰν
1444 1380 1729 1448 ὀρύττουσι

163 1467 353 1537 λόγχῃ.
381 1469 473 1521 καὶ
500 1470 597 1530 τὰς
618 1471 804 1539 χεῖρας
831 1472 926 1523 σὺν
947 1473 1057 1532 τοῖς
1089 1470 1246 1522 ποσὶν
1274 1470 1492 1539 ήλοῦσιν
1529 1471 1730 1524 ἀπανθσ

165 1557 397 1627 ρώπως;
429 1561 461 1629 ἡ
496 1561 764 1628 πάναγνος
784 1561 931 1628 ἐϐόα,
965 1563 1028 1626 ἢν
1062 1561 1297 1626 ἐπαξίως
1323 1561 1728 1633 μεγαλύνωμεν.

174 1726 280 1780 Ἔχ
312 1726 415 1780 τοῦ
445 1728 712 1792 Κανόνας
741 1728 847 1781 τοῦ
872 1728 1173 1782 Σαϐϐἀτου
1206 1727 1313 1793 τῆς
1334 1726 1528 1796 μέσης
1554 1726 1721 1779 ἐϐδοο

542 1797 752 1864 μάὸος,
794 1802 878 1862 εἰς
906 1799 1010 1850 τὸν
1042 1800 1316 1864 Ὀρθρον.

247 1882 306 1935 Ὀ
330 1883 463 1936 Θεοῦ
493 1884 621 1946 Θεὸς
656 1886 824 1950 Λόγος
855 1885 1032 1955 ζητῶν
1066 1884 1266 1937 θεῶσαι
1294 1883 1384 1935 τὸν
1417 1884 1754 1953 ἇνΘρωπονκ

156 1973 325 2043 ἁγνὴ,
357 1975 418 2025 ὲκ
449 1973 542 2026 σοῦ
577 1975 869 2043 σαρκοῦται
904 1977 992 2028 καὶ
1015 1975 1197 2044 βροτὸς
1233 1975 1443 2045 δρᾶται,
1470 1975 1528 2026 δν
1553 1976 1728 2026 ἀπαύ-

159 2079 303 2125 στως
334 2054 786 2134 δυσώπει,εὑ’ρεῖν
809 2068 956 2136 ἡμᾶς
988 2066 1135 2129 ἕλεος
1177 2067 1235 2119 ἐν
1267 2066 1439 2136 καιρῷ
1465 2065 1562 2135 τῆς
1590 2067 1727 2119 άπο-

153 2155 368 2224 λογίας.

229 2339 298 2390 Σὲ
348 2340 445 2410 τὴν
496 2341 661 2409 μόνην
709 2339 919 2410 ἀγαθὴν
953 2340 1394 2408 ἐκδυσωποῦμεν,
1455 2341 1720 2409 Παρθένε,

157 2433 578 2502 κεκακωμένους
627 2434 769 2502 ἡμᾶς
826 2433 1136 2501 άγὰουνον,
1185 2433 1276 2485 καὶ
1349 2434 1579 2495 ἐκτενῶς
1634 2433 1724 2484 τὸν

158 2523 396 2591 Χριστὸν
423 2521 658 2575 δυσώπει
686 2525 842 2591 φύσει
874 2524 1002 2576 ὅντα
1033 2524 1254 2591 ἀγαθὸν,
1290 2524 1614 2594 ἐγκρατείας
1634 2524 1724 2576 τὸν

157 2613 354 2682 καιρὸν
402 2613 470 2664 τὰ
503 2615 681 2680 ἀγαθὰ
734 2617 1069 2684 πράττοντας
1138 2613 1530 2684 ἀποπληρῶσαι
1580 2616 1724 2684 ἡμᾶς

155 2702 593 2772 ύμνολογοῦντας
624 2704 806 2757 αὐτόν.

230 2813 335 2864 Τὸν
369 2813 595 2883 σταυρὸν
638 2813 874 2882 Χριστοῦ
901 2813 991 2866 τὸν
1029 2814 1228 2883 τίμιον,
1287 2815 1515 2867 Θεοτόκε
1564 2815 1725 2884 ἁγνὴ,

159 2902 484 2974 βλέψαντας,
521 2907 612 2958 καὶ
648 2907 712 2958 ἐκ
764 2905 989 2975 καρδίας
1029 2908 1510 2977 προσκυνήσαντας
1557 2908 1725 2976 ἡμᾶς.

159 2999 284 3058 ταῖς
319 2998 435 3060 σαῖς
496 2997 628 3066 πρὸς
678 2997 766 3049 τὸν
811 2998 1088 3066 Δεσπότην
1135 2995 1362 3060 ἀξίωσον
1409 2997 1728 3067 πρεσϐείαις

160 3088 296 3141 ίδείν
326 3090 416 3142 καὶ
442 3089 509 3142 τὰ
539 3088 685 3159 πάθη
711 3089 778 3142 τὰ
806 3087 978 3140 σεπτὰ
1007 3086 1194 3150 αὑτοῦ,
1223 3086 1411 3139 παθῶν
1444 3085 1722 3155 κεκαθαρ-
1753 3111 1795 3168 C

162 3184 381 3252 μένους.

232 3290 443 3360 Σαρκός
489 3305 589 3358 μου
643 3289 740 3348 τὰς
784 3290 1025 3357 κινήσεις
1077 3288 1496 3356 ἀπονέκρωσον,
1526 3287 1558 3355 ἡ
1589 3286 1722 3337 Θεὸν

159 3382 328 3450 σαρκὶ
412 3379 754 3433 ἀποτεκοῦσα
829 3381 968 3449 ὑπὲρ
1039 3382 1203 3441 νοῦν,
1269 3379 1364 3431 καὶ
1439 3377 1722 3446 παράσχου

158 3475 443 3542 φωτισμὸν
482 3475 546 3544 τῇ
590 3471 797 3541 διανοίᾳ
830 3489 954 3542 μου,
1004 3470 1163 3539 ἁγνὴ,
1211 3469 1408 3539 νεφέλη
1454 3465 1585 3522 οὖσα
1614 3485 1727 3537 φω-

159 3565 274 3624 τός.

175 3692 272 3744 Ἐκ
300 3689 405 3743 τοῦ
432 3689 696 3755 Κανόνος
723 3689 831 3755 τῆς
863 3689 1141 3755 δευτέρας
1169 3686 1277 3754 τῆς
1305 3684 1635 3754 ἑϐδομάδος
1657 3683 1723 3749 ε’,

251 3789 260 3794 -
677 3761 760 3824 είς
791 3758 895 3811 τὸν
930 3760 1198 3825 Ὄρθρον.

230 3886 345 3956 Τὴν
373 3886 682 3956 ὡραιότητα
711 3884 811 3953 τῆς
858 3882 1154 3952 παρθενίας
1191 3899 1307 3941 σου,
1340 3882 1432 3934 καὶ
1465 3880 1524 3932 τὸ
1560 3879 1724 3947 ὑπέρα-

155 3980 415 4046 λαμπρον
448 3977 508 4028 τδ
527 3977 626 4044 τῆς
656 3975 873 4042 ἁγνείας
899 3991 991 4026 σου
1022 3973 1050 4023 ὁ
1079 3973 1323 4043 Γαϐριὴλ
1354 3971 1725 4038 καταπλαγεὶς

157 4068 295 4120 ἐϐόα
327 4085 427 4129 σοι,
463 4067 686 4119 Θεοτὸκε
709 4084 724 4099 ο
759 4066 912 4119 Ποῖόν
957 4083 1038 4118 σοι
1078 4064 1355 4135 ἐγκώμιον
1395 4061 1727 4133 προσαγάγω

154 4157 416 4224 έπάξιον;
447 4159 499 4210 τί
531 4158 586 4210 δὲ
631 4158 880 4227 ὀνομάσω
921 4175 1002 4220 σε,
1035 4155 1224 4226 ἀπορῶ
1276 4155 1370 4208 καὶ
1414 4154 1723 4221 ἐξίσταμαι.

159 4253 272 4314 Διδ,
317 4253 389 4315 ὡς
420 4252 782 4321 προσετάγην,
841 4250 946 4319 βοῶ
975 4266 1084 4303 σοι·
1126 4251 1322 4318 Χαῖρε,
1362 4250 1395 4318 ἡ
1427 4263 1728 4316 κεχαριτω-

164 4347 329 4416 μένη.

1833 553 1954 606 vitae
1985 552 2316 620 perveniam,
2347 568 2378 606 ο
2412 553 2502 607 Dei
2535 564 2728 608 mater.

1899 644 2035 697 Cum
2068 643 2278 698 videam
2309 653 2358 696 te
2389 659 2552 708 nunc,
2587 662 2620 700 ο
2648 644 2746 701 Fili
2780 646 2852 700 mi
2881 656 3099 712 mterne,
3136 656 3397 716 tanquam

1831 751 2028 804 agnum
2084 736 2429 788 innocentem
2469 752 2814 804 suspensum,
2849 749 2904 792 et
2940 753 3036 806 pro
3085 739 3290 808 iniquis
3341 738 3395 791 in

1829 844 1992 884 cruce
2025 829 2323 892 conlisum,
2355 829 2663 883 discrucior
2712 827 2975 900 querelis,
3024 839 3077 887 et
3113 830 3396 885 doloribus

1832 922 2093 976 maternis
2120 920 2429 975 circumdor
2464 937 2477 974 :
2523 921 2790 976 clamabat
2850 923 3181 986 castissima.
3220 936 3384 992 quam

1833 1011 2056 1067 vocibus
2099 1012 2340 1068 assiduis
2365 1011 2548 1066 debite
2571 1012 2856 1067 laudamus
2881 1014 2933 1070 in
2958 1015 3178 1068 saecula.

1903 1199 2034 1255 Sine
2060 1199 2408 1269 corruptione
2436 1214 2497 1254 ex
2530 1207 2681 1256 utero
2709 1208 2761 1252 te
2785 1200 2989 1268 peperi.
3014 1214 3047 1253 ο
3081 1201 3203 1266 Fili,
3226 1217 3388 1270 quem

1828 1289 1990 1344 Pater
2027 1301 2152 1344 ante
2187 1289 2380 1344 saacula
2407 1289 2727 1357 generavit:
2757 1299 2810 1342 et
2836 1289 3110 1357 quomodo
3144 1291 3392 1343 homines

1831 1381 2210 1451 corruptibiles
2259 1389 2311 1436 te
2358 1381 2694 1447 dilacerant;
2739 1391 2792 1434 et
2829 1381 3013 1435 lancea
3065 1382 3203 1435 latus
3241 1393 3391 1434 tuum

1829 1472 2159 1542 perfodiunt,
2196 1481 2251 1527 et
2273 1487 2469 1527 manus
2505 1487 2566 1526 ac
2597 1474 2760 1542 pedes
2811 1473 3185 1526 inhumaniter
3227 1472 3396 1526 clavis

1829 1565 2138 1635 conligunt?
2177 1562 2254 1618 Ita
2305 1563 2612 1618 castissima
2655 1564 2996 1619 exclamabat
3046 1581 3060 1618 :
3100 1579 3266 1632 quam
3295 1579 3392 1616 nos

1831 1670 1929 1723 pro
1951 1655 2143 1708 merito
2171 1655 2603 1721 magnitieemus.

1835 1744 1917 1794 Ea:
1942 1756 2136 1794 canone
2167 1741 2220 1792 in
2259 1738 2487 1793 Sobbato
2519 1740 2701 1794 medice
2733 1740 2907 1806 hebd.,
2947 1739 3013 1792 ad
3041 1738 3387 1792 Matutinttm.

1896 1882 2132 1938 Verbum
2160 1882 2249 1938 Dei
2273 1883 2516 1937 divinum
2552 1882 2738 1938 volens
2788 1884 3064 1938 hominem
3113 1885 3388 1946 deiﬁcare,

1827 1988 1889 2028 ex
1921 1983 1990 2037 te,
2020 1989 2052 2027 ο
2087 1983 2259 2036 casta,
2305 1973 2637 2027 incarnatnm
2685 1983 2788 2036 est,
2816 1985 2870 2027 et
2907 1976 3066 2028 homo
3099 1977 3342 2043 apparuit
3374 1993 3386 2026 :

1828 2066 1987 2134 quem
2025 2065 2144 2120 sine
2197 2066 2509 2118 cessatione
2549 2065 2867 2130 deprecare,
2929 2074 2986 2119 ut
3041 2066 3092 2118 in
3150 2075 3392 2134 tempore

1828 2157 2114 2212 reddendae
2170 2158 2422 2222 rationis,
2476 2156 2909 2212 misericordiam
2963 2159 3206 2211 invenire
3263 2173 3392 2226 pns-

1827 2249 2018 2303 simus.

1898 2338 1974 2392 Te
2003 2339 2174 2393 solam
2213 2340 2411 2393 bonam
2445 2339 2826 2409 deprecamur,
2856 2336 3038 2405 Virgo,
3067 2347 3121 2391 ut
3147 2352 3244 2390 nos
3275 2351 3390 2389 ma-

1827 2432 1942 2485 litia
1983 2429 2233 2495 inlectos,
2259 2431 2433 2485 bonos
2481 2432 2720 2495 elﬁcias;
2752 2439 2806 2486 et
2839 2430 3083 2499 impense
3112 2429 3388 2482 Christtnn

1825 2537 2038 2587 exores,
2059 2521 2149 2592 qui
2175 2531 2365 2576 natura
2399 2523 2573 2577 bonus
2603 2533 2715 2588 est;
2748 2532 3018 2591 quatenus
3048 2519 3390 2573 abstinentiae

1829 2623 2042 2681 tempus
2089 2613 2142 2666 in
2182 2613 2340 2668 bonis
2372 2614 2631 2684 cperibus
2657 2614 2879 2683 explere
2906 2612 3206 2681 possimus,
3230 2624 3388 2662 ennio

1830 2702 1948 2754 dem
1973 2701 2247 2755 Christum
2284 2704 2680 2759 ciillaudantes.

1902 2808 2037 2861 Dum
2064 2810 2357 2878 pretiosam
2401 2811 2601 2867 Christi
2654 2828 2868 2868 crucem
2924 2813 3218 2876 intuemur,
3245 2820 3296 2864 et
3325 2825 3390 2864 e1

1805 2898 1992 2952 ocorde
2021 2899 2340 2964 adoramus;
2380 2903 2631 2970 precibus
2675 2904 2780 2958 tuis
2829 2909 2969 2972 apud
2995 2902 3282 2955 Dominum
3310 2901 3391 2954 di-

1831 2989 1965 3058 gnos
1989 3004 2087 3042 nos
2119 2989 2286 3052 cnice,
2350 3004 2383 3044 ο
2428 3001 2576 3046 casta
2633 2994 2882 3063 Deipara,
2940 3003 2997 3047 ut
3050 2991 3392 3046 venerandas

1831 3081 2280 3149 illiuspassiones
2309 3099 2336 3135 a
2361 3085 2709 3152 passionibus
2740 3085 2942 3139 nostris
2972 3084 3264 3153 puriﬁcati,
3307 3082 3389 3134 in-

1830 3171 2071 3239 telligere
2102 3174 2402 3240 possimus.

1895 3279 2135 3348 Tu,quze
2162 3278 2328 3334 Deum
2369 3281 2420 3333 in
2455 3294 2642 3346 carne,
2676 3281 2999 3350 intelligibili
3036 3281 3247 3334 ratione
3292 3293 3386 3347 pe—

1826 3369 2036 3439 peristi,
2086 3373 2266 3426 carnis
2325 3387 2458 3426 mea:
2516 3367 2909 3427 commotiones
2983 3369 3281 3435 mortiﬁca;
3336 3377 3391 3421 et

1827 3461 2065 3515 concede
2087 3461 2246 3530 317
2277 3463 2443 3516 menti
2474 3478 2607 3517 meae
2651 3463 3096 3522 illustrationem.
3126 3475 3250 3515 cum
3287 3459 3386 3523 sis,

1829 3563 1861 3603 0
1902 3559 2076 3615 casta,
2121 3554 2292 3606 nubes
2332 3553 2492 3606 lucis.

1836 3672 1923 3725 Ea:
1949 3690 2146 3729 canone
2187 3677 2238 3727 in
2263 3676 2397 3743 feria
2425 3692 2460 3730 ιι
2490 3675 2782 3730 Dominicw
2827 3694 2879 3743 ν,
2920 3677 2988 3728 ad
3043 3676 3386 3730 Matutinum.

1897 3874 2235 3942 Virginitatis
2267 3883 2370 3928 tua:
2393 3874 2824 3943 pulchritudine,
2865 3885 2917 3927 et
2944 3875 3207 3927 immenso
3229 3877 3390 3928 casti-

1828 3965 1952 4018 tatis
1972 3974 2073 4017 tua:
2091 3963 2381 4031 splendore
2408 3963 2818 4033 obstupefactus
2862 3963 3103 4028 Gabriel,
3123 3965 3392 4017 clamabat

1828 4055 1892 4108 ad
1915 4063 1964 4108 te
1983 4053 2072 4108 Dei
2103 4070 2231 4123 para
2259 4071 2272 4110 :
2298 4054 2416 4119 Quo
2434 4065 2485 4109 te
2507 4056 2756 4110 encomio
2782 4057 2943 4124 digne
2959 4057 3241 4110 celebrare
3266 4072 3387 4125 pos-

1827 4145 1927 4201 sim
1966 4164 1980 4200 :
2011 4154 2064 4199 et
2091 4160 2200 4215 quo
2232 4155 2280 4200 te
2309 4146 2531 4200 nomine
2582 4147 2845 4216 appellem
2903 4161 3126 4215 prorsus
3174 4148 3389 4215 ignoro,

1828 4243 1881 4288 et
1911 4243 2087 4288 mente
2120 4236 2322 4289 excedo
2355 4252 2368 4288 :
2404 4246 2708 4304 propterea,
2732 4236 2885 4304 juxta
2922 4236 2972 4289 id
3013 4235 3156 4304 quod
3215 4236 3382 4304 impe-

1830 4336 2006 4381 ratum
2040 4337 2123 4382 est
2152 4328 2303 4391 mihi,
2335 4329 2582 4382 exclamo
2616 4328 2682 4381 ad
2717 4338 2766 4381 te
2800 4347 2812 4382 :
2844 4329 2978 4390 Ave,
3003 4329 3176 4397 gratia
3202 4329 3386 4396 plena.

142 4456 146 4459 -
233 4430 557 4499 Πολυώνυμε
587 4429 759 4499 Κόρη,
811 4429 1044 4499 χαίροις.
1098 4427 1227 4494 ἁγία
1278 4427 1538 4497 Παρθένε,
1591 4427 1723 4479 Θεο-

1906 4418 2089 4485 Salve,
2121 4419 2306 4474 multis
2327 4421 2639 4475 nominibus
2655 4421 2934 4492 celebrata
2957 4419 3176 4486 Puella;
3202 4431 3394 4476 sancta

159 4524 372 4592 κυῆτορ
428 4522 648 4592 Μαρία,
699 4521 807 4574 τῶν
864 4519 1069 4572 πιστῶν
1140 4517 1432 4587 καύχημα,
1483 4517 1726 4585 κατάρας

159 4616 454 4684 λύτρωσις,
503 4613 704 4683 κλίμαξ
737 4612 1045 4682 ὲπουράνιε,
1093 4610 1461 4680 ἀκατανὸητον
1513 4607 1720 4683 οαῦμα,

159 4707 298 4780 βάτε
328 4705 722 4772 ἀκατάφλεκτε,
754 4702 826 4771 γῆ
851 4701 1194 4772 άγεώργητε.

248 4889 314 4940 Ἦ
346 4887 482 4956 μετὰ
520 4886 676 4938 τόκον
712 4883 947 4951 άφθορος
981 4880 1231 4949 μείνασα,
1271 4875 1596 4945 πανάμωμε,
1632 4876 1725 4928 λύ-

161 4994 398 5050 τρωσαι,
424 4970 676 5046 δεόμεθα,
704 4973 860 5044 ἁγνὴ,
894 4970 1241 5048 καταφθορᾶς
1267 4969 1390 5029 τοὺς
1410 4967 1630 5026 δούλους
1664 4983 1722 5017 σε

161 5067 374 5130 πιστῶς
400 5066 526 5128 τοὺς
554 5065 922 5134 μελῳδοῦντας
951 5063 1008 5113 ὲν
1033 5060 1253 5129 ὁμονοίᾳ
1300 5057 1477 5128 ψυχῆς
1503 5073 1516 5087 ⁸
1559 5055 1724 5109 Εὐλο-

159 5163 341 5233 γεῖτε,
367 5159 433 5210 τὰ
465 5158 623 5227 ἔργα.

233 5269 388 5324 Μετὰ
440 5267 748 5336 μαρτύρων,
806 5265 941 5334 μετὰ
980 5260 1274 5332 προφητῶν
1315 5257 1410 5327 τὴν
1461 5254 1724 5309 τεκοῦσάν

161 5381 248 5428 σε,
289 5362 423 5430 μετὰ
446 5359 602 5412 ὁσίων
634 5359 869 5421 πάντων,
903 5351 1127 5424 Χριστὲ,
1159 5349 1513 5406 δυσωποῦσαν
1550 5347 1724 5416 πρόσ-

160 5455 316 5522 δεξαι
345 5451 454 5512 ἀεὶ,
503 5449 638 5519 ὑπὲρ
667 5448 868 5500 δούλων
914 5447 1020 5498 τῶν
1070 5443 1515 5514 παροργισάντων
1547 5457 1603 5492 σε
1635 5439 1726 5490 τὸν

168 5544 333 5616 μόνον
363 5542 742 5611 φιλάνθρωπον
782 5536 1075 5607 Δεσπότην,
1110 5537 1166 5589 ὃν
1201 5535 1516 5605 ἐπουράνιαι
1550 5529 1727 5596 τάξεις

165 5635 448 5706 τρέμουσι.

1829 4508 1921 4561 Dei
1955 4509 2198 4564 Genitrix
2243 4508 2435 4575 Maria,
2489 4510 2726 4565 ﬁdelium
2758 4511 2952 4580 gloria,
2998 4511 3400 4566 maledictionis

1827 4599 2149 4668 redemptio,
2189 4601 2334 4653 scala
2376 4602 2638 4663 caelestis,
2677 4602 3000 4655 miraculum
3054 4601 3199 4654 omni
3233 4602 3388 4660 intel-

1826 4686 1964 4740 lectu
1995 4688 2270 4755 superius,
2303 4689 2471 4744 rubus
2502 4690 2902 4756 incombustus,
2933 4701 3074 4744 terra
3111 4706 3390 4758 nunquam

1825 4786 2010 4829 aratro
2037 4779 2337 4852 proscissa.

1896 4867 1940 4922 Ο
1973 4869 2266 4937 purissima
2309 4882 2473 4940 atque
2497 4874 2828 4938 castissima,
2869 4888 2990 4940 qtne
3024 4883 3144 4941 post
3177 4882 3391 4940 partum

1828 4959 2150 5029 incorrupta.
2173 4963 2536 5031 permansisti,
2605 4963 2827 5028 redime,
2887 4975 2937 5018 te
2996 4979 3302 5033 precamur,
3364 4978 3394 5014 ιι

1828 5053 2180 5120 corruptione
2237 5069 2424 5106 servos
2487 5063 2628 5116 tuos,
2671 5054 2763 5122 qui
2816 5054 3043 5107 ﬁdeliter
3099 5054 3389 5107 concinnnt

1827 5143 2069 5196 unanimi
2093 5158 2358 5198 consensu
2382 5163 2393 5197 :
2427 5143 2752 5210 Benetlicite,
2775 5160 2961 5216 Opera,
2989 5158 3089 5198 etc.

1901 5251 2230 5309 Genitricem
2264 5262 2410 5307 tuam
2451 5270 2666 5323 semper
2698 5256 2931 5323 suscipe,
2987 5254 3221 5310 Christe,
3261 5266 3387 5304 cum

1831 5346 2184 5416 martyribus,
2232 5346 2528 5414 prOphetis,
2574 5355 2736 5417 atque
2782 5348 3032 5401 omnibus
3075 5345 3282 5397 sanctis
3343 5354 3390 5396 te

1830 5438 2210 5505 deprecantem
2246 5451 2341 5504 pro
2379 5438 2548 5492 servis
2604 5440 2732 5501 tuis,
2793 5438 2884 5505 qui
2921 5435 2985 5486 ad
3041 5433 3382 5487 iracundiam

1832 5536 2267 5597 provocaverunt
2301 5537 2351 5579 te
2377 5526 2662 5583 Dominum
2689 5525 3166 5598 placabilissimum
3211 5527 3385 5579 solum

1834 5629 2133 5671 amatorem
2186 5618 2486 5680 hominum,
2518 5629 2571 5673 et
2601 5624 3038 5686 ommpotentctn,
3088 5633 3242 5687 quem
3271 5633 3385 5676 ro:-

1834 5711 1993 5764 lcstcs
2030 5712 2298 5763 exercitus
2335 5715 2771 5767 contremiscunt.
