3948 6304
204 329 341 393 137⁷1
394 355 399 359 ·

721 510 807 571 εὶς
827 506 940 558 τὸν
972 507 1241 574 Ὄρθρον.
1331 568 1339 575 _

246 331 341 393 377
394 355 399 359 ·
1548 364 1551 369 ν
1593 325 1954 385 MARIALE.

217 440 319 492 Ἐκ
346 438 448 499 τοῦ
473 438 739 493 Κανόνορ
768 436 869 489 τοῦ
901 434 1198 489 Σαϐϐἀτου
1217 434 1324 503 τῆς
1345 433 1669 503 ἑϐδομάδος
1693 432 1762 497 ε’,
1795 442 1838 496 Λ

3296 324 3432 387 1378

1977 432 2059 486 Ex
2077 450 2273 487 canone
2291 434 2343 487 in
2360 433 2591 487 Sabbulo
2625 433 2775 488 hch.
2805 448 2856 499 ν,
2880 436 2947 487 ml
2980 432 3322 501 Maluijrmm.

277 621 356 675 Tu
384 637 504 689 quae
523 621 638 674 sola
672 634 732 673 es
756 619 902 672 omni
932 619 1089 673 laude
1113 619 1431 688 dignissima
1452 660 1465 680 ,
1498 619 1567 671 iis
1586 617 1690 691 qui
1721 627 1770 670 te
1827 616 2057 673 ﬁdeliter
2089 619 2325 685 laudant,
2359 633 2582 689 precare
2618 626 2676 671 ut
2730 617 3059 672 concedatur
3084 624 3430 687 peccatorum

204 716 478 775 remissio.
510 723 564 768 et
584 714 886 767 divinorum
918 711 1304 766 charismatum
1339 710 1671 772 distributio,
1706 720 1759 763 ct
1789 708 2021 765 Verbum
2065 713 2471 765 sanctissimum
2504 727 2689 769 exora.

292 808 355 860 Ἡ
384 806 478 859 τοῦ
517 804 679 874 νόμον
713 804 801 871 τὸν
826 804 1060 871 Δοτῆρα,
1109 804 1461 874 Ἀειπὰρθενε
1499 804 1770 871 κυήσασα,

1948 800 2106 873 Virgo
2156 811 2434 872 perpetua,
2493 818 2613 871 quae
2664 803 2795 872 legis
2855 803 3103 856 Datorem
3175 802 3429 870 genuisti,

204 900 420 953 ἱκέτευε
443 896 540 959 τὰς
562 896 791 964 ἀνομίας
817 896 1084 966 ὑπεξᾶραι
1103 897 1280 960 πάσας
1307 898 1362 947 ἐν
1384 895 1557 965 καιρῷ
1578 894 1655 965 τῷ
1680 894 1771 947 νῦν

1892 896 2117 949 :umdem
2143 911 2385 964 precare,
2433 907 2492 952 ut
2523 913 2551 949 e
2585 896 2764 949 medio
2809 895 2966 949 tollat
3003 909 3192 947 omnes
3225 893 3430 960 iniqui-

200 990 462 1043 ἐνεστῶτι
482 991 593 1050 τοῖς
624 987 808 1050 καλῶς
832 975 1283 1058 προαιρουμένοις
1325 986 1574 1050 ὲξασκεῖν
1609 984 1758 1047 θείας

201 1082 458 1152 νηστείας
494 1080 749 1149 σπουδήν.

290 1171 539 1233 ’ἱκεσίαις
594 1170 892 1239 οἰκτίρμων
923 1170 1020 1237 τῆς
1050 1166 1328 1237 κυησάσης
1354 1183 1433 1228 σε,
1464 1167 1560 1219 καὶ
1594 1166 1763 1234 ἁγίων

206 1262 523 1331 μαρτύρων,
573 1261 664 1312 καὶ
711 1261 1019 1313 ἀποστόλων
1054 1277 1169 1321 σου,
1208 1257 1439 1325 φὼτισον
1479 1257 1633 1326 ἡμῶν
1666 1257 1763 1320 τὰς

202 1352 385 1423 ψυχὰς
416 1350 507 1403 τοῦ
534 1350 777 1416 δοξάζειν
801 1367 859 1402 σε
895 1353 951 1403 ἐν
978 1350 1291 1417 ἀγαλλιάσει
1324 1348 1500 1418 ψυχῆς
1532 1351 1611 1412 εἰς
1642 1349 1766 1412 τοὺς

201 1444 429 1503 αίώνας.
1100 1482 1103 1483 ν
1286 1434 1303 1440 “
1491 1500 1496 1505 ,

277 1534 429 1603 Φωνῇ
448 1530 675 1599 ἀγγέλου
694 1530 886 1598 βουλῆς
912 1531 1002 1582 τὸν
1026 1530 1289 1597 Ἀγγελον
1314 1529 1412 1597 τῆς
1433 1530 1528 1581 τοῦ
1558 1529 1769 1600 Πατρδς

200 1624 461 1695 ἀρρήτως
512 1622 663 1686 Θεὸν,
716 1622 965 1685 Geo-coxa,
1013 1620 1282 1690 ἐκύησας·
1331 1624 1431 1684 τὰς
1468 1622 1648 1689 φωνὰς
1676 1618 1769 1674 οὖν

1870 993 2004 1037 tates
2032 999 2244 1048 eorum,
2271 986 2361 1054 qui
2390 986 2641 1054 prmseuti
2668 995 2912 1052 tempore
2931 984 2983 1035 in
3010 982 3193 1037 divino
3218 980 3433 1050 jejunio

1864 1089 1986 1129 sese
2013 1076 2255 1130 sollicite
2274 1091 2527 1130 exercere
2552 1076 2873 1137 deliberant.

1943 1159 2423 1230 Deprecationibus
2465 1162 2759 1217 Gcnitricis
2803 1171 2979 1227 “133,0
3011 1161 3346 1221 misericors,
3378 1167 3433 1212 et

1869 1264 2178 1307 sanctorum
2213 1264 2509 1324 martyrum
2549 1263 2604 1306 et
2639 1253 3008 1321 apostolorum
3036 1262 3276 1315 tuorum,
3310 1250 3433 1302 illn-

1873 1347 2018 1400 mina
2048 1347 2259 1399 animas
2299 1354 2539 1404 nostras,
2574 1355 2631 1397 ut
2667 1345 3032 1415 glorificelnus
3061 1353 3109 1397 te
3158 1345 3209 1395 in
3244 1342 3433 1397 exsul-

1874 1438 2077 1491 tatione
2115 1436 2278 1488 animi
2313 1419 2634 1503 perﬁa-rula
2668 1435 2938 1509 universa.
2974 1498 2979 1503 Δ

1940 1527 2020 1580 Ad
2045 1542 2230 1580 vocem
2262 1516 2730 1595 angeli'Angelum
2775 1524 2984 1579 consilii
3037 1521 3210 1578 Patris
3242 1519 3431 1575 iurﬂ'a-

1872 1615 2049 1670 bititer
2076 1615 2394 1682 concepisti,
2444 1629 2475 1668 o
2527 1613 2749 1681 Dcipara
2785 1630 2798 1667 :
2833 1627 2990 1665 voces
3042 1625 3171 1678 ergo
3216 1609 3433 1677 suscipe

200 1714 317 1768 τῶν
362 1713 561 1767 δούλων
609 1730 700 1765 σου
750 1713 1056 1781 πρόσδεξαι,
1106 1713 1172 1771 ἃς
1196 1715 1254 1765 ὲν
1286 1712 1364 1783 τῷ
1394 1713 1493 1782 τῆς
1524 1713 1771 1781 νηστείας

1892 1720 2149 1760 .ervorum
2186 1714 2424 1767 tuorum,
2463 1719 2598 1773 quas
2628 1702 2820 1771 jejuuii
2854 1712 3093 1770 tempore
3128 1700 3429 1765 offerimus,

204 1807 383 1876 χρόνῳ
438 1804 804 1874 προσάγομεν,
861 1806 955 1857 καὶ
1004 1802 1207 1867 ταύτας
1265 1804 1579 1882 προσάγαγε
1628 1803 1765 1873 Θεῷ,

202 1892 395 1964 ὥσπερ
427 1892 699 1961 θυμίαμα..

216 1999 315 2052 Ἐκ
354 1998 460 2053 τοῦ
494 2001 758 2062 Κανίνος
789 1997 900 2064 τῆς
922 1999 1119 2065 τρίτης
1147 1997 1265 2050 τῶν
1295 1998 1506 2063 Βαΐων,
1537 2000 1624 2064 εις
1664 1997 1770 2052 τὸν

849 2071 1122 2134 Ὄρθρον.
1183 2092 1189 2098 -

292 2194 459 2265 Ἀρχὴ
510 2193 781 2263 σωτηρίας
816 2195 965 2262 ἢτοῦ
998 2194 1234 2265 Γαϐριὴλ
1262 2195 1603 2265 προσηγορία
1635 2195 1771 2266 πρὸς

205 2281 307 2352 τὴν
356 2283 626 2352 Παρθένον
659 2283 880 2351 γέγονεν
913 2269 1157 2352 α’ἧκουσε
1189 2284 1294 2352 γὰρ
1325 2285 1408 2347 τὸ,
1440 2284 1631 2353 Χαῖρε,
1671 2287 1769 2338 οὑκ

206 2372 455 2439 ἀπέφυγε
483 2372 573 2423 τὸν
604 2374 911 2442 ἀσπασμὸν.
942 2374 1041 2426 οὐκ
1072 2374 1322 2427 ὲδίστασε
1346 2375 1421 2437 ὡς
1446 2377 1477 2445 ἡ
1508 2376 1688 2445 Σάρρα
1713 2377 1769 2429 ὲν

204 2463 275 2530 τῇ
309 2464 500 2531 σκηνῇ,
533 2461 647 2515 ἀλλ’
679 2462 847 2525 οὕτως
877 2463 1117 2530 ἔλεγενί
1141 2464 1270 2525 Ἰδοὺ
1302 2466 1516 2535 ήδούλη
1543 2467 1769 2535 Κυρίου,

209 2551 427 2621 γένοιτό
455 2569 544 2622 μοι
578 2553 718 2606 κατὰ
745 2554 805 2605 τὸ
838 2554 987 2623 ῥῆμά
1010 2571 1158 2608 σου.»

283 2644 475 2713 Χαῖρε,
532 2644 612 2695 σοὶ
667 2643 896 2713 βοῶμεν,
946 2648 1012 2714 τῇ
1064 2645 1312 2715 κυησάσῃ
1364 2645 1461 2717 τὴν
1513 2647 1701 2716 χαρὰν,
1734 2648 1770 2716 ἡ

208 2735 623 2805 κεχαριτωμένη
647 2734 870 2788 Θεοτόκε
894 2736 1155 2806 Παρθέὖε.
1187 2737 1316 2789 Θεὸν
1344 2737 1401 2789 δν
1432 2739 1616 2800 ἔτεκες
1644 2737 1771 2790 δυσ-

206 2825 350 2878 ώπει
401 2826 738 2893 λυτρωθῆναι
786 2825 1043 2879 κινδύνων
1083 2826 1179 2878 καὶ
1231 2827 1437 2896 φθορᾶς
1494 2828 1616 2890 τοὺς
1670 2830 1769 2880 άν-

211 2914 514 2984 υμνοῦντάς
543 2932 599 2965 σε
635 2914 741 2967 ἀεί.
1374 2930 1377 2931 ⁷

286 3005 531 3070 Παναγία
566 3006 801 3072 Παρθὲνι
826 3046 839 3066 ,
903 3006 966 3056 σὺ
1001 3022 1066 3073 με
1133 3004 1397 3057 διάσωσον
1420 3046 1435 3071 ,
1489 3006 1586 3074 τῆς
1610 3002 1771 3075 ’ἐμῆς

1804 1777 1845 1833 Β
1874 1812 2071 1868 easque
2102 1807 2157 1851 tu
2194 1796 2303 1850 Deo
2339 1796 2494 1860 otfer,
2528 1796 2701 1849 instar
2730 1795 3115 1865 thymiamatis.

1876 1997 1961 2051 Ea:
1992 2014 2190 2053 canone
2216 1998 2271 2073 ip
2301 1996 2515 2067 feriant
2545 1994 2812 2075 inﬂantis
2848 1995 3181 2060 Palmarum,
3216 2000 3282 2049 ad
3314 1995 3436 2050 Μα-

2248 2100 2253 2105 ι
2542 2074 2795 2118 (ulmum.

1951 2186 2285 2255 Principium
2337 2184 2534 2238 salutis
2585 2180 2688 2237 fuit
2751 2182 3007 2237 allocutio
3050 2181 3318 2236 Gabrielis
3370 2184 3435 2237 all

1878 2278 2150 2347 Virginem
2185 2293 2199 2330 :
2232 2276 2439 2329 audivit
2468 2276 2639 2339 enim,
2678 2278 2809 2331 Ave.
2836 2272 2952 2327 Non
2980 2272 3181 2338 refugit
3225 2274 3435 2327 saluta-

1878 2371 2113 2433 tionem;
2154 2382 2261 2421 non
2283 2368 2546 2421 dubitavit
2571 2376 2629 2419 ut
2658 2367 2819 2421 Sarra
2852 2368 2902 2420 in
2936 2366 3432 2434 tabernaculo;sed

1878 2460 1950 2513 ita
1980 2459 2113 2511 dixit
2149 2477 2161 2511 :
2200 2477 2219 2510 ι
2258 2457 2396 2513 Ecce
2436 2457 2601 2526 320
2634 2458 2827 2512 ancilla
2873 2458 3124 2524 Domini,
3167 2457 3258 2512 ﬁat
3302 2460 3433 2511 mihi

1878 2551 2172 2605 secundum
2199 2550 2420 2602 verbum
2448 2558 2622 2604 tuum.
2656 2566 2675 2599 ι

1945 2645 2015 2695 At
2042 2651 2091 2695 te
2112 2642 2428 2703 clamamus,
2452 2638 2657 2701 Gaude,
2689 2655 2807 2708 qum
2825 2640 3078 2709 gaudium
3111 2643 3435 2711 concepisti.

1876 2748 1910 2787 ο
1934 2734 2103 2802 gratia
2137 2733 2291 2801 plena
2324 2731 2546 2799 Deipara
2601 2728 2764 2796 Virgo
2797 2748 2810 2783 :
2851 2729 3042 2796 Deum,
3077 2747 3235 2801 quem
3272 2750 3431 2803 pepe-

1882 2823 2025 2884 riati,
2056 2821 2374 2890 deprecare,
2437 2828 2496 2873 ut
2547 2819 2735 2873 liberet
2785 2834 2813 2873 a
2852 2820 3105 2888 periculis
3134 2831 3187 2875 ct
3249 2838 3440 2879 corru-

1877 2918 2060 2986 ptione
2089 2930 2183 2969 eos
2213 2915 2303 2983 qui
2333 2924 2380 2968 te
2410 2914 2628 2969 assidue
2652 2904 3057 2973 concelebrant.

1952 3006 2110 3075 Virgo
2132 3006 2493 3068 sanetissima,
2539 3014 2592 3057 tu
2620 3014 2703 3058 me
2727 3006 2934 3060 salvum
2968 3006 3069 3070 fac,
3107 3016 3160 3060 et
3186 3023 3317 3062 mea:
3353 3010 3437 3062 in-

211 3095 502 3156 ἀσθενείας
557 3094 712 3161 γενοῦ
752 3093 989 3163 βοήθεια,
1024 3096 1055 3162 ἡ
1086 3093 1176 3146 τὸν
1205 3093 1433 3169 θελητὴν
1467 3095 1559 3147 τοῦ
1589 3096 1770 3159 ἐλέους

1892 3096 2143 3150 inuitatis
2162 3108 2278 3150 esto
2298 3094 2580 3158 auxilium,
2597 3110 2717 3164 quae
2737 3096 3433 3175 misericordizeamatorem

210 3188 482 3257 κυήσασα,
518 3187 575 3238 ὃν
608 3186 990 3255 ὑπερυψοῦμεν
1020 3188 1111 3247 είς
1142 3186 1346 3248 πάντας
1384 3188 1508 3247 τοὺς
1546 3186 1765 3247 αἰῶνας.

298 3279 392 3330 Ἕκ
443 3277 559 3339 σοῦ,
619 3277 859 3347 Παρθένε
919 3277 1297 3346 θεοχαρίτωτε,
1348 3280 1462 3339 τοῖς
1505 3278 1563 3329 ὲν
1616 3265 1769 3329 νυκτὶ

210 3368 403 3422 παθῶν
431 3355 860 3436 κεκρατημένοις
906 3368 1143 3419 ἀνέτειλε
1170 3368 1261 3420 τοῦ
1290 3368 1463 3434 φωτὸς
1492 3370 1583 3420 καὶ
1614 3370 1769 3439 είρήο

211 3476 310 3530 νης
358 3460 589 3528 Χριστὸς
631 3462 881 3527 χορηγῆς,
930 3459 1025 3525 τὴν
1053 3458 1112 3520 ἐξ
1138 3457 1465 3528 ἀπροσεξίας
1495 3458 1635 3511 λύων
1667 3477 1769 3512 πα·

214 3547 462 3617 ράὸασιν,
504 3548 592 3598 καὶ
633 3546 728 3615 τὴν
760 3548 1138 3616 ἀπολύτρωσιν
1179 3548 1311 3615 ἡμῖν
1346 3548 1530 3617 σαφῶς
1566 3547 1769 3619 δωρού-

214 3655 395 3708 μενοςέ

223 3766 325 3819 Ἐκ
372 3763 478 3818 τοῦ
562 3766 827 3829 Κανόνος
886 3764 1102 3817 διπλοῦ
1149 3763 1259 3831 τῆς
1314 3764 1597 3833 τετάρτης
1653 3763 1803 3819 τῶν,

594 3836 809 3915 Βαῖων,
847 3837 933 3899 εὶς
966 3835 1071 3886 τὸν
1120 3835 1381 3900 Ὄρθρον.

280 3959 372 4029 Τῷ
421 3959 588 4027 τιμίῳ
640 3957 857 4026 σταυρῷ
895 3957 988 4009 τοῦ
1040 3957 1169 4010 Υίοῢ
1217 3975 1309 4010 σου
1358 3959 1766 4029 φυλαττόμενοι,

206 4050 474 4101 Δέσποινα
508 4047 644 4116 ἁγνὴ
677 4046 928 4111 Θεοτόκε,
960 4047 1138 4098 πᾶσαν
1168 4048 1470 4117 προσϐολὴν
1500 4050 1591 4100 τοῦ
1616 4048 1769 4101 πολε-

210 4141 444 4209 μήτορος
474 4136 709 4198 ἅπαντες
742 4136 945 4205 ῥᾳδίως
972 4136 1372 4205 ἐκτρεπόμεθα·
1400 4137 1480 4191 διό
1511 4155 1569 4189 σε
1598 4154 1767 4189 κατα-

203 4228 385 4297 χρέως
434 4226 724 4294 δοξάζομεν
750 4227 823 4287 ὡς
864 4226 1088 4296 Μητέρα
1126 4225 1220 4278 τοῦ
1253 4227 1427 4294 φωτὸς
1469 4228 1561 4281 καὶ
1600 4228 1767 4297 μόνην

204 4319 401 4371 ἐλπίδα
420 4319 525 4371 τῶν
545 4318 729 4387 ψυχῶν
752 4317 925 4386 ἡμῶν.

1871 3186 2189 3254 concepisti,
2244 3200 2402 3253 quem
2428 3186 2892 3253 superexaltamus
2919 3188 2969 3239 in
3004 3190 3185 3243 omnia
3209 3194 3432 3246 saecula.

1942 3277 2014 3329 Ex
2046 3286 2113 3340 tr,
2151 3293 2182 3329 ο
2225 3275 2388 3346 Virgo
2414 3276 2520 3331 Deo
2553 3278 2898 3345 charissima,
2935 3280 3002 3333 iis
3038 3281 3131 3349 qui
3166 3283 3217 3335 in
3276 3295 3439 3338 norle

1872 3370 2185 3438 passionum
2222 3370 2623 3431 detinebantur,
2662 3382 2885 3429 exortus
2933 3381 3016 3423 est
3048 3384 3241 3427 auctor
3293 3377 3433 3430 lucis

1870 3471 1919 3513 et
1958 3460 2108 3528 pacis
2147 3459 2421 3523 Christus,
2470 3460 2957 3527 transgressionem
3001 3476 3063 3514 ex
3106 3464 3433 3533 negligentia

1870 3561 2043 3605 ortam
2091 3551 2324 3615 dilucns,
2364 3560 2412 3605 et
2460 3550 2748 3605 manifeste
2799 3553 2955 3611 nobis
3006 3553 3433 3624 redemptionem

1869 3640 2180 3710 dilargiens.

1867 3766 1954 3821 Ea:
1976 3782 2171 3819 canone
2190 3766 2386 3834 duplici
2409 3766 2460 3818 in
2480 3767 2612 3887 ζῦγῑα
2640 3781 2692 3847 tv
2714 3767 2769 3819 in
2802 3765 2977 3821 Hamis
3012 3766 3342 3838 I‘almarum,
3364 3776 3432 3827 ad

2514 3856 2515 3859 π
2542 3844 2847 3887 atutmum.‘
3429 3868 3432 3874 -

2514 3844 2847 3890 fatummm.‘
3429 3868 3435 3875 -

1944 3961 2188 4015 hetiosa
2214 3960 2332 4013 Filii
2385 3958 2458 4011 tui
2503 3974 2663 4013 cruce
2702 3960 2980 4027 custoditi,
3017 3961 3245 4019 Domina
3280 3975 3431 4020 casta

1872 4054 2119 4122 Deipara,
2153 4068 2368 4106 omnem
2403 4051 2574 4105 hostis
2612 4051 2873 4119 impetum
2906 4050 3065 4107 facile
3087 4071 3276 4111 omnes
3314 4058 3431 4110 evi-

1819 4183 1824 4186 -
1870 4154 2045 4198 tamus
2081 4152 2403 4211 :proptcrea
2448 4152 2499 4195 te
2532 4157 2631 4211 pro
2671 4142 2854 4195 debito
2905 4142 3271 4211 gloriﬁcamus
3312 4158 3432 4201 tan-

1868 4249 2030 4302 quam
2062 4231 2291 4287 Matrem
2325 4232 2484 4299 lucis,
2514 4241 2676 4303 atque
2707 4232 2921 4285 unicam
2947 4246 3096 4303 spem
3125 4237 3431 4290 animarum

1867 4334 2194 4377 nostrarum.

279 4410 371 4479 Μὴ
400 4410 695 4477 φλαχθείσα
724 4409 801 4477 τῷ
828 4408 958 4478 πυρὶ
983 4408 1081 4476 τῆς
1111 4408 1393 4477 Θεότητος,
1420 4409 1575 4479 ἁγνὴ,
1601 4409 1765 4461 κατά-

1940 4412 1984 4468 Ο
2014 4430 2183 4479 οοειο,
2211 4429 2331 4484 quae
2370 4429 2398 4468 a
2428 4413 2732 4469 Divinitatis
2760 4416 2880 4486 igne
2907 4415 3249 4488 nequaquam
3278 4436 3430 4474 com-

204 4504 403 4570 φλεξόν
453 4519 553 4571 μου
598 4500 694 4562 τὰς
735 4499 951 4562 ὑλώδεις
1000 4500 1171 4570 ὁρμὰς
1219 4502 1326 4554 τῶν
1370 4502 1574 4567 παθῶν,
1623 4502 1767 4565 ὅπως

202 4595 437 4657 ⁸ιιιιστῶς,
462 4596 620 4661 ἁγνὴ,
650 4592 854 4658 δοξάζω
884 4610 964 4648 σε.

278 4685 700 4755 Παρθενομῆτορ
738 4684 991 4760 ᾅχραντε,
1029 4686 1060 4753 ή
1094 4686 1219 4755 ῥίζα
1245 4684 1336 4737 τοῦ
1379 4685 1600 4749 Ἰεσσαὶ,
1624 4685 1681 4748 ἐξ
1701 4682 1768 4755 ἧς
1806 4676 1825 4713 κ

200 4774 444 4845 Χριστὸς
482 4771 738 4849 ἀνέτειλε,
770 4773 828 4823 τὸ
855 4772 1133 4842 ζωηφόρον
1159 4774 1315 4836 ἄνθος
1340 4774 1446 4826 τῶν
1499 4776 1763 4843 γηγενῶν,

199 4867 271 4919 δι’
289 4861 353 4935 ἦς
370 4861 642 4932 ὲλυτρώθη
652 4879 749 4931 μεν
774 4862 975 4932 φθορᾶς
994 4866 1085 4914 καὶ⁸
1111 4863 1448 4933 θνητότητος,
1482 4865 1538 4916 σὲ
1567 4864 1766 4933 ὑμνοῦ-

164 4945 176 4952 ’
206 4973 309 5025 μεν
332 4954 552 5016 πάντες,
589 4952 748 5021 ἁγνή.

290 5047 378 5098 Ἐν
406 5045 509 5110 σοὶ,
546 5045 788 5113 Παρθένε
848 5044 1008 5113 άγνὴ,
1048 5044 1429 5115 ὲθεωρήθησαν
1461 5048 1629 5101 πᾶσαι
1671 5050 1763 5101 τοῦ

196 5139 341 5192 Θεοῦ
392 5139 447 5188 αἱ
484 5138 718 5206 πορεῖαι,
782 5131 873 5187 τοῦ
913 5135 1245 5205 φυλάξαντος
1275 5137 1370 5206 τὴν
1409 5137 1507 5207 σὴν
1547 5140 1765 5205 ἁγνείαν

203 5229 347 5299 μετὰ
378 5230 534 5281 τόκον
568 5229 1008 5298 ἐσφραγισμένην
1048 5230 1231 5296 σαφῶς
1286 5229 1365 5291 εἰς
1398 5231 1602 5294 πάντας
1638 5232 1761 5295 τοὺς

202 5321 435 5382 αἰῶνας.

284 5414 416 5465 Ἰδοὺ
454 5412 625 5464 πᾶσαι
663 5412 845 5478 γενεαὶ
886 5412 1259 5481 μακαρίζομεν
1284 5429 1363 5476 σε,
1411 5413 1663 5482 ἄχραντε,
1695 5414 1761 5466 τὰ

196 5506 470 5579 μεγαλεῖα
498 5504 564 5555 τὰ
603 5504 670 5554 σὰ
700 5501 1072 5574 καθορῶντες·
1104 5506 1168 5556 σὺ
1202 5504 1307 5572 γὰρ
1358 5504 1563 5565 τίκτεις
1589 5505 1759 5575 ὑπερ-

192 5599 352 5671 φυῶς
381 5597 473 5650 τὸν
511 5596 603 5649 τοῦ
645 5596 849 5667 κόσμου
901 5598 1096 5661 παντὸς
1149 5598 1406 5667 Ποιητὴν,
1454 5597 1583 5650 Θεὸν
1630 5600 1757 5651 ὄντα

192 5687 295 5742 καὶ
326 5685 533 5753 βροτόν,

1872 4507 2027 4559 busta
2059 4522 2136 4566 es.
2181 4507 2437 4559 combure
2485 4508 2792 4562 materiales
2845 4509 3071 4564 nﬂectus
3112 4512 3427 4579 passionum

1871 4613 2135 4661 mearum,
2168 4608 2223 4649 ut
2259 4612 2378 4649 cum
2411 4596 2533 4655 fide,
2576 4611 2608 4648 o
2634 4606 2801 4662 casta,
2837 4607 2887 4651 te
2918 4598 3234 4666 glorificent.

1939 4689 2103 4756 Virgo
2151 4688 2317 4741 Mater
2375 4688 2739 4753 immaculata,
2786 4690 2932 4757 virga
2975 4691 3145 4753 Jessc,
3198 4707 3261 4745 ex
3323 4707 3429 4760 qua

1867 4776 2117 4829 Christus
2138 4785 2361 4829 exortus
2384 4772 2619 4838 rst,ﬂos,
2649 4776 2735 4841 qui
2764 4776 2925 4828 vitam
2953 4779 3176 4845 protulit
3202 4781 3424 4845 terrige-

1867 4868 1983 4933 nis;
2019 4883 2111 4933 per
2144 4882 2307 4935 quam
2341 4859 2598 4934 redempti
2650 4882 2839 4922 sumus
2900 4884 2930 4934 a
2983 4871 3329 4937 corruptione
3375 4879 3428 4921 ct

1867 4957 2231 5022 mortalitate;
2268 4966 2316 5012 te
2348 4957 2603 5023 universi,
2647 4974 2679 5011 ο
2702 4974 2856 5027 pura.
2890 4961 3286 5014 collaudamus.

1938 5047 1995 5100 In
2023 5056 2095 5113 te,
2138 5046 2301 5116 Virgo
2333 5057 2502 5112 c-asta,
2532 5060 2833 5116 conspecta:
2887 5062 3013 5104 sunt
3070 5065 3259 5102 omnes
3328 5049 3427 5102 viae

1868 5138 1981 5201 Dei,
2013 5140 2103 5208 qui
2142 5140 2481 5192 conservavit
2519 5141 2809 5207 puritatem
2857 5153 3001 5194 trum
3056 5152 3174 5209 post
3209 5152 3421 5209 partum

1869 5229 2153 5282 manifeste
2179 5231 2469 5298 sigillatam
2506 5232 2558 5283 in
2590 5231 2769 5283 omnia
2797 5234 3011 5284 sa'cula.

1934 5410 2074 5465 Ecce
2105 5426 2293 5464 omnes
2330 5414 2703 5480 generationes
2750 5415 2954 5467 beatam
3005 5416 3058 5461 te
3108 5409 3362 5471 dicimus,
3390 5427 3423 5463 ο

1864 5502 2147 5563 inviolata.
2202 5502 2469 5573 magualia
2508 5512 2597 5557 tua
2647 5503 3119 5570 contemplantes:
3165 5511 3217 5553 tu
3273 5504 3418 5554 enim

1862 5596 2347 5663 superuaturalitcr
2378 5600 2520 5665 paris
2548 5598 2816 5653 universis
2864 5593 3208 5651 Conditorem
3248 5595 3417 5649 Deum

1861 5698 1921 5741 ct,
1945 5687 2241 5742 hominem.
