3948 6304
496 338 633 403 1379

439 599 445 601 _
495 552 644 604 omni
686 549 950 604 miraculo
994 529 1264 614 superior,
1308 560 1428 611 qua
1471 544 1900 612 pulcherrimum
1934 545 2064 598 Ver-

496 644 622 696 bum
654 639 972 710 concepisti.
1030 639 1186 708 321
1239 637 1420 705 ipsum
1483 652 1614 707 ergo
1656 637 1970 704 deprecare,
2008 645 2066 689 ut

498 734 791 788 formosam
829 731 1018 787 reddat
1040 730 1440 784 deformitatem
1477 729 1658 783 cordis
1687 728 1815 781 mei.

567 916 895 986 Puerperam
948 914 1212 984 virginem
1260 916 1386 983 quis
1435 915 1680 978 audivit,
1724 924 1777 967 et
1833 923 2062 967 matrem

501 1009 619 1064 sine
647 1009 793 1062 viro?
826 1008 906 1062 Tu
937 1006 1109 1062 eﬂicis
1165 1007 1538 1077 hujuscemodi
1586 1006 1915 1076 prodigium,
1949 1005 2063 1060 Ma—

498 1104 578 1153 ria
618 1117 630 1154 :
671 1100 763 1153 sed
797 1100 964 1152 dicito
1005 1099 1161 1164 mihi,
1202 1098 1515 1169 quomodo?
1541 1095 1617 1149 Ne
1648 1095 1911 1150 scrutcris
1941 1111 2064 1165 pro-

497 1191 668 1244 funda
695 1190 865 1244 divini
898 1197 1087 1259 partus
1117 1189 1243 1242 mei.
1286 1187 1642 1243 Verissimum
1684 1197 1769 1241 est
1798 1187 1934 1254 hoc;
1968 1187 2062 1242 sed

497 1281 565 1333 ali
600 1281 835 1332 humana
864 1288 1043 1333 mente
1073 1278 1462 1349 comprehendi
1487 1294 1592 1331 non
1625 1287 1825 1348 potest.

500 1386 583 1441 Ex
616 1404 814 1442 canone
836 1389 891 1440 in
932 1387 1067 1456 feria
1088 1396 1159 1451 v,‘
1180 1384 1446 1468 inﬂamis
1487 1385 1822 1451 Palmarum,
1847 1385 1917 1438 ad
1941 1384 2062 1440 Ma-

1156 1468 1408 1510 mimum.
2044 1485 2048 1489 -

567 1569 774 1621 Anima:
805 1583 935 1621 mea:
963 1567 1246 1637 passiones
1275 1563 1588 1620 doloriﬁcas
1635 1572 1685 1618 et
1719 1563 1898 1618 carnis
1932 1578 2064 1618 meae

498 1662 718 1715 morbos
767 1661 1025 1713 velociter
1054 1672 1204 1721 cura,
1245 1671 1276 1710 ο
1307 1656 1601 1726 purissima
1649 1673 1664 1709 :
1698 1656 1896 1710 mentis
1930 1671 2064 1710 meae

498 1754 631 1807 siste
690 1751 1138 1813 instabilitatem;
1191 1757 1244 1801 et
1284 1746 1370 1802 lac
1425 1762 1512 1801 me
1561 1747 1784 1816 dignum
1832 1754 1891 1800 ut
1937 1762 2060 1801 cum

499 1842 893 1912 tranquillitate
927 1839 1095 1892 animi
1127 1837 1350 1892 offeram
1378 1851 1541 1907 puras
1569 1849 1758 1905 preces
1783 1835 1914 1906 llegi
1945 1851 2062 1888 om-

497 1932 671 1996 nium,
707 1942 759 1985 et
790 1945 1007 1984 exorem
1045 1944 1143 1998 pro
1172 1927 1492 1982 remissione
1513 1927 1761 1996 lapsuum
1794 1942 2060 1993 meorum,

495 2039 531 2078 0
553 2024 803 2092 Deipara.

567 2115 728 2168 Exte
778 2111 957 2166 divina
1007 2109 1294 2166 scaturivit
1345 2123 1487 2179 aqua
1537 2107 1964 2162 immortalitatis
2011 2117 2064 2162 et

496 2205 638 2268 vitae,
673 2219 707 2258 o
739 2203 829 2257 Dei
863 2202 1109 2257 Genitrix
1141 2198 1436 2272 puriSsima
1502 2209 1555 2254 et
1597 2200 1937 2266 castissima;
1971 2215 2065 2270 per

496 2311 682 2366 quam,
717 2295 962 2349 bibentes
999 2309 1029 2347 a
1059 2291 1334 2347 mortifera
1357 2293 1443 2347 siti
1469 2293 1785 2346 liberantur.

567 2387 647 2462 Te
685 2387 825 2442 lucis
863 2394 1075 2456 portam
1113 2383 1374 2453 fulgidam
1409 2384 1542 2437 vidit
1587 2382 1874 2453 Propheta.
1897 2398 1929 2439 ο
1957 2398 2063 2452 pu-

497 2479 716 2534 rissima
742 2496 754 2532 :
789 2479 924 2533 lueis
956 2478 1101 2531 enim
1136 2477 1383 2531 datorem
1414 2475 1572 2530 nobis
1602 2475 1838 2530 similem
1859 2472 2063 2528 factum

497 2570 755 2626 ineli'abili
800 2570 1014 2624 ratione
1059 2568 1339 2638 peperisti,
1397 2583 1560 2638 quem
1599 2566 2065 2637 superexaltainus

496 2665 549 2718 in
581 2665 830 2718 universa
861 2663 1082 2718 saecula.

566 2756 622 2810 ln
649 2756 860 2813 duabus
894 2755 1269 2808 voluntatibus
1305 2762 1358 2808 et
1391 2754 1649 2809 essentiis
1680 2752 1938 2822 peperisti
1965 2769 2064 2808 no-

405 2896 411 2902 .
496 2847 580 2902 bis
611 2848 949 2917 unigenitum
981 2845 1174 2900 Filium
1203 2845 1396 2912 Patris,
1421 2860 1454 2899 ο
1483 2845 1663 2900 Puella
1698 2844 2063 2911 immaculata,

499 2940 770 2994 hominem
794 2938 1018 3004 factum,
1046 2948 1103 2992 ut
1129 2951 1227 2991 nos
1254 2937 1344 2991 ille
1373 2951 1667 3007 supremus
1690 2935 1832 2991 Deus
1865 2935 2064 2991 divina:

497 3038 706 3083 natura:
750 3029 1042 3098 participes
1073 3026 1322 3081 ediceret.

1592 337 1651 396 S.
1696 336 2006 398 JOSEPIII
2046 336 2358 397 HYMNOG
2372 336 2605 398 RAPHI

563 455 709 512 Inter
732 456 988 512 mulieres
1018 462 1071 508 tu
1106 449 1221 507 sola
1256 450 1501 520 speciosa
1546 449 1688 505 facta
1732 466 1811 516 es,
1848 466 1881 504 ο
1915 462 2062 505 casta
2091 456 2140 513 Α

2253 450 2340 504 Ἑν
2367 450 2579 517 γυναιξὶ
2607 452 2678 518 σὺ,
2713 451 2848 523 μόνη
2886 452 3196 524 ὠραιὼθης,
3232 448 3276 508 ὦ
3310 455 3752 526 ὑπερθαύμαστι

2169 541 2328 612 ἁγνὴ,
2363 541 2701 611 ὡραιότατον
2727 542 2817 593 τὸν
2846 543 3016 609 Λόγον
3045 545 3432 614 ἀποκυήσασα,
3471 546 3564 598 τὸν
3599 547 3752 615 ὑπὲρ

2169 632 2373 706 πάντας
2402 631 2635 698 φανέντα
2664 631 2890 701 βροτοὺς
2914 631 3136 702 ὡραῖον.
3171 634 3343 685 Αὐτὸν
3370 633 3466 694 οῦν
3503 634 3751 686 ἑκδυσώ-

2167 740 2257 774 πει
2287 722 2346 775 τὸ
2386 722 2623 792 εἰδεχθὲς
2655 720 3017 792 καθωραῖσαι,
3065 725 3459 794 εΠαρθένε,,τῆς
3509 726 3752 794 καρδίας

2167 832 2291 883 μου.

2161 947 2176 961 ι
2237 906 2558 958 Παιδοτόκον
2605 905 2875 976 παρθένον
2925 906 3008 968 τίς
3063 907 3305 976 ἢκουσε,
3364 908 3457 958 καὶ
3524 906 3754 974 μητέρα

2167 997 2306 1067 πλὴν
2332 997 2524 1066 ἀνδρός
2550 1017 2564 1063 ;
2614 997 2824 1067 Μαρία,
2875 987 3112 1061 ἐκτελεῖς
3141 998 3201 1051 τὸ
3231 997 3566 1069 τεράστειον,
3605 997 3754 1050 ἀλλὰ

2166 1088 2339 1157 φράζε
2373 1106 2461 1159 μοι
2482 1089 2541 1141 τὸ
2560 1089 2712 1155 πῶς;
2743 1089 2835 1160 Μὴ
2864 1090 3060 1164 ἐρεύνα
3076 1091 3140 1142 τὰ
3170 1073 3308 1160 βάθη
3332 1091 3427 1159 τῆς
3461 1091 3752 1150 θεοτοκίας

2168 1196 2293 1248 μου·
2345 1180 2504 1234 τοῦτο
2544 1180 2876 1251 παναληθες,
2912 1182 3052 1253 ὑπὲρ
3085 1183 3140 1235 δὲ
3174 1181 3516 1252 ἀνθρώπινον
3549 1181 3683 1234 νοῦν
3715 1183 3749 1249 ὴ

2164 1266 2485 1337 κατάληψις.

2177 1378 2271 1431 Ἐκ
2307 1376 2413 1431 τοῦ
2443 1377 2711 1444 Κανόνος
2762 1375 2871 1444 τῆς
2919 1377 3182 1446 πέμπτης
3221 1377 3338 1432 τῶν
3379 1378 3592 1444 Βατων,
3648 1378 3744 1442 εις

2670 1492 2672 1495 .
2735 1448 2841 1500 τὸν
2884 1450 3154 1516 Ὄρθρον.

2235 1559 2344 1628 Τῆς
2371 1560 2552 1631 ψυχῆς
2585 1578 2685 1631 μου
2715 1560 2779 1613 τὰ
2814 1559 2962 1630 πάθη
2997 1561 3063 1612 τὰ
3097 1558 3434 1622 πολυώδυνα,
3474 1560 3572 1610 καὶ
3601 1575 3752 1624 σαρ-

2165 1651 2258 1714 κός
2309 1669 2411 1720 μου
2459 1651 2556 1716 τὰς
2595 1652 2782 1714 νόσους
2823 1652 2880 1704 ἐν
2928 1653 3080 1721 τάχει
3136 1652 3304 1716 ίασαι,
3346 1651 3448 1712 τὰς
3487 1651 3581 1703 τοῦ
3616 1652 3750 1713 νοός

2169 1760 2270 1813 μου
2308 1743 2585 1815 ἐκτροπὰς
2629 1744 2846 1814 στῆσον,
2902 1745 3234 1813 πανάμωμε,
3287 1743 3379 1794 καὶ
3425 1744 3482 1794 ἐν
3529 1742 3750 1812 γαλήνῃ

2163 1836 2422 1906 λογισμοῦ
2443 1838 2603 1908 saxa;
2637 1839 2973 1907 προσφέρειν
3005 1837 3250 1905 καθαρὰς
3277 1836 3355 1906 τῷ
3387 1835 3602 1906 βασιλεῖ
3633 1835 3751 1889 τῶν

2164 1927 2418 1982 ἁπάντων
2469 1929 2722 2003 ἀξίωσον,
2754 1929 3004 1993 Θεοτόκε,
3047 1930 3141 1980 καὶ
3210 1928 3544 1992 ἐξαιτεῖσθαι
3580 1945 3753 1980 πται-

2168 2021 2391 2090 σμάτων
2419 2020 2634 2088 ἄφεσιν.

2249 2112 2344 2163 Ἐκ
2363 2111 2468 2164 ισοῦ
2500 2112 2558 2164 τὸ
2604 2111 2744 2164 θεῖον
2775 2109 2917 2181 ὕδωρ
2951 2109 3243 2163 ἀνέϐλυσεν
3287 2108 3591 2173 ἀθανασίας
3647 2111 3752 2162 καὶ

2167 2201 2334 2272 ζωῆς,
2376 2202 2681 2272 Θωκυῆτορ
2711 2202 3041 2272 πανάμωμε,
3067 2195 3127 2254 οὗ
3157 2203 3203 2254 oi
3232 2201 3539 2272 γευόμενοι,
3576 2202 3752 2271 δίψης

2168 2295 2326 2365 ἁγνὴ,
2358 2296 2731 2366 θανατηφόρου
2774 2296 3154 2367 ρυσθήσονται.

2238 2387 2420 2458 Πύλην
2453 2405 2512 2441 σε
2557 2388 2735 2456 φωτὸς
2787 2388 3209 2460 πεφωτισμένην
3237 2387 3424 2458 βλέπει
3465 2389 3494 2440 ὁ
3520 2389 3752 2458 προφή-

2166 2491 2287 2544 της,
2313 2477 2649 2546 πανάμωμε·
2701 2477 2793 2530 τὸν
2838 2477 3146 2548 φωτοδότην
3169 2478 3276 2546 γὰρ
3315 2478 3520 2539 τίκτεις
3557 2478 3756 2546 ἀφρά-

2171 2583 2308 2629 στως
2337 2567 2469 2636 ἡμῖν
2503 2566 2855 2638 ὁμοιωθέντα,
2881 2568 2939 2622 ὃν
2971 2569 3356 2641 ὑπερυψοῦμεν
3387 2572 3469 2632 εἰς
3524 2569 3754 2631 πάντας

2167 2658 2292 2719 τοὺς
2317 2658 2540 2720 αἰῶνας.
3694 2709 3703 2715 _

2252 2750 2341 2802 Ἐν
2369 2751 2493 2803 δυσὶ
2513 2750 2774 2820 ’θελήσεσι
2820 2752 2913 2805 καὶ
2940 2747 3151 2815 οὐσίαις
3184 2753 3413 2815 τέτοκας
3442 2753 3573 2824 ἡμῖν
3608 2751 3755 2804 Υἱδν

2168 2840 2258 2894 τὸν
2290 2842 2576 2911 μονογενῆ,
2614 2842 2787 2912 Κόρη,
2817 2843 2912 2895 τοῦ
2943 2844 3174 2913 Πατρὸς,
3203 2843 3490 2913 γενόμενον
3519 2842 3753 2913 ἀνθρωο

2169 2949 2292 2996 πον,
2344 2933 2429 2984 ἶνα
2464 2934 2612 3002 ἡμᾶς
2657 2933 2806 3004 δείξῃ
2873 2936 3162 2998 κοινωνοὺς
3206 2934 3439 3004 φύσεως,
3472 2935 3751 3004 ἄκραν-τε,

2169 3024 2320 3086 θείας
2345 3026 2372 3076 ὀ
2398 3023 2683 3094 ὑπέρθεος.

499 3135 584 3189 Ex
626 3152 824 3190 canone
878 3137 934 3189 in
977 3136 1112 3204 feria
1150 3151 1225 3196 vr,
1288 3135 1342 3188 in
1381 3134 1561 3188 Ramt’s
1625 3134 1937 3188 Palmarum
1992 3136 2061 3189 ad

2181 3132 2273 3187 Ἐκ
2314 3131 2416 3186 τοῦ
2441 3132 2707 3198 Κανόγος
2723 3131 2829 3200 τῆς
2862 3133 3249 3203 παρασκευῆς
3271 3133 3388 3187 τῶν
3413 3133 3630 3203 Butam,
3660 3137 3756 3202 είς

1099 3205 1446 3259 Matutinnm.

571 3318 617 3372 0
647 3316 812 3385 Virgo
857 3315 1177 3385 purissima,
1223 3313 1392 3367 Mater
1443 3313 1644 3369 Christi
1692 3312 1808 3377 Dei,
1858 3314 2067 3384 gladius

503 3408 852 3478 pertransivit
881 3407 1282 3460 sanctissimam
1324 3403 1563 3458 animam
1598 3414 1910 3466 tuam,cum
1944 3419 2066 3458 cru-

496 3502 716 3553 cilixum
748 3499 1052 3552 voluntarie
1085 3496 1278 3567 Filium
1301 3505 1354 3549 et
1385 3496 1548 3549 Deum
1572 3505 1725 3549 tuum
1759 3497 2064 3564 aspiceres;

496 3604 658 3657 quem
696 3603 763 3641 ne
785 3602 990 3664 cesses,
1017 3601 1050 3639 o
1087 3585 1392 3648 benedicta,
1421 3600 1632 3653 rogare,
1658 3594 1716 3638 ut
1746 3585 1902 3639 nobis
1930 3594 2067 3645 tem-.-

2737 3205 2844 3257 τὸν
2881 3207 3150 3272 Ὄρθρον.

2240 3313 2481 3382 Παρθένε
2525 3315 2858 3383 πανάμωμε,
2889 3315 3077 3385 Μῆτερ
3124 3312 3362 3383 Χριστοῦ
3409 3314 3503 3368 τοῦ
3557 3314 3738 3375 Θεοῦ.

2171 3406 2414 3475 ῥομφαία
2433 3406 2614 3473 διῆλθέ
2644 3423 2738 3458 σου
2757 3407 2855 3476 τὴν
2879 3406 3150 3476 παναγίαν
3169 3407 3365 3477 ψυχὴν,
3394 3411 3552 3476 ἡνίκα
3573 3425 3752 3460 σταυ-

2172 3501 2430 3572 ρούμενον
2465 3500 2702 3569 ἔϐλεψας
2748 3501 3010 3561 ἑκουσίως
3038 3500 3129 3553 τὸν
3160 3500 3287 3552 Υίὸν
3319 3500 3410 3552 καὶ
3446 3501 3578 3552 Θεόν
3615 3518 3748 3561 σου.

2167 3591 2246 3654 ὃν,
2277 3591 2637 3660 εὐλογημένη,
2677 3590 3001 3643 δυσωποῦσα
3035 3590 3108 3660 μὴ
3144 3589 3348 3661 παύσῃ,
3382 3590 3751 3661 συγχώρησιν

497 3694 625 3746 pore
641 3677 837 3746 jejunii
868 3687 1216 3743 peccatorum
1247 3675 1641 3742 indulgentiam
1674 3675 1958 3743 largiatur.
2047 3723 2064 3742 ρ,

2181 3684 2524 3753 πταισμάτων
2555 3682 2732 3752 καιρῷ
2757 3682 3012 3751 νηστείας
3043 3683 3411 3752 δωρήσασθαι.

574 3769 959 3822 Misericordiae
987 3777 1090 3821 tua:
1119 3760 1415 3820 stillicidiis
1464 3765 1652 3835 irriga,
1690 3780 1721 3819 ο
1750 3767 2066 3820 immacula-

2249 3776 2455 3829 Ῥανίσι
2495 3777 2587 3827 τοῦ
2621 3774 2804 3836 ἐλέους
2827 3792 2921 3827 σου
2945 3776 3334 3844 κατάρδευσον,
3363 3779 3748 3849 πανάχραντε,

503 3863 712 3917 tissima
735 3860 869 3931 (50),
904 3859 1062 3928 322
1094 3874 1186 3912 cor
1221 3873 1399 3912 meum
1437 3856 1651 3911 ﬂamma
1675 3858 1881 3927 peccati
1905 3858 2064 3928 lique-

2181 3866 2263 3935 τὴν
2301 3865 2624 3918 ὲκτακεῖσάν
2660 3881 2762 3934 μου
2794 3864 3020 3934 καρδίαν
3049 3863 3275 3932 φλογμῷ
3304 3865 3400 3935 τῆς
3428 3868 3744 3936 ἁμαρτίας,

496 3956 812 4019 lactum;et
841 3953 1161 4006 exstinctam
1183 3950 1366 4024 cordis
1399 3950 1500 4003 mei
1529 3949 1824 4016 lucernam,
1857 3958 1910 4003 tu
1947 3966 2066 4018 quae

495 4062 559 4101 es
596 4055 747 4114 porta
777 4046 935 4109 lueis,
965 4043 1218 4098 accende.

567 4136 748 4188 Sacrae
767 4134 1153 4204 prophetarum
1181 4147 1340 4186 voces
1371 4139 1422 4185 te
1444 4128 2063 4199 prazdicantsymbolice,

502 4245 536 4282 ο
563 4227 747 4296 Virgo,
785 4237 1020 4296 portam,
1048 4236 1101 4280 et
1133 4235 1392 4287 montem,
1427 4234 1479 4276 et
1500 4223 1904 4276 tabernaculum
1935 4239 2065 4277 san-

497 4330 642 4373 ctum
676 4336 687 4370 :
722 4317 861 4370 lucis
898 4316 1118 4378 nubem,
1141 4329 1206 4367 ex
1238 4329 1343 4382 qua
1369 4313 1682 4366 sedentibus
1717 4313 1770 4365 in
1825 4313 2062 4368 tenebris

496 4418 550 4464 et
589 4408 776 4461 umbra
812 4416 1031 4460 exortus
1065 4415 1150 4459 est
1177 4404 1281 4468 sol,
1309 4403 1504 4457 unicus
1535 4402 1670 4456 lucis
1689 4404 1869 4456 dator.

2166 3958 2258 4009 καὶ
2284 3956 2372 4008 τὸν
2400 3956 2726 4026 ὲσόεσμένον
2756 3974 2855 4026 μου
2882 3956 2980 4025 τῆς
3030 3955 3255 4026 καρδίας
3286 3957 3484 4028 ἇναψον
3510 3959 3744 4030 λύχνον,

2168 4048 2310 4116 πύλη
2334 4048 2427 4100 τοῦ
2456 4050 2654 4117 φωτός,

2245 4120 2412 4208 Ἱεραί
2442 4159 2499 4192 σε
2526 4142 2633 4194 τῶν
2665 4142 2960 4212 προφητῶν
3005 4145 3338 4214 κηρύττουσι
3376 4143 3556 4212 φωναὶ
3585 4162 3742 4215 συμ-

2166 4228 2393 4292 ϐολικῶς
2415 4230 2590 4300 πύλην
2620 4231 2710 4284 καὶ
2732 4231 2877 4301 ὄρος,
2906 4231 3239 4301 καὶίσκηνὴν
3261 4231 3359 4300 τὴν
3394 4233 3578 4299 ἁγίαν,
3611 4251 3706 4299 φω
3723 4262 3742 4273 ο

2165 4322 2253 4384 τὸς
2288 4323 2536 4392 νεφέλην,
2567 4323 2624 4389 ἐξ
2653 4318 2718 4391 ἧς
2744 4326 2856 4386 τοῖς
2881 4325 2937 4376 ὲν
2966 4325 3146 4377 σκότει
3185 4325 3278 4377 καὶ
3325 4326 3450 4394 σκιᾷ
3475 4324 3742 4395 καθημέ-

2165 4429 2292 4474 νους
2319 4413 2592 4465 ἀνέτειλεν
2619 4413 2788 4483 ἥλιος,
2839 4415 3102 4484 Παρθένε,
3131 4417 3159 4467 ὁ
3190 4415 3350 4484 μόνος
3393 4416 3736 4485 (prorae-6:11;.

571 4497 914 4551 Tremendus
965 4506 1049 4550 est
1100 4503 1287 4565 partus
1330 4505 1474 4558 tuus,
1523 4508 1554 4547 ο
1609 4493 1835 4562 Deipara
1892 4493 2061 4550 Mater

2234 4505 2437 4574 Φρικτή
2464 4522 2557 4558 σου
2583 4509 2612 4573 ἡ
2642 4505 2847 4575 λοχεία,
2870 4505 3096 4559 Θεοτόκε
3127 4507 3317 4577 Μῆτερ
3340 4507 3575 4577 Χριστοῦ
3605 4523 3623 4537 ·
3653 4508 3742 4560 διό

495 4590 700 4644 Christi
731 4607 742 4642 :
776 4597 1067 4658 propterea
1100 4586 1310 4639 beatam
1349 4594 1398 4638 te
1434 4583 1661 4638 lideliter
1697 4584 2055 4653 appellamus,

495 4690 549 4733 ct
580 4680 959 4734 venerabiliter
979 4678 1344 4745 gloriﬁcamus
1367 4677 1737 4746 generationes
1759 4676 2060 4744 generatio-

495 4789 626 4826 nuin
659 4774 712 4826 in
749 4774 970 4827 saecula.
999 4771 1194 4825 Amen.

565 4931 675 5002 (50)
718 4929 855 5002 Cum
890 4934 992 4982 v'ox
1044 4925 1403 4980 immaculata?
1448 4934 1501 5002 et
1533 4925 1921 5002 multounagis
1958 4927 2061 4980 im.

496 4995 960 5062 maculatissimaz,
999 5013 1150 5064 reque
1200 5011 1263 5049 ac
1317 5012 1414 5049 vox
1447 4995 1773 5064 virginitatis
1803 4995 2065 5050 innocen-

492 5076 626 5126 tiam
663 5071 954 5138 quamdam
983 5082 1258 5135 nunquam
1288 5066 1407 5138 labe
1441 5067 1688 5138 opposita
1718 5068 2060 5138 contamina-

491 5155 604 5195 tam
641 5134 818 5202 sonet,
852 5134 1191 5207 perspicuam
1231 5146 1319 5207 est
1352 5135 1408 5187 S.
1438 5134 1756 5202 Josephum,
1782 5138 1908 5189 dum
1941 5136 2062 5188 Vir-

494 5215 676 5281 ginem
707 5205 956 5261 absolute
990 5205 1426 5281 im_niaculatar_n,_
1465 5216 1625 5271 atque
1669 5207 2060 5281 immaculatis-

499 5275 690 5332 Simam
725 5281 878 5331 toties
931 5276 1251 5336 nominavit,
1283 5275 1524 5326 voluisse
1587 5291 1863 5342 nunquam
1892 5277 2052 5328 ullam

489 5351 542 5401 ei
573 5349 896 5402 inexslilisse
923 5348 1122 5416 peccati
1167 5345 1456 5416 maculam,
1481 5359 1541 5396 ac
1575 5347 1799 5411 proinde
1828 5361 1923 5397 nec
1949 5348 2058 5398 ori-

496 5421 728 5485 ginalem
761 5414 999 5486 quidem,
1029 5414 1455 5486 quae-teterrima
1490 5424 1568 5466 est
1605 5429 1762 5486 atque
1789 5416 2053 5486 mortalis.

496 5487 648 5541 Unde
687 5503 749 5541 ex
779 5484 901 5540 inea
927 5485 1226 5546 sententia,
1268 5498 1370 5535 non
1412 5484 1543 5534 bene
1591 5484 1778 5551 aliqui,
1815 5485 1907 5552 qui
1939 5485 2058 5538 Vir—

494 5561 670 5628 ginem
722 5560 938 5629 quidem
976 5567 1119 5610 recte
1168 5553 1271 5606 dici
1308 5552 1706 5607 immaculatam
1746 5555 2054 5620 admittunt,

2170 4608 2227 4642 σε
2264 4593 2642 4663 μακαρίζομεν
2679 4595 2906 4657 πιστῶς,
2938 4597 3032 4647 καὶ
3075 4595 3372 4664 δοξάζομεν
3427 4595 3648 4659 σεπτῶς
3678 4599 3738 4648 αι

2165 4680 2348 4748 γενεαὶ
2375 4684 2574 4750 γενεῶν
2612 4684 2690 4745 είς
2717 4684 2842 4744 τοὺς
2875 4683 3329 4754 αἰῶναςηἋμήν.

2163 4929 2571 5002 conceptionem
2605 4941 2780 5002 tamen
2830 4933 3330 5002 negantdicendam
3357 4951 3475 4991 esse
3533 4941 3742 4994 imma-

2161 4999 2417 5078 culatam.
2453 4999 2584 5078 Nam
2626 5003 2670 5056 si
2702 5001 2866 5078 Virgo
2894 4999 2977 5055 est
3017 5006 3382 5078 immaculata,
3418 5022 3549 5076 ergo
3583 5026 3740 5062 nun-

2161 5084 2322 5138 quam
2358 5072 2634 5148 inquinata
2674 5081 2756 5125 est
2797 5072 2901 5124 ulla
2939 5075 3147 5148 macula
3187 5076 3349 5148 etiarn
3386 5072 3636 5144 originali
3678 5081 3734 5132 iu

2162 5144 2553 5215 conceptione,
2608 5157 2730 5215 cum
2777 5144 3066 5215 conceptio
3123 5157 3228 5196 non
3278 5147 3348 5198 sit
3410 5149 3731 5215 subjectum

2162 5211 2389 5261 macula:
2423 5209 2721 5276 originalis,
2789 5212 2878 5264 sed
2923 5213 2991 5265 sit
3024 5215 3165 5266 actio
3219 5225 3438 5268 nectens
3480 5209 3730 5269 animam

2166 5281 2398 5351 corpori,
2461 5281 2543 5351 vel
2605 5280 2884 5347 utriusque
2947 5283 3097 5344 unio,
3167 5283 3218 5335 in
3272 5299 3376 5351 qua
3415 5301 3518 5338 non
3577 5291 3736 5339 cadit

2168 5349 2397 5400 marulu.
2443 5350 2534 5402 sed
2588 5351 2637 5403 in
2685 5351 2940 5412 animam,
3007 5361 3165 5418 prout
3237 5349 3569 5407 substanteni
3652 5360 3732 5410 illi

2167 5420 2365 5494 actioni
2413 5420 2493 5494 vel
2527 5421 2888 5485 conceptioni.
2927 5420 3148 5494 VideHP.
3181 5421 3537 5494 Theophilum
3580 5425 3736 5494 Bay-

2165 5487 2473 5564 naudum‘in
2493 5502 2652 5564 Opere
2675 5489 3201 5564 praenotatozhl’ietas
3228 5487 3579 5560 Lugdunensis
3597 5487 3731 5564 ετῇα

2169 5557 2564 5609 immaculatum
2605 5557 2667 5610 Β.
2734 5558 2960 5628 Virginis
2996 5557 3416 5630 Canceplion'em.
