3948 6304
253 306 382 371 1381

1643 304 2002 367 MARIALE.

3341 306 3481 370 1382

1125 582 1478 643 EIUSDEM
1526 581 1588 642 S.
1629 582 1950 645 JOSEPHI
1999 580 2593 642 HYMNOGRM’HI

1429 719 2115 824 THEOTOCIA
2191 703 2314 804 (⁵⁸)

944 877 1091 939 Sive
1138 874 1580 939 Allocutioues
1627 875 1704 936 ad
1752 876 1995 937 beatam
2027 875 2359 954 Virginem
2411 875 2769 956 Deiparam.

556 1043 640 1096 Ex
665 1021 1039 1109 canone'feria?
1061 1057 1098 1094 ιι
1134 1039 1286 1093 hehd.
1321 1055 1356 1093 ιι
1384 1037 1486 1108 (a).

311 1140 448 1194 Cum
475 1137 752 1192 Christum
782 1150 844 1187 ex
875 1133 1108 1187 mortuis
1149 1130 1447 1186 secundum
1471 1143 1692 1184 carnem
1721 1142 1805 1184 re-

237 1238 550 1298 surgentem
594 1226 844 1290 vidissos,
871 1240 903 1276 ο
936 1223 1029 1277 Dei
1080 1218 1332 1292 genitrix,
1365 1220 1659 1292 gaudebas.
1698 1219 1804 1273 Sed

239 1336 383 1374 nunc
420 1333 542 1374 cum
589 1316 782 1370 all'ectu
831 1316 895 1368 ad
945 1324 997 1366 te.
1042 1313 1239 1378 clamo,
1275 1329 1308 1366 o
1349 1323 1523 1375 casm,
1567 1309 1806 1380 gratula-

239 1411 479 1474 bundus,
509 1417 567 1463 ut
615 1407 866 1460 eumdem
917 1404 1225 1473 depreceris
1273 1411 1332 1456 ut
1368 1401 1499 1455 mihi
1543 1403 1807 1456 concedat

238 1501 294 1556 in
328 1499 510 1555 futuro
553 1498 754 1552 saeculo
802 1496 1041 1550 divinam
1088 1504 1236 1548 tuam
1277 1492 1694 1547 advocationem
1739 1507 1805 1547 ac

234 1591 606 1663 patrocinium
641 1588 898 1658 reperire.

309 1681 367 1736 lu
395 1683 536 1736 ulnis
561 1681 739 1734 ferens
765 1679 1041 1733 Christum
1063 1692 1126 1730 ex
1147 1685 1196 1731 te
1222 1683 1588 1745 corporatum,
1616 1674 1801 1745 Virgo,

234 1775 416 1845 ipsum
452 1788 579 1844 roga
611 1771 831 1826 utulnis
858 1784 943 1824 me
981 1769 1200 1837 colligat
1225 1782 1370 1820 nunc
1407 1774 1678 1820 errantem
1711 1780 1805 1834 per

232 1866 420 1919 omnia
450 1864 678 1932 abrupta
720 1862 863 1925 vitae,
904 1876 968 1915 ac
997 1859 1199 1930 passim
1228 1857 1474 1928 quotidie
1514 1872 1610 1927 per
1636 1856 1807 1928 negli-

233 1956 474 2026 gentiam
511 1953 892 2009 olleusantem.

302 2044 462 2116 323
507 2043 854 2113 Obstupescit
890 2041 1176 2095 universus
1219 2038 1389 2105 orbis,
1432 2037 1683 2098 Domina,
1735 2036 1802 2090 ad

233 2137 565 2206 cogitatione
599 2133 851 2204 superius
905 2132 1225 2202 mysterium
1278 2138 1466 2199 partus
1499 2129 1599 2183 tui.
1648 2126 1803 2182 Paris

232 2227 378 2287 enim
400 2224 803 2280 Emmanuelem
825 2237 947 2276 vere
967 2222 1130 2276 Deum
1152 2219 1650 2274 immaculatissima
1665 2219 1798 2288 (5‘2),

232 2315 596 2382 eumdcmque
638 2302 855 2381 propter
907 2325 1007 2364 nos
1039 2311 1331 2379 hominem,
1367 2310 1458 2380 qui
1491 2324 1651 2364 cruce
1700 2323 1799 2363 sua

234 2405 399 2460 solvit
442 2402 780 2474 tyrannidem
817 2402 1036 2456 mortis.-

572 2491 654 2546 Ea:
688 2507 882 2544 canone
911 2490 1058 2558 feriae
1091 2503 1150 2543 ιιι
1182 2488 1332 2544 Itebd.
1366 2507 1425 2545 ιι.

303 2585 348 2639 0
391 2583 678 2638 miracula!
711 2597 744 2635 ο
798 2591 1021 2651 stupore
1067 2584 1283 2651 plenum
1332 2580 1615 2634 nuntium!
1643 2566 1794 2635 Paris

225 2677 378 2732 enim
410 2691 570 2730 carne
595 2673 788 2736 Deum,
813 2673 903 2742 qui
924 2673 1084 2727 solvit
1107 2672 1294 2727 mortis
1320 2672 1552 2735 vincula,
1579 2681 1632 2726 et
1668 2686 1792 2725 cor-

229 2767 486 2837 ruptione
511 2766 760 2820 homines
787 2763 1060 2828 liberavit,
1099 2763 1260 2834 Virgo
1287 2765 1431 2832 apud
1463 2761 1631 2816 Deum
1673 2779 1794 2831 gra-

231 2861 553 2914 tiosissima.
1304 2895 1319 2932 ί

304 2947 436 3006 Viso
466 2963 622 3018 quem
643 2946 901 3018 peperisti
929 2945 1038 3001 Deo
1068 2961 1190 2999 cum
1225 2955 1526 3013 resurgeret
1548 2961 1613 3000 ex
1645 2961 1793 2999 mor-

231 3042 369 3106 tuis,
402 3041 700 3112 apparuisti
747 3038 944 3111 gaudio
975 3037 1154 3107 plena,
1204 3035 1362 3107 Virgo
1392 3035 1558 3091 Maria
1592 3054 1605 3090 :
1638 3036 1790 3090 illum

307 3181 518 3253 (5i).ln
573 3187 883 3253 pervetusto
925 3178 1123 3253 podice
1153 3176 1795 3253 pergamenaceoﬁmce

228 3245 337 3308 ms‘.
364 3245 720 3306 celeberrimae
737 3247 1070 3303 bibliothecae
1089 3245 1392 3316 Bai'berinre
1423 3263 1477 3300 ιι.
1509 3249 1630 3309 “8.
1656 3262 1795 3316 prai-

230 3333 315 3376 ter
347 3321 622 3375 'l‘riodium
656 3320 743 3387 (de
769 3333 875 3385 quo
897 3332 1058 3383 supra
1091 3315 1348 3387 diximus)
1396 3331 1576 3387 apag.
1606 3317 1712 3370 ΞΠ
1742 3328 1796 3372 et

230 3393 510 3460 deinceps,
560 3379 734 3460 exstat
765 3379 905 3460 aliud
949 3379 1256 3460 Triodiuiu,
1296 3379 1466 3460 quod
1493 3379 1685 3460 incipit
1724 3390 1794 3441 ab

232 3453 617 3529 Antipa'schate
635 3458 782 3529 _(seu
813 3457 878 3529 ab
907 3465 1113 3529 octava‘
1135 3453 1395 3529 __l’_asclt:e,
1453 3453 1707 3529 nimii-itm
1749 3473 1792 3529 _a

233 3520 428 3597 feria-2
482 3538 601 3598 post
635 3520 969 3598 Dominicam
1003 3523 1057 3577 in
1085 3520 1258 3586 Albis)
1303 3534 1488 3598 usque
1505 3526 1571 3578 ad
1605 3523 1792 3577 Domi-

1829 1049 1873 1104 Α
1905 1039 2069 1109 igitur
2101 1054 2218 1103 ora,
2252 1040 2437 1110 Virgo,
2480 1049 2538 1095 ut
2567 1057 2629 1095 ex
2660 1043 2830 1098 corde
2873 1053 3063 1098 nostro
3088 1044 3328 1100 dolorem
3382 1063 3474 1117 pe-

1907 1131 2054 1183 nitus
2087 1145 2302 1184 omnem
2339 1126 2635 1200 abstergat.

1977 1219 2183 1276 Lumen
2244 1223 2590 1277 inocciduum
2641 1223 2929 1292 splendens
2969 1241 3033 1280 ex
3068 1228 3296 1283 mortuis
3346 1245 3470 1283 cum

1911 1312 2166 1377 vidisses,
2199 1315 2396 1381 gaudio
2427 1315 2629 1383 repleta
2656 1330 2715 1370 es
2748 1331 2966 1386 magno,
2995 1327 3048 1371 et
3078 1321 3365 1385 congavisa
3388 1337 3472 1384 es,

1914 1401 2100 1470 Virgo,
2136 1404 2504 1458 sanctissimis
2541 1405 2848 1474 discipulis,
2897 1424 3024 1462 cum
3065 1411 3267 1479 quibus
3312 1415 3472 1467 nobis

1907 1493 2135 1562 impetra
2191 1495 2568 1550 remissionem
2630 1497 3107 1555 innumerabilium
3165 1503 3470 1573 culparum,

1903 1582 2130 1654 Deipara
2169 1586 2332 1639 tutela
2367 1585 2628 1641 ﬁdelium.

2250 1672 2334 1726 Ea:
2367 1691 2563 1728 canone
2592 1675 2742 1743 feria:
2771 1693 2822 1733 Iv
2855 1679 3008 1733 hebd.
3044 1696 3104 1734 ιι.

1976 1749 2230 1832 Spectata
2260 1779 2318 1818 es
2361 1766 2873 1834 superior-angelis,
2901 1783 3026 1822 cum
3076 1767 3242 1824 Deum
3278 1785 3472 1840 corpo-

1904 1867 2083 1906 rasses
2125 1853 2446 1907 cruciﬁxum
2495 1855 2793 1923 sepultum,
2835 1866 2888 1910 et
2942 1859 3176 1916 mortuis
3216 1859 3469 1913 incorru-

1903 1945 2167 2013 ptionem,
2199 1961 2230 1998 ο
2266 1946 2448 2016 Virgo,
2487 1947 2804 2015 largientem
2834 1967 2846 2001 :
2881 1947 3051 2021 Quem
3089 1950 3390 2020 deprecare.
3414 1961 3470 2005 ut

1905 2028 2081 2090 Servet
2105 2049 2204 2089 nos
2229 2035 2506 2090 laudantes
2530 2046 2601 2092 te.
2752 2028 2754 2030 I
2944 2025 2947 2029 ⁸

1917 2129 1920 2132 ’
1975 2124 2296 2179 Mortilicato
2339 2135 2484 2192 tuus,
2525 2143 2558 2180 ο
2606 2126 2789 2197 Virgo,
2840 2126 3007 2184 Filius
3055 2128 3286 2192 inferno,
3324 2113 3467 2185 sicut

1902 2217 2242 2286 praedixerat,
2273 2233 2302 2271 e
2334 2219 2561 2272 mortuis
2591 2219 2846 2272 surrexit.
2882 2219 3035 2273 lllum
3062 2234 3178 2287 ora,
3206 2229 3310 2274 uta
3342 2236 3467 2291 pec-

1902 2307 2006 2361 cati
2077 2315 2131 2361 et
2180 2309 2428 2377 supplicii
2474 2309 2712 2378 pernicie
2741 2310 2930 2364 liberet
2972 2326 3160 2366 omnes
3191 2312 3283 2381 qui
3317 2315 3384 2366 ad
3416 2322 3467 2367 te

1903 2399 1954 2453 in
1987 2398 2091 2453 fide
2124 2392 2382 2455 clamant.
2877 2381 2890 2394 ³

1972 2491 2342 2546 Lretissi'mum
2393 2500 2587 2553 totum,
2638 2490 2811 2545 forma
2861 2492 3361 2561 incomparabilem,
3409 2506 3466 2547 ut

1903 2582 2111 2654 Sponsa
2158 2585 2496 2653 conspicata,
2551 2581 2740 2651 Virgo
2771 2599 2802 2637 θ
2865 2585 3055 2637 tumuli
3117 2585 3357 2640 thalamo
3407 2586 3462 2642 iu

1899 2690 2061 2728 carne
2105 2678 2509 2745 procedentem,
2539 2673 2739 2744 gaudio
2777 2676 2980 2744 repleta
3015 2691 3093 2730 es.
3124 2675 3298 2743 Quem
3329 2696 3462 2748 sup—

1901 2768 2039 2836 plica
2075 2775 2132 2820 ut
2163 2769 2512 2835 corruptione
2547 2782 2611 2821 ac
2634 2761 2792 2836 paena
2819 2783 2917 2822 nos
2946 2768 3166 2823 liberet.

2141 2857 2303 2929 324
2340 2858 2422 2912 Ex
2451 2874 2652 2932 canone
2693 2860 2842 2927 feria:
2877 2874 2906 2911 ν
2935 2859 3086 2912 hebd.
3122 2875 3184 2914 ιι.

1981 2949 2081 3014 Qui
2117 2959 2167 3003 te
2221 2959 2277 3004 ut
2327 2951 2585 3019 templum
2636 2952 3058 3020 pulcherrimum
3093 2935 3332 3005 condidit
3371 2948 3462 3006 ιε-

1901 3056 1997 3095 sus
2029 3041 2164 3111 (55),
2193 3040 2304 3094 llex
2341 3041 2634 3106 maximus,
2653 3042 2984 3096 descendens
3006 3041 3056 3095 in
3082 3040 3282 3096 inferos
3309 3044 3460 3097 tene-

1902 3181 2142 3254 hendat;
2213 3181 2524 3254 frequenter
2569 3183 2934 3254 tameniidem
2963 3182 3232 3251 Iosephus
3285 3179 3458 3251 ipsum

1903 3252 1960 3322 ll.
2001 3251 2270 3322 Virginem
2306 3251 2469 3308 etiam
2527 3253 3043 3308 immaculatissima:
3076 3254 3231 3322 titulo
3275 3254 3459 3322 appel-

1902 3321 2066 3392 lavit,
2089 3332 2145 3392 ut
2175 3325 2460 3392 perspicue
2510 3323 2856 3392 intelligatur,
2889 3323 3136 3375 eamdem
3174 3321 3231 3373 Β.
3277 3321 3457 3389 Virgi-

1899 3406 2020 3444 nem
2046 3389 2214 3445 {uisse
2246 3389 2478 3446 iii—omni
2508 3389 2705 3460 genere
2731 3406 2940 3460 puram,
2969 3407 3032 3444 ac
3061 3406 3275 3444 omnem
3307 3394 3458 3459 puri-

1899 3466 2064 3530 tatem
2129 3462 2439 3528 possibilem
2527 3461 2805 3530 attigisse,
2871 3475 3034 3527 quam
3117 3475 3454 3527 nequaquam

1899 3529 2197 3598 attingere,
2230 3533 2273 3585 si
2335 3529 2700 3598 impuritatem
2757 3529 3073 3597 originalem
3123 3530 3454 3596 admisisset.

235 3593 412 3654 uicani
459 3592 700 3666 (iniurium
729 3596 1075 3652 Sanctorum.
1113 3607 1231 3659 quae
1270 3597 1415 3666 apud
1450 3592 1666 3666 Gnaeos
1712 3594 1867 3655 estC
1903 3592 2363 3653 Huic'Matthzeus
2387 3592 2798 3652 Cantacuzenus
2847 3592 3139 3666 imperator
3192 3600 3245 3649 in
3277 3592 3455 3662 Canti-

235 3671 427 3740 primaf
448 3678 566 3736 post
591 3663 988 3726 Peutecostem,
1027 3678 1153 3740 cum
1203 3659 1665 3740 sua’hebdomada
1696 3681 1796 3740 _se-

232 3732 420 3807 {luenti
443 3732 459 3789 Ξ
485 3745 933 3807 et,_pr2eterquam
971 3732 1198 3807 quodin
1235 3732 1543 3807 ipso_titul0
1579 3734 1796 3807 praefert

232 3799 508 3862 auctorem
557 3799 867 3871 Josephnm,
898 3817 1068 3855 canon
1104 3799 1265 3871 feria!
1301 3800 1333 3871 2
1366 3799 1712 3871 hebdomadis
1738 3805 1794 3865 ἓ,

233 3881 380 3931 hanc
404 3876 560 3930 habet
601 3869 1016 3928 acrostiehidem
1047 3887 1060 3923 :
1101 3869 1256 3922 Canit
1283 3870 1398 3939 ista
1437 3869 1651 3939 Josep/i.
1681 3870 1797 3926 Hoc

235 3947 512 4000 Triodium
546 3945 707 4013 (quod
763 3956 1022 4013 tanquam
1067 3938 1531 4013 pretiosissimum
1565 3938 1795 4013 thesea.

233 4031 356 4070 rum
392 4015 520 4066 mihi
553 4009 753 4066 detexit
788 4009 1251 4068 vir’clarissimus.
1287 4024 1314 4060 a
1344 4023 1428 4061 me
1460 4010 1616 4073 alias,
1671 4009 1794 4063 licet

235 4100 346 4138 nou
383 4098 476 4151 pro
507 4083 733 4146 meritis,
761 4083 1020 4151 laudatus
1042 4079 1155 4151 Leo,
1176 4078 1408 4151 Ailatius
1435 4089 1486 4151 et
1521 4078 1589 4151 ι).
1623 4076 1793 4151 Caro-

235 4156 321 4208 lus
357 4146 633 4215 illm-onus,
689 4148 1100 4205 eminentissimi
1130 4147 1186 4199 υ.
1213 4146 1484 4201 Francisci
1515 4147 1789 4202 Barberini

239 4216 302 4277 Β.
346 4222 410 4276 ιι.
449 4222 504 4274 Ε.
532 4221 818 4274 cardiualis
850 4221 960 4273 vice
983 4218 1288 4271 caucellarii
1321 4217 1789 4282 bibliotliecarius,

235 4295 320 4344 vir
348 4292 781 4354 eruditissimus,
808 4299 859 4341 et
890 4305 994 4340 nou
1020 4287 1189 4339 solum
1221 4289 1287 4339 de
1317 4303 1420 4351 me,
1450 4288 1541 4341 sed
1577 4289 1644 4339 de
1670 4288 1788 4352 plu-

243 4362 356 4415 mis
394 4361 708 4413 hominibus
733 4358 959 4410 eruditis
989 4357 1189 4425 optime
1214 4358 1458 4420 meritus,
1483 4367 1535 4409 et
1558 4371 1788 4421 merens,

238 4431 373 4484 mihi
417 4431 805 4483 humaniSSime
844 4427 1282 4490 eommunicwit)
1319 4437 1510 4492 praeter
1552 4441 1788 4480 canones

235 4502 400 4554 triqu
450 4501 669 4552 udarum
708 4499 725 4567 (
755 4513 782 4551 ει
829 4497 1024 4564 quibus
1061 4493 1338 4567 Triodium
1368 4496 1786 4564 denominatur),

237 4572 401 4622 habet
457 4571 614 4621 etiam
660 4564 894 4620 canones
929 4565 1241 4624 Ictraodios,
1291 4564 1342 4616 id
1402 4575 1482 4617 est
1532 4574 1785 4632 quatuor,

236 4655 305 4692 ne
334 4643 590 4693 canones"
619 4640 872 4704 integros,
915 4650 1104 4688 novem
1157 4635 1404 4686 odarum.
1456 4633 1520 4684 Et
1560 4636 1680 4686 licet
1734 4635 1784 4685 iu

235 4723 302 4761 eo
335 4712 576 4776 quaedam
610 4711 715 4760 sint
759 4707 882 4758 lolia
943 4705 1202 4776 abscissa,
1236 4717 1395 4769 atque
1426 4704 1619 4776 alicubi
1655 4704 1786 4776 chaf

234 4772 413 4830 i'acter
447 4779 515 4830 ob
545 4776 916 4844 antiquitatem
961 4775 1028 4825 ita
1064 4785 1432 4837 consumptus.
1467 4782 1522 4825 ut
1568 4774 1649 4824 vix
1687 4772 1785 4844 legi

236 4848 430 4914 possit,
462 4843 767 4898 Theotocns
798 4854 997 4904 tamen,
1031 4859 1149 4911 quae
1175 4851 1564 4907 remanserunt,
1600 4853 1653 4894 et
1683 4843 1783 4914 legi

233 4912 545 4984 potuerunt,
586 4916 857 4968 Lectorem
903 4916 1134 4965 lraudari
1180 4929 1281 4964 non
1310 4929 1424 4963 sum
1449 4928 1661 4980 passus,
1693 4912 1782 4984 sed

233 4983 323 5047 ea,
353 4995 407 5036 ut
446 4985 702 5037 Marianis
736 4985 1032 5037 cultoribus
1081 4986 1415 5049 prodessent,
1484 4998 1544 5034 ex
1591 4983 1786 5048 praeui-

237 5065 341 5107 ctis
397 5057 696 5108 cauouihus
751 5054 975 5104 lideliter
1034 5066 1300 5118 excerpta,
1381 5063 1433 5104 et
1497 5053 1688 5119 partim
1759 5066 1785 5100 a

237 5123 278 5176 Ρ
319 5125 474 5177 Petro
508 5123 732 5175 l’ussino
766 5138 879 5176 soc.
903 5120 1025 5173 .Iesu
1061 5122 1305 5188 thenlogo
1340 5122 1451 5172 viro
1477 5121 1788 5173 doctissimo

237 5209 302 5246 ac
341 5196 725 5253 eruditissimo,
753 5196 943 5260 partim
988 5207 1111 5242 vero
1142 5207 1168 5241 a
1192 5189 1263 5260 ι).
1289 5189 1557 5243 Ludovico
1583 5188 1789 5241 Marac-

235 5261 324 5315 eio
374 5264 536 5315 l'ratre
594 5279 728 5326 meo,
754 5259 830 5314 de
863 5262 1048 5314 (inero
1084 5278 1131 5312 ιιι
1187 5259 1431 5310 Latinum
1483 5274 1784 5312 sermonem

239 5336 524 5394 translata,
567 5348 727 5400 supra
754 5333 802 5383 in
836 5331 936 5382 hoc
965 5346 1122 5396 opere
1154 5331 1368 5381 exhilmi
1400 5346 1412 5380 :

313 5402 445 5469 (52).
513 5395 656 5453 Licet
704 5417 799 5453 vox
852 5401 1217 5459 immaculata,
1271 5399 1561 5464 salpissime
1621 5413 1648 5448 a
1696 5395 1789 5448 Jo-

240 5476 409 5539 sepho
443 5485 624 5524 nostro
654 5470 708 5521 Β.
746 5471 942 5538 Virgini
979 5471 1196 5528 tributa,
1229 5479 1280 5521 et
1323 5471 1462 5534 quod
1499 5470 1776 5539 Sil_tlt,'g;t-

238 5536 368 5604 lira,
437 5555 487 5594 et
571 5541 720 5607 juxta
801 5536 911 5594 sua:
983 5540 1390 5608 signiﬁcationis
1457 5536 1784 5602 aniplexum,

242 5615 405 5664 totius
431 5629 492 5665 ac
521 5612 804 5676 cujuslibet
832 5613 1052 5662 lll-tClllLL'
1116 5618 1406 5660 carenth
1437 5613 1786 5672 comprehen—

1900 3681 2022 3720 cum
2081 3669 2414 3722 canticorqu
2468 3668 2696 3721 lirmiter
2755 3667 3037 3722 arihmreus
3096 3666 3155 3720 Β.
3216 3667 3452 3732 Virginis

1904 3735 2051 3804 totali
2105 3737 2323 3802 puritati
2369 3735 2538 3804 Super
2593 3737 3020 3799 immaculatum,
3065 3735 3220 3804 quasi
3277 3737 3458 3791 diciere

1897 3803 2127 3859 voluerit
2165 3803 2471 3859 ascendisse
2528 3821 2690 3872 supra
2721 3820 2935 3858 onmem
2986 3803 3269 3873 puritatem
3303 3821 3456 3859 crea-

1897 3883 2028 3945 tam,
2080 3875 2260 3928 adhuc
2293 3877 2434 3945 ul_tra
2488 3875 2756 3945 justitiam
2826 3876 2984 3927 etiam
3017 3874 3379 3945 originalem,
3406 3877 3453 3928 si

1897 3942 2007 4012 fieri
2065 3955 2264 4012 posset.
2325 3942 2502 3997 Favet
2542 3945 2598 3997 S.
2631 3944 2956 3998 Eustarhius
3000 3944 3366 3997 Antiochenus
3402 3945 3454 3996 in

1894 4010 2292 4077 Hexaemeron,
2324 4016 2451 4066 dum
2495 4015 2565 4067 ibi
2627 4012 2896 4080 Virginem
2928 4013 3160 4081 appellat
3192 4014 3453 4064 Acrantos

1893 4099 2014 4149 quae
2040 4082 2202 4136 dictio
2258 4094 2341 4136 est
2373 4085 2535 4136 totius
2591 4083 2838 4150 puritatis
2885 4097 2949 4134 ac
3002 4083 3178 4134 omnis
3231 4083 3456 4135 macula:

1893 4149 2222 4221 exclusionis
2253 4149 2632 4221 sigmllcativa.
2683 4151 3022 4219 Quapropter
3071 4152 3150 4202 vir
3199 4150 3454 4203 eruditis-

1895 4222 2071 4289 simus
2106 4219 2212 4275 Leo
2231 4219 2459 4275 Allatius
2486 4222 2604 4289 ejus
2663 4224 2928 4286 interpres
2961 4229 3014 4272 et
3059 4228 3456 4272 commentator

1892 4288 2022 4342 dicit
2051 4291 2194 4358 quod
2245 4288 2531 4358 significat,
2559 4293 2701 4358 quod
2759 4290 2888 4342 Tota
2931 4289 3149 4358 pulchra
3204 4298 3301 4358 est,
3332 4304 3454 4358 nec

1893 4356 2082 4410 ullum'
2140 4356 2374 4414 admittit
2448 4356 2658 4412 omnino
2733 4359 3019 4412 maculam.
3084 4356 3150 4410 Et
3217 4356 3451 4410 Lexicon

1893 4429 2274 4495 locupletatum
2307 4444 2334 4481 a
2356 4429 2534 4482 Budeo
2561 4429 2732 4492 ducit,
2763 4433 2904 4494 quod
2940 4427 3244 4495 signilieat:
3284 4425 3452 4495 Nulla

1892 4493 2135 4566 aspersus
2195 4501 2424 4562 macula,
2504 4498 2659 4550 nulla
2719 4493 2958 4549 labecuta
2997 4493 3255 4566 notatus.
3322 4493 3454 4549 Vide

1890 4561 2358 4636 Νιυιηειιιὺετείυιῐι
2388 4561 2440 4621 iu
2466 4567 2889 4638 Exceptionibus
2913 4581 3032 4635 cap.
3057 4561 3088 4618 6
3111 4577 3160 4618 et
3195 4565 3283 4617 15.

1967 4701 2098 4771 (53).
2131 4702 2186 4754 Si
2211 4703 2269 4761 Β.
2313 4702 2474 4775 Virgo
2525 4712 2583 4775 ut
2647 4703 2903 4768 iemplum
2960 4697 3449 4775 pulclierrimuma

1888 4773 1996 4824 Deo
2043 4784 2122 4824 est
2176 4772 2430 4831 condita,
2476 4773 2623 4826 nullo
2671 4785 2828 4839 pacto
2911 4774 3038 4825 dum
3099 4772 3448 4828 conderemr,

1889 4843 2023 4894 idest
2071 4842 2198 4893 dum
2230 4844 2624 4908 conciperetur,
2656 4843 2923 4894 contraxit
2970 4841 3228 4907 originale
3260 4856 3449 4907 pecea-

1891 4923 2026 4968 tum,
2067 4913 2337 4976 quodnon
2407 4912 2580 4962 solum
2640 4925 2852 4964 omnem
2915 4920 3125 4961 amovet
3161 4909 3227 4959 ah
3264 4909 3445 4958 anima

1822 4981 1863 5033 ι)
1893 4981 2363 5047 pulchritudinem,
2398 4981 2488 5031 sed
2515 4994 2632 5032 eam
2685 4979 2890 5031 macula
2961 4978 3121 5030 inlicit
3165 4981 3445 5047 atque-dc-

1897 5044 2090 5115 turpat.
2119 5048 2254 5101 Hine
2281 5047 2516 5102 Thomas
2539 5049 2603 5100 de
2635 5047 2850 5115 Kempis
2881 5064 3043 5100 serm.
3068 5047 3137 5098 25
3191 5044 3253 5096 ad
3280 5044 3444 5115 ﬁuvi-

1899 5114 2001 5170 tios
2032 5120 2102 5170 ait
2147 5136 2157 5170 :
2204 5139 2218 5168 ι
2289 5119 2577 5185 Spiritualc
2625 5117 2712 5169 Dei
2765 5114 3069 5183 Templum,
3151 5114 3288 5176 quod
3362 5121 3444 5185 est

1891 5187 1948 5240 B.
1991 5186 2149 5255 Virgo
2179 5181 2343 5240 Maria
2373 5188 2440 5239 ab
2499 5188 2643 5238 omni
2700 5187 2817 5239 labe
2870 5181 3023 5253 pura.
3060 5197 3229 5255 supra
3262 5181 3447 5255 animo

1893 5249 2426 5320 templavsanctorum
2462 5259 2720 5322 praenitet.
2765 5276 2780 5306 ι
2823 5249 2921 5308 δέει
2972 5254 3168 5317 ομιιιιιε
3201 5252 3256 5302 5.
3308 5249 3444 5322 (ire-

1892 5319 2076 5391 gorius
2109 5319 2479 5378 Nazianzenus
2526 5327 2576 5378 in
2609 5326 2776 5393 Epist.
2813 5327 2873 5377 ad
2928 5321 3258 5393 Nemo-slum,
3314 5319 3440 5370 dum

1892 5394 2063 5461 inquit
2101 5415 2112 5447 :
2153 5415 2169 5445 (
2239 5397 2289 5446 ιιι
2327 5399 2616 5447 multorum
2652 5392 2955 5446 ’Immiuum
3011 5406 3102 5461 ore
3155 5392 3240 5442 hic
3264 5405 3445 5461 sermo

1891 5457 2150 5527 versatur,
2180 5466 2344 5517 Deum
2368 5467 2660 5525 hominem,
2695 5466 2742 5517 id
2770 5475 2871 5526 est,
2901 5459 3198 5521 Christum,
3220 5477 3280 5510 ei.
3316 5457 3434 5507 Vir-

1891 5536 2027 5602 ginis
2054 5537 2173 5587 sinu
2201 5544 2379 5587 ortum
2406 5550 2546 5598 esse,
2573 5551 2752 5602 quem,
2784 5535 2831 5584 id
2871 5541 2945 5583 est
2980 5531 3153 5602 sinum
3183 5529 3255 5579 Vin
3276 5528 3442 5594 ginis,

1891 5600 2122 5673 Spiritus
2156 5616 2397 5665 sanctus,
2439 5621 2556 5655 eum
2588 5600 2674 5657 Dei
2702 5605 2874 5670 magni
2908 5600 3105 5667 templo
3151 5612 3441 5662 coagmen-

305 5724 376 5789 (a)
411 5723 500 5771 Hic
526 5735 694 5781 canon,
720 5728 772 5770 ut
796 5723 876 5770 alii
902 5722 1023 5770 intra
1057 5720 1298 5781 nonnulli,
1325 5720 1491 5769 Graece
1515 5731 1607 5766 non
1633 5725 1793 5766 exstat
1815 5718 1863 5767 in
1899 5717 2264 5767 Pentecoslario
2286 5719 2576 5768 Graecorum.
