3948 6304
533 267 666 330 i381

533 393 592 432 ut
623 385 871 447 supernis
901 373 1184 430 ordinibus
1223 363 1505 439 manifeste
1539 361 1889 420 sanctiorem,
1921 365 1974 408 et
2009 352 2094 406 di-

532 452 716 524 vinum
749 480 964 538 pontem
1011 462 1467 522 transmittentem
1498 453 1757 509 mortales
1801 449 1863 502 ad
1905 462 2097 516 supcr—

535 562 838 615 mnndanos
863 559 1082 611 choros.

599 651 759 705 Lucis
803 649 1034 716 genitrix
1063 645 1249 714 Virgo,
1277 641 1458 696 divina
1493 647 1581 691 tua
1618 636 1736 688 luce
1767 633 1977 685 illustra
2013 642 2102 682 co-

539 745 831 814 gitationes
879 750 1098 818 nostras
1128 748 1181 790 et
1225 735 1387 789 corda
1424 752 1437 786 :
1475 724 1961 784 intercessionibus
1994 720 2102 772 tuis

538 835 1003 903 perturbationum
1047 827 1330 895 caliginem
1365 823 1658 890 dissipans,
1691 827 1742 870 et
1782 827 1970 868 omnes
2012 826 2104 879 per

539 925 769 994 gratiam
803 923 1097 991 participes
1131 919 1338 973 faciens
1370 915 1474 968 diei
1507 923 1730 980 vespere
1768 917 2028 960 carentis.

876 1047 958 1101 Ea:
990 1063 1182 1101 canone
1211 1045 1356 1114 ferire
1385 1057 1470 1104 ιιι,
1521 1037 1675 1092 Itebd.
1709 1049 1787 1088 ttt.

617 1161 810 1216 Omnia
853 1158 1221 1214 continentem
1275 1147 1590 1217 concepisti,
1625 1141 1968 1197 immaculata
2002 1137 2107 1191 Do-

541 1255 706 1309 ntina.
733 1250 867 1303 Eum
893 1248 986 1318 qui
1013 1246 1269 1302 contrivit
1299 1249 1483 1313 portas
1508 1235 1688 1298 inferi,
1721 1241 1772 1288 et
1798 1231 1891 1302 qui
1919 1244 2106 1284 resur-

545 1347 703 1408 rexit,
740 1345 879 1398 sicut
906 1342 1134 1401 dixerat,
1169 1339 1256 1392 die
1283 1335 1467 1390 tertio.

613 1435 691 1490 Tu
727 1451 785 1490 es
807 1433 1050 1488 omnium
1087 1432 1193 1485 vita
1230 1447 1242 1482 :
1278 1438 1330 1482 tu
1356 1428 1620 1487 virorum,
1653 1431 1706 1476 et
1745 1425 2106 1501 mortuorum,

543 1527 866 1588 consolatio,
897 1541 930 1579 o
964 1523 1216 1584 Verbum,
1242 1519 1522 1591 gaudium,
1549 1524 1601 1568 et
1627 1510 1969 1572 illuminatio,
1990 1523 2108 1577 qua:

543 1617 794 1672 eﬂitlsisti
840 1633 903 1670 ex
940 1614 1184 1681 Virgine,
1217 1621 1269 1665 et
1305 1610 1390 1665 die
1448 1608 1604 1662 tertia
1653 1605 1920 1675 gloriosus
1953 1617 1982 1653 e
2022 1614 2108 1653 se—

544 1713 732 1781 pulcro
767 1706 1130 1762 resnrrexisti.

619 1803 748 1858 Viso
777 1818 806 1855 e
833 1800 1063 1854 mortuis
1092 1803 1426 1866 resnrgente,
1452 1782 1701 1860 Deipara',
1735 1799 1826 1841 tuo
1861 1783 2019 1846 Filio,
2056 1793 2110 1836 et

550 1895 682 1958 Deo,
712 1895 914 1961 repleta
960 1907 1018 1944 es
1067 1889 1260 1958 gaudio
1310 1885 1490 1954 gaudii
1529 1883 1827 1947 laetitiaeque
1863 1877 2104 1929 omnium

548 1999 732 2040 causa.
795 1982 1087 2050 Pr0pterea
1130 1978 1288 2047 327
1340 1987 1389 2030 te
1423 1974 1659 2028 laetanter
1710 1967 1887 2022 omnis
1928 1965 2107 2018 anima

549 2075 808 2136 celebrat,
835 2082 887 2126 et
921 2070 1186 2139 glorificat
1215 2081 1446 2136 semper,
1475 2077 1508 2116 o
1544 2061 1720 2126 Virgo.

883 2178 967 2232 Ea:
1003 2193 1201 2230 canone
1230 2176 1377 2241 ferire
1415 2185 1486 2233 tv,
1523 2167 1671 2220 hebd.
1701 2181 1772 2219 tv.

619 2290 842 2344 Gladius
873 2287 1108 2340 animam
1148 2293 1314 2345 tuam,
1362 2279 1520 2346 Virgo
1575 2275 1943 2336 immaculata,
1993 2290 2114 2342 per-

550 2382 783 2444 transiit,
843 2376 1060 2446 quando
1096 2372 1372 2427 Christum
1417 2370 1566 2424 cruci
1618 2368 1832 2421 affixum
1891 2366 2110 2420 vidisti:

553 2470 852 2530 lixsultasti
874 2481 1055 2522 autem
1083 2464 1332 2519 eumdem
1363 2478 1391 2517 e
1413 2462 1663 2531 sepulcro
1685 2460 1994 2528 conspicata
2027 2473 2114 2511 re-

554 2562 844 2620 divivutn.‘

625 2653 701 2708 Te
736 2648 1073 2722 splendidam
1110 2645 1307 2700 nubem
1333 2641 1630 2712 spiritualis
1660 2639 1810 2702 solis,
1847 2636 1966 2722 Deo.
1990 2650 2116 2704 gra-

551 2746 788 2808 tissima,
830 2741 1113 2797 laudantes
1165 2737 1544 2807 praedicamus.
1583 2732 1759 2786 Corda
1787 2737 1966 2783 nostra
1998 2726 2118 2780 illu-

555 2840 722 2901 mina,
766 2833 1018 2891 tenebras
1057 2846 1087 2886 e
1129 2829 1341 2884 cunctis
1365 2823 1638 2896 expellens
1680 2819 2038 2892 negligentiae,
2064 2823 2119 2871 et

555 2929 1046 3001 perturbationum,
1072 2938 1103 2977 o
1134 2920 1226 2975 Dei
1259 2921 1489 2989 Sponsa.
1853 2908 1859 2915 ’

626 3020 671 3076 0
724 3018 953 3074 maculat
992 3017 1151 3085 plane
1185 3013 1366 3068 omnis
1401 3026 1594 3080 expers
1645 3008 1780 3079 (58),
1826 3020 1954 3076 roga
1998 3003 2118 3057 sine

556 3110 963 3167 intermissione
987 3106 1264 3161 Christum
1287 3103 1454 3157 Deum
1471 3112 1737 3165 nostrum,
1760 3108 1817 3154 ut
1844 3114 1937 3152 eos
1953 3096 2117 3168 quite
2142 3085 2186 3144 C

556 3221 769 3276 semper
807 3204 1019 3258 beatam
1065 3199 1379 3269 praedicant,
1414 3196 1606 3250 liberet
1646 3209 1676 3249 e
1725 3194 2112 3256 tentationum,

632 3360 746 3430 (58)
785 3357 1073 3430 Deiparam
1127 3351 1396 3430 Virginem
1446 3348 1706 3430 Mariam,
1735 3349 1914 3430 omnis
1957 3348 2120 3416 plane

560 3419 805 3492 macula,
847 3419 1007 3478 etiam
1056 3419 1344 3475 levissima:
1370 3419 1598 3486 fpeccati
1629 3419 1875 3492 actualis,
1908 3433 2120 3492 semper

562 3489 836 3568 expertem
875 3494 1077 3568 fuisse,
1128 3501 1282 3568 extra
1334 3490 1754 3568 controversiam
1797 3489 2120 3568 estivalde

561 3555 706 3626 enim
734 3565 911 3619 decuit
938 3573 996 3617 ut
1025 3563 1134 3624 illa,
1167 3559 1254 3612 cui
1289 3567 1433 3610 tanta
1464 3572 1585 3610 cum
1617 3557 1834 3610 Christo
1867 3555 2116 3626 aﬂiliilasv

564 3625 618 3697 et
652 3634 978 3706 coniunctio
1000 3631 1117 3691 fuit,
1160 3629 1306 3706 nullo
1345 3641 1578 3706 u_nqu_am
1633 3626 1860 3706 actualis
1910 3625 2116 3693 peccati

566 3696 1012 3765 etiam'venialis
1089 3699 1298 3752 macula
1366 3696 1525 3748 fuerit
1588 3696 1997 3765 contaminata,
2041 3705 2122 3765 _nt

567 3763 778 3847 optime
815 3777 1225 3847 argumentatus
1258 3776 1364 3847 _est
1399 3765 1458 3818 D.
1491 3764 1814 3847 _Tlt‘0t_nas'3,
1853 3779 1900 3833 p.
1934 3779 1987 3832 q.
2027 3763 2118 3826 ‘27,

567 3834 622 3904 ai
655 3847 708 3899 4.
742 3834 1134 3909 Μεθ’ῡειρειε
1162 3835 1532 3909 multomagis
1554 3834 1711 3909 debet
1741 3834 1906 3886 fuisse
1930 3848 2122 3909 expers

568 3903 599 3971 ἐι
633 3903 844 3970 macula
888 3903 1087 3978 peccati
1124 3905 1420 3978 originalis,
1459 3903 2121 3978 citttt_l0"8¢,magi‘.-de'

569 3970 759 4042 deceat
791 3970 1137 4034 Dei'Matrem
1176 3970 1382 4028 macula
1415 3974 1681 4033 mortalis,
1718 3970 2018 4038 cuiusmodi
2045 3981 2125 4026 est

571 4062 853 4125 peccatum
889 4047 1133 4125 originis,
1162 4060 1324 4125 quam
1359 4043 1570 4125 macula
1613 4043 2016 4125 venialils,‘quat
2047 4052 2127 4124 taf

573 4116 732 4178 inetsi
783 4129 866 4172 est
908 4116 1206 4170 voluntaria

577 4278 740 4332 quam
771 4257 911 4332 quod
959 4271 1022 4332 ex
1069 4254 1416 4332 immunitate
1452 4250 1698 4332 Atnaculm‘
1733 4250 1969 4329 cujusvis
2001 4266 2124 4330 pec-

576 4320 680 4386 cati
709 4320 932 4384 act-uatis
981 4325 1031 4377 in
1060 4324 1320 4390 ,Deipara,
1357 4328 1500 4372 recte
1545 4321 1772 4390 infertur
1812 4320 2128 4374 immunitas

578 4419 607 4456 ι
661 4400 868 4454 macula
929 4392 1133 4463 peccati
1175 4389 1478 4463 'originalis,
1526 4403 1589 4441 ex
1657 4389 2133 4463 doctrinahmagni

581 4472 752 4525 Patris
808 4458 1115 4532 Augustini,
1169 4475 1288 4526 quae
1339 4461 1438 4532 fert
1484 4469 1697 4532 peccata
1747 4458 1978 4532 ar_tualia
2017 4458 2139 4532 esse

578 4541 814 4595 infelicia
874 4528 1112 4602 germina
1181 4529 1383 4602 peccati
1441 4528 1752 4602 originalis,
1806 4529 1877 4580 ita
1930 4537 1985 4580 ιιι
2030 4529 2138 4602 ubi-

581 4625 796 4678 cunque
844 4597 1125 4678 peccatum
1192 4600 1402 4678 actualc
1458 4597 2138 4678 invenitur,‘prazcesserit

581 4667 862 4748 originale,
894 4673 1189 4748 ubiautem
1217 4667 1375 4745 nullae
1399 4681 1650 4748 unquam,
1667 4667 1853 4745 sordes
1885 4667 2134 4748 actualis,

583 4734 772 4806 salTeut
823 4734 1084 4800 veniatis,
1142 4736 1502 4806 reperiuntur,
1558 4734 1791 4787 defuerit
1851 4735 2132 4806 originale.

583 4802 657 4874 ita
689 4817 832 4871 enim
866 4811 1106 4878 loquitur
1137 4802 1487 4874 Augustinus,
1534 4805 1630 4857 lib.
1671 4820 1700 4855 ν
1740 4813 1921 4857 contra
1953 4802 2136 4878 [uiitt-

586 4905 708 4944 nnm
741 4901 789 4938 ρ.
816 4888 882 4938 9:
923 4875 952 4930 ί
990 4878 1120 4930 lllud
1151 4890 1281 4928 sane
1314 4889 1562 4941 magnum
1600 4889 1893 4944 verumque
1933 4875 2134 4938 dixisti,

586 4942 712 5014 cum
783 4954 1056 5022 posuisses
1105 4946 1470 5022 testimonium
1514 4945 1773 5022 _Apostoli
1836 4942 2133 5022 dicentis“:

587 5011 685 5094 Qui
716 5011 986 5093 peccatum
1018 5024 1120 5094 "non
1151 5015 1620 5094 fecitinotandqm
1655 5012 1968 5094 essetquod
1990 5011 2134 5092 judi-

589 5082 792 5153 3min
853 5089 1145 5158 Apostolus
1201 5082 1440 5137 sufﬁcere
1497 5083 1564 5135 ad
1634 5082 2036 5158 ostendendum
2081 5083 2134 5135 in

587 5149 804 5223 Citristo
836 5149 1039 5213 nullum
1077 5154 1242 5208 fuisse
1272 5162 1570 5220 peccatum,
1610 5153 1733 5219 quia
1765 5150 1896 5223 dixit
1929 5149 2133 5223 nullum

591 5220 712 5296 eum
745 5233 937 5286 fecisse
963 5235 1256 5294 peccatum.
1295 5223 1358 5277 Ut
1392 5224 1626 5296 doceret,
1662 5222 1859 5296 inquis,
1889 5220 2011 5296 quia
2044 5221 2133 5282 qui

745 5306 890 5364 fecit,
926 5289 1119 5363 habere
1154 5310 1259 5347 tton
1298 5294 1490 5360 putuit,
1534 5293 1754 5366 omnino
1779 5289 2131 5366 ⁸γει-ιρδίιιιιιιιι

727 5357 1140 5437 Ρι-υῐιέυῑόθιιὶιιι
1175 5357 1453 5437 peccatum
1482 5361 1640 5411 etiam
1685 5362 1858 5436 major
1897 5357 2130 5437 fecisset,

595 5428 942 5516 gi-parvulus
973 5428 1271 5512 habuisset.
1320 5431 1476 5508 Nam.
1509 5428 1786 5496 propterea
1830 5428 2008 5516 nullus
2055 5438 2135 5505 est

596 5495 899 5574 hominum,
935 5520 1129 5578 praeter
1171 5505 1364 5570 ipsum,
1395 5501 1481 5566 qui
1510 5495 1787 5578 peccaturi)
1815 5513 1918 5549 non
1952 5495 2135 5578 fecerit

597 5566 897 5659 grandioris
936 5566 1114 5632 'zctatis
1169 5566 1408 5632 accessu,
1451 5572 1572 5634 quia
1615 5569 1790 5620 nullus
1838 5575 1919 5659 est
1961 5566 2133 5659 liomi-

597 5636 982 5724 ii'tt—mpprmtcr
1033 5648 1229 5712 ipsum,
1273 5656 1363 5708 qut
1413 5649 1683 5707 peceatum
1737 5653 1838 5688 non
1885 5636 2134 5688 habuerit

1649 250 1711 310 S.
1750 239 2060 307 JOSEPIII
2095 226 2643 297 HYMNOGRAPI"

2127 360 2169 413 Α
2199 356 2252 402 et
2285 342 2746 415 perturbationum
2791 332 3045 404 procella,
3081 340 3134 385 et
3165 328 3399 384 tenebris
3442 325 3760 395 laqueis-quc

1248 4116 1376 4181 (non
1417 4116 1539 4181 item
1594 4112 2130 4181 originalis)._tamen‘

574 4191 802 4249 levicula
842 4197 944 4250 est,
976 4200 1074 4238 nec
1114 4179 1385 4236 hominem
1435 4197 1462 4232 a
1495 4180 1603 4233 Deo
1643 4181 1855 4233 alienat.
1904 4179 2130 4234 Praater-

3629 211 3759 273 1388

2205 439 2461 494 insidiose
2490 428 2754 502 perplexis
2785 423 3006 477 diaboli.

2277 530 2538 582 Sanctum
2569 527 2882 574 sanctorum
2915 517 3077 579 supra
3103 510 3295 565 mentis
3321 517 3543 575 captum
3575 505 3780 574 genui;

2205 623 2294 682 sti,
2332 632 2362 669 ο
2389 616 2632 680 Deipara,
2656 607 2748 676 qui
2777 603 3276 660 sanctificationent,
3307 597 3760 665 redemptionem,

2203 719 2253 763 et
2286 704 2658 761 remissionem
2697 707 3035 766 peccatorum
3075 692 3340 750 ﬁdelibus,
3374 687 3450 741 Te
3475 687 3766 748 titediantc,

2207 798 2474 860 concedit,
2503 795 2596 863 qui
2635 793 2778 843 illius
2801 785 3252 842 resnrrecﬁonem
3285 779 3611 850 glorificent.

2566 901 2648 954 Ea:
2671 915 2863 952 canone
2886 897 3028 966 feria:
3048 910 3100 954 v,
3129 893 3278 948 hebd.
3313 907 3392 945 ιιι.
3481 935 3484 938 ,

2277 997 2479 1051 Luctus
2507 993 2623 1055 tibi,
2668 987 3012 1043 immaculata
3047 984 3233 1052 Virgo,
3265 996 3568 1036 conversus
3602 988 3688 1034 est
3716 977 3767 1031 in

2208 1088 2489 1157 gaudium,
2522 1082 2739 1152 quando
2771 1078 2950 1132 vidisti
2983 1087 3131 1130 tuum
3155 1075 3372 1138 Filium,
3399 1082 3452 1127 et
3483 1072 3768 1126 Dominum

2206 1180 2481 1232 Christum
2513 1190 2543 1228 e
2572 1171 2799 1226 mortuis
2823 1170 2911 1224 die
2935 1168 3090 1223 tertia
3117 1167 3349 1237 gloriose
3371 1172 3769 1233 resurgentem,

2211 1279 2264 1332 et
2294 1266 2553 1321 mundum
2590 1262 3007 1316 illuminantem.

2277 1353 2588 1425 Apparuisli
2627 1352 2880 1420 capacior
2913 1349 3086 1409 cuslis,
3120 1361 3152 1400 ο
3200 1347 3386 1414 Virgo,
3428 1344 3593 1397 Deum
3625 1356 3773 1397 com-

2206 1432 2383 1520 plexa,
2412 1446 2502 1515 qui
2537 1445 2637 1499 sub
2672 1453 2813 1498 terra
2848 1440 3006 1496 condi
3035 1438 3395 1500 sustinuerat,
3430 1443 3482 1488 et
3519 1433 3654 1488 mira
3679 1431 3772 1486 bo-

2207 1540 2375 1593 nitate
2403 1545 2572 1602 morte
2616 1534 2834 1604 propria
2869 1530 3336 1584 immortalitatem
3375 1527 3633 1581 omnibus
3668 1524 3770 1577 lar-

2209 1630 2349 1695 gitus
2385 1627 2578 1690 fuerat,
2618 1640 2779 1695 quem
2816 1623 2900 1694 pie
2935 1622 3301 1693 glorificantes
3342 1629 3411 1685 te,
3447 1628 3507 1672 ut
3545 1632 3645 1687 par
3666 1624 3771 1679 est,

2137 1701 2178 1752 Β
2208 1721 2420 1772 beatam
2455 1717 2813 1786 appellamus.

2388 1809 2554 1879 328
2588 1807 2670 1861 Ea:
2703 1822 2900 1860 canone
2938 1807 2993 1859 in
3024 1804 3313 1858 Parascevc
3339 1802 3490 1855 hebd.
3523 1816 3607 1855 ιιι.

2267 1917 2556 1972 Sanctifica
2571 1916 2729 1971 corda
2747 1913 3297 1979 nostra,sanctissima
3314 1911 3404 1965 Dei
3425 1924 3623 1980 sponsa
3641 1906 3769 1977 (59),

2211 2026 2332 2078 qua
2371 2008 2550 2062 vidisti
2591 2006 2999 2061 sanctissimum
3046 2003 3210 2058 Deum
3240 2001 3502 2063 Verbum,
3537 2016 3567 2055 e
3603 2009 3775 2054 morte

2213 2108 2606 2170 resurgentem,
2633 2108 2682 2153 et
2707 2099 2760 2153 in
2793 2098 2976 2152 laetitia
2995 2095 3241 2151 clamasti
3266 2092 3489 2149 :Outnis
3519 2094 3771 2147 substan-

2212 2192 2286 2262 tia
2309 2191 2488 2245 laudet
2520 2191 2827 2245 Dominum.

2279 2284 2614 2351 Apparuisti,
2645 2282 2810 2352 Virgo
2845 2282 3030 2345 Mater,
3075 2289 3272 2335 aurora
3310 2279 3454 2334 Solis
3487 2277 3761 2333 Iustitiae:

2216 2392 2380 2444 quem
2441 2391 2575 2438 cum,
2621 2375 2854 2430 vidisses
2895 2374 3191 2429 excitatum
3241 2389 3272 2428 e
3324 2372 3580 2431 mortuis.
3635 2371 3775 2426 sicut

2216 2467 2448 2528 dixerat,
2477 2475 2528 2519 et
2557 2466 2818 2519 mundum
2849 2474 3022 2518 totum
3069 2465 3456 2528 illustrantem,
3480 2462 3666 2532 gavisa
3695 2476 3771 2526 es,

2218 2567 2481 2628 osancta,
2515 2557 2739 2612 laudans
2760 2558 2908 2611 illum
2937 2566 2994 2611 ut
3023 2557 3336 2625 benignum.

2287 2646 2488 2703 Praeter
2519 2659 2727 2703 natura:
2767 2648 2938 2718 legem
2975 2648 3230 2717 peperisti
3271 2645 3619 2700 ineﬂabiliter
3645 2643 3750 2699 Ver

2222 2740 2352 2794 bum
2385 2740 2582 2805 Deum;
2617 2739 2785 2806 Quem
2829 2740 3120 2808 impiorum
3149 2722 3402 2802 consilio,
3434 2737 3668 2791 Domina
3698 2736 3777 2790 in-

2219 2831 2607 2902 eulpatissima,
2647 2829 2990 2893 crucifixum,
3027 2829 3320 2898 sepultum,
3366 2837 3420 2882 et
3474 2841 3770 2896 resurgen-

2223 2929 2328 2976 tem
2363 2937 2394 2976 e
2438 2923 2672 2976 mortuis
2707 2930 2767 2974 ut
2818 2921 3024 2983 vidisti,
3065 2920 3268 2988 repleta
3305 2933 3364 2974 es
3398 2916 3622 2986 gaudio,
3656 2925 3777 2971 eum

2223 3029 2320 3083 pro
2353 3013 2508 3067 nobis
2541 3027 2737 3081 rogans
2763 3012 3108 3066 laudantibus
3140 3021 3213 3065 te.

2526 3104 2607 3157 Ea:
2640 3120 2834 3158 canone
2863 3105 2917 3156 in
2941 3102 3172 3156 Sabbato
3204 3102 3354 3157 hebd.
3385 3117 3468 3155 ιιι.

2275 3195 2512 3283 Pqerum
2555 3195 2810 3266 peperisti
2843 3203 2900 3249 tu
2931 3182 3172 3265 quidem,
3198 3193 3290 3248 sed
3337 3191 3498 3261 Virgo
3522 3204 3776 3262 perman-

2225 3348 2492 3403 infantilis
2532 3349 2707 3404 aetatis
2762 3361 2974 3403 exortu.
3017 3367 3036 3400 ι
3073 3348 3164 3403 Sic
3208 3349 3318 3404 ille.
3365 3347 3442 3401 Ex
3485 3346 3646 3416 cujus
3691 3346 3778 3400 do-

2225 3420 2398 3472 ctrina
2441 3419 2609 3486 liquet
2661 3429 2938 3487 peceatum
2981 3418 3208 3487 originis
3255 3416 3773 3487 subsequentiagbaf

2227 3488 2351 3541 bere
2401 3484 2616 3555 peccata
2661 3484 2931 3551 'actualia,
2990 3496 3043 3542 et
3072 3484 3128 3557 'e
3176 3484 3454 3542 contrario
3496 3488 3549 3539 in
3591 3484 3772 3557 Adami

2228 3559 2479 3626 posteris,
2514 3557 2603 3611 ubi
2656 3558 2816 3611 nulla:
2864 3557 3208 3625 reperiuntur
3241 3557 3484 3611 actuales
3525 3556 3770 3626 maculae,

2229 3623 2335 3679 non
2387 3627 2744 3680 antecessisse
2783 3623 3120 3694 originalem.
3149 3628 3280 3679 Cum
3326 3628 3491 3694 igitur
3521 3623 3582 3678 Β.
3624 3624 3774 3694 Virgo

2226 3697 2454 3749 macqu
2498 3696 2736 3763 cujusvis
2791 3691 2996 3764 peccati
3062 3696 3289 3750 actualis
3348 3691 3567 3764 semper
3625 3691 3773 3764 fuerit

2227 3765 2384 3832 plane
2412 3780 2622 3833 expers,
2643 3763 2885 3833 sequitur
2913 3763 3213 3828 manifeste,
3247 3767 3387 3832 quod
3423 3763 3589 3817 fuerit
3621 3763 3772 3818 etiam

2231 3834 2387 3903 plane
2413 3849 2606 3903 expers
2642 3834 2863 3889 maculae
2895 3835 3098 3902 peccati
3135 3836 3441 3903 originalis.

2302 3907 2318 3972 ζ
2325 3902 2412 3971 59)
2439 3902 2612 3974 Atque
2631 3904 2832 3974 idcirco
2853 3904 2969 3974 sine
2989 3902 3479 3974 originalilpeceato
3496 3912 3766 3974 concepta.

2230 3970 2362 4026 Nam
2402 3983 2461 4025 ut
2501 3970 2676 4042 inquit
2713 3970 3096 4027 Bernardinus'
3129 3970 3403 4042 deiBusto
3457 3974 3516 4042 in
3567 3970 3772 4025 Maria“

2232 4057 2394 4096 serm.
2424 4042 2477 4106 7,
2509 4041 2846 4110 de’Concept.
2881 4050 3033 4110 parte
3068 4057 3127 4106 tt,
3159 4061 3178 4093 ι
3212 4041 3416 4097 Decens
3449 4041 3550 4094 fuit
3580 4050 3630 4094 et
3655 4055 3770 4093 con-

2203 4114 2427 4165 sonum
2453 4112 2669 4174 rationi,
2710 4121 2766 4164 ut
2792 4109 2998 4178 Sponsa
3026 4114 3326 4166 castissima
3359 4112 3472 4172 Dei,
3504 4123 3765 4178 nunquam

2232 4190 2441 4251 careret
2487 4182 2658 4251 gratia
2695 4183 2778 4235 sui
2824 4180 3039 4249 Sponsi,
3085 4184 3176 4235 sed
3212 4196 3423 4249 semper
3466 4181 3768 4248 iungeretur

2234 4252 2310 4304 illi
2360 4250 2568 4315 glutino
2608 4251 2908 4316 cbaritatis,
2941 4251 3011 4303 ita
3049 4260 3106 4304 ut
3155 4266 3252 4303 nec
3282 4251 3500 4318 quidem
3535 4265 3630 4317 per
3666 4263 3769 4301 rno-

2240 4330 2474 4373 mentum
2515 4323 2655 4376 inter
2687 4321 2884 4388 ipsam,
2916 4331 2968 4373 et
3011 4319 3281 4386 Sponsum
3310 4319 3617 4372 inimicitia
3653 4331 3768 4370 con-

2240 4391 2561 4452 traheretur,
2597 4405 2694 4443 nec
2737 4389 3026 4442 divortium
3057 4393 3223 4443 fieret.
3256 4390 3311 4442 Si
3353 4401 3535 4442 autem
3577 4389 3629 4439 in
3663 4402 3770 4452 pec-

2238 4471 2359 4512 cato
2412 4459 2658 4526 originali
2707 4459 2903 4528 fuisset
2951 4457 3240 4513 Benedicta
3294 4457 3456 4528 Virgo
3501 4467 3763 4523 concepta,

2238 4544 2334 4596 pro
2378 4529 2469 4580 illo
2492 4539 2618 4581 tunc
2657 4544 2760 4581 non
2799 4527 2990 4581 fuisset
3033 4528 3151 4595 ejus
3181 4527 3516 4596 amica,'sed-
3544 4529 3768 4589 inimica,

2237 4595 2290 4651 et
2322 4614 2350 4650 a
2384 4597 2592 4667 Sponso
2621 4612 2720 4652 suo
2741 4597 3064 4662 divertisset,
3091 4608 3145 4651 et
3174 4606 3419 4667 separata
3452 4595 3658 4667 fuisset.
3677 4597 3768 4650 Sed

2242 4667 2384 4720 inter
2415 4664 2607 4735 ipsam,
2639 4677 2692 4719 et
2730 4667 2896 4720 Deum
2953 4680 3165 4735 semper
3202 4664 3304 4735 fuit
3344 4666 3664 4735 amicitiaet
3696 4667 3766 4719 di-

2242 4681 2384 4720 Inlel'
2415 4681 2607 4735 ipsam,
2639 4681 2692 4719 et
2730 4681 2896 4720 Deum
2953 4681 3063 4720 sem
3119 4681 3165 4719 .r
3202 4681 3304 4720 tuti
3344 4681 3584 4720 annetua
3613 4681 3664 4717 et
3696 4681 3766 4719 at-

2238 4735 2414 4789 leCtio.
2463 4735 2611 4789 Unde
2667 4737 2780 4804 ipsa
2839 4735 3015 4803 inquit
3064 4681 3233 4790 Eant?
3266 4751 3317 4788 vr
3371 4754 3383 4788 :
3423 4734 3534 4800 Ego
3586 4733 3769 4788 Dilecto

2238 4821 2370 4869 meo,
2402 4814 2449 4856 et
2480 4805 2709 4857 Dilectus
2741 4821 2879 4856 meus
2911 4805 3062 4870 mihi,
3089 4806 3295 4859 scilicet
3325 4805 3648 4871 coniunctus
3675 4815 3766 4868 est,

2237 4883 2291 4926 et
2321 4889 2532 4942 semper
2565 4874 2666 4927 fuit
2696 4880 2898 4930 nnitus.
2934 4873 3077 4940 Ergo
3107 4875 3224 4928 sine
3257 4885 3482 4942 peccato
3526 4885 3770 4941 concepta

2241 4945 2356 4997 fuit.
2397 4961 2415 4992 ι
2459 4942 2549 4996 Sic
2583 4944 2801 4997 Bustus.
2826 4942 2958 4996 Hinc
2999 4945 3053 4998 δ.
3089 4943 3282 4998 Petrus
3311 4942 3677 5010 Chrysologus
3721 4942 3767 4995 in

2237 5027 2401 5065 serm.
2453 5012 2515 5065 de
2571 5015 2778 5065 Annun.
2824 5029 2876 5065 ιι.
2916 5011 3037 5074 HO,
3087 5013 3226 5067 dixit
3275 5031 3288 5064 :
3347 5031 3367 5060 ι
3424 5011 3664 5065 Pervolat
3710 5012 3770 5063 ad

2237 5082 2500 5148 Sponsam
2549 5079 2779 5135 festinus
2817 5083 3102 5149 interpres,
3146 5091 3203 5136 ut
3237 5095 3266 5133 a
3313 5080 3404 5135 Dei
3440 5080 3647 5149 Sponsa
3679 5081 3771 5149 ltu-

2237 5166 2409 5203 manae
2464 5150 2899 5219 desponsationis
2956 5148 3156 5219 arceat,
3204 5160 3256 5203 et
3309 5148 3606 5218 suspendat
3650 5148 3768 5203 affe—

2236 5232 2379 5273 ctum
2417 5239 2427 5271 :
2464 5218 2634 5287 neque
2683 5219 2891 5273 auferat
2929 5235 2956 5272 a
2997 5218 3053 5274 S.
3084 5220 3319 5288 Joseplto
3367 5219 3658 5289 Virginem,
3687 5219 3770 5272 sed

2239 5290 2422 5340 reddat
2483 5291 2719 5350 Christo,
2766 5290 2851 5342 cui
2892 5299 2972 5342 est
3020 5292 3069 5341 in
3125 5300 3278 5342 utero
3338 5292 3616 5358 pignerata
3658 5303 3768 5358 cum

2237 5359 2404 5409 fieret.
2458 5376 2475 5408 ι
2527 5358 2733 5422 Quibus
2775 5360 2952 5412 verbis
3001 5375 3104 5411 non
3149 5361 3323 5412 solum
3373 5357 3645 5426 supponit,
3688 5357 3770 5412 sed

2235 5428 2394 5497 etiam
2455 5441 2707 5493 expresse
2758 5428 2952 5480 fatetur
3006 5426 3276 5497 Virginem
3359 5428 3450 5481 Dei
3516 5427 3770 5496 Sponsmn

2235 5496 2475 5547 caruisse
2507 5509 2719 5564 peccato
2755 5497 2998 5564 originali
3031 5515 3042 5550 :
3083 5496 3205 5550 tiatn
3237 5499 3280 5551 si
3308 5513 3430 5551 cum
3466 5498 3568 5550 hoc
3598 5510 3775 5549 tonue-

2236 5574 2320 5631 pta
2353 5568 2539 5619 fuisset
2562 5568 2611 5618 in
2637 5576 2790 5619 utero
2822 5582 2941 5618 cum
2973 5567 3144 5630 fieret,
3174 5569 3224 5621 id
3256 5579 3359 5632 est,
3395 5583 3516 5621 cum
3542 5569 3778 5633 coocipe-

2236 5645 2398 5700 retur,
2444 5651 2547 5690 non
2580 5638 2767 5690 fuisset
2808 5637 3089 5706 pignerata
3132 5635 3380 5702 Christo,
3418 5639 3509 5692 sed
3531 5637 3771 5690 damoni.
