3948 6304
147 261 286 329 1389

1582 257 1943 320 MARIALE.

3247 257 3384 323 1390

120 375 305 437 .sisti,
367 373 509 428 sicut
560 387 682 428 cras
740 381 1030 443 antequam
1088 383 1345 442 pareres,
1400 367 1712 441 incorrupta
1740 370 1962 437 Aenim
2012 370 2131 427 sine
2174 371 2385 438 dolore,
2445 374 2537 432 Dei
2587 376 2853 441 Genitrix,
2893 353 3383 451 Cltl'isimli-pcpe-

149 467 315 537 Virgo
363 465 610 534 Deipara.
657 464 791 519 Nam
850 466 1036 529 Deus,
1094 478 1257 535 quem
1301 462 1581 534 peperisti,
1626 478 1718 518 na-

148 564 328 610 turam
360 556 657 611 innovavit.

221 648 342 702 Tibi
371 655 425 703 et
461 649 563 703 soli
593 648 869 713 convenit,
894 660 954 703 ut
991 647 1203 713 salutis,
1228 656 1279 703 et
1305 648 1486 719 gaudii
1516 662 1719 721 procu~

151 740 359 803 ratrici,
392 740 522 794 illud
569 741 713 808 quod
750 741 975 810 angelus
1014 740 1215 806 attulit,
1243 739 1377 804 Ave,
1420 739 1565 810 quod
1593 753 1719 795 cum

152 831 256 886 ﬁde
289 832 383 885 tibi
418 833 737 907 recinimus,
774 831 939 887 Maria
974 848 1188 903 semper
1218 832 1404 903 Virgo.
1613 885 1622 899 ,

227 923 478 978 Liberata
514 940 608 993 per
641 934 692 979 te
723 937 808 980 est
842 925 1016 995 prima
1047 925 1249 980 Parens
1294 926 1515 995 antiqua
1553 925 1723 981 male-

163 1010 430 1067 dictione.
463 1010 581 1066 Non
609 1012 713 1080 iam
745 1014 979 1081 amplius
1001 1014 1090 1068 illa
1127 1014 1180 1068 in
1206 1014 1395 1070 dolore
1414 1010 1607 1086 pariet.
1640 1014 1722 1070 Tu

150 1164 255 1218 Ἐκ
306 1163 414 1219 τοῦ
453 1166 719 1232 Κανόνος
766 1165 906 1291 τῆὲι,
938 1164 1238 1237 Κυρωκῆς
1262 1166 1333 1251 γ’,
1382 1165 1492 1224 τοῦ
1543 1184 1725 1238 παραρ

713 1249 717 1252 ’
879 1254 1040 1291 υτου.
1524 1282 1525 1285 η

879 1254 1040 1291 υτου.

231 1341 343 1413 Τὴν
400 1342 917 1414 τιμῶσαι-ταύτην,
977 1340 1452 1413 ἁγνὴ,-πΰλιν,σε
1496 1344 1736 1399 πάντοτε

156 1434 370 1496 πιστῶς
408 1434 680 1505 περίσωζε
742 1434 1000 1488 κινδύνων
1064 1433 1321 1500 ἁλώσεως
1405 1436 1723 1507 Βαρὸἀρων,

156 1526 401 1596 πολέμου
432 1526 720 1597 ἐμφυλίου,
755 1529 849 1582 καὶ
875 1528 1170 1600 μαχαίρας,
1201 1530 1297 1583 καὶ
1338 1529 1519 1601 πάσης
1562 1531 1726 1600 ἄλλης

157 1622 415 1692 ἀπειλῆς.
574 1652 577 1655 -
940 1628 945 1631 ’
1508 1645 1511 1649 ·

1821 462 1962 517 ri5ti.
1994 462 2175 528 Quare
2201 473 2256 519 te
2299 465 2493 520 merito
2520 465 2731 522 felicem
2772 467 3155 537 praedicamus,
3186 474 3241 522 et
3275 465 3384 522 Do.

1818 552 2027 607 niinum
2065 552 2432 623 gloriﬁcantes
2464 556 2769 614 laudamus.

1889 643 1969 699 Ad
2001 653 2054 700 te
2080 646 2257 715 ipsum
2306 648 2557 717 recepisti
2585 658 2802 721 gentem
2840 658 3109 714 sanctam,
3139 663 3259 713 eos,
3289 648 3411 727 qui!

1820 744 1976 791 erant
2015 737 2173 809 longe
2209 754 2239 793 a
2273 747 2325 794 te
2367 739 2571 796 faciens
2609 756 2776 811 prope
2822 755 3050 811 corpore
3099 756 3128 795 a
3162 735 3386 810 Virgine

1821 838 2094 898 suscepto,
2130 845 2163 886 ο
2197 830 2467 899 Salvator,
2508 840 2563 888 et
2594 848 2699 888 non
2728 834 2987 903 populum
3022 842 3174 888 tuum
3218 848 3386 888 voca-

1823 920 1889 977 Sti
1937 921 2195 990 populum
2242 930 2394 977 tuum
2442 924 3047 994 divinumrprOpterea
3094 938 3287 980 omnes
3332 932 3385 979 te

1823 1027 1973 1069 nunc
1999 1014 2313 1083 adoramus,
2343 1030 2377 1071 o
2410 1016 2771 1086 omnipotens.

1870 1161 2033 1233 329
2062 1161 2146 1217 Ea:
2175 1178 2374 1219 canone
2407 1163 2697 1227 Domini“:
2723 1179 2808 1235 nt,
2842 1167 2897 1221 in
2926 1166 3311 1238 Paralyticum.

1903 1338 2106 1395 Urbem
2150 1342 2313 1408 hanc,
2344 1357 2467 1413 qua:
2507 1352 2578 1411 te,
2608 1358 2642 1400 ο
2677 1342 2865 1415 Virgo,
2897 1361 3111 1416 semper
3158 1349 3389 1420 ﬁdeliter

1826 1432 2039 1500 adorat,
2078 1443 2132 1488 tu
2185 1434 2547 1507 undequaque
2586 1446 2740 1491 tuere
2781 1452 2814 1491 a
2861 1438 3120 1506 periculis
3165 1442 3392 1512 captivi-
3460 1482 3461 1485 η

1826 1522 1955 1579 tatis
2008 1523 2391 1591 Barbarorum,
2440 1526 2682 1581 civilium
2743 1526 3007 1583 bellorum
3049 1532 3314 1599 tenebris,
3361 1549 3391 1587 a

1829 1615 2029 1689 gladio,
2082 1627 2246 1688 atque
2303 1617 2555 1675 infaustis
2595 1607 2840 1676 omnium
2895 1624 3162 1678 malorum
3215 1640 3394 1695 augud

1750 1712 1803 1773 Β
1831 1707 1949 1763 riis.
2013 1735 2017 1738 -

240 1805 518 1881 Ἀσπορρν
546 1804 702 1875 ἔσχες
730 1802 1013 1876 σύλληψιν,
1061 1804 1158 1859 καὶ
1187 1802 1326 1876 ὑπὲρ
1347 1799 1471 1859 νοῢν
1490 1804 1730 1869 τοκετδν,

158 1897 590 1969 Παρθενομῆτορ
658 1898 894 1968 ᾶχραντε
923 1912 939 1928 ο
990 1897 1151 1969 ἔργον
1198 1897 1490 1968 φρικῶδες,
1546 1896 1730 1968 θαῦμα

166 1988 449 2059 μιγιστον,
479 1988 736 2056 ἀγγέλοις
756 1976 1085 2059 τιμώμενον,
1110 1986 1324 2059 βροτοῖς
1348 1988 1727 2059 δοξαζόμενον,

163 2081 323 2151 Κόρη
352 2081 635 2135 Δέσποινα.
972 2102 978 2109 ·
1703 2088 1708 2093 ’

253 2264 319 2317 Ἥ
350 2256 508 2335 ἁγνὴ,
546 2265 662 2328 πῶς
697 2264 984 2335 Θηλὰξειςς
1019 2266 1138 2331 πῶς
1172 2268 1229 2321 δὲ
1266 2268 1565 2338 ἐγέννησας
1610 2267 1735 2339 βρέ-

170 2372 272 2425 φος
302 2355 396 2408 τοῦ
449 2356 621 2426 Ἀδὰμ
672 2359 1057 2429 ἀρχαιότερον;
1090 2359 1206 2423 πῶς
1255 2360 1314 2413 ἐν
1344 2361 1609 2429 ἀγκάλαις
1634 2360 1735 2429 φέ-

170 2465 286 2521 ρεις
320 2448 455 2513 υἱὸν,
480 2450 571 2502 τὸν
597 2450 690 2503 ἐπὶ
712 2449 876 2521 ὤμων
898 2452 1245 2523 Χερουὸικῶν
1276 2454 1603 2525 φερόμενον·
1649 2453 1738 2517 Ὠς

174 2539 486 2607 ἐπίσταται,
518 2542 592 2607 ὡς
615 2537 755 2597 οἶδεν
781 2546 809 2597 ὁ
846 2544 906 2609 τνὸ
934 2546 1041 2600 πᾶν
1055 2546 1346 2609 οὐσιὼσας.

244 2728 357 2799 Τὴν
386 2728 624 2800 ἄσπορον
651 2729 863 2800 λοχείαν
884 2724 997 2797 σου,
1027 2732 1188 2804 ἁγνὴ,
1227 2732 1328 2803 τὴν
1351 2726 1745 2806 ἀκατάληπτον

172 2819 454 2891 ὕμνοῦμεν
486 2825 760 2893 γέννησιν,
785 2822 1185 2894 μακαρίζοντες
1210 2825 1285 2888 ὡς
1310 2825 1539 2905 Μητέρα
1564 2844 1621 2881 σε
1642 2827 1737 2882 τοῦ

172 2908 408 2981 Ποιητοῦ
442 2911 660 2964 πάντων
696 2912 789 2964 καὶ⁵
827 2911 1121 2968 Δεσπότου.

1906 1798 2145 1856 Seminis
2186 1791 2463 1871 expertem
2510 1803 2750 1860 habuisti
2791 1814 3137 1875 conceptum,
3174 1817 3393 1880 partum
3460 1820 3469 1823 ‘

1830 1904 1961 1945 vero
1990 1891 2315 1962 cogitatione
2352 1896 2711 1965 superiorem,
2741 1896 3057 1967 incorrupta
3081 1897 3175 1953 Dei
3202 1897 3393 1955 Mater.

1830 1979 1981 2053 Opus
2002 1984 2353 2053 stupendum,
2387 1987 2713 2042 miraculum
2746 1988 3071 2055 maximum,
3096 1990 3166 2045 ab
3190 1993 3398 2062 angelis

1830 2072 2181 2142 honoratum,
2216 2076 2285 2132 ab
2319 2076 2635 2134 hominibus
2674 2079 3058 2148 gloriﬁcatum,
3097 2080 3265 2151 Virgo
3291 2082 3398 2138 Do-

1832 2168 1999 2222 mina.

1903 2261 2207 2328 Quomodo,
2239 2260 2427 2333 Virgo,
2461 2262 2666 2317 laetas?
2700 2261 2981 2330 Quomodo
3004 2268 3236 2337 genuisti
3268 2283 3397 2339 par-

1834 2353 2022 2407 vulum
2070 2353 2241 2408 Adam
2282 2346 2596 2409 seniorem?
2625 2353 2913 2429 Quomodo
2948 2356 3000 2410 in
3035 2358 3178 2414 ulnis
3220 2369 3402 2428 gestas

1836 2442 1987 2498 illum
2025 2445 2117 2514 qui
2150 2454 2393 2516 gestatur
2432 2461 2599 2515 supra
2634 2446 2892 2503 humeros
2922 2448 3296 2505 Cberubicos?
3324 2450 3403 2507 Eo

1838 2536 2000 2590 modo
2040 2552 2199 2606 quem
2236 2536 2350 2608 ipse
2377 2538 2482 2593 scit
2523 2548 2578 2593 et
2602 2532 2783 2606 novit,‘
2802 2540 2897 2610 qui
2934 2542 3105 2603 rebus
3133 2543 3403 2601 universis

1838 2625 1986 2681 dedit
2018 2641 2165 2686 esse.

1909 2712 2333 2787 Conceptionem
2362 2726 2517 2773 tuam
2567 2718 2689 2774 sine
2732 2720 3032 2787 semine-,0
3079 2733 3251 2787 casta,
3280 2740 3403 2796 par-

1838 2816 1955 2863 tum
1990 2817 2140 2862 tuum
2184 2809 2792 2880 incomprehensibilem
2830 2813 3137 2877 laudamus,
3182 2817 3402 2875 Beatam

1842 2899 1919 2955 Te
1948 2911 2347 2969 nuncupantes,
2378 2910 2565 2973 utpote
2603 2903 2827 2960 Matrem
2864 2903 2957 2961 Dei
2994 2905 3239 2965 Factoris
3281 2925 3403 2967 om-

1844 2991 1994 3046 nium
2024 3007 2089 3047 ac
2111 2991 2347 3048 Domini.
3092 3006 3100 3017 '

261 3100 320 3153 '0
351 3098 531 3152 πάντα
562 3099 690 3170 θείῳ
714 3099 941 3168 νεύματι
963 3099 1144 3169 φέρων
1171 3100 1474 3170 κρατεῖται,
1508 3098 1737 3152 Θεοτόκε

1914 3081 2016 3147 Qui
2043 3092 2175 3136 nutu
2199 3084 2379 3139 divino
2410 3092 2605 3140 cuncta
2638 3087 2890 3153 sustinet,
2924 3096 3154 3152 tenetur,
3182 3072 3407 3161 Deipara
3450 3108 3452 3111 ·

174 3191 445 3262 Παρθένε,
474 3191 534 3270 ὲν
556 3193 678 3252 ταῖς
706 3191 972 3258 ἀγκάλαις
1007 3208 1126 3254 σου,
1151 3191 1359 3252 πάντας
1382 3192 1527 3261 ἡμᾶς
1560 3190 1740 3261 ἁρπά-

177 3278 291 3344 ζων
324 3278 505 3349 χειρὸς
534 3279 778 3342 δουλείας
804 3279 897 3332 τοῦ
933 3278 1194 3349 πονηροῦ,
1217 3280 1292 3342 ὡς
1312 3280 1633 3349 οἰκτίρμων.

251 3364 615 3440 Παρθενεύιις
648 3369 884 3423 τεκοῦσα
910 3371 1049 3440 ὑπὲρ
1073 3370 1230 3439 λόγον
1264 3370 1357 3423 τὸν
1386 3372 1491 3440 πρὸ
1526 3370 1743 3424 πάντων

179 3461 392 3517 αἰώνων
414 3461 741 3530 γεννηθέντα
783 3464 846 3515 ὲκ
874 3461 968 3514 τοῦ
996 3462 1232 3531 ἀνάρχου
1283 3462 1496 3533 Πατρὸς
1542 3463 1743 3534 ἁρῤεύ-

182 3570 345 3615 στως.
377 3552 475 3605 Διὰ
503 3550 681 3618 τοῦτο,
714 3552 876 3623 ἁγνὴ,
905 3551 964 3604 οὲ
997 3551 1392 3623 μακαρίζομεν.

253 3739 432 3808 Τόμον
476 3755 537 3791 σε
580 3736 747 3790 πάλαι
797 3736 1057 3791 ἐθεάσατο
1087 3738 1333 3801 Ἡσαΐας,
1366 3738 1742 3810 Ἀειπάρθενε,

180 3834 243 3885 ὲν
275 3824 321 3897 ᾧ
344 3829 590 3898 δακτύλῳ
614 3828 705 3905 τοῦ
738 3829 949 3897 Πατρὸς
971 3830 1141 3897 Λόγος
1168 3829 1393 3900 ἆχρονος
1414 3832 1745 3900 ἐγέγραπτο,

183 3927 249 3979 ὲκ
279 3923 458 3991 πάσης
487 3919 708 3988 ἀλογίας
739 3919 926 3985 σώζων
948 3913 1116 3990 ἡμᾶς,
1147 3925 1271 3984 τοὺς
1304 3920 1482 3991 λόγοις
1508 3939 1566 3975 σε
1588 3924 1751 3993 ἱεροῖς

183 4013 579 4084 ἀνυμνούντας.

257 4104 576 4174 Φωτοφόρον
632 4102 867 4173 προῆλθε
924 4103 1117 4172 νηδύος
1169 4120 1261 4157 σου
1304 4106 1475 4174 μέγας
1508 4106 1534 4159 δ
1565 4104 1752 4168 Ἤλιος

186 4180 447 4268 Χριστὸς,
495 4196 589 4249 καὶ
619 4196 712 4248 τὸν
740 4196 942 4265 κόσμον
995 4196 1281 4263 ἐφώτισεν,
1323 4197 1584 4267 ἄχραντε,
1636 4198 1754 4250 ὲπι-

187 4288 432 4359 λάμψεσι
459 4269 730 4356 φαιδραῖς,
750 4289 843 4339 καὶ
870 4287 932 4339 τὸ
961 4288 1148 4351 σκότος
1175 4289 1335 4358 ἐξῆρε
1362 4289 1422 4341 τὸ
1451 4290 1548 4358 τῆς
1578 4306 1754 4358 παρα·

1843 3171 2028 3244 Virgo,
2068 3176 2177 3229 tuis
2220 3176 2385 3241 ulnis,
2427 3191 2617 3232 omnes
2661 3192 2760 3233 nos
2796 3179 3031 3249 eripiens
3072 3196 3103 3236 e
3149 3183 3411 3240 servitute

1812 3288 1818 3293 -
1843 3262 2043 3318 diaboli
2076 3274 2135 3321 ut
2168 3258 2497 3322 misericors.

1916 3354 2083 3426 Virgo
2111 3372 2429 3427 perseveras
2476 3368 2760 3430 postquam
2792 3363 3045 3432 peperisti
3075 3364 3415 3421 ineffabilitcr

1845 3449 2086 3518 genitum
2142 3457 2264 3505 ante
2320 3453 2504 3505 omnia
2557 3453 2753 3508 saecula
2800 3455 2917 3509 sine
2951 3457 3303 3513 successione
3341 3474 3411 3512 ex

1845 3539 2007 3622 Patre
2041 3541 2309 3629 principio
2343 3555 2566 3599 carente
2600 3562 2613 3598 :
2649 3554 2955 3616 propterea,
2985 3558 3156 3617 casta,
3190 3558 3241 3605 te
3275 3550 3409 3605 bea-

1846 3640 1955 3686 tam
1986 3632 2365 3701 prazdicamus.
3230 3646 3236 3654 '

1920 3723 2145 3779 Librum
2182 3736 2233 3781 te
2262 3728 2397 3782 ‘olim
2419 3729 2551 3785 vidit
2591 3731 2782 3797 lsaias,
2816 3749 2848 3788 ο
2877 3749 3093 3806 semper
3149 3737 3326 3808 virgo,
3358 3737 3411 3791 in

1852 3831 1959 3886 quo
2011 3818 2180 3899 digito
2223 3819 2401 3875 Patris
2431 3820 2671 3878 Verbum
2719 3825 2874 3879 initio
2920 3842 3114 3883 carens
3167 3829 3446 3886 conseri-A

1850 3918 1999 3978 ptum
2038 3919 2142 3975 est,
2182 3916 2325 3981 quod
2370 3929 2432 3968 ex
2464 3916 2612 3970 omni
2663 3916 2963 3972 irrationali
3013 3928 3138 3973 actu
3182 3928 3235 3975 et
3265 3929 3416 3976 motu

1853 4004 2047 4059 liberat
2082 4022 2183 4061 nos
2213 4009 2383 4063 sacris
2414 4018 2465 4064 te
2498 4011 2678 4065 verbis
2700 4012 3095 4069 collaudantes.

1918 4095 2127 4151 Prodiit
2155 4114 2218 4152 ex
2254 4100 2474 4155 lucifera
2500 4110 2591 4155 tua
2623 4102 2742 4157 alvo
2768 4119 2997 4175 magnus
3027 4105 3116 4160 Sol
3140 4106 3415 4175 Christus,

1856 4203 1910 4245 et.
1934 4191 2196 4245 mundum
2244 4193 2591 4260 illuminavit,
2625 4209 2657 4249 ο
2700 4196 3071 4262 immaculata,
3122 4200 3287 4253 radiis
3324 4200 3451 4255 ιω-⁸

1858 4278 2104 4349 ιὶεεὶιηίε,
2142 4285 2502 4354 tenebrasque
2534 4287 2740 4357 expulit
2761 4289 3235 4358 transgressionis.
3265 4289 3421 4346 Unde

189 4381 405 4440 ϐάσεως
431 4395 445 4410 ο
481 4379 602 4431 ὃθεν
652 4377 933 4450 ύμνοῦμέν
964 4397 1021 4432 σε
1071 4380 1288 4434 πάντων
1323 4379 1397 4443 ὡς
1436 4380 1612 4434 αἰτίαν
1653 4397 1744 4433 και

1861 4372 2146 4429 laudamus
2178 4382 2228 4429 te
2257 4383 2315 4429 ut
2355 4376 2598 4432 omnium
2645 4393 2868 4435 causam
2912 4381 3202 4448 bonorum,
3241 4398 3275 4440 o
3325 4383 3422 4441 Dei

188 4473 320 4540 λῶν,
348 4468 730 4540 Θεονύμφευτε.

1861 4466 2107 4537 Sponsa.l

1268 4587 1427 4657 330
1462 4586 1544 4639 E1:
1571 4602 1766 4640 canone
1800 4588 1947 4655 ferite
1990 4602 2048 4652 ll,
2086 4585 2237 4639 laebd.
2273 4598 2347 4638 tv.

271 4706 613 4762 lncarnalum
656 4706 941 4761 Dominum
980 4706 1319 4760 ineffabiliter
1345 4723 1410 4761 ex
1449 4717 1541 4761 tuo
1576 4708 1756 4776 puris-

195 4799 341 4853 simo
380 4797 662 4861 sanguine,
717 4794 963 4861 Dcipara,
999 4804 1051 4848 et
1094 4805 1311 4863 propter
1350 4811 1448 4850 nos
1480 4805 1651 4849 morte
1704 4797 1755 4852 in

197 4903 367 4945 carne
417 4896 665 4957 suscepta
704 4887 1085 4941 resuscitattnn
1136 4888 1352 4941 intuens
1398 4902 1427 4941 e
1482 4888 1753 4957 sepulcro,

276 5043 387 5113 (60‘,
424 5042 536 5095 Non
570 5043 728 5096 aliam
774 5042 843 5095 ob
890 5057 1108 5113 causam
1148 5041 1207 5094 Β.
1248 5039 1411 5110 Virgo
1442 5042 1645 5096 dicitur
1685 5045 1765 5096 ἰη-

201 5115 603 5177 culpntissima.
667 5113 769 5165 nisi
819 5113 945 5179 quia
1022 5112 1121 5165 fuit
1202 5127 1423 5178 prorsus
1489 5115 1557 5165 ab
1616 5113 1764 5166 omni

199 5184 364 5250 Culpa
396 5182 671 5235 immunis.
732 5182 787 5233 Si
832 5192 1011 5235 autem
1058 5181 1119 5233 Β.
1153 5181 1313 5250 Virgo
1356 5181 1455 5234 fuit
1507 5185 1574 5235 ab
1620 5183 1765 5236 omni

202 5255 364 5321 culpa
414 5252 689 5311 immunis,
744 5265 873 5317 ergo
929 5267 1036 5321 non
1097 5251 1271 5305 solum
1325 5253 1393 5305 ab
1436 5252 1632 5305 aetuali
1677 5268 1766 5304 ve—

202 5323 359 5383 niali,
412 5330 468 5373 ut
527 5335 711 5373 omnes
759 5320 1080 5382 concedunt,
1133 5322 1221 5373 sed
1271 5322 1454 5383 etiam,
1504 5330 1556 5373 et
1596 5322 1766 5373 multo

205 5391 405 5457 magis,
467 5392 532 5443 ab
571 5391 839 5457 originali.
890 5388 945 5442 Si
1002 5392 1141 5442 enim
1201 5390 1339 5442 [)eus
1395 5406 1423 5441 a
1462 5391 1763 5444 venialibus

206 5462 384 5530 culpis
467 5461 527 5512 Β.
619 5458 889 5530 Virginem
966 5474 1070 5511 non
1140 5459 1353 5530 fecisset
1428 5459 1756 5522 immunem,

207 5528 487 5597 nunquam
542 5530 590 5583 ei
652 5529 909 5589 inimica,
972 5538 1023 5581 et
1092 5529 1259 5581 invisa
1310 5528 1535 5589 fuisset,
1597 5541 1779 5597 utpote

208 5602 419 5655 habens
463 5602 512 5652 in
559 5606 625 5651 se
668 5598 893 5667 gratiam
954 5599 1374 5667 sanctiﬁcantem
1401 5636 1417 5660 ,
1462 5600 1778 5652 charitatem

208 5673 357 5723 enim
426 5684 533 5723 non
600 5666 872 5735 expellunt
944 5668 1089 5723 leves
1158 5666 1399 5722 defectus
1470 5686 1482 5721 :
1543 5678 1597 5722 at
1674 5684 1782 5723 non

1828 4704 1831 4705 ⁷
1864 4721 1987 4760 cum
2020 4706 2219 4775 ingenti
2256 4705 2456 4774 gaudio
2474 4706 2790 4775 gloriﬁcasti
2819 4715 2873 4762 et
2905 4711 3281 4780 magniﬁcasti.

1926 4797 2256 4866 Concepisti,
2292 4799 2717 4867 inculpatissima
2756 4800 2889 4869 (ϐυ),
2924 4802 3056 4856 Eum
3100 4806 3191 4873 qui
3232 4821 3421 4858 cuncta

1871 4890 2132 4955 continet,
2183 4906 2305 4944 eum
2360 4893 2534 4960 ipsum
2582 4907 2740 4946 carne
2791 4908 3057 4963 generans
3092 4896 3185 4963 qui
3232 4896 3426 4950 deinde

1863 5044 2149 5114 reddendo,
2212 5044 2507 5098 immunem
2588 5046 2656 5099 ab
2726 5044 2970 5114 originali
3040 5044 3289 5114 mortali,
3370 5046 3423 5099 vi

1864 5115 2020 5167 istius
2078 5112 2269 5168 fuisset
2327 5115 2596 5181 objectum
2652 5112 2977 5183 condignum
3042 5115 3172 5183 odio
3218 5113 3331 5175 Dei,
3372 5126 3426 5169 ct

1864 5183 1970 5235 filia
2015 5184 2105 5235 ine
2148 5192 2202 5235 et
2255 5183 2694 5236 abominationis.
2768 5181 2837 5236 Si
2893 5199 2922 5236 a
2966 5181 3261 5234 venialibus
3316 5198 3423 5235 non

1867 5254 2186 5326 reddidisset
2236 5253 2569 5313 innnunem,
2638 5253 2811 5306 adhuc
2852 5252 2941 5326 jus
2994 5249 3299 5326 retinuisset
3332 5252 3421 5326 Aad

1866 5322 2227 5375 haereditatetn
2276 5333 2552 5385 aeternam,
2578 5338 2697 5390 qua:
2746 5332 2827 5375 est
2856 5318 3018 5390 ’clara
3048 5318 3215 5390 Ipsius
3242 5321 3419 5390 visio;

1866 5402 1919 5443 at
1954 5406 2059 5443 non
2105 5390 2374 5443 reddendo
2407 5387 2695 5444 immunem
2743 5407 2770 5443 a
2800 5389 2995 5458 peccati
3031 5387 3304 5453 originalis
3340 5391 3425 5442 iu-

1873 5459 2121 5518 l'ectione,
2152 5461 2526 5513 excluderetur
2547 5460 2613 5513 de
2637 5460 2774 5513 facto
2796 5478 2822 5512 a
2850 5458 3243 5521 consecutione,
3278 5458 3423 5513 illius

1888 5532 2085 5599 glorire.
2120 5530 2246 5581 Item
2299 5530 2486 5597 positis
2519 5528 2571 5581 in
2622 5529 2681 5580 Β.
2718 5525 3140 5599 V'irgiiic_culpis
3191 5528 3420 5599 levibus,
3490 5540 3501 5553 ο

1893 5594 2112 5651 ῖιιίιιὶιιιθ
2142 5600 2242 5651 dici
2290 5594 2519 5666 poterat,
2568 5594 3063 5666 maledictitshdies,
3095 5603 3147 5646 et
3190 5598 3316 5647 liora
3369 5596 3421 5647 in

1894 5683 1997 5737 qua
2035 5664 2307 5737 concepta
2334 5667 2527 5723 fuisset
2558 5684 2570 5719 :
2606 5677 2658 5721 at
2687 5664 2934 5734 originali
2973 5667 3265 5721 exsistcntc
3304 5679 3423 5718 vere
