3948 6304
1678 263 1733 320 s.
1773 258 2080 319 inserui
2126 256 2679 352 iivitnoonarut
3020 241 3037 275 ’

3685 254 3802 316 Ιῧῖεὲ

578 385 805 429 imi-teni
842 376 1084 429 triduana
1127 390 1221 427 sua
1262 384 1436 428 morte.
1484 374 1758 443 spoliavit.
1797 374 1969 437 Quem
2014 388 2133 435 ora,
2165 376 2213 434 Α
2245 387 2420 441 neque
2461 372 2726 442 gentium,
2759 379 2817 425 ut
2847 378 2919 435 te,
2961 381 3119 441 prout
3142 369 3325 435 ‘decet,
3368 370 3592 441 hymnis
3644 370 3802 425 hono-

575 481 629 523 nt
671 468 863 521 anima:
902 484 1033 520 mea:
1083 468 1209 520 vitia
1246 467 1554 529 mortificet,
1588 478 1778 534 meque
1816 466 2024 519 salvum
2062 464 2141 518 fa-

571 560 698 612 ciat.
1012 618 1017 627 ι

644 650 811 703 Serva
835 656 888 703 et
916 649 1085 703 libera
1129 648 1400 702 civitatem
1434 662 1498 701 ac
1531 647 1787 718 populum
1820 645 2143 716 confugien-

573 752 675 793 tum
711 743 774 795 ad
809 750 881 805 te,
919 740 1011 795 Dei
1045 739 1275 809 genitrix
1308 738 1494 808 Virgo,
1524 755 1645 809 quae
1670 739 1947 793 Christum
1979 751 2141 807 pepe-

573 835 715 897 t'isti,
742 849 807 887 ex
846 833 992 887 omni
1023 832 1335 886 adversaria
1367 832 1470 897 ira,
1510 839 1562 886 et
1595 831 1828 900 excidio,
1871 830 2143 886 incursio-

571 994 841 1045 diceretur
872 992 1154 1047 maledicta
1193 992 1475 1060 conceptio
1517 991 1579 1051 Β.
1608 989 1846 1058 Virginis
1877 989 2036 1060 sicut,
2056 1059 2065 1060 ί
2085 996 2142 1043 et

572 1064 689 1123 Joh,
720 1072 773 1115 et
802 1063 1133 1130 reliquorum
1171 1059 1472 1114 hominum.
1508 1060 1644 1113 Hinc
1686 1060 1887 1114 Bustus
1926 1061 1976 1112 in
1999 1059 2140 1130 lita.

572 1134 717 1195 riolt',
746 1128 933 1186 scrmf
960 1132 1008 1195 7,
1044 1133 1104 1184 de
1146 1131 1391 1197 Concept.
1431 1140 1568 1199 part.
1606 1146 1644 1193 ι,
1676 1131 1754 1183 ait
1794 1146 1809 1181 :
1840 1148 1866 1179 -ι
1910 1130 1965 1182 Si
1998 1128 2141 1183 Deus

572 1205 940 1280 praeservavit,
977 1210 1032 1255 et
1072 1203 1316 1280 defendit
1350 1202 1623 1280 Virginem
1670 1199 1961 1280 gloriosam
1992 1214 2020 1252 a
2050 1214 2141 1251 ve-

572 1268 701 1327 itiali
736 1282 980 1339 peccato,
1023 1273 1167 1341 quod
1211 1287 1315 1325 non
1346 1268 1523 1339 privat
1552 1268 1876 1341 gratiaDei,
1902 1278 1956 1341 et
1996 1281 2141 1341 stare

572 1338 749 1410 potest
809 1357 931 1396 cum
966 1338 1251 1405 charitate,
1290 1338 1361 1395 uti
1395 1340 1583 1394 dicunt
1612 1339 1870 1407 theologi,
1902 1340 1953 1410 in
1996 1338 2051 1403 4,
2080 1341 2136 1393 d.

570 1408 660 1476 2|,
692 1422 744 1465 et
780 1412 881 1466 hoc
904 1420 962 1463 ut
1004 1419 1147 1465 esset
1186 1413 1374 1465 idonea
1424 1411 1599 1463 Mater
1629 1424 1747 1473 sua,
1778 1419 1833 1463 et
1879 1408 1948 1462 ob
1986 1424 2139 1463 amo-

573 1499 684 1535 rem
722 1498 881 1551 quem
918 1482 1019 1549 ipsi
1066 1482 1133 1551 ab
1162 1492 1364 1534 aeterno
1397 1479 1670 1551 portavit:
1705 1479 2138 1551 ergo_incon_ve-f

571 1548 968 1605 niens’videtur
1015 1550 1236 1605 credere
1278 1548 1421 1619 quod
1466 1548 1785 1619 permiserit
1833 1548 1980 1601 illam
2019 1549 2137 1619 labi

571 1623 623 1675 in
675 1620 925 1689 originali
982 1630 1203 1689 peccato
1248 1618 1492 1690 privante
1545 1621 1718 1690 gratia
1766 1618 1969 1674 divina.
2016 1618 2134 1672 Non

2248 478 2431 523 rantes
2462 466 2893 536 magniﬁcemus.

2586 557 2672 611 Ea;
2705 573 2901 611 canone
2931 556 3075 625 feria:
3108 573 3190 622 ιιι,
3219 558 3369 611 hebd.
3403 573 3478 611 tv.

2315 642 2471 703 Sicut
2491 634 2703 703 AurOra
2741 648 2920 703 Solem
2955 648 3009 702 in
3033 650 3177 703 ulnis
3202 649 3401 716 ferens,
3428 647 3601 719 Virgo
3631 658 3803 703 exorta

2243 748 2297 794 et
2336 739 2495 794 nobis
2526 739 2580 794 in
2620 749 2781 794 nocte
2813 741 3130 795 sedentibus
3164 740 3295 810 (6|).

2307 828 2380 885 Ut
2404 829 2691 886 Deiﬁcaret
2714 831 3029 900 humanum
3060 847 3232 903 genus
3260 831 3407 888 Deus
3436 834 3603 889 homo
3642 833 3804 889 factus

2249 988 2394 1064 luce.
2429 986 2847 1064 Se_cund_o_f_acit
2879 996 2932 1042 et
2966 990 3223 1057 maxime,
3250 992 3395 1061 quod
3428 1007 3551 1047 cum
3588 994 3656 1046 de
3684 995 3803 1047 stel-

2245 1058 2311 1132 lis
2357 1059 2598 1132 loquitur
2629 1057 2765 1132 Job,
2781 1074 2876 1127 per
2905 1075 3043 1132 quas
3080 1057 3283 1132 procul
3305 1064 3470 1116 dubio
3500 1064 3679 1118 sancti
3712 1065 3803 1132 ipsi

2244 1129 2660 1201 signiﬁcantur,
2692 1129 3103 1201 rohtenebratas
3157 1131 3277 1186 illas
3330 1134 3568 1201 caligine
3638 1129 3804 1188 noctis

2245 1200 2408 1266 hujus
2448 1199 2807 1268 pronuntiat?
2840 1199 2987 1267 quod
3037 1208 3191 1254 certe
3240 1216 3347 1255 non
3394 1199 3673 1256 videretur
3723 1220 3806 1259 ve-

2244 1284 2389 1332 rum,
2428 1270 2474 1322 si
2508 1277 2688 1322 ortum
2730 1284 2797 1322 ex
2830 1277 2984 1321 utero
3014 1270 3177 1323 etiam
3214 1271 3264 1324 in
3296 1272 3631 1338 quibusdam
3664 1274 3804 1338 ipsa-

2245 1288 2389 1332 I'Ulll,
2428 1288 2474 1322 SI
2508 1288 2688 1322 ortum
2730 1288 2797 1322 CX
2830 1288 2984 1321 lllel‘O
3014 1288 3177 1323 Bllaln
3214 1288 3264 1324 In
3296 1288 3631 1338 qumusuam
3664 1290 3677 1323 l
3721 1289 3779 1327 $0

2245 1353 2364 1391 rum
2413 1346 2897 1408 speetarcmus,gut
2938 1338 3006 1392 de
3033 1338 3240 1393 Joanne
3274 1340 3540 1408 Baptista,
3573 1352 3629 1397 et
3660 1288 3779 1396 fere

2246 1408 2355 1461 mia
2386 1406 2577 1462 omnes
2609 1406 2978 1479 concedimus,
3016 1410 3157 1463 sicut
3186 1406 3447 1479 scriptum
3479 1406 3565 1466 est
3593 1432 3606 1466 :
3642 1431 3662 1465 ε
3700 1413 3804 1467 Διι-

2247 1485 2465 1547 tequam
2491 1480 2667 1531 exires
2704 1480 2771 1532 de
2799 1478 3337 1545 vulva,lsanctificavi
3369 1492 3438 1535 te.
3464 1502 3483 1533 ι
3524 1481 3744 1547 (Jcrem.
3770 1500 3804 1545 ι.

2246 1547 2323 1614 5;)
2355 1547 2469 1601 Non
2505 1548 2669 1616 igitur
2715 1557 2860 1602 recte
2887 1558 3106 1616 excepta
3159 1550 3351 1604 fuisset
3377 1553 3491 1605 sola
3531 1568 3727 1607 aurora
3755 1556 3802 1607 in

2248 1628 2390 1679 ortu,
2432 1628 2689 1691 tanquam
2738 1624 2961 1691 peccato
3004 1619 3147 1673 illius
3184 1620 3357 1674 noctis
3408 1623 3606 1688 libera,
3642 1625 3685 1676 si
3717 1640 3803 1691 per

572 1692 718 1744 enim
748 1687 892 1745 esset
920 1687 1080 1765 verus
1107 1687 1279 1765 amor,
1315 1691 1359 1765 si
1395 1690 1517 1765 quis
1550 1688 1868 1765 defenderet
1899 1691 2134 1742 amicum
2170 1710 2211 1765 Β
2244 1697 2421 1765 ortum
2454 1687 3140 1765 posterior_s_igtti[icaretur
3166 1691 3444 1765 nati_'vitas,
3474 1709 3600 1746 cum
3624 1702 3679 1746 ct
3712 1687 3803 1749 hoc

572 1776 754 1821 suum,
792 1776 859 1814 ne
895 1761 976 1813 ve!
1010 1762 1280 1814 modicum
1318 1761 1504 1813 leviter
1542 1758 1944 1823 verberaretur,
1973 1774 2133 1827 quem

574 1842 755 1885 tamen
792 1846 885 1898 per
922 1831 1100 1898 gulam
1156 1830 1438 1899 suspendi,
1469 1829 1554 1884 vel
1588 1836 1763 1898 capite
1804 1830 2141 1897 permitteret

571 1901 906 1954 detruncari.
949 1918 966 1950 ›
1005 1901 1094 1954 Sic
1123 1898 1343 1954 Bustus.
1514 1928 1515 1931 η

645 1970 755 2040 (Gl)
798 1971 1093 2040 Angelicus
1146 1971 1345 2040 Doctor
1396 1971 1449 2029 5.
1487 1984 1540 2038 p.
1580 1985 1634 2037 q.
1668 1968 1850 2040 9.7,_a.
1897 1968 1952 2031 Ξ,
1989 1969 2138 2021 illum

573 2038 753 2094 locum
784 2038 903 2094 Jobi
937 2056 1018 2097 ιιι.
1054 2041 1141 2093 ubi
1181 2039 1247 2094 de
1271 2039 1490 2093 diabolo
1518 2040 1718 2093 dicitur
1750 2038 2026 2107 Exspectet
2060 2040 2142 2091 tu-

569 2114 680 2164 rrem
735 2121 781 2163 et
831 2127 930 2163 non
967 2110 1161 2174 videat,
1232 2127 1322 2164 nec
1366 2120 1539 2162 ortum
1594 2112 1852 2177 surgentis
1908 2126 2138 2172 aurorw,

544 2181 635 2235 ‘in
697 2195 859 2233 sensu
940 2180 1160 2233 litterali
1200 2180 1323 2249 (etsi
1381 2179 1772 2249 metaphor-leo)
1822 2180 2041 2249 exponit
2076 2181 2141 2233 de

571 2259 731 2305 nocte
787 2250 993 2319 peccati
1039 2250 1327 2319 originalis
1367 2250 1451 2304 his
1496 2249 1674 2303 verbis
1729 2248 1801 2303 :t
1860 2248 2140 2318 Exspectet

575 2318 795 2379 Lucem,
821 2321 873 2373 id
922 2329 1022 2383 est,
1068 2318 1370 2383 Christum,
1400 2327 1454 2372 et
1485 2335 1587 2372 non
1619 2318 1817 2382 videat,
1849 2320 1973 2387 quia
2011 2319 2142 2373 nihil

573 2391 917 2460 inquinatum
956 2391 1185 2460 incurrit
1214 2391 1284 2442 in'
1310 2389 1666 2457 Sapientiam,
1706 2405 1824 2458 qua:
1864 2400 1948 2442 est
1984 2390 2139 2443 Chri-

571 2458 693 2523 tiis,
720 2469 777 2512 ut
804 2462 1003 2513 dicitur
1033 2458 1161 2529 Sap.
1188 2476 1285 2523 vn;
1318 2475 1409 2514 nec
1429 2468 1603 2513 ortum
1626 2460 1884 2529 surgentis
1910 2474 2138 2523 aui-orte,

574 2533 626 2585 id
652 2538 755 2594 est,
783 2530 844 2584 Β.
885 2529 1147 2599 Virginis,
1178 2545 1297 2599 qua:
1324 2531 1374 2583 in
1401 2544 1502 2583 suo
1523 2539 1644 2599 ortu
1675 2545 1701 2581 a
1736 2539 1955 2599 peccato
1976 2530 2142 2597 origi-

572 2601 681 2653 nali
742 2600 839 2654 fuit
888 2597 1232 2655 immunis.)
1278 2600 1365 2653 Sic
1418 2601 1523 2655 ille.
1572 2597 1706 2651 Cum
1739 2597 1949 2662 autem,
1999 2598 2139 2653 idem

572 2670 637 2724 1).
668 2670 907 2725 Thomas
936 2672 987 2724 in
1037 2686 1156 2739 cap.
1189 2686 1204 2723 ι
1236 2669 1492 2733 Matthxi,
1525 2668 1792 2739 duplicem
1815 2677 2019 2732 ortum,
2047 2684 2138 2723 seu

572 2740 908 2795 nativitatem
953 2738 1234 2809 agnoscat,
1262 2740 1467 2794 scilicet
1497 2738 1827 2792 nativitatem
1876 2739 1930 2791 in
1960 2747 2138 2802 utero,

573 2827 693 2879 qua:
712 2822 792 2865 est
816 2812 985 2879 prima
1012 2810 1284 2869 formatio.
1312 2820 1365 2864 et
1387 2809 1722 2879 nativitatem
1746 2824 1813 2879 ex
1834 2817 2007 2873 utero,
2035 2823 2141 2877 qua

573 2878 697 2949 quis
728 2878 839 2934 exit
862 2882 914 2933 in
941 2882 1114 2934 lucetn
1150 2899 1162 2932 :
1198 2898 1215 2929 ι
1246 2879 1407 2934 Nasci
1434 2882 1496 2932 de
1540 2878 1728 2939 Matre.
1754 2878 1950 2947 inquit,
1983 2879 2141 2932 estin

575 2951 749 3004 lucem
787 2951 1026 3018 prodire,
1060 2952 1112 3003 in
1146 2950 1313 3004 Matre
1348 2949 1493 3002 nasci
1526 2958 1608 3002 est
1641 2949 1816 3016 ipsum
1844 2949 2079 3017 concipi.
2116 2967 2135 2999 ι

575 3021 651 3075 Es
692 3023 793 3102 hoc
824 3021 942 3102 loco
989 3030 1365 3102 argumentum
1409 3021 1607 3073 bonum
1644 3018 1764 3072 elici
1806 3033 1964 3097 posse
1992 3019 2141 3072 vide-
2168 3041 2214 3102 C

574 3101 668 3144 tur
695 3093 759 3143 ad
793 3093 1225 3143 conﬁrmandum
1260 3090 1430 3143 fuisse
1472 3100 1736 3148 sanetam,
1772 3097 1826 3140 et
1874 3089 2142 3141 immacu-

576 3162 742 3214 latam
813 3177 919 3213 non
984 3162 1144 3213 modo
1202 3159 1433 3225 Virginis
1483 3161 1839 3218 nativitatem,
1882 3159 1946 3209 ad
1984 3174 2145 3224 quant

578 3247 704 3283 eum
762 3230 939 3282 locum
994 3230 1157 3283 refert
1204 3228 1257 3281 S.
1298 3231 1556 3291 Thomas,
1590 3230 1681 3282 sed
1728 3229 1889 3280 etiam
1938 3227 2147 3281 Conce-

580 3300 860 3367 ptionem?
891 3319 909 3350 ι
950 3300 1133 3367 Neque
1164 3300 1306 3353 enim
1330 3306 1501 3367 potest
1526 3299 1731 3367 negari,
1766 3298 1938 3367 inquit
1961 3298 2152 3352 Valen-

581 3373 654 3423 tia
708 3372 758 3422 iit
810 3386 866 3423 ιιι
913 3385 965 3439 p.
1022 3370 1079 3421 υ.
1118 3370 1359 3434 Thamar,
1404 3379 1547 3422 tonio
1602 3370 1689 3431 IV,
1734 3369 1872 3435 disp.
1907 3370 1974 3439 2,
2008 3385 2061 3436 q.
2108 3385 2145 3430 ι,

578 3449 780 3509 puncto
811 3442 865 3500 2,
903 3436 1030 3507 quin
1065 3440 1145 3492 vel
1178 3441 1410 3491 maxime
1444 3439 1736 3505 Coneeptio
1765 3440 1878 3503 ipsa
1907 3436 2146 3505 Virginis

580 3510 745 3563 fuerit
772 3510 1117 3578 quoqueejits
1136 3519 1321 3569 ortus;
1352 3510 1424 3561 rei
1460 3524 1694 3576 namque
1715 3517 1892 3578 ortum
1914 3510 2149 3562 maxime

582 3580 814 3633 dicimus
860 3596 981 3633 esse
1014 3577 1186 3647 ipsum
1221 3582 1296 3632 rei
1333 3579 1677 3646 principium.
1732 3596 1747 3627 t
1788 3577 1921 3647 Hinc
1953 3577 2150 3647 Cathe-

582 3665 736 3703 rmns
788 3651 840 3701 in
894 3666 989 3702 sua
1035 3646 1307 3716 Disputat.
1341 3664 1463 3717 pro‘
1494 3650 1838 3701 immaculata
1887 3646 1947 3699 Β.
2000 3646 2145 3714 Virg.

584 3719 840 3785 Concept.
881 3719 971 3771 lib.
1015 3734 1052 3781 ι,
1092 3730 1157 3770 ad
1194 3720 1481 3785 quosdam,
1520 3719 1611 3785 qui
1642 3718 1971 3771 adducentes
2006 3717 2150 3770 hunc

582 3786 703 3842 Jobi
734 3789 909 3841 locum
940 3808 952 3842 :
994 3787 1274 3856 Exspectat
1299 3789 1465 3840 lucem
1499 3798 1545 3838 et
1574 3804 1675 3840 non
1710 3790 1905 3848 videat,
1942 3802 2032 3838 nec
2058 3802 2149 3837 or-

587 3868 703 3911 tum
747 3860 1007 3927 surgentis
1047 3855 1273 3923 ani-orte,
1316 3868 1369 3910 et
1413 3861 1478 3910 de
1527 3866 1747 3925 peccato
1786 3857 2034 3927 originali
2075 3855 2149 3909 ibi

583 3925 892 3983 sermonem
923 3944 1045 3982 esse
1089 3937 1413 3991 aSserentes,
1443 3930 1584 3996 quod
1626 3944 1730 3980 non
1765 3928 1898 3980 vidit
1924 3925 2146 3990 Lucem,

585 4013 707 4066 qua:
748 4007 832 4050 est
860 3998 1131 4061 Christus,
1158 4014 1265 4066 quo
1292 3999 1444 4050 illum
1479 3996 1691 4065 penitus
1724 4013 1830 4050 non
1860 3998 2148 4061 conclusit,

588 4082 688 4121 nec
715 4078 915 4131 ortum,
952 4070 1004 4120 id
1048 4078 1151 4131 est,
1181 4067 1521 4120 Nativitatem
1570 4071 1847 4135 surgentis
1899 4068 2147 4127 Aurorae,

513 4182 520 4189 .
584 4153 707 4206 qua:
732 4146 813 4189 est
836 4136 1000 4188 Maria
1030 4155 1040 4188 :
1069 4139 1192 4191 inde
1219 4136 1539 4195 inferebant,
1562 4145 1703 4203 quod
1736 4138 1848 4190 sola
1872 4136 2147 4198 nativitas,

585 4219 639 4260 et
695 4222 802 4259 non
856 4209 1136 4275 conceptio
1194 4207 1375 4259 Mariae
1422 4208 1828 4271 excipiebatur,
1893 4206 2047 4259 etab
2087 4219 2151 4257 eo

586 4288 811 4344 peccato
852 4285 967 4329 erat
996 4278 1271 4341 immuttis,
1306 4280 1356 4330 in
1392 4278 1532 4328 hunc
1563 4278 1778 4328 modum
1816 4275 2147 4344 respondet:

588 4347 878 4414 Exponunt
928 4358 1106 4399 ortum
1159 4352 1382 4400 Aurorae
1444 4360 1541 4413 pro
1604 4346 1891 4398 Nativilate
1948 4345 2145 4414 Maria},

2247 1758 2313 1811 de
2340 1757 2613 1823 aliquibus
2640 1756 2810 1811 stellis
2838 1773 3024 1811 verum
3051 1768 3215 1813 esset.
3262 1761 3328 1813 Et
3364 1772 3545 1817 tamen
3580 1766 3804 1819 sanctis-

2249 1829 2424 1880 simus
2453 1825 2576 1889 Joh,
2607 1836 2667 1880 ut
2694 1826 2837 1879 illam
2889 1827 3016 1901 luci,
3052 1828 3247 1901 idest,
3276 1829 3498 1886 Christo
3546 1833 3802 1901 adjunge-

2250 1906 2359 1973 _ret_,
2390 1905 2849 1973 etsupergmnes
2875 1898 3083 1973 stellas,
3116 1899 3168 1973 id
3204 1909 3310 1963 est,
3341 1912 3587 1967 sanctos,
3616 1898 3802 1973 singu-

2245 1967 2430 2039 lariter
2461 1966 3065 2039 magnificarethsolum
3117 1968 3237 2037 ejus
3272 1979 3454 2025 ortum
3490 1966 3802 2039 excipitfut

2245 2037 2428 2092 stellas
2481 2051 2671 2090 omnes
2702 2051 2811 2105 pra:
2839 2036 2925 2090 illa
2972 2036 3295 2093 obscuratas
3325 2041 3549 2095 faceret.
3592 2036 3683 2095 Sic
3710 2043 3803 2097 Ca-

2247 2107 2514 2160 tlierinus.
2563 2106 2825 2160 Praedicta
2860 2106 3021 2161 etiam
3056 2105 3182 2161 Jobi
3212 2110 3371 2163 verba
3421 2126 3449 2163 a
3489 2111 3549 2165 S.
3598 2111 3799 2168 Thom:

2244 2177 2404 2230 allata
2433 2178 2747 2245 expendens
2798 2177 3043 2245 Andreas
3084 2176 3276 2231 Pintns
3312 2180 3564 2234 Rainirez
3613 2184 3665 2234 in
3710 2201 3803 2237 suo

2246 2260 2406 2313 opere
2438 2244 2513 2299 De
2535 2255 2767 2314 concept.
2809 2244 2871 2299 Β.
2909 2244 3049 2316 Virg.
3082 2254 3134 2302 η.
3162 2248 3284 2311 567,
3318 2251 3369 2302 in
3406 2250 3555 2304 hunc
3587 2256 3799 2307 modum

2246 2317 2437 2371 scribit
2469 2333 2543 2370 ιι(
2587 2317 2759 2391 Quam
2810 2317 2980 2369 libere
3008 2325 3162 2391 ortus
3207 2321 3479 2391 abgutero
3512 2322 3601 2375 hic
3640 2325 3803 2391 expli-

2246 2398 2422 2451 catur,
2455 2395 2559 2440 tam
2593 2387 2761 2441 libere
2792 2398 2971 2440 ortum
3007 2387 3061 2440 iit
3088 2398 3262 2451 utero,
3292 2389 3343 2441 id
3374 2399 3457 2443 est
3490 2387 3803 2458 conceptio-

2246 2472 2366 2510 nem
2408 2458 2703 2525 passivam,
2766 2471 3060 2523 possumus
3111 2458 3407 2527 explicare,
3466 2470 3523 2514 et
3578 2462 3803 2518 fortasse

2245 2527 2417 2593 magis
2454 2540 2696 2599 congrue
2728 2527 2999 2599 vulgatam
3032 2530 3431 2599 nostram'(qui
3463 2540 3548 2585 est
3568 2534 3802 2599 optimus

2244 2598 2545 2672 explicandi
2576 2597 2793 2672 modus)
2834 2598 2953 2672 aliis
2982 2598 3322 2672 version‘ibus
3353 2597 3747 2672 concilia—otes.
3782 2623 3797 2655 ι

2250 2665 2477 2720 San'ctes
2508 2667 2651 2721 enim
2700 2666 2975 2734 Pagninus
3011 2667 3294 2723 Themista
3338 2670 3574 2725 ﬁdeliter
3604 2688 3672 2727 ex
3705 2675 3803 2727 He-

2248 2739 2418 2808 braeo»
2446 2736 2525 2808 sic
2561 2740 2723 2791 vertit
2763 2755 2773 2790 :
2826 2755 2842 2788 ι
2881 2738 3169 2805 Exspectet
3213 2738 3412 2803 lucem,
3461 2749 3517 2795 et
3558 2758 3667 2796 non
3719 2747 3802 2808 sit,

2246 2822 2347 2860 nec
2375 2806 2929 2883 videat_splendor'em
2966 2823 3198 2883 aurorae.
3244 2827 3262 2860 t
3296 2808 3462 2883 Ortus
3496 2827 3633 2883 ergo
3668 2806 3804 2883 apud

2246 2885 2492 2948 nostrum
2567 2877 2914 2948 interpretem
2968 2878 3312 2945 Splendorem
3372 2877 3653 2948 signiﬁcat
3687 2877 3720 2947 ,“
3760 2894 3807 2937 et

2246 2946 2502 3013 splendor
2530 2947 2777 3016 absolute
2817 2947 2884 3000 de
2914 2952 3107 3016 quovis
3155 2948 3336 3002 Mariae
3376 2946 3606 3004 instanti
3666 2946 3805 3008 venit

2248 3017 2614 3088 usurpandus.
2652 3014 2912 3088 Vartablus
2932 3014 3067 3088 legit
3097 3036 3109 3071 :
3145 3037 3161 3068 ι
3196 3018 3486 3086 Exspectet
3524 3021 3733 3088 lucem,
3761 3034 3807 3077 et

2251 3101 2354 3161 non
2388 3086 2545 3161 adsit,
2573 3101 2671 3139 nec
2691 3086 2865 3161 videat
2896 3086 3177 3161 palpebras
3212 3103 3505 3161 aurorae.)
3552 3090 3667 3146 llas
3699 3086 3805 3161 pal-

2248 3158 2445 3231 pebras
2471 3155 2670 3231 frustra
2704 3156 2769 3209 ad
2799 3154 3145 3231 nativitatem
3173 3159 3345 3231 magis
3379 3158 3621 3229 deferas,
3650 3154 3805 3231 quam

2250 3226 2316 3302 ad
2346 3226 2788 3302 conceptiotiem.
2826 3224 2879 3302 tn
2910 3241 2970 3302 re
2990 3240 3127 3302 ergo
3158 3224 3320 3302 dubia
3360 3231 3537 3298 magis
3565 3224 3803 3302 con-grue

2250 3299 2317 3348 ad
2346 3295 2602 3366 honorem
2640 3292 2888 3366 Virginis
2910 3292 3065 3349 locus
3097 3297 3336 3362 ducitur,
3364 3292 3529 3366 quam
3576 3292 3807 3356 traliitur

2250 3366 2315 3418 ad
2348 3365 2599 3434 impium.
2634 3363 2736 3419 Sed
2770 3365 2894 3417 audi
2933 3366 3062 3432 quid
3107 3380 3203 3435 pro
3243 3363 3419 3421 littera
3452 3369 3661 3425 Pineda
3699 3373 3802 3427 ibi:

2257 3434 2458 3508 sititer
2508 3435 2743 3503 reliquas
2802 3434 3205 3508 translationes
3247 3437 3361 3491 haec
3424 3440 3803 3508 palpebrarum

2252 3504 2515 3581 illustrior
2538 3516 2638 3581 est,
2671 3505 2813 3581 quod
2840 3507 3055 3581 oculum
3087 3506 3210 3559 coeli
3232 3508 3487 3575 respiciat
3508 3504 3537 3581 7-:
3576 3526 3806 3581 namque

2252 3577 2419 3630 solem
2463 3575 2585 3629 coeli
2633 3574 2849 3627 oculum
2884 3577 3099 3648 videtur
3133 3574 3337 3648 aurora
3361 3580 3519 3645 quasi
3556 3593 3685 3648 post
3717 3574 3804 3635 no-

2252 3655 2506 3700 cturnum
2542 3659 2814 3711 soporem,
2853 3656 2907 3698 et
2932 3647 3114 3698 clausa
3158 3646 3387 3711 lumina,
3423 3646 3625 3703 iterum
3659 3652 3805 3706 didu-

2253 3716 2375 3777 ctis,
2405 3724 2457 3767 et
2497 3716 2700 3782 apertis
2750 3715 3025 3785 palpebris
3073 3714 3403 3785 vigilantem,
3438 3728 3491 3772 et
3531 3722 3799 3775 videntem

2252 3785 2452 3839 mundo
2482 3785 2727 3855 reddere.
2768 3803 2794 3855 ιΔ
2818 3783 2993 3855 Divini
3025 3783 3153 3854 ergo
3180 3784 3357 3849 Oculi,
3385 3790 3437 3841 id
3476 3798 3581 3852 est,
3625 3788 3802 3855 Verbi,

2252 3855 2505 3923 palpebra
2534 3856 2639 3906 erit
2667 3853 2854 3915 Maria,
2873 3857 2916 3907 si
2947 3853 3155 3907 Aurora
3188 3866 3269 3909 est
3292 3872 3359 3910 ex
3377 3869 3555 3912 mente
3585 3858 3652 3913 Ι).
3680 3853 3803 3915 Τιιοὲ

2254 3940 2374 3989 mae,
2409 3934 2461 3977 et
2489 3924 2611 3993 quis
2644 3926 2782 3996 tanti
2814 3925 2965 3977 Oculi
2993 3926 3276 3996 palpebras
3301 3926 3495 3996 lippas,
3530 3942 3585 3983 et
3620 3933 3802 3983 conni-

2253 4004 2439 4048 ventes
2474 3994 2800 4061 quandoque
2832 3996 3196 4049 existimabit?
3226 3994 3280 4049 Si
3314 3994 3448 4051 nihil
3470 4001 3529 4052 in
3560 3999 3799 4053 Divinam

2254 4065 2431 4138 lucem
2485 4064 2762 4138 Christum
2826 4065 3056 4118 incurrit
3112 4066 3477 4138 inquinatum,
3536 4084 3637 4123 cur
3696 4072 3801 4138 ejus

2254 4132 2573 4207 Mater,_ubi
2610 4133 2702 4186 lux
2724 4137 2873 4207 ista,
2895 4144 3149 4207 tanquam
3182 4132 3323 4207 inter
3350 4139 3665 4207 palpebras,
3706 4132 3801 4193 no-

2257 4206 2338 4273 his
2398 4204 2708 4272 fulguravit,
2754 4206 3110 4273 denigratur?
3139 4207 3195 4258 Si
3245 4204 3417 4261 Maria
3443 4204 3680 4262 _Aurora
3724 4224 3800 4262 εει

2254 4272 2397 4359 Solis
2453 4274 2812 4359 ittimaculati,
2869 4272 2966 4350 cur
3018 4276 3328 4359 macu‘lata,
3374 4280 3800 4359 it_no__0ppetens.

2254 4345 2399 4417 quod
2451 4343 2739 4417 concepta
2775 4344 3008 4417 appetit,
3060 4346 3421 4413 profanatur?
3471 4343 3649 4417 Majiis
3703 4364 3799 4409 est,

587 4392 711 4485 qua:
743 4417 841 4469 fuit
870 4431 936 4468 ex
966 4425 1152 4481 utero;
1188 4432 1282 4471 cur
1308 4431 1413 4468 non
1443 4392 1621 4483 potius
1652 4430 1747 4482 pio
1777 4416 1865 4468 illa
1896 4429 2014 4483 qua:
2047 4392 2148 4468 [υίί
2182 4392 2224 4445 D
2254 4392 2397 4482 quod
2426 4414 2595 4466 voluit
2709 4392 3029 4466 PetifDam'.
3055 4392 3118 4469 5a
3150 4418 3294 4470 hunc
3320 4392 3798 4473 ibtluixi'éemeiié

589 4490 644 4539 in
676 4488 869 4537 utero?
896 4486 1004 4539 Cur
1034 4489 1179 4539 enim
1209 4488 1309 4538 viri
1348 4487 1456 4549 isti,
1493 4494 1547 4536 ut
1589 4489 1905 4553 swpissime,
1937 4494 1989 4538 ct
2018 4485 2149 4536 mul-

592 4560 664 4610 tis
731 4559 878 4609 loets
925 4566 1114 4609 contra
1184 4554 1424 4607 Dominae
1484 4556 1769 4622 puritatem
1830 4564 2144 4623 perpetuam

592 4638 835 4693 agentes,
876 4636 1077 4691 ortum,
1130 4636 1181 4679 et
1240 4626 1574 4677 nativitatem
1630 4641 1727 4693 pro
1782 4626 1896 4694 ipsa
1949 4640 2146 4678 conce-

592 4697 775 4762 ptione
807 4698 1296 4763 accipiunt,'aique
1342 4704 1620 4763 exponunt
1666 4698 1827 4748 etiam
1862 4695 2060 4755 verbis.
2093 4702 2147 4747 et

591 4776 773 4817 tuente
816 4779 1099 4818 auctorum
1140 4766 1581 4833 repugnantibus,
1618 4774 1675 4817 ut
1710 4781 1811 4819 suo
1838 4765 1957 4818 loco
1994 4779 2146 4817 lliOll-

592 4837 805 4900 strabo;
840 4852 983 4887 nunc
1010 4844 1210 4898 autem,
1249 4837 1337 4887 ubi
1369 4836 1504 4887 ratio
1532 4835 1763 4888 maxime
1794 4834 2075 4898 suadebat,
2096 4841 2149 4885 et

592 4904 713 4971 pius
740 4903 891 4956 favor
926 4904 1080 4955 Matri
1110 4903 1222 4965 Dei,
1259 4915 1435 4956 ortam
1468 4920 1677 4959 aurorae
1710 4921 1808 4972 pro
1844 4906 2143 4966 nativitate,

591 4988 712 5042 qua:
745 4990 809 5026 es
845 4983 1159 5042 UICI'OLIIOH
1191 4989 1309 5042 qua:
1358 4976 1409 5025 iit
1457 4986 1629 5037 utero,
1672 4977 1835 5027 velint
1868 4989 1966 5027 nos
2014 4976 2147 5025 reci-

590 5041 738 5109 pere,
777 5052 834 5093 ut
888 5045 987 5093 hoc
1026 5041 1267 5096 Dominae
1316 5044 1651 5111 privilegium
1703 5043 2043 5111 expugnent?
2078 5045 2145 5095 At

497 5130 500 5133 ·
591 5127 691 5165 nos
742 5114 1018 5183 discemus
1072 5117 1252 5180 potius
1306 5130 1402 5181 pro
1456 5116 1626 5183 gloria
1673 5116 1888 5182 Reginae
1944 5121 2145 5166 nostra:

590 5182 754 5233 simili
823 5181 983 5234 modo
1045 5198 1335 5248 exponere,
1370 5181 1507 5237 sicut
1556 5184 1647 5236 illa
1684 5181 1890 5237 faciunt
1953 5192 2143 5236 contra

590 5252 764 5311 illam,
805 5262 865 5303 ut
897 5260 1074 5304 ortum
1116 5257 1287 5320 ipsum
1335 5268 1432 5321 pro
1482 5254 1599 5321 ipso
1631 5257 1805 5322 primo
1842 5262 1963 5306 ortu
1997 5254 2142 5306 acci-

591 5322 822 5387 piamus,
852 5323 944 5389 qui
985 5322 1086 5374 luit
1113 5326 1164 5373 in
1198 5333 1349 5376 utero
1390 5337 1507 5375 eum
1549 5336 1630 5377 est
1669 5334 1951 5391 concepta,
1984 5338 2139 5389 quem

592 5399 768 5460 ortum
797 5394 984 5458 procul
1025 5393 1189 5445 dubio
1219 5403 1333 5445 atra
1366 5394 1454 5445 iila
1479 5396 1686 5460 peccati
1714 5409 1816 5447 nox
1848 5408 1957 5445 non
1987 5395 2138 5445 vidit.

594 5459 746 5523 Quod
786 5472 967 5532 autem
998 5463 1069 5515 ita
1108 5478 1231 5516 vere
1262 5464 1456 5532 expooi
1480 5459 1689 5529 debeat,
1729 5465 1959 5532 primunt
1993 5464 2137 5527 facit,

590 5532 734 5603 quod
782 5530 897 5603 ipsa
930 5533 1201 5603 decenter
1259 5530 1357 5600 pro
1393 5547 1583 5587 aurora
1632 5530 1987 5603 signiﬁcatur,
2020 5548 2141 5599 quae

590 5598 793 5652 Christi
838 5601 941 5653 luci
988 5598 1320 5670 adjungitu'r,
1353 5618 1472 5670 quae
1501 5613 1648 5658 certe
1686 5598 1851 5655 Simul
1885 5619 2005 5656 cunt
2036 5598 2135 5663 est,

593 5681 712 5721 cum
748 5672 867 5725 luce
901 5673 1015 5740 ipsa
1054 5682 1156 5742 est,
1190 5687 1468 5743 nunquam
1498 5683 1579 5731 est
1621 5676 1765 5729 enim
1795 5687 1991 5735 aurora
2022 5673 2139 5727 sine

2251 4480 2534 4558 Assumpt.
2570 4500 2587 4532 ι
2632 4480 2765 4558 ilice
2807 4493 2908 4558 est,
2963 4485 3186 4558 inquit,
3216 4487 3452 4554 Aurora,
3505 4503 3671 4558 quam
3720 4494 3799 4541 ille

2252 4569 2360 4607 non
2402 4554 2554 4618 vidit,
2597 4554 2691 4621 qui
2719 4555 3023 4607 viditomne
3054 4556 3302 4621 sublime,
3344 4572 3405 4612 ut
3437 4554 3557 4613 erat
3592 4560 3651 4613 Β.
3680 4559 3797 4619 Job,

2253 4634 2312 4674 ut
2347 4623 2420 4676 illi
2470 4624 2634 4675 multa
2686 4625 3070 4691 suppressione
3111 4627 3395 4681 claudatur
3418 4626 3607 4683 dicens
3636 4646 3649 4683 :
3682 4629 3799 4681 Non

2250 4695 2419 4746 uideat
2471 4705 2645 4746 ortum
2674 4696 2934 4761 surgentis
2966 4698 3207 4750 Aurorw.
3255 4699 3412 4753 Sient
3437 4706 3650 4753 Aurora
3695 4712 3800 4753 ter-

2250 4767 2693 4835 tiiiituiittioctis,
2722 4776 2775 4816 et
2827 4765 2931 4818 diei
2966 4767 3289 4835 principium
3325 4773 3518 4824 adesse
3552 4780 3798 4833 tegatur,

2249 4833 2332 4906 sic
2359 4842 2411 4886 et
2438 4833 2601 4901 Virgo
2633 4843 2844 4887 noctem
2891 4837 3097 4904 expulit
3130 4833 3539 4906 sempiternam.
3581 4858 3599 4889 ι
3629 4841 3801 4893 Minus

2250 4903 2409 4975 enim?
2439 4919 2680 4972 congrue
2717 4918 2826 4959 tam
2857 4903 3025 4957 multa
3067 4903 3475 4975 suppressioue,
3513 4911 3564 4962 id
3606 4920 3689 4964 est
3711 4912 3801 4962 ab-

2248 4974 2546 5048 suusione,
2577 4975 2755 5048 clausa
2801 4975 3003 5048 dicitur
3046 4974 3255 5030 Aurdra
3308 4989 3521 5041 nostra,
3571 4980 3618 5033 si
3662 4981 3800 5048 ipsas

2247 5045 2551 5112 appetentis
2589 5044 2736 5098 illius
2779 5046 3047 5111 primitias
3082 5048 3292 5100 daemon
3330 5051 3607 5118 oppressit
3656 5044 3800 5103 {mi-

2246 5128 2351 5188 nus
2401 5128 2638 5181 congrue
2674 5118 3042 5188 clauderetur,
3077 5122 3121 5169 si
3174 5119 3345 5173 hostis
3393 5120 3631 5188 primum
3661 5121 3800 5172 illius

2246 5186 2445 5236 ostium
2472 5188 2748 5258 reseravit.
2773 5184 2928 5237 Absit
2960 5203 2971 5237 :
3001 5201 3107 5239 non
3138 5188 3311 5241 solum
3346 5184 3451 5243 non
3485 5190 3683 5258 tetigit,
3712 5191 3800 5241 sed

2246 5268 2344 5327 nec
2378 5268 2497 5327 eam
2536 5253 2720 5308 videre
2766 5270 2932 5308 ausus
2966 5266 3069 5327 est,
3094 5261 3348 5326 princeps
3393 5253 3669 5327 superbire
3706 5275 3799 5312 sn-

2245 5321 2491 5374 blimium
2521 5335 2830 5391 spectator;
2860 5339 3022 5398 quam
3052 5321 3167 5393 jam
3215 5321 3544 5398 se'suosque
3578 5343 3800 5397 oppres-

2245 5405 2471 5468 suram”
2503 5404 2577 5468 eL
2598 5403 2799 5468 aeterno
2840 5396 3154 5468 clausuram
3191 5412 3412 5452 carcere
3451 5396 3801 5468 pertitnebat.

2243 5458 2516 5537 Hactenus
2542 5462 2815 5537 Rantircg.
2840 5463 2969 5537 V_ide
2990 5462 3052 5537 _S.
3077 5464 3345 5520 Thomam
3374 5471 3426 5521 in
3451 5458 3653 5537 psalm.
3682 5483 3799 5527 tu.

2244 5532 2334 5605 ubi
2366 5533 2645 5605 explicans
2667 5534 2734 5586 de
2762 5531 3075 5605 B.77Virgine
3095 5537 3184 5590 illa
3211 5539 3370 5591 verba
3408 5557 3421 5592 :
3459 5531 3476 5589 ἱ
3516 5539 3800 5605 Adjuvabit

2242 5600 2372 5676 Eam
2421 5601 2566 5676 Deus
2606 5600 3061 5676 manediluculo,
3098 5623 3118 5656 t
3180 5607 3377 5676 inquit,
3418 5600 3803 5661 Deum'blaiiz

2240 5671 2533 5729 exsistendi
2569 5672 2747 5729 adhuc
2775 5674 2829 5728 in
2860 5684 3033 5742 utero,
3057 5671 3376 5734 auxiliatum
3404 5677 3574 5736 fuisse
3616 5694 3632 5730 :
3666 5698 3687 5731 ι
3728 5676 3794 5730 Et
