3948 6304
556 354 686 414 ἱῗῖἱω

549 482 655 528 51's,
687 461 847 515 animi
890 460 1166 514 alacritate
1216 460 1416 533 repleta
1456 473 1535 522 es,
1563 459 1809 510 eunulem
1863 455 2107 524 maguiﬁ-
2134 454 2184 511 Α

549 573 701 611 (τηις.

615 644 796 696 Δρριιιιι
823 657 979 710 quem
1010 655 1232 709 corpore
1259 639 1480 692 induisti
1506 652 1669 705 supra
1701 635 2104 704 cegitalionem,

548 744 695 787 csta
755 734 1000 794 Domina,
1057 732 1434 785 resuscitatum
1505 729 1722 781 intuens
1778 743 1807 779 e
1857 727 2102 788 mortuis,

547 825 820 878 clamabas
852 843 862 874 :
889 826 1058 887 Quam
1085 823 1326 890 Speciosa
1361 819 1707 889 pulchritudo
1747 829 1855 880 tua,
1879 817 1976 868 Fili
2009 817 2101 881 mi,

549 933 641 983 per
667 932 824 984 quam
853 915 917 966 ad
946 915 1221 981 antiquam
1249 913 1471 964 fortnam
1500 909 1666 962 Adam
1693 924 1836 974 nunc
1865 915 2102 960 mutatus

549 1015 861 1067 renovatur,

615 1097 858 1148 Luminis
883 1096 953 1148 tui
989 1093 1154 1146 radiis
1185 1090 1387 1158 dissipa
1418 1106 1548 1142 meae
1601 1089 1944 1156 ignorantiae,
1979 1085 2101 1140 Dei-

545 1204 692 1255 para,
719 1187 1021 1256 caliginem,
1043 1193 1102 1237 ut
1136 1183 1254 1236 ﬁdei
1285 1182 1503 1235 vocibus
1531 1181 1812 1250 prxdiccm
1836 1189 2101 1261 perpetuo

549 1279 816 1332 mirabilia
850 1287 960 1330 tua.

893 1383 977 1436 Ea:
1018 1399 1210 1436 canone
1240 1383 1384 1450 feria:
1410 1397 1479 1433 tv.
1515 1382 1661 1434 ltcbd.
1698 1397 1748 1434 v.

615 1494 716 1559 Qui
778 1491 1071 1545 secundum
1149 1491 1421 1558 propriam
1501 1499 1744 1541 naturam
1814 1488 2098 1542 invisibilis

544 1592 680 1646 erat,
713 1580 938 1632 visibilis
992 1586 1074 1631 est
1111 1578 1284 1630 factus
1340 1579 1650 1630 incarnatus
1688 1593 1750 1631 ex
1807 1587 1886 1641 te,
1925 1578 2099 1630 incul-

544 1671 818 1738 patissima
875 1668 1120 1735 Domina,
1150 1678 1202 1722 et
1264 1683 1474 1721 erucem
1536 1677 1869 1736 mortemque
1913 1669 2095 1722 volens

544 1759 824 1813 sustinuit.

537 1842 546 1858 ’
612 1847 742 1911 Qua:
778 1847 1059 1900 Dominum
1110 1845 1276 1899 Deum
1340 1846 1592 1914 peperisti
1651 1846 1772 1900 vita:
1824 1846 2093 1914 mortique

543 1935 934 1997 dominantem,
967 1936 1030 1988 da
1066 1935 1240 1997 nobis,
1268 1949 1299 1984 ο
1330 1943 1499 1996 casta,
1539 1935 1839 1987 dominium
1869 1936 2092 1988 evadere

545 2027 856 2080 insidiantis
886 2033 1083 2081 nostra:
1103 2027 1308 2079 liberati
1335 2026 1551 2094 maligni
1585 2026 1772 2084 hostis.

614 2115 683 2169 Ut
736 2128 885 2185 porta
935 2117 1072 2168 lueis
1133 2131 1198 2166 ex
1255 2117 1365 2168 orci
1437 2115 1854 2183 penetrabilibus
1925 2118 2091 2169 solem

540 2204 732 2257 intuita
810 2215 1076 2266 exortum,
1135 2201 1320 2271 Virgo,
1382 2213 1436 2256 et
1511 2203 1912 2258 collustrantem
1990 2215 2096 2258 ter-

539 2301 717 2355 minos
755 2309 930 2363 ιρι-ιω,
966 2300 1147 2352 divina
1179 2300 1442 2367 completa
1490 2315 1548 2354 es
1604 2287 1887 2368 suavitate,
1922 2301 2093 2354 incul-

537 2392 837 2461 patissima.

892 2500 974 2553 Ea:
1001 2517 1193 2554 canone
1227 2501 1371 2569 feria:
1403 2519 1453 2554 ν.
1477 2502 1626 2556 hebri.
1661 2521 1708 2557 ι’.

603 2612 740 2664 Cum
773 2610 965 2664 Filium
1002 2620 1150 2664 tuum
1217 2625 1245 2661 e
1299 2610 1544 2676 sepulcro
1598 2623 1961 2681 resurgentem
2014 2615 2092 2667 vi-

536 2701 730 2765 disses,
762 2718 792 2755 o
833 2701 989 2771 Virgo
1028 2700 1279 2754 inviolata
1317 2700 1453 2770 (65),
1486 2717 1606 2754 eum
1647 2703 1790 2756 illius
1836 2706 2092 2773 apostolis

536 2794 827 2862 gaudebas,
857 2809 978 2847 cum
1022 2793 1217 2861 quibus
1253 2801 1303 2844 te
1332 2792 1716 2860 gloriﬁcamus.

607 2885 772 2940 Serva
798 2901 882 2938 me
917 2887 982 2938 ab
1017 2886 1136 2952 igne
1173 2885 1427 2953 gehennae
1455 2893 1506 2938 et
1537 2885 1603 2937 ab
1636 2894 1830 2938 teterna
1867 2888 2089 2940 damna-

534 2957 705 3040 tiOne,
741 2976 1128 3029 immaculata:
1179 2973 1366 3040 frange
1419 2973 1884 3041 perturbationum
1945 2992 2088 3028 mea-

533 3082 652 3120 rent
679 3067 1044 3120 vehementem
1092 3065 1403 3133 procellam,
1433 3072 1486 3118 et
1512 3065 1682 3134 dirige
1713 3082 1798 3120 me
1841 3066 1906 3119 ad
1937 3076 2087 3120 tran-

536 3158 733 3227 quillos
761 3159 880 3210 vitae
913 3168 1121 3227 portus.

605 3247 796 3302 Vidisti
828 3249 1104 3301 Christum
1165 3247 1542 3302 resuscitatum
1593 3263 1712 3300 cum
1769 3249 2088 3304 mulieribus

537 3349 804 3408 unguenta
840 3338 1155 3402 ferentibus,
1183 3351 1233 3392 et
1262 3354 1521 3393 converso
1553 3341 1602 3390 in
1635 3340 1886 3406 gaudium
1919 3342 2086 3404 luctu,

535 3431 684 3482 illurn
711 3431 1069 3498 gloriﬁeabas.
1116 3430 1265 3484 Unde
1320 3431 1424 3484 alta
1462 3446 1591 3484 voce
1619 3441 1667 3484 te
1693 3430 1898 3485 felicem
1945 3448 2084 3501 pra:-

534 3521 706 3574 dicam
719 3537 798 3584 us,
832 3521 920 3575 Dei
951 3521 1214 3575 Gcnitrix.

533 3657 688 3727 337
727 3656 806 3709 Ex
850 3673 1044 3710 canone
1093 3655 1375 3709 Dominicre
1425 3671 1478 3720 ν,
1528 3657 1580 3708 in
1625 3655 1829 3710 Ca’cum
1859 3674 1890 3708 a
1928 3655 2088 3709 hiati-

1220 3729 1392 3777 vitate.

602 3815 792 3868 Alvum
841 3824 990 3867 tuam
1045 3814 1278 3882 eonjugii
1324 3823 1593 3881 expertem
1628 3814 1950 3866 inhabitavit
1983 3813 2085 3865 Do-

532 3907 733 3969 minus,
766 3921 796 3958 o
825 3903 1007 3974 Virgo,
1038 3920 1132 3972 per
1173 3905 1381 3956 viscera
1410 3903 1811 3956 ntiseratiomnn
1861 3919 2081 3958 suarum

532 3998 736 4048 salvum
771 3996 944 4048 facere
979 3996 1163 4047 volens
1200 3993 1476 4046 hominem
1523 4003 1840 4060 corruptum
1879 3995 2080 4047 astutia

532 4089 755 4140 inimici.
812 4088 963 4140 llunc
1014 4087 1167 4156 igilur
1219 4087 1464 4148 obsecra,
1517 4094 1573 4136 ut
1619 4084 1891 4137 civitatem
1946 4087 2084 4140 hanc

531 4180 673 4231 omni
699 4179 906 4233 excidio
943 4180 1146 4240 liberet,
1181 4188 1232 4230 et
1264 4176 1573 4228 incursione
1597 4177 1854 4242 gentium.

603 4271 858 4339 \‘irginali
889 4286 952 4323 ex
984 4278 1166 4323 ventre
1214 4267 1467 4335 peperisti
1520 4267 1683 4318 Dcum
1715 4267 2077 4331 inearnatum,

531 4377 556 4411 a
598 4377 704 4429 quo
733 4362 978 4428 impetra,
1011 4358 1354 4413 sanctissima
1386 4355 1631 4420 Domina,
1670 4365 1724 4407 ut
1755 4357 2077 4418 misereatur

531 4453 717 4505 nostri.

597 4544 808 4597 Partum
840 4555 1010 4609 tuum,
1044 4538 1375 4616 incorrupta,
1408 4559 1596 4608 natura
1620 4549 1946 4617 superiorem
1967 4551 2080 4617 glo-

528 4635 818 4695 riiicamus.
853 4637 1059 4690 beatam
1112 4647 1183 4699 te,
1233 4639 1679 4706 inculpatissima,
1740 4639 1841 4691 ﬁde
1891 4641 2082 4705 praedi-

527 4737 729 4788 cantes,
764 4735 1020 4795 tanquam
1058 4727 1148 4780 Dei
1177 4730 1548 4783 universornm
1587 4731 1934 4784 Genitricem.

594 4815 874 4879 Quomodo
934 4818 1183 4884 peperisti
1231 4820 1344 4872 sine
1397 4821 1565 4873 virilis
1624 4819 1826 4887 copula:
1871 4823 2077 4887 experi-

528 4917 727 4968 mento,
760 4924 790 4959 0
815 4920 957 4961 casta
994 4909 1153 4976 Virgo
1178 4910 1668 4978 Mater?quomodo
1694 4911 1908 4964 nutriin
1930 4929 2073 4974 eum,

435 5052 442 5058 μ
527 4997 614 5062 qui
649 4999 924 5051 universas
951 5001 1116 5052 nutrit
1152 5002 1462 5054 creaturas?
1488 5001 1553 5054 Ut
1585 5002 1696 5070 ipse
1726 5002 1871 5054 solus
1906 5005 2075 5068 novit,

525 5089 614 5151 qui
655 5088 888 5140 universi
918 5100 998 5142 est
1030 5102 1213 5144 auctor
1246 5102 1296 5145 et
1325 5092 1484 5144 Deus.

597 5243 702 5308 ((ῑξεὶ
745 5241 840 5294 ilic
891 5245 1070 5296 titulus
1121 5243 1408 5306 lm-iulntm,
1450 5262 1552 5297 non
1611 5248 1781 5309 solum
1837 5249 2072 5301 ostendit.

528 5313 599 5390 ιι..
625 5311 888 5390 Virginem
932 5314 1093 5365 fuis~e
1150 5315 1406 5367 illibatam
1444 5317 1492 5365 in
1531 5317 1756 5390 certare
1798 5335 1887 5379 per
1923 5322 2064 5369 inte.

525 5383 768 5441 {rtjilatcm
811 5382 1149 5449 virginitatis,
1179 5388 1265 5433 sel
1305 5388 1463 5433 etiam
1499 5382 1752 5434 illih-iiaxn
1801 5389 1849 5436 in
1888 5389 2062 5438 anima

529 5467 619 5511 per
640 5450 1023 5504 immunitatem
1051 5469 1076 5502 a
1105 5465 1318 5518 pL‘i't'Zilt)
1343 5454 1612 5517 originali.
1647 5454 1791 5503 Inh-
1821 5455 1870 5505 ἰ).
1907 5456 2059 5506 Jnatt.

529 5520 786 5572 littsebitts
838 5519 1265 5587 Nlt‘lCllliNH'glllS
1338 5524 1384 5571 in
1445 5524 1555 5572 suis
1617 5523 2014 5587 l‘ft't'cptinnilms
2051 5567 2061 5576 .

529 5603 642 5651 (mg.
708 5590 825 5645 Hii.
880 5591 1125 5657 observat
1186 5596 1425 5642 sanctum
1480 5590 1706 5641 Leoni-ni
1765 5611 1949 5657 papam
2012 5600 2060 5645 in

526 5657 754 5728 iipislola
801 5659 863 5709 ad
910 5656 1174 5728 Jttliantnn
1219 5662 1500 5715 (lnt'nsrm,
1548 5678 1663 5722 qttzr'
1706 5656 1874 5712 exstat
1925 5667 2060 5728 :lp'lii

525 5724 731 5778 Vinium
762 5728 812 5777 in
846 5727 1071 5778 eoin-ilio
1103 5730 1541 5794 (illitl‘L'JiiUil‘fllai,
1579 5731 1703 5780 dunt
1744 5731 1789 5783 in
1823 5749 1881 5784 ea
1913 5724 2063 5784 vetat

1667 351 1725 407 s.
1765 328 2072 405 JOSEPHI
2114 341 2662 402 HYlilNOGRAl’llt

2114 4430 2247 4511 Da‘é

3636 337 3757 397 lid‘l

2514 454 2591 505 Ex
2609 469 2803 504 canone
2831 454 2882 503 in
2905 452 3190 506 Parasccrc
3221 455 3370 505 Iuba.
3412 467 3460 502 ν.

2282 576 2475 630 Sancta
2508 578 2952 645 inculpatissima,
2984 587 3226 630 sanctum
3264 577 3314 628 in
3364 577 3571 626 sanctis
3605 575 3754 642 quie-

2208 680 2443 722 scentem
2483 670 2659 730 enixa,
2688 671 2828 723 hunc
2869 680 2923 722 ut
2977 669 3153 720 vidisti
3187 684 3213 720 e
3253 668 3500 733 sepulcro
3552 667 3756 729 “1'3"”-

2211 768 2314 812 tem
2342 759 2478 811 sicut
2513 774 2774 826 sponsum
2813 773 2874 810 ex
2921 759 3181 819 thalamo,
3211 756 3445 807 extulisti
3488 755 3754 816 laudibus,

2209 849 2586 915 benignitatem
2621 850 2736 916 ejus
2769 849 3171 901 commendans.

2277 939 2524 992 Sicutex
2584 949 2632 993 te
2686 940 2885 1008 prodiit
2919 939 3058 990 Deus
3121 954 3175 990 ιιι
3239 947 3539 1004 aspectum,
3573 935 3753 1004 Virgo,

2206 1029 2428 1082 minime
2458 1030 2740 1098 resignatis
2797 1029 3117 1094 virginitatis
3161 1035 3262 1078 tuae
3309 1026 3638 1093 signaculis;
3687 1027 3753 1075 ita

2203 1133 2233 1170 e
2272 1118 2516 1185 sepulcro
2575 1118 2793 1172 emicuit
2824 1118 3016 1186 signati
3067 1116 3258 1183 lapidis
3297 1116 3549 1168 inviolata
3585 1116 3752 1182 sigilla

2204 1208 2470 1276 linquens,
2499 1222 2606 1275 quo
2645 1209 2758 1260 viso
2795 1207 3246 1275 superabundasti
3290 1205 3482 1274 gaudio
3537 1205 3752 1264 benedi-

2201 1314 2328 1352 cens
2351 1299 2582 1352 divinam
2620 1299 2736 1364 ejus
2771 1299 3082 1366 potentiam.

2272 1388 2402 1442 Eum
2436 1389 2526 1458 qui
2560 1400 2691 1442 ntttu
2726 1390 2823 1442 fert
2852 1399 3040 1442 cuncta
3088 1388 3253 1439 Deum
3300 1371 3469 1439 'utero
3507 1386 3748 1453 gestasti,

2201 1479 2380 1546 Virgo,
2405 1479 2608 1542 factum
2639 1481 2910 1532 hominem
2969 1495 3059 1546 per
3092 1494 3244 1531 suam
3299 1477 3744 1534 misericordiam,

2200 1571 2307 1623 ι)εο
2338 1570 2662 1639 gratissima.
2697 1569 2865 1633 Quem
2905 1569 3060 1622 enixe
3091 1584 3216 1636 roga
3252 1578 3308 1619 ut
3340 1568 3602 1621 illuminet
3632 1582 3746 1617 cor-

2198 1661 2261 1714 da
2297 1671 2480 1714 nostra
2531 1660 2950 1713 beatiﬁeantium
2997 1668 3046 1712 te
3077 1668 3331 1727 tanquam
3391 1667 3588 1710 castam
3628 1670 3747 1708 vere

2130 1777 2172 1829 Β
2199 1751 2292 1805 Dei
2326 1751 2673 1807 Genitricem.

2572 1873 2655 1927 Ea:
2682 1891 2877 1927 canone
2910 1873 3129 1926 Sabbati
3155 1873 3303 1925 hebd.
3338 1887 3386 1924 v.

2265 1983 2483 2037 Excedit
2505 1999 2716 2038 omnem
2739 1983 3117 2052 cogitationem
3139 1982 3353 2034 divinus
3376 1991 3559 2048 partus
3582 1992 3706 2033 tuus
3727 1998 3740 2033 ;

2197 2076 2569 2129 universorum
2631 2076 2770 2128 enim
2832 2074 3088 2128 factorem
3147 2082 3197 2124 et
3258 2071 3421 2124 Deum
3477 2073 3527 2123 in
3585 2086 3747 2124 carne

2197 2168 2364 2231 paris,
2392 2182 2550 2234 quem
2600 2181 2838 2234 precare,
2881 2181 2912 2219 ο
2959 2166 3205 2228 Domina,
3254 2177 3350 2232 pro
3406 2178 3613 2229 eorum,
3655 2165 3743 2231 qui

2197 2257 2381 2310 laudes
2411 2266 2526 2310 tuas
2553 2267 2769 2319 canunt,
2802 2257 2994 2308 salute.

2271 2343 2428 2413 Virgo
2461 2354 2577 2412 post
2616 2354 2849 2411 partum,
2893 2352 2948 2395 ut
3013 2350 3066 2394 et
3111 2350 3234 2394 ante
3263 2353 3472 2408 partum
3534 2342 3736 2401 fueras,

2195 2453 2226 2488 ο
2254 2447 2423 2496 casta,
2457 2435 2767 2502 apparuisti.
2801 2434 2965 2502 Leges
2992 2433 3130 2483 enim
3165 2433 3214 2484 in
3250 2442 3298 2484 te
3330 2445 3551 2498 naturae,
3578 2449 3609 2485 o
3643 2434 3741 2484 im-

2196 2524 2477 2585 maculata,
2519 2524 2810 2574 inlimitata),
2859 2533 3002 2574 sunt.
3047 2519 3331 2588 Propterea
3371 2532 3441 2583 te,
3502 2536 3534 2575 ο
3571 2531 3739 2584 casta,

2196 2613 2380 2666 ﬁdeles
2413 2614 2620 2666 beatam
2653 2613 2902 2666 dicimus.

2264 2702 2424 2772 Virgo
2472 2705 2522 2755 in
2583 2711 2734 2756 utero
2770 2703 2999 2772 concipit
3043 2705 3227 2758 mundi
3283 2719 3451 2758 unum
3510 2703 3741 2768 impera-

2197 2804 2365 2846 torem
2423 2793 2588 2845 Deum
2640 2793 2876 2846 humana
2936 2795 3183 2848 indutum
3233 2811 3415 2860 carne,
3466 2810 3628 2862 quam
3687 2801 3741 2843 ut

2191 2885 2584 2954 impcratricem
2638 2885 2783 2938 orbis
2828 2892 2880 2938 et
2929 2883 3230 2948 Dominam,
3262 2889 3451 2939 merito
3505 2885 3742 2938 celebra-

2191 2992 2330 3028 nlllS.

2260 3065 2596 3134 lnopinattnn
2655 3065 2707 3118 in
2759 3075 2810 3119 te
2856 3065 3174 3118 miraculum
3229 3063 3454 3125 exstitit,
3489 3061 3737 3129 Deipara.

2193 3165 2361 3208 mater
2386 3159 2529 3208 enim
2556 3156 2739 3209 eadem
2764 3164 2814 3209 et
2840 3153 3000 3223 Virgo
3020 3154 3165 3208 nulla
3193 3170 3428 3222 unquam
3459 3167 3487 3205 a
3519 3153 3737 3215 sreeulo,

2191 3257 2383 3311 prmter
2424 3256 2493 3308 te,
2523 3245 2631 3298 visa
2672 3254 2771 3307 est,
2803 3260 2920 3312 qua:
2955 3245 3121 3298 Deum
3180 3245 3523 3297 incarnatum
3559 3244 3735 3302 enixa,

2191 3334 2352 3404 Virgo
2381 3346 2498 3403 post
2527 3345 2735 3404 partum
2767 3335 3106 3404 permansisti
3141 3352 3155 3388 :
3182 3334 3534 3404 quamobrem
3560 3332 3736 3384 iuncti

2191 3439 2242 3483 te
2275 3429 2455 3482 ﬁdeles
2491 3429 2574 3497 pie
2611 3428 2913 3481 laudamus.
2991 3463 2994 3465 ›

2200 3649 2298 3701 Ἐκ
2326 3648 2428 3702 τοῦ
2455 3649 2710 3712 Κανόνος
2758 3645 2863 3714 τῆς
2910 3643 3201 3712 Κυριακῆς
3232 3651 3295 3708 ε’,
3327 3645 3433 3698 τοῦ
3480 3643 3734 3711 τυφλοῦ.

2257 3828 2484 3897 Μήτραν
2542 3845 2633 3880 σου
2688 3829 3056 3896 ἀπειρόγαμον
3115 3830 3211 3896 τὴν
3242 3828 3336 3898 σὴν
3391 3827 3729 3896 κατῴκησεν,

2196 3918 2352 3986 ἁγνὴ,
2391 3918 2591 3987 Κύριος
2612 3918 2698 3971 διὰ
2726 3917 3004 3986 σπλάγχνα
3037 3919 3331 3987 οἰκτιρμῶν
3356 3918 3523 3968 σῶσαι
3551 3916 3734 3984 βουλό·

2191 4024 2345 4074 μενος
2370 4007 2460 4060 τὸν
2514 4007 2784 4076 φθαρέντα
2814 4007 3096 4077 ἄνθρωπον
3140 4011 3260 4069 ταῖς
3312 4004 3732 4076 μεθοδείαις’τοῦ

2192 4097 2418 4166 ἐχθροῦ·
2457 4097 2615 4149 αὐτὸν
2655 4097 2742 4148 οὖν
2779 4098 2983 4149 ἱκέτευε
3027 4098 3122 4164 τὴν
3148 4097 3298 4148 πόλιν
3333 4097 3532 4164 ταύτην
3564 4095 3732 4158 σώζε-

2189 4190 2311 4241 σθαι
2335 4190 2508 4257 πάσης
2537 4188 2783 4251 ἁλώσεως
2809 4189 2902 4240 καὶ
2929 4187 3136 4256 ἐχθρῶν
3164 4187 3478 4254 ἐπιδρομῆς.

2255 4277 2588 4346 Παρθενικῆς
2622 4277 2726 4329 ἀπὸ
2756 4277 2982 4343 γαστρὸς
3011 4274 3326 4343 ἁπεκύησας
3365 4275 3494 4324 Θεὸν
3534 4291 3728 4341 σεπαρ-

2189 4367 2450 4434 κωμένον,
2485 4367 2541 4418 ὃν
2577 4366 3011 4435 κατοικτειρῆσαι
3057 4366 3199 4434 ἡμᾶς
3226 4365 3463 4432 artant,
3493 4364 3730 4429 πανατίξι

2256 4476 2460 4512 σποινα.

2257 4551 2356 4602 Τὸν
2396 4551 2550 4602 τόκον
2581 4569 2692 4612 σου,
2727 4551 2977 4618 ἄχρι-ατε,
3001 4548 3089 4599 τον
3143 4545 3279 4615 ὑπὲρ
3327 4548 3486 4614 φύσιν
3525 4549 3730 4612 aciein-

2187 4641 2386 4710 γοῠμεν
2415 4642 2798 4710 μακαρίζοντες
2827 4641 3001 4691 πίστει
3029 4655 3108 4702 σε,
3139 4638 3464 4707 πανάμωμε,
3497 4640 3566 4700 ὼς
3591 4640 3725 4690 ενεοῦ

2175 4733 2283 4783 τῶν
2323 4731 2454 4783 ὅλων
2485 4725 2822 4801 λοχεύτριαν.

2245 4823 2364 4884 Πῶς
2424 4821 2645 4883 τέτοκας
2697 4823 2768 4890 μὴ
2825 4819 3043 4888 γνοῦσα,
3100 4819 3518 4888 Παρθενομῆτορ
3564 4820 3724 4885 ἁγνὴ,

2179 4915 2367 4979 πεῖραν
2414 4913 2621 4980 ἀνδρὸς,
2648 4911 3038 4980 Θεοχαρξτωτε;
3088 4909 3202 4970 πῶς
3237 4910 3457 4975 τρέφεις
3489 4911 3573 4960 τὸν
3627 4911 3724 4975 τὴν

2178 5003 2349 5054 κτίσιν
2375 5004 2633 5071 τρέφοντα
2657 5005 2851 5066 ςΜὸνος
2882 5002 2952 5064 ὡς
2982 5003 3262 5052 ἐπίσταται
3291 5001 3450 5064 αὐτὸς
3473 5002 3562 5054 τοῦ
3596 5019 3727 5053 πεν-

2175 5094 2263 5156 τδς
2292 5097 2520 5163 Ποιητὴς
2549 5096 2638 5146 καὶ
2656 5096 2804 5157 Θεός.

2179 5249 2394 5301 Mariam
2432 5251 2762 5309 inviolatam.
2794 5252 2860 5302 ita
2888 5252 3172 5318 appellare,
3212 5253 3333 5319 quia
3368 5253 3507 5303 nulla
3537 5255 3718 5312 sorde.

2178 5330 2284 5368 tum
2322 5322 2437 5383 ejus
2474 5337 2642 5377 mens.
2679 5331 2789 5372 tum
2821 5322 2937 5386 ejus
2981 5338 3105 5373 caro
3140 5323 3262 5373 les:
3305 5323 3424 5380 l‘uit,
3453 5338 3571 5371 cum
3619 5323 3724 5373 huc

2173 5390 2438 5440 inviolate
2467 5391 2682 5440 nomine
2725 5391 2843 5456 plus
2875 5401 3052 5440 uratur
3086 5391 3139 5441 S.
3172 5391 3278 5441 Leo
3307 5393 3368 5442 ad
3416 5392 3723 5456 signiﬁcan-

2169 5459 2286 5507 dam
2318 5460 2670 5514 integritatem
2705 5461 2947 5524 spiritus,
2991 5475 3149 5522 quam
3181 5461 3490 5511 illaesioncm
3523 5475 3718 5523 ein-po-

2169 5527 2260 5580 ris.
2293 5537 2448 5591 atque
2489 5530 2686 5579 idcirco
2715 5543 2852 5588 saepe
2886 5529 2933 5577 in
2967 5529 3342 5594 suisepistolis
3368 5538 3520 5579 vocat
3553 5529 3719 5580 Ιὶιιιιιιι

2167 5595 2545 5667 ἱιιγιιιΙΑὲιιὶιιιιι,
2579 5597 2774 5667 quippe
2806 5597 2893 5662 qui
2927 5599 3054 5649 nulli
3095 5598 3413 5667 corruptela:
3446 5598 3716 5650 obnoxius

2167 5666 2233 5716 sit.
2262 5676 2514 5734 tanquattt
2553 5666 2920 5733 impassibilis.
