3948 6304
444 359 578 424 14θ3

1521 361 1578 419 S.
1617 358 1926 420 IOSEPHI
1962 359 2513 421 HYMNOGRAPHI

3502 363 3640 426 1494

512 474 782 545 Virginem
832 482 952 543 post
1003 483 1214 543 partum
1252 483 1302 528 te
1333 471 1617 527 laudamus
1647 487 1679 527 ο
1714 473 1936 542 Deipara
1973 487 1988 524 :

2161 471 2433 539 Παρθένον
2505 470 2640 540 μετὰ
2699 471 2856 524 τόκον
2909 471 3182 542 ὑμνοῦμέν
3243 492 3322 539 σε,
3351 474 3580 529 Θεοτὸκε
3616 495 3632 508 ·

442 574 503 620 tu
541 566 683 619 enim
726 565 892 620 Deum
937 564 1164 619 Verbum
1212 565 1552 617 incarnatum
1598 565 1795 618 mundo
1827 579 1984 645 pepe-

443 655 577 712 ricli.

510 744 622 814 (67)
659 746 733 798 Te
789 745 984 798 rubum
1048 741 1477 805 incombnstu-m,
1523 753 1575 796 et
1624 751 1898 806 montem,
1932 752 1988 796 et

443 835 641 889 scalam
708 836 1032 896 animatam,
1090 843 1143 888 et
1207 844 1412 902 portam
1469 833 1742 886 caelestem
1797 833 1988 886 merito

443 927 839 996 gloriﬁcamus,
905 943 937 980 o
1005 926 1167 979 Maria
1237 925 1506 993 gloriosa,
1562 925 1984 979 orthodoxorum

445 1019 634 1086 gloria.

513 1107 612 1172 Qui
648 1117 803 1162 natus
835 1115 912 1160 cst
941 1105 1007 1159 de
1044 1104 1282 1175 Virgine,
1327 1121 1485 1172 quam
1539 1104 1817 1174 Deiparam
1861 1105 1988 1160 elle-

445 1200 538 1257 cit,
573 1200 883 1252 benedictus
917 1197 984 1250 sit
1017 1197 1158 1250 Deus
1198 1205 1406 1264 patrum
1435 1207 1767 1250 nostrorum.

515 1290 704 1342 Filium
741 1305 804 1341 ac
836 1288 1000 1340 Deum
1058 1288 1126 1342 ob
1159 1303 1311 1342 suam
1353 1288 1634 1356 plurimam
1683 1290 1993 1344 misericor-

449 1381 587 1432 diam
625 1381 690 1433 de
721 1379 937 1448 Virgine
969 1387 1172 1441 natum,
1217 1393 1309 1446 per
1351 1394 1510 1446 quem
1561 1378 1796 1446 Spiritus
1837 1396 1992 1449 para-

449 1473 615 1523 clctus
641 1471 883 1523 ﬁdelibus
914 1470 1113 1522 missus
1141 1478 1241 1530 est,
1281 1469 1587 1523 sacerdotes
1617 1470 1850 1525 laudate.

519 1560 648 1622 Ave,
686 1561 931 1626 Deipara,
960 1556 1125 1610 Mater
1159 1556 1359 1610 Christi
1400 1558 1511 1621 Dei,
1543 1575 1698 1625 quem
1726 1561 1995 1628 peperisti,

451 1647 607 1699 hodie
637 1663 665 1700 e
695 1651 830 1701 terra
859 1645 1154 1700 evolantem
1180 1661 1300 1701 cum
1319 1649 1522 1706 aurelis
1554 1649 1763 1715 videns,
1787 1652 1996 1721 magni-

448 1739 667 1793 ﬁcabas.

2087 563 2147 615 οὐ
2173 566 2277 632 γὰρ
2300 563 2386 614 τὸν
2420 562 2550 614 Θεὸν
2579 561 2747 628 Λόγον
2788 564 2948 633 σαρκὶ
2973 563 3051 634 τῷ
3077 564 3261 634 κρσμῳ
3287 567 3548 635 ὲκύησας.

2155 746 2322 799 Βάτον
2374 763 2432 798 σε
2479 747 2898 814 ἀκατάφλεκτον,
2939 725 3030 799 καὶ
3063 685 3208 817 δρές,
3241 750 3334 801 καὶ
3383 751 3628 821 κλίμακα

2085 838 2342 912 ἔμψυχον,
2377 839 2467 892 καὶ
2497 840 2669 908 πύλην
2690 840 2934 908 οὐράνιον
2983 839 3145 904 ἀξίως
3170 841 3481 914 δοξάζομεν,
3516 846 3638 898 Μα-

2088 928 2177 997 ρία
2199 928 2392 993 ἑνδοξε,
2426 928 2716 999 ὀρθοδόξων
2748 930 3028 1000 καύχημα.

2170 1110 2228 1162 ὐ
2251 1112 2311 1163 ὲκ
2333 1111 2601 1178 παρθένου
2623 1113 2849 1180 τεχθεὶς,
2882 1114 2946 1182 ἢν
2967 1113 3224 1168 Θεοτόκον
3247 1117 3640 1186 ἀπειργάσατο.

2091 1200 2372 1267 εὐλογητὸς
2413 1204 2439 1254 ὁ
2465 1201 2593 1262 Θεὸς
2621 1205 2646 1252 ό
2674 1202 2778 1254 τῶν
2814 1185 3062 1272 πατέρων
3096 1206 3275 1274 ἡμῶν.

2165 1292 2264 1342 Τὸν
2297 1293 2422 1344 Υῑδν
2442 1296 2531 1345 καὶ
2549 1294 2700 1358 Θεὸν,
2733 1297 2827 1367 διὰ,
2847 1297 2941 1364 τὴν
2964 1299 3126 1351 αὑτοῦ
3155 1299 3351 1368 πολλὴν
3375 1302 3644 1366 εὐσπλαγ-

2092 1386 2245 1453 χνίαν
2292 1387 2638 1454 σαρκωθὲντα
2690 1388 2752 1439 ὲκ
2787 1387 3073 1456 παρθένου,
3108 1390 3196 1457 ὑφ’
3228 1386 3286 1443 οὗ
3319 1391 3376 1442 τὸ
3427 1390 3644 1458 Πνεῦμα

2092 1475 2151 1526 τὸ
2179 1476 2576 1544 παρακλητικὸν
2603 1477 2913 1545 διηγγέλθη,
2955 1478 3115 1546 ἱερεῖς
3140 1481 3377 1545 ὑμνεῖτε.

2163 1565 2353 1634 Χαῖρε,
2379 1565 2621 1630 Θεοτόκε,
2649 1568 2836 1636 Μῆτερ
2871 1568 3100 1636 Χριστοῦ
3130 1568 3221 1620 τοῦ
3243 1569 3396 1633 Θεοῦ,
3415 1569 3649 1637 ὃνέκὺη·

2098 1673 2216 1721 σας,
2281 1659 2518 1727 σήμερον
2568 1659 2631 1709 ὲκ
2678 1659 2780 1727 γῆς
2836 1660 3196 1728 ἁνιπτάμενον
3250 1663 3344 1714 σὺν
3397 1663 3647 1730 ἀγγέλοις

2095 1746 2293 1816 ὁρῶσα,
2331 1748 2679 1816 ὲμεγάλυνες.

1428 1859 1511 1914 Ex
1541 1877 1736 1914 canone
1780 1861 1926 1928 ferire
1948 1877 2016 1925 vr,
2058 1873 2172 1930 post
2206 1865 2628 1932 Assumptionen.

519 1970 733 2026 Castam
785 1975 920 2028 casti
969 1975 1248 2029 laudemus
1298 1975 1500 2044 pupuli,
1547 1977 1776 2044 speciem
1828 1976 1994 2030 Jacub
2024 1961 2066 2018 B
2096 1956 2214 2010 dem
2260 1959 2424 2011 latere
2471 1958 2757 2013 liuentibus
2792 1959 3044 2016 emunda.
3076 1962 3152 2014 Ad
3189 1971 3240 2015 te
3273 1965 3416 2016 enim
3452 1965 3645 2031 clamo,

453 2062 647 2118 divinis
684 2066 984 2119 actionibus
1030 2067 1382 2131 illustremus,
1424 2077 1477 2121 et
1523 2067 1767 2136 religiose
1815 2067 1994 2121 laude-

418 2220 422 2225 .
453 2168 576 2208 mus
607 2163 859 2222 tanquam
884 2153 1102 2208 Matrem
1131 2153 1222 2208 Dei
1245 2159 1435 2210 nostri.

519 2243 820 2298 Commune
873 2244 1109 2298 ﬁdelium
1155 2246 1628 2315 propitiatorium,
1691 2255 1997 2315 promptum

453 2345 518 2386 ac
547 2342 791 2400 paratum
838 2334 1117 2388 hominum
1160 2336 1439 2400 auxilium,
1473 2345 1686 2404 pontem
1728 2335 1792 2388 ad
1833 2336 2000 2388 Crea-

438 2431 624 2490 _torem
661 2407 1046 2488 traducentem,
1096 2440 1190 2493 per
1230 2442 1386 2495 quem
1434 2442 1620 2480 omnes
1675 2429 1739 2481 ad
1774 2427 2000 2481 salutem

442 2511 892 2579 _transvehuntur,
919 2513 1008 2567 Dei
1045 2513 1266 2568 Matrem
1299 2515 1679 2582 gloriﬁcemus.

527 2599 765 2655 Praesens
821 2618 941 2656 cum
982 2605 1177 2659 divinis
1230 2605 1524 2674 discipulis,
1577 2604 1902 2666 castissima,
1953 2615 2005 2658 et

455 2691 643 2745 videns
676 2707 831 2760 quem
893 2695 1072 2762 genuit
1120 2710 1150 2748 e
1202 2703 1344 2749 terra
1391 2696 1638 2760 exaltari,
1683 2695 1946 2748 clamabat
1986 2711 2001 2748 :

456 2780 746 2838 Revertere
788 2785 855 2837 ad
898 2783 1110 2838 Patrem
1157 2787 1420 2855 print-ipio
1467 2795 1736 2839 carentem
1793 2795 1868 2847 tu,
1913 2784 2006 2852 qui

458 2874 729 2941 replevisti
777 2875 956 2928 omnia
1015 2876 1185 2944 gloria
1237 2886 1345 2942 tua,
1382 2892 1413 2932 ο
1461 2876 1571 2933 sole
1612 2875 1836 2930 Domine
1887 2876 2005 2946 glo-

461 2978 778 3020 nosrssune.

561 3092 722 3163 340
750 3093 827 3145 Ea:
858 3111 1051 3150 canone
1077 3095 1297 3150 Sabbati
1322 3105 1437 3166 post
1460 3096 1901 3164 Assumplionem.

535 3223 723 3278 Arcem
749 3226 799 3279 in
830 3236 879 3280 te
907 3227 970 3281 ad
998 3228 1261 3297 refugium
1292 3229 1575 3293 habemus,
1607 3244 1638 3282 o
1667 3228 1849 3296 Virgo,
1877 3227 2006 3296 quin

422 3381 425 3385 ι
462 3322 513 3367 et
551 3318 996 3384 promptuarium,
1043 3319 1184 3372 unde
1230 3319 1376 3373 salus
1432 3319 1666 3387 perfecta
1715 3326 1766 3370 et
1813 3317 2010 3370 divitiae
2039 3301 2078 3357 (ἶ

465 3405 517 3456 in
572 3407 777 3460 animas
808 3416 1024 3461 nostras
1070 3410 1333 3478 angustiis
1372 3425 1590 3477 pressas
1638 3408 2004 3469 effunduntur.

468 3495 690 3550 Lumine
720 3500 858 3551 enim
913 3509 1003 3553 tuo
1059 3515 1270 3569 semper
1299 3500 1654 3563 laetiﬁcantur,
1697 3515 1727 3551 o
1763 3498 2008 3563 Domina,

466 3595 516 3640 et
541 3603 680 3642 nunc
710 3604 806 3642 nos
835 3599 887 3643 et
915 3605 944 3644 a
977 3590 1117 3645 vitiis
1149 3599 1199 3644 et
1230 3606 1254 3643 δ
1287 3582 1538 3659 periculis
1566 3606 1739 3644 serva.

538 3677 653 3731 Non
707 3679 891 3734 relicto
930 3679 1105 3735 Patris
1150 3683 1270 3736 sinu
1310 3683 1358 3734 in
1401 3690 1491 3733 tuo
1543 3682 1745 3750 gremio
1779 3682 2007 3735 Verbum

466 3769 782 3822 reclinatum
817 3779 898 3823 est
945 3772 1012 3823 ab
1067 3772 1477 3825 irrationalitate
1529 3787 1627 3825 nos
1676 3773 1932 3833 liberans,
1979 3787 2011 3824 ο

473 3855 656 3924 Virgo,
687 3867 961 3924 canentes,
999 3858 1222 3914 Domine
1250 3859 1413 3915 Deus.

545 3945 765 4015 Deipara
810 3951 1136 4016 castissima,
1164 3950 1353 4005 anima:
1389 3967 1519 4005 meae
1552 3953 1790 4011 vulnera,
1815 3961 1868 4003 et
1892 3966 2014 4019 pec-

467 4038 566 4088 cati
616 4038 894 4091 cicatrices
944 4039 1206 4110 absterge,
1233 4049 1284 4093 et
1317 4055 1482 4109 purga
1517 4042 1752 4093 fontibus
1785 4040 1889 4092 illis
1921 4039 2012 4107 qui

467 4141 530 4179 ex
564 4123 679 4180 Filii
717 4128 790 4181 tui
821 4128 988 4182 latere
1022 4139 1263 4193 manant,
1295 4145 1454 4200 atque
1511 4131 1759 4183 laticibus
1803 4146 1866 4182 ex
1921 4145 2015 4184 eo-

539 4296 856 4372 (67)‘Quare
884 4303 942 4356 Β.
983 4302 1143 4372 Virgo
1175 4303 1384 4357 dicatur
1418 4303 1592 4355 Rubus
1643 4303 2013 4367 incombustus,

467 4373 666 4441 optime
707 4374 844 4424 inter
873 4374 1007 4425 alios
1030 4372 1260 4439 explicat
1289 4374 1347 4424 B.
1381 4373 1637 4424 Ludovic.
1669 4373 2012 4437 Bertrandns,

469 4445 584 4496 ord.
631 4441 854 4493 Prtedic.
891 4443 942 4494 in
988 4441 1152 4493 Serm.
1195 4443 1256 4493 de
1295 4442 1635 4503 Conceptione
1664 4449 1816 4509 .part.
1860 4457 1928 4503 iv,
1963 4457 2014 4508 p.

2101 2047 2166 2100 ad
2194 2059 2242 2101 te
2271 2047 2523 2117 confugio
2551 2064 2564 2100 :
2601 2059 2647 2101 te
2672 2049 2858 2102 invoco
2889 2051 3055 2119 gratia
3086 2052 3322 2118 plenam.

2171 2135 2364 2190 Vocem
2397 2137 2487 2190 tibi
2513 2135 2776 2190 Gabrielis
2808 2153 2928 2190 cum
2969 2141 3216 2192 omnibus
3265 2142 3467 2209 angelis
3514 2143 3648 2193 olle-

2101 2228 2268 2280 rimus
2307 2246 2320 2280 :
2365 2227 2496 2289 Ave,
2532 2227 2784 2295 palatium
2832 2227 3220 2282 lucidissimum
3274 2230 3431 2298 Regis
3467 2252 3478 2284 :
3517 2235 3649 2290 Ave.

2101 2332 2219 2385 qua:
2263 2324 2458 2369 terram
2510 2316 2682 2380 caalis,
2752 2315 2934 2390 Virgo,
2963 2318 3314 2385 coniunxisti,
3342 2337 3434 2388 per
3487 2338 3649 2388 quam

2101 2407 2389 2470 salvamur,
2433 2406 2522 2474 qui
2579 2407 2782 2460 scimus
2830 2416 2880 2460 te.
2939 2409 3194 2476 virginem
3257 2409 3348 2463 Dei
3397 2421 3646 2466 matrem.

2301 2540 2382 2593 Ex
2413 2557 2604 2594 canone
2631 2542 2774 2609 feria:
2805 2557 2866 2603 ιι,
2901 2553 3020 2594 ante
3064 2542 3421 2599 Pentecosten.

2173 2673 2338 2727 Totus
2375 2672 2622 2736 dulcedo,
2670 2682 2817 2728 totus
2867 2674 3239 2730 desiderabilis
3290 2686 3414 2729 tuus
3474 2674 3640 2729 Filius

2102 2766 2350 2820 Christus
2406 2766 2814 2831 estDomiuus,
2876 2769 3217 2823 immaculata
3265 2769 3444 2838 Virgo,
3490 2787 3651 2839 quem

2104 2856 2364 2910 instanter
2399 2853 2490 2910 ora
2522 2851 2641 2908 cum
2690 2857 3170 2912 innumerabilibus
3204 2869 3533 2921 sanctorum,
3565 2860 3652 2927 qui

2105 2961 2316 3001 sursum
2351 2946 2612 3009 habitant,
2652 2947 2964 3011 virtutibus,
3003 2957 3061 3001 ut
3121 2949 3657 3017 amaritiepeccato-
3701 2993 3706 3000 .

2107 3053 2225 3092 rum
2255 3039 2461 3091 animas
2492 3038 2744 3103 perdeute
2775 3038 2961 3092 liberet
2997 3053 3115 3094 nos.

2300 3165 2382 3219 Ea:
2419 3183 2610 3220 canone
2636 3167 2780 3236 ferire
2807 3182 2888 3231 in,
2930 3176 3048 3220 ante
3088 3165 3443 3220 Pentecoslen.

2183 3319 2393 3373 lnarata
2423 3305 2612 3380 Terra,
2635 3332 2755 3384 qua:
2779 3315 3087 3385 germinasti
3117 3315 3396 3369 nutritium
3430 3313 3652 3370 Univer-

2114 3411 2310 3471 sitatis,
2345 3410 2476 3462 Eum
2524 3409 2615 3475 qui
2665 3421 2878 3459 manum
2935 3406 3122 3474 aperit,
3175 3415 3227 3458 et
3273 3406 3455 3473 implet
3500 3423 3657 3459 omne

2109 3501 2307 3556 animal
2359 3499 2749 3559 benedictione,
2791 3499 2969 3551 divina
3019 3502 3215 3554 virtute
3262 3501 3517 3554 conﬁrma
3564 3517 3659 3568 per

2112 3607 2300 3659 panem
2342 3591 2549 3660 vitalem
2578 3592 2738 3644 corda
2765 3591 2917 3661 341
2957 3593 3226 3660 languida,
3259 3604 3310 3647 et
3345 3595 3653 3648 nauseantis

2111 3683 2392 3737 saturitate
2417 3683 2656 3750 gravium
2693 3693 2992 3736 nosn'arum
3021 3682 3400 3738 oﬂ‘ensionum.

2153 3772 2495 3840 .Speciosum
2547 3772 2716 3824 forma
2759 3774 2958 3840 peperit
3010 3781 3080 3835 te,
3116 3773 3380 3841 Salvator,
3411 3775 3650 3842 speciosa

2111 3863 2308 3931 puella,
2339 3875 2494 3929 quem
2527 3875 2645 3913 cum
2676 3861 2766 3913 illa
2803 3861 3006 3923 videret
3039 3862 3092 3914 in
3144 3864 3394 3931 passione
3429 3880 3532 3916 non
3568 3865 3658 3917 ba-

2112 3952 2322 4005 bentem
2353 3949 2579 4018 speciem
2633 3965 2805 4017 neque
2836 3950 3104 4014 decorem,
3133 3954 3185 4003 in
3218 3952 3448 4005 lamenta
3479 3968 3658 4005 erum-

2119 4055 2252 4110 pens
2281 4040 2454 4093 aiebat
2483 4058 2496 4092 :
2546 4039 2775 4107 Stupore
2825 4041 3107 4109 percellor,
3137 4040 3235 4094 Fili
3284 4043 3379 4108 mi,
3415 4044 3657 4096 conside.

2120 4147 2248 4185 rans
2305 4128 2769 4200 inexcogitabilem
2836 4130 3256 4186 humiliationem
3325 4142 3504 4202 tuam,
3563 4147 3656 4202 per

2123 4318 2243 4382 nem
2302 4311 2538 4382 nostram
2589 4302 2878 4362 obsederit,
2926 4310 3017 4355 aut
3048 4304 3263 4382 'potius
3324 4307 3658 4382 possederit'

2124 4373 2294 4438 Quem
2328 4373 2402 4424 illi
2446 4373 2694 4442 nitorem,
2730 4387 2890 4441 quam
2943 4373 3250 4439 puritatem,
3287 4373 3448 4442 quam
3491 4379 3656 4432 lucem

2127 4443 2386 4503 intulerit,
2415 4441 2631 4508 quando
2659 4455 2773 4493 eam
2805 4443 2873 4493 ita
2897 4442 3124 4493 abomni
3158 4441 3356 4509 peccati
3391 4445 3660 4500 aﬂectione

469 4516 522 4574 4,
555 4513 680 4565 dum
713 4511 924 4573 tibidem
960 4511 1063 4562 ait:
1103 4529 1119 4559 ι
1164 4509 1386 4562 Domina
1423 4521 1602 4562 nostra
1645 4511 1694 4562 in
1729 4526 1826 4563 sua
1866 4512 2010 4564 Cun-
2042 4516 2084 4570 D
2116 4512 2404 4563 immunem
2464 4509 2742 4576 prwstitit?
2773 4509 2906 4561 Vide
2957 4509 3015 4563 S.
3049 4509 3413 4576 Theodorum,
3469 4530 3657 4567 novum

472 4582 716 4649 i-eptioiie
742 4580 807 4630 ab
836 4579 1084 4645 originali
1117 4579 1236 4631 labe
1277 4587 1596 4649 prieservata
1639 4579 1758 4632 fuit.
1785 4578 1908 4632 Haec
1932 4590 2014 4630 est

475 4648 656 4717 itaque
695 4649 862 4701 rubus
894 4649 983 4700 ille
1020 4649 1236 4716 Moysis,
1272 4648 1360 4715 qui
1406 4649 1648 4710 ardebat,
1675 4657 1728 4701 et
1754 4663 1859 4700 non
1895 4663 2015 4700 con-

474 4721 812 4774 sumebatur.
868 4717 1105 4770 Ardebat
1140 4717 1249 4768 lnec
1275 4757 1290 4778 ,
1323 4732 1444 4768 nam
1489 4733 1637 4770 more
1683 4718 2014 4785 reliquorum

475 4791 542 4842 ab
591 4789 796 4839 Adamo
824 4786 1261 4840 descendentium
1310 4802 1373 4838 ex
1421 4787 1628 4839 semine
1659 4786 1800 4838 virili
1853 4794 1906 4838 et
1931 4801 2017 4837 ar-

475 4859 606 4911 dore
648 4857 1100 4924 concupiscentia:
1135 4854 1234 4907 fuit
1270 4864 1549 4922 concepta,
1585 4871 1769 4908 verum
1812 4856 2017 4924 incom-

476 4928 654 4989 busta,
691 4941 751 4978 ac
798 4923 840 4977 a7
871 4925 1141 4978 communi
1199 4925 1395 4990 pet-cati
1438 4925 1716 4991 originalis
1771 4923 2018 4976 incendio

477 4996 735 5050 remansit
773 4996 958 5060 illaesa.
992 5013 1008 5043 ›
1047 4994 1134 5045 Sic
1162 4994 1267 5044 ille.
1295 4994 1392 5045 Cui
1434 4994 1575 5044 favet
1620 4993 1676 5044 S.
1711 4991 2018 5045 Theodotus

478 5066 874 5134 Anryranusin
908 5064 1089 5134 homil.
1203 5062 1263 5134 de
1291 5061 1512 5134 [γραεξι.
1542 5060 1852 5134 Saluatoris,
1887 5062 2019 5134 lecta

480 5137 534 5188 in
567 5130 770 5204 svnodo
808 5132 1070 5204 presjna
1120 5131 1177 5184 S.
1210 5132 1406 5199 Cyrillo
1438 5141 1718 5204 praesente.
1744 5132 1870 5204 dum
1917 5130 2021 5204 ibi--

480 5199 610 5258 deni
632 5199 948 5270 comparans
979 5199 1246 5268 Virginem
1271 5216 1390 5251 eum
1421 5202 1553 5250 rubo
1577 5201 1780 5251 ardenti
1811 5200 2018 5263 inquit:

489 5291 506 5323 ι
551 5273 640 5324 Dic
669 5274 818 5336 mibi,
855 5270 980 5340 quid
1008 5281 1088 5324 cst
1121 5271 1300 5331 vilius,
1335 5270 1570 5340 rubusne
1593 5282 1658 5319 an
1697 5278 1880 5340 uterus
1919 5270 2024 5340 vir—

483 5345 692 5411 gineus,
723 5345 788 5394 ab
817 5337 958 5396 omni
1011 5342 1259 5411 passione
1304 5339 1501 5411 peccati
1536 5338 1739 5411 purus?
1779 5356 1794 5386 ι
1847 5337 2030 5411 litibus

483 5406 625 5466 cnim
665 5412 838 5465 Mariae
868 5406 1119 5476 expresse
1162 5408 1258 5458 fuit
1289 5406 1602 5476 similitudo.
1641 5406 1852 5476 Sirergo
1881 5406 2030 5472 (~ub-

483 5483 561 5534 dit
613 5482 664 5533 in
725 5485 858 5534 Suis'
899 5473 1299 5544 ICiceplionibus
1362 5473 1809 5540 Nicrembergius)
1872 5475 2026 5525 vilem

486 5551 628 5602 illam
679 5552 1015 5603 arbusculam
1074 5550 1144 5599 ita
1212 5544 1349 5595 Deus
1407 5544 1517 5608 ipsc
1564 5545 1688 5595 olim
1727 5545 1936 5603 insedit,
1976 5554 2030 5595 ut

485 5636 606 5672 υιιιη
644 5621 713 5671 ini
747 5620 1100 5679 splendorem,
1127 5629 1241 5665 cam
1285 5613 1530 5678 gloriam,
1561 5628 1676 5663 eam
1724 5614 2027 5664 mirandam

490 5692 849 5753 integritatem
893 5686 1179 5746 uniuxcrit,
1213 5699 1330 5750 qua.
1380 5697 1580 5748 quaeso,
1619 5683 1818 5735 ratione
1849 5681 2028 5751 Virgi.

2113 4579 2496 4638 confessorem,
2532 4580 2582 4629 in
2598 4587 2753 4648 _orat.
2789 4579 2849 4630 de
2874 4576 3098 4630 Nalivit.
3133 4579 3380 4648 Virginis,
3419 4584 3505 4634 ubi
3543 4585 3657 4634 [lei-

2115 4663 2298 4714 param
2331 4647 2558 4715 appellat
2596 4646 2805 4717 Rubuin
2850 4657 3156 4700 consertum
3191 4646 3295 4717 igni
3324 4652 3658 4712 miraculum,

2114 4733 2274 4786 quem
2333 4718 2521 4786 rubigo
2558 4716 2760 4786 peccati
2800 4731 2922 4786 Anon
2966 4717 3176 4786 tetigit;
3218 4716 3659 4786 etAmbrosium

2114 4783 2463 4854 Catharinum
2496 4785 2565 4854 in,
2587 4784 2728 4854 Disp.
2763 4783 2836 4854 Vde
2873 4784 3116 4851 Concept.
3146 4785 3208 4839 Β.
3261 4785 3400 4854 Virg.
3435 4789 3499 4838 nd
3554 4788 3656 4841 I’a-

2119 4867 2220 4907 tres
2255 4856 2369 4907 0rd.
2413 4852 2660 4912 Praedia,
2718 4853 2812 4904 lib.
2866 4868 2946 4914 ιιι,
3003 4856 3144 4906 circa
3199 4852 3362 4907 ﬁnem
3385 4857 3481 4916 ubi
3534 4873 3653 4909 cum

2119 4925 2177 4976 B.
2206 4923 2421 4989 Virgine
2452 4922 2676 4994 loquens
2719 4922 2802 4994 his
2834 4923 2996 4994 utitpr
3028 4922 3204 4975 verbis
3240 4942 3314 4994 71‘!
3359 4919 3438 4976 Tu
3470 4923 3650 4979 Bubus

2127 4994 2214 5046 ille
2256 4993 2449 5044 ardens
2487 5000 2537 5043 et
2591 4991 2982 5053 incomliustus,
3026 5006 3184 5058 quem
3235 4992 3445 5061 Moyses
3482 4995 3660 5047 videns

2130 5063 2463 5118 admiratur,
2523 5061 2572 5109 in
2638 5075 2744 5126 quo
2801 5075 2908 5111 non
2965 5062 3143 5112 minus
3201 5064 3444 5128 corporis
3499 5078 3656 5129 quam

2130 5132 2325 5183 mentis
2367 5138 2674 5198 perpetuam
2721 5137 2980 5198 tuaiii_ac
3029 5129 3351 5182 laudabilem
3387 5131 3662 5198 virginita-

2129 5209 2234 5251 tem
2275 5198 2491 5264 agnovit
2539 5197 2792 5264 Ecclesia.
2829 5196 3015 5252 i,Vide
3069 5199 3230 5248 etiam
3277 5196 3659 5252 Bernardinum

2130 5263 2444 5320 Binsteiisem
2474 5267 2526 5317 in
2558 5263 2772 5316 Mariali
2800 5280 2961 5336 serm.
2996 5265 3047 5327 6,
3073 5267 3136 5318 de
3158 5266 3396 5334 Concept.
3424 5278 3558 5336 part.
3587 5285 3664 5331 ιιι,

2133 5339 2222 5388 ubi
2277 5336 2324 5386 in
2375 5350 2485 5386 rem
2540 5344 2779 5387 nostram
2820 5335 2890 5386 ita
2930 5335 3070 5387 fatur
3105 5353 3117 5387 :
3156 5353 3175 5384 ‹
3218 5335 3564 5389 Salamandra
3613 5339 3665 5388 in

2131 5407 2252 5474 igne
2293 5413 2587 5474 permanet,
2623 5413 2674 5454 et
2700 5418 2817 5474 _per
2845 5405 2989 5474 illum
3024 5405 3237 5467 transit,
3271 5415 3323 5458 ct
3357 5415 3529 5459 tamen
3563 5420 3666 5457 non

2130 5471 2484 5531 comburitur,
2510 5487 2607 5524 nec
2631 5471 2827 5524 caloris
2870 5473 3111 5526 ardorem
3137 5474 3318 5532 sentit,
3345 5477 3423 5526 sic
3447 5477 3666 5526 interue-

2131 5554 2242 5598 rata
2292 5541 2460 5592 Mater
2504 5540 2594 5591 Dei
2625 5540 2675 5592 in
2724 5542 2915 5593 lumbis
2961 5552 3241 5611 parentum
3292 5545 3412 5611 igne
3467 5543 3667 5609 peccati

2131 5613 2431 5666 ardentium
2481 5611 2797 5675 permansit,
2834 5619 2886 5662 et
2937 5626 3028 5678 per
3071 5610 3194 5663 illos
3239 5610 3470 5671 transiit,
3510 5623 3564 5663 et
3595 5621 3673 5664 ta-

2135 5699 2252 5737 men
2292 5680 2432 5732 illius
2463 5679 2664 5746 peccati
2695 5683 2943 5733 ardorem
2983 5681 3034 5734 in
3064 5696 3121 5734 sc
3151 5696 3257 5735 non
3285 5684 3502 5749 recepit.
3541 5697 3560 5730 δ
