3948 6304
400 340 532 402 1(οἹ

1513 333 1572 393 S.
1613 327 1922 392 JOSEPHI
1964 325 2522 387 HYMNOGIIAPIII

3477 316 3609 378 1103

403 447 581 515 Virgo,
607 447 737 516 legis
767 445 987 498 umbras
1017 441 1393 510 dissipantem,
1421 444 1474 492 et
1501 437 1685 506 gratiae
1711 434 1944 503 fulgores
1970 443 2021 500 Α
2045 446 2102 484 es
2133 429 2266 499 (69),
2305 426 2650 480 immaculata
2681 422 3111 516 inculpatissima
3158 420 3324 516 Maria
3360 419 3610 516 Deipara.

396 535 777 588 effundentem.
817 531 993 596 Quare
1038 543 1123 582 me
1166 528 1280 596 lege
1309 526 1536 593 peccati,
1561 536 1592 576 o
1623 519 1807 588 Virgo,
1838 531 1945 584 qua

399 639 542 677 nunc
570 622 879 689 gravissime
905 619 1167 687 exagitor.
1197 617 1454 674 solutum,
1487 610 1720 666 concede
1754 623 1948 662 vaearc

400 718 625 770 liberum
657 714 924 767 laudando
950 710 1221 765 liberatori
1255 721 1372 760 meo
1405 704 1649 757 Domino.

483 807 750 860 Vas-lucis
784 803 1134 858 illuminantis
1163 807 1334 853 totum
1359 795 1554 850 Orbem
1594 793 1707 848 sola
1732 800 1953 846 ostensa

682 959 764 1012 Ea:
793 973 982 1011 canone
1002 955 1290 1008 Dominica:
1319 944 1665 1004 Pentecostca.

476 1153 630 1206 Salve
673 1151 895 1221 Regina,
923 1149 1284 1204 maternitatis
1311 1155 1363 1200 et
1387 1141 1712 1211 virginitatis
1755 1137 1950 1208 gloria,

403 1242 605 1294 nttllum
642 1241 835 1309 quippe
865 1254 948 1302 os,
977 1240 1103 1292 licet
1127 1236 1547 1291 disertissimum
1583 1246 1646 1284 ac
1679 1227 1954 1282 facundis-

404 1333 600 1385 simum
629 1331 949 1396 indicendo,
980 1331 1117 1383 valet
1151 1338 1200 1382 te
1233 1343 1329 1397 pro
1364 1325 1628 1394 dignitate
1660 1320 1952 1375 celebrare.

404 1423 581 1477 Haeret
631 1431 828 1486 autem,
875 1432 927 1476 et
987 1420 1384 1491 quodammodo
1436 1416 1697 1484 vertigine
1748 1410 1957 1465 laborat

408 1515 584 1570 anltis
635 1529 784 1566 mens
839 1513 891 1566 in
946 1523 1132 1581 partus
1167 1513 1241 1565 tui
1269 1510 1722 1570 consideratione,
1753 1517 1947 1573 quam-

407 1603 590 1656 obrcm
619 1611 669 1657 te
698 1619 818 1657 cum
840 1603 1031 1657 an'ectu
1059 1604 1348 1673 gloriosam
1383 1601 1758 1671 praedicamus.

2045 519 2244 584 Quare,
2272 531 2368 571 oro
2415 525 2484 580 te,
2516 515 2756 569 illumina
2798 515 3205 566 obtenebratam
3249 514 3371 565 vitae
3405 514 3612 586 deliciis

2048 610 2297 662 miseram
2327 609 2558 659 animam
2598 619 2794 670 meam,
2821 619 2951 674 quo,
2973 607 3115 658 sicut
3143 605 3195 657 in
3227 609 3334 668 die,
3376 620 3470 671 per
3495 606 3615 660 vias

2050 699 2143 753 Dei
2171 699 2465 753 ambulent.

1979 983 1985 990 .
2071 935 2164 992 Ἐκ
2194 937 2298 991 τοῦ
2319 937 2582 1002 Κανόνας
2602 935 2710 1004 τῆς
2733 895 3032 1015 Κυρίακῆὶπ
3059 935 3161 1003 τῆς
3196 936 3367 1004 ἁγίας
3393 937 3616 1004 Hert?)-

2703 1023 2945 1072 κοστης.

2120 1135 2640 1205 Χαῑροις,⁹Ανασσα,
2688 1133 3152 1204 μητροπαρθὲνων
3206 1131 3358 1196 κλέος
3394 1151 3407 1163 ·
3468 1136 3614 1187 ἅπαν

2053 1228 2159 1296 γὰρ
2193 1226 2481 1279 εὑδύνατον
2508 1225 2726 1279 εῦλαλον
2756 1228 2929 1294 στόμα
2961 1222 3295 1294 ῥητορεῦευ,
3337 1225 3396 1276 οὐ
3442 1226 3619 1278 σθένει

2062 1337 2118 1370 σε
2165 1319 2387 1387 μέλπειν
2413 1319 2574 1383 ἀξίως
2597 1335 2609 1347 ο
2645 1319 2848 1387 ἱλιγγιᾷ
2879 1318 2934 1369 δὲ
2966 1316 3088 1378 νοῦς
3115 1315 3258 1378 ἅπας
3295 1315 3387 1368 σοῦ
3410 1317 3498 1370 τὸν
3529 1317 3619 1369 :6-

2061 1429 2155 1464 κον
2184 1413 2321 1464 νοεῖν
2353 1427 2366 1440 ’
2397 1410 2517 1462 ὅθεν
2549 1427 2607 1462 σε
2630 1408 2931 1479 συμφώνως
2953 1408 3268 1477 δοξάζομεν.

1355 1737 1512 1808 343
1544 1735 1623 1789 Ea:
1651 1749 1846 1787 canone
1870 1729 2012 1799 ferite
2042 1738 2092 1785 ι’,
2126 1730 2240 1790 post
2271 1719 2419 1773 Dom.
2443 1718 2630 1772 Pentec

479 1846 554 1900 Ex
588 1846 789 1916 Spiritu
820 1860 1026 1914 sane“),
1051 1858 1216 1912 casta,
1250 1850 1545 1917 concepisti
1569 1864 1692 1902 eum
1717 1812 1807 1916 qui
1839 1855 1962 1898 ante
1993 1824 2036 1880 Β
2065 1844 2116 1888 Cl
2143 1834 2422 1888 nobiscum
2453 1838 2810 1885 COIIVCI‘SQIIIS
2851 1846 2995 1884 nunc
3046 1830 3413 1886 tnanifestavit
3448 1828 3627 1882 ΤίίΙΙῘο

410 1942 618 2003 tempus
669 1939 1283 2006 resplenduit,'Verbum
1321 1955 1388 1993 ex
1430 1939 1581 1991 Patre
1617 1937 1875 2005 ingenito,
1909 1945 1961 1988 et

414 2029 556 2081 hunc
589 2045 680 2098 per
702 2047 965 2084 summam
997 2033 1288 2086 bonitatem
1319 2032 1656 2085 incarnatum
1682 2030 1955 2098 peperisti,

415 2119 503 2173 Dei
530 2124 763 2191 genitrix
789 2123 954 2177 Mater
989 2122 1168 2193 Virgo.

650 2272 735 2325 Ea:
762 2289 955 2326 canone
982 2275 1039 2327 in
1071 2273 1356 2328 Parasceve
1373 2283 1487 2344 post
1516 2273 1725 2328 Pentec.

491 2424 722 2481 Montem
753 2429 1166 2491 lucidissimum,
1200 2438 1435 2484 montem
1465 2428 1960 2492 umbrosissimum,

419 2529 656 2572 montem
699 2519 970 2588 pinguem,
1001 2516 1059 2574 et
1110 2523 1438 2575 incaseatum
1488 2521 1675 2574 dilexit
1724 2522 1884 2585 Deus,
1916 2531 1965 2573 te
2029 2535 2033 2539 '

419 2607 643 2673 scilicet,
675 2625 705 2662 o
735 2608 897 2680 Virgo
921 2621 1105 2666 saneta
1133 2629 1147 2677 ;
1179 2613 1356 2668 salvos
1388 2614 1473 2685 fac
1506 2629 1690 2681 servos
1719 2621 1859 2668 tuos.

489 2717 794 2772 Architecta
855 2722 1039 2774 mundi
1092 2722 1271 2775 divina
1333 2721 1630 2790 Sapientia,
1689 2739 1752 2776 ex
1808 2734 1877 2786 te,
1934 2736 1966 2775 o

424 2808 620 2877 puella,
657 2811 912 2878 templum
962 2810 1197 2879 Spiritus
1246 2820 1468 2868 sanctus
1521 2814 1822 2877 aediﬁcavit,
1856 2815 1967 2868 sal'-

425 2911 549 2953 vare
576 2901 762 2962 volens
787 2915 851 2954 ex
885 2901 1000 2955 lidei
1033 2904 1346 2972 pratscripto
1379 2904 1640 2959 viventes.

498 3011 728 3078 Spiritus
759 3013 928 3067 sancti
965 3015 1232 3068 thalamus
1268 3015 1406 3070 facta
1435 3033 1514 3080 es,
1554 3033 1585 3069 ο
1619 3016 1870 3086 Deipara,
1902 3032 1965 3070 ex

427 3116 534 3168 quo
561 3103 745 3155 mundi
778 3103 964 3172 Opifex
997 3102 1229 3159 Verbum
1268 3105 1443 3160 Patris
1486 3110 1752 3176 processit
1785 3110 1965 3173 homo,

2065 1929 2188 1982 tatis
2214 1927 2601 1996 cognitionem.

2367 2017 2449 2070 Ea:
2483 2032 2679 2069 canone
2709 2014 2928 2068 Sabbati
2955 2023 3071 2082 post
3105 2013 3315 2068 Pentec.

2136 2110 2366 2178 Spiritus
2395 2117 2617 2163 sanctus
2649 2107 2698 2159 in
2747 2116 2796 2161 te
2823 2121 3013 2174 purum
3061 2107 3392 2173 virginitatis
3443 2118 3629 2159 sacra-

2064 2202 2204 2256 rium
2262 2200 2613 2264 descendens,
2650 2198 2824 2251 el'l'ocit
2874 2195 3235 2265 splendidum,
3289 2209 3342 2250 et
3401 2196 3630 2252 sanctis«

2018 2329 2022 2346 κ
2052 2293 2261 2347 'simum
2293 2290 2698 2344 tabernaculum
2733 2288 2851 2341 Filii
2883 2288 3102 2353 excelsi,
3138 2288 3470 2342 beatissima.

2135 2381 2523 2437 Incarnationis
2570 2378 2729 2433 Verbi
2779 2394 3040 2447 organum
3093 2379 3357 2451 divinum,
3399 2395 3432 2432 ο
3464 2392 3632 2432 vene-

2064 2472 2254 2532 randa,
2286 2469 2518 2538 Spiritus
2573 2478 2793 2523 sanctus
2849 2485 2970 2523 cum
3018 2469 3366 2522 obumbravit
3423 2469 3540 2530 tibi,
3577 2477 3630 2521 to

2067 2576 2247 2615 arcam
2306 2560 2565 2621 divinam,
2607 2560 2872 2612 illustrem
2924 2553 3120 2623 effecit,
3157 2568 3209 2612 et
3256 2558 3630 2619 adornavit,o

2067 2633 2231 2720 Virgo
2254 2650 2559 2713 benedicta,
2581 2664 2697 2716 quae
2731 2644 2895 2701 Deum
2923 2649 2975 2703 in
3007 2663 3172 2702 carne
3201 2649 3482 2718 peperisti.

2137 2741 2414 2797 Terrestre
2458 2742 2728 2810 quoddam
2774 2742 2973 2796 ctelum
3021 2742 3351 2810 apparuisti,
3405 2748 3632 2802 sancta,

2068 2835 2285 2890 cceleste
2307 2833 2541 2888 Verbum
2579 2843 2765 2888 ventre
2815 2833 3146 2903 concipiens,
3199 2833 3434 2902 quodin
3487 2842 3632 2888 terra

2068 2941 2168 2981 COD
2178 2934 2449 2979 versatum
2482 2933 2586 2980 εει.

2143 3015 2307 3070 Deum
2357 3015 2690 3078 hominibus,
2722 3011 2909 3084 Virgo,
2940 3015 3242 3069 conciliasti
3290 3015 3629 3077 mirabiliter,

2071 3108 2206 3162 inter
2227 3106 2388 3178 344
2405 3107 2562 3170 Eum,
2587 3117 2640 3160 et
2663 3122 2761 3161 nos
2794 3107 3074 3161 mediatrix
3102 3108 3470 3163 interveniens
3492 3107 3628 3179 (70).

505 3277 616 3343 (69)
643 3279 721 3332 De
744 3277 845 3332 hoc
865 3294 991 3332 vase
1019 3280 1244 3348 loquens
1262 3276 1461 3335 Bust‘us
1494 3280 1544 3334 in
1573 3278 1788 3334 Mariali
1810 3296 1972 3334 serm.
2001 3282 2043 3344 C
2078 3280 2308 3341 macula.
2341 3253 2445 3349 qua
2477 3289 2589 3334 erat
2615 3282 2903 3341 discordia,
2932 3296 3036 3349 qua
3068 3297 3098 3334 e
3123 3290 3340 3348 peccato
3385 3281 3635 3349 originali

382 3403 385 3407 ,
433 3348 487 3409 8,
526 3349 592 3400 de
619 3355 863 3416 concept.
917 3358 1065 3414 parte
1109 3365 1144 3409 ι,
1189 3351 1262 3402 ait
1293 3367 1356 3403 ex
1393 3351 1447 3403 S.
1493 3352 1763 3403 Antonino
1797 3351 1975 3402 archi-

431 3418 686 3484 episcopo
718 3415 1025 3469 Floreutino
1053 3435 1065 3469 :
1099 3436 1116 3468 ι
1151 3417 1418 3472 Ordinans
1442 3435 1534 3471 vas
1562 3420 1626 3471 ad
1654 3419 1974 3473 sacrificium

434 3487 640 3548 altaris,
675 3494 960 3555 conservat
1004 3487 1178 3555 ipsum
1211 3503 1240 3541 a
1288 3489 1539 3549 maculis,
1577 3491 1677 3541 hoc
1724 3491 1866 3540 enim
1899 3498 1982 3542 est

435 3555 588 3608 valde
621 3555 832 3607 decens.
871 3572 887 3602 ι
923 3554 1044 3608 "me
1076 3557 1186 3617 ille,
1217 3557 1418 3610 scilicet
1447 3557 1771 3610 Antoninus.
1810 3575 1827 3606 ι
1879 3557 1981 3609 Sed

440 3623 605 3691 Virgo
639 3623 800 3676 Maria
834 3625 1034 3692 (subdit
1061 3625 1278 3690 Bustus)
1309 3627 1406 3679 fuit
1437 3642 1528 3678 vas
1563 3625 1804 3678 Deitatis.
1839 3625 1982 3694 Ergo

441 3695 620 3746 decuit
651 3701 707 3743 ut
745 3702 1154 3760 praeservaretur
1185 3695 1346 3748 etiam
1371 3710 1398 3747 a
1429 3695 1635 3748 macula
1661 3695 1926 3762 originali.
1962 3713 1978 3746 ι

440 3761 576 3815 Vide
613 3763 668 3815 S.
701 3762 1022 3830 Cyprianum
1064 3764 1115 3815 in
1156 3763 1301 3816 Orat.
1336 3765 1400 3818 de
1427 3762 1716 3816 Nativitate
1749 3761 1979 3826 Domini,

443 3832 530 3884 ubi
567 3829 838 3899 appellans
867 3829 924 3883 Β.
958 3829 1228 3900 Virginem
1258 3849 1343 3884 vas
1377 3833 1639 3886 electionis
1662 3843 1852 3885 natura
1881 3848 1983 3885 no-

440 3901 648 3953 biscum
697 3899 1123 3964 communicatis,
1157 3917 1259 3955 non
1297 3904 1450 3969 culpa
1504 3921 1516 3953 :
1560 3921 1576 3950 ι
1614 3899 1721 3956 Nec
1753 3903 1985 3955 sustine-

441 3970 779 4036 batjnstitia,
814 3970 988 4035 inquit
1025 3970 1132 4030 ille,
1169 3980 1222 4023 ut
1254 3972 1380 4024 illud
1412 3986 1503 4023 vas
1532 3972 1808 4025 electionis
1833 3969 1998 4024 com?

444 4041 700 4091 munibus
745 4038 1016 4091 laxaretur
1075 4040 1307 4107 injuriis,
1357 4041 1616 4106 quoniam
1669 4041 1911 4107 pluribus
1955 4053 1985 4092 a

444 4109 650 4160 ctcteris
714 4107 1008 4171 dilTerens,
1077 4119 1266 4162 natura
1337 4110 1811 4171 communicabat,
1882 4124 1986 4162 non

445 4179 623 4241 culpa.
666 4195 681 4225 ι
717 4177 848 4240 Quis
879 4178 1019 4230 enim
1051 4177 1139 4231 hic
1167 4195 1268 4230 non
1309 4178 1487 4230 videat
1511 4178 1834 4246 Cyprianum
1863 4195 1986 4246 sup-

447 4247 690 4311 posuisse
721 4246 1000 4312 puritatem
1025 4245 1335 4312 originalem
1365 4245 1688 4300 beatissimre
1717 4245 1987 4315 Virginis?

447 4317 612 4381 Culpa
667 4329 898 4380 namque
945 4316 1263 4378 communis,
1327 4316 1410 4369 cui
1476 4316 1858 4370 descendentes
1922 4319 1988 4369 ab

448 4384 655 4435 Adamo
713 4383 1092 4449 subjiciuntur,
1147 4394 1352 4437 tantum
1411 4393 1493 4438 est
1539 4384 1834 4452 Originalls,
1883 4401 1988 4438 non

448 4468 577 4505 vero
625 4453 866 4506 veniatis.
899 4453 1043 4504 Hanc
1086 4455 1228 4506 enim
1278 4454 1463 4521 aliqui,
1496 4455 1681 4521 saltem
1732 4453 1986 4518 infantes,

451 4536 556 4573 non
585 4524 993 4585 commiserunt,
1029 4536 1151 4574 cum
1184 4519 1382 4588 quibus
1415 4522 1461 4576 si
1495 4519 1658 4590 Virgo
1687 4525 1843 4591 culpa
1881 4540 1988 4576 non

451 4591 885 4651 tommttuicavit,
935 4591 1152 4643 evidens
1207 4601 1309 4653 est,
1345 4606 1464 4644 eam
1515 4607 1618 4644 non
1671 4591 1840 4646 fuisse
1893 4594 1992 4645 ob-

453 4661 669 4712 noxiam
697 4659 986 4730 originali,
1023 4674 1087 4712 ac
1132 4660 1199 4713 de
1248 4661 1335 4712 illa
1377 4660 1718 4728 potissimum
1767 4662 1991 4730 intelligi

453 4729 648 4781 debere
689 4729 966 4848 Belgarum
1016 4729 1393 4782 communibus
1439 4730 1652 4796 injuriis
1688 4747 1792 4783 non
1827 4729 1994 4784 fuisse

454 4799 734 4848 olIensam.
826 4807 1016 4848 auctus
1061 4798 1221 4848 etiam
1269 4798 1688 4848 Chrvsostotnus
1735 4799 1883 4848 Orat-
1940 4800 1992 4848 in

454 4799 734 4851 olIensam.
784 4798 1032 4868 Sanctus,
1061 4798 1221 4850 etiam
1269 4798 1688 4868 ChI‘ySOStOIIIUS
1735 4799 1883 4854 Orat.
1939 4800 1992 4852 in

453 4869 778 4935 Annuutiat,
814 4879 918 4917 non
969 4867 1128 4918 aliam
1155 4867 1223 4919 ob
1256 4867 1474 4921 causam
1517 4867 1796 4935 Deiparam
1841 4879 1997 4922 vocat

455 4934 562 4990 Vas
607 4936 1114 5000 incontaminatmn,
1154 4936 1252 4988 nisi
1291 4939 1416 5004 quia
1465 4934 1742 5006 originalis
1791 4940 1995 5005 peccati

456 5007 968 5057 contaminationem
1002 5020 1108 5056 non
1135 5005 1334 5070 habuit,
1361 5008 1452 5060 sed
1481 5005 1677 5060 abhac
1708 5010 1840 5060 tanti
1871 5008 1996 5059 mali

459 5074 676 5145 miseria
711 5073 966 5126 immunis
999 5074 1116 5126 fuit.
1140 5073 1284 5145 Quis
1315 5078 1456 5129 enim
1499 5078 1741 5130 absolute
1772 5077 1998 5145 appellet

458 5144 964 5205 incontaminatum,
1012 5144 1152 5211 quod
1201 5144 1507 5212 aliquando,
1541 5154 1594 5197 et
1641 5144 1855 5212 quidem
1886 5155 1998 5198 tur-

458 5213 700 5280 pissime,
730 5213 1145 5265 contaminatum
1179 5214 1315 5266 fuit?

534 5283 622 5350 (7t)
663 5284 721 5336 Β.
752 5281 1016 5349 Virginem
1054 5285 1180 5336 'sine
1219 5284 1505 5351 Originalis
1541 5283 1739 5350 peccati
1789 5281 1996 5336 macula

463 5351 631 5404 fuisse
657 5363 987 5417 conceptam,
1016 5367 1081 5405 eo
1115 5352 1257 5419 quod
1293 5354 1428 5404 inter
1461 5369 1576 5415 nos,
1608 5363 1659 5405 ct.
1687 5355 1850 5405 Deum
1890 5352 1994 5404 Me-

464 5422 657 5472 diattix
682 5421 853 5473 futura
879 5429 1040 5482 esset,
1070 5425 1270 5488 collig.t
1303 5422 1718 5475 Bartholomwus
1747 5421 1996 5482 Pisanus,

465 5489 541 5542 De
567 5490 710 5542 laud.
739 5491 799 5542 Β.
842 5489 898 5541 γ.
937 5491 1054 5541 libr.
1089 5509 1126 5551 ι,
1164 5492 1340 5542 fructu
1376 5491 1423 5552 7,
1459 5492 1582 5542 dum
1626 5493 1698 5543 ait
1729 5507 1741 5542 :
1781 5510 1798 5542 ‹
1834 5491 1997 5541 Maria

469 5559 557 5610 ι’ρὶ
614 5559 779 5613 Mater
828 5561 1055 5610 debebat
1104 5577 1224 5614 esse
1278 5562 1552 5611 ntediatrix
1604 5562 1744 5612 inter
1803 5577 1900 5611 nos
1949 5574 2000 5612 et

473 5627 656 5694 licunt,
680 5631 882 5682 scilicet.
910 5629 1026 5690 ejus
1072 5629 1284 5688 Filium,
1315 5640 1365 5679 ct
1388 5630 1500 5694 ejus
1531 5628 1691 5684 Filius
1740 5633 1874 5682 inter
1904 5645 1999 5680 nos

469 5707 523 5751 ct
569 5699 768 5762 Ueutu;
813 5713 938 5763 ergo
991 5713 1172 5751 carere
1221 5699 1446 5751 debebat
1485 5704 1719 5767 quolibet
1771 5706 1918 5764 vitio,
1952 5709 2001 5753 et

2084 3361 2136 3403 et
2176 3351 2322 3402 omni
2353 3351 2478 3403 alio.
2524 3369 2542 3400 ι
2580 3351 2669 3404 Sic
2711 3353 2817 3404 ille.
2853 3349 3214 3404 Bernardinus
3239 3353 3399 3404 etiam
3435 3353 3498 3404 de
3530 3351 3638 3402 Bu-

2086 3432 2169 3473 sm
2202 3420 2253 3472 in
2301 3435 2398 3473 suo
2439 3418 2674 3482 Mariuli,
2708 3435 2848 3474 serm
2892 3419 2944 3480 6,
2981 3422 3046 3472 de
3077 3434 3297 3487 concep.
3334 3430 3486 3487 parte
3511 3435 3554 3482 t,
3588 3420 3640 3473 in

2087 3490 2232 3542 hunc
2281 3489 2498 3541 modum
2543 3489 2781 3557 loquitur
2826 3504 2839 3541 :
2890 3489 3330 3557 Quandocunque
3377 3499 3459 3541 est
3506 3489 3642 3542 inter

2089 3559 2299 3624 aliquos
2327 3557 2629 3622 inimicitia,
2657 3573 2754 3622 pro
2793 3558 3231 3627 reconciliatione
3261 3559 3510 3611 convenit
3550 3574 3644 3611 ac-
3691 3620 3704 3627 ί

2090 3627 2267 3692 cipere
2311 3628 2550 3687 tertium,
2589 3628 2692 3681 nisi
2731 3627 2819 3679 ille
2861 3626 2928 3678 sit
2974 3625 3162 3679 offensi
3200 3628 3423 3688 amicus,
3473 3629 3644 3679 multo

2092 3698 2272 3748 minus
2318 3705 2495 3749 autem
2533 3697 2653 3748 talis
2694 3695 2975 3756 mediator.
3008 3695 3163 3748 debet
3204 3711 3323 3748 esse
3369 3699 3642 3764 particeps

2089 3764 2290 3826 delicti,
2321 3779 2411 3831 per
2451 3779 2609 3832 quam
2656 3765 3124 3834 participationem
3166 3765 3237 3817 sit
3267 3774 3318 3816 et
3344 3766 3459 3829 ipse
3489 3767 3641 3819 dolo-

2087 3849 2181 3886 sns
2213 3851 2225 3885 :
2253 3849 2376 3886 nam
2420 3833 2623 3886 inimici
2661 3833 2892 3892 amicus.
2924 3833 3178 3885 inimicus
3207 3841 3307 3893 est,
3330 3843 3384 3888 et
3412 3835 3533 3887 ideo
3571 3835 3644 3899 ei,

2091 3913 2341 3970 tanquam
2373 3902 2611 3962 inimico.
2632 3919 2736 3956 non
2765 3902 3108 3956 credendum.
3139 3901 3299 3970 Virgo
3325 3905 3503 3971 itaque
3526 3917 3647 3970 qua:

2091 3971 2321 4024 debebat
2348 3971 2585 4025 mediare
2615 3973 2751 4024 inter
2781 3973 3070 4024 humanam
3105 3982 3378 4034 naturam,
3414 3981 3467 4024 et
3490 3972 3649 4026 Chri~

2093 4049 2236 4093 stum
2280 4053 2591 4102 venturum,
2634 4057 2737 4094 non
2791 4041 3016 4093 debebat
3054 4055 3172 4095 esse
3207 4056 3294 4092 rea
3335 4051 3387 4095 et
3427 4043 3644 4095 conscia

2094 4110 2298 4178 delicti.
2317 4110 2552 4178 alioquin
2580 4121 2723 4162 esset
2749 4110 2962 4178 indigna
2990 4112 3409 4169 reconciliatrix.
3436 4113 3649 4164 dicente

2098 4177 2355 4245 Gregorio
2382 4177 2450 4231 in'
2475 4178 2759 4230 Morulibus
2786 4195 2802 4231 :
2832 4177 3040 4248 Cumis
3069 4184 3157 4245 qui
3187 4181 3430 4248 displicet
3469 4180 3532 4232 ad
3573 4181 3651 4231 in-

2098 4247 2484 4315 terpellandum
2521 4250 2775 4312 mittitur,
2805 4249 2930 4311 irati
2968 4247 3166 4315 judicis
3201 4247 3416 4301 animus
3442 4248 3505 4301 ad
3544 4250 3648 4300 ira-

2096 4318 2346 4370 cundiam
2407 4326 2746 4383 provocatur.
2791 4315 2952 4370 lllissa
2995 4325 3077 4370 cst
3117 4333 3244 4384 ergo
3296 4317 3461 4385 Virgo
3494 4319 3650 4371 bene-

2095 4387 2234 4438 dicta
2285 4402 2313 4438 a
2363 4386 2615 4439 Patribus
2669 4385 2864 4440 exsilio
2902 4386 3168 4449 damnatis
3197 4397 3455 4454 tanquam
3491 4388 3650 4454 digna

2097 4455 2496 4507 reconciliatrix
2542 4456 2608 4506 ad
2656 4455 2843 4524 Deum,
2878 4469 2995 4523 qua).
3050 4457 3094 4508 si
3133 4471 3239 4508 non
3289 4467 3430 4510 esset
3465 4456 3648 4524 digna,

2093 4538 2308 4593 plenam
2368 4532 2688 4577 mereretur.
2724 4523 2828 4576 Sed
2856 4526 2982 4591 quia
3017 4539 3121 4576 non
3159 4537 3240 4578 est
3271 4527 3510 4593 repulsa,
3547 4527 3653 4576 imo

2096 4596 2289 4646 iratum
2338 4593 2500 4644 Deum
2546 4594 2798 4661 placavit,
2837 4593 3150 4661 dignissima
3206 4595 3417 4647 inventa
3469 4604 3573 4656 est,
3603 4603 3651 4646 et

2093 4677 2189 4743 per
2221 4676 2578 4744 consequens,
2609 4662 3498 4744 sine_originali_cu_|pa_.’_Cht-istus
3527 4679 3654 4744 ergo

2099 4735 2233 4802 inter
2264 4731 2472 4802 Patrem
2506 4740 2558 4784 et
2585 4733 2840 4799 populum
2880 4731 3155 4802 medriavit,
3188 4731 3346 4802 Virgo
3387 4733 3537 4802 inter
3570 4731 3652 4802 Fit

2095 4800 2223 4852 lium
2256 4809 2306 4851 et
2342 4796 2713 4867 delinquentes
2741 4816 2755 4865 ;
2790 4801 2929 4868 quod
2963 4801 3005 4853 si
3045 4801 3156 4868 ipsa
3188 4796 3531 4868 peccavisset,
3563 4800 3648 4853 ubi
3685 4796 3702 4812 '

2095 4877 2234 4938 esset
2263 4883 2384 4936 spes
2414 4869 2634 4922 nostra?
2661 4869 2760 4924 Ubi
2800 4870 3202 4923 reclinatorium
3234 4872 3425 4938 capitis
3449 4869 3652 4924 nostri?

2099 4938 2154 4990 Si
2191 4936 2357 4990 Mater
2385 4947 2528 4990 esset
2551 4953 2664 5000 rea,
2698 4937 3020 5006 quid'nobis
3057 4941 3228 4993 servis
3278 4936 3422 4993 e's'Set
3450 4941 3653 4993 inutili-

2098 5008 2239 5060 bus?
2273 5006 2562 5073 Desperare
2595 5022 2900 5075 possemus,
2933 5009 3023 5061 ubi
3055 5008 3190 5076 ipsa,
3215 5008 3494 5076 privilegio
3541 5010 3652 5062 sin-

2098 5076 2270 5143 gulari
2321 5077 2566 5142 puritatis
2604 5092 2710 5128 non
2763 5078 3003 5144 polleret.
3041 5077 3131 5129 Sic
3179 5075 3528 5133 Bustustui
3579 5080 3655 5130 his

2099 5145 2276 5197 verbis
2303 5146 2593 5198 subscribit
2623 5145 2902 5200 Pelbartus
2943 5147 2994 5199 in
3025 5145 3271 5198 Stellario
3298 5147 3362 5202 Β.
3402 5147 3648 5214 Virginis,

2099 5214 2190 5266 lib.
2217 5228 2288 5279 tv,
2314 5223 2452 5281 part.
2480 5230 2538 5277 ll,
2574 5229 2622 5268 a.
2652 5215 2720 5267 δε
2754 5215 3035 5267 Mediatrix
3063 5226 3144 5268 est
3163 5215 3324 5268 Maria
3345 5217 3486 5270 inter
3504 5216 3655 5268 Chri-

2100 5293 2264 5345 stum,
2297 5296 2350 5335 et
2378 5285 2639 5344 homines,
2672 5284 2907 5336 medium
2941 5294 3113 5337 autem
3147 5287 3310 5338 debet
3342 5288 3655 5353 participare

2101 5368 2222 5405 cum
2259 5354 2533 5424 extremis,
2570 5353 2622 5414 5,
2653 5353 2842 5418 Pliys.;
2865 5356 2984 5405 ideo
3011 5355 3282 5422 congruit,
3316 5364 3374 5408 ut
3404 5356 3518 5424 ipsa
3544 5354 3654 5405 hla-

2101 5425 2177 5474 ria
2215 5422 2494 5472 mediatrix
2534 5424 2746 5489 generis
2788 5424 3004 5474 humani
3052 5425 3104 5473 itt
3145 5422 3493 5490 conceptione
3518 5425 3654 5476 assi-

2102 5491 2318 5542 miletur
2351 5493 2682 5554 hominibus,
2725 5493 2778 5543 in
2824 5491 3075 5549 naturali.
3117 5495 3342 5556 scilicet,
3391 5508 3652 5561 propaga-

2103 5563 2247 5611 tione.
2287 5563 2578 5622 comtnuui,
2630 5572 2682 5611 et
2738 5563 2838 5613 hoc
2885 5576 2987 5613 non
3044 5562 3300 5616 obstante
3333 5565 3656 5616 assinnlctur

2101 5629 2313 5680 Christo
2346 5629 2502 5702 capiti
2542 5632 2592 5702 in
2624 5631 2744 5702 h_o_c,
2771 5641 2840 5702 ut
2871 5646 2960 5698 per
2987 5633 3222 5697 gratiam
3253 5645 3653 5702 praservctura

2102 5709 2317 5765 peccato
2351 5701 2616 5766 originali.
2645 5699 2733 5752 Sic.
2766 5701 3057 5772 Rullianus.
