3948 6304
255 239 390 305 1H3

1647 247 2006 308 MARIALE.
2039 290 2047 298 .

3380 254 3516 320 Μία

322 354 631 421 Quomodo,
663 369 695 406 ο
727 358 874 411 casta
923 351 1088 426 Virgo
1134 355 1322 424 Mater,
1355 357 1464 414 Deo
1509 358 1830 416 charissima
1862 371 1906 426 Α
1937 361 2125 430 scepit,
2150 363 2285 418 etad
2311 362 2526 419 Patrem
2551 380 2708 421 suum
2734 367 3001 434 ascendit,
3021 381 3182 439 quem
3203 378 3379 427 tamen
3406 390 3542 429 non’

251 449 370 501 sine
419 447 583 517 353
621 447 760 499 virili
809 449 1000 517 copula
1047 450 1342 518 peperisti!
1385 451 1661 521 quomodo
1705 467 1829 506 eum

250 541 492 602 nutristi,
526 541 616 608 qui
652 552 933 596 creaturas
967 545 1139 596 nutrit
1196 545 1521 599 universas?
1557 546 1831 612 quomodo

249 634 398 687 solus
430 634 544 701 ipse
577 635 746 699 novit,
780 636 872 704 qui
907 636 1146 691 universi
1175 645 1257 690 est
1285 637 1602 700 Creator,et
1629 637 1791 692 Deus.

321 746 455 816 Quis
481 748 749 817 magnalia
781 757 867 802 tua
901 765 1160 804 enarrare
1185 751 1377 819 possit,
1405 767 1436 804 0
1465 749 1630 821 Virgo
1646 753 1832 806 casta?

253 833 418 887 Deum
462 836 606 888 enim
658 837 710 889 in
747 854 912 891 carne
955 842 1358 908 supernaturali
1406 842 1618 895 ratione
1664 856 1829 911 pepe-

248 927 399 988 risti;
451 927 542 995 qui
600 943 693 996 per
749 939 817 993 te,
849 945 882 982 ο
924 929 1090 1000 Virgo
1143 933 1472 1002 castissima,
1515 948 1540 986 a
1592 933 1830 1001 peccatis

247 1018 512 1070 mundum
545 1021 771 1073 retrahit
801 1024 1089 1077 universis.

323 1131 450 1186 Post
497 1144 709 1201 partum
772 1137 943 1206 virgo,
996 1148 1168 1202 casta,
1224 1139 1596 1208 permansisti,
1653 1139 1826 1194 Deum

247 1225 392 1277 enim
440 1228 752 1295 genuisti,o
783 1230 1063 1292 inviolata.
1111 1232 1202 1301 qui
1245 1232 1481 1302 potentia
1528 1247 1625 1286 sua
1667 1232 1828 1286 inuo-

163 1319 168 1326 '
256 1318 405 1371 v:ivit
433 1329 654 1375 naturas
689 1340 700 1374 :
731 1337 893 1391 quem
923 1322 1151 1392 supplex
1181 1337 1275 1376 ora
1310 1339 1408 1392 pro
1434 1323 1680 1377 omnium
1715 1338 1821 1376 no-

248 1419 423 1464 strum
457 1413 651 1471 salute.

331 1521 496 1595 Virgo
525 1528 892 1591 immaculata,
935 1527 1041 1583 Deo
1073 1530 1421 1596 charissima,
1448 1540 1596 1587 tuum
1627 1532 1825 1587 Filium

247 1621 541 1690 deprecare
573 1606 811 1682 assidue,
838 1635 906 1674 ne
945 1635 1031 1676 me
1077 1623 1128 1674 in
1160 1622 1246 1675 die
1280 1623 1470 1691 judicii
1505 1624 1827 1680 confusione

246 1714 573 1787 perfundat;
609 1713 700 1768 sed
728 1728 852 1768 cum
883 1714 1071 1768 eleCtis
1098 1715 1290 1770 ovibus
1317 1724 1662 1772 annumeret.‘

283 1874 287 1877 .
321 1822 366 1880 Ο
406 1826 562 1896 Virgo
590 1834 736 1880 casta
765 1842 886 1894 qme
931 1827 1083 1882 cmlis
1124 1827 1304 1891 latior.
1327 1824 1626 1898 apparuisti
1650 1873 1664 1894 ,
1694 1846 1830 1888 con-

246 1921 459 1977 tinuisti
510 1920 870 1988 corporaliter
913 1918 1104 1983 Deum,
1155 1922 1246 1989 qui
1289 1922 1668 1977 circumscribi
1719 1937 1826 1976 non

246 2020 452 2082 potest;
493 2020 546 2065 et
575 2012 823 2066 enindem
867 2013 1124 2081 peperisti
1159 2013 1212 2067 in
1250 2013 1676 2085 redemptionem
1706 2029 1825 2069 om-

184 2167 188 2170 ⁴
247 2103 400 2158 nium
430 2103 522 2176 qui
549 2111 598 2157 te
630 2102 944 2158 firmissima
980 2104 1084 2158 lide
1114 2105 1450 2160 Collaudant.

249 2258 338 2315 Ea:
373 2277 569 2316 canone
611 2262 666 2314 in
706 2261 842 2330 feria
883 2276 942 2327 ll,
979 2273 1092 2330 post
1124 2262 1457 2316 Dominicam
1497 2271 1534 2317 v‘
1578 2262 1822 2319 Paw/ne.

322 2405 633 2472 Luciferum
671 2416 975 2471 vehiculum
1018 2419 1152 2473 solis
1178 2418 1558 2475 intellectualis
1582 2435 1705 2475 vere
1740 2419 1823 2475 fa-

249 2521 336 2566 cta
365 2527 446 2573 es,
475 2527 508 2566 ο
539 2519 682 2565 casta
715 2521 769 2565 et
797 2511 1179 2575 immaculata;
1223 2528 1319 2581 per
1361 2513 1528 2582 quod,
1571 2513 1824 2568 sedentes

252 2604 306 2659 in
336 2603 574 2657 tenebris
601 2603 779 2656 lumen
813 2602 1057 2656 scientiae
1101 2603 1371 2668 viderunt,
1410 2615 1463 2659 te
1501 2620 1599 2674 pro
1642 2605 1825 2660 debito

251 2694 540 2764 gloriosam
577 2693 925 2763 appellantes.

312 2843 397 2896 Ea:
428 2860 623 2898 canone
661 2845 714 2897 in
739 2845 876 2914 feria
912 2860 984 2911 tv,
1011 2855 1128 2915 post
1158 2845 1392 2900 eamdem
1413 2837 1762 2902 Dominicam.

324 2975 609 3050 Dominum
648 2977 889 3032 omnium
933 2977 1210 3046 peperisti,
1242 2993 1274 3032 ο
1305 2977 1529 3033 Domina
1566 2981 1633 3034 ab
1673 2981 1819 3034 omni

1935 452 2267 517 desim-uerat,
2300 457 2547 525 quamvis
2573 473 2792 535 carnem
2825 460 3176 530 suscepisset.

2009 544 2202 599 Beatus
2241 545 2415 602 factus
2435 558 2516 603 est
2549 558 2736 604 venter
2759 561 2906 615 tuus,
2933 566 2965 604 ο
3001 554 3313 621 purissima,
3348 555 3508 626 digna

1934 652 2169 703 namque
2215 638 2363 692 fuisti
2396 643 2675 696 continere
2719 658 2844 696 eum
2883 643 3046 697 modo
3085 645 3377 712 ineffabili;
3416 647 3509 718 qui

1935 726 2233 780 inferorum
2283 728 2448 800 3&9
2506 741 2744 787 ventrem
2809 735 3130 790 mirabiliter
3193 743 3506 808 cvacuavit;

1932 834 2091 887 quem
2125 836 2220 888 pro
2253 823 2428 876 salute
2457 836 2639 879 nostra
2676 825 2806 880 dum
2837 837 2887 880 te
2920 828 3229 896 laudamus,
3256 847 3442 886 exora.

2002 910 2270 978 Christus,
2297 915 2389 983 qui
2435 923 2503 980 te,
2537 931 2569 970 ο
2599 918 2687 971 Dei
2720 917 2986 984 Genitrix,
3013 919 3288 990 Virginem
3329 925 3510 978 ineor-
3540 961 3553 968 -

1931 1013 2145 1070 ruptam
2169 1012 2290 1073 post
2313 1016 2525 1074 partum
2550 1011 2906 1076 conservavit,
2925 1013 3245 1066 ascenditad
3272 1013 3505 1081 Patrem,

1930 1110 2091 1164 quem
2147 1111 2254 1150 non
2288 1097 2673 1167 dereliquerat,
2694 1099 2819 1156 licet
2850 1119 3070 1156 rarnem
3116 1109 3508 1174 assumpsisset

1929 1200 1993 1240 ex
2050 1196 2101 1241 te
2155 1187 2432 1254 praeditam
2465 1193 2643 1244 anima
2679 1191 3050 1257 intellectuali,
3086 1205 3304 1266 propter
3373 1195 3512 1250 inef-

1930 1277 2149 1334 fabilem
2182 1269 2638 1350 miserié‘ordiam.

1999 1390 2333 1460 Laudamus,
2371 1409 2403 1447 o
2438 1404 2594 1470 [casta
2640 1397 2838 1465 puella,
2872 1395 3282 1469 conceptionem
3324 1412 3505 1470 tuam;

1927 1485 2216 1541 laudamus
2265 1497 2480 1556 partum
2525 1489 2874 1556 ineifabilem,
2912 1507 3008 1560 per
3056 1509 3213 1562 quem
3253 1512 3284 1549 a
3312 1510 3504 1549 corru-

1930 1579 2131 1647 ptione,
2157 1589 2210 1633 et
2237 1581 2558 1648 perditione,
2601 1597 2664 1637 ac
2704 1585 2993 1640 tenebroso
3035 1585 3254 1640 ittfcrtti/
3284 1603 3506 1643 carcere

1931 1672 2138 1737 liberati
2168 1689 2379 1730 sumus.

1933 1776 1940 1781 '
2006 1764 2050 1818 Ο
2082 1774 2301 1836 stupore
2328 1768 2482 1835 plena
2506 1769 2802 1824 miracula!
2836 1774 3114 1841 quomodo
3137 1774 3304 1830 Deum
3329 1772 3510 1831 conti-

1932 1858 2117 1922 nuiSIi,
2156 1867 2191 1912 o
2235 1857 2342 1913 Deo
2391 1861 2736 1927 charissima,
2772 1866 2862 1933 qui
2912 1875 2994 1919 est
3027 1866 3503 1938 incomprehensi-

1929 1951 2192 2021 bilis?qni
2220 1967 2438 2007 carnem
2462 1968 2526 2008 ex
2557 1957 3001 2022 teemendicavit,
3023 1968 3074 2013 et
3105 1975 3227 2014 cum
3265 1962 3502 2030 plurima

1926 2044 2092 2111 gloria
2139 2045 2299 2099 hodie
2340 2046 2392 2098 in
2436 2046 2632 2101 ccelum
2688 2062 3005 2120 assumptus
3053 2051 3302 2108 homines
3345 2053 3502 2108 deiti-

1926 2134 2106 2188 ca‘vit?

1994 2224 2134 2279 Ecce
2161 2224 2327 2282 Filius
2347 2237 2496 2295 tuus,
2525 2246 2557 2284 ο
2588 2230 2836 2300 Deipara,
2863 2239 3039 2286 morte
3060 2249 3154 2301 per
3182 2249 3336 2288 suam
3370 2250 3499 2290 cru-

1925 2333 2039 2372 cem
2077 2319 2329 2387 spoliata,
2372 2324 2674 2377 resurrexit
2717 2325 2871 2379 tertia
2921 2326 3046 2392 die;
3083 2335 3136 2379 et
3172 2342 3294 2380 cum
3333 2343 3501 2397 appa-

1923 2412 2126 2467 ruisset
2151 2411 2432 2482 discipulis
2465 2415 2600 2478 suis,
2627 2416 2692 2469 ad
2737 2417 2979 2472 coelestia
3020 2421 3340 2487 emigravit;
3373 2436 3497 2476 cum

1923 2517 2031 2571 quo
2071 2515 2122 2558 te
2152 2505 2442 2561 adorantes
2470 2506 2782 2574 laudamus,
2813 2517 2868 2562 et
2904 2509 3274 2579 glorilicamus
3302 2512 3353 2566 in
3379 2529 3497 2567 om-

1921 2593 2010 2647 nia
2038 2594 2256 2650 saecula.

2005 2711 2119 2766 Lux
2175 2712 2241 2768 de
2297 2714 2441 2769 luce'
2465 2730 2794 2780 coruscans,
2825 2733 2890 2772 ex
2920 2728 2990 2782 te,
3045 2733 3078 2774 ο
3111 2720 3492 2784 mundissima.

1924 2813 2110 2858 exorta
2141 2814 2253 2874 est;
2294 2816 2345 2860 et
2370 2807 2680 2861 universam
2718 2809 3054 2866 infidelitatis
3101 2813 3491 2867 obscuritatem

1923 2893 2240 2962 dissipavit;
2274 2903 2327 2949 et
2358 2895 2424 2949 iis
2454 2897 2544 2964 qui
2584 2895 2635 2948 in
2687 2907 2842 2951 nocte
2887 2898 3248 2960 dormiebant,
3279 2899 3491 2954 illuxit:

1923 2992 2204 3052 propterea
2236 2985 2475 3041 universi
2500 2997 2551 3041 te
2574 3002 2670 3056 pro
2696 2987 2892 3042 merito
2914 2987 3127 3044 beatam
3160 2991 3494 3060 appellamus

246 3068 368 3124 labe
390 3068 649 3123 immunis
680 3069 815 3140 (76),
853 3068 942 3140 qui
972 3070 1336 3124 voluntariam
1368 3071 1676 3140 passionem
1719 3086 1811 3126 su-
1841 3077 1882 3135 α
1923 3075 1974 3127 in
2013 3084 2271 3130 aeternum
2302 3076 2351 3131 ".

248 3297 391 3353 inter
429 3295 614 3351 Mariae
650 3296 1082 3366 conceptionem,
1131 3303 1187 3350 et
1227 3295 1316 3348 Dei
1364 3296 1761 3366 maternitatem
1803 3314 1817 3350 :

201 3385 204 3387 ‘
247 3385 373 3423 nam
404 3368 506 3420 etsi
533 3365 1166 3436 conceptio’quindecjm
1199 3380 1464 3418 annorum
1498 3365 1674 3433 spat-i0
1704 3382 1817 3420 ina-

248 3437 559 3511 ternitatem
591 3435 943 3511 anteverterit
979 3438 1041 3511 _in
1074 3435 1168 3489 Dei
1203 3446 1401 3511 mente,
1433 3444 1489 3511 et
1528 3437 1816 3505 mysterio-

246 3523 367 3561 rum
395 3505 736 3575 prat'visione,
763 3506 1081 3560 tuaternitas
1105 3505 1478 3572 conccptionis
1499 3516 1584 3558 est
1611 3521 1813 3569 comes,

246 3592 348 3631 nec
395 3577 757 3642 computanda
800 3586 880 3630 est
927 3576 1043 3628 sine
1094 3575 1438 3627 maternitate
1479 3576 1811 3637 coner-ptio:

244 3647 557 3714 concipitur
587 3645 729 3699 enim
774 3661 896 3699 mox
931 3645 1021 3697 Dei
1049 3643 1220 3697 Mater
1242 3645 1404 3714 digne
1435 3644 1634 3697 futura.
1666 3642 1817 3699 Unde

244 3711 431 3771 divina
486 3717 802 3768 ntatcrnitas
856 3715 1050 3769 futurae
1095 3715 1186 3766 Dei
1241 3711 1428 3766 Matris
1470 3715 1814 3782 conceptioni

245 3788 422 3850 adest,
457 3796 512 3838 ut
533 3786 844 3838 alliuitatcm
869 3801 990 3838 cum
1022 3794 1243 3854 peccato
1267 3798 1606 3854 prazpmpere
1635 3793 1816 3838 arceat

243 3867 300 3909 et
345 3865 576 3910 avertat.
619 3855 726 3909 Nec
778 3863 986 3907 tantum
1037 3855 1218 3907 divina
1257 3855 1575 3908 maternitas
1627 3869 1813 3908 comes

243 3930 418 3991 adest,
453 3926 546 3979 sed
577 3926 739 3978 etiam
773 3923 1026 3978 Mariame
1058 3924 1431 3994 conceptionis
1467 3923 1815 3994 admjnistra,

246 3996 458 4051 scilicet
510 4004 691 4049 tantus
725 3996 910 4062 gratiae
939 4005 993 4049 et
1041 3991 1240 4061 gloriae
1266 3991 1410 4045 nitor
1475 3994 1525 4046 in
1575 3991 1814 4062 Deiparat

243 4067 538 4134 purissima
567 4066 923 4133 conceptione
957 4064 1236 4125 scintillat,
1269 4062 1436 4116 ut'Dei
1472 4064 1810 4134 maternitas,

243 4133 368 4203 quae
395 4147 477 4188 est
503 4136 750 4188 omnium
785 4134 968 4188 Μαι-ἰὼ
1004 4135 1299 4203 gratiarum
1323 4133 1550 4203 matrix,
1584 4148 1689 4185 non
1718 4133 1814 4186 de-

243 4202 496 4276 diguetnr
557 4203 782 4276 puritati
832 4202 1202 4276 conceptionis
1252 4202 1397 4276 velut
1458 4203 1809 4276 ministrare:

244 4273 514 4342 siquidem
543 4275 818 4344 singulare
846 4283 896 4326 et
918 4275 1197 4344 prazlustre
1223 4274 1540 4344 gratiarum
1567 4273 1812 4325 onmium

243 4340 588 4414 privilegium
623 4340 674 4414 in
707 4340 1062 4412 conceptione
1088 4340 1292 4414 Virgini
1329 4350 1650 4410 praemature
1681 4356 1814 4414 con—

242 4411 484 4477 cessum,
532 4429 592 4466 ex
641 4413 822 4466 divina
875 4411 1219 4466 ntaternitate
1262 4419 1488 4480 auguste
1543 4411 1808 4464 nascitur.

245 4482 436 4542 Gratia
461 4470 603 4539 cnim
627 4492 756 4536 tunc
785 4492 1035 4535 naturam
1063 4470 1399 4550 praepropere
1423 4480 1733 4540 antevertit,
1756 4492 1812 4549 ut
1839 4470 1890 4528 D

241 4554 407 4622 digna
454 4551 574 4622 Filii
622 4552 716 4605 Dei
771 4551 940 4605 Mater
978 4553 1377 4622 conciperetur.
1416 4550 1556 4622 Ergo
1598 4551 1806 4603 infinita

240 4619 495 4693 dignitas,
515 4621 579 4675 ‘ct
601 4624 772 4691 gratia
801 4623 997 4675 divina:
1025 4620 1400 4693 maternitatis,
1420 4619 1801 4693 _velut_comes,

241 4688 647 4746 et'administra
692 4695 844 4746 adest
883 4693 1245 4745 immaculata:
1287 4688 1522 4758 Virginis
1560 4688 1802 4758 Deipara:

241 4762 602 4832 COIICleiOﬂi.
629 4762 751 4817 llzec
775 4762 988 4816 Celada.
1207 4768 1212 4774 '

1996 3298 2106 3369 (76)
2145 3298 2281 3354 Cum
2319 3314 2438 3354 esse
2472 3300 2539 3354 ab
2572 3300 2720 3354 omni
2757 3299 2875 3355 labe
2911 3301 3227 3368 immunem,
3260 3301 3331 3356 sit
3369 3301 3493 3359 infl-

1926 3385 2071 3422 mum
2106 3370 2309 3423 Christi
2339 3371 2582 3423 omnium
2620 3373 2880 3439 supremi,
2910 3372 3159 3426 Christus
3190 3375 3334 3425 enim
3365 3388 3487 3428 cum

1924 3440 2218 3506 sitjustus.
2251 3440 2360 3493 duo
2405 3442 2566 3493 habet
2591 3455 2712 3508 quae
2739 3441 2950 3510 justum
2985 3442 3259 3495 hominem
3285 3445 3492 3496 consti-

1923 3518 2104 3570 tuunt,
2131 3509 2339 3562 scilicet
2379 3510 2652 3563 declinare
2689 3526 2716 3561 a
2758 3512 2921 3573 malo,
2959 3519 3011 3565 et
3051 3511 3226 3565 facere
3258 3513 3489 3579 bonum,

1922 3581 2039 3632 sine
2070 3589 2293 3647 peccato
2323 3593 2466 3639 esse,
2494 3586 2544 3632 et
2573 3581 2865 3634 virtutibus
2892 3581 3168 3636 abundare
3202 3598 3214 3635 :
3241 3586 3492 3649 quamvis

1923 3650 2067 3703 enim
2102 3650 2222 3702 sine
2267 3658 2488 3721 peccato
2535 3664 2655 3721 esse
2703 3651 2829 3718 quid
2886 3652 3138 3720 magnum
3190 3652 3279 3715 sit,
3313 3651 3490 3721 majus

1927 3728 2107 3771 tamen
2153 3727 2237 3770 est
2265 3718 2436 3787 gratia
2472 3727 2526 3771 et
2584 3720 2874 3772 virtutibus
2916 3718 3214 3784 abundare,
3248 3729 3309 3784 et,
3335 3718 3490 3776 omni

1924 3787 2257 3858 perfectione
2303 3803 2422 3858 esse
2469 3788 2776 3855 praeditum.
2815 3787 2965 3842 Unde
3007 3791 3181 3858 angeli
3228 3790 3351 3844 boni
3380 3807 3487 3845 non

1923 3857 2332 3927 distinguuntur
2359 3857 2499 3927 inter
2519 3872 2578 3910 se
2602 3873 2667 3910 ex
2703 3874 2768 3912 eo
2813 3861 2955 3926 quod
2984 3857 3101 3913 non
3121 3861 3491 3916 contraxerint

1923 3926 2155 3996 culpam,
2185 3941 2309 3979 nam
2337 3926 2515 3982 nullus
2547 3941 2733 3981 eorum
2766 3929 3013 3996 deliquit,
3055 3931 3148 3984 sed
3188 3930 3342 3996 juxta
3372 3946 3488 3982 ma-

1917 3997 2112 4067 jorem,
2144 3997 2226 4068 vel
2271 3997 2531 4068 minorem
2568 4013 2755 4051 eorum
2799 4000 3049 4068 gratiam,
3087 4000 3483 4064 sublimiorem,

1921 4069 2002 4120 vel
2041 4067 2347 4122 inferiorem
2374 4067 2546 4121 locum
2580 4067 2827 4121 obtinent
2861 4070 2913 4121 in
2946 4070 3034 4121 illa
3069 4079 3266 4121 aeterna
3312 4069 3483 4123 beati-

1922 4137 2129 4224 tudine.
2156 4137 2288 4191 Cum
2317 4137 2479 4190 etiam
2525 4136 2729 4216 Christi
2752 4136 2930 4224 Mater
2961 4137 3121 4224 Virgo
3161 4139 3482 4224 beatissima

1921 4209 1990 4262 sit
2034 4222 2345 4276 supremum
2414 4207 2679 4273 omnium,
2741 4210 2833 4278 qui
2893 4209 2995 4262 sub
3044 4207 3263 4262 ChriSto
3308 4210 3482 4275 capite

1919 4279 2175 4341 vivimus,
2232 4285 2290 4331 ut
2344 4291 2505 4330 nemo
2555 4278 2788 4345 negabit,
2847 4288 2900 4332 et
2953 4293 3265 4345 supremum
3313 4279 3481 4332 infimi

1922 4347 2149 4416 attingat
2198 4347 2441 4399 intimum
2482 4347 2740 4416 supremi,
2787 4347 3132 4402 manifestum
3182 4357 3261 4400 est
3319 4364 3481 4416 quam

1921 4414 2115 4470 decens
2147 4417 2237 4479 sit,
2264 4424 2319 4469 ut
2343 4417 2459 4485 ipsa
2492 4414 2556 4467 B.
2587 4414 2747 4485 Virgo
2778 4418 2847 4471 sit
2872 4418 3016 4471 omni
3051 4419 3170 4470 labe
3199 4414 3478 4484 immunis,

1921 4497 1977 4539 ut
2004 4486 2274 4540 Christus.
2316 4485 2569 4556 Christus
2599 4488 2816 4556 quidem
2863 4502 2927 4540 ex
2961 4499 3177 4550 natura,
3208 4503 3272 4539 ex
3309 4488 3479 4555 privi-

1917 4557 2057 4624 legio
2091 4569 2267 4609 tamen
2299 4554 2416 4622 ejus
2452 4554 2640 4624 mater,
2678 4565 2737 4609 ut
2781 4557 2933 4611 locus
2969 4557 3186 4610 Christo
3219 4557 3268 4609 in
3297 4554 3358 4610 ea
3399 4558 3482 4610 lo-

1911 4623 2086 4696 cando
2119 4634 2453 4696 conveniret.
2485 4623 2617 4679 Vide
2650 4641 2750 4694 pro
2782 4626 2880 4680 hac
2916 4643 2972 4680 re
3008 4626 3477 4696 Nierembergium

1912 4696 1964 4750 in
1994 4695 2237 4760 Theoria,
2267 4693 2293 4763 ᾗ
2330 4694 2417 4759 10,
2455 4711 2561 4748 non
2586 4693 2742 4765 longe
2771 4710 2800 4748 a
2838 4696 3123 4766 principio.

313 4928 497 5002 .Apud
541 4936 1105 5003 Maraccium__deinceps
1129 4938 1363 4999 leguntur
1407 4932 1666 4985 Theotocia
1712 4947 1770 5002 ex
1801 4934 2093 5003 aliocodice
2129 4934 2452 5003 deprompta;
2484 4947 2591 4995 quae
2630 4936 2947 5003 cum__eadem
2987 4933 3085 4981 sint
3121 4933 3318 5003 omnino
3347 4939 3471 5003 ‘cnm

243 4995 513 5046 TheotOciis
543 5011 687 5058 supra
727 5011 786 5045 ex
838 4995 1134 5048 Paraclctica
1181 4995 1458 5049 Graecorum
1504 4995 1764 5057 expressis,
1801 4998 1938 5043 nobis
1982 4995 2252 5043 omittenda
2293 5001 2451 5054 erant,
2487 4999 2704 5056 quamvis
2737 4998 3076 5046 Maraceiusea
3109 4995 3170 5040 ob
3213 4995 3470 5040 sanemus

236 5058 473 5123 quasdam
490 5059 761 5108 admiserit.
780 5058 915 5108 Εοιτ.
