3948 6304
239 249 371 311 H17

331 355 466 427 ᾨδὴ
500 354 566 422 γ’.
602 372 624 403 v
647 354 765 407 Οὐκ
787 350 958 402 ἔστιν
995 345 1158 414 ἅγιος·
1178 345 1256 408 ὠς
1284 342 1387 405 σὺ,
1419 342 1607 407 Κύριε.
1647 357 1665 389 ι

305 471 370 521 Ἦ
403 472 473 536 γῆ
518 465 838 535 μαστίζεται
867 462 1023 533 ἡμῶν
1047 458 1230 518 κακῶς
1280 436 1658 522 διακειμένων,
1685 451 1776 504 καὶ

109 552 204 619 tl)
232 566 321 620 ἀεὶ
347 564 448 630 τὴν
474 560 644 627 ὀργήν
672 573 765 607 σου
797 551 1187 619 συγκινούντων
1217 546 1335 598 καθ’
1365 547 1544 614 ἡμῶν,
1568 543 1780 612 οἰκτίρ-

235 653 347 724 μον“
368 647 730 720 παμὸασιλεῦο
751 645 884 698 ἀλλὰ
910 646 1112 711 φεῖσαι,
1159 642 1420 700 Δέσποτα.
1450 638 1556 691 τῶν
1584 636 1782 689 δούλων

236 761 330 795 σου
339 781 353 795 ο

308 829 624 891 Συσσείσαςι,
673 825 867 895 Κύριε,
919 823 1016 893 τὴν
1067 825 1191 890 γῆν,
1239 818 1573 888 ὲστερέωσας
1625 815 1786 868 πάλιν

166 928 206 953 "‘
238 921 502 976 νουθετῶν
525 915 865 986 ἐπιστρέφων
891 913 987 982 τὴν
1019 912 1301 965 ἀσθένειαν
1333 909 1510 978 ἡμῶν,
1541 904 1789 975 στηρίζε-

239 1012 364 1063 σοαι
395 1011 450 1060 ὲν
475 1006 551 1076 τῷ
577 1005 653 1074 σῷ
680 1003 806 1072 θείῳ
840 1002 989 1071 φόϐῳ
1017 1000 1204 1060 θέλων,
1233 996 1566 1068 ὑπεράγαθε.

309 1098 588 1159 Γεννὼσας
611 1096 840 1148 θάνατον
874 1092 1090 1161 πικρὸν,
1124 1092 1219 1143 καὶ
1255 1088 1512 1157 σεισμοὺς
1553 1085 1787 1155 βαρυτά·

234 1198 386 1252 τους,
439 1187 531 1239 καὶ
581 1182 794 1253 πληγὰς
840 1181 1169 1250 ἀνηκέστους
1208 1177 1503 1246 ἁμαρτίας,
1551 1173 1788 1240 ἀδελφοὶ,

238 1278 597 1346 ἑκφύγωμεν,
647 1275 741 1326 καὶ
796 1271 915 1339 Θεῷ
971 1268 1255 1340 μετανοίας
1309 1267 1542 1336 τρόπους
1594 1262 1793 1316 ἐπιδεί-

245 1371 447 1439 ευμεν.

856 1455 1180 1508 Θεοτόκιον.

325 1560 390 1618 Ἦ
418 1566 552 1635 μόνη
598 1563 731 1620 οὖσα
765 1563 943 1630 ἀγαθὴ
973 1561 1064 1613 τὸν
1105 1558 1415 1625 πανάγαθον
1437 1557 1607 1622 Λόγον
1639 1557 1793 1607 ἐκτε-

249 1657 352 1716 νῶς
385 1653 706 1719 ὲκδυσώπει,
737 1654 835 1719 τῆς
860 1650 1139 1721 παρούσης
1157 1649 1251 1702 τοῦ
1281 1644 1502 1715 σεισμοῦ
1533 1643 1792 1731 poscam
1833 1688 1870 1742 Β

241 1748 455 1809 πάντας
490 1745 679 1813 ὀργῆς,
705 1742 929 1796 Θεοτόκε
955 1743 1208 1809 ἄχραντε,
1241 1738 1491 1806 δεόμεθα.

490 1906 626 1995 ᾯδὴ
653 1923 723 1976 δ’.
763 1942 780 1974 ι
818 1920 1075 1989 Χριστός
1097 1938 1215 1987 μου
1245 1919 1514 1988 δύναμις.
1553 1941 1572 1969 ν
1681 1977 1692 1987 ,

322 2032 596 2096 Σαλεύεις,
636 2030 829 2101 Κύριε,
884 2029 981 2098 τὴν
1027 2028 1153 2096 γῆν,
1194 2026 1508 2096 βουλόμενος
1549 2015 1802 2094 ἐδρισμῷ

250 2123 510 2192 ἀληθείας
554 2123 759 2184 πάντας
793 2122 962 2190 ἡμᾶς,
1015 2121 1281 2182 Δέσποτα,
1330 2116 1674 2186 στηρίζεσθαι
1708 2131 1803 2168 σα-

251 2215 576 2282 λευομένους
612 2212 934 2282 προσϐολαῖς
978 2209 1071 2262 τοῦ
1101 2209 1273 2261 δολίου
1315 2207 1702 2276 πολεμὴτορος.

327 2308 406 2376 Τῇ
435 2296 555 2374 θείᾳ
585 2304 762 2357 νεύσει
795 2321 888 2356 σου
930 2303 1136 2376 κλονείς
1171 2297 1237 2350 τὸ.
1273 2299 1581 2367 σύμπαντα,
1608 2296 1702 2346 καὶ
1724 2295 1808 2346 δο⁴

181 2405 232 2435 κ
256 2395 368 2454 νεῖς
410 2394 507 2453 τὰς
555 2392 778 2457 καρδίας
811 2392 915 2442 τῶν
959 2390 1052 2441 ὲπὶ
1103 2389 1204 2457 γῆς
1257 2384 1672 2446 κατοικούντων,
1713 2385 1807 2435 Δέ-

1106 238 1347 298 CANUN
1391 235 1468 294 ΙΝ
1506 230 1783 293 ΤΕΠΒᾹΞ
1821 221 2073 286 MOTUS
2111 215 2509 279 PERICULO.

1805 342 1843 393 Α
1876 333 2148 387 Canticum
2175 328 2403 381 tertium.
2436 343 2453 373 ι
2490 321 2608 375 Non
2637 328 2709 372 est
2741 325 2949 370 satiatus
2978 322 3031 366 ιιι
3054 321 3128 378 tu,
3161 311 3426 364 Domine.-

3286 194 3420 260 H18

1949 441 2115 496 Nobis
2163 453 2324 509 prave
2362 434 2586 495 affectis,
2641 433 2980 496 furoremque
3041 434 3189 478 tuum
3236 406 3435 492 jugiter

1880 531 2279 587 concitantibus
2337 537 2480 582 terra
2549 522 2845 591 ﬂagellatur
2880 558 2894 581 ,
2959 515 3266 570 misericors
3313 511 3436 564 nni-

1881 625 2022 679 versi
2055 623 2390 682 moderator,
2451 630 2633 670 verum
2672 611 2887 666 famulis
2946 608 3052 662 luis
3099 618 3279 675 parce,
3332 602 3437 655 Do-

1883 718 2049 768 mine.
2127 761 2133 766 .

1956 806 2179 858 Terram
2247 809 2573 854 commotam
2627 798 2816 849 iterum
2877 789 3142 851 ﬁrmasti,
3196 785 3438 840 Domine.

1886 899 2239 950 cu'mmonens
2262 903 2315 946 et
2339 897 2658 965 convertens
2687 886 3054 965 inﬁrmitatem
3092 888 3353 940 nostram,
3385 885 3445 928 ut

1887 985 1941 1037 in
1973 984 2157 1036 divino
2185 991 2276 1049 tuo
2307 957 2501 1033 timore
2529 957 2967 1056 corroborentur,
2998 971 3248 1036 benigne.

1959 1073 2182 1127 Mortem
2233 1079 2491 1128 amat-am,
2541 1058 2895 1120 terraémotus'
2936 1062 3323 1132 gravissimos,
3367 1059 3447 1111 in-

1890 1165 2301 1232 tolerandasque
2343 1161 2527 1230 plagas
2569 1166 2788 1228 peccata
2836 1154 3144 1222 generantia
3188 1152 3442 1211 'vitcmus,

1893 1262 2110 1315 fratres.
2139 1261 2192 1306 et
2228 1250 2556 1322 pmnitcntia:
2599 1248 2812 1301 modum
2870 1258 3084 1300 omnem
3144 1241 3252 1294 Deo
3292 1241 3446 1295 exhi-

1893 1348 2131 1399 beamus.

2474 1429 2539 1485 In
2563 1426 2863 1498 Deipa'am.

1966 1538 2452 1598 Clementissimnm
2489 1537 2745 1601 Verbum,
2774 1552 2893 1606 qua
2937 1537 3048 1591 sola
3086 1524 3318 1602 benigna
3368 1544 3448 1586 es.

1901 1625 2109 1690 intense
2137 1626 2445 1703 deprecare,
2481 1642 2539 1686 ut
2595 1630 2910 1683 imminente
2964 1628 3305 1683 terminatus
3354 1624 3451 1676 lla--

1901 1723 2038 1790 gello
2088 1722 2269 1777 cuncti
2313 1721 2630 1782 liberemur,
2680 1719 2885 1772 illibata
2950 1715 3199 1784 Deipara,
3257 1729 3448 1770 exora-

1901 1829 2044 1867 ιηιιε.

2038 1897 2314 1957 Canticum
2337 1909 2600 1972 quartum.
2636 1919 2653 1951 ι
2684 1899 2922 1953 Christus
2952 1889 3114 1953 virtus
3137 1915 3270 1952 mea.
3306 1918 3324 1948 ι

1974 2003 2216 2073 Terram,
2278 2011 2524 2076 Domine,
2577 2018 2918 2069 commoves.
2971 2008 3058 2061 ubi
3089 2000 3259 2062 dolosi
3296 2005 3461 2059 bella-

1905 2105 2037 2158 toris
2063 2103 2356 2157 insultibus
2387 2117 2483 2156 nos
2521 2114 2837 2160 concussos.
2872 2099 3038 2169 magis
3061 2115 3122 2153 ac
3161 2101 3339 2169 magis
3367 2114 3462 2152 ve-

1906 2193 2080 2247 ritatis
2106 2191 2454 2246 fundamento
2484 2189 2702 2243 solidari
2734 2203 2922 2244 omnes
2957 2189 3220 2258 prmcipis.

1975 2275 2167 2335 Divino
2192 2291 2282 2335 tuo
2316 2290 2450 2334 nutu
2502 2289 2686 2335 cuneta
2711 2295 3036 2345 commoves,
3065 2289 3120 2334 et
3165 2279 3459 2333 incolarum

1910 2381 2066 2425 terrm
2093 2371 2253 2424 corda
2277 2370 2553 2432 concutis;
2583 2369 2716 2438 justi
2740 2383 2883 2436 ,ergo
2922 2367 3120 2423 furoris
3151 2369 3228 2423 tui
3265 2367 3462 2423 ﬂuctus

257 2451 452 2536 σποτα.
484 2451 592 2552 Ιλ’ἧς
627 2451 719 2535 οὖν
762 2451 980 2542 Ἷδικαίας
1010 2451 1306 2548 σουῠό-ργῆς
1336 2477 1483 2539 ἄνες,
1528 2474 1715 2541 Κύριε,
1744 2474 1810 2524 τὰ

1926 2477 2192 2531 :ompone,
2237 2451 2477 2514 Domine.
2558 2498 2563 2506 .

260 2583 504 2626 κύματα.

339 2592 504 2642 ματα.
581 2633 584 2638 _
1142 2592 1194 2614 --

330 2665 450 2719 Οὐδ’
476 2665 611 2726 ὅλως
655 2662 868 2732 ἔχοντες
900 2662 978 2723 εἰς
1012 2658 1136 2711 νοῦν
1165 2659 1252 2710 τὸν
1289 2656 1454 2723 φόϐον
1487 2671 1599 2714 σου,
1643 2655 1811 2719 ἐκφο-

261 2750 377 2815 65?;
401 2757 462 2823 τῇ
497 2757 704 2822 νικήσει
744 2755 921 2804 πᾶσαν
953 2748 1050 2818 τὴν
1082 2750 1204 2815 γῆν,
1243 2748 1369 2816 μόνε
1405 2742 1810 2822 εὐσυμπάθητεο

262 2845 401 2905 ἁλλὰ
427 2842 666 2913 συνήθως
694 2843 780 2910 ἐφ’
809 2842 953 2911 ἡμᾶς
998 2840 1063 2892 τὰ
1106 2837 1230 2903 ὲλέη
1267 2853 1358 2886 σου
1405 2835 1810 2902 θαυμάστωσον.

779 2997 790 3003 ”
879 3005 1208 3065 Θεοτόκισν.

321 3109 478 3162 ’Ναόν
529 3124 609 3170 σε,
649 3106 938 3166 Δέσποινα,
969 3102 1104 3156 Θεοῦ
1149 3101 1520 3168 γινώσκοντες,
1571 3100 1627 3149 ἐν
1675 3096 1814 3165 ἁγίῳ

263 3198 379 3267 ναῷ
403 3215 494 3249 σου
519 3200 703 3266 χεῖρας
736 3194 957 3264 οἰκτρὰς
987 3195 1210 3262 αἰρομεν
1250 3194 1327 3253 εἰς
1365 3189 1568 3258 δέησιν,
1610 3188 1684 3240 ἴδε
1718 3186 1814 3256 τὴν

266 3291 511 3343 κάκωσιν
538 3291 571 3357 ἡ
582 3289 720 3356 μῶν,
748 3289 842 3340 καὶ
869 3285 1150 3354 παράσχου
1181 3286 1278 3350 τὴν
1306 3282 1579 3350 βοήθειαν.

487 3379 494 3388 ’
552 3393 685 3467 ᾨδή
720 3403 784 3450 ε’.
829 3416 848 3448 ι
889 3395 971 3459 τῷ
1003 3396 1137 3461 θείῳ
1170 3393 1370 3462 φέγγει
1401 3404 1537 3446 σου.

337 3510 446 3562 Καὶ
484 3509 568 3571 σὺ,
589 3507 802 3576 καρδία,
838 3505 1077 3572 σείσθητι
1123 3502 1216 3555 νῦν
1246 3502 1513 3572 βλέπουσα
1553 3487 1688 3553 Θεοῦ
1719 3499 1816 3568 τὴν

266 3599 496 3668 ἀπειλὴν
545 3595 914 3665 ἐπικειμένην,
957 3588 1050 3647 καὶ
1092 3594 1304 3662 βόησον
1342 3585 1528 3644 Φεῖσαι
1561 3591 1655 3644 τοῦ
1687 3591 1815 3642 λαοῦ

271 3705 388 3749 σου,
415 3687 658 3738 Δέσποτα
682 3686 872 3754 Κύριε,
912 3683 1240 3744 καὶπαῦσον
1273 3682 1370 3752 τὴν
1402 3673 1616 3736 δικαίαν
1648 3681 1816 3750 ὀργήν

271 3795 384 3841 σου,
420 3776 779 3844 εὔσπλαγχνε.

338 3866 481 3919 Λαὸν
516 3866 607 3918 καὶ
637 3863 790 3916 πόλιν
821 3863 991 3932 ἥνπερ
1019 3862 1093 3930 τῷ
1116 3862 1190 3927 σῷ
1215 3862 1402 3927 αἵματι
1437 3860 1670 3928 ἐκτήσω,
1713 3861 1816 3927 ’1η-

189 3936 196 3941 ’
272 3945 388 4016 σοῦ,
423 3955 496 4022 μὴ
527 3950 780 4020 παραδῷς
809 3952 888 4012 είς
907 3948 1199 4011 ἀπώλειαν,
1233 3953 1291 4001 ὲν
1311 3947 1388 4016 τῷ
1428 3946 1815 4014 συνταράσσειν

269 4034 370 4109 τὴν
396 4041 498 4108 γῆν
527 4041 735 4108 σεισμῷ
761 4034 992 4108 φοϐερῷ,
1024 4038 1177 4106 χορὸς
1208 4037 1313 4087 τῶν
1349 4035 1654 4088 ἀποστόλων
1687 4035 1815 4086 καθ-

275 4145 506 4202 ικετευει
537 4145 617 4180 σε.
697 4142 703 4146 ’

349 4219 531 4279 ὐδούς
565 4236 677 4279 σου,
718 4220 978 4279 Δέσποτα,
1027 4217 1124 4278 τὰς
1160 4215 1329 4285 ὀρθὰς
1367 4214 1556 4283 γνώμῃ
1599 4213 1816 4264 ἀποκλί-

1986 2640 2150 2694 Nobis
2195 2656 2460 2709 nusquam
2519 2642 2710 2695 timore
2769 2652 2862 2695 tuo
2921 2643 3209 2711 correptis,
3266 2648 3463 2697 terram

1915 2731 2218 2784 universam
2249 2740 2340 2784 tuo
2383 2718 2524 2785 motu
2572 2741 2743 2786 terres
2773 2749 2785 2784 :
2817 2747 3001 2785 verum
3027 2732 3250 2787 miriﬁca
3301 2733 3465 2795 miswb

1914 2823 2173 2878 ricordias
2227 2835 2344 2877 tuas
2397 2841 2556 2894 super
2611 2841 2726 2891 nos,
2775 2828 2866 2893 qui
2909 2827 3056 2880 solus
3096 2825 3252 2882 facile
3309 2805 3464 2883 cunt-'-

1917 2912 2140 2980 pateris.
3291 2924 3294 2927 ·

2499 3004 2564 3058 1η
2589 3005 2890 3074 Deiparam.

1985 3093 2059 3148 Te
2095 3095 2182 3155 Dei
2219 3098 2492 3165 templum,
2516 3113 2548 3149 ο
2583 3097 2830 3162 Domina,
2875 3097 3135 3169 professi,
3175 3102 3225 3153 in
3269 3102 3465 3169 templo

1916 3191 2100 3239 sancto
2131 3195 2223 3239 tue
2259 3189 2529 3256 supplices
2577 3203 2768 3242 manus
2824 3191 3092 3245 tendimus
3133 3209 3146 3244 :
3185 3193 3300 3245 vide
3331 3193 3464 3247 ami-

1917 3275 2148 3328 ctiOnem
2183 3285 2444 3341 nostram,
2475 3279 2526 3330 ct
2564 3281 2822 3333 auxilium
2855 3274 3045 3349 praebe.

2021 3382 2296 3437 Canticum
2338 3388 2594 3455 quintum.
2624 3409 2641 3438 ι
2671 3389 2858 3441 Divina
2905 3399 2992 3443 tuo
3021 3393 3308 3459 splendore.
3341 3413 3360 3445 ι

1986 3495 2285 3550 Concutere
2307 3497 2464 3550 etiam
2514 3507 2566 3551 tu
2598 3514 2689 3552 cor
2725 3516 2900 3552 meum
2924 3540 2938 3564 ,
2968 3504 3184 3558 attentis
3212 3505 3471 3573 ingruen-
3501 3491 3508 3499 ’

1917 3588 2061 3642 tibus
2085 3604 2114 3642 a
2137 3589 2242 3642 Deo
2273 3589 2545 3656 periculis,
2575 3601 2627 3644 et
2678 3593 2917 3645 exclama
2952 3608 2965 3643 :
2995 3593 3178 3657 Parce,
3227 3595 3470 3660 Domine,-

1916 3683 2114 3749 populo
2157 3690 2248 3733 tuo
2273 3721 2286 3743 ,
2323 3691 2376 3735 et
2407 3683 2610 3749 justum
2641 3682 2874 3736 furorem
2930 3695 3099 3748 tuum,
3129 3700 3162 3738 o
3209 3687 3473 3755 clemens,

1917 3773 2151 3824 remitte.

1976 3861 2242 3928 Populum
2274 3863 2652 3928 civitatemque
2693 3864 2956 3930 sanguine
2983 3874 3073 3917 tuo
3124 3865 3466 3934 acquisitam,

1916 3965 1984 4004 ne
2015 3952 2109 4005 des
2133 3988 2146 4014 ,
2180 3969 2212 4003 0
2242 3952 2391 4013 Jesu,
2414 3953 2465 4004 iu
2519 3953 2810 4018 interitum,
2843 3957 2967 4008 dum
3011 3959 3287 4010 tremendo
3319 3967 3463 4010 motu

1917 4049 2112 4093 terram
2145 4045 2478 4107 com-utis,te
2508 4048 2869 4111 apostolorum
2899 4057 3067 4101 rmtus
3095 4057 3364 4115 precatur.

1975 4218 2018 4270 A
2051 4220 2151 4274 viis
2177 4221 2281 4273 tuis
2316 4221 2474 4275 rectis
2498 4221 2758 4274 sententia
2799 4222 3014 4289 obliqua
3035 4222 3380 4287 declinantes,
3406 4223 3472 4275 ad

271 4325 448 4370 νοντες
499 4310 750 4378 στρεὸλῇ,
792 4299 872 4370 εἰς
909 4311 1275 4375 ἀγανάκτησιν
1320 4306 1589 4374 τρέπομέν
1638 4321 1698 4355 σε
1726 4306 1813 4356 τὸν

1926 4307 2056 4360 iram
2087 4315 2140 4361 te
2170 4308 2507 4369 clementem,
2539 4318 2591 4361 et
2643 4309 2903 4362 malorum
2944 4310 3312 4362 immemorem
3353 4325 3475 4377 pros

245 4397 535 4481 _aup.i:a6ﬁ
558 4416 614 4449 τε
646 4385 1147 4466 καίάμνησίκακον,
1174 4397 1284 4449 ἀλλ’
1310 4397 1483 4457 ἵλεως,
1513 4394 1814 4462 οἰκτίρμον,

195 4543 198 4546 ,
272 4487 428 4554 γενοῦ
452 4491 559 4549 τοῖς
589 4488 791 4548 δούλοις
822 4504 937 4539 σου.

905 4580 1229 4651 Θεοτόκιον.

339 4688 452 4739 Νῦν
480 4688 723 4756 βοηθείας
745 4690 875 4758 ηλθε
913 4691 1122 4757 καιρὸς,
1163 4689 1259 4741 νῦν
1291 4689 1633 4758 καταλλαγῆς
1663 4689 1820 4758 χρεία
1853 4727 1857 4731 κ

268 4778 409 4847 ἁγνὴ
442 4781 576 4847 πρὸς
621 4781 711 4832 τὸν
745 4779 871 4830 Υἱόν
909 4796 1002 4830 σου
1049 4781 1140 4834 καὶ
1180 4779 1402 4847 Κύριον,
1441 4779 1586 4840 ὅπως
1622 4781 1819 4829 οἰκτει-

274 4871 412 4937 ρήσῃ
446 4872 955 4938 προσκεκρνυκότας
986 4871 1151 4939 ἡμᾶς,
1204 4872 1297 4920 καὶ
1338 4870 1433 4937 τῆς
1466 4869 1819 4938 ἐπικειμένης

269 4960 436 5028 ὀργῆς
463 4960 830 5030 λυτρώσηται.

454 5071 588 5140 ’ῼδὴ
612 5078 686 5133 ς’.
724 5091 741 5121 ι
778 5073 885 5124 Τοῦ
921 5068 1202 5137 βίου’τὴν
1240 5073 1571 5126 θάλασσαν.
1620 5093 1638 5124 ι

336 5184 450 5235 Οὐκ
495 5186 724 5251 ἔχοντες,
766 5186 1027 5247 Δέσποτα,
1075 5188 1380 5255 παρρησίαν
1432 5188 1715 5251 δυσωπεῖν,
1768 5187 1818 5236 οἱ

267 5277 515 5328 ταπεινοὶ
545 5277 603 5326 τὸ
653 5276 781 5341 ὕψος
816 5294 929 5334 σου,
964 5278 1088 5337 τοὺς
1119 5280 1406 5338 ἐκλεκτοὺς
1438 5278 1696 5342 ἀγγέλους
1724 5295 1815 5328 σου

270 5368 348 5428 εἰς
403 5366 609 5434 θερμὴν
666 5365 919 5433 κινοῦμεν
975 5368 1332 5434 παράκλησιν·
1385 5367 1452 5418 δι’
1482 5369 1658 5419 αὐτῶν
1722 5368 1818 5434 τῆς

268 5457 435 5530 ὀργῆς
467 5475 556 5508 σου
589 5456 767 5520 ἐξελοῦ
797 5460 960 5525 ἡμᾶς.

343 5549 453 5603 Νῦν
484 5549 747 5617 ἔγνωμεν,
790 5552 980 5616 Κύριε,
1016 5551 1087 5611 ὡς
1123 5550 1356 5616 ἡλέησας
1388 5553 1551 5619 ἡμᾶς,
1599 5552 1690 5601 καὶ
1724 5551 1814 5600 οὺ-

628 5641 891 5697 Ριιτιιοι..
931 5645 1046 5719 (ia.
1091 5645 1211 5701 CV.-

1921 4411 2198 4458 vocamus,
2254 4397 2510 4462 Domine;
2577 4407 2632 4451 at
2682 4409 2734 4451 tu
2784 4399 3050 4468 propitius
3077 4411 3129 4454 et
3170 4399 3475 4455 misericors

1921 4496 2040 4540 esto
2082 4480 2253 4541 servis
2289 4490 2414 4540 tuis.
2474 4488 2477 4490 ’

2503 4583 2527 4634 Ι
2535 4601 2567 4635 n
2601 4583 2895 4651 Deiparam.

1984 4691 2146 4744 Adest
2198 4707 2341 4745 nunc
2389 4694 2737 4746 succurrendi
2775 4705 3005 4762 tempus,
3050 4709 3191 4749 nunc
3236 4696 3477 4749 reconci-

1921 4780 2145 4833 liatione
2178 4795 2297 4832 cum
2357 4781 2492 4834 Filio
2521 4792 2610 4833 tuo
2644 4793 2691 4835 et
2723 4782 2952 4837 Domino
2980 4794 3061 4838 est
3091 4801 3258 4852 opus;
3300 4794 3354 4834 ut
3380 4786 3479 4835 des

1921 4872 2283 4939 linquentium
2318 4873 2658 4933 misereatur,
2692 4884 2745 4928 et
2788 4875 2855 4927 ab
2885 4875 3193 4928 imminente
3241 4875 3475 4941 [tet'iculu

1921 4975 2021 5012 nos
2049 4970 2224 5012 eruat.

2220 5073 2494 5124 Canticum
2527 5084 2747 5126 sextum.
2790 5074 2957 5129 «Vita:
2978 5091 3137 5126 mare.
3174 5089 3190 5121 ι

1996 5185 2150 5237 Nulla
2200 5186 2537 5252 maiestatem
2585 5195 2730 5238 tuam
2771 5186 3024 5238 exoramli
3078 5182 3269 5236 ﬁducia
3329 5183 3469 5249 freti,

1921 5280 2122 5332 electos
2152 5288 2275 5331 tuos
2327 5279 2546 5345 angelos
2575 5278 2640 5332 ad
2672 5281 2935 5332 terrentes
2971 5292 3064 5344 pro
3108 5277 3261 5329 nobis
3292 5292 3476 5343 preces

1921 5368 2224 5421 offerendas
2253 5369 2550 5420 excitamus
2581 5386 2591 5418 :
2624 5384 2717 5435 per
2743 5369 2862 5420 illos
2906 5368 3082 5431 itaque
3111 5381 3138 5415 a
3164 5364 3343 5418 furore
3385 5377 3474 5416 tuo

1921 5475 2016 5511 nos
2051 5459 2216 5525 eripe.

1981 5549 2098 5602 Jam
2133 5559 2182 5602 te
2209 5550 2374 5604 nostri
2409 5550 2687 5604 miscrlum
2717 5549 3051 5619 agnovimus,
3087 5552 3177 5620 qui
3210 5550 3471 5617 nusquam

2968 5641 3041 5702 45
