3948 6304
489 330 632 396 1419·
669 397 672 400 .

1620 335 1677 394 S.
1708 327 2012 392 JOSEPIII
2047 326 2598 390 HYMNOGRAPIII

3570 327 3698 392 1420

480 450 584 503 suh
644 456 783 501 terra
838 449 954 501 diro
999 464 1126 502 casu
1184 466 1282 504 nos
1345 451 1396 504 iu
1440 451 1622 506 multis
1666 452 2030 518 delinquentes

2145 448 2330 516 δαμῶς
2359 453 2667 521 συνέχωσας
2699 451 2801 504 ὑπὸ
2828 452 2925 522 τὴν
2946 454 3051 522 γῆν
3083 452 3450 522 συμπτώματι
3478 451 3692 521 χαλεπῷ

477 540 707 592 obruisti
742 558 754 592 :
785 551 1062 609 propterea
1099 551 1167 605 te,
1195 541 1428 606 Christe,
1460 543 1767 596 adoramus.

546 717 909 771 Fundamenta
941 728 1095 772 terrae
1143 720 1352 772 concuti
1388 719 1630 787 prmcipis
1653 760 1666 781 ,
1717 728 1775 772 ut
1807 733 1906 771 nos
1937 718 2038 770 mi-

478 808 580 857 seri
611 806 815 859 meliori
848 810 1102 860 virtutum
1130 816 1270 860 statu
1301 810 1560 860 dimoveri
1593 809 1951 860 absistamus:
1984 816 2037 859 et

479 897 688 949 tandem
722 899 912 951 timore
951 909 1059 960 tuo,
1085 913 1116 951 ο
1152 897 1404 958 Verbum,
1441 894 1823 952 conﬁrmentur

1039 1077 1106 1129 In
1147 1078 1447 1145 Dciparam.

557 1151 768 1222 Sancta.
787 1169 875 1222 Dei
911 1169 1141 1237 Sponsa,
1173 1170 1318 1222 anxii
1350 1184 1494 1221 nunc
1530 1168 1708 1236 populi
1754 1167 2031 1227 miserere,

477 1270 523 1311 et
578 1270 775 1312 motam
863 1261 1146 1313 adversum
1198 1274 1293 1312 nos
1340 1259 1430 1312 Dei
1469 1258 1884 1327 indignationem
1931 1258 2034 1310 tuis

479 1352 736 1403 maternis
788 1349 1038 1418 precibus
1087 1349 1488 1418 quamprimum
1538 1349 1762 1400 immuta
1791 1385 1805 1409 ,
1841 1355 1888 1399 te
1920 1359 2035 1414 pre-

474 1458 681 1494 Ct'llllll".
1744 1495 1747 1497 _

590 1534 866 1589 Canticum
895 1536 1188 1602 septimum.
1227 1554 1244 1584 ι
1280 1533 1529 1586 Roridam
1556 1534 1842 1601 fornacem.
1873 1549 1890 1581 ι

552 1625 872 1678 Benedictus
899 1641 977 1685 es.
1016 1624 1339 1693 lougauimis
1381 1623 1624 1687 Domine,
1657 1623 1747 1690 qui
1789 1630 1936 1674 motu
1979 1620 2033 1673 et

468 1717 616 1769 hiatu
693 1727 844 1770 terrm
893 1732 994 1771 nos
1029 1717 1188 1769 morti
1242 1715 1465 1769 minime
1514 1706 1706 1767 dedisti
1746 1732 1758 1766 :
1793 1712 2030 1767 terruisti

471 1817 669 1859 tantum
704 1824 794 1862 eos
827 1809 914 1875 qui
949 1823 976 1859 a
1009 1808 1167 1862 malis
1197 1807 1514 1875 resipiscere
1542 1805 1778 1868 student,
1811 1814 1866 1858 ut
1915 1804 2022 1857 vita

466 1900 647 1951 cuncti
691 1898 960 1952 fruantur.

560 1988 800 2056 Suspiria
839 2005 870 2042 e
919 1988 1081 2041 corde
1120 1987 1479 2056 proferamus.
1511 1994 1563 2039 et
1611 1986 1875 2054 lacrymas
1904 2000 2027 2055 pro-

467 2076 780 2139 fundamus,
812 2088 867 2131 ut
914 2078 1186 2131 Christum
1219 2077 1500 2130 Dominum
1543 2085 1759 2144 propter
1785 2085 2027 2142 peccato-

469 2186 588 2222 rum
629 2179 933 2222 uostrorum
969 2169 1254 2222 colluviem
1281 2178 1507 2221 cunctos
1553 2168 1752 2221 misere
1796 2177 2026 2222 alterere

469 2262 832 2322 minitantem,
867 2261 1154 2328 propitium
1189 2259 1342 2312 nobis
1376 2258 1682 2311 reddamus.

545 2349 656 2402 llcu
687 2351 807 2403 me!
843 2349 1154 2412 rlamemus,
1207 2348 1271 2400 ad
1324 2346 1490 2400 Deum
1551 2346 1874 2400 altissimum
1913 2353 2028 2398 ten-

465 2437 657 2489 damus
710 2452 924 2502 manus,
963 2448 1013 2490 et
1046 2437 1111 2489 de
1157 2435 1364 2504 reliquo
1397 2448 1646 2502 perversa
1673 2448 1830 2503 agere
1880 2432 2026 2486 desi-

466 2536 692 2581 stamus.
730 2527 976 2581 Salvator
1008 2529 1204 2581 etenim
1249 2528 1452 2580 ﬁrmius
1485 2539 1582 2579 nos
1624 2525 1865 2580 stabilire
1895 2523 2026 2577 atl‘e-

467 2631 643 2679 ctans,
706 2624 904 2668 terram
957 2631 1168 2670 onmem
1230 2613 1670 2683 indignabundus
1700 2623 2024 2669 commovet.

1057 2707 1084 2757 Ι
1092 2721 1121 2756 ιι
1145 2705 1233 2757 Dei
1237 2719 1417 2770 param
1430 2743 1442 2754 .

530 2797 743 2855 Aunue,
798 2795 1024 2852 illihata,
1059 2803 1116 2846 ut
1151 2793 1255 2844 tuis
1305 2792 1553 2858 precibus
1597 2790 1889 2853 salvemur,
1931 2793 2025 2857 qul

466 2895 684 2953 propter
706 2886 923 2938 nimiam
957 2885 1281 2937 otii-risorqu
1318 2894 1624 2937 noswarum
1660 2881 1872 2948 cupiam
1900 2917 1916 2943 ,
1947 2881 2028 2933 ira

473 2980 587 3042 Dei,
634 2981 1016 3048 intentatisque
1042 2987 1094 3032 et
1127 2977 1406 3040 horrendis
1451 2975 1750 3047 grassantis
1805 2972 2028 3046 periculi

465 3073 646 3134 minis,
674 3072 892 3140 jamjam
924 3086 1110 3125 sumus
1135 3067 1512 3124 consumendi.

607 3179 884 3232 Canticum
926 3189 1184 3232 octavum.
1223 3198 1240 3229 ι
1353 3177 1568 3244 ﬂamma
1606 3175 1823 3229 sanctis.
1857 3191 1874 3225 ι

530 3270 808 3324 Justohoc
839 3279 929 3323 tuo
957 3269 1164 3339 ﬂagello
1208 3277 1518 3338 grassante,
1562 3275 1781 3336 repente
1823 3263 2022 3319 turbati

467 3377 676 3424 sumus,
695 3361 940 3429 benigne,
956 3369 1113 3429 teque
1131 3369 1420 3428 conspecto
1438 3358 1721 3413 adversum
1742 3372 1842 3412 nos
1860 3357 2022 3422 irato,

465 3452 772 3505 omnimoda
797 3451 1172 3520 desperatione
1200 3451 1523 3505 detinemur.

533 3640 720 3693 Manus
751 3639 1008 3692 ctoeulos
1035 3641 1099 3691 ad
1136 3640 1308 3691 solum
1346 3638 1630 3691 Dominum
1679 3635 1888 3690 salvere.
1919 3653 2019 3690 nos
2102 3671 2112 3683 κ

465 3733 753 3793 valentem,
820 3731 1146 3788 tendamus.
1209 3729 1410 3789 lideles,
1467 3738 1520 3781 et
1581 3727 1945 3781 cxclamemus
2002 3745 2016 3781 :

466 3825 659 3875 Arci-le
691 3822 798 3875 cito
828 3822 959 3874 iram
998 3829 1140 3874 tuam
1176 3835 1204 3873 a
1236 3820 1409 3885 nobis,
1429 3819 1674 3885 Christe,
1702 3818 1794 3888 qui
1824 3818 2017 3872 huma-

469 3929 571 3966 llllS
606 3927 684 3966 CS.
1011 3893 1016 3906 I

534 4002 867 4071 .Angelorum
914 4000 1101 4062 millia,
1151 4011 1441 4071 martyrum
1477 4008 1673 4062 castus,
1728 3999 2015 4066 propheta-

469 4110 616 4155 rum,
675 4093 1037 4161 apostolorum
1073 4132 1087 4156 ,
1151 4090 1538 4144 monachorum
1596 4097 1651 4142 et
1703 4089 2014 4157 pontiﬁcum

472 4193 693 4238 sanctus
739 4184 936 4237 chorus
964 4192 1013 4238 te
1042 4184 1379 4252 deprecatur,
1421 4198 1598 4250 parce,
1637 4181 1883 4243 Domine,
1916 4195 2014 4250 p0-

471 4278 595 4344 pulo
621 4285 708 4327 tuo
748 4274 964 4328 afﬂicto.

545 4364 867 4429 Misericors,
909 4365 1000 4432 qui
1052 4341 1415 4416 infirmitatem
1441 4403 1453 4426 ,
1487 4373 1798 4430 naturaeque
1824 4371 2022 4416 nostra:
2061 4390 2101 4442 υ

473 4456 760 4515 lubricum.
792 4467 845 4509 et
875 4456 1233 4523 pervicaciam
1284 4455 1477 4506 novisti
1510 4473 1522 4508 :
1563 4455 1694 4506 iram
1734 4465 1880 4506 tuam
1934 4470 2024 4505 re-

477 4547 651 4607 mitte,
684 4554 838 4597 terraz
868 4545 1155 4597 tumultum
1200 4545 1348 4605 scda,
1377 4553 1428 4596 et
1457 4553 1544 4596 tua
1576 4544 1883 4604 clementia,
1920 4543 2024 4594 mi-

476 4650 655 4687 serere
692 4636 885 4696 nostri,
911 4634 1160 4701 benigne.
1650 4627 1655 4634 ’

1055 4726 1116 4776 1η
1153 4724 1451 4791 Deiparam.

552 4819 645 4873 Pia
687 4819 946 4886 Deipara,
991 4815 1201 4871 facilem
1244 4816 1306 4867 ad
1351 4815 1599 4881 pietatem
1636 4829 1754 4880 qua
1794 4813 2026 4881 genuisti

479 4916 808 4969 Salvatorem
836 4908 982 4962 :ride
1006 4907 1184 4976 populi
1223 4906 1296 4959 tui
1327 4906 1664 4959 aﬂiictionem
1694 4913 1744 4958 et
1773 4906 2026 4972 suspiria,

479 5006 722 5058 accelera
760 5009 818 5054 ut
853 5014 948 5068 pro
981 4998 1135 5051 nobis
1174 4998 1603 5072 miscricordiam
1631 4995 1955 5063 depreceris.
2018 5059 2022 5061 _

481 5187 750 5240 Canticum
782 5202 991 5239 uanum.
1026 5205 1043 5236 ι
1084 5184 1245 5237 Deum
1287 5184 1576 5235 hominibus
1620 5184 1786 5236 ridere
1821 5183 2023 5250 nefas.»

552 5299 687 5352 Ecce
719 5299 1041 5366 deliquimus
1072 5311 1282 5357 omnes,
1322 5308 1375 5348 et
1404 5295 1603 5349 nullius
1636 5296 1837 5363 peccati
1872 5296 2030 5349 tellus

483 5393 642 5445 noxia
695 5390 962 5444 horrendo
997 5385 1158 5441 modo
1185 5385 1508 5451 corripitur;
1556 5388 1854 5438 moniturus
1887 5388 2028 5438 enim

483 5499 581 5537 nos
623 5482 854 5535 clemens
885 5478 1142 5531 Dominus
1179 5476 1320 5528 illam
1361 5485 1521 5528 totam
1559 5477 1722 5544 agitat
1752 5493 1762 5526 :
1798 5485 2027 5530 mentem

483 5588 611 5637 ergo
656 5583 1028 5634 rcsumamus,
1078 5576 1127 5620 ct
1173 5565 1359 5620 salutis
1407 5575 1603 5620 nostra:
1639 5580 1821 5617 curam
1875 5581 2028 5632 gera-

491 5675 634 5712 mus.
1943 5670 1945 5672 ’

2144 538 2312 590 πολλὰ
2346 539 2862 609 πλημμελήσαντας.
2891 543 3239 612 Εὑχαρίστως
3258 543 3338 594 διό
3361 560 3424 594 σε
3454 559 3689 611 προσκυ-

2143 632 2359 697 νοῦμεν,
2397 633 2617 699 Χριστέ.

2209 723 2571 796 βροστάττεις
2631 724 2951 779 σαλεύεσθαι
3020 726 3086 777 τὰ
3143 725 3368 792 θεμέλια
3434 724 3535 790 τῆς
3593 725 3687 789 τῆς

2139 813 2283 873 ὅπως
2300 814 2459 882 ἡμεῖς
2485 814 2840 882 παυσώμεθα.
2858 817 2906 866 ot
2933 817 3196 877 ταπεινοὶ,
3225 814 3548 866 σαλεύεσθαι
3573 815 3685 881 ἀρε-

2138 903 2244 954 τῶν
2274 905 2373 972 τῆς
2396 905 2699 972 κρείττονος
2726 907 2982 971 στάσεως,
3001 907 3184 976 καὶτῷ
3211 906 3357 974 φόϐῳ
3388 921 3505 966 σου,
3533 905 3684 970 Δότε,

2140 993 2538 1063 στηριξώμεθα.
3430 984 3435 988 Ἰ

2748 1088 3076 1140 Θεοτόκιον.

2217 1175 2372 1243 Ἀγία
2415 1177 2712 1244 Θεόνυμφε,
2751 1179 3121 1248 ἀπορούμενον
3153 1178 3269 1229 νυνὶ
3298 1177 3389 1229 τὸν
3437 1177 3528 1227 σὺν
3558 1175 3678 1226 λαὸν

2134 1264 2492 1332 οἰκτείρησον,
2548 1265 2642 1316 καὶ
2702 1268 2991 1333 μητρικαῖς
3040 1265 3358 1333 πρεσϐείαις
3415 1262 3514 1331 τὴν
3564 1260 3679 1312 καθ’

2134 1356 2288 1424 ἡμῶν
2325 1355 2458 1407 Θεοῦ
2501 1356 2868 1425 ἀγανάκτησιν
2912 1356 3275 1425 μεταποίησον
3303 1355 3511 1423 τάχος,
3557 1353 3679 1404 δυσ-

2134 1446 2386 1514 ωποῦμέν
2420 1463 2500 1499 σε.

2253 1511 2388 1606 ᾯδὴ
2417 1537 2476 1597 ζ’.
2514 1557 2533 1589 ι
2567 1540 2938 1606 Δροσοϐόλον
2961 1537 3074 1604 μὲν
3104 1536 3219 1602 τὴν
3252 1520 3522 1602 κάμινοᾶσ.
3557 1551 3573 1584 ι
3670 1511 3679 1525 ’

2213 1629 2618 1699 Ὑπερύμνητος
2647 1625 2714 1692 εί,
2749 1628 2918 1699 Κύριε
2952 1626 3292 1698 μακρόθυμε,
3322 1626 3404 1678 ὅτι
3431 1626 3531 1677 οὐκ
3555 1626 3679 1676 £62-

2137 1721 2379 1782 νάτωσας
2402 1721 2527 1783 τοὺς
2565 1721 2778 1781 οἰκέτας
2803 1737 2896 1771 σου
2931 1716 3237 1787 σπαραγμῷ
3270 1717 3366 1781 καὶ,
3391 1714 3560 1780 κλόνῳ
3589 1729 3680 1776 φο·

2135 1813 2278 1884 ϐερῷ
2305 1813 2403 1882 τῆς
2433 1812 2538 1880 γῆς
2559 1828 2572 1842 ο
2619 1812 2732 1864 ἀλλ’
2762 1809 3032 1879 ἐφόϐησας
3073 1807 3250 1877 ζητῶν
3285 1805 3380 1858 τοῦ
3424 1803 3676 1872 ὲπιστρέυ

2128 1904 2225 1973 ψαι
2252 1903 2360 1956 τῶν
2393 1903 2597 1966 κακῶν,
2623 1904 2717 1954 καὶ
2747 1903 2908 1969 ζῆσαι
2949 1900 3155 1961 πάντας
3185 1899 3355 1968 ἡμᾶς.

2197 1995 2507 2064 Στεναγμὸν
2529 1994 2636 2048 ἀπὸ
2656 1993 2880 2063 καρδίας
2904 1990 3332 2059 ἀναπέμψωμεν,
3351 1989 3444 2039 καὶ
3468 1986 3671 2053 δάκρυα

2128 2087 2464 2161 προχέωμεν,
2495 2085 2640 2147 ὅπως
2680 2084 2838 2137 ἵλεων
2865 2083 2956 2134 τὸν
2984 2083 3256 2150 Δέσποτην
3299 2079 3510 2148 ἔχωμεν
3547 2077 3676 2144 Χρι-

2130 2180 2275 2241 στὸν,
2325 2176 2580 2247 ὲκτρίψαι
2636 2174 2846 2244 σεισμῷ
2880 2175 3086 2234 πάντας
3137 2171 3282 2241 ἡμᾶς
3338 2168 3427 2220 διὰ
3471 2165 3677 2234 πληθὺν

2129 2268 2411 2339 ἁμαρτιῶν
2443 2266 2837 2319 ὲπαπειλοῦντα
2873 2265 3079 2326 δεινῶς.

2199 2358 2389 2427 υῖμοιι
2421 2356 2729 2427 κράζωμεν,
2761 2353 2858 2406 καὶ
2895 2354 3080 2424 χεῖρας
3124 2350 3511 2416 ἐκπετάσωμεν
3543 2344 3674 2412 πρὸς

2128 2448 2218 2521 τὸν
2251 2447 2386 2500 Θεὸν
2428 2450 2518 2499 τὸν
2552 2446 2794 2515 ὕψιστον,
2840 2446 2932 2498 καὶ
2978 2440 3314 2520 παυσώμεθα
3363 2437 3453 2490 τοῦ
3487 2433 3673 2487 λοιποῦ

2129 2541 2303 2592 ποιεῖν
2331 2539 2398 2592 τὰ
2424 2539 2658 2606 πονηρά.
2693 2537 2800 2589 Καὶ
2831 2535 2937 2604 γὰρ
2963 2535 2991 2586 ὁ
3019 2533 3207 2600 Σωτὴρ
3235 2527 3553 2596 ἀγανακτῶν
3580 2541 3674 2576 σα-

2128 2633 2272 2687 λεύει
2301 2633 2516 2686 ἃπασαν
2547 2630 2644 2698 τὴν
2681 2629 2804 2695 γῆν,
2836 2625 3082 2695 στηρίξαι
3111 2623 3278 2676 θέλων
3303 2620 3468 2690 ἡμᾶς.

2745 2719 3073 2772 Θεοτόκιον.

2200 2807 2428 2875 Νεῦσον,
2483 2811 2737 2882 ἄχραντε,
2778 2799 3012 2874 σωθῆναι
3048 2805 3167 2866 ταῖς
3213 2801 3527 2874 πρεσϐείαις
3555 2814 3674 2862 σου,

2119 2899 2488 2971 ἀφανισθῆναι
2521 2897 2807 2966 μέλλοντας
2845 2895 2902 2947 ὲν
2926 2894 3060 2964 ὀργῇ
3089 2889 3245 2954 Θεοῦ,
3279 2890 3371 2943 καὶ
3396 2887 3551 2956 θυμῷ
3575 2903 3675 2955 με-

2133 2995 2283 3066 γάλῳ
2313 2993 2407 3048 καὶ
2453 2989 2666 3060 φρικτῷ
2694 2989 2788 3057 τῆς
2825 2985 2920 3038 νῦν
2951 2983 3282 3052 ἐπελθούσης
3311 2979 3555 3048 ἀπειλῆς,
3587 2977 3678 3030 διὰ

2050 3090 2092 3146 C
2125 3089 2186 3141 τὸ
2216 3086 2416 3154 πλῆθος
2447 3081 2556 3136 τῶν
2589 3078 2796 3132 πολλῶν
2831 3073 3239 3145 ἁμαρτημάτων
3265 3072 3442 3142 ἡμῶν.

2337 3196 2474 3266 ᾬδὴ
2503 3199 2578 3260 η’.
2617 3212 2635 3243 t
2677 3193 2776 3244 Ἐκ
2805 3186 3026 3258 φλογὸς
3047 3184 3171 3250 τοῖς
3195 3184 3404 3247 ὁσίοις.
3444 3199 3464 3232 ι

2201 3291 2313 3360 Τῆς
2333 3288 2545 3348 δικαίας
2570 3302 2664 3337 σου
2689 3282 2892 3350 ταύτης
2913 3278 3099 3350 ὀργῆς,
3126 3275 3491 3345 φιλάνθρωπε,
3519 3271 3680 3323 ἐπελ-

2130 3384 2325 3449 θούσης
2353 3378 2586 3448 ἀθρόως,
2646 3369 3143 3440 συνεταράχθημεν,
3199 3367 3293 3418 καῖ⁵
3346 3361 3681 3431 ἀπελτασμῷ

2131 3473 2383 3527 παντελεῖ
2410 3465 2828 3536 συνεσχέθημεν,
2853 3457 3396 3528 προσαγανακτοῦντα
3442 3455 3677 3525 ὁρῶντες

2128 3563 2251 3618 καθ’
2287 3560 2440 3630 ἡμῶν
2472 3575 2550 3609 σε.

2214 3649 2600 3716 ,Ανατείνωμεν
2635 3647 2840 3715 χεῖρας,
2901 3642 3100 3705 πιστοὶ,
3157 3638 3250 3691 καλ⁵
3277 3638 3496 3707 ϐμματα
3539 3635 3677 3716 πρὸς

2129 3743 2219 3795 τὸν
2258 3741 2416 3809 μόνον
2458 3714 2732 3801 Δεσπότην
2756 3732 3068 3798 δυνάμενον,
3100 3728 3420 3796 κράζοντες³
3448 3714 3672 3795 Χριστὶ,

2129 3834 2220 3886 τὸν
2245 3829 2413 3899 θυμόν
2439 3845 2529 3880 σου
2565 3823 2887 3893 ὲπῐστρεψον
2914 3821 3004 3888 ἀφ’
3034 3821 3187 3890 ἡμῶν
3220 3819 3444 3888 ταχέως,
3487 3816 3678 3884 φιλᾶν-

2130 3924 2344 3994 θρωπος
2373 3919 2652 3986 ὑπάρχων.
3519 3970 3521 3973 ,

2200 4011 2451 4071 Χιλιάδες
2500 4005 2768 4074 ἀγγέλων,
2807 4003 3097 4074 μαρτύρων
3143 4002 3418 4068 σύλλογος,
3463 4016 3678 4070 προφη-

2129 4106 2256 4170 τῶν,
2288 4098 2618 4159 ἀποστόλων,
2650 4096 2812 4149 ὁσίων
2850 4093 3117 4164 ίεραρχῶν
3146 4094 3298 4159 ἅγιος
3337 4090 3516 4160 χορὸς,
3558 4089 3674 4140 ut-

2128 4197 2274 4250 τεύει
2307 4210 2387 4258 σε,
2416 4191 2681 4253 Δέσποτα,
2719 4187 2899 4254 φεῖσαι
2930 4185 3022 4238 τοῦ
3058 4184 3189 4237 λαοῦ
3231 4200 3348 4249 σου,
3378 4181 3471 4234 τοῦ
3505 4195 3672 4232 τετα-

2130 4285 2487 4354 πεινωμένου.

2212 4377 2269 4428 '0
2316 4373 2618 4440 γινώσκων,
2669 4369 2966 4436 οῖκτίρμον,
3003 4364 3062 4416 τὸ
3107 4362 3330 4425 ἀσθενὲς
3380 4360 3674 4430 ἡμῶν,καὶ

2129 4464 2401 4519 εὐόλισθον
2443 4463 2620 4530 πάντη
2663 4460 2758 4511 καὶ
2808 4455 3147 4526 ἀδιόρθωτον,
3181 4454 3305 4514 ἄνες
3354 4451 3451 4521 τὴν
3482 4449 3673 4519 ὀργὴν,

2128 4557 2222 4613 καὶ
2245 4554 2333 4606 τὸν
2360 4554 2594 4621 τάραχον
2627 4549 2882 4610 κόπασον,
2913 4547 3007 4598 καὶ
3033 4544 3109 4612 τῷ
3135 4541 3213 4612 σῷ
3242 4542 3380 4594 ἐλέει
3406 4539 3675 4609 οῖκτείρη-

2131 4663 2243 4712 σον,
2280 4644 2454 4714 clx-etp
2463 4658 2581 4710 μον.

2738 4729 3064 4783 Θεοτόκιον.

2200 4825 2496 4895 Συμπαθὴς
2523 4823 2773 4881 Θεοτόκε,
2806 4819 2894 4870 τὸν
2935 4816 3350 4884 ερσυμπάθητον
3378 4813 3412 4882 ἡ
3444 4827 3678 4870 τεκουσα

2131 4920 2379 4986 Σωτῆρα,
2439 4917 2512 4968 ἴδε
2542 4917 2636 4982 τὴν
2681 4912 2942 4972 κάκωσιν,
2975 4907 3071 4959 καὶ
3120 4907 3210 4958 τδν
3257 4902 3553 4970 στεναγμὸν
3579 4901 3678 4953 τοῦ

2130 5009 2259 5061 λαοῦ
2292 5025 2407 5070 σου,
2435 5007 2530 5058 καὶ
2554 5005 2779 5071 τάχυνον
2801 4999 2891 5051 τοῦ
2918 4996 3289 5066 παρακαλέσαι
3313 4996 3454 5064 ἡμᾶς
3483 4996 3683 5044 οἰκτει-

2134 5100 2383 5173 ρηθῆιιαι.

2215 5189 2350 5258 ’ῼδὴ
2382 5186 2447 5242 θ’.
2494 5205 2512 5236 ι
2552 5188 2698 5239 Θεὸν
2725 5183 3052 5248 ἀνθρώποις
3078 5180 3221 5232 ἰδεῖν
3242 5178 3554 5232 ἀδύνατον.
3584 5195 3600 5224 ι

2216 5301 2342 5352 Ἰδοῦ
2381 5298 2428 5349 οἱ
2472 5297 2669 5356 πάντες
2712 5296 2866 5365 ἡμεῖς
2896 5291 3250 5358 ἐπταίσαμεν,
3296 5289 3387 5341 καὶ
3432 5287 3682 5354 φοϐερῶς

2132 5395 2163 5458 ἡ
2215 5391 2286 5455 γῆ
2338 5387 2501 5456 μηδὲν
2558 5386 2819 5452 σφαλεῖσα
2874 5380 3191 5442 κολάζεται’
3250 5377 3510 5431 νουθετῶν
3566 5376 3678 5442 γὰρ

2135 5483 2278 5550 ἡμᾶς
2304 5480 2329 5529 ὁ
2357 5476 2752 5545 φιλάνθρωπος,
2784 5473 2907 5541 ὃλην
2943 5471 3107 5540 αὐτὴν
3136 5470 3369 5522 σαλεύει.
3408 5468 3678 5532 Λάϐωμεν

2135 5569 2403 5636 αἴσθησιν,
2440 5567 2532 5617 καὶ
2576 5565 2672 5634 τῆς
2705 5562 2973 5631 σωτηρίας
3022 5557 3226 5614 ἑαυτῶν
3267 5556 3679 5627 ἐπιμελώμεθα.
