3948 6304
243 247 376 310 ῙᾹΞΙ

1097 248 1471 310 LAUDATIO
1505 250 1565 308 S.
1603 246 2158 305 BARTIIOLOMEI
2201 245 2581 306 .-\POSTOLI.

3308 235 3440 296 “‘22

326 366 497 431 Ὡρῶν
543 365 635 418 καὶ
684 365 888 433 χρόνων
946 366 1202 435 ὑπάρχων
1244 367 1462 434 Κύριος,
1511 366 1608 434 μιᾷ
1655 366 1789 433 ῥοπῇ

1959 361 2224 414 Horarum
2274 369 2327 414 et
2379 371 2682 428 temporum
2717 372 2835 412 cum
2872 358 2948 410 sis
2993 353 3274 413 Dominus,
3312 346 3442 406 uno

237 456 509 524 ἠθέλησας
542 454 791 525 ἑκτρίψαι
839 456 963 518 τοὺς
1016 456 1230 518 δούλους
1279 472 1408 507 σου·
1439 456 1542 506 ὑπὸ
1587 455 1644 506 δὲ
1687 455 1785 518 τῆς

242 545 443 614 πολλῆς
471 545 866 614 εὐσπλαγχνίας
886 563 1000 606 σου.
1023 546 1285 610 Δέσποτα,
1306 546 1599 614 ὲκωλύθης·
1623 545 1782 613 εὐχα-

248 634 540 702 ριστοῦμεν
577 650 679 696 σοι,
726 635 773 687 οί
804 635 1190 713 ἁναίπολόγητοι
1220 638 1402 704 ἡμεῖς,
1441 636 1567 706 μύνε
1602 635 1785 704 φιλάν-

247 717 426 784 ὓρωπε
435 755 453 771 .

316 808 568 870 Σεισιωῦ,
618 812 907 880 μαχαίρας,
953 813 1155 880 πικρᾶς
1193 812 1464 878 ἁλώσεως,
1512 815 1607 866 καὶ
1645 813 1786 875 ἐθνι-

243 900 370 965 ιῆς,
384 899 606 967 Χριοτὶ,
628 901 943 970 ἐπιδρομῆς,
965 903 1057 955 καὶ
1081 921 1142 954 συ
1150 904 1466 971 μπτώσεως,
1492 907 1586 960 καὶ
1604 907 1784 976 λιμοῦ,

243 991 349 1038 καὶ.
372 988 686 1052 κακώσεως,
728 990 990 1052 Δέσποτα,
1031 993 1207 1062 πάσης
1261 995 1448 1063 ἄλλης,
1482 996 1782 1065 οἰκτίρμον,

245 1075 408 1144 ῥῦσαι
437 1079 533 1130 καὶ
561 1079 716 1131 πόλιν
746 1096 860 1144 σου,
900 1082 1114 1136 ἅπασάν
1145 1101 1204 1136 τε
1241 1085 1422 1154 χώραν
1457 1084 1555 1156 τὴν
1585 1087 1787 1149 πιστῶς

243 1168 646 1236 ὐμνολογοῦσάν
678 1187 758 1224 σε.
1481 1169 1507 1180 ’

330 1258 394 1308 Ἡ
419 1259 492 1327 γῆ
544 1261 837 1326 ἀγλώσσως
871 1264 968 1333 βοᾷ
1010 1265 1354 1329 στενόζουσα·
1390 1265 1454 1318 Τί
1506 1283 1572 1335 με
1601 1256 1790 1330 κακοῖς

244 1349 492 1413 partivere
534 1351 772 1414 πολλοῖς,
796 1353 1000 1415 ’πάντες
1029 1354 1320 1423 ἀνθρώπω,
1343 1356 1435 1407 καὶ
1462 1357 1493 1425 ἡ
1503 1356 1615 1424 μῶν
1644 1357 1670 1408 ὁ
1692 1359 1789 1407 Δε-

243 1438 452 1506 σπότης
503 1441 847 1510 φειδόμενος,
898 1446 1062 1514 μόνην
1113 1446 1212 1515 ἐμὲ
1261 1446 1543 1515 pararim;
1597 1447 1789 1501 λάϐετε

240 1530 517 1599 αἴσθησιν,
543 1532 635 1585 καὶ
662 1535 720 1586 ἐν
751 1537 1008 1604 μετανοίᾳ
1036 1537 1127 1589 τὸν
1154 1537 1286 1590 Θεὸν
1311 1537 1684 1602 ἑξιλεώσασθε.

861 1667 1187 1720 Θεοτόκιον.

313 1774 520 1845 Φϐορᾶν
545 1775 620 1846 τῷ
664 1776 866 1853 τίκτειν
910 1778 985 1846 μὴ
1038 1777 1374 1847 ὑπομείνασα
1418 1780 1785 1848 καῖαφθορᾶς,

244 1865 511 1933 Παρθένε,
547 1867 726 1930 ἐξελοῦ
755 1869 900 1937 ἡμᾶς
934 1868 1198 1933 ἅπαντας,
1229 1871 1321 1921 καὶ
1363 1869 1584 1938 σεισμοῦ
1617 1870 1786 1941 βαρυ-

241 1955 408 2007 τάτου
435 1959 527 2008 καὶ
542 1956 790 2026 θλίψεως,
819 1958 1063 2010 παύουσα
1085 1958 1176 2011 τοῦ
1196 1958 1464 2011 Δεσπότου
1489 1959 1587 2029 τὴν
1617 1961 1789 2027 ἀγαν-

240 2046 496 2114 άκτησιν,
529 2048 624 2101 σοῦ
677 2051 797 2113 ταῖς
832 2051 1121 2119 μητρυιαῖς
1164 2051 1548 2119 καταλλαγαῐς,
1590 2051 1792 2121 850x0-

244 2152 276 2201 ρ
285 2135 436 2189 ίτωτε
446 2176 459 2191 .

263 2294 510 2312 m

1815 1701 1865 1760 B

1888 452 2144 522 temporis
2171 462 2442 506 momento
2463 466 2645 520 servos
2671 461 2790 503 tuos
2818 448 3041 517 perdere
3058 445 3441 500 constitueras.

1890 545 1994 599 nisi
2037 560 2066 597 a
2097 544 2262 597 multa
2286 552 2386 597 tua
2416 542 2698 612 clementia
2719 539 3021 610 prohibitus
3051 537 3244 590 fuisses
3277 553 3288 588 :
3321 550 3444 602 gra-

1892 645 1970 687 tes
2011 634 2129 688 ideo
2158 633 2444 689 referimus
2473 633 2702 702 benigne
2728 653 2742 695 ,
2771 631 2920 684 omni
2965 630 3119 682 enim“
3144 625 3443 696 patrocinio

1891 725 2127 780 destituti
2160 740 2398 780 eramus.

1967 818 2009 867 Α
2045 824 2372 877 terraemotu,
2423 813 2624 884 gladio,
2682 811 2817 865 dura
2845 809 3176 878 captivitate,
3206 805 3442 876 gentium

1894 904 2114 958 incursu
2142 942 2156 964 ,
2188 918 2315 958 casn
2344 903 2606 967 adverso,
2643 901 2783 954 fame
2804 939 2818 962 ,
2849 907 2904 952 et
2947 898 3139 966 quavis
3167 896 3268 950 alia
3302 895 3446 947 cala-

1894 995 2095 1054 mitate,
2118 993 2330 1048 Christe
2348 992 2658 1047 misericors
2697 979 2942 1055 Domine,
2990 989 3259 1051 civitatem
3297 995 3444 1040 tuam

1895 1085 2277 1153 regionemque
2332 1099 2588 1148 omnem,
2652 1094 2702 1136 te
2757 1082 2983 1136 ﬁdeliter
3040 1079 3398 1134 celebrantem
3435 1115 3449 1138 ,

1892 1177 2055 1242 eripe.
2877 1193 2886 1200 κ
2959 1235 2972 1247 ,

1961 1266 2104 1319 Muto
2154 1281 2405 1324 sermone
2446 1265 2728 1335 suspirans
2763 1264 2923 1318 tellus
2968 1262 3271 1317 exclamat:
3304 1258 3444 1324 Quid

1892 1372 1978 1410 me
2028 1367 2106 1409 tot
2153 1357 2307 1411 malis
2342 1357 2606 1426 pelluitis,
2641 1348 2915 1416 homines.
2971 1354 3176 1422 quibus
3214 1351 3260 1405 si
3305 1350 3445 1403 Deus

1893 1456 2097 1515 parcat.
2125 1448 2292 1501 solam
2328 1464 2411 1501 me
2440 1448 2700 1515 corripit?
2733 1446 2993 1500 resumite
3019 1453 3276 1508 mentem,
3305 1451 3355 1494 ct
3391 1441 3442 1495 in
3467 1440 3470 1447 ’

1877 1538 2206 1610 ¹ινίιὶιιίιυηιίιλ
2235 1539 2443 1606 placate
2469 1539 2656 1593 Deum.

2487 1662 2552 1718 In
2589 1665 2895 1735 Deiparam.

1955 1779 2086 1853 Qua:
2133 1782 2530 1848 corruptionem
2591 1783 2644 1836 in
2693 1781 2949 1850 pariendo
2982 1792 3086 1832 non
3142 1775 3458 1845 pertulisti,-

1885 1883 2133 1935 Cttnetos,
2159 1885 2199 1925 ὀ
2233 1869 2399 1938 Virgo
2424 1911 2438 1934 ,
2471 1872 2538 1926 ab
2589 1872 2828 1934 interitu,
2866 1879 3193 1930 terrmmotu,
3232 1877 3284 1922 et
3314 1868 3434 1920 allii-

1885 1962 2086 2025 ctione,
2121 1961 2331 2016 Domini
2363 1964 2724 2032 indignatione
2755 1970 2998 2016 materno
3028 1972 3118 2015 tuo
3141 1961 3443 2014 interventu

1888 2055 2093 2114 sedata,
2120 2051 2310 2121 libera,
2334 2067 2372 2108 ο
2390 2051 2498 2107 Deo
2530 2052 2858 2122 gratissima.
3317 2058 3323 2067 '

2241 2284 3406 2310 ...ι’-Ἧι·-

903 2414 1408 2565 JOSEPHI
1488 2450 2007 2559 HUMILIS
2066 2450 2229 2552 ET
2289 2445 2723 2550 MlNlMl

1675 2640 1805 2695 LAU
1817 2641 2018 2697 DATIO

512 2793 640 2880 IN?
719 2793 1252 2883 SKNCTUM
1323 2794 2030 2887 APOSTOLUM
2114 2791 3185 2884 BARTHOLOMIEUM.

1356 2971 1520 3033 (Apud
1540 2971 1734 3023 Surium
1755 2973 1814 3022 ad
1834 2973 1964 3021 diem
1985 2973 2044 3021 24
2072 2972 2278 3034 Augusti
2305 2972 2325 3033 )

320 3211 358 3264 Ι.
381 3209 839 3278 linjusconcionis
857 3218 1063 3272 aLctor,
1081 3218 1131 3262 et
1147 3209 1249 3264 dici
1267 3199 1386 3264 festi
1401 3210 1786 3279 iucunditatem
1815 3222 1857 3278 C
1891 3213 2236 3268 felicitatem!
2266 3211 2310 3266 Ο
2359 3212 2573 3281 qualem
2602 3211 2688 3264 hic
2730 3209 2934 3261 invenit
2977 3207 3316 3274 magistrum,
3351 3204 3441 3271 qui

247 3302 582 3373 spi'ritualem
608 3300 762 3355 nobis
794 3300 1069 3355 aﬂ'erentis
1106 3300 1369 3365 hilaritas,
1389 3311 1471 3355 est
1489 3301 1546 3358 Β,
1573 3318 1791 3372 aposto-

250 3398 337 3450 lus
367 3394 806 3454 Bartholomaaus,
847 3392 959 3462 qui,
986 3408 1107 3446 eum
1138 3393 1351 3447 divinus
1384 3395 1457 3448 sit
1493 3397 1790 3463 apostolus,

187 3523 199 3536 -.
247 3496 304 3539 et
371 3485 590 3538 luminis
634 3483 1208 3553 splendorepurisque
1247 3485 1305 3538 S.
1339 3484 1573 3555 Spiritus
1619 3487 1794 3556 fulgo-

252 3575 402 3628 ribus
434 3583 640 3626 tantum
677 3572 992 3636 illustretur,
1032 3583 1285 3640 quantum
1323 3576 1499 3630 verbis
1535 3577 1791 3644 explicari

251 3681 358 3718 non
385 3673 555 3732 potest
578 3681 592 3717 :
616 3664 771 3717 nobis
796 3665 956 3717 etiam
985 3664 1162 3716 lumen
1189 3667 1441 3735 suggerit,
1466 3669 1556 3735 qui
1582 3682 1790 3721 sacram

248 3765 303 3810 et
326 3756 613 3825 gloriosam
633 3755 750 3821 eius
772 3756 1085 3808 memoriam
1107 3756 1462 3811 celebramus.
1494 3759 1603 3826 Age
1630 3759 1793 3828 igitur

249 3847 450 3899 divinis
488 3846 708 3899 vocibus
761 3846 910 3898 illum
947 3846 1314 3900 collaudantes
1351 3863 1513 3915 quam
1557 3851 1791 3902 maxime

250 3949 560 4002 possumus,
601 3932 779 3985 divina
820 3932 986 4001 ipsius
1023 3935 1330 3986 narratione
1357 3935 1706 4000 delectemur,
1738 3945 1791 3989 et

249 4012 650 4073 laudationibus
681 4019 1007 4072 honoremns
1036 4020 1206 4073 virum
1238 4023 1427 4088 quovis
1460 4024 1663 4076 honore
1697 4040 1787 4077 su-

164 4149 180 4162 .»
248 4111 534 4177 periorem.
571 4107 875 4163 Laudemus
916 4111 1214 4177 apostolum
1259 4126 1287 4163 a
1321 4113 1427 4165 Deo
1465 4113 1581 4180 ipso
1609 4113 1791 4165 lauda-

249 4208 388 4252 tum.
424 4198 643 4254 Beatum
669 4201 1024 4268 przedieemus
1053 4217 1193 4264 eum,
1222 4203 1311 4270 qui
1344 4217 1556 4270 semper
1594 4205 1787 4257 beatus

246 4298 350 4343 est.
387 4289 514 4359 Eju‘s
552 4290 775 4358 gloriam
824 4289 1155 4344 celebremus
1182 4307 1340 4359 quem
1388 4293 1580 4346 extulit
1607 4292 1800 4346 divina

182 4378 184 4380 ⁷
248 4381 440 4449 gloria.
493 4380 778 4434 Videamus
825 4384 1072 4449 quisnam
1115 4393 1239 4436 ante
1291 4383 1472 4447 fuerit,
1518 4393 1569 4437 et
1616 4384 1788 4451 qualis

246 4480 432 4539 postea
469 4474 725 4533 evaserit,
772 4462 1221 4540 quemadmodum
1275 4475 1367 4540 qui
1415 4474 1562 4542 prius
1622 4474 1785 4527 idiota

1898 3307 2148 3360 maximis
2209 3304 2480 3374 mysteriis
2529 3317 2653 3355 eum
2724 3300 2979 3360 initiavit,
3044 3307 3097 3351 et
3151 3297 3444 3364 sapientem

1885 3399 2094 3452 ell‘ecit!
2126 3395 2169 3450 Ο
2199 3395 2408 3448 beatam
2440 3394 2590 3460 illam
2634 3395 2891 3449 animam,
2952 3390 3167 3456 dignam
3213 3386 3446 3439 habitant

1895 3505 2012 3559 quae
2044 3504 2163 3543 eum
2193 3487 2299 3540 Deo
2330 3495 2658 3548 versaretur,
2694 3499 2816 3537 cum
2849 3482 2954 3533 Deo
2993 3489 3046 3533 et
3078 3481 3448 3548 omnipotente

1897 3580 2121 3633 Domino
2163 3578 2339 3632 cibum
2375 3584 2628 3637 sumeret,
2660 3583 2712 3624 et
2745 3586 2897 3624 sacra
2933 3569 3204 3633 doctrina,
3245 3566 3446 3620 oratio-

1895 3684 2014 3723 nem
2046 3678 2098 3721 et
2131 3666 2429 3720 facultatem
2461 3678 2674 3716 omnem
2704 3670 3016 3728 superante,
3052 3657 3443 3732 instrueretur!

1963 3759 2047 3812 ill.
2083 3758 2271 3810 Postea
2309 3769 2435 3808 vero
2469 3769 2626 3820 quam
2661 3752 2977 3819 magistrum
3005 3764 3164 3800 suum
3206 3747 3258 3798 in
3283 3755 3445 3800 cruce

1895 3851 2162 3910 sullixnm,
2215 3847 2568 3913 eutndemque
2613 3843 2901 3918 sepultum,
2944 3852 2995 3895 et
3039 3849 3160 3908 post
3199 3852 3445 3892 resurre-

1892 3925 2123 3994 ctionem
2147 3939 2210 3991 ad
2241 3939 2408 3991 cretes
2442 3936 2820 3990 ascendentem
2854 3933 3006 3993 vidit,
3032 3942 3084 3984 et
3115 3928 3442 3983 sanctissimi

1872 4030 2126 4097 .Spll‘lllls
2170 4029 2331 4092 dono,
2371 4042 2523 4096 aeque
2574 4042 2636 4078 ac
2686 4025 2878 4090 reliqui
2927 4022 3180 4090 apostoli,
3211 4023 3444 4073 donatus

1891 4133 1990 4185 est,
2031 4131 2284 4189 tanquam
2320 4132 2614 4187 generosus
2642 4114 2839 4184 aliquis
2876 4116 3052 4173 miles,
3095 4105 3444 4166 validissimis

1891 4211 2055 4264 armis
2096 4210 2330 4277 undique
2386 4207 2649 4268 munitus,
2706 4207 2966 4258 adversus
3010 4203 3206 4257 hostile
3243 4203 3439 4256 bellum

1891 4302 2155 4372 prosiluit,
2191 4311 2244 4353 et
2292 4302 2440 4368 ipsos
2467 4299 2686 4368 quidem
2728 4297 2912 4350 hostes
2953 4297 3286 4348 validissime
3321 4310 3441 4362 per-

1898 4394 2084 4457 cussit,
2115 4393 2198 4445 liis
2218 4406 2362 4456 vero,
2398 4391 2489 4460 qui
2523 4391 2588 4442 ad
2635 4390 2796 4441 vitam
2837 4377 3005 4453 ipsam
3045 4387 3227 4439 venire
3258 4385 3442 4439 stude-

1889 4485 2036 4549 bant,
2091 4483 2318 4536 salutem
2356 4481 2682 4534 conciliavit.
2715 4477 2968 4530 Tetendit
3021 4475 3284 4528 orationis
3329 4491 3440 4528 suae

243 4568 384 4622 erat.
412 4569 466 4614 θῑ
489 4550 770 4628 νειιιῖεωηι
808 4563 971 4613 Vim“
1007 4563 1217 4628 θεθὺιιι,
1247 4563 1392 4615 omni
1426 4579 1489 4615 εκ
1515 4573 1663 4630 Parte
1695 4578 1784 4615 ειν
1819 4549 1861 4600 υ
1897 4577 2052 4634 retia,
2077 4583 2130 4626 et
2154 4581 2337 4642 gentes
2369 4573 2511 4639 ipsas
2531 4571 2798 4639 profundo
2818 4580 3047 4637 ereptas,
3073 4569 3191 4620 illas
3220 4568 3439 4634 quidem

244 4653 400 4720 piens
427 4645 667 4715 ell‘eclus,
694 4662 748 4704 et
781 4656 1018 4706 omnium
1044 4654 1306 4706 bonorum
1331 4652 1532 4708 divitiis
1562 4664 1787 4708 ornatus

243 4742 405 4795 fuerit
434 4760 449 4795 :
474 4741 923 4809 quemadmodum
952 4759 980 4795 e
1005 4743 1254 4797 terrestri
1267 4745 1503 4799 ccelestis
1533 4747 1787 4809 evaserit,

241 4850 274 4887 e
304 4833 528 4887 minimo
562 4834 849 4897 maximus,
901 4843 954 4886 et
983 4849 1046 4887 ex
1088 4836 1318 4903 piscium
1363 4836 1630 4904 piscatore
1689 4838 1787 4890 ho-

244 4923 450 4977 minum
488 4924 722 4992 piscator
753 4923 930 4978 factus
967 4925 1059 4979 sit.

316 5012 380 5066 ll.
425 5014 610 5082 itaque
640 5029 761 5068 cum
805 5015 947 5070 Deus
981 5017 1095 5084 ipse
1143 5016 1306 5070 homo
1341 5015 1532 5081 factus,
1569 5027 1788 5086 propter

243 5105 624 5158 misericordiae
656 5121 768 5160 suae
795 5107 998 5160 viscera
1034 5117 1275 5162 nostrum
1300 5125 1496 5178 corpus
1525 5119 1782 5182 gestaret,

240 5207 297 5248 et
325 5194 713 5264 discipulorum
744 5197 1007 5250 delectum
1043 5200 1284 5264 haberet,
1307 5201 1374 5263 is,
1415 5201 1659 5270 inquam,
1691 5203 1782 5270 qui

239 5290 504 5355 praenovit
533 5287 715 5340 omnia
779 5289 1090 5358 priusquam
1119 5301 1462 5358 generentur,
1497 5291 1788 5346 celeberri-

244 5391 390 5428 mum
441 5378 743 5444 apostolum
780 5380 1227 5433 Bartholomaaum
1258 5367 1490 5449 delegit,
1525 5384 1784 5437 amicum-

239 5479 347 5533 que
397 5466 499 5519 sibi
548 5481 732 5521 verum
784 5479 835 5522 et
890 5471 1096 5523 ﬁdelem
1154 5472 1445 5539 cooptavit.
1492 5471 1535 5526 Ο
1591 5474 1786 5526 divina:

242 5558 542 5613 vocationis
587 5561 947 5628 praestantiam
965 5560 1054 5615 ιο
1090 5579 1337 5632 magnam
1372 5574 1424 5616 et
1454 5565 1782 5634 singularem

1894 4666 2150 4728 captivas,
2180 4664 2272 4717 sed
2315 4663 2378 4714 ad
2409 4663 2570 4714 vitam
2606 4653 2782 4716 tamen
2813 4661 3023 4718 ductas,
3061 4662 3440 4718 consorvavit;

1893 4759 2084 4809 evortit
2122 4758 2388 4809 idolorum
2423 4753 2639 4819 templa,
2693 4762 2746 4805 et
2807 4751 2895 4802 Dei
2936 4750 3193 4804 ecclesias
3238 4750 3440 4810 erexit;

1895 4846 2128 4898 humana
2183 4842 2343 4897 corda
2391 4844 2442 4894 in
2495 4842 2827 4893 sterilitatem
2882 4855 3143 4892 conversa
3206 4837 3439 4889 caelestis

1893 4933 2150 4986 doctrinae
2183 4942 2358 4983 aratro
2396 4930 2671 4983 renovavit
2705 4943 2914 4994 :eaque
2943 4926 3018 4979 i'ta
3063 4925 3321 4985 excoluit,
3358 4932 3434 4980 ut,

1895 5031 2149 5091 tauquam
2197 5021 2401 5075 feraces
2450 5020 2648 5086 campi,
2704 5019 2934 5071 fructum
2988 5018 3125 5068 ferre
3174 5023 3437 5082 possent:

1894 5113 2137 5165 accendit
2158 5109 2539 5180 miraculorum
2564 5106 2758 5170 facem,
2787 5105 3138 5158 etall'ectuum
3170 5103 3434 5153 lmmano-

1894 5219 2009 5258 rum
2046 5201 2325 5270 caliginem
2373 5199 2716 5267 profugavit:
2760 5200 2810 5251 in
2871 5208 3222 5265 quascunque
3257 5203 3434 5259 partes

1888 5293 2218 5360 permeabat,
2243 5290 2553 5344 velutstella
2580 5286 3057 5357 queedamjustitim
3095 5282 3262 5334 solem
3292 5297 3431 5349 prae-

1888 5385 2095 5443 dicans.
2154 5367 2528 5450 illustremque
2585 5381 2843 5449 fulgorem
2892 5376 3166 5434 amittens,
3206 5373 3432 5426 fallacia:

1888 5478 2136 5530 tenebras
2171 5475 2483 5530 destruebat
2515 5494 2527 5527 :
2560 5485 2612 5529 et
2659 5476 2902 5528 oratione
2951 5467 3168 5536 quidem
3230 5469 3428 5520 dmino-

1887 5581 1982 5620 nes
2015 5567 2158 5635 ipsos
2194 5565 2432 5635 lugahat,
2469 5566 2719 5634 precibus
2751 5571 2927 5616 autem
2962 5557 3182 5612 morbos
3213 5559 3427 5611 insana-
