3948 6304
403 241 619 332 '-1423
672 230 684 237 ’

1574 285 1633 341 S.
1676 281 1983 342 JOSEPHI
2028 281 2581 343 llYMNOGIlAPHI

3559 288 3696 356 lii-4
3759 304 3762 306 ‘

472 387 609 442 biles
627 388 878 450 curabat,
899 389 1142 458 leprosos
1167 393 1398 447 mundos
1420 393 1645 458 iaciens,
1674 398 1836 451 caecis
1862 397 2036 450 visum
2071 404 2112 455 Α
2143 407 2245 453 est.
2273 395 2656 450 ctdivinorum
2712 399 3074 466 apostolorum
3131 401 3335 455 chorus
3383 400 3690 456 exsultavit.

475 479 785 539 restituens,
801 481 1024 534 claudos
1049 484 1113 535 ad
1135 485 1463 538 currendum
1484 489 1764 555 expeditos
1780 490 2033 549 reddens,

472 573 635 622 corda
667 569 898 638 denique
929 582 982 624 et
1013 574 1227 626 animos
1260 573 1646 629 imbecilliores
1679 579 2035 631 conﬁrmans.

542 657 630 711 ιν.
660 657 790 712 Erat
820 675 924 712 una
959 677 1083 713 cum
1137 661 1534 717 Bartholomzeo
1568 669 1622 718 e't
1673 664 1732 720 B.
1770 667 1861 719 ille
1907 681 2036 731 apo-

475 735 985 818 stolus'Philippus,
1035 764 1270 818 quocum
1308 753 1478 806 multo
1513 763 1758 823 tempore
1789 755 2034 807 divinum

480 843 836 913 Evangelium
870 843 1200 912 praedicavit.
1235 845 1298 898 Hi
1327 848 1448 900 e‘um
1478 847 1528 900 in
1559 848 1748 902 urbem
1779 845 2040 914 Hierapo-

478 934 570 987 lim
603 935 898 997 venissent,
948 936 1039 997 cui
1084 936 1235 1006 prius
1269 951 1465 991 nomen
1520 949 1639 991 erat
1688 937 2038 1007 Ophioryme,

477 1026 676 1093 multas
699 1041 971 1081 aerumnas
1009 1035 1062 1080 et
1108 1028 1388 1089 cruciatus
1426 1044 1530 1082 non
1581 1031 1882 1084 mediocres
1915 1045 2038 1083 sus-

479 1115 777 1178 tinuerunt,
809 1130 930 1169 cum
982 1115 1101 1184 ejus
1137 1116 1372 1179 civitatis
1414 1117 1663 1182 homines
1697 1117 1916 1171 violenti
1953 1131 2040 1170 es-

479 1218 601 1261 sent
625 1217 678 1261 et
703 1207 857 1260 valde
876 1207 1160 1261 inhumani
1195 1225 1208 1260 :
1237 1207 1439 1276 quippe
1468 1210 1561 1278 qui
1589 1209 1829 1278 viperam
1864 1209 2040 1262 colere

477 1310 890 1363 consueverant,
929 1315 1195 1365 venenum
1231 1303 1550 1371 pestiferum
1585 1309 1638 1358 et
1672 1299 1892 1362 lethale,
1924 1306 2041 1351 tan-

479 1407 640 1468 quam
669 1388 906 1445 fructum
942 1391 1174 1460 aliquem
1207 1390 1592 1460 percipientes.
1631 1390 1712 1443 llli
1749 1405 1869 1444 eum
1904 1389 2040 1451 divi-

483 1499 582 1535 nos
621 1482 898 1550 apostolos
931 1480 1213 1546 vidissent,
1245 1479 1495 1542 dicebant
1524 1494 1724 1533 novum
1753 1479 2038 1547 quemdam

482 1572 647 1625 Deum
672 1571 866 1627 abillis
890 1573 1151 1634 nuntiari,
1173 1581 1226 1625 et
1248 1587 1276 1623 a
1299 1581 1482 1633 vetere
1501 1571 1645 1627 cultu
1676 1571 1825 1639 ipsos
1846 1571 2037 1633 averti,

481 1672 641 1731 atque
673 1677 702 1715 a
736 1662 975 1730 paternis
999 1659 1382 1714 traditionibus
1407 1659 1725 1721 abalienari.
1755 1659 2030 1733 Quamob-

483 1770 592 1807 rem
619 1768 741 1807 cum
763 1769 956 1809 manus
988 1753 1043 1806 in
1071 1751 1516 1820 eosinjecissent,
1551 1750 1883 1809 admiranda:
1919 1766 2042 1804 san-

483 1846 682 1899 ctitatis
714 1845 890 1897 virum
917 1845 1220 1913 apostolum
1239 1842 1562 1912 Philippum
1587 1859 1751 1898 cruce
1781 1842 2042 1896 condem-

481 1944 747 2002 ttaverunt
763 1953 776 2000 ;
794 1935 1011 1989 divinus
1023 1947 1201 1990 autem
1224 1934 1673 2000 Bartholomaaus,
1693 1933 1861 1986 instar
1876 1932 2044 1985 alicu-

477 2030 568 2094 jus
587 2028 737 2080 bovis
757 2027 1012 2089 aratoris,
1027 2041 1057 2079 a
1083 2041 1185 2081 suo
1211 2040 1461 2092 compare
1482 2034 1762 2093 separatus
1794 2023 2048 2093 ingemis-

481 2121 641 2173 eebat
667 2134 728 2172 ac
752 2119 1149 2172 lamentabatur
1166 2117 1405 2186 quidem,
1429 2117 1518 2172 sed
1544 2131 1652 2170 non
1672 2115 1952 2170 desinebat
1969 2123 2048 2166 ta-

485 2225 604 2260 men
643 2222 861 2262 suavem
907 2208 1056 2259 illum
1092 2205 1302 2260 sulcum
1339 2206 1558 2269 ducere,
1603 2205 1695 2273 qui
1739 2204 2044 2258 animarum

483 2298 726 2367 agricola:
746 2297 852 2351 Deo
870 2297 1058 2351 uberes
1076 2297 1285 2350 fructus
1301 2295 1564 2360 allaturus
1585 2305 1760 2351 esset:
1781 2293 2047 2373 quinimo,

483 2392 554 2440 ita
583 2396 640 2440 ut
654 2395 1027 2449 consueverat,
1047 2386 1151 2440 huc
1169 2397 1333 2455 atque
1351 2386 1486 2440 illuc
1504 2386 1688 2440 obibat
1706 2385 1826 2439 ﬁdei
1842 2397 2047 2438 sermo-

484 2497 604 2548 nem
622 2481 1003 2543 disseminans,
1021 2494 1239 2550 pravam
1257 2479 1519 2536 zizaniam
1539 2477 1792 2540 evellens,
1817 2487 1871 2531 et
1891 2476 2046 2544 quid-

483 2572 608 2640 quid
637 2573 872 2624 salutare
913 2570 980 2625 iis
1023 2574 1188 2631 esset,
1221 2569 1313 2638 qui
1349 2585 1473 2622 eum
1502 2568 1894 2635 suscipiebant,
1921 2566 2047 2620 dili-

484 2674 670 2733 genter
705 2663 1011 2718 declarans.
1043 2659 1087 2715 Ο
1120 2662 1306 2716 beatos
1333 2662 1457 2714 illos
1487 2661 1668 2728 pedes,
1706 2658 2044 2728 Evangelicis

485 2736 758 2826 gressibus
782 2756 1061 2824 speciosus
1091 2754 1285 2817 iactos,
1318 2764 1371 2805 et
1396 2752 1460 2805 ad
1489 2752 1815 2804 inlinilarum
1842 2752 2047 2802 anima-

486 2864 604 2901 rum
628 2847 968 2915 adeptionem
990 2856 1133 2899 recta
1155 2847 1238 2896 via
1267 2844 1704 2914 progredientes!
1739 2844 1781 2895 0
1808 2843 2045 2911 linguam

487 2938 632 2990 illam
671 2936 934 3010 divinam,
969 2951 1034 2990 ex
1070 2951 1175 3005 qua
1205 2935 1461 2988 salutaris
1494 2943 1653 3002 potus
1693 2934 1919 2999 elIluxit,

487 3033 553 3096 ab
579 3030 869 3098 impietatis
889 3039 1021 3084 aestu
1055 3031 1258 3083 multos
1289 3029 1573 3082 liberavit!
1610 3027 1652 3082 Ο
1681 3042 1894 3088 manus,
1926 3042 2047 3095 quae

488 3123 756 3176 violentos
793 3123 977 3180 hostes
1010 3131 1414 3191 expugnarunt.
1459 3128 1520 3196 et
1571 3120 1780 3173 animas
1831 3119 1975 3186 ipsas
2018 3133 2047 3172 e

486 3214 686 3267 diaboli
729 3214 980 3267 manibus
1012 3213 1357 3280 eripuerunt!
1385 3210 1430 3266 Ο
1459 3212 1672 3266 divinos
1703 3220 1757 3264 et
1804 3211 2047 3265 illustres

486 3305 695 3366 oculos,
744 3319 840 3373 per
889 3317 1027 3370 quos
1077 3294 1371 3368 multorum
1421 3303 1562 3357 oculi
1611 3300 1864 3371 patefacti
1899 3311 2046 3365 sunt,

487 3396 576 3466 qui
605 3407 757 3449 erant
785 3394 1020 3463 perﬁdia:
1052 3395 1288 3448 tenebris
1311 3393 1585 3456 obscurati
1611 3396 1623 3446 !

562 3479 622 3541 V.
651 3489 784 3541 Cum
820 3488 984 3553 igitur
1010 3488 1258 3555 regiones
1284 3486 1407 3539 illas
1434 3487 1505 3538 ita
1533 3494 1867 3554 peragraret,
1904 3484 2050 3540 venit

487 3580 550 3635 ad
577 3579 765 3633 urbem
795 3566 1120 3648 quamdam,
1152 3580 1308 3645 cujus
1337 3577 1483 3631 cives
1505 3592 1629 3630 cum
1658 3576 1925 3629 idolorum
1955 3591 2048 3630 su-

487 3671 808 3740 perstitione
855 3669 1162 3733 liberasset,
1204 3669 1272 3720 ab
1301 3667 1420 3735 ejus
1456 3667 1562 3721 loci
1601 3667 1831 3735 prmside
1860 3670 2042 3720 crucis

487 3761 750 3831 supplicio
777 3769 830 3813 et
857 3760 971 3832 ipse
1003 3759 1394 3812 condemnatus
1441 3766 1544 3811 est.
1581 3757 1659 3810 Ad
1698 3773 1861 3824 quam
1915 3757 2045 3809 dum

490 3856 677 3912 beatus
707 3851 795 3904 ille
818 3833 1118 3912 accederet,
1155 3857 1300 3901 totus
1323 3849 1521 3917 gaudio
1545 3846 1802 3916 perfusus
1831 3865 1842 3899 :
1866 3841 2045 3909 Salve,

488 3943 683 4011 inquit,
735 3957 888 4006 crux,
932 3956 1023 4008 per
1066 3955 1228 4008 quam
1269 3941 1566 4002 humanum
1620 3953 1792 4007 genus
1852 3938 2049 4005 gaudio

487 4033 738 4100 allectum
770 4041 869 4085 est.
917 4029 1096 4098 Salve,
1129 4030 1248 4098 ejus
1274 4029 1453 4083 crucis
1481 4028 1732 4091 imitatio,
1769 4043 1862 4096 per
1884 4043 2045 4096 quam

490 4124 717 4182 mortem
750 4122 1021 4187 dissolvit,
1055 4133 1110 4175 et
1160 4122 1419 4175 mortales
1464 4119 1609 4187 ipsos
1638 4119 2048 4172 immortalitate

487 4215 729 4268 donavit.
753 4213 932 4277 Salve,
957 4228 1113 4276 crux,
1152 4214 1205 4264 in
1235 4226 1398 4279 quam
1426 4225 1551 4262 cum
1583 4210 1829 4263 Christus
1858 4225 2048 4263 ascen-

487 4309 584 4371 dit,
619 4316 861 4359 terrenos
898 4305 1144 4364 homines
1178 4302 1428 4365 etelestes
1461 4298 1856 4365 elfecit.Salvc,
1890 4315 2045 4365 crux,

2129 506 2133 510 -
2214 483 2299 535 Vl.
2332 486 2466 538 Cum
2488 502 2613 539 vero
2642 489 2868 540 multum
2892 489 3149 556 temporis
3177 491 3546 558 preteriisset,
3577 494 3698 560 ejus

2142 576 2380 642 regionis
2417 579 2653 646 tyranni,
2707 579 2828 632 vitze
2879 581 3198 646 pravitatem
3252 595 3595 647 exercentes,
3644 598 3698 639 et

2144 661 2434 713 nmltorum
2498 665 2722 718 deorum
2777 667 3037 722 ebrietate
3093 669 3514 736 debacchantes,
3575 687 3697 726 enm

2144 751 2386 805 viderent
2412 754 2619 809 loculos
2649 756 2791 819 illos,
2824 759 2874 810 in
2903 759 3102 826 quibus
3131 761 3272 814 beati
3299 762 3534 830 apostoli
3564 762 3696 816 Bar-

2146 842 2414 895 tholomzci
2468 845 2708 915 reliquiae
2735 848 2966 904 condita:
3009 860 3185 916 erant,
3238 851 3517 919 splendida
3549 869 3698 919 quae-

2144 931 2266 985 dam
2321 943 2375 987 et
2405 936 2639 991 illustria
2682 938 2945 994 miracula
2974 941 3152 1001 edere,
3200 952 3254 996 et
3297 958 3391 997 eos
3430 960 3456 995 a
3499 945 3700 998 morbis

2145 1023 2375 1078 liberare
2434 1029 2525 1094 qui
2583 1044 2651 1082 eo
2695 1032 3043 1097 accedebant,
3076 1048 3302 1102 pravum
3331 1037 3617 1089 consilium
3650 1035 3704 1090 e't

2146 1128 2246 1183 suo
2296 1120 2573 1184 proposito
2602 1120 2821 1189 dignum
2872 1123 3130 1177 inierunt.
3174 1124 3384 1191 Venite,
3423 1127 3698 1195 inquiunt,

2146 1206 2197 1258 in
2235 1208 2559 1274 profundum
2592 1227 2737 1267 mare
2766 1228 2964 1282 corpus
2992 1217 3089 1269 hoc
3127 1218 3526 1287 demergamus.
3570 1217 3702 1279 Sed,

2144 1298 2409 1364 omiseri,
2446 1301 2638 1369 ejusne
2685 1319 2883 1374 corpus
2929 1307 2982 1360 in
3035 1324 3184 1363 mare
3228 1309 3575 1380 demergctis,
3609 1311 3701 1379 qui

2146 1389 2471 1456 profundum
2505 1392 2653 1446 illum
2685 1394 2974 1450 draconem
3012 1398 3064 1450 in
3098 1399 3263 1452 altum
3293 1401 3578 1467 demersit,
3605 1407 3703 1474 qui

2147 1480 2400 1536 salutaris
2430 1498 2584 1552 aqute
2615 1483 2816 1540 fontem
2847 1489 3073 1556 aperuit,
3098 1501 3158 1542 et
3195 1491 3410 1546 abunde
3461 1495 3702 1549 cmlestia

2144 1570 2395 1639 dogmata
2429 1574 2740 1630 hominibus
2789 1577 3102 1646 impertivit.
3171 1579 3378 1647 Venite,
3421 1585 3698 1650 inquiunt,

2146 1662 2281 1715 mari
2311 1663 2624 1719 obruantus.
2653 1664 2859 1721 Eumnc
2883 1683 2978 1722 vos
3007 1669 3269 1736 obruetis,
3293 1674 3383 1742 qui
3415 1676 3701 1731 veritatem

2076 1749 2117 1804 Β
2147 1764 2300 1808 antea
2349 1758 2596 1811 obrutam
2660 1759 2882 1821 detexit,
2911 1760 2972 1814 ’et
3011 1762 3342 1821 inﬁdelitatis
3375 1769 3702 1824 sal‘sedinem

2147 1847 2551 1899 exterminavit.
2613 1846 2818 1912 Venite,
2853 1849 3125 1919 inquiunt,
3153 1863 3206 1907 et
3238 1859 3585 1912 temerarium
3618 1860 3704 1914 fu-

2146 1948 2323 1987 rorem
2349 1935 2704 2004 ellundentes,
2739 1940 2791 1993 in
2840 1942 3140 1999 maritimas
3171 1948 3345 2001 undas
3371 1950 3473 2003 hoc
3502 1967 3701 2020 corpus

2146 2025 2520 2091 projiciamns,
2553 2043 2620 2081 ne
2641 2044 2706 2082 ex
2751 2044 2838 2092 eo,
2873 2040 3128 2101 tanquam
3157 2052 3187 2089 e
3227 2041 3482 2093 rationali
3519 2044 3702 2112 aliquo

2147 2114 2388 2178 flumine,
2416 2119 2562 2173 salus
2595 2120 2662 2174 ad
2686 2137 2783 2176 eos
2813 2119 3030 2190 detluat,
3071 2128 3162 2197 qui
3187 2132 3503 2186 morborum
3529 2149 3699 2204 angu-

2147 2207 2266 2265 stiis
2295 2208 2742 2275 comprimuntur.

2218 2297 2331 2350 Vll.
2354 2298 2476 2353 Haec
2515 2316 2638 2358 cum
2663 2303 2946 2372 dixissent,
2963 2309 3112 2375 quod
3137 2313 3434 2380 cogitaram
3458 2318 3696 2385 aggressi

2149 2397 2296 2456 sunt,
2322 2401 2375 2443 et
2405 2407 2509 2445 una
2549 2409 2672 2447 cum
2704 2407 2935 2463 quatuor
2965 2399 3192 2454 aliorum
3232 2415 3529 2476 martyrum
3553 2407 3699 2462 locu—

2150 2480 2236 2542 lis,
2266 2481 2404 2535 beati
2435 2481 2814 2540 Bartholomaei
2841 2489 3163 2558 reliquiasin
3196 2510 3344 2559 mare
3368 2497 3697 2564 dejecerunt.

2148 2567 2410 2640 Martyres
2443 2585 2620 2627 autem
2653 2576 2727 2629 illi
2763 2579 3007 2646 gloriosi,
3053 2586 3360 2651 apostolum
3407 2588 3697 2644 Bartholo-

2151 2677 2343 2714 meeum
2375 2666 2525 2718 valde
2553 2666 2834 2736 inclytum,
2864 2671 2968 2725 duo
2995 2689 3025 2725 a
3057 2674 3302 2739 dextera,
3334 2691 3387 2731 et
3421 2679 3530 2735 duo
3558 2698 3587 2733 a
3619 2683 3698 2735 si—

2151 2756 2317 2805 nistra
2348 2765 2515 2820 parte,
2555 2760 2792 2811 medium
2819 2761 3096 2826 habentes,
3117 2766 3360 2821 Pontum
3381 2769 3552 2838 ipsum
3581 2775 3701 2828 sine

2149 2840 2500 2898 ﬂuctuatione
2562 2848 2741 2916 aliqua
2810 2854 3266 2910 transmittebant.
3323 2859 3568 2929 Cumque
3630 2865 3700 2916 ad

2151 2933 2485 3003 Bosphorum
2533 2937 2820 2994 Thracium
2879 2943 2932 2996 in
2984 2943 3363 3014 Propontidem
3403 2952 3698 3020 venissent,

2154 3029 2484 3100 llelleSponti
2538 3037 2814 3104 angustias
2851 3041 3185 3094 transierunt
3215 3060 3228 3094 :
3273 3042 3484 3112 deinde,
3519 3055 3699 3101 trans-

2335 3093 2348 3100 _
2610 3093 2638 3104 ν
3173 3093 3177 3094 ν
3216 3093 3225 3094 ,
3279 3093 3484 3112 ,-_-----,
3520 3093 3668 3101 --_-.-

2073 3093 2117 3157 (νΖ
2155 3116 2322 3170 misso
2354 3118 2540 3186 {Eng
2584 3131 2637 3175 et
2682 3124 2833 3176 Ionio
2861 3127 3015 3192 mari,
3047 3129 3113 3180 ad
3145 3129 3386 3184 Siciliam
3427 3136 3700 3201 applicue-

2153 3218 2320 3262 runt:
2366 3220 2416 3263 et
2453 3212 2751 3280 Syracusas
2806 3216 2870 3268 ad
2925 3218 3201 3280 sinistram
3249 3221 3700 3291 derelinquentes,

2150 3311 2310 3367 atque
2335 3302 2665 3357 occidentem
2698 3320 2886 3360 versus
2929 3309 3232 3374 tendentes,
3258 3313 3323 3363 ad
3357 3312 3580 3368 insolam
3606 3315 3699 3368 Li-

2151 3390 2324 3457 paritn
2357 3402 2737 3458 pervenerunt.
2788 3391 2972 3466 Itaque
3019 3395 3404 3453 celeberrimus
3447 3399 3536 3453 ille
3571 3416 3700 3467 apo-

2156 3481 2330 3533 stolus
2372 3480 2437 3533 ad
2468 3496 2585 3536 eam
2618 3482 2849 3538 insulam
2878 3485 3137 3540 deductus
3182 3495 3285 3541 est.
3311 3486 3481 3551 Divini
3518 3501 3695 3544 autem

2153 3568 2227 3621 illi
2254 3577 2516 3638 martyres
2539 3585 2660 3623 cum
2688 3572 2741 3623 id
2768 3573 3202 3640 complevisseut,
3236 3576 3381 3644 quod
3434 3577 3572 3633 Deus
3606 3596 3698 3633 vo-

2152 3661 2346 3725 luerat,
2375 3677 2537 3731 quam
2579 3663 2860 3717 celerrime
2902 3665 3175 3719 redierunt
3204 3667 3256 3718 in
3299 3681 3415 3720 eam
3451 3669 3610 3732 viam,
3645 3672 3697 3724 in

2151 3764 2315 3817 quam
2367 3766 2806 3821 unumquemque
2853 3753 3034 3807 divina
3088 3756 3424 3822 providentia
3475 3760 3694 3814 direxit.

2153 3839 2344 3902 Statim
2380 3852 2557 3894 autem
2591 3843 2657 3906 is,
2685 3844 2776 3912 qui
2809 3845 3102 3898 Ecclesiam
3133 3845 3346 3915 Liparis
3377 3850 3570 3904 lusulze
3601 3869 3699 3922 gu-

2151 3929 2430 3993 bernabat,
2461 3947 2554 3999 per
2584 3932 2820 3986 divinam
2849 3936 3230 3990 revelationem
3263 3938 3471 4005 didicit,
3496 3941 3696 4009 ChriSti

2152 4021 2450 4087 apostolum
2484 4023 2546 4075 ad
2579 4025 2745 4079 maris
2767 4025 2916 4090 littus
2942 4028 3231 4095 appulisse.

2175 4132 2178 4136 -
2225 4110 2352 4164 Vlll.
2392 4113 2514 4165 Erat
2539 4115 2657 4182 ejus
2690 4114 2941 4171 Ecclesiae
2990 4119 3321 4187 gubernator
3352 4122 3559 4189 Agatho
3590 4125 3697 4187 ille,

2151 4203 2307 4270 cujus
2333 4204 2502 4271 gloria
2535 4206 2690 4274 longe
2736 4207 2948 4276 lateque
2975 4211 3117 4278 apud
3167 4227 3356 4266 omnes
3389 4215 3699 4270 celebraba-

2155 4304 2260 4346 tur.
2284 4295 2419 4348 Cum
2454 4297 2543 4350 ille
2573 4298 2736 4365 igitur
2767 4286 3124 4368 properasset,
3152 4312 3204 4355 et
3234 4303 3439 4360 loculos
3465 4307 3531 4360 ad
3565 4322 3697 4364 con-

486 4412 607 4470 qua).
633 4395 762 4447 mihi
814 4395 940 4447 hinc
969 4394 1217 4461 migranti
1271 4391 1579 4446 vehiculum
1610 4389 1795 4445 etfecta
1825 4405 1903 4455 es,
1937 4407 2045 4459 quo
2079 4412 2121 4465 ι)
2154 4387 2409 4439 liuentem
2435 4388 2690 4456 appulsos
2713 4391 2954 4456 vidisset,
2977 4400 3198 4460 stupore
3227 4401 3281 4455 ct
3303 4395 3499 4468 gaudio
3531 4398 3697 4465 reple—

487 4490 551 4554 ad
585 4489 752 4542 caelos
798 4488 1018 4554 perduci
1053 4485 1256 4552 possim
1289 4501 1301 4535 :
1337 4500 1458 4551 qua:
1504 4483 1739 4552 denique
1772 4484 1875 4536 mei
1909 4498 2044 4550 prae-

487 4580 719 4646 ceptoris
743 4580 1067 4631 imitatorem
1115 4592 1201 4628 me
1235 4575 1430 4628 fecisti.
1462 4576 1539 4628 Ad
1574 4584 1624 4628 te
1652 4576 1905 4638 ascendo,
1943 4577 2047 4628 'ne-

486 4687 592 4740 que
616 4661 820 4722 moram
847 4670 1018 4732 duco;
1045 4668 1157 4735 jam
1190 4666 1333 4729 enim
1365 4676 1575 4734 tempus
1601 4680 1779 4721 meum
1810 4667 2047 4732 complc-

487 4774 599 4825 tum
633 4772 736 4814 est.
791 4759 1000 4811 Bonum
1059 4770 1334 4819 certamen
1369 4758 1593 4819 certavi,
1644 4770 1864 4809 cursum
1918 4770 2048 4808 con-

485 4852 772 4918 summavi,
806 4852 963 4904 tidem
995 4849 1205 4902 servavi
1237 4865 1250 4900 :
1283 4862 1420 4916 opus
1445 4841 1588 4916 quod
1634 4846 1765 4899 mihi
1797 4844 2046 4900 Christus

485 4941 741 5007 magister
769 4952 922 4992 meus
952 4937 1192 5002 tradidit,
1231 4936 1454 5004 perfeci.
1487 4935 1610 4990 llaec
1639 4949 1762 4989 cum
1792 4934 2041 4999 dixisset,

467 5043 536 5084 -et
560 5028 728 5081 Deum
763 5035 1014 5095 precatus
1043 5035 1205 5090 esset,
1246 5026 1452 5094 rogavit
1495 5025 1779 5078 carnilices
1807 5025 1949 5087 illos,
1989 5034 2046 5076 ut

485 5134 643 5173 verso
669 5119 721 5172 in
754 5127 952 5170 terram
984 5117 1182 5185 capite,
1231 5118 1284 5170 in
1311 5131 1473 5170 cruce
1513 5113 1855 5185 Sulligeretur
1904 5135 1916 5167 :
1947 5131 2045 5168 nec

487 5219 691 5272 rectus,
741 5209 1193 5277 quemadmodum
1248 5209 1368 5274 ejus
1405 5209 1683 5276 magister,
1739 5209 1791 5259 in
1825 5224 2042 5260 crucem

489 5313 772 5371 ageretur;
804 5303 875 5356 ita
899 5311 951 5356 et
983 5303 1034 5356 in
1068 5302 1200 5369 ipsis
1229 5300 1566 5354 Cruciatibus
1606 5315 1759 5353 suam
1794 5301 1844 5352 in
1877 5301 2044 5367 magi-

489 5404 661 5448 strum
679 5393 1029 5455 reverentiam
1057 5391 1432 5445 conservabat.
1450 5390 1589 5453 Quin
1615 5391 1776 5446 etiam
1803 5391 1855 5442 in
1883 5405 2044 5444 cruce

490 5481 732 5546 sufﬁxus,
782 5499 903 5536 cum
937 5483 1200 5534 fratribus
1250 5480 1394 5546 loqui
1450 5496 1553 5533 non
1607 5481 1828 5545 destitit,
1865 5482 2043 5548 quoad

491 5575 888 5641 sanctissimam
944 5572 1089 5624 illam
1135 5570 1367 5622 animam
1424 5571 1530 5624 Deo
1587 5572 1830 5624 tradidit.
1874 5574 2042 5641 Cujus

489 5669 770 5722 ascensum
809 5664 982 5730 angeli
1012 5664 1271 5732 applausu
1301 5673 1646 5746 exceperunt,
1667 5658 1757 5716 aer
1780 5676 2039 5733 purgatus

2150 4489 2256 4540 tus,
2291 4493 2503 4532 summa
2537 4496 2667 4534 voce
2700 4499 2712 4534 :
2752 4482 2914 4544 Bene,
2947 4484 3140 4558 inquit,
3173 4485 3313 4551 quod
3350 4486 3454 4540 huc
3483 4489 3696 4554 venisti,

2150 4575 2207 4617 ut
2236 4573 2422 4632 portus
2446 4567 2720 4632 salutaris,
2742 4569 2811 4635 ad,
2847 4585 2941 4624 eos
2963 4572 3055 4639 qui
3086 4572 3256 4640 pelagi
3283 4573 3535 4628 ﬂuctibus
3559 4581 3697 4645 peri-

2149 4657 2351 4710 culosis
2375 4659 2668 4726 agitamur.
2699 4659 2838 4713 Bene
2870 4662 3013 4729 quod
3054 4662 3268 4726 venisti,
3304 4663 3546 4717 divinum
3576 4666 3698 4733 Spi-

2152 4747 2284 4799 ritus
2316 4746 2578 4802 Paracleti
2605 4749 2822 4815 flumen,
2843 4767 2908 4804 ex
2937 4766 3043 4818 quo
3070 4753 3312 4808 veritatis
3336 4770 3491 4824 aqua:
3520 4769 3698 4811 scatu-

2150 4839 2311 4903 riunt,
2341 4849 2393 4893 et
2417 4841 2586 4908 pietas
2616 4843 2790 4896 multa-
2812 4844 3097 4898 redundat.
3125 4845 3182 4898 lu
3209 4847 3345 4899 muri
3377 4848 3472 4901 via:
3500 4859 3622 4909 tute,
3645 4860 3699 4904 et

2147 4933 2352 4984 semitae
2393 4941 2496 4987 tua:
2544 4933 2597 4986 in
2642 4935 2797 5002 aquis
2847 4936 3050 4998 multis,
3099 4946 3153 4990 et
3191 4939 3415 5008 vestigia
3467 4948 3555 4992 tua
3588 4955 3695 4992 non

2147 5033 2555 5091 cognoscentur.
2587 5024 2738 5088 Veni,
2765 5037 2818 5078 et
2852 5027 3063 5089 animas
3103 5036 3320 5090 nostras
3357 5029 3538 5096 irriga,
3570 5030 3698 5083 alle-

2145 5123 2328 5166 etuum
2350 5125 2659 5169 nostrorum
2681 5115 2942 5169 fervorem
2973 5117 3226 5186 reprime,
3250 5118 3488 5170 cordium
3506 5117 3698 5184 januas

2149 5209 2446 5272 patefaclas
2486 5209 2781 5276 gratiarum
2839 5219 3055 5261 tuarum
3105 5209 3422 5262 muneribus
3468 5209 3693 5274 replens.

2147 5298 2259 5352 lloc
2283 5315 2311 5351 a
2345 5309 2391 5351 te
2421 5299 2628 5368 Liparis
2649 5301 2822 5353 insula
2842 5300 3060 5370 supplex
3089 5300 3245 5368 petit,
3271 5316 3430 5368 quam
3455 5299 3700 5352 habitare

2147 5393 2385 5445 voluisti.
2422 5392 2565 5454 llazc,
2595 5394 2839 5461 inquam,
2874 5391 3048 5444 insula
3075 5392 3157 5444 bis
3191 5393 3371 5444 verbis
3397 5401 3448 5443 te
3470 5390 3701 5455 alloqui-

2148 5496 2233 5537 tur
2266 5507 2274 5538 :
2312 5484 2415 5545 Tu,
2467 5486 2557 5552 qui
2615 5486 2780 5537 multo
2834 5484 3032 5538 lumine
3090 5483 3318 5537 illustris
3357 5498 3435 5546 es,
3474 5492 3528 5538 et
3558 5482 3700 5544 illius

2147 5574 2313 5628 divini
2354 5573 2588 5628 Orientis
2623 5589 2743 5626 vere
2778 5573 3004 5636 amicus,
3043 5573 3317 5641 quomodo
3363 5571 3559 5624 factum
3593 5581 3698 5634 est,

2149 5676 2204 5720 ut
2250 5666 2374 5729 talis
2420 5675 2708 5748 tantusque
2745 5666 2882 5732 apud
2919 5680 3046 5719 mea:
3077 5663 3410 5743 paupertatis
3437 5662 3704 5724 Occiden-
