3948 6304
239 339 374 403 14ἓὸ

1068 338 1448 398 LAUDATIO
1489 337 1549 396 s.
1592 337 2148 396 nanrnowum
2184 297 2565 394 APOSTOLI.

3290 332 3428 399 1426

236 462 342 504 tem
371 451 672 503 diversatus
696 446 792 511 sis,
822 445 889 500 ab
915 446 1150 501 Orientis
1179 449 1425 516 partibus
1456 457 1774 511 commotus,
1805 456 1850 508 Α
1880 446 2291 516 myrothecium,
2328 443 2700 515 aegrotantium
2737 443 2997 510 medicus,
3029 447 3222 502 divina:
3243 451 3430 517 gratia

233 551 285 591 et
311 554 404 606 per
439 527 737 590 maritimos
759 536 925 589 sinus
950 536 1105 589 nobis
1136 538 1425 591 ostensus?
1452 537 1609 589 Dives
1639 534 1777 588 facta

169 622 175 628 ’
233 643 379 691 sum,
410 642 530 692 quae
560 633 717 677 antea
751 633 1060 692 paupertate
1096 625 1430 688 laborabam,
1460 626 1774 678 thesaurum

235 708 486 784 magnum
519 715 674 767 hodie
720 729 838 766 sum
874 727 1208 766 consecuta:
1242 727 1417 781 neque
1469 714 1572 766 ulla
1624 711 1675 763 in
1731 722 1779 766 te

235 809 406 860 lloma
453 806 541 859 illa
591 805 704 872 ipsa
753 804 884 857 urbe
924 805 1223 866 decantata,
1277 803 1462 857 beatos
1507 803 1781 871 apostolos

234 898 454 949 l’ctrum
481 905 532 948 ct
552 894 775 947 Paulum
809 894 1131 948 habitatores
1165 903 1395 957 tenente,
1429 893 1648 946 inferior
1679 907 1778 958 ego

236 1005 357 1043 sum
395 986 888 1042 :Bartltolomarum
917 989 1060 1038 enim
1105 985 1464 1039 habitatorem
1507 985 1778 1052 possideo.

233 1080 434 1133 Omnes
457 1077 662 1139 insula;
689 1076 815 1128 mihi
841 1075 1182 1144 gratulemini
1202 1093 1216 1139 ;
1238 1089 1426 1128 omnes
1451 1075 1632 1135 urbes,
1660 1087 1780 1139 qua:

237 1170 438 1238 ubique
455 1168 608 1230 estis,
639 1177 848 1217 mecum
876 1179 981 1217 una
1013 1164 1297 1217 exsultate.
1320 1166 1376 1216 ln
1405 1164 1557 1216 vobis
1583 1157 1778 1214 multo-

239 1273 359 1312 rum
389 1263 698 1310 sanctorum
731 1267 954 1322 corpora
980 1253 1152 1322 posita
1183 1261 1309 1306 sunt
1335 1270 1349 1307 :
1388 1251 1519 1304 mihi
1551 1251 1680 1304 satis
1700 1258 1784 1304 est

237 1362 379 1400 unus
411 1358 509 1414 pro
544 1343 819 1398 omnibus.

305 1433 396 1490 IX.
432 1433 557 1495 Sed,
580 1447 614 1485 ο
647 1431 976 1491 beatissime,
1008 1439 1057 1482 et
1092 1428 1289 1483 divinis
1311 1428 1518 1499 angelis
1557 1445 1654 1499 par
1705 1430 1785 1486 fa-

236 1537 359 1582 ctus
387 1524 647 1594 apostolo,
681 1522 803 1590 quis
828 1533 916 1575 tua
944 1521 1193 1596 praeclata
1227 1518 1364 1573 facta
1394 1535 1490 1588 pro
1525 1521 1785 1591 dignitate

236 1614 511 1671 laudaret?
538 1613 668 1680 Quis
701 1613 934 1681 pericula
993 1625 1091 1678 pro
1137 1609 1355 1664 Christo
1381 1625 1411 1663 a
1448 1619 1498 1664 te
1530 1623 1780 1680 suscepta

235 1721 552 1761 enumerare
581 1703 800 1773 possrl?
854 1702 984 1768 Quae
1030 1716 1153 1756 cum
1185 1701 1428 1770 quotidie
1466 1702 1702 1769 subires,
1751 1718 1780 1754 a

238 1796 484 1851 tristibus
531 1794 785 1863 periculis
825 1791 1080 1846 mortales
1118 1791 1378 1845 liberasti.
1422 1790 1502 1845 Tu
1537 1807 1660 1846 vere
1703 1793 1782 1845 sal

237 1886 367 1938 illud
398 1900 476 1950 es,
508 1883 648 1956 quod
682 1880 840 1937 corda
888 1881 999 1942 illa,
1054 1894 1174 1946 qua:
1221 1887 1571 1941 evanuerant,
1623 1888 1783 1946 atque

238 1975 467 2044 insipida
508 1981 807 2034 evaserant,
838 1969 1145 2032 condivisti,
1177 1975 1231 2021 et
1259 1968 1481 2021 inscitia!
1519 1967 1784 2021 salsedine

239 2074 484 2132 purgata,
507 2062 839 2131 putredinetn
861 2074 927 2112 ex
959 2058 1249 2110 multorum
1276 2057 1498 2110 deorum
1520 2055 1784 2123 super-sri-

239 2157 384 2208 tione
421 2160 757 2208 contractam
811 2149 1142 2218 expurgasti.
1171 2145 1252 2199 Tu
1285 2161 1344 2200 es
1371 2145 1632 2198 rationale
1654 2144 1783 2198 illud

237 2246 464 2306 tlumen,
505 2259 570 2296 ex
601 2241 780 2295 divina
833 2241 957 2292 sede
1005 2237 1324 2308 profectum,
1357 2237 1642 2306 juncorum
1674 2234 1786 2303 ple-

239 2352 370 2392 num
417 2343 704 2390 torrentem
744 2333 992 2395 abluens,
1034 2329 1290 2383 Ecclesia:
1323 2343 1448 2381 vero
1482 2327 1663 2381 sulcos
1694 2341 1784 2378 re.

242 2428 414 2494 plens,
475 2425 752 2493 pravitatis
801 2425 947 2476 rivos
993 2424 1298 2484 exsiccans,
1343 2419 1509 2486 ipsius
1555 2417 1786 2484 denique

243 2530 401 2571 terra:
431 2517 620 2571 faciem
651 2515 900 2585 irrigans.
927 2514 1006 2578 Tu
1030 2529 1089 2567 es
1110 2526 1304 2579 sagena
1323 2511 1410 2563 illa
1441 2508 1782 2572 solidissima,

241 2624 368 2680 qua:
385 2609 677 2662 rationales
700 2607 891 2675 pisces,
924 2607 975 2658 in
1000 2605 1199 2680 erroris
1223 2601 1491 2671 profundo
1520 2610 1782 2665 natantes,

241 2679 722 2769 comprehendisti,
755 2710 956 2766 eosque
1001 2679 1244 2763 supernae
1289 2696 1360 2747 illi
1402 2709 1597 2746 mensae
1623 2694 1786 2747 obso-

244 2794 396 2845 nium
431 2787 696 2843 obtulisti.
732 2785 811 2840 Tu
853 2801 911 2840 es
942 2801 1164 2839 aureum
1213 2785 1340 2838 illud
1384 2785 1784 2842 candelabrmu,

243 2886 299 2938 in
330 2898 437 2951 quo
469 2879 728 2935 Paracleti
764 2877 994 2946 Spiritus
1045 2877 1202 2946 ignis,
1234 2887 1485 2944 tanquam
1523 2876 1606 2927 fax
1643 2889 1785 2942 qua:-

242 2977 394 3039 dam,
418 2972 726 3030 adveniens,
758 2969 1068 3036 multiplicis
1090 2968 1204 3021 vitii
1230 2969 1433 3020 zizania
1465 2965 1784 3027 combussit,

243 3069 303 3114 et
331 3059 525 3113 divinae
555 3056 879 3124 cognitionis
909 3055 1249 3124 splendorem
1279 3055 1478 3108 emisit.
1512 3053 1592 3107 Tu
1623 3069 1683 3106 es
1708 3054 1788 3105 di-

1881 538 2030 602 tuba,
2074 537 2210 604 vitis.
2238 535 2644 596 fecundissima,
2679 532 2794 588 olea
2832 535 3131 600 fructifera,
3166 539 3428 592 fluctuan-

1880 626 2013 677 tium
2069 634 2278 692 portus,
2355 622 2694 691 peccantium
2751 633 3032 690 patronus,
3076 625 3428 695 defessorum

1882 714 2173 776 recreatio,
2232 709 2617 780 Oppressorum
2674 711 2978 781 refugium,
3040 715 3428 769 miraculorum

1881 806 2019 865 fons,
2077 805 2379 856 daemonum
2428 801 2751 870 profugatio,
2805 805 3176 869 apostolorum
3232 807 3420 874 gloria,

1880 895 2191 962 angelorum
2217 892 2372 954 civis,
2395 892 2488 960 qui
2517 893 2790 959 prophetis
2817 893 3122 958 sublimior,
3147 902 3200 948 et
3225 905 3426 967 marty-

1883 1001 1998 1038 rum
2030 997 2256 1037 consors
2286 981 2458 1044 fuisti,
2485 982 2603 1048 ejus
2632 981 2865 1050 denique
2898 984 3100 1050 gloriae,
3134 1000 3251 1052 qua:
3274 1000 3426 1038 reve-

1880 1073 2035 1126 landa
2052 1082 2154 1136 est,
2171 1073 2462 1140 particeps,
2481 1072 2932 1140 sempiternorum
2954 1073 3212 1126 bonorum
3232 1075 3423 1138 haeres,

1883 1162 2067 1216 mundi
2102 1161 2306 1223 lumen,
2337 1159 2603 1223 omnium,
2646 1170 2703 1213 ut
2731 1162 3042 1216 summatim
3090 1163 3287 1229 dicam,
3325 1164 3426 1218 bo-

1881 1267 2070 1306 norum
2102 1253 2408 1307 thesaurus.

1951 1341 2018 1394 Χ.
2080 1341 2267 1411 Itaque
2315 1345 2482 1411 salve,
2543 1345 2957 1406 Bartholomace,
3028 1345 3177 1398 illius
3245 1345 3426 1414 magni

1884 1435 2104 1514 tonitrui
2139 1435 2337 1504 fulgur,
2379 1421 2522 1504 quod
2555 1437 2609 1489 in
2655 1445 2772 1489 rota
2829 1435 3016 1489 mundi
3055 1435 3217 1502 hujus
3264 1450 3428 1505 appa-

1883 1525 2058 1588 ruisti,
2089 1533 2143 1578 et
2172 1525 2432 1580 idolorum
2466 1527 2730 1580 insaniant
2761 1543 2824 1582 ac
2853 1537 3065 1580 noctem
3094 1527 3426 1580 exstinxisti.

1884 1615 2058 1688 Salve,
2088 1615 2496 1682 Bartholomtee,
2549 1619 2640 1672 illc
2672 1619 2908 1686 Spiritus
2959 1618 3133 1670 sancti
3183 1618 3428 1671 calamus

1883 1706 2129 1761 celeriter
2161 1707 2427 1772 scribens,
2453 1708 2548 1776 qui
2585 1707 2755 1777 legem
2786 1707 2840 1760 in
2880 1706 3075 1761 tabulis
3099 1706 3278 1760 cordis
3309 1707 3430 1774 pul-

1883 1797 2146 1851 cherrime
2181 1797 2537 1867 descripsisti,
2595 1799 2788 1866 legem,
2839 1799 3078 1864 inquam,
3127 1797 3273 1849 illam
3318 1812 3427 1849 non

1883 1895 2134 1952 veterem,
2185 1891 2278 1943 sed
2329 1889 2483 1943 valde
2531 1904 2747 1942 novam.
2801 1888 2978 1953 Salve,
3015 1887 3428 1952 Bartholomaee,

1881 1977 2115 2045 potentis
2171 1977 2330 2032 Verbi
2385 1979 2581 2047 sagitta
2633 1977 2972 2039 acutissima,
3023 1993 3142 2046 quae
3190 1978 3427 2031 hostium

1882 2067 2039 2121 corda
2067 2068 2380 2130 vulnerasti,
2419 2063 2741 2123 daemonum,
2763 2084 2858 2137 per
2902 2084 3081 2121 aerem
3119 2068 3429 2136 vagantiqu

1886 2165 2089 2209 turmas
2127 2157 2462 2225 percussisti,
2485 2167 2539 2210 et
2572 2158 2879 2210 mortalium
2905 2155 3113 2210 animas
3144 2157 3274 2208 vitio
3305 2157 3429 2209 vul-

1883 2255 2116 2312 neratas,
2166 2261 2328 2301 sanas
2363 2246 2612 2301 effecisti.
2673 2245 2850 2312 Salve,
2892 2245 3304 2310 Bartholomase,
3335 2245 3428 2314 qul

1882 2338 2148 2392 idolorum
2178 2339 2371 2406 templa
2420 2339 2538 2392 solo
2577 2337 2895 2406 aquuasti,
2930 2343 2982 2389 et
3013 2337 3259 2390 homines
3284 2337 3430 2404 ipsos

1882 2428 2110 2480 viventis
2133 2427 2224 2480 Dei
2246 2429 2439 2496 templa
2465 2427 2766 2481 reddidisti.
2794 2425 2970 2488 Salve,
3000 2424 3233 2494 Spiritus
3253 2426 3427 2480 sancti

1884 2518 2112 2587 gladius,
2144 2517 2235 2586 qui
2264 2517 2692 2586 alienigenarum
2735 2525 2943 2570 turmas
2989 2516 3256 2570 sermonis
3289 2514 3423 2579 acie,

1883 2617 1935 2660 et
1965 2621 2151 2659 omnes
2192 2615 2398 2659 mentes
2435 2606 2500 2659 ad
2543 2605 3140 2671 Christiobedientiam
3191 2604 3430 2672 captivas

1884 2697 2104 2750 duxisti.
2154 2695 2327 2760 Salve,
2356 2695 2618 2748 concinna
2674 2695 2847 2748 sancti
2903 2694 3134 2762 Spiritus
3171 2692 3432 2748 Paracleti

1887 2785 2112 2848 cithara,
2134 2786 2411 2840 rationalis
2438 2785 2588 2846 tibia,
2606 2783 2807 2838 Christi
2834 2769 3271 2846 instrumentum,
3289 2785 3430 2852 quod

1886 2875 2120 2929 caelestia
2143 2877 2396 2943 dogmata
2423 2876 2577 2929 nobis
2607 2875 2872 2939 cecinisti,
2894 2882 2947 2928 et
2980 2889 3156 2942 prava:
3185 2875 3434 2942 impieta-

1890 2968 1956 3019 tis
1984 2967 2379 3020 modulationes
2419 2957 2734 3020 confudisti.
2786 2964 2962 3026 Salve,
2990 2966 3185 3019 cmlum
3214 2967 3432 3033 perpul-

1887 3054 2098 3116 chrum,
2127 3053 2327 3108 divinis
2356 3054 2733 3122 splendoribus
2755 3055 2981 3118 illustre,
3007 3054 3058 3106 in
3086 3069 3195 3120 quo
3217 3053 3307 3106 ille
3337 3053 3430 3107 Sol

246 3149 360 3202 vini
384 3148 526 3201 Solis
552 3146 765 3200 lucidus
790 3145 992 3208 radius,
1029 3143 1118 3211 qui
1151 3141 1180 3197 a
1213 3159 1425 3197 summo
1450 3143 1589 3196 cmlo
1619 3157 1789 3210 usque
1816 3155 1856 3209 ο
1887 3145 2109 3213 iustitiae
2130 3145 2441 3213 requiescit,
2460 3155 2514 3199 et
2541 3145 2804 3198 orationis
2831 3144 2962 3208 dux,
2983 3155 3089 3210 quo
3109 3155 3160 3196 tu
3189 3144 3430 3206 innixus,

248 3242 317 3298 ad
344 3250 642 3293 extremum
679 3250 1022 3305 percurrens,
1049 3245 1102 3290 et
1126 3237 1329 3288 erroris
1358 3236 1604 3289 tenebras
1622 3235 1792 3286 immi-

250 3344 444 3391 nuens,
478 3336 531 3381 et
567 3326 656 3389 iis,
695 3325 788 3392 qui
837 3325 1093 3379 sedebant
1138 3326 1190 3377 in
1229 3326 1415 3380 umbra
1449 3325 1657 3385 mortis,
1691 3323 1790 3374 hoc

248 3429 335 3472 est
369 3417 421 3469 in
460 3417 610 3470 malis
645 3411 1252 3480 Iethalibus,efl‘ulgens,
1285 3429 1377 3482 per
1401 3415 1673 3467 lavacrum
1705 3427 1791 3466 re-

249 3509 635 3580 generationis,
661 3507 748 3560 Dei
781 3508 943 3568 filios,
978 3505 1232 3560 mortales
1274 3505 1522 3563 homines
1548 3501 1788 3557 effecisti.

250 3602 332 3654 Tu
359 3613 416 3652 es
447 3598 718 3667 pretiosus
761 3597 849 3650 ille
894 3597 1049 3664 lapis,
1082 3597 1149 3649 ab
1196 3596 1442 3665 angulari
1477 3594 1652 3664 lapide
1702 3595 1792 3649 illo

251 3690 474 3752 missus,
506 3686 558 3738 in
588 3701 695 3752 quo
737 3684 1032 3739 Ecclesiam
1067 3683 1312 3736 Christus
1344 3682 1457 3750 ipse
1490 3681 1791 3743 wd'ﬁcavtt,

249 3791 374 3844 qua:
405 3775 554 3826 nullo
595 3787 832 3840 unquam
876 3781 1116 3839 tempore
1167 3769 1414 3838 quassari
1455 3777 1547 3821 aut
1578 3769 1791 3822 concuti

254 3845 470 3936 poterit.
506 3862 584 3915 'l‘u
617 3876 676 3915 es
708 3861 1053 3929 purissimum
1083 3858 1212 3911 illud
1250 3873 1442 3912 aurum
1486 3866 1539 3912 et
1563 3858 1796 3912 cmlestis

253 3955 350 4006 Dei
380 3953 833 4022 pretiosissimum
872 3966 1091 4014 munus,
1138 3949 1274 4002 lucis
1303 3949 1578 4012 columna,
1608 3947 1793 4005 Eccle—

254 4045 353 4098 siae
395 4043 837 4104 fundamentum,
898 4039 1129 4108 Spiritus
1188 4039 1355 4092 sancti
1411 4039 1791 4101 diversorium,

259 4132 728 4203 tnagniloquentite
776 4145 973 4200 praeco,
1037 4131 1214 4198 aquila
1263 4130 1317 4182 in
1366 4129 1532 4182 altum
1590 4128 1793 4189 volans,

259 4238 426 4283 suave
454 4237 650 4276 canens
679 4221 929 4284 luscinia,
957 4220 1190 4274 caelestis
1215 4219 1419 4282 cicada,
1451 4218 1671 4287 angelus
1700 4218 1793 4269 de-

257 4316 425 4381 nique
456 4313 510 4365 in
545 4314 780 4365 humano
810 4326 1036 4378 corpore
1067 4326 1306 4369 versans,
1334 4326 1493 4362 aurea
1524 4310 1793 4370 columna,

259 4405 411 4460 Stella
443 4403 799 4465 lucidissima,
821 4402 1016 4456 florens
1047 4402 1350 4470 paradisus,
1372 4398 1600 4468 Spiritus
1625 4397 1796 4450 sancti

333 4578 679 4657 (2)_,Sacrt_tm
716 4593 912 4657 corpus
957 4575 1015 4629 S.
1047 4571 1689 4657 Bartholomreianrlostoli
1729 4573 1822 4624 ex’

261 4642 568 4716 Liparitana
601 4647 775 4700 insula
814 4642 964 4699 'circa
999 4660 1198 4716 annum
1244 4642 1451 4694 Domini
1483 4642 1583 4694 85:3
1621 4650 1799 4693 trans-

261 4715 431 4772 latum
473 4726 556 4769 est
597 4717 978 4781 Beneventum.
1034 4715 1202 4780 Capto
1275 4727 1400 4763 vero
1460 4715 1801 4781 postmodum

264 4789 587 4849 Benevento,
619 4779 760 4837 Otho
787 4784 826 4835 ll
863 4779 1153 4850 imperator
1184 4781 1244 4832 Β.
1274 4781 1496 4850 apostoli
1530 4794 1651 4832 OSsa
1683 4779 1803 4831 itide

261 4857 575 4924 asportavit,
613 4869 676 4908 ac
715 4852 895 4905 Romae
938 4849 990 4903 in
1022 4850 1288 4919 Lycaonia
1331 4849 1505 4900 insula
1540 4850 1593 4900 in
1624 4850 1806 4900 tuntha

1891 3235 2154 3288 fallaciam
2185 3250 2400 3289 omnem
2439 3236 2704 3290 evertisti.
2746 3234 2821 3289 Te
2849 3234 3068 3302 quidem
3100 3234 3433 3288 laudationi-

1891 3325 1990 3378 bus
2020 3327 2274 3380 extollere
2323 3327 2530 3388 vellera,
2581 3325 2674 3378 sed
2708 3340 2888 3378 rerum
2927 3325 3269 3377 multitudine
3303 3341 3434 3379 con-

1892 3415 2089 3468 fundor
2119 3425 2174 3469 et
2201 3415 2452 3469 dictionis
2497 3415 2811 3468 infirmitate
2855 3417 3130 3482 opprimor
3157 3435 3168 3468 :
3198 3430 3320 3467 nam
3355 3416 3435 3467 vel

1894 3505 1970 3569 hi,
2010 3505 2100 3572 qui
2137 3505 2375 3558 oratoria
2428 3503 2682 3559 facultate
2711 3506 2944 3556 maxime
2975 3513 3252 3571 praestant,
3295 3505 3435 3558 infe-

1893 3596 2064 3652 riores
2109 3606 2256 3656 sunt,
2287 3609 2446 3664 quam
2498 3605 2556 3646 ut
2600 3603 2651 3646 te
2695 3593 2914 3645 laudare
2960 3593 3204 3660 possint;
3262 3608 3437 3662 neque

1893 3690 2177 3757 quisquam
2204 3695 2286 3740 est
2311 3687 2402 3753 qui
2450 3700 2546 3753 pro
2585 3685 2845 3754 dignitate
2869 3685 3053 3739 laudes
3077 3695 3194 3739 tuas
3213 3701 3439 3739 narrare

1894 3781 2086 3833 valeat.
2114 3778 2245 3831 Tuis
2272 3778 2434 3846 igitur
2461 3775 2716 3845 precibus
2741 3775 2900 3828 Deum
2933 3777 3105 3843 ipsum
3131 3777 3285 3828 nobis
3308 3790 3436 3842 pro-

1897 3870 2084 3936 pitium
2124 3867 2315 3930 facias,
2351 3877 2404 3920 et
2429 3877 2774 3936 peccatorum
2817 3862 3301 3932 perturbationem,
3332 3882 3436 3934 qua

1897 3971 2169 4016 vexantur,
2205 3956 2392 4010 sedare
2427 3956 2596 4013 velis;
2643 3955 2842 4023 quique
2876 3962 3024 4006 tuum
3067 3953 3206 4006 diem
3239 3954 3438 4008 festum

1896 4045 2203 4108 rceolimus,
2247 4045 2403 4098 nobis
2446 4043 2699 4097 omnibus
2746 4043 3060 4096 delictorum
3104 4042 3334 4107 veniam,
3388 4052 3442 4097 ct

1897 4134 2130 4190 caelestis
2190 4134 2370 4202 gaudii
2419 4133 2880 4202 participationem
2940 4129 3048 4182 tuis
3100 4130 3440 4184 orationibus

1896 4219 2169 4289 impetres,
2207 4222 2260 4274 itt
2281 4222 2495 4276 Christo
2519 4220 2646 4290 Jesu
2694 4219 2922 4272 Domino
2955 4223 3141 4270 nostro
3173 4235 3188 4270 :
3215 4218 3299 4269 cui
3330 4219 3443 4286 glo-

1899 4309 1978 4362 ria
2004 4325 2125 4363 cuiu
2156 4308 2313 4363 Patre
2337 4308 2630 4378 'et~Spiritu
2672 4319 2883 4368 sancto,
2930 4321 3073 4359 nunc
3108 4312 3163 4358 et
3206 4319 3440 4373 semper,

1898 4405 1952 4451 ct
1981 4399 2034 4450 in
2058 4397 2250 4451 saecula
2279 4397 2824 4452 saeculorum.»Amen
2858 4393 2955 4462 (2).

1901 4570 2283 4641 porphyretici:
2314 4569 2594 4641 collocavit
2627 4583 2772 4641 anno
2807 4568 3016 4622 Domini
3051 4570 3170 4631 985,
3204 4579 3446 4639 cogitans

1904 4638 2093 4694 eadem
2116 4656 2207 4707 per
2237 4638 2469 4691 Tiberim
2516 4649 2567 4690 et
2592 4653 2738 4691 mare
2763 4638 2814 4689 in
2847 4648 3040 4690 terram
3075 4655 3226 4693 suam
3256 4638 3448 4707 depor-

1908 4719 2042 4771 tare,
2080 4711 2170 4762 sed
2195 4723 2258 4760 eo
2286 4707 2428 4759 brevi
2461 4708 2567 4758 vita
2595 4715 2843 4772 exempto
2870 4709 3147 4774 pretiosus
3167 4711 3372 4762 thesam
3390 4725 3450 4760 us

1911 4778 2095 4830 Beluae
2125 4777 2403 4837 remansit,
2439 4777 2528 4828 ubi

1909 4856 2154 4903 novatur.
2184 4845 2314 4897 Vide
2338 4845 2530 4896 Baron.
2552 4842 2603 4896 in
2627 4855 2720 4897 not
2752 4845 2816 4895 ad
2847 4842 3122 4912 Mat'tyrol.
3149 4847 3218 4897 ‘25
3246 4847 3378 4908 Aug.

263 5007 528 5074 (Opuscula
549 5007 772 5059 nonnulla
796 5004 994 5074 incertat
1018 5004 1186 5074 celatis,
1214 5017 1320 5074 quo:
1345 5001 1589 5074 ‘desim’nfi
1633 5000 1806 5074 stendo
1855 5015 1896 5047 Ix
2142 4999 2552 5066 constimeramua,
2576 5004 2823 5074 Jpropter'
2849 4996 3208 5074 inemspectatmn
3249 4991 3451 5043 volumi-

279 5061 282 5081 ⁸
330 5058 344 5072 ”
460 5063 463 5066 ”
710 5058 716 5059 ⁷
828 5067 902 5116 nis
919 5058 1353 5131 spissitudinciu‘ud
1385 5072 1646 5126 sequentem
1665 5071 1837 5127 tantum
1862 5060 2096 5110 remittere
2117 5058 2350 5123 cogimur,
2370 5072 2506 5122 quem
2534 5058 2752 5110 udist's'si
2774 5058 2964 5120 placet.)

2555 4775 2640 4843 pia
2688 4775 2924 4843 fidelium
2960 4781 3305 4829 veneratione
3355 4778 3450 4827 hn-
3512 4807 3524 4815 -
