4062 6444
483 403 542 456 Η
1837 405 2042 463 LIBER
2079 404 2375 466 DIURNUS

3688 435 3760 493 I2

489 546 3745 603 _______________________,___________

1425 678 1965 768 PREFATIO
2024 681 2158 768 AD
2221 682 2789 780 LECTOREM.

533 976 577 1032 I.
606 975 710 1045 Qui
740 976 832 1034 diu
855 975 1190 1032 latuitLiber
1214 973 1453 1030 Diumus
1476 974 1846 1032 Romanorum
1880 979 2056 1048 ponti-
2081 979 2138 1042 Α
2161 976 2289 1033 inde
2341 991 2467 1032 cum
2512 975 2882 1034 illustrissimo
2927 979 3110 1042 Marca
3154 998 3213 1045 et
3262 991 3466 1049 Joanne
3511 993 3755 1058 Launoio

463 1069 651 1132 ficum,
677 1068 731 1122 in
763 1067 940 1123 lucem
973 1068 1156 1140 prodit
1196 1085 1208 1120 :
1249 1083 1348 1124 cur
1386 1066 1532 1122 enim
1581 1065 1753 1126 latere
1781 1077 2055 1141 pergeret,

462 1175 586 1214 cum
603 1159 736 1214 nihil
749 1174 813 1214 eo
828 1159 920 1224 sit,
936 1168 1028 1214 aut
1042 1158 1395 1230 opportunius
1416 1158 1484 1211 ad
1508 1159 1875 1215 studiosorum
1898 1161 2052 1231 cupi-

462 1253 686 1318 ditatem
735 1252 1089 1332 cxplendam,
1130 1260 1224 1310 aut
1255 1250 1440 1314 utilius
1477 1252 1545 1312 ad
1595 1262 1832 1312 veterem
1873 1253 2054 1310 Histo-

459 1346 598 1400 riam
630 1344 1089 1410 Eeeleaiasticam,
1118 1350 1210 1404 aut
1231 1345 1599 1405 necessarium
1634 1344 1809 1416 magis
1837 1343 1904 1399 ad
1937 1361 2054 1401 ma.

458 1435 757 1491 ledicorum
797 1453 892 1492 ora
940 1435 1267 1491 obstrueuda
1292 1476 1307 1501 ,
1355 1443 1446 1489 aut
1486 1435 1935 1490 honoriﬁcentius
1983 1436 2052 1493 ad

457 1529 604 1584 sedis
620 1529 945 1600 Apostolicte
975 1528 1291 1599 dignitatem
1311 1527 1574 1582 adversus
1593 1525 1816 1582 Honorii
1838 1526 2048 1582 calum-

457 1621 548 1686 nia
555 1634 704 1682 tores
717 1622 740 1675 7

525 1711 590 1765 II.
640 1709 870 1766 Romani
922 1710 1112 1764 Diurni
1144 1710 1360 1766 nomine
1407 1710 1709 1781 appellatur
1758 1710 1960 1777 Codex,
1991 1709 2049 1770 in

451 1818 585 1874 quo,
615 1813 810 1872 przeter
843 1803 1102 1858 formulas
1143 1803 1438 1867 scribendi,
1471 1803 1668 1873 quibus
1700 1812 1856 1858 sexto
1884 1802 2049 1872 septi-

452 1913 651 1968 moque
679 1906 734 1952 et
758 1907 951 1954 octavo
985 1897 1204 1963 saeculo,
1252 1907 1414 1967 atque
1459 1899 1622 1953 etiam
1650 1915 1815 1964 nono,
1849 1899 2046 1954 summi

451 1991 736 2062 pontiﬁces
768 1992 844 2045 uti
881 1990 1117 2045 solerent
1154 1991 1540 2050 :contincntur
1577 1993 1798 2064 insuper
1827 1993 2048 2052 ordina-

452 2084 628 2139 tiones
680 2084 876 2138 summi
927 2083 1198 2154 pontiﬁcis
1245 2093 1301 2138 et
1357 2087 1594 2154 episcopi
1651 2087 2040 2154 suburbicarii,

451 2193 577 2233 cum
604 2178 718 2232 suis
739 2178 995 2232 omnibus
1021 2177 1321 2246 adiunctis;
1355 2178 1719 2249 professiones
1751 2178 1905 2245 ﬁdei;
1933 2180 2043 2250 pri-

449 2271 666 2340 vilegia,
696 2278 984 2341 przecepta,
1005 2270 1403 2336 conccssiones,
1430 2271 1643 2340 aliaque
1669 2269 2042 2338 hujuscemodi

450 2378 561 2420 non
599 2380 788 2435 pauca.

523 2456 604 2510 III.
640 2455 859 2526 Ignotus
900 2471 1007 2510 non
1048 2453 1148 2509 fuit
1187 2452 1463 2516 veteribus
1517 2451 2040 2522 recentioribusque,

446 2549 565 2606 sive
612 2563 876 2602 canonum
929 2547 1350 2610 collectoribus,
1407 2546 1521 2599 sive
1577 2545 1697 2599 aliis
1744 2545 2043 2599 illustribus

448 2641 837 2712 Scriptoribus.
871 2639 1010 2696 Olim
1035 2647 1187 2696 certe
1208 2637 1573 2694 meminerunt
1598 2635 1711 2692 Yvo
1739 2635 2042 2690 Carnoten-

446 2734 556 2798 sis,
574 2731 890 2796 Gratianus,
914 2729 1204 2784 Anselmus
1236 2728 1526 2790 Lucensis,
1556 2726 1846 2782 cardinalis
1872 2725 2043 2781 Deus-

446 2827 596 2884 dedit
626 2841 640 2880 :
673 2825 1036 2881 meminerunt
1078 2823 1240 2878 etiam
1294 2832 1480 2876 nostra
1509 2829 1832 2890 patrumque
1879 2827 2042 2874 relate

445 2919 714 2976 Antonius
743 2918 1097 2988 Augustinus,
1143 2914 1427 2978 Baronius,
1462 2912 1731 2978 Labbeus,
1765 2919 1819 2966 et
1846 2913 1938 2984 qui
1971 2912 2041 2967 ab

445 3013 566 3090 ipso
595 3020 944 3083 acceperunt.

515 3103 604 3160 IV.
643 3104 758 3158 Vvo
785 3099 1136 3158 Carnotcnsis
1163 3106 1318 3172 parte
1348 3111 1421 3156 tv.
1465 3097 1550 3156 sui
1598 3097 1812 3158 Decreti
1860 3097 2040 3169 capite

445 3212 651 3254 cxxxu.
680 3195 823 3266 quod
852 3193 1170 3249 inscribitur
1216 3193 1280 3246 de
1327 3201 1440 3246 octo
1483 3189 1865 3244 universalibus
1906 3189 2039 3244 Con-

445 3289 602 3353 siliis,
645 3285 809 3342 refert
842 3302 906 3340 ex
936 3284 1134 3339 Libello
1185 3284 1392 3340 Diuma
1427 3294 1643 3354 partem
1685 3281 2040 3354 professionis

441 3377 570 3434 ﬁdei
620 3376 848 3432 Romani
883 3374 1154 3448 pontificis
1188 3393 1200 3427 :
1239 3391 1259 3425 ι
1301 3373 1501 3428 Sancta
1532 3380 1656 3428 octo
1709 3372 2037 3427 universalia

2164 1069 2702 1137 communicaverat;
2744 1081 2971 1144 eratque
3019 1076 3225 1147 Marce,
3257 1086 3402 1154 quod
3448 1099 3751 1159 acceperat,

2160 1159 2468 1214 inserturus
2515 1161 2898 1219 Dissertationi
2939 1183 3102 1237 quam
3137 1172 3202 1226 de
3238 1172 3477 1232 Honorio
3513 1181 3753 1237 scribere

2158 1250 2547 1319 meditabatur.
2575 1252 2851 1310 Launoius
2870 1269 3091 1336 accepto
3115 1276 3246 1318 usus
3275 1273 3359 1320 est
3390 1266 3443 1330 in
3473 1267 3749 1342 Epistolis,

2158 1344 2386 1414 aliisque
2412 1345 2614 1415 passim
2644 1348 2882 1419 scriptis.

2229 1435 2360 1490 VIII.
2391 1436 2714 1493 Jamdudum
2743 1442 3014 1509 expetitus
3039 1453 3122 1500 est
3147 1447 3216 1501 ab
3254 1449 3503 1516 eruditis,
3554 1469 3748 1523 quam-

2153 1525 2238 1582 vis
2267 1543 2335 1583 ex
2359 1528 2582 1584 minima
2611 1538 2764 1600 parte
2798 1541 2960 1588 notus
2992 1553 3004 1588 :
3044 1551 3174 1606 pars
3200 1553 3392 1609 nempe
3415 1542 3747 1599 desiderium

2153 1619 2323 1678 totius
2370 1619 2521 1686 fecit,
2555 1629 2611 1676 et
2638 1621 2769 1678 illud
2809 1625 3026 1698 quidem
3058 1643 3124 1686 eo
3145 1631 3349 1702 majus,
3401 1634 3545 1702 quod
3570 1649 3747 1708 neque

2151 1708 2296 1777 levi,
2339 1727 2513 1783 neque
2551 1717 2846 1771 temeraria
2896 1720 3151 1789 opinione
3200 1723 3465 1778 creditum
3519 1735 3621 1792 est,
3676 1742 3744 1783 ex

2151 1815 2504 1861 monumento
2553 1809 2686 1863 tanti
2750 1814 3051 1879 momenti,
3102 1822 3320 1885 tamque
3365 1817 3638 1873 celebrato
3688 1827 3745 1875 et

2147 1898 2374 1967 antiquo
2394 1940 2408 1962 ,
2449 1899 2565 1954 erui
2593 1916 2756 1970 posse
2785 1903 2966 1972 plura,
2999 1919 3118 1974 quae
3157 1907 3596 1963 Ecclesiasticam
3649 1909 3742 1963 Ili-

2147 1989 2374 2050 storiam
2405 1990 2696 2057 illustrem,
2725 2009 2947 2064 remque
2970 1995 3116 2051 Fidei
3140 1998 3333 2068 juvare
3366 2001 3595 2070 possint.

2218 2078 2308 2134 IX.
2362 2080 2515 2135 Nunc
2549 2083 2787 2152 primum
2821 2085 2875 2139 in
2923 2085 3097 2140 lucem
3138 2098 3322 2143 nostra
3360 2091 3742 2162 qualicumque

2145 2184 2332 2240 opera,
2363 2171 2593 2242 integer,
2613 2189 2734 2229 meo
2762 2174 2977 2244 quidem
2999 2174 3228 2244 judicio,
3261 2180 3596 2248 producitur.
3629 2181 3742 2235 Cur

2149 2261 2241 2320 diu
2270 2279 2602 2336 suppressus
2649 2265 2742 2330 sit,
2790 2265 2919 2321 fecit
2948 2268 3238 2323 vehemens
3268 2269 3482 2326 aliunde
3508 2287 3742 2342 occupa-

2073 2347 2123 2418 B
2152 2353 2250 2422 tio,
2280 2370 2388 2425 qua
2429 2371 2551 2414 sum
2584 2357 2875 2430 impeditus
2905 2378 2917 2422 ;
2947 2376 3045 2418 cur
3071 2363 3286 2420 tandem
3333 2364 3578 2433 prodeat,
3613 2365 3742 2421 fecit

2147 2446 2261 2502 haec
2289 2462 2419 2514 una,
2459 2447 2542 2502 vel
2571 2449 2703 2518 sola,
2755 2449 2840 2504 vel
2868 2452 3151 2520 potissima
3195 2469 3358 2509 causa
3379 2496 3393 2520 ,
3445 2465 3503 2509 ut
3535 2467 3740 2513 motam

2147 2538 2212 2593 de
2247 2537 2484 2593 Honorio
2509 2540 2865 2610 qumstionem
2885 2583 2899 2608 ,
2949 2559 3250 2615 magnaque
3280 2548 3583 2602 animorum
3611 2563 3740 2603 con-

2145 2630 2387 2688 tentione
2415 2646 2525 2687 non
2560 2642 2670 2688 tam
2720 2633 3001 2710 agitatam.
3036 2651 3200 2708 quam
3251 2647 3502 2696 vexatam
3557 2648 3740 2696 osten-

2145 2722 2330 2786 derem
2355 2723 2427 2786 ita
2447 2723 2698 2792 conponi
2721 2739 2903 2793 posse,
2928 2726 3016 2786 vel
3044 2727 3159 2796 ipso
3188 2736 3406 2784 centum
3442 2727 3554 2784 fere
3586 2745 3737 2786 sum-

2144 2829 2362 2870 morum
2406 2814 2725 2884 pontiﬁcum
2754 2814 2981 2882 judicio,
3021 2825 3083 2872 ut
3115 2831 3288 2886 neque
3317 2818 3462 2874 sedis
3503 2819 3738 2890 Aposto-

2144 2905 2292 2970 licae,
2333 2905 2488 2976 cujus
2525 2919 2707 2960 meum
2739 2905 2980 2960 colendae
2999 2907 3239 2961 studium
3268 2908 3400 2962 mulli
3425 2909 3586 2964 velim
3615 2926 3738 2968 esse

2141 2997 2340 3068 impar,
2378 2995 2510 3054 ﬁdes
2540 3011 2778 3068 unquam
2803 2997 2991 3051 vitiata
3018 2996 3260 3063 dicatur;
3295 3015 3470 3069 neque
3498 3001 3737 3056 incredi.

2142 3087 2279 3144 biles
2315 3089 2585 3161 ﬁngantur
2633 3096 2878 3142 actorum
2914 3096 3081 3143 sextae
3122 3091 3352 3164 synodi,
3394 3092 3734 3165 aderuntque

2142 3192 2386 3236 veterum
2454 3180 2930 3238 monumentorum
2987 3184 3408 3256 correptiones,
3461 3187 3604 3258 quod
3663 3186 3734 3250 ab

2143 3275 2400 3330 historica
2425 3274 2672 3330 doctrina
2704 3274 2900 3336 mirum
2927 3287 3188 3346 quantum
3236 3279 3522 3344 abhorret;
3558 3293 3733 3350 neque

2141 3377 2294 3422 sexta
2318 3364 2577 3436 synodus,
2594 3365 2681 3423 cui
2699 3365 2862 3437 legati
2887 3368 3032 3428 sedis
3052 3368 3376 3438 Apostelicae
3392 3370 3729 3441 praefeci-int,

440 3469 704 3539 Concilia,
735 3473 788 3527 id
815 3480 919 3535 est,
948 3471 990 3524 I.
1027 3469 1301 3523 Nieaenum
1321 3509 1335 3532 ,
1368 3465 1433 3522 II.
1473 3465 2034 3536 Constantinopolita-
2138 3461 2344 3517 erroris
2373 3469 2662 3532 arguatur;
2699 3477 2876 3531 neque
2902 3461 3192 3530 Honorius,
3229 3466 3482 3534 quamvis
3507 3466 3730 3522 omnino

439 3579 604 3631 num,
637 3564 719 3620 III.
756 3562 1109 3635 Ephesinum,
1142 3558 1230 3615 IV.
1284 3559 1746 3635 Chalcedonense,
1778 3558 1843 3613 V.
1904 3557 2036 3612 item
2140 3553 2305 3610 fuerit
2335 3571 2506 3627 purus
2553 3555 2991 3624 Monothelismi,
3031 3558 3188 3628 culpa
3245 3560 3486 3616 caruisse
3530 3568 3729 3636 putan-

441 3656 1130 3727 Constantinopolitanum,
1184 3651 1270 3709 VI.
1301 3653 1432 3709 item
1488 3651 1797 3716 Nicaenum,
1836 3649 1946 3707 VII.
1978 3658 2035 3708 et
2068 3715 2104 3727 Α
2139 3649 2239 3706 dus
2277 3649 2367 3706 sit.

442 3747 573 3809 VIII.
600 3715 815 3818 quoque
835 3715 1524 3816 Constantinopolitauum,
1558 3743 1627 3798 ad
1659 3715 1826 3798 unum
1858 3755 2032 3810 usque
2059 3715 2105 3788 δ
2207 3741 2276 3798 Χ.
2317 3741 2716 3816 Manuscriptus
2762 3757 2926 3814 porro
2979 3742 3196 3810 Codex,
3238 3743 3381 3806 unde
3439 3752 3730 3808 accuratur

440 3839 650 3909 apicem
673 3837 996 3894 immutilata
1027 3851 1267 3901 servare,
1304 3844 1358 3894 et
1378 3835 1499 3905 pari
1540 3834 1744 3888 honore
1784 3841 1839 3886 et
1867 3846 2032 3888 vene-
2135 3833 2321 3900 editio,
2355 3843 2718 3904 praeterquam
2741 3835 2886 3905 quod
2910 3844 3129 3906 optante
3156 3843 3297 3892 uota:
3317 3844 3419 3902 est,
3454 3851 3609 3891 suam
3636 3837 3722 3892 in.

440 3929 655 3984 ratione
683 3929 842 4000 digna
887 3929 1108 3993 habere,
1153 3935 1208 3983 et
1246 3941 1366 3997 quae
1393 3923 1762 3996 pmdicarunt
1807 3931 1865 3978 et
1919 3933 2030 3977 stn-

440 4027 695 4084 tuerunt,
745 4019 1070 4073 omnimodis
1127 4017 1281 4087 sequi
1321 4025 1376 4072 et
1422 4015 1748 4087 prmdicare;
1801 4029 2029 4085 quteque

441 4113 966 4179 condemnaverunt,
1017 4127 1113 4169 ore
1161 4119 1219 4166 et
1258 4109 1418 4166 corde
1454 4107 1816 4166 condemnare
1857 4106 2028 4180 proﬁ-

437 4210 577 4258 teor.
619 4224 637 4256 ι

511 4297 576 4352 V.
611 4295 810 4354 Eadem
839 4295 1108 4354 habentur
1136 4293 1231 4350 lib.
1263 4308 1324 4348 ιι.
1357 4291 1660 4350 Panormiae
1701 4292 1878 4368 capite
1907 4304 2024 4346 cur.

440 4394 603 4457 atque
637 4387 800 4446 etiam
842 4388 984 4458 apud
1029 4386 1348 4443 Gratianum
1379 4386 1628 4446 distinct.
1684 4400 1795 4438 xvr.
1834 4383 1927 4440 ubi
1971 4382 2028 4440 in

442 4483 590 4538 notis
614 4481 846 4552 legitur:
871 4500 890 4531 ι
918 4481 1187 4553 [ntegrum
1213 4478 1606 4550 professionem
1634 4475 1782 4541 ﬁdei,
1809 4477 2028 4547 quando

441 4576 563 4646 quis
614 4575 668 4630 in
708 4575 1008 4630 Romanum
1040 4573 1353 4644 pontiﬁcem
1384 4569 1826 4642 promovebatur,
1857 4568 2032 4634 refert

439 4669 736 4729 Deusdedit
773 4667 1066 4724 cardinalis
1104 4669 1159 4722 in
1191 4667 1522 4722 Collectione
1547 4663 1826 4720 Canonum
1847 4703 1865 4732 ,
1905 4677 2027 4734 qua:

440 4769 692 4817 servatur
720 4761 773 4815 in
800 4759 1130 4816 Bibliotheca
1163 4760 1442 4814 Vaticana.
1481 4775 1501 4808 ι

514 4851 598 4918 VI.
631 4853 786 4918 Hunc
815 4853 1002 4910 locum
1031 4867 1152 4908 eum
1185 4858 1405 4905 vocaret
1426 4848 1494 4908 ad
1523 4859 1751 4902 examen
1775 4845 1903 4904 dial.
1933 4845 2022 4908 20.

436 4944 707 5002 Antonius
749 4943 1106 5014 Augustinus,
1139 4942 1255 4998 haec
1280 4939 1428 4997 addit
1459 4957 1473 4994 :
1505 4938 1563 4994 Is
1592 4937 1726 4992 liber
1765 4937 2026 5009 (Diurnus

438 5035 740 5110 Romanus)
763 5051 870 5090 non
888 5043 1080 5099 exstat,
1103 5031 1242 5104 quod
1283 5031 1467 5093 sciam.
1501 5031 1598 5086 hoc
1620 5029 1798 5092 titulo,
1821 5030 2024 5100 profes-

435 5128 600 5186 tionis
613 5139 786 5182 tamen
818 5125 920 5180 vidi
955 5124 1154 5194 aliquot
1181 5120 1436 5193 exempla.
1455 5121 1595 5190 Quin
1623 5123 1788 5176 etiam
1814 5122 1868 5176 in
1900 5123 2024 5193 Epi-

439 5225 585 5275 tome
611 5218 753 5287 juris
781 5213 1042 5288 pontiﬁcii
1074 5212 1270 5267 veteris
1301 5213 1439 5268 libro
1465 5229 1517 5267 v.
1549 5213 1633 5268 tit.
1660 5229 1712 5268 ι.
1758 5229 1878 5284 cap.
1929 5214 2019 5269 54.

439 5315 735 5370 maximam
762 5308 1001 5381 ejusdem
1028 5303 1381 5379 professionis
1426 5317 1638 5382 partem
1667 5307 1905 5366 exhibet.
1938 5307 2024 5366 In-

437 5411 645 5472 tegram
675 5414 744 5454 ex
773 5395 1013 5464 ejusdem
1066 5397 1352 5466 Augustini
1407 5399 1614 5453 chartis
1663 5397 1927 5454 Baronius
1969 5399 2022 5452 in

436 5491 672 5548 Annales
699 5491 768 5544 ad
808 5504 1009 5543 annum
1049 5489 1172 5546 869.
1205 5490 1453 5555 contulit,
1499 5489 1681 5546 multis
1715 5500 1893 5546 tamen
1933 5491 2019 5544 in-

438 5582 738 5652 terpolatis,
766 5583 962 5652 quibus
1007 5584 1110 5639 etsi
1140 5591 1291 5638 caret
1326 5584 1379 5638 in
1429 5583 1666 5650 Diurno,
1712 5601 1849 5654 opus
1901 5593 2022 5640 erat

438 5674 806 5741 nihilominus,
840 5685 900 5730 ut
922 5677 989 5732 ad
1023 5677 1146 5732 noni
1173 5676 1353 5732 szeculi
1379 5692 1536 5730 usum
1571 5686 1865 5746 aptaretur.

511 5765 618 5819 VII.
638 5765 1002 5824 Vetustissimi
1027 5767 1240 5824 Codicis
1267 5767 1679 5837 quaternionem
1709 5781 1896 5831 unum,
1925 5774 2020 5822 aut

437 5855 670 5913 alterum
700 5859 909 5916 viderat
937 5859 1184 5916 eruditus
1229 5857 1509 5924 Labbeus,
1545 5855 2018 5928 fragmentumque

2133 3941 2299 3997 super
2327 3935 2725 3998 nongentarum
2764 3928 2988 3988 circiter
3039 3942 3307 3982 annorum
3333 3935 3551 3984 atatem
3601 3946 3728 4000 pro-

2132 4020 2254 4090 prio
2292 4018 2467 4074 Latini
2488 4019 2788 4075 caracteris
2813 4017 2973 4072 modo
3009 4016 3280 4088 loquitur;
3309 4026 3366 4074 et
3393 4029 3453 4075 ut
3479 4029 3727 4078 caracter

2133 4112 2340 4174 sileret,
2381 4111 2608 4164 suadent
2645 4117 2827 4164 tamen
2871 4109 3100 4182 reliqua,
3135 4127 3259 4166 nam
3287 4128 3411 4168 cum
3443 4130 3726 4174 recensen-

2132 4212 2222 4254 tur
2247 4200 2445 4254 summi
2479 4199 2790 4265 Pontiﬁces,
2816 4195 3057 4255 Concilia
3082 4211 3136 4256 et
3161 4201 3545 4273 Imperatores,
3576 4208 3630 4262 in
3658 4221 3724 4264 eo

2127 4291 2362 4355 sistitur,
2391 4291 2534 4346 unde
2558 4289 2719 4354 facile
2745 4299 2876 4350 tetas
2906 4291 3229 4355 innotescat.
3261 4292 3410 4350 Inter
3434 4296 3724 4356 Pontiﬁces

2129 4382 2394 4454 postremi
2415 4381 2756 4452 appellantur
2781 4382 3046 4441 Martinus
3085 4384 3127 4439 Ι.
3157 4394 3212 4440 et
3238 4385 3472 4458 Agatho,
3505 4403 3571 4450 ex
3599 4391 3724 4461 qui.

2129 4475 2231 4531 bus
2263 4474 2353 4530 ille
2373 4489 2517 4531 anno
2538 4473 2661 4530 665.
2685 4475 2787 4532 iste
2817 4490 2961 4532 anno
2994 4476 3120 4534 682.
3147 4477 3282 4534 obiit
3319 4495 3334 4530 :
3372 4479 3517 4541 inter
3553 4494 3724 4551 gener

2131 4566 2263 4621 ralia
2300 4565 2539 4622 Concilia
2585 4566 2837 4622 ultimum
2891 4577 3226 4628 memoratur
3274 4579 3490 4632 sextum
3516 4611 3532 4638 ,
3575 4572 3722 4643 quod

2127 4661 2371 4718 habitum
2398 4679 2538 4717 anno
2558 4661 2682 4719 680.
2699 4664 2804 4718 etsi
2827 4664 3055 4720 aliorum
3087 4665 3398 4722 meminisse
3419 4681 3556 4736 opus
3577 4674 3722 4734 erat,

2131 4755 2217 4811 vel
2262 4757 2518 4823 maxime,
2563 4758 2608 4812 si
2631 4755 2742 4826 jam
2771 4760 3128 4816 exstitissent.
3173 4759 3322 4820 Inter
3361 4761 3720 4834 imperatores

2127 4847 2517 4910 Constantinus
2558 4849 2867 4922 Pogonatus
2907 4861 3210 4916 extremum
3243 4851 3420 4910 locum
3464 4859 3715 4922 occupat,

2129 4941 2435 5012 diciturque
2462 4957 2634 5012 nuper
2675 4944 2919 5015 coegisse
2957 4943 3516 5013 sextumceecilium;
3543 4943 3719 5017 Ροιον

2128 5047 2291 5091 natus
2320 5052 2451 5092 vero
2479 5037 2612 5092 obiit
2634 5052 2778 5092 anno
2801 5037 2923 5094 688.

2201 5129 2290 5184 XI.
2323 5129 2592 5186 Collectus
2617 5140 2701 5186 est
2735 5131 2899 5202 igitur
2932 5129 3168 5186 Diurmrs
3206 5136 3329 5202 post
3357 5147 3561 5188 meum
3590 5131 3714 5188 685.

2131 5221 2224 5277 sed
2248 5235 2355 5292 quo
2387 5222 2669 5292 tempore?
2717 5237 2840 5276 cum
2869 5221 2932 5276 de
2977 5221 3322 5288 ordinatione
3347 5225 3542 5281 summi
3588 5237 3717 5300 pon-

2130 5315 2293 5374 tiﬁcis
2325 5315 2465 5376 inter
2511 5313 2769 5376 formulas
2800 5324 3158 5371 numerentur
3203 5315 3352 5382 duae,
3403 5317 3600 5388 quibus
3648 5315 3716 5376 ad

2131 5407 2427 5460 exarchum
2477 5405 2838 5462 scribebatur.
2892 5404 3138 5479 Cumque
3189 5406 3415 5470 exarcbi
3479 5405 3713 5466 instituti

2127 5494 2236 5548 sint
2273 5509 2414 5547 anno
2453 5491 2575 5546 567.
2608 5493 2746 5562 pulsi
2779 5509 2922 5550 anno
2971 5497 3094 5551 752.
3139 5510 3362 5550 necesse
3403 5502 3486 5550 est
3530 5494 3710 5562 fateri,

2127 5583 2412 5638 collectum
2444 5598 2562 5637 esse
2589 5597 2656 5637 eo
2682 5585 2944 5655 temporis
2975 5586 3278 5652 intervallo,
3303 5585 3444 5656 quod
3475 5587 3544 5644 ab
3569 5604 3712 5644 anno

2123 5673 2247 5729 567.
2282 5675 2347 5728 ad
2383 5689 2585 5728 annum
2613 5674 2734 5729 752.
2766 5675 2990 5730 efﬂuxit.

2194 5764 2305 5819 KH.
2342 5763 2399 5819 Si
2430 5781 2557 5819 vera
2588 5776 2772 5822 essent
2798 5767 2926 5831 duo,
2952 5781 3072 5836 qua:
3099 5765 3364 5822 Baronius
3392 5782 3459 5822 ex
3484 5765 3712 5822 Anasta-

2121 5858 2204 5918 sio
2253 5857 2668 5918 bibliothecario
2715 5858 2926 5928 prodit;
2973 5857 3210 5917 alterum
3271 5876 3303 5915 a
3353 5858 3708 5916 Constantino
