4062 6444
329 381 400 440 15
1215 373 1656 432 ROMANORUM
1695 373 1895 435 ΡΟΝἸἾ

1999 371 2142 430 IUM.
2183 380 2253 427 -ἐ-
2290 373 2682 435 ΡΒΑΞΡΑΤΙΟ.
3508 385 3583 448 υ

327 508 606 577 Pogonato
628 501 936 558 restitutam
967 497 1131 556 fuisse
1167 498 1468 554 Ecclesiam
1497 499 1799 552 Romanam
1843 493 1900 547 in
1925 495 1982 558 Α
2003 491 2196 558 solent,
2225 492 2418 550 doctus
2443 495 2796 566 experientia,
2829 493 3062 567 reiectas
3105 500 3296 571 procul
3337 518 3370 560 ι
3399 505 3582 577 θείω,

326 600 417 671 jus
468 613 626 651 suum
675 595 898 666 eligendi
934 608 998 648 ac
1046 591 1330 647 ordinandi
1382 590 1673 660 pontiﬁcis,
1716 587 1903 644 remis-

319 703 560 759 sumque
596 687 832 743 debitum
873 684 1118 755 petendae
1157 683 1225 738 ab
1271 683 1599 752 imperatore
1643 688 1700 734 et
1743 692 1902 733 exar-

329 784 434 838 cbo
481 779 807 835 assensionis
855 795 866 830 :
917 777 1182 840 alterum,
1230 773 1491 828 Joannem
1542 772 1608 825 ν.
1657 770 1903 838 aliosque

318 878 722 942 consequentes
780 882 1120 926 successores
1139 907 1156 932 ,
1223 881 1289 921 ea
1357 864 1609 919 libertate
1663 869 1903 931 postmo-

330 965 458 1020 dum
511 964 575 1017 ad
613 974 780 1030 usque
823 968 1065 1028 tempora
1107 955 1285 1011 Caroli
1327 954 1503 1026 Magni
1533 959 1901 1019 consecratos,

329 1055 700 1111 aflirmandum
741 1059 904 1116 esset,
934 1049 1310 1106 collectionem
1345 1048 1492 1104 banc
1533 1045 1736 1102 factam
1781 1058 1902 1100 esse

319 1155 456 1202 ante
475 1159 676 1212 annum
715 1141 839 1200 685.
867 1139 1087 1212 quando
1117 1137 1334 1208 quidem
1379 1135 1618 1192 Joannes
1639 1136 1704 1190 ν.
1736 1135 1791 1190 in
1820 1150 1902 1189 se-

328 1237 451 1292 dem
480 1207 847 1306 :tpostolicam
877 1207 1118 1288 ascendit
1137 1207 1277 1284 anno
1304 1229 1428 1283 685.
1460 1229 1545 1283 die
1575 1227 1663 1280 2:2.
1689 1235 1786 1282 aut
1808 1226 1898 1289 9.5,

322 1325 478 1382 Julii.
532 1327 731 1382 Verum
785 1340 905 1394 quae
955 1321 1218 1380 Batonius
1274 1321 1480 1385 tradit,
1535 1318 1903 1390 explicatione

325 1427 522 1488 egent,
558 1427 612 1473 et
659 1418 862 1488 epocha
891 1417 1013 1471 inde
1042 1415 1267 1470 collecta
1305 1430 1336 1468 a
1380 1413 1611 1477 veritate
1652 1411 1905 1468 Historiae

325 1511 590 1566 abhorret
616 1529 629 1564 :
657 1525 785 1566 nant
823 1509 948 1566 ﬁdei
979 1507 1347 1578 professiones
1397 1505 1514 1562 dure
1558 1503 1902 1560 Constantini

318 1599 434 1669 jam
460 1600 697 1655 defuncti
734 1599 1114 1654 meminerunt.
1143 1595 1440 1654 Defunctus
1465 1610 1595 1652 vero
1635 1604 1719 1650 est
1759 1608 1903 1649 anno

321 1690 452 1748 685.
496 1707 683 1748 mense
717 1691 1044 1764 Septembri,
1073 1689 1284 1748 duobus
1313 1688 1430 1746 fere
1473 1687 1752 1746 mensibus
1784 1693 1906 1759 post

320 1781 548 1836 Joannis
573 1783 986 1837 ordinationem.

2004 593 2098 640 aut
2121 583 2386 640 laboriose
2411 584 2538 656 legi,
2563 595 2727 657 atque
2752 588 2826 642 ita
2851 588 3130 656 lectorem,
3157 607 3242 646 vet
3272 605 3586 667 exoptatum

1999 673 2242 730 fractam
2263 690 2373 730 non
2399 691 2616 746 capere,
2637 679 2722 734 rei
2750 695 2872 736 cum
2899 681 3130 738 obscura
3157 683 3404 754 ofendit,
3429 688 3586 752 fasti-

2001 767 2156 823 diose
2196 767 2397 822 librum
2431 767 2692 838 abjicere.

2075 857 2260 912 XVllI.
2298 857 2425 913 Visa
2441 869 2573 919 sunt
2615 869 2797 917 autem
2821 863 2929 918 tria
2961 864 3017 919 in
3061 866 3206 922 notis
3237 868 3583 938 potissimum

2003 949 2352 1017 exponenda,
2403 949 2693 1016 Historica,
2727 952 3058 1024 Dogmatica,
3087 965 3144 1013 et
3181 974 3303 1030 quae
3332 962 3586 1019 dicuntur

2001 1035 2226 1092 Critica.
2261 1037 2536 1096 Historias
2565 1040 2713 1108 dico,
2751 1058 3082 1117 quaecunque
3130 1051 3199 1105 ad
3251 1050 3581 1110 merendam

2003 1126 2253 1182 Historiae
2287 1129 2462 1186 lucem
2509 1134 2844 1201 conducunt;
2893 1137 3236 1210 Dogmatica,
3271 1161 3393 1215 quae
3421 1145 3582 1203 ﬁdem

2001 1215 2324 1286 Apostolicae
2361 1221 2504 1276 sedis
2533 1225 2810 1293 conceptis
2849 1231 3225 1300 expressisque
3268 1236 3449 1291 verbis
3495 1252 3586 1293 ex-

2001 1318 2238 1377 ponunt;
2293 1309 2526 1378 Critica,
2567 1330 2687 1384 quae
2717 1316 2784 1371 ad
2825 1317 3235 1392 intelligentiam
3273 1339 3470 1383 vocum
3510 1330 3586 1385 ri-

2002 1406 2265 1471 tunmque
2301 1409 2546 1460 veterum
2585 1404 2889 1466 conferunt.

2073 1491 2216 1545 XIX.
2264 1491 2395 1550 Tam
2440 1495 2695 1565 pretiosis
2739 1505 2960 1570 tamque
2999 1504 3220 1562 utilibus
3265 1511 3588 1571 venerantis

2005 1584 2343 1654 antiquitatis
2372 1591 2733 1652 monumentis
2755 1607 2920 1650 ausus
2950 1603 3056 1662 est,
3084 1606 3144 1662 ut
3171 1600 3388 1670 quidem
3405 1605 3585 1675 δυερί-

2005 1689 2119 1741 cor,
2150 1675 2508 1746 interpolator
2529 1680 2723 1750 aliquis
2747 1686 3049 1746 recentiOra
3086 1692 3332 1760 quaedam
3357 1701 3413 1750 et
3439 1695 3584 1762 vilia,

2007 1774 2101 1820 aut
2151 1767 2413 1834 inserere,
2450 1780 2544 1824 aut
2595 1773 2785 1828 saltem
2829 1777 3045 1842 addere.
3095 1780 3413 1853 Hujusmodi
3461 1796 3589 1846 sunt

392 1872 528 1928 HL
561 1873 705 1930 Nihil
729 1871 1060 1944 probabilius
1087 1869 1194 1926 dici
1230 1885 1388 1940 posse
1417 1885 1560 1935 reor,
1609 1868 1743 1924 nihil
1775 1867 1906 1924 deti-
1925 1845 1980 1922 Β
2007 1860 2187 1928 aliqua
2214 1860 2537 1931 Apostolicze
2563 1867 2911 1932 auctoritatis
2944 1845 3251 1944 privilegia,
3287 1891 3395 1934 non
3431 1877 3589 1950 longe

321 1964 425 2018 niri
451 1964 677 2027 certius,
703 1980 863 2033 quam
888 1966 1028 2032 quod
1073 1961 1142 2015 ad
1191 1961 1435 2031 Gregorii
1455 1961 1520 2016 ll.
1568 1962 1740 2032 prima
1773 1969 1906 2038 tem-

317 2069 453 2126 pora
493 2054 785 2124 pertineat,
827 2053 1002 2122 sitque
1050 2052 1382 2122 compositus
1425 2051 1584 2120 paulo
1631 2060 1754 2122 post
1803 2069 1903 2106 an-

319 2158 452 2197 num
480 2143 601 2196 7M.
649 2143 704 2196 id
747 2143 891 2197 enim
931 2143 976 2196 si
1009 2152 1240 2212 ponatur
1267 2183 1282 2208 ,
1335 2150 1634 2213 congruenti
1679 2145 1902 2212 omnia,

302 2234 764 2306 ,consentientque
807 2242 918 2288 tum
967 2233 1110 2288 inter
1159 2248 1237 2298 se,
1279 2241 1392 2288 tum
1449 2233 1721 2299 HiSlOI'itE,
1759 2242 1817 2289 ut
1849 2235 1904 2289 in

318 2327 788 2382 observationibus
805 2327 1172 2392 annotabitur,
1194 2336 1355 2397 prout
1376 2343 1494 2383 sese
1518 2343 1604 2384 res
1627 2337 1681 2382 et
1705 2338 1904 2400 tempo-

315 2417 399 2474 ris
425 2425 564 2471 notae
593 2415 837 2471 offerent.

397 2509 530 2563 XIV.
560 2509 650 2562 Est
670 2510 770 2563 iste
798 2523 959 2578 porro
988 2508 1150 2563 Libcr
1179 2508 1417 2564 Marculii
1445 2509 1715 2566 Formulis
1742 2520 1902 2570 aetate

316 2600 606 2672 posterior,
639 2601 684 2655 si
715 2601 874 2655 modo
917 2616 1042 2658 vere
1088 2599 1384 2656 adiuuetur
1422 2602 1711 2658 Marculfus
1758 2620 1901 2662 anno

318 2687 446 2742 660.
506 2689 814 2758 scripsisse;
853 2700 1175 2760 argumento
1227 2699 1404 2746 tamen
1459 2702 1680 2764 praestat
1727 2711 1901 2754 :nam

317 2777 578 2837 formulas
604 2782 843 2836 continet
875 2781 1236 2838 Marcullianis
1259 2783 1533 2852 regalibus
1562 2793 1618 2841 et
1654 2787 1901 2856 pagcnsi-

318 2872 423 2926 bus
448 2886 511 2926 eo
541 2872 1106 2938 commendabiliores,
1152 2874 1294 2942 quod
1340 2874 1736 2930 Ecclesiastic'n
1765 2877 1894 2954 sint,

321 2961 465 3032 quod
514 2963 836 3032 pontiiiciae,
885 2965 1029 3034 quod
1083 2966 1148 3020 ad
1193 2965 1471 3020 historiam
1510 2968 1898 3024 conducibiliu-

317 3071 429 3122 res,
467 3057 612 3126 quod
659 3072 766 3111 non
811 3059 1202 3113 contrahantur
1231 3061 1493 3130 angustiis
1523 3061 1679 3116 unius
1718 3062 1893 3132 regni,

2005 1954 2262 2010 distantia
2283 1955 2352 2010 ab
2375 1955 2462 2020 iis,
2494 1971 2616 2026 quae
2653 1959 2880 2022 eruditis
2904 1976 3014 2020 non
3041 1964 3330 2024 admodum
3353 1968 3589 2038 proban-

2006 2053 2094 2100 tur
2126 2064 2137 2098 :
2164 2062 2288 2100 nam
2315 2047 2802 2106 interminationes
2830 2052 3214 2124 damnationis,
3239 2075 3358 2120 cson
3383 2058 3589 2122 Saulus

2003 2138 2218 2210 ejusque
2249 2139 2483 2210 Pompis,
2527 2151 2575 2196 et
2607 2142 2874 2211 proditore
2897 2144 3067 2214 Iuda,
3093 2147 3250 2206 facta
3283 2167 3314 2205 a
3355 2154 3586 2210 summis

2001 2229 2366 2301 pontiﬁcibus,
2389 2231 2651 2288 adversus
2674 2233 2822 2304 ipsos
2851 2251 3069 2308 quoque
3103 2240 3246 2300 sedis
3263 2240 3587 2312 Apostolicae

1999 2337 2366 2388 successores,
2399 2339 2498 2395 pro
2519 2325 2684 2382 rebus
2703 2343 2810 2384 non
2843 2331 3201 2400 gravissimis,
3224 2334 3308 2391 vel
3341 2338 3588 2406 supposi-

2003 2413 2133 2468 titiae
2155 2425 2300 2481 sunt,
2324 2416 2409 2471 vel
2446 2417 2718 2488 sequioris
2751 2421 2870 2476 aevi.
2907 2421 3014 2478 Sed
3043 2424 3111 2480 de
3133 2425 3360 2498 singulis
3386 2429 3588 2501 sigilla-

2002 2505 2097 2564 tim
2129 2508 2185 2562 in
2216 2509 2379 2565 netis.

2074 2597 2191 2650 XX.
2240 2597 2628 2669 Complectitur
2681 2602 2846 2682 Liber
2895 2603 3172 2672 Diumus,
3231 2621 3394 2678 quem
3444 2611 3588 2669 inte-

2001 2705 2180 2759 grum,
2211 2691 2422 2759 opinor,
2467 2694 2715 2760 edimus,
2757 2695 2940 2751 titulos
2987 2699 3212 2758 omnino
3263 2709 3480 2763 centum
3531 2713 3586 2766 α

2001 2787 2253 2848 quatuor.
2309 2780 2368 2836 In
2419 2781 2617 2842 Codice
2659 2787 3030 2857 manuscripto
3074 2789 3458 2853 describuntur
3503 2797 3583 2855 illi

2001 2870 2257 2925 continua
2290 2873 2446 2938 serie,
2476 2874 2592 2929 sine
2632 2875 2740 2930 ulla
2771 2878 2859 2934 vel
2879 2878 3142 2937 divisione
3169 2884 3354 2953 aperis
3379 2885 3434 2941 in
3459 2902 3586 2956 ρων

1997 2972 2102 3027 tes,
2137 2965 2222 3019 vel
2257 2965 2638 3028 distributione
2681 2970 2924 3040 partium
2957 2972 3016 3030 in
3047 2975 3245 3045 capita,
3294 2978 3382 3034 vel
3430 2982 3580 3051 capi-

1999 3064 2114 3110 tum
2146 3058 2489 3115 distinctione
2528 3076 2627 3132 pro
2675 3063 2906 3119 diversis
2950 3068 3306 3137 argumentis.
3340 3069 3402 3126 Id
3448 3087 3580 3134 vero

316 3149 461 3218 quod
516 3147 822 3202 Latinitatis
873 3164 1120 3219 magnam
1163 3162 1374 3220 partem
1430 3152 1699 3217 melioris,
1751 3152 1894 3222 quod
1923 3215 1967 3233 ⁸
1996 3165 2110 3207 non
2169 3153 2400 3221 mirum,
2448 3156 3040 3227 siquidem'veteribus
3095 3163 3359 3233 dusmodi
3415 3170 3583 3228 rebus

315 3215 384 3296 ex
437 3240 830 3308 antiquioribus
867 3247 1156 3309 excerptm.
1196 3240 1384 3296 Plures
1417 3243 1558 3296 enim
1601 3243 1895 3313 desumptae
1921 3215 1967 3284 δ
2001 3258 2108 3298 non
2157 3261 2281 3304 raro
2316 3248 2513 3302 accidit
2551 3268 2564 3303 :
2598 3250 2721 3321 quis
2748 3251 2923 3319 enim,
2973 3262 3032 3310 ut
3069 3215 3259 3314 siieam
3303 3259 3577 3322 confusi“

314 3341 538 3388 suntex
578 3322 820 3402 epistolis
866 3322 1112 3404 Gregorii
1162 3334 1339 3406 Magni
1383 3335 1719 3406 aliorumque
1761 3352 1896 3407 pon-

315 3424 560 3490 tiﬁcum,
619 3425 910 3494 aliquando
963 3426 1216 3498 integrae,
1263 3434 1355 3482 aut
1405 3429 1592 3497 paucis
1641 3429 1895 3484 immuta-

311 3516 420 3581 tis,
455 3517 744 3588 aliquando
766 3529 1008 3592 exparte
1042 3530 1290 3578 tantum:
1324 3525 1469 3594 quod
1496 3525 1550 3578 in
1575 3525 1721 3581 notis
1756 3526 1895 3580 indi-

311 3607 580 3662 cabimus.

388 3699 509 3756 XV.
555 3700 917 3763 Quod'autem
945 3701 1055 3756 dixi
1103 3702 1169 3757 de
1208 3701 1476 3769 formulis,
1513 3706 1688 3776 quoad
1719 3705 1897 3761 locum

309 3789 462 3846 unde
484 3789 690 3846 hausta:
715 3800 860 3858 sunt,
881 3807 988 3846 non
1018 3793 1240 3861 perinde
1260 3793 1484 3864 intelligi
1506 3796 1664 3849 debet
1685 3797 1750 3851 de
1776 3812 1897 3866 pro-

312 3878 644 3934 fessionibus
695 3880 856 3946 fidei,
899 3881 1126 3950 aliisque
1173 3885 1240 3936 ad
1293 3884 1726 3953 ordinationem,
1781 3895 1892 3944 tum

311 3972 513 4027 summi
555 3971 842 4042 pontiﬁcis,
895 3983 1008 4028 tum
1059 3976 1295 4045 episcopi
1343 3979 1741 4048 pertinentibus
1791 3981 1894 4036 :id

315 4061 458 4115 enim
507 4069 600 4115 aut
649 4061 761 4117 fere
810 4071 1011 4129 totum,
1061 4072 1154 4118 aut
1199 4081 1450 4136 magnam
1499 4078 1742 4138 partem,
1794 4070 1890 4126 de-

312 4162 586 4224 sumptnm
630 4155 841 4211 videtur
875 4157 1061 4221 exiis,
1109 4173 1229 4227 quae
1278 4159 1332 4213 in
1376 4160 1713 4215 ordinatione
1758 4177 1893 4230 pon-

314 4246 546 4310 tificum,
595 4247 754 4317 paulo
778 4259 900 4317 post
931 4257 1139 4303 sextam
1185 4251 1469 4326 synodum,
1502 4254 1843 4323 contigerunt
1871 4271 1886 4310 :

311 4356 437 4396 nam
491 4338 851 4410 professiones
883 4341 1007 4395 ﬁdei
1053 4357 1084 4396 a
1130 4341 1498 4410 superioribus
1545 4343 1891 4412 pontiﬁcibus

309 4433 557 4496 emissae,
609 4448 730 4486 cum
789 4431 1162 4501 pontificatum
1232 4441 1610 4502 capesserent,
1662 4433 1890 4492 multum

314 4519 568 4574 differunt
598 4522 666 4575 ab
714 4521 817 4592 iis,
857 4536 990 4590 quas
1016 4521 1254 4587 edimus,
1290 4528 1348 4575 ut
1377 4537 1446 4576 ex
1477 4521 1766 4578 collatione
1791 4538 1888 4594 pa-

313 4615 467 4673 tebit.

383 4703 518 4760 XVI.
538 4703 808 4774 Quantum
836 4705 1036 4762 laboris
1051 4705 1176 4777 poni
1200 4705 1447 4761 debuerit
1470 4705 1524 4760 in
1549 4707 1884 4768 emendando

311 4795 526 4860 Codice,
549 4812 708 4864 quem
741 4796 988 4865 imperita
1036 4811 1229 4851 manus
1271 4796 1624 4850 describendo
1658 4797 1884 4854 vitiave-

313 4897 413 4952 rat,
439 4891 531 4942 vix
566 4904 664 4960 ego
687 4889 800 4956 ipse
839 4887 970 4942 mihi
999 4888 1194 4953 credo;
1233 4887 1480 4957 religiose
1521 4898 1701 4942 tamen
1741 4888 1880 4953 cavi,

307 4996 380 5038 ne
405 4981 536 5049 quid
563 4982 908 5050 corrigerem,
953 4989 1150 5051 praeter
1181 4980 1541 5044 soloecismos,
1570 4981 1885 5052 ineptasque

311 5085 519 5134 vocum,
559 5071 644 5125 vel
696 5071 1163 5140 transpositioncs,
1214 5071 1300 5125 vel
1343 5071 1758 5139 distractioncs,
1801 5073 1887 5146 vel

311 5162 738 5232 coniunctiones,
768 5164 854 5218 vel
881 5165 1256 5236 repetitiones,
1305 5164 1389 5220 vel
1430 5164 1596 5219 etiam
1643 5166 1890 5222 omissio-

310 5270 460 5309 nes:
505 5257 713 5311 correxi
771 5273 932 5322 vero,
991 5261 1203 5328 quoties
1250 5258 1442 5322 licuit,
1497 5274 1606 5312 non
1671 5259 1886 5326 aliunde

309 5364 474 5419 quam
498 5365 566 5406 ex
594 5350 766 5416 libris,
796 5349 936 5404 unde
974 5349 1217 5408 formulae
1256 5351 1551 5422 desumpta:
1575 5358 1722 5416 sunt,
1752 5368 1887 5423 prae-

309 5445 496 5498 sertim
534 5459 601 5498 ex
628 5443 862 5514 Regcsto
882 5443 1129 5512 Gregorii
1159 5442 1337 5512 Magni
1379 5443 1712 5516 aliorumque
1754 5460 1886 5516 pon-

311 5537 516 5596 tiﬁcum
551 5538 813 5607 epistolis.

380 5627 540 5683 XVII.
572 5627 740 5684 Notas
763 5629 962 5695 addidi,
986 5629 1180 5698 quibus
1203 5634 1322 5682 erat
1341 5642 1506 5696 opus;
1549 5629 1694 5698 quod
1725 5644 1884 5701 nemo

309 5722 399 5790 qui
437 5722 631 5794 legerit
673 5739 780 5780 non
825 5733 909 5779 est
952 5723 1108 5778 facile
1155 5721 1399 5777 fassurus
1438 5737 1452 5775 :
1495 5738 1588 5778 eas
1614 5739 1742 5780 vero
1776 5740 1884 5782 non

313 5814 474 5884 reieci
501 5818 556 5872 in
603 5819 828 5874 alteram
869 5818 1155 5874 voluminis
1198 5825 1427 5888 partem,
1479 5817 1620 5884 quod
1666 5820 1886 5890 quidam

1909 4568 1964 4634 ι)

1997 3335 2167 3398 sinas
2216 3338 2480 3408 plurimas
2523 3357 2794 3403 canonum
2853 3345 3202 3406 collectiones
3223 3391 3240 3416 ,
3283 3352 3406 3421 quis
3427 3395 3444 3421 ,
3495 3354 3580 3411 in-

1999 3442 2160 3497 quam
2181 3470 2196 3495 ,
2236 3430 2292 3484 in
2319 3431 2682 3491 Marculﬁanis
2715 3435 2988 3494 Formulis
3015 3440 3186 3497 ordo?
3210 3457 3332 3513 qua:
3351 3445 3584 3516 disposi-

2003 3518 2165 3574 tionis
2209 3520 2388 3576 ratio?

2072 3606 2210 3660 XXI.
2241 3606 2627 3666 Verumtamen
2667 3613 2760 3682 qui
2791 3613 3008 3669 videtur
3031 3617 3168 3672 ordo
3205 3618 3471 3689 deﬁcere,
3499 3621 3584 3682 [ιο

1999 3697 2100 3750 cile
2125 3704 2303 3766 potest
2320 3700 2643 3769 suppleri,si
2661 3703 2898 3762 Diurnus
2917 3714 3065 3764 totus
3085 3708 3290 3768 divisus
3309 3711 3493 3782 fuerit,
3518 3723 3580 3772 ut

1997 3805 2190 3845 revera
2236 3797 2353 3856 est,
2391 3794 2637 3861 quamvis
2687 3811 2800 3851 non
2846 3797 3132 3866 indicetur,
3170 3803 3226 3859 in
3272 3803 3408 3862 duas
3453 3822 3580 3877 par-

1997 3886 2109 3944 tes;
2150 3895 2384 3950 parsque
2417 3883 2567 3952 prior
2594 3899 2690 3940 sex
2735 3887 2914 3957 capita
2947 3890 3374 3960 complectatur;
3398 3905 3580 3966 poste-

1993 3973 2108 4029 rior
2134 3990 2318 4036 unum,
2346 3977 2442 4032 sed
2468 3977 2774 4047 prolixum,
2801 3991 2967 4050 atque
3003 3981 3082 4037 ita
3119 3991 3324 4056 septem
3349 3987 3573 4044 omnino

1993 4066 2169 4134 capita
2201 4067 2454 4124 existant.

2062 4157 2322 4213 Primum.
2352 4159 2430 4214 De
2451 4162 2978 4232 superscriptionibus
3013 4174 3063 4220 et
3087 4167 3574 4242 subscriptionibus.

1992 4248 2093 4301 sub
2123 4265 2229 4316 quo
2261 4251 2544 4307 duodecim
2583 4254 2746 4308 tituli.

2065 4336 2392 4394 Secundum.
2437 4342 2513 4395 De
2554 4342 2886 4399 ordinatione
2922 4346 3117 4406 smmi
3141 4328 3425 4420 poniiﬁcis,
3467 4353 3570 4410 sub

1992 4443 2098 4498 quo
2130 4431 2380 4486 undecim
2419 4433 2578 4488 tituli.

2063 4521 2322 4578 Tertium.
2349 4524 2427 4579 De
2466 4526 2798 4586 ordinatione
2839 4531 3064 4604 episcopi
3102 4549 3365 4594 asumma
3397 4538 3573 4610 ponti-

1993 4611 2108 4680 ﬁce,
2137 4612 2235 4666 sub
2259 4629 2367 4683 quo
2394 4615 2536 4670 tituli
2565 4619 2964 4676 novemdecim.

2063 4702 2346 4768 Quartum.
2396 4705 2476 4762 De
2503 4724 2601 4764 usu
2635 4709 2812 4780 pallii,
2847 4711 2954 4774 sub
2991 4729 3101 4787 quo
3146 4715 3284 4774 tituli
3311 4724 3568 4793 quatuor.

2062 4793 2340 4862 Quintum.
2369 4798 2448 4854 De
2467 4806 2700 4871 personis
2724 4815 2772 4862 et
2798 4804 2927 4870 locis
2949 4811 3125 4874 sacris
3141 4852 3159 4879 ,
3185 4813 3294 4874 sub
3317 4829 3431 4885 quo
3469 4830 3572 4877 lto-

1991 4887 2290 4944 vemdecim
2324 4891 2528 4958 pariter
2568 4894 2728 4950 tituli.

2065 4976 2308 5034 Sextum.
2345 4981 2425 5036 De
2463 4984 2612 5039 rebus
2654 4985 2904 5044 Ecclesia:
2936 4995 3283 5063 procurandis
3337 5004 3387 5050 et
3439 4994 3572 5056 alis-

1994 5073 2200 5139 nandis,
2239 5075 2336 5130 sub
2366 5092 2474 5146 quo
2517 5078 2658 5136 tituli
2687 5097 2828 5145 unus
2849 5092 2911 5140 ct
2948 5085 3163 5157 viginti.

2063 5163 2385 5234 Septimum.
2414 5168 2492 5226 De
2514 5171 2728 5228 diversis
2754 5174 3038 5244 privilegiis
3064 5175 3365 5247 apostolipa:
3385 5183 3570 5236 aucto-

1995 5257 2188 5322 ritatis,
2219 5259 2331 5314 sive
2357 5261 2421 5315 de
2448 5264 2753 5329 eximendis,
2777 5266 3043 5333 dotandis,
3059 5266 3421 5335 concedendis,
3445 5286 3571 5330 catt:

1992 5347 2299 5418 ﬁrmandis,
2347 5351 2649 5414 educandis
2697 5357 3028 5423 mansurus
3064 5363 3116 5410 st
3153 5353 3286 5412 locis
3318 5357 3458 5430 piis,
3503 5360 3568 5415 de

1991 5441 2332 5509 pra’positatu
2349 5482 2365 5508 ,
2392 5453 2496 5500 etc.

2061 5538 2225 5598 XXII.
2255 5542 2338 5602 Ad
2365 5545 2421 5600 id
2465 5554 2644 5607 autem
2671 5547 2818 5616 quod
2861 5545 2973 5608 dixi
3013 5547 3080 5606 de
3112 5550 3367 5606 continua
3399 5549 3559 5615 serie.

1990 5645 2117 5700 qua,
2149 5633 2266 5688 sine
2300 5635 2493 5692 idonea
2541 5638 2862 5709 partitione,
2914 5637 3156 5696 formulae
3188 5643 3243 5696 in
3294 5641 3407 5702 MS.
3461 5641 3564 5698 Co-

1991 5723 2110 5780 dice
2139 5725 2541 5795 describuntur,
2571 5729 2874 5786 addendum
2899 5739 3002 5798 est,
3029 5747 3223 5804 magna
3245 5733 3410 5788 etiam
3431 5749 3560 5789 con-

1991 5815 2200 5874 fusione
2227 5821 2542 5891 permisceri
2577 5821 2752 5892 plura,
2778 5837 2897 5896 quae
2924 5823 3068 5894 quod
3095 5823 3300 5880 nullam
3328 5825 3567 5890 habeant
