4062 6444
463 371 538 448 ιβ
1568 414 1573 419 .
1626 382 1627 385 ‘
1811 365 2015 427 LIBER

2157 372 2353 434 IRNUS
3663 389 3733 447 ιθ

454 488 801 559 anitatem,
830 484 976 548 ratio
1007 484 1161 555 jubet
1187 483 1463 556 separari,
1507 496 1713 556 suaque
1745 483 1928 541 ordini
1955 498 2043 539 re-
2067 489 2122 551 Α
2215 490 2450 547 Basilica
2485 506 2605 563 qua:
2630 498 2757 565 post
2800 490 3015 547 ruinam
3054 489 3209 561 juxta
3250 494 3424 566 ipsam
3465 497 3570 556 alia
3601 517 3730 561 con-

456 584 609 647 stitui
642 601 658 639 :
698 581 752 639 id
788 595 917 636 vero
960 587 1219 651 pra:st
1248 588 1475 635 conatus
1522 595 1665 645 sum,
1709 593 1811 633 nec
1856 576 1998 633 ullus
2020 616 2037 644 ,

458 674 670 747 opinor,
704 669 1033 743 improbabit
1052 668 1276 735 factum,
1309 669 1402 741 qui
1440 668 1901 741 perturbationem
1932 666 2044 722 Iuc-

461 764 536 820 rit
560 762 817 818 intuitus:
836 776 899 817 ea
915 776 1047 816 vero
1073 768 1133 815 ut
1156 768 1359 831 pateat,
1378 760 1513 815 duas
1533 758 1763 813 exhibeo
1795 757 2043 812 diversos

457 862 865 929 pugnantesque
884 852 1008 908 libri
1038 852 1228 908 Diurni
1253 851 1486 923 syllabas
1506 889 1523 916 ,
1556 849 1785 905 alterum
1811 847 2042 904 Romani

459 945 692 1016 codicis,
724 944 956 1000 alterum
996 943 1189 998 nostri.
1513 999 1517 1003 ,

409 1062 413 1078 τ
528 1034 716 1093 XXIII.
746 1034 1130 1105 Apagraphum
1158 1049 1227 1088 ex
1256 1031 1403 1089 Urbe
1443 1029 1635 1087 multis
1654 1028 1854 1085 abhinc
1882 1028 2042 1087 annis

459 1128 845 1199 transmissum
884 1125 964 1181 sic
990 1140 1050 1182 se
1073 1125 1257 1180 habet.

560 1298 719 1341 INDEX
752 1296 1115 1340 ιτοιωυωιιυι
1152 1291 1358 1334 CODICIS
1412 1290 1498 1333 IIS.
1553 1286 1933 1338 LN'I‘IQUISSIII.

527 1416 802 1488 Principio
847 1423 1079 1487 quatuor
1112 1411 1244 1469 folia
1288 1423 1513 1465 corrasa
1541 1407 1853 1479 perierunt;
1894 1402 2043 1477 prino

456 1508 659 1582 cipiunt
684 1517 868 1567 tamen
897 1508 950 1563 in
977 1504 1220 1575 reliquiis
1256 1500 1435 1560 adhuc
1462 1498 1796 1571 agnoscitur.

523 1600 825 1658 Indiculum
852 1599 1092 1671 epistolae
1123 1596 1438 1666 faciendas...
1459 1633 1473 1646 .
1494 1632 1509 1647 .
1527 1631 1545 1648 .

508 1694 924 1765 -.Superscriptia
958 1691 1027 1747 ad
1057 1689 1327 1763 princip...
1348 1726 1364 1741 .
1384 1725 1399 1740 .
1417 1724 1435 1742 .

523 1787 754 1843 Domino
787 1786 1052 1857 piissimo,
1086 1791 1198 1838 etc.
1312 1830 1315 1833 ,

524 1879 733 1935 Victori
762 1894 828 1933 ac
862 1877 1178 1947 triumphat.
1198 1912 1213 1927 .
1232 1912 1247 1927 .
1267 1910 1283 1927 .

494 2026 495 2029 η
523 1970 856 2028 Ceterarum
877 1967 1136 2039 capitum,
1154 1972 1249 2021 aut
1270 1960 1627 2019 fomulamm
1644 1956 1872 2027 vestigia
1890 1951 2042 2011 nulla

452 2069 766 2134 supersunt.
1175 2111 1178 2113 λ

523 2152 717 2223 Incipit
760 2148 954 2207 deinde
986 2147 1190 2210 lolium
1228 2143 1479 2216 quintum
1516 2141 1587 2197 ab
1630 2138 1783 2195 hisce
1835 2135 2036 2192 verbis.

516 2244 753 2307 Ordines
768 2242 1147 2315 praetendentes
1172 2236 1319 2293 nulla
1347 2236 1550 2290 ratione
1574 2231 1881 2303 suscipiant,
1903 2238 2038 2297 etc.,

452 2354 575 2412 qua:
611 2337 823 2393 videtur
865 2349 989 2391 esse
1037 2331 1212 2388 {arma
1262 2328 1349 2384 vel
1402 2324 1698 2383 indiculum
1748 2324 1816 2378 de
1862 2320 2042 2376 oﬁicio

451 2446 713 2507 episcopi.

526 2524 841 2592 Sequuntur
866 2519 1060 2576 deinde
1087 2517 1277 2572 ordine
1320 2514 1412 2570 hic
1460 2510 1807 2581 infrascripta
1840 2505 2040 2578 capita.

516 2615 787 2684 Fat-mata
814 2628 978 2684 quam
1017 2610 1217 2681 accipit
1242 2608 1551 2679 episcopus.
1579 2602 1699 2658 Illis
1728 2600 2042 2673 presbyteris

452 2706 784 2771 diaconibus,
811 2712 917 2760 etc.

523 2795 816 2869 Synodale,
846 2801 908 2848 ut
947 2805 1234 2863 episcopus
1277 2787 1504 2844 alterius
1552 2784 1789 2841 civitatis
1827 2783 1884 2838 in
1937 2782 2046 2838 alia

452 2887 696 2947 Ecclesia
729 2885 905 2956 possit
935 2880 1299 2939 incardinari.

498 2980 864 3050 Praeceptum
890 2975 958 3031 de
981 2971 1284 3029 aduuandis
1327 2967 1609 3050 Ecclesiis.
1634 2965 1925 3038 Postquam
1951 2964 2050 3020 ho-

452 3070 590 3129 stilis
605 3113 621 3137 ,
661 3078 767 3127 etc.

2144 590 2350 639 structa
2382 592 2485 639 est.
2518 583 2785 650 Quoniam
2824 584 2991 649 beati,
3021 592 3130 640 etc.

2216 677 2413 734 Petitio
2445 678 2513 733 de
2546 677 2843 734 dedicanda
2872 677 3218 750 Baptisterio.
3250 679 3439 739 Votiva
3480 685 3728 744 solemni.

2143 776 2247 835 tas,
2286 778 2393 825 etc.

2215 861 2559 934 Responsum
2581 862 2866 920 dedicandi
2892 862 3303 937 Baptisterium.
3328 867 3431 925 Ille
3456 869 3603 941 ﬁlius
3628 888 3728 928 no-

2143 963 2282 1020 ster,
2309 962 2415 1010 etc.

2214 1049 2351 1105 Item
2385 1063 2723 1120 responsum.
2748 1048 2850 1104 Ille
2868 1050 3114 1121 petitoria
3150 1053 3319 1119 nobis,
3358 1062 3466 1111 etc.

2144 1236 2182 1290 ἀ
2225 1144 2596 1218 Privilegium.
2658 1144 2922 1212 Quoniam
2987 1162 3192 1218 semper
3258 1158 3381 1203 sunt
3439 1150 3729 1208 conceden-

2185 1254 2249 1292 a.
2287 1244 2395 1292 etc.

2232 1276 2249 1303 ,
2287 1252 2395 1292 etc.

2214 1330 2550 1401 Przeceptum
2590 1329 2659 1386 de
2694 1331 3077 1389 commutando
3106 1331 3249 1390 loco.
3293 1334 3609 1408 Quanquam
3654 1338 3730 1390 rei

2145 1422 2512 1487 commutatio,
2544 1430 2652 1478 etc.

2216 1511 2553 1582 Praeceptum
2615 1513 2959 1569 auctoritatis
3006 1513 3075 1569 de
3127 1513 3392 1573 faciendis
3439 1517 3727 1575 chartulis.

2148 1603 2485 1675 Quaecunque
2507 1604 2578 1658 ad
2608 1603 2925 1671 Ecclesium,
2956 1614 3064 1663 etc.

2214 1697 2351 1753 Item
2377 1697 2541 1781 aliud
2578 1698 2645 1753 de
2665 1695 2913 1753 facienda
2937 1699 3204 1755 chartula.
3235 1700 3488 1767 Quamvis
3508 1719 3590 1769 ea,
3615 1718 3733 1773 qua:

2144 1788 2402 1861 legaliter,
2426 1795 2535 1845 etc.

2065 1853 2119 1920 Β
2194 1853 2555 1955 Ῥι-ωςέρῑυηι
2594 1883 2664 1940 de
2694 1885 3077 1943 commutando
3120 1887 3411 1961 mancipio.
3442 1887 3546 1943 Ille
3572 1887 3731 1942 abbas

2142 1979 2474 2043 monasterii,
2507 1985 2613 2034 etc.

2216 2070 2556 2141 Praeceptum
2584 2069 2652 2125 de
2682 2069 2932 2127 donando
2968 2085 3159 2143 puero.
3192 2070 3345 2127 Nihil
3380 2071 3481 2127 sibi
3527 2071 3739 2126 subtru-

2144 2164 2221 2219 hit
2245 2205 2262 2230 ,
2298 2172 2408 2220 etc.
2684 2181 2688 2185 ·

2216 2254 2555 2325 Praeceptum
2586 2252 2876 2310 libertatis.
2907 2250 3135 2309 Domino
3174 2253 3435 2309 credimus
3476 2252 3590 2309 Deo
3641 2268 3739 2308 no-

2144 2358 2256 2404 stro
2274 2388 2289 2414 ,
2322 2354 2429 2403 etc.

2217 2439 2487 2511 Episcopo
2516 2438 2584 2495 de
2610 2437 2913 2496 ordinando
2955 2440 3293 2513 presbytero.
3325 2436 3606 2510 Presbyter
3646 2437 3737 2509 qui

2144 2528 2395 2587 Basilica:
2417 2571 2432 2598 ,
2469 2540 2576 2587 etc.

2217 2624 2352 2679 Ivem
2382 2623 2450 2678 de
2493 2620 2794 2678 ordinando
2835 2621 3179 2694 presbytero.
3210 2618 3388 2675 Filius
3426 2618 3514 2674 ille
3562 2628 3739 2675 noster

2145 2716 2431 2789 postulavit
2450 2756 2466 2783 ,
2502 2724 2610 2771 etc.

2219 2806 2594 2863 Invitatorium
2621 2806 2688 2859 ad
2730 2802 3047 2873 episcopum
3091 2801 3149 2857 in
3193 2799 3376 2856 natale
3417 2810 3592 2872 papae.
3636 2798 3737 2853 Dei

2146 2898 2317 2954 nostri
2346 2895 2740 2960 misericordia,
2773 2901 2884 2949 etc.

2220 2988 2597 3045 Excusatoria.
2631 2985 2844 3056 Scripta
2867 2983 3212 3053 fraternitatis
3231 2991 3361 3049 tuas,
3392 2990 3499 3039 etc.

2218 3078 2577 3137 Excusatoria
2608 3077 2825 3148 quando
2848 3075 3134 3145 episcopus
3177 3074 3506 3129 inﬁrmatur.
3550 3071 3622 3129 Et
3649 3090 3737 3128 na-

526 3145 727 3220 Pet'itia
775 3159 1133 3218 dedicationis
1181 3154 1429 3215 oratorii.
1476 3152 1706 3208 Domino
1757 3156 1941 3205 sancto
1997 3155 2047 3204 et
2078 3218 2119 3235 Α
2152 3172 2276 3227 mm
2300 3171 2485 3235 ηοδετί,
2517 3178 2623 3224 εις,

460 3257 759 3328 beatissimo
768 3296 794 3327 ,,
806 3262 917 3310 etc.

526 3353 869 3423 Responsum
902 3347 1128 3405 oratorii
1154 3344 1459 3402 dedicandi.
1500 3341 1593 3398 Ill.
1633 3339 1863 3414 petitorii
1900 3338 2048 3394 nobis

452 3447 832 3513 insinuatione.
883 3504 889 3510 ,

532 3538 874 3609 Responsum
901 3534 969 3590 de
998 3534 1265 3607 sperando
1292 3530 1624 3591 sanctuaria.
1662 3527 1755 3583 Ill.
1792 3534 2049 3583 sanctua-

455 3630 540 3703 ria
558 3628 711 3683 beati
730 3667 745 3693 ,
778 3638 887 3683 etc.

522 3716 603 3776 De
636 3717 879 3773 Ievandis
907 3716 1259 3772 sanctuariis.
1290 3713 1384 3769 Ill.
1413 3715 1469 3769 in
1490 3711 1748 3767 oratorio.

525 3811 604 3866 De
645 3809 825 3865 dando
876 3808 1142 3864 beneﬁcia
1206 3804 1266 3861 S.
1316 3803 1528 3877 Angeli.
1588 3800 1679 3857 Ill.
1738 3809 1796 3854 ut
1840 3797 2053 3867 Beneﬁ-

451 3904 559 3962 eia.

523 3991 875 4068 Responsum
904 3994 972 4049 de
998 3989 1298 4048 dedicanda
1319 3987 1561 4043 oratorio
1590 3986 1736 4041 intra
1773 3990 2049 4039 monaste-

454 4093 600 4160 rium
634 4076 1050 4145 monachorum.
1086 4080 1359 4153 Religiosis
1387 4076 1685 4133 desideriis.

470 4211 479 4220 ι
528 4183 606 4237 De
648 4168 943 4237 condendis
981 4169 1235 4243 reliquiis
1268 4172 1410 4226 intra
1446 4166 1856 4225 monasterium.
1902 4164 2050 4220 Reli-

453 4275 616 4349 giosis
642 4270 939 4334 desideriis,
962 4276 1071 4323 etc.

494 4354 607 4423 “De
639 4362 1001 4422 recondendis
1042 4356 1290 4429 reliquiis
1334 4356 1477 4410 intra
1518 4352 1875 4424 episcopium-
1903 4350 2048 4417 ρηο-

460 4461 604 4517 niam
625 4456 847 4511 dilectio
863 4463 975 4508 tua.
1016 4471 1022 4474 ‘

2073 3218 2121 3283 C

2222 3264 2301 3319 De
2321 3276 2421 3317 usu
2446 3258 2615 3329 pallii.
2649 3256 2709 3313 Si
2744 3265 2979 3327 pastores
3014 3255 3210 3320 avium,
3238 3262 3343 3311 etc.

2220 3355 2354 3410 Item
2385 3352 2551 3407 aliud.
2596 3349 2833 3421 Ofﬁcium
2862 3347 3148 3403 sacerdotis
3179 3362 3468 3412 assumere,
3499 3353 3605 3402 etc.

2220 3444 2356 3499 Item
2384 3442 2548 3498 aliud.
2578 3438 2744 3494 Pollii
2769 3455 2946 3504 usum,
2974 3454 3125 3509 quem
3152 3438 3222 3492 ad
3246 3437 3733 3500 sacerdotalis,etc.

2220 3535 2355 3590 Item
2385 3532 2531 3587 aliud
2568 3530 2837 3602 episcopis
2872 3528 3091 3585 Siciliae.
3124 3526 3437 3599 Apostolictc
3462 3524 3602 3581 sedis
3642 3524 3733 3579 be-

2152 3627 2467 3691 nevolentia,
2498 3633 2606 3681 etc.

2221 3717 2522 3775 Tractoria.
2562 3713 2953 3770 Ecclesiusttctc
2998 3727 3173 3766 causa:
3218 3726 3323 3764 non
3379 3710 3594 3780 recepit,
3624 3716 3733 3764 etc.

2223 3810 2356 3865 Item
2383 3807 2684 3864 Tractoria.
2715 3803 3069 3861 Prcesentium
3096 3802 3291 3857 latores
3320 3818 3416 3874 pro
3452 3818 3552 3856 sua
3578 3801 3734 3856 devo-

2149 3902 2310 3966 tione,
2342 3907 2449 3954 etc.

2220 3993 2562 4061 Prazceptum
2592 3995 2757 4046 eunte
2788 3985 3106 4043 ordinatare
3127 3982 3183 4039 in
3203 3980 3550 4054 patrimonia.
3577 3978 3736 4035 Salu-

2149 4087 2230 4142 bri
2264 4084 2610 4157 providentia,
2640 4092 2745 4138 etc.

2221 4179 2355 4234 Item
2381 4178 2525 4233 aliud
2571 4185 2735 4232 eunte
2764 4181 2979 4230 rectore
3006 4171 3063 4228 in
3088 4169 3433 4243 patrimonio.
3450 4161 3733 4235 Quoniam

2148 4270 2205 4328 in
2239 4270 2555 4334 ordinando,
2585 4277 2692 4323 etc.

2221 4362 2438 4417 Colonis
2485 4368 2541 4415 et
2576 4358 2794 4413 familiae
2839 4368 3163 4418 massamm,
3199 4352 3311 4408 sive
3342 4350 3651 4416 fundorum,
3675 4350 3733 4406 in

2147 4455 2426 4528 provincia
2471 4453 2561 4507 illa
2598 4450 2926 4507 constitutae.
2965 4446 3046 4502 Ad
3091 4442 3496 4499 sollicitudinem
3547 4457 3634 4496 vos
3667 4439 3734 4494 il-

520 4547 733 4605 Petilio
752 4541 1012 4617 episcopi.
1039 4540 1121 4594 Ad
1146 4538 1358 4593 laudem
1378 4538 1569 4593 summi
1607 4546 1805 4591 certum
1830 4543 1905 4591 est
1932 4551 2049 4607 per-
2072 4571 2127 4633 Β
2152 4548 2257 4603 (in,
2290 4546 2426 4601 sedi;
2458 4552 2670 4607 ηοειτω,
2704 4548 2811 4597 εις,

458 4646 645 4702 tinere.
668 4652 779 4698 etc.
1646 4672 1649 4673 ν

474 4752 479 4759 '
529 4683 892 4805 Responsum.
916 4726 1206 4783 Basilicam
1225 4764 1242 4791 ,
1278 4737 1437 4794 quam
1462 4719 1669 4775 dilectio
1698 4728 1808 4785 tua,
1831 4724 1937 4773 etc.

472 4836 473 4839 ‘
530 4826 666 4882 Item
693 4835 1037 4893 responsum.
1082 4814 1413 4873 Oblationem
1442 4809 1737 4865 dilectionis
1783 4817 1907 4873 tute,
1936 4816 2043 4863 etc.

492 4973 501 4980 ,
530 4918 801 4990 Episcopo
812 4913 885 4981 de
901 4909 1148 4981 lavandis
1190 4901 1535 4963 sanctuariis.
1553 4900 1771 4957 Noverit
1799 4898 2049 4969 fraterni-

465 5018 546 5067 tas
571 5018 681 5067 tua.
712 5015 823 5063 etc.

532 5049 546 5066 .
571 5049 681 5072 ...η
713 5049 820 5063 νη.

532 5104 668 5159 Item
697 5110 1033 5168 responsum.
1066 5091 1353 5148 Basilicam
1382 5104 1541 5161 quam
1571 5083 1799 5149 dilectio,
1830 5091 1937 5139 etc.

532 5184 669 5250 Item
712 5202 1049 5261 responsum.
1100 5182 1195 5239 Ill.
1236 5191 1285 5236 et
1323 5178 1415 5235 Ill.
1450 5179 1506 5233 in
1548 5176 1661 5233 solo
1691 5175 1791 5230 sibi
1839 5190 2048 5230 conces-

463 5302 522 5342 sa
540 5325 555 5342 .
597 5291 701 5340 etc.

534 5325 670 5433 Item
700 5386 1039 5443 responsum.
1076 5367 1386 5424 Petitionem
1414 5362 1709 5419 dilectionis
1753 5369 1895 5425 tute,
1935 5363 2047 5415 etc.

534 5460 614 5523 De
640 5462 799 5521 altari
827 5460 1141 5520 dedicanda.
1176 5458 1469 5515 Relationis
1493 5467 1620 5521 tua’,
1650 5462 1756 5509 etc.

2224 4638 2561 4706 Praeceptum
2597 4628 3097 4687 commendatitium
3121 4633 3283 4683 eunte
3308 4632 3521 4682 rectore
3557 4626 3613 4682 in
3640 4640 3737 4699 ρας

2154 4727 2432 4792 trimonia,
2458 4724 2528 4779 ad
2550 4721 2788 4793 iudicem
2816 4718 3130 4792 provincias.
3165 4716 3269 4783 Qui
3297 4718 3353 4771 in
3376 4718 3579 4771 actione
3596 4714 3737 4786 posi-

2155 4829 2263 4885 tus,
2294 4826 2401 4874 etc.

2223 4913 2357 4969 Item
2388 4911 2455 4966 ad
2492 4909 2808 4965 Patricium.
2838 4904 2943 4970 Qui
2971 4903 3091 4958 illos
3115 4900 3357 4971 protegit,
3386 4905 3491 4954 etc.

2227 5006 2362 5061 Item
2392 5002 2459 5057 ad
2483 5001 2793 5072 Episcopos.
2836 4994 2928 5051 Illi
2957 4993 3163 5048 notario
3192 5000 3388 5044 sanctis
3412 4997 3605 5045 nostra:
3632 4988 3737 5045 Ec-

2156 5094 2350 5152 clesiae.
2391 5101 2497 5149 etc.

2225 5189 2302 5243 De
2330 5136 2670 5242 ordinatione
2699 5175 2996 5235 Pontiﬁcis.
3029 5172 3277 5230 Psallunt
3302 5174 3591 5230 secundum
3618 5190 3740 5229 can-

2151 5278 2499 5340 suetudinem,
2530 5282 2637 5329 etc.

2223 5354 2303 5423 De
2338 5364 2602 5422 electione
2646 5358 2926 5417 Pontiﬁcis
2973 5358 3042 5416 ad
3084 5357 3408 5430 Principem.
3454 5353 3588 5408 Cum
3630 5367 3737 5408 non

2152 5460 2265 5516 sine
2286 5458 2497 5522 divina',
2528 5462 2634 5511 etc.

2225 5545 2458 5602 Nuntius
2486 5544 2551 5599 ad
2574 5544 2880 5599 Exarchum
2918 5542 2984 5598 de
3010 5541 3263 5597 transitu.
3313 5537 3733 5609 Superscriptia.

2149 5638 2378 5696 Domino
2401 5634 2851 5691 excellentissima.
2888 5633 3049 5688 Novit
3073 5630 3315 5686 humanis
3347 5629 3517 5693 rebus,
3554 5636 3660 5684 etc.

2220 5730 2250 5785 J
2256 5720 2501 5784 udicibus
2512 5728 2800 5782 Ravennae.
2821 5721 3238 5794 Superscriptia.
3262 5720 3485 5777 Domino
3503 5720 3733 5776 emineno

2149 5822 2371 5881 tissime.
2412 5819 2471 5877 Si
2505 5819 2776 5890 beneﬁcia,
2816 5825 2922 5875 etc.
