4062 6442
260 397 319 453 π
1148 386 1585 449 ROMANORUM
1623 380 2054 448 PONTIFICUM
2090 416 2161 430 -—
2200 383 2587 448 PREFATIO.
3450 394 3525 471 η

320 503 405 563 Ad
432 498 856 575 Apocrisiarium
885 498 1171 557 Ravennae.
1220 501 1636 575 Super-scriptio.
1676 500 1826 558 Dile-
1854 500 1911 563 Α
2001 500 2133 557 Item
2220 500 2588 573 Privilegium.
2671 498 2844 558 Tanto
2920 496 3042 573 plus

256 598 484 655 stissimo
506 595 754 667 fratri....
785 592 995 648 Dudum
1018 593 1234 660 obitum,
1262 605 1369 651 etc.

321 686 757 758 Przeceptumde
796 683 1141 742 concedendo
1182 684 1533 744 Monasterio.
1581 686 1834 744 Convenit

256 778 574 852 Apostolico,
601 787 709 835 etc.

323 872 457 927 Item
488 870 652 927 aliud.
685 867 899 941 Semper
919 868 977 923 in
1004 868 1280 941 religiosis,
1312 880 1401 928 etc

320 962 658 1032 Praeceptum
706 961 774 1016 de
826 960 1168 1017 concedendo
1218 962 1591 1021 Xenodochio.
1640 962 1838 1020 Peten-

256 1060 384 1115 tium
412 1059 709 1127 desideriis,
735 1067 843 1116 etc.

317 1154 452 1209 Item
476 1152 640 1208 aliud.
672 1151 777 1218 Qui
799 1153 856 1208 in
886 1151 1173 1208 commissis
1206 1153 1329 1219 sibi,
1360 1159 1467 1209 etc.

321 1246 659 1318 Praeceptum
705 1246 773 1303 de
818 1244 1195 1320 Praepositam.
1239 1244 1510 1312 Quantum
1557 1260 1653 1301 nos
1697 1244 1838 1314 ﬁde.

256 1338 403 1406 lium,
433 1348 541 1396 etc.

318 1428 674 1500 Praeceptum,
708 1431 924 1501 quando
949 1430 1043 1486 ﬁet
1071 1431 1268 1487 absens
1296 1426 1754 1500 Subregionarius
1770 1440 1839 1483 ac

254 1519 628 1592 Regionarius.
655 1521 759 1589 Qui
788 1524 847 1579 in
873 1524 1182 1590 commissis,
1210 1530 1318 1580 etc.

314 1611 680 1684 Praeceptum,
717 1616 932 1685 quando
960 1615 1130 1672 laicus
1160 1620 1501 1682 tonsuratur,
1536 1622 1594 1670 et
1631 1614 1692 1669 lit
1724 1613 1838 1668 Re-

251 1703 545 1774 gionarius.
579 1706 724 1773 Quos
760 1707 909 1763 bona:
936 1710 1076 1775 vitm,
1101 1715 1212 1765 etc.

3128 497 3521 566 Eccle'silistica

1936 609 2039 659 res,
2078 600 2183 649 etc.
3522 636 3525 649 ι

2003 682 2163 739 Aliud
2186 682 2553 756 Privilegium.
2600 682 2794 743 Divina
2831 701 2928 743 nos
2952 684 3297 746 saluberrima
3324 695 3525 764 praeces

1935 784 2047 846 pta,
2076 784 2183 832 etc.
3033 784 3041 787 ’
3313 815 3316 819 ~
3398 806 3401 809 λ

2006 866 2375 939 Privilegium.
2408 868 2543 925 Cum
2582 866 2685 941 piae
2724 871 3043 929 desiderium
3067 873 3368 946 voluntatis,
3407 878 3523 953 etc.

2008 958 2296 1029 Prologum
2324 958 2627 1029 iudicatum
2655 961 2953 1037 Privilegli.
2981 964 3123 1022 Dum
3149 984 3245 1040 pro
3266 968 3527 1044 exequen-

1935 1049 2019 1108 dis
2030 1052 2279 1122 justitia,
2310 1061 2419 1109 etc.
3064 1058 3067 1059 '

2005 1143 2356 1217 Privilegium
2419 1147 2488 1204 de
2529 1146 2824 1205 Diaconiis.
2870 1147 3012 1205 Dum
3075 1168 3172 1223 pro
3226 1150 3527 1224 adipiscen-

1937 1233 2045 1302 dis,
2082 1244 2187 1290 etc.

2007 1329 2382 1401 Privilegium.
2414 1330 2671 1403 Supernae
2689 1333 3039 1390 miserationis
3070 1346 3325 1407 respectu,
3353 1339 3463 1394 etc.

2009 1422 2374 1494 Privilegium.
2407 1423 2682 1479 Summam
2706 1437 2940 1497 gerentes
2965 1428 3393 1495 sollicitudinem,
3416 1440 3524 1488 etc.

2008 1512 2357 1584 Privilegium
2380 1513 2829 1573 conﬁrmationis.
2861 1516 3092 1591 Quisque
3116 1520 3311 1576 intuitu
3352 1522 3525 1593 pictae

1939 1604 2007 1659 tis
2034 1604 2286 1675 gerimus,
2316 1612 2423 1661 etc.

2008 1695 2376 1769 Privilegium.
2406 1697 2540 1754 Cum
2572 1701 2856 1755 exarandis
2879 1700 2978 1756 Dei
2996 1701 3271 1771 laudibus,
3300 1713 3406 1761 etc.
3437 1720 3532 1760 us-

317 1792 655 1867 pmcepmm
683 1798 749 1853 de
787 1797 1135 1854 concedendo
1174 1811 1344 1869 puero
1388 1796 1445 1852 in
1488 1795 1833 1853 monasterio,
1864 1803 2047 1870 ~_.quc
2070 1789 2136 1844 ad
2165 1804 2228 1844 ea
2260 1790 2443 1856 verba,
2478 1808 2597 1845 cum
2618 1793 2845 1863 propriis
2875 1796 3368 1867 congregationibus
3408 1810 3529 1870 quae

254 1884 402 1941 Nihil
420 1890 686 1945 credimus
712 1891 903 1957 minui,
936 1900 1044 1946 etc.

317 1981 659 2052 Praeceptum
684 1983 751 2038 de
781 1983 1125 2039 concedendo
1148 1997 1339 2056 puero.
1370 1982 1629 2056 Exemplo
1662 1992 1844 2055 pasto-

250 2069 375 2126 ralis
401 2072 677 2143 benignit.,
706 2082 812 2130 etc.
1400 2134 1401 2137 η
1446 2089 1457 2104 '

262 2152 269 2158 ’
314 2160 613 2217 Promissio
640 2162 767 2219 ﬁdei
799 2164 1071 2236 Episcopi.
1117 2182 1187 2221 .n
1220 2166 1428 2223 nomine
1453 2165 1692 2235 Domini,
1730 2175 1839 2225 etc.

244 2251 533 2322 Promitto,
562 2262 667 2311 etc.
699 2253 835 2327 Ego,
866 2265 973 2313 etc.

317 2344 510 2402 Cautio
548 2346 814 2420 Episcopi.
846 2348 916 2405 In
950 2351 1158 2408 nomine
1181 2350 1398 2409 Domini
1428 2350 1529 2407 Dei
1558 2350 1839 2409 salvatoris

244 2440 437 2506 nostri,
467 2448 573 2495 etc.

314 2531 615 2589 lndiculum
668 2533 943 2606 Episcopi.
1005 2534 1074 2591 In
1125 2536 1335 2593 nomine
1378 2536 1614 2594 Domini.
1663 2536 1846 2609 Impe-

242 2634 425 2691 rante,
454 2634 559 2682 etc.

316 2714 617 2775 Iudiculum
663 2718 917 2793 Episcopi
962 2720 1030 2778 de
1072 2720 1467 2795 Langobardia.
1526 2720 1597 2779 In
1633 2724 1845 2781 nomine

242 2803 481 2874 Domini,
507 2817 615 2864 etc.

318 2895 669 2971 Privilegium
684 2900 1000 2962 Monasterii
1025 2905 1083 2961 in
1109 2905 1215 2961 alia
1232 2906 1512 2978 provincia
1531 2908 1843 2967 constituti.

244 2982 308 3041 Si
335 3006 538 3062 semper
556 3004 702 3060 sunt,
728 3004 836 3051 etc.

320 3080 626 3152 Decretale,
655 3088 799 3157 quod
823 3087 957 3161 legit
986 3088 1258 3148 Diaconus
1283 3093 1500 3164 quando
1540 3092 1843 3167 EpiscOpus

248 3172 559 3233 discutitur.
591 3178 889 3249 Destitutis,
928 3192 1033 3239 etc.

317 3265 454 3323 Item
510 3268 689 3338 aliud,
748 3274 893 3344 quod
950 3274 1085 3348 legit
1159 3276 1451 3353 Diaconus.
1521 3279 1726 3338 Electio
1786 3282 1844 3339 in

247 3373 374 3427 qua,
405 3368 512 3417 etc.

316 3452 453 3510 Item
506 3455 654 3516 aliud
695 3457 959 3531 ejusdem.
1006 3463 1288 3523 Desideria
1310 3469 1730 3525 venerandorum
1753 3486 1847 3527 ca-

249 3558 470 3611 nonum,
503 3555 611 3604 etc.
1412 3581 1416 3585 <

317 3632 660 3707 Praeceptum
689 3642 835 3699 aliud
871 3645 937 3701 de
965 3650 1311 3705 concedendo
1340 3666 1532 3721 puero.
1566 3651 1846 3708 Credimus

244 3725 317 3779 ad
343 3738 710 3797 augmentum,
736 3740 845 3788 etc.

319 3816 615 3877 Decretum
645 3822 946 3883 Pontiﬁcis.
982 3826 1133 3884 Inter
1165 3839 1353 3887 cmtera
1378 3849 1497 3905 qua:
1520 3850 1739 3890 summie
1765 3835 1850 3890 di-

246 3909 507 3976 vinitatis,
534 3920 639 3968 etc.

317 4000 616 4059 Indiculum
643 4004 944 4065 Pontiﬁcis.
986 4010 1090 4067 Ille
1124 4013 1490 4071 misericordia
1522 4015 1623 4072 Dei
1662 4017 1846 4073 diaco-

251 4106 350 4146 nus
379 4100 429 4149 et
455 4093 667 4164 electus,
700 4106 807 4156 etc.

323 4200 431 4258 Sub
466 4205 562 4261 hoc
597 4209 764 4279 capite
790 4213 1124 4268 continentur
1149 4216 1257 4271 alia
1280 4217 1387 4271 duo
1417 4218 1529 4273 sine
1557 4219 1730 4275 titulo.

324 4294 565 4352 Primum
588 4302 832 4357 continet
853 4304 1246 4374 professionem
1272 4307 1417 4364 ﬁdei.
1453 4309 1555 4366 Ille
1575 4313 1846 4385 episcopus

249 4396 451 4443 sancta
472 4388 781 4461 Catholica,
808 4403 918 4453 etc.

324 4501 408 4556 Ad
457 4503 555 4560 hoc
588 4508 902 4579 Apostolica:
935 4512 1073 4568 sedis
1121 4513 1367 4585 ofﬁcium,
1411 4516 1739 4575 dilectissimi
1778 4519 1846 4591 ﬁ-

247 4594 333 4662 lii,
366 4603 474 4653 etc.

320 4706 570 4766 Alterum
592 4722 835 4772 continet
863 4733 1192 4788 sermonem,
1234 4721 1349 4779 sive
1378 4722 1692 4796 alloquium.
1742 4725 1846 4785 Ille

206 4812 212 4816 ·
247 4796 546 4873 Episcopus
576 4817 772 4862 sancta:
799 4808 1107 4880 Catholica,
1136 4823 1242 4871 etc.

325 4887 591 4949 Hodierni
623 4895 730 4952 diei
773 4897 959 4969 festiva
976 4900 1292 4973 jucunditas
1320 4907 1507 4963 invitat
1542 4926 1672 4977 nos,
1715 4909 1851 4967 dile-

247 4980 494 5049 ctissimi,
524 4992 630 5042 etc.

325 5092 551 5155 Diversa
604 5103 887 5176 privilegia
933 5107 1259 5178 Apostolieaz
1316 5116 1674 5176 auctoritatis.
1741 5117 1845 5178 Ille

245 5184 549 5262 Episcopus
579 5210 756 5251 servus
776 5214 1063 5269 servorum,
1095 5211 1201 5259 etc.

326 5300 677 5393 Privilegium
707 5309 1040 5371 Monasterii.
1081 5314 1308 5375 Credita
1332 5321 1704 5393 speculationis
1744 5325 1849 5379 ima

246 5390 522 5463 pellimur,
554 5405 661 5455 etc.

244 5482 698 5631 mPrivilegium.
751 5494 1087 5566 Spiritalium
1150 5504 1488 5572 praemiorum
1532 5496 1848 5579 muniﬁcen-

336 5616 353 5631 .
380 5584 490 5631 etc.

336 5616 353 5641 ,
380 5584 490 5633 etc.

330 5665 699 5744 Privilegium.
723 5677 856 5735 Cum
884 5698 1077 5753 magna
1100 5683 1247 5739 nobis
1274 5685 1628 5747 sollicitudine
1653 5692 1846 5750 insistit

251 5775 411 5826 cura,
446 5773 553 5820 CIC.

332 5853 699 5935 Pritilegium.
729 5863 979 5924 Convenit
1001 5866 1302 5943 Apostolico
1325 5873 1704 5946 moderamini‘,
1731 5860 1842 5941 etc.

1868 3219 1917 3289 C

1867 1858 1919 1929 Β
1946 1858 2258 1951 regulariter
2281 1881 2335 1935 in
2365 1876 2619 1937 Psalmis.

2014 1934 2224 2029 Caetera
2250 1934 2466 2041 desunt,
2517 1934 2654 2032 nillil
2683 1978 2863 2033 autem
2890 1987 3092 2050 praeter
3115 1934 3368 2037 ultimum
3400 1977 3534 2039 Illud

1844 2108 1854 2123 ς
1942 2066 2133 2125 folium
2159 2069 2349 2126 deesse
2374 2071 2607 2127 videtur.

2244 2162 2314 2218 In
2349 2164 2526 2220 codice
2561 2174 2737 2221 nostro
2760 2161 3226 2241 MS.sielegitur.

2011 2253 2208 2325 Incipit
2237 2256 2626 2328 superscriptio
2676 2258 2745 2314 ad
2795 2257 3122 2333 Principem.
3155 2258 3380 2317 Domino
3407 2262 3534 2335 piis-

1940 2344 2096 2410 sinto,
2118 2354 2223 2401 etc.
2849 2357 2853 2361 '
3100 2358 3103 2361 ‘

2015 2435 2418 2514 Superscriptio
2469 2443 2538 2500 ad
2597 2444 2921 2516 Augustam.
2989 2446 3233 2506 Domina:
3284 2450 3536 2522 piissimi:

1943 2531 2094 2603 filim,
2126 2543 2233 2590 etc.

1993 2622 2420 2699 Superscriptio
2459 2629 2527 2686 ad
2560 2627 2870 2688 Patritium.
2940 2630 3165 2691 Domino
3210 2633 3539 2693 excellentie-

1945 2715 2100 2781 simo,
2137 2724 2243 2772 etc.
3516 2734 3521 2741 '

2018 2803 2361 2880 Subscriptio
2412 2810 2481 2867 ad
2532 2794 2797 2868 comitem
2840 2812 3141 2886 Imiserialis
3190 2814 3439 2888 obsequii
3480 2826 3545 2897 et

1943 2900 2277 2959 Exarchum.
2307 2902 2640 2959 Incolumem
2667 2906 3047 2975 excellentiam,
3074 2917 3184 2965 etc.
3413 2910 3417 2914 ’
3464 2910 3469 2915 ’
3532 2944 3537 2945 ν

2014 2993 2413 3067 Superseriptio
2438 2996 2505 3053 ad
2526 2996 2836 3055 Consulem.
2865 2998 3094 3057 Domino
3120 3001 3534 3060 eminentissimo

1940 3085 2076 3156 ﬁlio,
2107 3097 2213 3144 etc.
3548 3100 3549 3103 “

2016 3175 2417 3249 Superscriptio
2446 3180 2515 3237 ad
2551 3198 2753 3256 regem.
3064 3184 3071 3189 ’
3252 3252 3259 3253 ί
3538 3240 3541 3247 .

2022 3267 2419 3343 Superscriptio
2470 3274 2537 3331 ad
2587 3274 2983 3335 Patriarcham.
3023 3277 3377 3338 Dilectissimo
3425 3280 3549 3353 fra-i‘

1948 3362 2037 3429 tri,
2079 3372 2186 3420 etc.
2648 3372 2653 3377 '
3036 3374 3041 3378 '
3324 3376 3327 3377 '

2019 3452 2421 3527 superscripﬁo
2477 3458 2547 3514 ad
2587 3458 2913 3534 Episcopum
2958 3458 3255 3521 forensem.
3290 3462 3539 3523 Dilecti'ss
3554 3478 3562 3491 η·

1947 3552 2079 3607 sima
2114 3552 2283 3621 nobis,
2312 3564 2419 3613 etc.
2804 3562 2807 3565 “
2904 3562 2905 3565 “
3064 3560 3069 3564 ’

2021 3660 2425 3734 Superscriptio
2475 3665 2545 3720 ad
2588 3666 3071 3743 Arcbiepiscopum
3100 3672 3392 3729 Ravennae.
3436 3654 3559 3729 ab.“

1948 3753 2305 3808 verentissimo
2329 3762 2377 3808 et
2410 3757 2741 3813 sanctissimo
2775 3759 2957 3830 fratri,
2987 3770 3075 3818 etc
3418 3770 3423 3771 “

2021 3843 2420 3916 Superscriptio
2445 3848 2515 3903 ad
2541 3847 2888 3921 Episcopum,
2918 3862 2974 3906 ut
2997 3871 3176 3925 supra,
3208 3831 3326 3937 etc.“
3548 3931 3554 3938 .

2020 3934 2422 4009 Superscriptio
2450 3940 2519 3996 ad
2542 3940 2946 4018 Presbyterum,
2982 3934 3304 4015 Diaconum,
3326 3945 3537 4023 Primi-

1946 4032 2172 4098 cerium,
2202 4040 2257 4087 et
2295 4030 2758 4091 Secundicerium.
2788 4037 3140 4094 Dilectissimo
3162 4038 3296 4109 ﬁlio,
3316 4049 3425 4097 etc.
3494 4076 3501 4081 -

2010 4120 2363 4203 Subscriptio
2399 4126 2703 4182 constituti.
2752 4126 2846 4182 Ill.
2889 4127 3181 4202 Episcopus
3208 4138 3406 4187 sancta:
3432 4116 3547 4193 Eco-

1945 4212 2142 4280 clesim,
2173 4223 2281 4271 etc.
2805 4229 2810 4232 '

2018 4327 2308 4383 Decretum
2333 4331 2400 4385 de
2429 4330 2603 4388 electo
2623 4331 2912 4405 Episcopo,
2942 4336 3087 4406 quod
3114 4335 3254 4408 leget
3276 4310 3541 4397 Notarius.

1946 4418 2328 4491 Regionarius.
2360 4422 2586 4479 Domino
2617 4436 2799 4482 sancto
2837 4428 3044 4497 merito,
3081 4440 3187 4487 etc.

2018 4533 2322 4601 Decretale,
2345 4536 2487 4607 quod
2511 4537 2638 4609 legit
2656 4539 2926 4598 Diaconos
2945 4542 3226 4617 designato
3245 4502 3553 4618 Episcopo.

1946 4628 2173 4686 Domino
2199 4632 2497 4689 beatissimo
2524 4634 2707 4708 Papaz,
2736 4646 2843 4694 etc.
3407 4668 3413 4674 ·

2018 4742 2151 4800 Item
2174 4746 2338 4803 aliud.
2370 4747 2642 4804 Desiderio
2675 4751 2832 4821 facile
2860 4752 3142 4822 credimus,
3172 4761 3275 4811 etc.

2017 4838 2152 4893 Item
2180 4839 2346 4894 aliud.
2378 4838 2657 4897 Paschalis
2684 4842 2957 4912 festivitas,
2985 4853 3093 4900 etc.
3288 4834 3293 4835 ί

2021 4928 2311 5002 Synodale,
2354 4934 2497 5003 quod
2527 4935 2730 5006 accipit
2769 4934 3084 5009 Episcopus.
3135 4932 3312 5006 Clero,
3340 4935 3536 5011 Ordinl

1948 5032 1997 5081 et
2024 5021 2174 5079 Plebi
2196 5025 2517 5093 consistenti,
2546 5035 2651 5083 etc.
3238 5032 3241 5035 “
3488 5034 3493 5039 ’

2017 5136 2294 5209 Formata,
2342 5155 2503 5209 quam
2533 5141 2729 5213 accipit
2762 5140 3079 5216 Episcopus.
3106 5143 3224 5215 ‘Ill.
3256 5139 3536 5223 Presbytef

1944 5230 2040 5297 ris,
2067 5229 2410 5299 Diaconibus,
2449 5240 2557 5289 etc.
3353 5302 3361 5309 .
3514 5308 3524 5317 ,
3546 5313 3551 5317 _

2016 5321 2331 5400 ,Synodale,
2364 5332 2426 5395 ut
2467 5324 2771 5398 Episcopus
2810 5326 3302 5399 alterius-civitatis
3344 5327 3401 5400 in
3426 5329 3536 5402 alia

1948 5411 2194 5470 Ecclesia
2242 5415 2417 5487 possit
2459 5416 2810 5488 incardinari.
2846 5416 3030 5485 Clero,
3058 5413 3285 5489 Ordini,
3324 5428 3373 5475 et
3410 5419 3536 5475 Ple-

1952 5505 2021 5571 bi,
2053 5514 2159 5562 etc.

2018 5598 2356 5671 Prteceptum
2389 5600 2455 5657 de
2483 5601 2782 5658 adunandis
2811 5598 3090 5661 Ecclesiis.
3124 5601 3414 5675 Postquam
3436 5603 3535 5657 Ito-

1948 5690 2084 5745 slilis
2111 5692 2374 5761 impietas,
2405 5702 2511 5748 etc.

2019 5785 2215 5841 Petitio
2263 5782 2614 5840 dedicationis
2668 5787 2911 5847 oratorii.
2965 5784 3194 5846 Domino
3247 5795 3437 5863 sancto.
3458 5795 3531 5869 et

1961 5878 2258 5937 beatissimo
2289 5876 2441 5934 Patri
2463 5872 2708 5947 Patrum,
2738 5889 2844 5937 etc.
3274 5876 3285 5887 °
