4062 6452
475 360 551 418 23
1832 364 2038 422 LIBER
2072 362 2379 425 DIURNUS
3666 375 3736 436 24

485 503 490 505 -
548 471 2700 566 $933911???£3819?RFP;B9'3,9%¥'29ulla}???Ahéﬁrticﬂispemlie
2728 477 3220 566 absumpsistis“
3249 483 3496 566 epistolis
3539 490 3735 552 Leonis

549 543 726 617 Magni
751 562 766 600 :
797 561 1092 634 quarejnon
1115 543 1650 634 suntaudien'di,qui
1672 543 1955 634 nonaliter
1977 547 2266 618 inscriptas
2286 543 2566 619 utriusque
2606 543 2884 607 Pontiﬁcis
2907 543 3170 621 epistolas
3183 543 3300 610 ausi
3320 568 3445 613 sunt
3465 543 3732 634 ass—eiei;

550 615 715 686 quam
744 615 1013 689 quomodo
1033 617 1090 672 in
1117 617 1360 672 codicem
1386 615 1626 674 collectas
1647 625 1794 674 sunt.

1083 730 1385 788 TITULUS
1409 732 1451 788 I.

1020 813 1050 843 ι
1076 802 1160 855 Ad
1186 799 1509 873 Principem.

542 896 573 938 δ
597 885 1004 969 superscriptio.
1052 905 1076 934 ο
1121 894 1353 951 Domino
1395 895 1423 936 ἀ
1454 894 1699 967 piissimo
1737 903 1794 950 et
1820 895 2054 952 serenis-

471 986 632 1048 simo,
662 986 858 1042 victori
885 1000 950 1041 ac
978 984 1360 1055 triumphatori
1407 985 1536 1050 ﬁlio,
1578 983 1806 1039 amatori
1857 984 1955 1042 Dei
1995 995 2054 1043 et

468 1077 683 1134 Domini
733 1075 907 1136 nostri
961 1077 1013 1148 3
1055 1073 1184 1132 Jesu
1224 1075 1449 1141 Christi,
1490 1087 1514 1115 ο
1543 1073 1626 1129 Ill.
1668 1073 1934 1147 Augusto,
1965 1076 2046 1131 Ill.

467 1170 767 1241 Episcopus
801 1168 822 1208 τ
853 1185 1044 1225 servus
1068 1183 1346 1224 servorum
1370 1166 1490 1222 Dei.

2083 712 2141 776 Α
2232 710 2368 767 Item
2395 711 2524 768 alia.
2557 713 2884 770 Incolumem
2920 718 3269 776 serenitatem
3288 730 3526 781 vestram
3557 727 3731 786 divina

2155 806 2743 894 conservetmajestas,
2771 809 2986 864 domina
3013 811 3142 868 ﬁlia.

2665 949 2720 1023 ἀ,
2761 951 3058 1008 TlTULUS
3083 953 3168 1010 III.

2685 1059 2699 1112 i
2723 1061 2805 1115 Ad
2833 1060 3144 1120 Patricium.

2221 1167 2624 1240 Superscriptio.
2658 1170 2884 1227 Domino
2910 1173 3379 1242 excellentissimo,
3413 1186 3573 1251 atque
3593 1195 3731 1250 prte-

539 1261 608 1315 Et
639 1263 664 1302 ε
692 1260 1004 1331 subscriptio
1029 1260 1166 1330 ejus.
1193 1257 1506 1331 Piissimum
1529 1257 1732 1313 domini
1757 1256 2049 1328 imperium
2147 1259 2529 1318 cellentissimo
2558 1263 2668 1321 ﬁlio
2695 1264 2775 1320 Ill.
2801 1265 3058 1334 Patricio,
3080 1266 3163 1322 Ill.
3208 1268 3504 1342 Episcopus
3543 1287 3731 1328 servus

465 1353 637 1424 gratia
667 1367 900 1422 superna
930 1350 1216 1416 custodiat,
1247 1348 1406 1419 eique
1452 1349 1696 1404 omnium
1718 1348 1746 1389 ιι
1769 1347 2046 1421 gentilium
2146 1368 2428 1410 servorum
2452 1356 2567 1410 Dei.
3393 1343 3399 1350 ’

461 1445 600 1502 colla
622 1446 954 1504 substernat.

1057 1513 1358 1572 TITULUS
1384 1512 1450 1570 II.

1019 1606 1039 1650 ί
1077 1606 1162 1664 Ad
1185 1607 1496 1678 Augustam.

527 1698 935 1771 Superscn’ptio.
995 1697 1240 1755 Domina:
1278 1697 1537 1768 piissimae
1587 1695 1713 1752 ﬁlia:
1749 1695 1832 1754 Ill.
1859 1693 2046 1771 Augu-
2133 1700 2153 1707 "

463 1800 586 1860 stac,
610 1793 692 1849 Ill.
721 1792 1022 1864 Episcopus
1047 1807 1238 1848 servus
1256 1807 1536 1848 servorum
1562 1791 1679 1848 Dei.

527 1884 599 1940 Et
620 1884 933 1956 subscriptio
959 1883 1094 1955 ejus.
1127 1883 1336 1939 Vestrae
1357 1883 1576 1955 pietatis
1601 1883 1888 1965 imperium
1914 1900 2043 1958 gra-

455 1979 533 2034 tia
562 1993 796 2050 superna
819 1977 1112 2044 custodiat,
1143 1975 1360 2032 domina
1389 1976 1520 2032 ﬁlia.

2216 1445 2353 1498 Item
2405 1446 2718 1517 subscriptio
2771 1447 2903 1518 ejus.
2962 1449 3292 1509 Incolumem
3349 1453 3726 1510 excellentiam

2140 1540 2381 1591 vestram
2409 1535 2584 1607 gratia
2609 1551 2841 1608 superna
2866 1541 3152 1597 custodiat.

2642 1768 2648 1774 ι
2725 1679 3026 1740 TITULUS
3052 1682 3142 1739 IV.

2177 1782 2207 1825 ι
2231 1786 2315 1840 Ad
2340 1786 2592 1844 Comitem
2615 1788 2902 1860 imperialis
2945 1792 3197 1864 obsequii,
3223 1803 3275 1849 et
3307 1792 3328 1834 ι
3359 1795 3689 1853 Exercitum.

2212 1897 2557 1971 Subscriptio.
2584 1901 2915 1960 Incolumem
2946 1906 3320 1964 excellentiam
3346 1917 3587 1966 vestram
3608 1925 3731 1982 gra-

2141 1989 2216 2046 tia
2243 2004 2477 2062 superna
2500 1993 2788 2061 custodiat,
2817 1995 3032 2052 domine
3058 1996 3151 2051 ﬁli.

524 2127 552 2198 ξ
581 2113 664 2199 Ad
711 2113 1030 2199 Principem.
1049 2111 1378 2199 ‘Orientalis
1419 2111 1638 2199 imperii
1666 2131 1680 2169 :
1711 2113 2033 2199 jamdudum
2059 2095 2110 2156 Β
2140 2126 2362 2199 propter
2391 2118 2733 2199 dominantes
2758 2121 2813 2176 in
2859 2122 3010 2199 Italia
3056 2125 3250 2198 Reges,
3272 2143 3407 2199 _non
3437 2130 3727 2199 gentilium

451 2185 597 2241 enim
623 2183 967 2241 Occidentale
996 2199 1028 2238 a
1049 2185 1300 2239 barbaris
1324 2183 1570 2239 excisum
1611 2184 1807 2249 fuerat,
1835 2194 1892 2241 et
1927 2187 2037 2241 Ro-

450 2271 541 2326 ma
577 2264 729 2324 tunc,
763 2270 907 2326 cum_
930 2254 1092 2310 Liber
1129 2254 1367 2326 Diumus
1409 2255 1666 2311 collectus
1712 2264 1816 2320 est,
1863 2256 2037 2326 pulsis

447 2324 717 2450 barbaris,
749 2327 851 2382 sub
877 2324 1114 2382 Orientis
1147 2325 1376 2395 imperio
1397 2340 1522 2381 cum
1547 2326 1844 2382 exarchatu
1865 2324 1926 2382 et
1953 2328 2037 2381 in-

447 2411 510 2450 Sll
535 2413 582 2450 IS
609 2406 747 2450 erat.

446 2397 582 2453 sulis
609 2406 747 2452 erat.

522 2468 548 2507 ιν
577 2465 975 2538 Superseriptio.
1018 2465 1297 2538 _Usurpata
1323 2475 1407 2538 est
1437 2474 1560 2521 ante
1590 2465 1683 2538 Ἦ.
1734 2465 2034 2538 Concilium

448 2552 479 2590 a
501 2535 682 2592 Leone
705 2535 895 2605 Magno
923 2535 1194 2593 scribente
1229 2538 1298 2592 ad
1333 2537 1694 2592 Theodosium
1727 2535 2026 2605 juniorem,

443 2621 475 2661 a
501 2607 773 2678 Gregorio
797 2606 1006 2678 Magno,
1033 2622 1064 2660 a
1086 2607 1315 2678 Martino
1341 2606 1382 2661 I.
1415 2609 1482 2662 ab
1510 2607 1813 2678 Agathone,
1843 2616 1949 2664 etc.
1977 2615 2034 2664 et

442 2685 568 2748 post
595 2675 1010 2748 Concilium'AVI.
1049 2693 1080 2731 a
1104 2675 1282 2733 Leone
1306 2677 1370 2732 ll.
1397 2688 1503 2732 etc.

518 2760 541 2786 ο
574 2748 820 2802 Domino.
873 2746 1085 2802 Usitata
1133 2747 1380 2817 pristinis
1415 2748 1749 2818 temporibus
1797 2748 2034 2818 compel-

446 2816 580 2872 latio
607 2818 825 2873 circiter
845 2833 1046 2873 nonum
1069 2816 1330 2873 saeculum
1353 2816 1618 2872 desuevit.
1651 2816 1885 2874 Joannes
1909 2816 2034 2874 Dia-

445 2903 627 2960 conus
642 2888 735 2944 lib.
768 2903 842 2960 tv.
874 2889 998 2944 vitae
1024 2887 1082 2943 S.
1113 2887 1363 2960 Gregorii
1390 2887 1459 2942 Μ.
1511 2888 1726 2960 Omnes
1746 2886 2030 2960 Gregorius

441 2958 738 3013 sacerdotes
785 2958 982 3013 fratres
1011 2965 1069 3013 et
1113 2957 1556 3024 comministros;
1601 2957 1816 3013 clericos
1852 2957 2032 3014 outem

443 3028 637 3084 diversi
663 3029 863 3084 ordinis
895 3029 1274 3084 dilectissimos
1299 3028 1476 3085 ﬁlios:
1515 3039 1570 3083 at
1608 3045 1724 3083 vero
1767 3028 1929 3084 laicos
1957 3031 2032 3085 ci-

442 3115 552 3183 ros,
583 3100 847 3224 dominos,
876 3109 925 3154 et
953 3100 1176 3170 feminas
1199 3099 1468 3168 dominas,
1513 3101 1570 3155 in
1609 3100 1720 3154 suis
1743 3099 1906 3154 literis
1936 3117 2031 3156 no-

442 3184 585 3224 mina
624 3187 654 3224 a
683 3209 697 3224 .

440 3171 697 3224 minabat.

512 3238 541 3280 ά
573 3238 849 3306 Piissimo,
878 3240 1180 3323 etc..Ratio
1205 3240 1434 3310 hujusce
1477 3241 1854 3365 appellationis
1891 3242 2029 3298 alia-

513 3325 676 3365 maue
703 3319 1108 3365 occurrentium
1153 3326 1222 3365 ex
1265 3326 1330 3365 eo
1358 3320 1517 3365 neten
1557 3329 1589 3365 a
1635 3321 1738 3365 est.
1785 3313 1928 3365 auod
1975 3313 2029 3365 in

442 3325 676 3383 rumque
703 3311 1108 3383 occurrentium
1153 3326 1236 3383 exi
1265 3326 1330 3366 eo
1358 3311 1589 3383 petenda
1629 3321 1738 3383 est,
1785 3313 1928 3383 quod
1975 3313 2031 3370 in

440 3379 695 3452 Princin
721 3381 1016 3436 christiano
1042 3379 1386 3452 suscipiatur,
1409 3390 1469 3454 et
1494 3381 1750 3454 dignitas,
1773 3379 1878 3454 qua
1900 3385 2030 3438 dici-

441 3457 535 3522 tur
559 3461 820 3519 augustus
845 3467 860 3517 ;
893 3459 1225 3522 etpotestas,
1262 3466 1366 3522 qua
1397 3452 1677 3522 dominus;
1713 3462 1770 3508 et
1788 3452 2028 3510 studium

442 3607 572 3663 erga
601 3592 906 3657 ecclesiam,
931 3607 1039 3661 quo
1068 3592 1210 3648 ﬁlius
1236 3609 1251 3657 ;
1282 3601 1337 3647 et
1363 3592 1604 3663 potentia
1639 3594 1899 3650 adversus
1921 3596 2022 3651 ho-

441 3670 572 3728 stes,
595 3677 701 3745 qua
721 3663 969 3745 victore}
995 3663 1353 3745 triumphator
1377 3679 1392 3728 ;
1420 3673 1481 3745 et
1505 3678 1658 3718 amor
1680 3665 1734 3719 in
1757 3665 2023 3745 subditos,

441 3732 717 3805 quopius,
739 3732 882 3803 quod
903 3732 1046 3789 idem
1075 3748 1140 3788 ac
1160 3732 1317 3804 pater
1343 3734 1572 3805 patriae;
1604 3745 1659 3790 et
1686 3737 2024 3805 gubernandi

443 3802 652 3866 modus,
682 3802 790 3873 quo
822 3817 1046 3873 serenus
1088 3802 1182 3858 seu
1228 3802 1572 3873 tranquillus,
1604 3805 1656 3858 id
1685 3802 1789 3869 est,
1830 3806 2022 3873 paciﬁ-
2050 3856 2058 3865 ,

441 3887 560 3938 cus,
587 3881 654 3944 et
665 3871 1092 3944 tranquillitatis,
1115 3871 1446 3944 quzeipacem
1471 3871 1847 3942 consequitur,
1860 3873 2026 3944 largi-

442 3953 546 3998 tor.
577 3942 808 3998 Additur
834 3943 1142 4012 aliquando,
1169 3958 1199 3997 a
1230 3942 1341 4000 Deo
1369 3943 1599 3999 dilectus
1622 3952 1679 3998 et
1706 3942 2020 4010 coronatus,

443 4024 605 4085 atque
633 4013 800 4068 etiam
826 4013 1112 4085 gloriosus,
1141 4021 1200 4068 ut
1227 4014 1521 4084 imperandi
1541 4013 1630 4080 jus
1657 4013 1886 4085 vitaeque
1906 4029 2022 4069 mo-

443 4084 545 4154 dus
583 4084 925 4154 praedicetur.
961 4085 1158 4139 Verum
1205 4085 1251 4140 si
1297 4085 1672 4154 consideretur
1703 4084 2024 4154 populorum

445 4153 691 4220 allectus,
717 4154 968 4210 omnibus
994 4155 1305 4211 nominibus
1348 4153 1658 4226 praecellunt
1693 4153 1817 4219 duo,
1842 4155 2026 4226 piissi-

444 4241 564 4280 mus
591 4240 784 4296 nepe
825 4233 880 4279 et
922 4226 1297 4281 serenissimus
1323 4225 1363 4280 :7
1387 4225 1528 4280 unde
1567 4225 1620 4279 in
1649 4225 1882 4296 nummis
1913 4233 2022 4279 tam

443 4297 631 4378 crebra
663 4295 864 4351 mentio
897 4297 1068 4366 patris
1111 4298 1320 4369 patriae,
1368 4304 1423 4352 et
1457 4295 1881 4366 tranquillitatis,
1927 4311 2026 4368 pa-

443 4381 666 4490 cm?
714 4435 794 4491 Ita
833 4444 1045 4493 veteres
1085 4453 1184 4507 pro
1223 4452 1311 4502 eo,
1350 4436 1492 4507 quod
1521 4451 1664 4490 nunc
1685 4433 1750 4488 N.
1781 4435 2020 4503 ponitur,

444 4522 566 4562 cum
588 4506 762 4577 iocum
787 4507 1020 4562 nominis
1049 4506 1286 4577 indicare
1314 4506 1509 4577 placet.

519 4577 539 4616 ί
577 4575 770 4633 Servus
793 4593 1057 4633 servorum
1079 4577 1195 4631 Dei.
1225 4573 1350 4632 Haec
1375 4574 1623 4644 loquendi
1655 4573 1884 4629 formula
1915 4589 2022 4629 non

445 4648 545 4703 fuit
588 4663 619 4703 a
667 4649 892 4703 summis
936 4647 1311 4711 Pontiﬁcibus,
1359 4646 1503 4716 quod
1541 4645 1730 4708 sciam,
1768 4653 2024 4713 usurpata

443 4727 570 4774 ante
596 4727 839 4788 tempora
861 4716 1107 4788 Gregorii
1154 4715 1473 4788 Magni,oui
1502 4731 1566 4788 ea
1604 4722 1864 4788 ususest,
1899 4730 2022 4788 cum

443 4790 605 4844 vellet
646 4785 1522 4856 constantinOpoiitani'Episcopi
1554 4801 1612 4840 se
1658 4785 2018 4856 universalem

443 4859 765 4930 Episcopum
795 4855 1023 4930 dicentis
1071 4855 1752 4930 fastum_humilitatis_sute
1779 4855 2028 4930 erempio

444 4924 819 5052 Eomprimerei.
868 4927 945 4981 Ita
987 4924 1224 4982 Joannes
1268 4926 1534 4980 Diaconus
1581 4926 1674 4981 lib.
1702 4942 1763 4980 ιι.
1796 4925 1922 4980 vita:
1964 4925 2023 4980 S.

494 5015 605 5052 res.
638 5013 755 5052 can.
820 5036 834 5050 .

443 5000 605 5056 Grex.
638 5013 755 5056 can.
783 5000 834 5052 l.

520 5013 924 5138 Egbﬁﬁriptio.
949 5065 1074 5138 Haec
1089 5065 1206 5138 ipsa
1233 5066 1431 5138 legiiur
1451 5068 1504 5120 in
1525 5065 1722 5138 litteris
1745 5065 1961 5138 Martini
1983 5066 2024 5121 I.

443 5136 841 5210 Agathonis‘et
869 5136 1066 5210 Leonis
1111 5136 1172 5192 II.
1215 5136 1740 5210 ad'Constantinum
1785 5137 2029 5206 Pogona-

445 5205 580 5273 ttfm,
607 5218 710 5262 etc.
744 5205 1148 5262 Observandum
1193 5223 1356 5278 porro
1385 5205 2029 5278 subscriptionemﬁmanu

443 5278 740 5341 Pontiﬁcis,
769 5277 1174 5348 inscriptionem
1197 5277 1260 5334 iet
1294 5279 1574 5348 epistolam
1600 5277 1783 5332 ’manu
1820 5277 2029 5333 Notarii

444 5357 768 5407 exaratam:
829 5363 994 5418 quare
1060 5364 1128 5403 ex
1179 5350 1575 5418 subscriptione
1632 5349 1805 5419 magis
1856 5364 2019 5419 quam

445 5421 658 5476 aliunde
689 5428 919 5490 constat,
962 5435 1082 5490 quae
1122 5419 1263 5473 foret
1293 5419 1571 5474 Pontificis
1596 5435 1723 5489 erga
1749 5435 1896 5490 eum,
1932 5420 2019 5473 cui

443 5491 736 5552 scribebat,
763 5489 994 5544 affectio.
1023 5489 1168 5544 Loco
1194 5490 1610 5560 apprecationis,
1641 5505 1760 5558 quae
1780 5489 2020 5543 subscri-

442 5563 627 5632 ptione
663 5561 791 5616 olim
808 5562 1236 5632 Acontinebatur,
1287 5577 1430 5616 nunc
1472 5560 1705 5614 nominis
1749 5560 2018 5632 appositio

446 5627 744 5700 subjicitur.
797 5628 1176 5686 Observandus
1226 5631 1387 5686 etiam
1442 5627 1795 5685 summorum
1831 5627 2018 5682 Ponti-

447 5703 607 5759 ﬁcum
638 5717 754 5756 mos
773 5701 1048 5771 antiquus,
1070 5702 1186 5771 ejus
1207 5702 1290 5755 cui
1313 5702 1644 5762 scribebant,
1669 5711 1864 5751 nomen
1885 5714 2022 5768 prte-

446 5773 676 5847 ponendi
711 5787 832 5847 suo,
859 5772 981 5847 sine
1000 5772 1311 5847 discrimine
1339 5785 1714 5847 personarum.

515 5843 545 5888 1³
571 5841 852 5901 Gentilium
879 5842 1035 5899 colla.
1066 5841 1182 5899 Non
1211 5838 1534 5900 erat'tutum
1558 5840 1663 5900 illis
1690 5838 2026 5910 temporibus

2140 2197 2371 2270 tantum,
2403 2191 2498 2245 sed
2524 2191 2690 2247 etiam
2719 2193 3098 2251 haereticorum
3137 2191 3241 2252 aut
3270 2191 3510 2255 hostiu'm
3535 2202 3732 2256 memi-

2137 2274 2303 2314 DISSC.

2217 2332 2238 2406 ξ
2262 2329 2343 2382 Ad
2364 2329 2675 2406 Augusram:
2704 2333 3018 2406 Invideruni.
3056 2350 3251 2404 magna
3279 2353 3347 2393 ex
3385 2346 3544 2406 parte
3568 2339 3729 2394 nobis

2136 2399 2461 2480 coll_ectores'
2481 2401 2834 2480 epistoiarum
2865 2403 2965 2460 SS.
2997 2399 3194 2480 Leonis
3237 2416 3292 2463 et
3317 2399 3590 2480 Gregorii,
3622 2409 3733 2463 for-

2135 2469 2357 2548 mulam,
2375 2485 2478 2538 qua
2493 2469 2916 2548 inscriberentur
2936 2469 3511 2548 subscriberenturqvue
3535 2469 3731 2534 littera:

2135 2536 2455 2618 Pontiﬁcum
2483 2541 2549 2595 ad
2589 2542 3108 2618 Augustas,_nul-ius
3137 2555 3316 2618 tamen
3355 2536 3567 2618 dubito,
3599 2549 3732 2618 quin

2136 2609 2326 2688 eadem
2364 2609 2534 2688 foret,
2562 2620 2654 2688 au_t
2684 2609 2805 2688 non
2844 2615 3132 2688 admodum
3157 2617 3433 2688 dissimilis
3457 2620 3531 2682 ei,
3554 2609 3731 2688 quam

2134 2679 2329 2753 colligo
2357 2681 2677 2753 excpistola
2722 2683 2968 2753 Gregorii
3017 2684 3190 2753 Magni
3231 2688 3296 2740 ad
3343 2679 3729 2742 Constantiam

2134 2747 2231 2828 lib:
2259 2747 2352 2828 in;
2369 2747 2524 2819 epist.
2558 2751 2645 2805 30.
2672 2768 2800 2828 gum
2834 2747 3072 2828 incipit:
3104 2747 3368 2828 serenitas
3396 2770 3584 2828 vestrae
3621 2759 3733 2828 pie-

2135 2821 2277 2892 tatis.
2311 2821 2378 2875 Et
2415 2830 2629 2890 postea:
2662 2820 2768 2876 Sed
2795 2823 2918 2892 quia
2948 2820 3293 2878 serenissima:
3333 2826 3567 2880 domina:
3598 2820 3728 2880 reli—

2133 2890 2340 2974 giosum
2357 2891 2697 2974 desiderium,
2726 2890 2860 2974 etc;
2884 2894 2970 2974 vel
2993 2895 3439 2974 quemadmodum
3468 2905 3560 2974 est
3589 2897 3643 2974 in
3671 2897 3724 2950 1.

2133 2969 2274 3030 part.
2301 2960 2467 3016 Cone.
2510 2961 2762 3018 Chalced.
2794 2960 3198 3018 Gloriosissima:
3237 2974 3285 3018 et
3325 2966 3731 3020 humanissima-

2131 3030 2580 3106 ﬁlice_Pulc[ierice
2610 3031 2714 3106 Leo
2747 3031 3057 3106 Episcopus.
3086 3033 3212 3088 Inde
3237 3035 3382 3089 enim
3408 3037 3604 3106 confici
3632 3052 3732 3106 po-

2133 3108 2243 3173 test
2263 3102 2574 3173 inscriptio,
2609 3102 2848 3158 Dominae
2873 3102 3128 3173 piissimae
3167 3119 3232 3159 ac
3261 3102 3649 3161 serenissimze
3668 3104 3730 3161 ﬁ-

2132 3169 2218 3225 lia:
2245 3169 2502 3228 Augusta:
2527 3169 2877 3228 Constantia.

2205 3241 2354 3296 iAJ
2387 3242 2698 3314 Patricium.
2732 3242 2810 3296 Eo
2858 3243 3077 3298 nomine
3126 3244 3442 3314 appellatur,
3476 3262 3611 3312 non,
3664 3253 3728 3299 ut

2131 3311 2280 3387 olim,
2311 3313 2402 3384 qui
2445 3322 2810 3387 ex___senatore
2841 3324 3064 3382 parente
3111 3311 3282 3381 ortus,
3313 3317 3406 3371 sed
3437 3319 3553 3387 qui
3598 3311 3726 3387 post

2134 3383 2483 3455 magistratus
2512 3383 2837 3455 illustriores
2863 3393 3047 3455 gestos
3079 3393 3362 3440 vocaretur
3385 3386 3454 3441 ad
3473 3383 3726 3442 sanctius

2057 3457 2102 3521 C
2132 3451 2482 3523 Imperatoris
2506 3454 2812 3508 consilium.

441 3521 745 3592 religionis,
791 3535 900 3590 quo
931 3521 1155 3577 dilector
1182 3521 1280 3577 Dei
1323 3531 1379 3577 et
1409 3521 1655 3590 Christi;
1702 3533 1758 3580 et
1799 3523 2028 3580 affectus
2063 3572 2075 3584 .

2203 3521 2342 3597 idAd
2377 3521 2664 3597 Comitem,
2679 3523 2940 3597 etc._Una
2976 3525 3284 3597 eademque
3309 3537 3393 3597 est
3419 3525 3726 3596 superscri-

2125 3595 2284 3649 bendi
2315 3593 2548 3648 formula
2578 3595 2631 3648 in
2655 3595 2849 3649 litteris
2877 3596 2946 3649 ad
2976 3593 3292 3663 Patricium,
3325 3593 3590 3652 Comitem
3623 3597 3728 3650 im-

2124 3666 2348 3735 perialis
2377 3665 2645 3737 obsequii,
2697 3674 2752 3720 et
2788 3665 3116 3731 Exarchum,
3164 3675 3386 3737 propter
3435 3667 3723 3737 dignitatis

2123 3734 2432 3808 paritatem.
2466 3734 2720 3792 Generali
2741 3751 2905 3808 porro
2931 3738 3149 3793 nomine
3167 3734 3400 3808 Comitis
3421 3734 3724 3808 imperialis

2123 3806 2391 3877 obsequii,
2430 3807 2807 3875 comprehensi
2849 3816 3230 3877 suntiomnes,
3268 3807 3360 3876 qui
3409 3806 3615 3877 primas
3665 3807 3723 3877 in

2124 3875 2248 3946 aula
2275 3875 2565 3946 dignitates
2591 3886 2853 3946 tenerent,
2871 3885 2946 3946 Aut
2962 3876 3224 3946 ‘Magistri
3256 3875 3511 3942 militum,
3543 3876 3718 3945 Magi-

2123 3944 2224 3998 stri
2249 3943 2568 4007 olliciorum,
2592 3945 2830 3998 Comites
2864 3943 2922 3997 S.
2961 3943 3023 3996 L.
3051 3943 3104 3996 et
3138 3945 3245 3997 alii.

2205 4013 2221 4051 1
2253 4013 2335 4066 Ad
2364 4012 3044 4083 Exarchum.rPra:fectum
3070 4012 3418 4083 Imperatoris
3446 4013 3719 4070 Constan-

2126 4083 2470 4154 tinopolitani
2519 4083 2570 4136 in
2619 4082 2806 4154 Italia;
2855 4096 2939 4154 ea,
2970 4082 3412 4154 porrofdignitas
3463 4083 3720 4154 ducentis

2126 4151 2296 4208 ferme
2324 4153 2484 4206 annis
2509 4152 2741 4206 mansit:
2779 4151 3050 4223 Longinus
3078 4153 3218 4207 enim
3242 4151 3465 4223 'primus
3492 4170 3522 4209 a
3551 4153 3720 4210 Justi-

2124 4239 2196 4279 no
2208 4223 2425 4290 juniore
2454 4223 2732 4276 institutus
2754 4231 2839 4276 est
2862 4221 3142 4278 Exarchus
3166 4221 3308 4278 anno
3335 4225 3460 4280 567.
3491 4224 3718 4280 Postre-

2126 4310 2248 4348 mus
2286 4292 3010 4364 EutychiusiabiAistulpho
3045 4292 3523 4364 Longobardorum
3568 4295 3720 4364 Rege

2123 4364 2310 4436 pulsus
2351 4362 2494 4436 anno
2518 4362 2642 4436 752.
2675 4363 2846 4436 Tanta
2885 4362 2991 4436 iuit
3030 4362 3402 4436 Exar‘chorum
3439 4362 3716 4436 potentia,

2123 4433 2258 4488 utin
2289 4434 2623 4504 tyrannidem
2650 4433 2936 4504 aliquando
2957 4435 3192 4489 evaserit
3215 4451 3229 4489 :
3253 4437 3396 4504 quod
3421 4433 3488 4491 ex
3511 4434 3719 4491 litteris

2125 4505 2296 4559 sancti
2311 4502 2563 4574 Gregorii
2594 4502 2935 4558 manifestum
2977 4512 3079 4558 est.
3111 4504 3193 4558 Ad
3219 4502 3342 4559 cum
3373 4514 3544 4571 certe,
3578 4506 3722 4560 sicut

2125 4575 2194 4628 ad
2239 4573 2648 4643 Imperatorem,
2703 4573 3186 4645 Apocrisiariusa
3228 4576 3355 4645 sede
3397 4575 3718 4645 Apostolica

2124 4645 2458 4709 mittebatur,
2505 4653 2564 4698 ut
2595 4643 2809 4699 constat
2853 4659 2920 4698 ex
2957 4659 3073 4714 cap.
3115 4644 3150 4698 2
3192 4643 3352 4713 hujus
3395 4643 3611 4709 Diurni,
3660 4643 3718 4696 in

2165 4732 2234 4770 uo
2255 4723 2338 4769 est
2366 4713 2866 4785 formalitterarum
2894 4715 2960 4769 ad
2983 4713 3408 4785 Apocrisiarium
3436 4716 3719 4785 Ravennae

2166 4800 2196 4840 e
2232 4786 2496 4840 electione
2540 4784 2836 4840 Pontiﬁcis.
2886 4784 3187 4840 Fuit’vero
3227 4794 3389 4840 tanta:
3431 4784 3715 4855 potentia},

2051 4829 2104 4888 D
2132 4863 2403 4924 tantasque
2430 4870 2497 4910 ex
2532 4857 2771 4924 potentia
2794 4857 3064 4911 nascentis
3091 4855 3414 4926 arrogantiae
3431 4829 3630 4909 Icausa.
3658 4829 3713 4926 [ί

2129 4928 2273 4996 quod
2316 4919 2557 4998 'Exarcb'i
2614 4926 2773 4998 longe
2825 4927 3076 4980 abessent
3126 4919 3591 4998 Constantinopoli
3643 4919 3730 4973 ab-

2129 4995 2264 5051 urbe
2293 4998 2458 5066 regia.
2491 4997 2543 5049 2.
2571 4995 2729 5065 quod'
2742 4998 3017 5066 copiosum
3049 5005 3238 5050 contra
3263 4995 3523 5066 barbaros
3552 5005 3716 5048 exer—

2128 5063 2666 5142 citum_hah_erent__in
2698 5063 2980 5142 potestate.
3009 5067 3061 5119 5.
3090 5066 3248 5142 _quod
3277 5063 3434 5142 facile
3463 5067 3713 5142 possent,

2131 5139 2173 5192 si
2205 5137 2366 5192 modo
2395 5137 2595 5206 aliquid
2621 5139 2689 5190 ab
2710 5137 3038 5206 Imperatore
3064 5135 3336 5206 timerent,
3371 5135 3548 5190 fmtlus
3572 5135 3716 5187 inire

2131 5224 2252 5264 cum
2294 5204 2563 5269 barbaris,
2616 5204 2804 5276 eoque
2835 5222 2893 5260 se
2942 5205 3101 5276 tueri.
3145 5204 3200 5257 tl.
3231 5206 3374 5274 quod
3422 5206 3716 5259 diuturnus

2128 5287 2274 5334 esset
2302 5278 2390 5332 ille
2417 5279 2786 5348 magistratus,
2825 5276 2957 5348 adeo
2986 5283 3044 5348 ut
3087 5275 3303 5348 Isaagus
3331 5275 3713 5348 Exarchoruin

2128 5359 2352 5405 octavus
2376 5357 2430 5430 et
2455 5336 2629 5430 aerarii
2660 5336 3010 5429 ecclesiastici
3042 5347 3139 5434 sitb
3185 5336 3432 5428 ilonorio.
3457 5345 3601 5434 Papa
3632 5339 3716 5392 (li-

2128 5427 2332 5488 reptor,
2374 5418 2562 5484 viginti
2589 5417 2826 5486 quinque
2857 5433 3030 5488 annos
3057 5416 3364 5470 dominatus
3391 5417 3492 5479 sit;
3534 5413 3714 5488 Theo-

2125 5483 2290 5544 dorus
2329 5483 2817 5557 Calliopas'san'cti
2856 5487 3068 5542 Martini
3115 5495 3445 5557 persecutor,
3483 5483 3714 5552 triginta

2123 5559 2360 5630 quinque
2391 5566 2482 5610 aut
2505 5555 2671 5611 etiam
2701 5573 2816 5630 sex.
2848 5557 3035 5627 Spatio
3064 5565 3225 5630 certe
3253 5555 3373 5610 l85.
3423 5560 3711 5630 annorum,

2122 5623 2230 5700 quo
2256 5623 2576 5682 exarchatus
2623 5629 2850 5700 exstiiit,
2888 5623 3000 5700 non
3024 5627 3205 5695 plures
3233 5639 3415 5700 quam
3442 5626 3630 5700 decem
3657 5623 3716 5700 ei

2127 5687 2381 5780 ociohoc
2409 5701 2727 5770 magistratu
2757 5687 2924 5755 functi
2970 5687 3115 5762 su'nt,
3145 5704 3204 5749 ut
3233 5687 3565 5764 probabilior
3605 5687 3716 5744 fert

2127 5784 2327 5839 opimo.
