4062 6466
255 381 320 439 ,5
1231 360 1672 423 aomnonun
1707 357 2152 423 PONTIFICUM.
2188 394 2260 404 -
2298 357 2450 422 CAP.
2483 359 2525 423 ι.
3429 369 3504 436 ιο

772 479 822 554 5
858 478 1154 538 TlTULUS
1182 481 1249 536 v.

807 589 833 618 α
858 577 939 631 Ad
966 573 1260 631 Consulem.

319 675 716 750 Superscriptio.
745 674 967 730 Domino
987 671 1412 729 eminentissimo
1440 670 1551 726 lilio
1575 667 1654 725 Ill.
1677 667 1818 726 Con-

256 775 370 838 suli,
396 772 476 828 Ill.
510 772 802 842 Episcopus
831 784 1019 824 servus
1039 781 1317 822 servorum
1345 764 1464 820 Dei.

317 866 384 920 Et
411 865 714 937 subscriptio
739 865 873 937 ejus.
905 865 1047 919 Deus
1077 870 1131 918 te
1164 861 1491 919 incolumem
1521 860 1813 929 custodian,

255 959 461 1016 domine
488 957 582 1013 ﬁli.

825 1023 1121 1082 TlTULUS
1147 1023 1215 1083 VI

843 1100 872 1160 ὖ
897 1119 978 1172 Ad
1007 1066 1216 1189 Regem.

813 1208 1113 1266 TlTULUS
1140 1207 1249 1265 VII.

747 1316 771 1346 °
807 1304 888 1358 Ad
914 1303 1307 1358 Patriarcham.

311 1399 714 1473 Superscriptio.
745 1397 1106 1454 Dilectissimo
1130 1395 1286 1450 fratri
1307 1393 1385 1450 Ill.
1421 1393 1499 1448 Ill.

241 1502 246 1504 ⁷
311 1498 708 1569 Et'subscriptio
735 1497 870 1568 ejus.
909 1497 1050 1552 Deus
1075 1503 1127 1550 te
1157 1491 1482 1548 incolumem
1524 1488 1815 1558 custodiat,

247 1587 588 1645 dilectissime
612 1585 802 1642 frater.

725 1681 782 1751 θ
803 1674 1101 1734 TlTULUS
1130 1675 1258 1733 vm.

657 1769 682 1812 ἀ
707 1771 789 1825 Ad
810 1771 1128 1842 Episcopum
1151 1769 1430 1839 forensem.

307 1863 715 1936 Superscriptio.
743 1863 1107 1920 Dilectissimo
1131 1861 1289 1917 nobis
1321 1859 1400 1914 Ill.
1427 1857 1506 1914 llI.

242 2045 587 2103 dicetissime
613 2047 790 2103 nobis.

815 2114 1116 2172 TlTULUS
1145 2113 1238 2171 IX.

545 2220 570 2249 ο
597 2208 680 2263 Ad
715 2209 1175 2280 Arcltiepiscopum
1209 2207 1496 2264 Rauennae.

303 2300 712 2372 Superscriptio.
758 2300 1223 2356 Reverentissimo
1245 2308 1299 2355 et
1327 2299 1672 2356 sanctissimo
1699 2299 1816 2357 fra-

241 2393 312 2447 tri
335 2393 419 2450 lll.
443 2393 764 2464 coepiscopo
793 2391 872 2447 Ill.
902 2406 1093 2448 servus
1119 2406 1398 2447 servorum
1427 2391 1542 2448 Dei.

303 2562 330 2590 α
363 2549 445 2602 Ad
494 2546 787 2602 Consulem.
839 2547 917 2602 Ea
970 2553 1294 2617 tempestate
1341 2545 1670 2611 consulatus,
1725 2545 1818 2615 qui

226 2619 414 2675 fuerat
461 2618 586 2672 olim
630 2634 768 2689 apex
815 2617 1154 2689 dignitatum,
1201 2633 1266 2671 co
1313 2631 1484 2689 usque
1531 2618 1818 2685 depressus

224 2697 372 2754 erat,
415 2697 475 2742 ut
499 2686 682 2744 inanis“
722 2689 836 2743 fere
877 2686 1074 2744 titulus
1098 2687 1259 2742 foret.
1315 2686 1650 2756 Suppressus
1679 2702 1818 2757 pene

225 2760 334 2814 fuit
369 2774 401 2812 a
441 2757 787 2825 Justiniano;
834 2761 926 2814 sed
965 2775 997 2813 a
1027 2759 1482 2826 consequentibus
1527 2757 1819 2826 imperato-

224 2832 379 2887 ribus
419 2831 522 2884 etsi
569 2845 784 2900 quoquo
825 2830 985 2884 modo
1023 2830 1302 2884 restitutus
1349 2835 1430 2883 est
1460 2867 1477 2895 ,
1525 2829 1817 2899 pristinum

226 2909 412 2955 tamen
438 2900 780 2970 splendorem
806 2917 913 2955 non
949 2900 1307 2970 recuperavit.

299 2971 328 3011 1³
353 2971 436 3025 Ad
470 2969 691 3039 Regem.
728 2970 885 3025 Nulla
921 2971 1006 3025 vel
1056 2970 1336 3041 inscriptio
1377 2969 1463 3024 vel
1493 2969 1817 3041 subscriptio

221 3043 473 3112 apposita
492 3049 610 3096 est:
638 3057 959 3112 nequeivero
982 3056 1118 3110 opus
1139 3039 1277 3112 fuitL
1288 3056 1410 3095 cum
1440 3041 1629 3112 eadem
1653 3039 1813 3106 foret,

265 3110 346 3166 ua:
376 3113 445 3166 ad
471 3111 779 3180 patricium.
805 3111 896 3166 Sic
917 3112 1061 3167 enim
1091 3112 1229 3180 apud
1254 3110 1448 3166 Bedam
1477 3111 1569 3164 lib.
1603 3127 1662 3166 ιι.
1685 3112 1813 3166 hist.

265 3129 346 3166 ua:
376 3129 445 3166 aa
471 3129 779 3180 patricium.
806 3129 896 3166 me
917 3129 1061 3167 enim
1091 3129 1229 3180 apuu
1254 3129 1448 3166 uenam
1477 3129 1569 3164 nn.
1603 3129 1662 3166 ιι.
1685 3129 1806 3166 utSt.

222 3129 384 3252 Ἄπιδι.
426 3197 546 3251 cap.
599 3182 686 3252 I77.
730 3182 998 3237 Honorius
1045 3182 1254 3237 Eduino
1299 3181 1430 3251 Regi
1475 3181 1766 3252 Anglorum
1794 3199 1806 3236 :

222 3251 454 3322 ,ροήιὶηο
494 3251 927 3322 excellentissimo
973 3262 1128 3322 atque
1174 3251 1654 3322 prtecellcntissimo
1702 3251 1814 3321 ﬁlio

229 3319 446 3375 Eduino
495 3320 626 3390 Regi
667 3321 955 3391 Anglorum
999 3319 1271 3375 Honorius
1299 3321 1590 3391 Episcopus
1639 3319 1815 3377 servus

223 3407 498 3444 servorum
532 3388 646 3462 Dei.
684 3388 1059 3462 subscriptio:
1094 3388 1419 3462 Incolumem
1457 3388 1815 3447 excellentiam

220 3470 449 3532 restrain
491 3461 663 3529 gratia
704 3461 947 3532 superna
979 3461 1359 3532 custodiatsEt
1396 3463 1537 3532 apud
1565 3463 1816 3517 eumdem

220 3527 316 3602 lib.
344 3547 429 3602 ιιι.
465 3527 593 3584 hist.
626 3547 744 3602 cap.
769 3527 880 3602 L24.
911 3530 1213 3602 Vitalianus
1254 3527 1449 3586 Ozuvio
1494 3532 1702 3586 domino
1729 3549 1820 3587 ex-

216 3599 595 3671 cellentissimo
639 3599 752 3671 [ilio
780 3599 909 3671 Regi
934 3599 1224 3665 Saxonum,
1255 3611 1359 3655 etc.
1393 3610 1448 3657 et
1473 3602 1662 3655 eadem
1692 3605 1820 3657 sub-

213 3670 468 3738 scriptio.
502 3669 612 3724 Leo
639 3670 700 3722 ll.
735 3669 924 3724 eadem
950 3671 1178 3725 formula
1210 3671 1426 3739 Ervigio
1455 3671 1589 3738 Regi
1619 3671 1817 3724 inscri-

216 3739 296 3793 bit
327 3748 392 3791 et
420 3739 713 3792 subscribit
738 3740 1040 3806 epistolam.
1071 3741 1377 3793 Iladrianus
1404 3739 1446 3793 I.
1477 3741 1668 3794 eadem
1697 3739 1813 3794 fere

217 3808 403 3878 utitur
425 3806 604 3878 forma
628 3808 696 3862 ad
730 3807 980 3862 Carolum
1011 3809 1261 3878 Magnum
1293 3808 1516 3878 Regem.

291 3889 314 3916 ε
343 3876 1127 3949 AthatriarcltamsEadem
1179 3879 1278 3932 fuit
1325 3876 1598 3949 aiprimis
1645 3894 1819 3949 usque

215 3947 563 4017 temporibus
587 3947 913 4001 inscribendi
937 3947 1419 4016 subscribendique
1438 3948 1630 4002 forma.
1656 3947 1818 4016 Quin-

216 4026 275 4089 to
309 4016 476 4089 certe
499 4017 696 4089 smculo
725 4016 797 4088 (⁸)
823 4017 1140 4072 leestinus
1164 4019 1318 4089 datas
1355 4018 1553 4089 Cyrillo
1580 4019 1817 4074 Alexan-

216 4088 407 4151 drino,
449 4085 644 4143 Joanni
672 4085 1032 4151 Ant'iocheno,
1063 4097 1118 4142 et
1162 4085 1411 4143 Nestorio
1437 4088 1497 4143 C.
1525 4088 1584 4142 P.
1629 4090 1816 4146 literas

216 4156 523 4228 inscripsit,
553 4158 741 4211 dilecto
765 4158 920 4227 fratri
945 4173 966 4213 :
988 4159 1310 4228 subscripsit
1336 4175 1464 4213 vero
1484 4162 1815 4228 posteriores

216 4227 376 4290 duas,
408 4227 547 4281 Deus
582 4238 630 4281 te
670 4229 980 4282 incolumem
1005 4227 1284 4291 custodiat,
1325 4227 1500 4297 frater
1517 4231 1806 4296 carissime,

215 4298 309 4352 vel
335 4298 810 4368 honorandissime.
843 4297 952 4352 Leo
994 4298 1218 4368 Magnus
1247 4298 1512 4368 Flaviano
1547 4299 1817 4368 Constan~

216 4368 622 4437 tinopolitano:
675 4367 1024 4422 Dilectissimo
1067 4367 1224 4438 fratri
1266 4367 1525 4422 Flaviano
1557 4367 1661 4422 Leo
1685 4369 1820 4438 Epi-

214 4436 432 4507 scopus.
463 4438 519 4492 In
541 4437 785 4493 eamdem
817 4437 1044 4492 formam
1069 4436 1402 4508 Simplicius
1447 4439 1646 4493 Acacio
1674 4436 1815 4493 Cen-

213 4509 722 4579 stantinopolitano,
750 4507 997 4563 Gelasius
1036 4507 1332 4579 Euphemio
1379 4508 1620 4579 ejusdem
1660 4509 1810 4565 urbis

214 4571 515 4650 Episc0po,
543 4571 836 4650 Gregdrius
877 4571 1318 4650 Magnus-Joanni
1360 4571 1810 4650 Constantinopo-
1834 4571 1887 4631 D

212 4648 440 4713 Iitano,’
459 4648 688 4719 aliisque
712 4648 1062 4704 Patriarchis.

289 4719 319 4758 ἀ
358 4720 444 4773 Ad
474 4715 792 4790 Episcopum
822 4721 1098 4790 forensem.
1130 4718 1261 4786 Quis
1299 4721 1390 4776 hic
1414 4720 1711 4791 Episcopus
1731 4715 1812 4776 fol-

211 4791 403 4847 rensis
441 4791 674 4855 dicatur,
721 4791 967 4846 dubitare
1013 4791 1182 4860 possit
1229 4792 1516 4860 quispiam.
1569 4792 1810 4859 Conjicio

209 4862 428 4933 partim
454 4876 522 4915 ex
543 4863 901 4933 originatione
927 4863 1092 4933 v_ocis,
1122 4863 1315 4930 partim
1341 4877 1407 4933 ex
1431 4861 1569 4914 tituli
1595 4863 1810 4929 ordine,

211 4947 331 5000 quo
354 4932 591 4987 forensis
619 4931 913 4987 collocatur
950 4931 1326 4986 Patriarcham
1372 4932 1513 4985 inter
1533 4942 1586 4986 et
1617 4933 1814 4986 Archi—

210 5004 540 5074 episcopum
572 5003 882 5074 Ravennae,
908 5017 1114 5074 magna;
1137 5012 1291 5074 tunc,
1313 5018 1435 5074 cum
1465 5001 1626 5056 Liber
1648 5003 1814 5056 Diur-

206 5089 327 5127 nus
372 5073 554 5142 fieret,
581 5073 919 5129 auctoritatis
961 5073 1184 5142 intelligi
1212 5073 1295 5127 vel
1326 5073 1646 5142 Episcopum
1678 5074 1812 5128 civi-

214 5145 358 5198 tatis
385 5133 550 5198 exti'a'
588 5144 795 5198 Italiam
839 5145 1048 5214 positae,
1093 5133 1178 5197 νέι
1227 5133 1554 5208 Exarchuni,
1598 5143 1652 5197 id
1702 5153 1808 5214 est,

207 5215 564 5279 Antistitem,
610 5215 700 5284 qui
748 5213 878 5268 nulli
913 5215 1178 5285 Episcopo
1206 5215 1277 5268 sit
1307 5215 1591 5277 obnoxius,
1624 5221 1678 5267 et
1718 5213 1810 5282 jus

208 5293 406 5340 tamen
459 5287 658 5340 habeat
714 5286 767 5339 in
825 5286 1116 5354 Episcopos
1169 5285 1333 5340 etiam
1390 5285 1806 5354 metropolitas,

207 5354 523 5425 cujusmodi
558 5356 1003 5425 Carthaginiensis
1029 5360 1080 5409 in
1127 5356 1332 5418 Africa,
1362 5355 1713 5410 Caesariensis
1753 5356 1808 5408 in

206 5423 588 5494 Cappadocia,
638 5423 942 5495 Ephesinus
994 5427 1046 5478 in
1107 5426 1256 5489 Asia,
1311 5426 1808 5481 Thessalonicensis

209 5496 272 5550 in
327 5497 561 5567 Illyrico.
606 5497 738 5551 Nam
790 5512 894 5550 vox
925 5496 1026 5550 ista
1062 5496 1305 5564 forensis,
1337 5496 1421 5550 vel
1468 5513 1499 5550 a
1528 5495 1664 5551 foris
1688 5497 1804 5552 sive

279 5655 354 5720 (⁸⁵)
377 5656 399 5708 I
425 5666 545 5722 part.
574 5671 710 5711 conc.
731 5658 934 5724 Ephes.,
960 5671 1063 5721 cap.
1092 5658 1170 5716 ιδ,
1195 5657 1268 5716 l8,
1290 5655 1366 5707 20.

1837 1859 1890 1922 B

305 1954 372 2008 Et
400 1955 718 2026 subscriptio
744 1954 880 2025 ejus.
909 1954 1053 2010 Deus
1084 1961 1136 2008 te
1163 1951 1486 2008 incolumem
1527 1949 1810 2017 custodiat,
1863 1953 1866 1957 '

1843 482 1900 546 Α
1991 480 2062 534 Et
2091 482 2401 554 subscriptio
2425 485 2562 555 ejus.
2592 483 2736 541 Deus
2762 492 2817 542 te
2845 484 3174 544 incolumem
3212 485 3503 563 custodiat,

1919 575 2354 634 reverentissime
2384 585 2438 633 et
2467 579 2804 634 sanctissime
2827 579 3018 637 frater.

2448 692 2499 762 7
2536 691 2835 749 TlTULUS
2864 693 2933 748 Χ.

2450 807 2473 849 ί
2500 810 2582 864 Ad
2619 811 2956 884 Episcopum.

1988 901 2373 973 Superscriptio
2393 917 2413 968 ;
2449 911 2504 956 ut
2529 919 2708 973 supra.

1989 994 2313 1066 Subscriptio
2365 995 2499 1066 ejus.
2555 997 2700 1053 Deus
2732 1004 2789 1053 te
2833 997 3162 1059 incolumem
3209 1005 3502 1080 custodiat,

1917 1087 2358 1144 reverentissime
2394 1088 2585 1144 frater.

2499 1201 2800 1260 TlTULUS
2825 1201 2916 1259 XI.

1919 1315 1946 1352 ⁸
1970 1313 2050 1366 Ad
2073 1312 2465 1384 Presbyterum,
2493 1313 2810 1440 Diae-onum,
2841 1316 3210 1376 Primicerium
3234 1330 3281 1377 et
3310 1319 3506 1379 Secun-

2617 1404 2852 1440 tcertum.

2617 1404 2852 1441 tcertum.

1987 1490 2391 1565 Superscriptio.
2421 1491 2783 1550 Dilectissimo
2808 1495 2919 1552 lilio
2941 1495 3024 1552 Ill.
3050 1497 3131 1553 Ill.
3160 1515 3352 1556 servus
3377 1515 3494 1558 ser-

1915 1603 2109 1643 vorum
2133 1588 2249 1643 Dei.

1988 1681 2061 1736 Et
2095 1682 2408 1752 subscriptio
2431 1682 2567 1754 ejus.
2607 1682 2750 1740 Deus
2778 1693 2834 1742 te
2863 1685 3190 1746 incolumem
3216 1689 3504 1760 custodiat,

1919 1776 2267 1835 dilectissime
2296 1776 2393 1832 ﬁli.

2499 1867 2797 1925 TlTULUS
2823 1867 2934 1925 XII.

2362 2000 2365 2003 '
2396 1981 2717 2053 Subscriptio
2745 1982 3031 2038 constituti.

1987 2094 2071 2150 Ill.
2128 2095 2429 2166 Episcopus
2472 2100 2672 2149 sanctae
2720 2092 2965 2148 ecclesiae
3013 2092 3295 2150 catholica:
3339 2101 3504 2164 atque

1920 2189 2259 2260 apostolicae,
2290 2187 2442 2243 urbis
2463 2186 2671 2254 Romae,
2697 2185 2779 2241 Ill.
2803 2185 2834 2226 ιι
2862 2187 3158 2242 constituto
3183 2203 3216 2242 a
3243 2186 3402 2243 nobis
3429 2185 3510 2240 fa-

1918 2290 2007 2338 cto
2037 2279 2353 2351 subscripsi.

1918 2554 2094 2610 extra,
2131 2546 2218 2600 vel
2258 2561 2289 2600 a
2319 2545 2434 2614 foro
2483 2544 2598 2603 sive
2641 2544 3020 2615 jurisdictione
3067 2544 3261 2600 deduci
3305 2550 3508 2614 potest.

1917 2616 1977 2671 In
2003 2619 2239 2686 priorem
2261 2617 2630 2684 conjecturam
2668 2616 2841 2685 magis
2865 2615 3086 2686 inclino,
3118 2616 3244 2684 quia
3265 2616 3508 2686 origina-

1917 2685 2172 2742 tio’vocis
2196 2687 2445 2742 usitatior
2476 2695 2579 2752 est,
2603 2696 2657 2740 et
2696 2686 2948 2740 Revenna
2987 2685 3153 2739 Italia:
3176 2685 3370 2739 civitas
3400 2693 3509 2741 est.

1918 2757 2284 2813 Posteriorem
2313 2757 2506 2812 suadet
2530 2757 2665 2812 ordo
2691 2756 2988 2826 dignitatis,
3024 2756 3114 2826 qui
3145 2756 3360 2811 videtur
3385 2771 3508 2811 ser-

1917 2838 2076 2882 vatus
2122 2827 2264 2881 inter
2305 2843 2597 2897 personas,
2650 2825 2844 2896 quibus
2893 2825 3186 2897 Pontifices
3240 2826 3506 2897 scribunt.

1920 2895 2322 2968 Conjecturam
2344 2898 2500 2967 juvat
2534 2897 2916 2968 aliquatenus,
2969 2896 3118 2968 quod
3164 2895 3290 2968 Leo
3319 2896 3510 2968 literas

1919 2966 2047 3024 sitas
2071 2969 2137 3023 ad
2159 2966 2506 3022 Anastasium
2531 2967 3072 3022 Thessalonicensem
3107 2966 3358 3036 inscribit
3385 2982 3510 3036 per-

1920 3039 2047 3094 inde
2075 3054 2139 3094 ac
2167 3037 2500 3094 Patriarchis
2531 3038 2704 3102 datas,
2733 3037 3069 3091 dilectissimo
3100 3037 3274 3105 fratri.
3307 3035 3510 3091 Verum

1921 3125 2022 3180 nec
2063 3110 2167 3164 hoc
2209 3119 2588 3180 argumentum
2636 3107 3009 3180 firmissimum
3055 3115 3158 3174 est,
3188 3122 3313 3163 cum
3357 3116 3414 3163 et
3441 3107 3510 3162 ad

1918 3179 2214 3250 Episcopos
2237 3178 2424 3234 eadem
2451 3179 2622 3234 forma
2654 3178 2935 3250 scriberet.
2960 3246 3010 3250 __
3322 3247 3354 3250 η
3503 3229 3506 3232 .

1996 3263 2020 3290 ο
2047 3246 2132 3304 Ad
2156 3250 2614 3320 Arcltiepiscopum
2644 3247 2924 3320 Ravennae.
2960 3246 3272 3320 Magnaeput
3302 3247 3512 3320 dictum

1920 3329 2028 3386 est,
2057 3329 2207 3384 tunc,
2242 3318 2364 3375 cum
2392 3318 2626 3374 Diurnus
2650 3319 2787 3372 liber
2811 3318 2983 3380 ﬁeret,
3010 3318 3346 3374 auctoritatis
3369 3327 3507 3383 erat,

1916 3393 2116 3462 partim
2159 3400 2381 3462 propter
2423 3391 2607 3462 sedem
2649 3388 3199 3462 Exarchiﬁavenna:
3225 3389 3458 3462 positam
3491 3405 3510 3444 :

1917 3459 2114 3531 partim
2157 3459 2413 3530 quoniam
2456 3461 2738 3531 ipsiusmet
2788 3459 3197 3531 Archiepiscopi
3227 3459 3512 3531 interces:

1919 3526 2071 3587 sione
2115 3526 2192 3585 in'
2217 3532 2450 3601 negotiis
2476 3526 2884 3585 'ecclesiasticis
2935 3526 3320 3601 promovendis
3341 3526 3511 3601 ﬁapud

1919 3603 2227 3656 Exarchum
2275 3599 2411 3670 opus
2457 3608 2618 3655 erat:
2675 3601 2877 3668 partim
2922 3601 3151 3670 denique
3178 3600 3304 3670 quia
3339 3599 3509 3653 Exar-

1919 3674 2148 3726 chorum
2167 3667 2473 3738 exemplum
2503 3667 3261 3739 secutiRavennaiPrtesules
3291 3669 3510 3739 impune

1921 3741 2025 3794 sibi
2054 3741 2153 3810 visi
2179 3737 2510 3810 sunt,’posse
2537 3739 2797 3794 Romanis
2823 3737 3076 3808 injuriam
3105 3739 3328 3807 inferre,
3353 3737 3512 3810 quip-

1917 3825 1986 3881 pe
2016 3809 2210 3879 quibus
2239 3809 2472 3881 Exarchi
2501 3811 2827 3879 impotenter
2851 3810 3292 3881 dominabantur.

1990 3881 2164 3935 Porro
2191 3889 2370 3935 autem
2413 3880 2754 3935 observanda
2783 3887 2911 3933 sunt
2938 3879 3076 3936 duo:
3110 3879 3362 3944 alterum,
3393 3880 3508 3933 Ra-

1915 3965 2106 4006 vennze
2143 3951 2436 4006 Praesulem
2483 3967 2590 4005 non
2638 3951 2744 4006 dici
2780 3949 3129 4021 Episcopum,
3167 3951 3262 4005 sed
3309 3949 3510 4004 Archi-

1915 4023 2268 4091 episcopum;
2314 4022 2567 4085 alterum,
2621 4022 3070 4090 honorificentius
3119 4036 3282 4091 quam
3331 4021 3506 4091 ipsum

1915 4092 2080 4146 etiam
2101 4090 2280 4146 Patria
2291 4095 2476 4146 rcham
2497 4092 2830 4160 compellari,
2857 4091 2943 4146 hic
2964 4093 3110 4146 enim
3137 4090 3507 4146 dilectissimus

1913 4162 2100 4232 frater,
2151 4162 2239 4217 ille
2286 4163 2757 4227 reuerentissimus,
2806 4171 2854 4215 et
2906 4163 3269 4216 sanctissimus
3316 4161 3502 4232 frater.

1917 4230 2216 4300 Utrumque
2258 4232 2386 4286 fecit
2413 4232 2736 4286 miserabilis
2763 4232 3000 4286 conditio
3028 4242 3348 4299 temporum,
3387 4230 3509 4300 qui-

1915 4301 2014 4354 bus
2041 4299 2248 4355 adulari
2285 4302 2583 4370 prudentiae
2611 4300 2730 4366 fuit,
2770 4309 2826 4353 et
2851 4302 2918 4354 de
2947 4302 3126 4370 rigore
3156 4301 3326 4354 sancti
3369 4299 3507 4355 Gre-

1915 4371 2053 4440 gorii
2099 4371 2346 4425 nonnihil
2391 4372 2690 4440 remittere,
2741 4372 3090 4425 mconomicm
3135 4371 3500 4426 necessitatis.

1913 4439 2040 4494 Inde
2070 4457 2200 4497 vero
2229 4442 2379 4496 urbis
2411 4440 2552 4494 illius
2580 4439 2846 4495 Prmsules
2886 4449 3093 4496 tantum
3141 4441 3243 4497 sibi
3294 4457 3506 4497 assum-

1913 4522 2166 4580 pserunt,
2215 4520 2276 4566 ut
2325 4527 2436 4580 pra:
2482 4512 2790 4582 arrogantia
2820 4512 3080 4568 Romanis
3125 4512 3502 4579 Pontificihus,

1913 4581 2119 4637 Christi
2144 4584 2380 4645 vicariis,
2415 4582 2558 4637 Petri
2601 4581 3028 4647 successoribus,
3063 4592 3117 4638 et
3143 4583 3386 4639 ecclesiae
3412 4599 3506 4638 ca-

1907 4653 2113 4721 pitibus
2148 4654 2358 4738 pollent
2407 4653 2621 4735 subjici,
2666 4655 3176 4738 vixqueﬂpotuerint
3220 4662 3332 4737 toto
3356 4669 3508 4709 sum-

1908 4739 2120 4778 morum
2148 4723 2470 4779 Pontiﬁcum
2498 4725 2690 4778 annisu
2730 4723 2796 4779 ad
2821 4723 3056 4778 cilicium
3082 4725 3286 4780 reduci.

1984 4793 2002 4832 ῖ
2045 4795 2126 4847 Ad
2157 4795 2493 4865 Episcopum.
2541 4795 2793 4849 Formula
2831 4795 2946 4850 haec
2978 4796 3251 4864 prioribus
3291 4793 3504 4851 saeculis

1909 4864 2164 4919 inusitata
2207 4863 2332 4933 post
2372 4863 2575 4918 editum
2619 4865 2878 4918 Diurnum
2930 4863 3187 4920 sOlemnis
3233 4865 3370 4919 fuit:
3420 4865 3502 4919 sic

1873 4981 1875 4983 .
1908 4935 2052 4988 enim
2084 4935 2380 5006 Gregorius
2414 4935 2684 5006 secundus
2729 4937 3055 5006 tertiusque,
3104 4947 3160 4991 et
3204 4936 3500 4990 Zacharias

1912 5015 2167 5079 sanctum
2187 5004 2961 5079 Bonifacittn1_Germanorum
3007 5007 3326 5079 Apostolum
3353 5019 3504 5060 com-

1909 5076 2130 5144 pellant,
2158 5077 2266 5147 i_mo
2287 5086 2342 5129 et
2366 5075 2500 5129 alios
2529 5075 2842 5147 Episcopos.

1988 5149 2012 5220 β
2044 5146 2127 5220 Ad
2153 5145 2543 5220 Pres_b_yterum.
2575 5147 2667 5220 Sic
2708 5145 2815 5203 Leo
2853 5149 3100 5220 Magnus,
3125 5161 3178 5205 et
3201 5148 3501 5220 Eutychem

1910 5217 2068 5291 epist.
2101 5218 2242 5291 6_._el
2285 5215 2542 5291 Faustum
2586 5219 2742 5286 epist.
2777 5220 2844 5274 98
2890 5215 3212 5291 co'mpellat;
3249 5215 3326 5270 sic
3364 5217 3500 5291 Gre:

1910 5287 2347 5361 goriusjvlagnus
2373 5286 2558 5361 plures
2594 5305 2702 5343 non
2729 5286 3081 5361 Presbyterbs
3125 5298 3358 5361 tantum,
3401 5286 3498 5342 sed

1908 5356 2073 5412 etiam
2099 5358 2383 5420 Diaconos,
2416 5358 2806 5425 Subdiaconos,
2841 5356 3110 5419 Notarios,
3140 5356 3496 5413 Defensores-

1909 5445 2013 5498 que
2039 5438 2095 5500 et
2122 5428 2410 5483 Curatores
2435 5431 2762 5500 patrimonii.

1979 5501 2006 5539 ιι
2031 5498 2345 5554 Constituto.
2374 5497 2452 5554 lta
2485 5499 3030 5567 GregoriusMagnus
3053 5514 3179 5554 ann.
3212 5498 3336 5554 594.
3367 5497 3498 5552 Gre-

1908 5571 2090 5641 gorius
2120 5573 2389 5625 secundus
2427 5588 2554 5626 ann.
2597 5563 2721 5624 721.
2771 5563 3062 5625 Zacharias
3109 5587 3237 5625 ann.
3283 5569 3405 5624 743.
3438 5568 3494 5623 in

1908 5658 2004 5698 sua
2031 5643 2259 5713 quisque
2289 5641 2506 5714 Synodo
2535 5642 2778 5698 Romana
2808 5641 3170 5698 subscribunt.
