4062 6446
283 351 359 413 29
1291 337 1736 400 ROMANORUM
1769 333 2214 395 PONTIFICUM.
2254 364 2327 377 —
2362 333 2515 391 CAP.
2551 332 2619 390 ll.
3498 333 3569 390 30

285 484 319 525 ι
346 480 456 538 quo
502 462 748 537 procedit
778 473 940 517 omne
984 458 1131 531 quod
1178 459 1384 515 bonum
1434 468 1539 524 est,
1592 455 1872 528 praedesti-
1896 455 1952 520 Α
1975 453 2081 509 dici
2106 414 2265 519 est,a
2283 467 2453 523 parvo
2484 464 2659 523 usque
2684 449 2751 506 ad
2781 463 3060 521 magnum,
3090 449 3145 505 in
3174 466 3461 521 personam
3484 450 3566 507 ill.

285 567 452 618 nante
491 572 555 612 ac
582 555 860 628 largiente,
893 552 990 625 ιι
1018 551 1336 608 conceditur
1367 570 1379 606 :
1422 551 1681 606 nimirum
1710 562 1738 592 ι
1775 563 1875 629 no-

285 653 365 711 vit
410 649 662 708 humanis
710 648 867 704 rebus
912 645 1251 718 providentia
1305 645 1486 701 divina
1535 656 1871 709 succurrere;

285 763 344 811 et
374 749 717 809 maerentium
748 744 901 801 ﬂetus
951 760 1017 800 ac
1068 744 1302 815 gemitus
1348 744 1403 799 in
1457 740 1876 798 exsultationem

285 851 634 910 convertere,
689 847 748 897 ut
800 840 891 910 qui
922 854 1095 910 nuper
1132 836 1623 894 consternabantur
1669 833 1872 897 aﬁlicti,

284 935 631 1011 postmodum
674 939 969 1004 appareant
1012 931 1236 986 nimium
1284 929 1568 987 consolati.
1620 925 1877 983 Canentis

285 1030 435 1084 enim
481 1026 641 1098 Regis
690 1032 814 1079 sunt
862 1022 1028 1089 dicta,
1081 1039 1202 1093 quae
1257 1030 1476 1077 sanctus
1528 1018 1764 1089 Spiritus
1812 1017 1877 1073 de

287 1121 494 1191 templo
520 1117 849 1190 propltetalis
880 1116 1061 1172 cordis
1092 1116 1347 1170 insonuit.
1376 1110 1458 1166 Ad
1487 1126 1752 1180 vesperum
1782 1108 1876 1162 de-

286 1212 582 1267 morabitur
602 1210 778 1280 ﬂetus,
803 1220 849 1263 et
887 1208 955 1262 ad
978 1208 1294 1261 matutinum
1318 1205 1502 1259 lwtitia
1529 1200 1699 1274 (Psal.
1724 1216 1875 1267 xxxx,

287 1320 337 1358 ιι.
363 1303 442 1374 6).
466 1303 568 1370 Qui
588 1310 643 1356 et
672 1301 864 1355 iterum
893 1300 1096 1372 gratias
1132 1297 1541 1360 referens.Deo,
1589 1291 1880 1349 beneﬁcio-

287 1409 410 1449 rum
440 1393 555 1461 ejus
588 1392 1041 1463 magniﬁcentiam
1071 1391 1217 1447 canit
1263 1397 1317 1443 et
1345 1389 1475 1443 dicit
1517 1406 1528 1441 :
1565 1384 1878 1441 Convertisti

285 1484 558 1555 planctum
598 1499 767 1537 meum
795 1484 847 1537 in
894 1484 1144 1554 gaudium
1179 1481 1328 1545 mihi,
1356 1477 1630 1532 concidisti
1668 1493 1877 1531 sacrant

287 1593 484 1641 meum,
513 1586 561 1630 et
590 1578 912 1647 prtecinxisti
936 1594 1016 1630 me
1046 1575 1248 1640 lwtitia,
1278 1583 1333 1627 ut
1377 1581 1548 1627 cantet
1578 1570 1672 1624 tibi
1710 1569 1879 1641 gloria

285 1684 424 1727 mea.
449 1677 497 1722 et
528 1685 630 1723 non
656 1686 977 1740 compungar
1008 1668 1195 1740 (Ibid.,
1220 1684 1265 1721 υ.
1297 1664 1364 1719 12
1385 1674 1431 1719 et
1457 1662 1566 1735 i3).
1598 1662 1709 1733 Ipsi
1735 1663 1879 1717 enim

285 1778 419 1815 cura
452 1762 518 1816 de
542 1764 686 1818 nobis
713 1775 786 1817 est
817 1762 868 1835 (1
910 1760 1055 1816 Petr.
1107 1778 1160 1825 v,
1206 1779 1251 1815 υ.
1282 1760 1363 1831 7),
1393 1769 1452 1813 ut
1476 1774 1570 1812 vas
1599 1750 1876 1813 electionis

1979 545 2308 603 sanctissimi
2353 542 2511 613 hujus
2553 552 2756 599 sanctae
2801 542 3110 613 apostolica:
3136 543 3281 599 sedis
3306 543 3566 600 Romana

1975 634 2234 691 Ecclesia
2269 634 2595 705 presbyteri,
2646 630 2760 691 Deo
2806 642 3153 705 cooperante,
3197 642 3255 690 et
3281 630 3569 692 beatorum

1976 728 2347 799 apostolorum
2410 726 2605 783 annisu
2674 727 2992 795 concurrit,
3061 733 3226 799 atque
3290 726 3574 785 msensit

1974 820 2191 877 electio.
2622 808 2625 811 ’

2048 912 2216 983 Cujus
2245 914 2359 969 Deo
2386 912 2636 970 amabilis
2659 912 2764 968 viri
2794 921 3003 969 tantum
3028 914 3231 970 meruit
3270 915 3415 986 apud
3452 928 3570 971 om-

1975 1008 2127 1064 nium
2184 1010 2545 1065 conscientias
2590 1008 2747 1064 bona:
2774 1012 2830 1064 et
2880 1009 3088 1080 pudicae
3144 1007 3571 1066 conversationis

1975 1099 2267 1171 profectio,
2302 1109 2363 1155 ut
2391 1102 2571 1157 nullus
2601 1102 2651 1156 in
2680 1101 2797 1172 ejus
2832 1100 3092 1157 electione
3117 1099 3423 1168 dissideret,
3452 1100 3572 1157 nul-

1976 1193 2061 1250 lus
2101 1196 2347 1258 abesset,
2398 1192 2645 1249 nullusve
2698 1194 2933 1265 scipsum
2982 1192 3361 1259 subtraheret,
3407 1204 3572 1263 quem

1979 1302 2173 1359 nempe
2202 1286 2269 1340 ad
2312 1287 2416 1341 hoc
2442 1287 2752 1356 apostolicae
2778 1287 2915 1342 vicis
2944 1285 3181 1342 oﬂlcium
3229 1272 3573 1356 incompara-

1973 1374 2101 1434 bilis
2144 1388 2303 1449 atque
2343 1377 2659 1435 indeﬁciens
2704 1379 2802 1434 Dei
2843 1378 3013 1434 nostri
3057 1379 3396 1451 providentia
3428 1392 3571 1450 prm-

1977 1475 2307 1531 destinatum
2373 1473 2659 1530 habuerat.
2712 1472 2994 1540 Quomodo
3050 1488 3156 1530 non
3210 1481 3265 1528 et
3316 1470 3571 1529 humanis

1977 1571 2249 1625 mentibus
2296 1568 2571 1624 unanimis
2628 1566 2983 1622 consonantia
3035 1566 3350 1622 conveniret
3402 1564 3456 1619 in
3519 1564 3573 1619 id

1978 1661 2119 1731 quod
2143 1659 2331 1732 procul
2347 1660 2508 1715 dubio
2524 1665 2577 1714 tn
2597 1659 2693 1714 Dei
2707 1660 2995 1730 prmsentia
3013 1658 3297 1716 tenebatur
3311 1655 3573 1712 afﬁxam?

2048 1752 2211 1822 Cujus
2238 1762 2291 1807 ct
2331 1752 2611 1807 decretum
2656 1749 2972 1807 solemniter
3001 1746 3281 1815 facientes,
3334 1757 3391 1805 et
3431 1747 3574 1804 desi-

285 1860 342 1907 et
368 1867 515 1907 verae
544 1853 669 1908 ﬁdei
702 1832 883 1907 monet
911 1853 1211 1924 integritas.
1242 1849 1449 1920 Quippe
1477 1863 1595 1918 quae
1623 1857 1747 1902 sunt
1775 1849 1874 1902 tri-
1904 1832 1952 1899 Β
1981 1845 2130 1901 deria
2175 1844 2420 1900 cordium
2465 1845 2613 1900 circa
2639 1844 2758 1915 ejus
2792 1845 3111 1899 electionem
3140 1854 3400 1899 manuum
3446 1840 3574 1895 sub-

286 1943 467 2007 stitire,
495 1943 561 1997 ad
586 1943 840 2014 gaudium
866 1941 1171 1998 miserando
1194 1942 1457 2013 perducit,
1484 1940 1625 2010 quod
1649 1951 1705 1995 et
1723 1940 1878 1995 nobis

284 2034 499 2105 exiguis
529 2042 586 2089 et
611 2035 983 2103 peccatoribus
1031 2048 1187 2103 opem
1238 2033 1304 2090 de
1352 2034 1468 2105 ejus
1503 2031 1880 2088 misericordia

281 2125 724 2197 prarstolantibus
755 2127 996 2200 dignatio
1021 2128 1251 2184 ccclestis
1282 2128 1548 2183 exhibuit.

354 2216 568 2272 Etenim
599 2217 922 2288 pontiﬁcalis
971 2220 1245 2275 memoriae
1274 2219 1471 2274 domno
1506 2217 1583 2273 Ill.
1634 2232 1769 2289 papa
1814 2218 1881 2274 de

279 2311 644 2381 praesentibus
671 2313 816 2367 curis
855 2313 923 2367 ad
965 2321 1223 2368 mternam
1265 2313 1504 2383 requiem
1546 2322 1788 2377 evocato,
1820 2319 1880 2365 ut

280 2404 487 2460 assolet
510 2405 761 2461 humanis
786 2407 949 2462 rebus
994 2408 1259 2471 accidere,
1295 2407 1325 2447 h
1357 2422 1551 2478 magna
1583 2421 1682 2461 nos
1711 2405 1881 2460 tristi-

281 2494 487 2550 tiarum
516 2496 680 2552 moles
717 2498 1086 2567 obstrinxerat
1118 2498 1220 2569 12
1252 2500 1470 2569 proprio
1506 2497 1880 2569 dispensatore

282 2589 603 2658 destitutos;
652 2593 746 2648 sed
789 2603 810 2630 ο
851 2608 959 2647 non
1009 2593 1102 2648 diu
1153 2594 1207 2647 in
1253 2592 1540 2648 aﬁlictione
1586 2592 1880 2661 persistere

281 2690 545 2735 consueta
572 2678 665 2737 Dei
695 2678 867 2738 nostri
907 2684 1211 2756 benignitas
1240 2692 1521 2754 sperantes
1550 2683 1603 2739 in
1635 2699 1692 2739 se
1718 2684 1877 2739 dere-

279 2771 463 2843 liquit.
509 2768 703 2830 Divina
744 2778 889 2831 enim
928 2777 1084 2832 nobis
1127 2777 1182 2831 in
1218 2778 1465 2833 oratione
1512 2776 1875 2843 manentibus,

280 2870 345 2917 ut
371 2863 603 2921 ctelestis
630 2866 874 2938 dignatio
907 2869 1328 2936 demonstraret,
1362 2884 1525 2939 quem
1562 2870 1784 2940 dignum
1808 2869 1878 2923 ad

280 2958 683 3014 successionem
705 2960 1014 3031 apostolicae
1036 2962 1171 3016 vicis
1189 2961 1377 3031 jubeat
1404 2963 1730 3034 eligendum,
1759 2962 1876 3033 ejus

281 3049 458 3119 gratia
493 3049 842 3123 suﬂragante,
872 3062 928 3108 et
955 3055 1196 3109 omnium
1236 3054 1435 3109 animis
1463 3056 1777 3126 inspirante,
1819 3055 1876 3111 in

280 3154 449 3196 unum
478 3146 928 3202 convenientibus
967 3148 1143 3213 nobis,
1171 3148 1197 3187 ἀ
1229 3157 1289 3203 ut
1315 3150 1480 3203 moris
1522 3157 1623 3214 est,
1670 3149 1722 3204 id
1764 3158 1870 3215 est,

282 3235 496 3291 cunctis
528 3237 899 3296 sacerdotibus
926 3255 989 3296 ac
1023 3240 1342 3311 proceribus
1382 3241 1647 3309 ecclesiae,
1675 3250 1732 3297 et
1756 3240 1875 3296 uni-

279 3338 446 3385 verso
473 3330 620 3387 clero
645 3340 810 3404 atque
849 3335 1220 3406 optimatibus,
1272 3344 1330 3390 et
1370 3336 1623 3391 universa
1653 3335 1876 3390 militari

279 3424 593 3493 praesentia,
645 3440 740 3481 seu
781 3426 989 3482 civibus
1018 3427 1282 3493 honestis,
1308 3435 1362 3482 et
1389 3436 1581 3483 cuncta
1610 3427 1877 3500 generali-

283 3524 402 3572 tate
441 3517 628 3589 populi
659 3519 816 3576 istius
852 3536 884 3575 a
912 3520 1024 3577 Deo
1058 3530 1289 3578 servata:
1334 3521 1593 3578 Romana:
1632 3522 1802 3590 urbis,
1831 3522 1879 3578 si

408 3688 567 3746 more
590 3682 800 3729 tantum
833 3692 1001 3731 mens.
1026 3677 1106 3730 ill.
1136 3678 1322 3731 indici.
1354 3676 1433 3731 ill.
1470 3684 1802 3746 apponatur;
1832 3677 1879 3731 si

276 3743 361 3807 id,
394 3744 642 3814 inquam,
672 3755 876 3799 temere
919 3762 1026 3801 non
1057 3747 1274 3811 accidit,
1310 3747 1363 3801 in
1404 3743 1675 3801 neminem
1704 3747 1881 3814 aptius

276 3812 600 3886 eortjectura
625 3815 917 3870 convenire
938 3824 1138 3886 potest,
1168 3832 1329 3886 quam
1362 3818 1415 3871 in
1445 3812 1779 3871 Bonifaciurn
1810 3816 1875 3872 V.

278 3885 378 3954 qui
435 3885 626 3939 sedere
662 3887 828 3955 coepit
882 3885 1008 3941 ann.
1053 3885 1195 3953 617,
1227 3904 1415 3942 mense
1462 3887 1770 3951 Decembri,
1819 3895 1880 3943 ut

278 3955 451 4010 habet
476 3955 743 4028 Baconii»
768 3971 835 4028 ex
861 3956 1172 4022 Anastasio,
1214 3968 1504 4028 postquam
1534 3956 1691 4013 sedes
1732 3973 1876 4026 prae-

280 4025 522 4080 cessoris
564 4026 853 4081 Deusdedit
897 4035 1145 4083 vacasset
1181 4025 1422 4083 mensem
1456 4044 1623 4083 unum
1659 4036 1713 4083 et
1736 4025 1875 4085 dies

279 4094 334 4150 6.
377 4103 475 4149 aut
520 4096 607 4151 i6.
655 4095 917 4152 Bonifacii
962 4100 1109 4154 enim
1153 4096 1217 4152 V.
1249 4099 1577 4154 ordinationi
1622 4099 1876 4155 videntur

280 4180 602 4238 congruere,
639 4184 759 4238 qum
803 4174 1007 4238 septem
1055 4177 1444 4224 memorantur.
1492 4186 1532 4224 ι.
1568 4168 1720 4237 Quod
1765 4169 1873 4225 ele—

280 4236 407 4291 ctus
443 4236 607 4293 fuerit
644 4236 946 4309 presbyter.
979 4256 1039 4294 n.
1087 4240 1239 4306 Quod
1285 4236 1873 4296 virtutibusomnihus

280 4316 509 4377 ornatus
553 4323 619 4363 ac
655 4309 994 4365 mitissimus.
1020 4326 1103 4363 In.
1136 4310 1295 4377 Quod
1317 4311 1571 4365 concordi
1603 4312 1873 4365 sententia

279 4376 523 4452 elec_tus._
541 4394 614 4433 Iv.
637 4378 790 4452 Quod
824 4388 947 4450 post
975 4376 1230 4452 magnum
1254 4380 1867 4452 defunctigdesiderium.

277 4462 336 4519 ξ,
373 4449 528 4516 Quod
573 4452 729 4505 sedes
758 4449 849 4505 diu
897 4466 1007 4506 non
1051 4449 1344 4506 vacaverit.
1377 4467 1451 4506 vt.
1485 4450 1639 4519 Quod
1686 4464 1870 4507 mense

278 4517 575 4593 Novembri
624 4520 816 4593 electio
864 4532 1084 4593 peracta
1137 4523 1225 4576 sit.
1256 4539 1347 4576 vn.
1382 4517 1531 4589 Quod
1576 4522 1867 4578 indictidnc

278 4598 499 4664 quarta.
529 4589 680 4664 Nam!
704 4579 1012 4664 Bonifacius
1037 4609 1105 4647 ex
1132 4579 1680 4648 Ecclesiaewﬁomanaz
1717 4608 1871 4664 pres-
1893 4579 1948 4640 Ῑ)

276 4660 475 4732 bytero
504 4662 747 4732 pontifex
769 4662 945 4719 factus
970 4672 1075 4727 est,
1102 4664 1189 4717 vir
1214 4663 1532 4720 mitissimus
1558 4660 1868 4721 niisericors

278 4730 337 4786 et
389 4730 647 4796 liberalis,
696 4734 844 4787 nulla
893 4735 1225 4789 dissensione
1277 4735 1533 4804 partium,
1574 4742 1696 4803 post
1731 4751 1871 4804 prte-

278 4816 557 4857 cessorem
597 4805 997 4859 sanctissimum
1023 4813 1080 4859 et
1102 4806 1315 4860 cunctis
1355 4805 1714 4869 carissimum,
1743 4820 1866 4861 mox

278 4873 350 4928 ab
376 4874 528 4928 obitu
555 4875 968 4943 mdecessoris
1008 4877 1287 4931 Ordinatus
1330 4890 1516 4931 mense
1560 4876 1867 4944 Decembri,

279 4951 446 5012 atque
471 4945 611 4999 adeo
634 4945 836 5001 eiectus
857 4961 1042 5002 mense
1070 4945 1377 5007 Novembri,
1410 4947 1495 5001 die
1531 4946 1618 4999 16.
1652 4956 1746 5001 aut
1773 4948 1863 5002 24.

281 5013 618 5100 Decembris,
659 5016 1461 5100 indictione'quidemquin‘ta,
1502 5026 1560 5100 ut
1603 5028 1705 5100 est.
1727 5018 1870 5087 apud

278 5082 653 5151 Anastasium,
677 5102 864 5142 verum
887 5082 1041 5144 facile
1064 5088 1165 5143 fitit
1189 5096 1248 5141 ut
1270 5082 1320 5141 in
1343 5088 1661 5143 alterutrum
1691 5082 1869 5143 locum

276 5170 441 5210 error
468 5157 750 5230 igreperet,
787 5160 1184 5230 etpraasertim
1220 5158 1273 5230 in
1307 5158 1569 5230 Diurnum
1602 5160 1868 5215 inerudita

277 5240 447 5280 manu
469 5228 818 5298 descriptum.
844 5228 973 5297 Qua:
1000 5231 1068 5284 de
1094 5229 1367 5284 Boniiacio
1394 5228 1456 5283 Υ.
1475 5230 1708 5287 diximus
1739 5244 1869 5285 con-

278 5305 428 5371 stant
445 5313 512 5371 ea
536 5296 661 5353 Vita
680 5300 847 5368 ipsius
866 5296 939 5353 ab
957 5300 1243 5356 Anastasio
1266 5301 1486 5371 scripta,
1512 5309 1568 5356 et
1593 5301 1867 5370 epitaphio

278 5367 426 5454 quod
452 5365 724 5454 Honorius
752 5373 1184 5454 suoprtecessori
1213 5365 1396 5454 posuit
1422 5388 1435 5425 :
1468 5373 1548 5429 sic
1574 5365 1721 5427 enim
1742 5365 1868 5437 post

275 5450 379 5495 sex
404 5453 594 5495 versus
621 5440 824 5496 doloris
862 5449 1047 5505 testes,
1085 5440 1366 5510 sequitur:

418 5529 513 5597 Bi_c
534 5534 607 5597 vjr
626 5533 687 5580 ab
711 5539 889 5597 exortu
914 5538 999 5597 est
1014 5530 1145 5580 Petri
1167 5533 1428 5597 innutritus
1449 5534 1585 5597 Ovili,

472 5592 570 5642 Sed
594 5596 771 5642 meruit
794 5594 945 5643 sancti
972 5592 1137 5642 Pastor
1160 5595 1332 5643 δώδεκα
1356 5598 1543 5655 ειν-θείς.

410 5651 541 5719 Pu_ra
563 5656 684 5719 πως-ε
707 5656 920 5707 hominis
948 5658 1073 5704 votis
1091 5655 1311 5719 mundata
1330 5651 1425 5703 lii-ti
1447 5651 1575 5719 guis,

472 5714 675 5767 Exultat
695 5719 872 5769 Christi
896 5719 1119 5768 cantibus
1136 5718 1448 5779 hymnisonis,

406 5776 697 5843 Simplicitas
714 5782 930 5842 sapiens.
953 5784 1090 5843 vivax
1114 5776 1334 5841 solertia,
1361 5776 1589 5843 simplex.

474 5837 883 5907 Serpentiua'l’uit
902 5842 1218 5909 simplicitate
1240 5837 1431 5909 vigens.

1982 1937 2367 2006 scriptionibus
2404 1936 2825 2002 couﬁrmantes,
2870 1934 3193 2004 proﬁtemur
3238 1933 3415 2002 ipsum
3461 1930 3573 1987 Deo

1981 2032 2267 2089 amabilem
2313 2040 2558 2089 nostrum
2603 2032 2856 2093 electura,
2910 2040 3143 2096 castum,
3182 2029 3573 2102 pudicum,so—

1980 2128 2160 2182 brium
2189 2142 2253 2183 ac
2281 2127 2594 2197 benignum,
2637 2135 2695 2181 et
2735 2143 2790 2181 in
2822 2125 3077 2181 omnibus
3121 2125 3225 2196 13
3261 2124 3369 2194 piis
3394 2122 3574 2193 operi-

1981 2218 2082 2273 bus
2111 2233 2232 2273 esse
2259 2218 2580 2289 perfectum,
2612 2225 2774 2288 atque
2793 2218 3110 2273 orthodoxa
3137 2215 3263 2272 ﬁdei
3286 2221 3344 2270 et
3357 2220 3573 2271 sanctu-

1981 2326 2103 2365 rum
2134 2309 2358 2365 Patrum
2386 2310 2699 2366 traditionis
2743 2308 3089 2365 defensorem
3122 2314 3181 2362 et
3214 2305 3572 2363 fortissimum

1979 2406 2412 2461 observatorem.
3582 2469 3586 2473 Q

2051 2501 2206 2556 Hunc
2234 2515 2446 2567 omnes,
2468 2509 2530 2556 ut
2551 2499 2796 2571 profecto
2821 2510 2844 2540 ο
2863 2498 3215 2554 mitissimum
3239 2495 3443 2562 virum,
3470 2508 3571 2564 pro

1978 2591 2097 2661 ejus
2118 2592 2436 2649 suavissima
2465 2606 2530 2646 ac
2557 2594 2711 2647 bonae
2749 2591 3044 2646 voluntatis
3090 2586 3393 2644 constantia
3426 2599 3570 2640 nna-

1980 2684 2203 2738 nimiter
2236 2683 2393 2738 nobis
2434 2682 2694 2754 elegimus
2737 2689 3011 2753 pastorem
3049 2688 3210 2750 atque
3234 2676 3568 2750 pontiﬁcem,

1978 2778 2121 2832 unde
2145 2776 2215 2831 ob
2237 2774 2354 2843 ejus
2373 2776 2476 2845 piae
2500 2774 2930 2831 conversationis
2951 2774 3321 2845 integritatem
3343 2772 3573 2826 innuen-

1978 2882 2068 2922 sas
2112 2866 2463 2936 Redemptori
2511 2874 2698 2921 nostro
2736 2865 2924 2920 laudes
2977 2860 3284 2930 referimus,
3332 2874 3571 2918 consona

1978 2973 2102 3013 cum
2152 2957 2419 3027 Propheta
2463 2966 2721 3013 canentes
2760 2970 2935 3013 voce:
2974 2956 3197 3027 Magnus
3226 2971 3303 3020 es,
3349 2953 3572 3009 Domine

1977 3050 2122 3105 Deus
2164 3061 2360 3116 noster,
2391 3061 2438 3106 et
2460 3068 2655 3123 magna
2688 3051 2852 3105 virtus
2878 3056 2970 3105 tua
2992 3048 3166 3122 (P'sal.
3196 3063 3379 3114 cxsvr,
3411 3063 3465 3101 υ.
3490 3045 3567 3118 5).

1981 3140 2111 3206 Quis
2139 3144 2275 3197 enim
2307 3142 2545 3215 loquetur
2588 3144 2848 3215 potentias
2896 3150 3035 3208 tuas,
3081 3140 3344 3208 Domine,
3390 3146 3442 3194 et
3474 3154 3574 3193 au-

1979 3233 2117 3289 ditas
2169 3234 2327 3304 faciet
2383 3252 2558 3290 omnes
2619 3234 2802 3291 laudes
2860 3233 3144 3290 clementia:
3199 3232 3347 3289 tum?
3389 3226 3567 3305 (Ibid.

1964 3345 2088 3393 .cv,
2154 3346 2201 3383 υ.
2260 3328 2356 3400 2.)
2420 3328 2687 3396 Quoniam
2741 3337 2868 3384 vota
2918 3328 3215 3400 petentium
3259 3335 3315 3383 te
3357 3341 3425 3382 ex
3467 3340 3569 3380 au-

1965 3422 2153 3488 diens,
2212 3420 2361 3491 pium
2410 3422 2568 3477 nobis
2617 3421 2892 3477 contulisti
2942 3430 3242 3491 pastorem,
3298 3418 3393 3490 qui
3443 3428 3573 3474 san-

1979 3521 2123 3569 ctam
2177 3522 2326 3570 tuam
2386 3514 2753 3571 univcrsalem
2817 3513 3149 3583 Ecclesiam,
3216 3519 3272 3569 et
3340 3518 3570 3569 cunctas

2102 3662 2321 3742 Cumque
2339 3667 2690 3742 quaterdenos
2710 3666 3270 3742 compleretyresbyter
3293 3681 3463 3732 mnos,

2168 3729 2287 3781 Sera
2312 3729 2583 3779 senectutis
2607 3742 2744 3779 mens
2768 3737 2928 3779 tamen
2954 3729 3074 3780 alma
3100 3729 3208 3782 fuit.

2110 3790 2311 3857 Cu]an
2340 3792 2663 3853 Apostolicnm
2688 3791 2839 3841 coluit
2858 3799 2958 3842 tres
2982 3792 3138 3843 ferme
3164 3806 3253 3855 per
3272 3805 3442 3857 annos,

2167 3854 2444 3918 Perfectum
2464 3866 2718 3903 numerum
2741 3860 2919 3915 terque
2936 3861 3217 3918 quaterque
3238 3854 3442 3917 gerens.

2167 3868 2444 3903 ret-tectum
2464 3868 2718 3903 numerum
2741 3868 2919 3915 terque
2974 3868 3217 3918 uaterque
3238 3868 3385 3917 geret

2100 3914 2206 3982 Hoc
2230 3916 2319 3965 tibi
2346 3930 2431 3978 pro
2449 3919 2639 3967 meritis
2656 3928 2910 3982 successor
2934 3868 3177 3982 ﬂonorius
3195 3918 3385 3982 amplis,

2161 3980 2401 4029 Marmore
2427 3980 2700 4029 construxit
2722 3990 2899 4028 munus
2921 3980 3176 4043 epitaphii.

2048 4072 2073 4100 α
2106 4059 2264 4114 Novit
2292 4060 2537 4114 humanis
2574 4059 2745 4125 rebus,
2792 4069 2897 4115 etc.
2931 4058 3056 4116 Hice
3097 4068 3153 4116 et
3192 4059 3296 4115 alia
3327 4074 3446 4130 quae
3476 4071 3566 4116 se-

1975 4140 2216 4202 quuntur
2249 4132 2316 4187 ad
2353 4146 2416 4186 ea
2447 4146 2639 4202 usque,
2680 4131 3148 4200 subscriptionibus
3173 4130 3564 4201 conﬁrmantes,

1974 4201 2198 4274 totidem
2218 4203 2405 4274 verbis
2432 4201 2684 4274 leguntur
2705 4202 2759 4274 in
2785 4201 3048 4274 relatione
3075 4204 3140 4257 de
3155 4202 3417 4274 electione
3437 4217 3568 4274 pun-

1973 4272 2135 4327 tiﬁcis
2166 4272 2232 4325 ad
2264 4272 2578 4334 exarchum,
2609 4273 2763 4326 titulo
2804 4287 2880 4337 tv,
2924 4273 3027 4326 hoc
3073 4286 3181 4326 uno
3229 4273 3561 4339 discrimine,

1973 4342 2217 4412 quodbic
2230 4344 2531 4412 presbyter,
2550 4342 2660 4397 illic
2686 4342 3099 4412 archidiaconus
3121 4342 3323 4398 electus
3346 4342 3561 4397 dicitur.

2048 4412 2073 4483 β
2101 4410 2294 4483 Magna
2320 4410 2413 4466 nos
2441 4413 2778 4467 tristitiarum
2802 4410 2986 4478 moles,
3013 4420 3117 4469 etc.
3144 4412 3436 4469 Deusdedit
3458 4412 3563 4469 Bo-

1973 4482 2156 4539 nifacii
2190 4482 2488 4554 praecessor
2528 4498 2783 4555 magnum
2831 4482 2914 4538 sui
2943 4484 3271 4540 desiderium
3325 4483 3561 4555 reliquit,

1970 4564 2192 4625 propter
2220 4554 2477 4610 eximiam
2524 4554 3068 4625 sanctitatemletiam
3116 4554 3395 4611 miraculis
3442 4554 3563 4611 illu-

1974 4620 2141 4682 strem
2169 4625 2501 4697 effusumque
2530 4626 2584 4680 in
2616 4625 2841 4697 clericos
2876 4620 3277 4683 liberalitatem.
3318 4625 3407 4681 Fit
3445 4626 3564 4697 ejus

1972 4698 2232 4753 memoria
2278 4697 2332 4750 in
2374 4696 2768 4769 Martyrologio
2800 4696 3071 4762 Romano,
3110 4698 3195 4754 die
3236 4704 3427 4769 octava
3456 4696 3564 4753 No-

1973 4769 2214 4838 vembris
2239 4786 2251 4822 :
2293 4782 2400 4837 qua
2421 4767 2882 4838 die'probabiliter
2911 4770 3152 4825 creditur
3181 4769 3293 4824 vita
3319 4767 3557 4825 functus.

2047 4849 2068 4877 ε
2108 4837 2230 4892 Νοη
2259 4834 2371 4903 diu,
2412 4834 2770 4894 etchacavit
2823 4839 2976 4894 sedes
3017 4839 3280 4895 duntaxat
3315 4854 3560 4896 mensem

1972 4910 2360 4981 unumqetdies
2390 4909 2423 4963 6
2453 4917 2545 4963 aut
2570 4908 2655 4976 i6,
2682 4909 2895 4965 variant
2914 4910 3058 4966 enim
3078 4910 3351 4967 Anastasii
3374 4911 3561 4966 lectio—

1972 4994 2070 5053 nes
2096 4996 2109 5035 :
2141 4979 2282 5053 unde
2313 4988 2526 5035 constat
2554 4981 2887 5053 papcisgpost
2912 4982 3327 5053 praedecessoris
3352 4981 3558 5037 obitum

1973 5051 2163 5105 diebus
2192 5050 2436 5118 electum.
2460 5048 2581 5106 esse
2607 5048 2943 5107 Bonifacium
2967 5067 2982 5107 :
3012 5054 3284 5109 modicum
3311 5053 3452 5107 enim
3477 5058 3561 5106 est

1971 5121 2239 5191 breveque
2261 5122 2548 5177 admodum
2573 5121 2702 5177 illud
2724 5124 3023 5180 vacationis
3043 5133 3273 5191 tempus,
3302 5131 3361 5176 ut
3385 5119 3557 5191 Roma

1972 5190 2493 5261 Constantinopolim
2521 5194 2795 5249 decretum
2818 5195 3121 5260 electionis,
3153 5190 3384 5248 Romam
3412 5190 3557 5248 Con-

1969 5263 2315 5335 stantinopoli
2349 5265 2664 5335 approbatio
2689 5265 2951 5335 principis
2979 5265 3305 5335 deferretur.

2042 5332 2067 5374 ἀ
2098 5331 2163 5387 Ut
2188 5331 2346 5390 moris
2371 5331 2467 5389 est.
2494 5331 2738 5390 Nondum
2780 5338 2848 5392 ad
2868 5331 3033 5392 solos
3078 5332 3385 5390 cardinales
3421 5349 3554 5390 con—

1972 5413 2143 5477 tracta
2174 5403 2352 5460 fuerat
2377 5415 2616 5476 potestas
2639 5406 2871 5477 eligendi
2892 5405 3184 5477 pontiﬁcis,
3209 5404 3299 5477 qui
3330 5405 3429 5461 toti
3456 5404 3557 5477 Ec-

1973 5475 2151 5532 clesia:
2184 5475 2443 5545 praeesset
2471 5497 2482 5531 :
2515 5475 2788 5533 contracta
2821 5475 2908 5531 est
2927 5475 3162 5545 primum
3187 5475 3463 5533 a’Nieolao
3484 5475 3551 5532 ll.

1973 5562 2102 5602 ann.
2138 5545 2296 5602 10.39.
2329 5548 2522 5604 deinde
2554 5550 2621 5604 ab
2650 5546 2954 5603 Alexandro
2984 5545 3071 5603 ΙΠ.
3113 5546 3375 5621 Gregorio
3398 5546 3465 5603 Χ.
3497 5555 3553 5603 et

1971 5616 2247 5674 Clemente
2272 5619 2333 5674 Υ.

2035 5626 2247 5673 emente
2275 5626 2333 5673 γ.

2045 5701 2069 5729 ο
2118 5688 2475 5744 Mitissimum.
2532 5686 2851 5744 Anastasius
2894 5706 2907 5743 :
2965 5694 2985 5741 ι
3030 5689 3160 5746 Erat
3209 5687 3556 5745 beatissimus

1965 5758 2276 5845 Bonifacius
2296 5760 2614 5817 mitissimus
2635 5773 2799 5831 super
2823 5776 3013 5820 omnes
3031 5759 3299 5830 homines,
3323 5769 3379 5819 et
3394 5759 3555 5818 mise-

1964 5845 2159 5893 ωροτε.
2195 5850 2218 5886 ›
2870 5880 2875 5884 .
