4062 6444
543 398 603 457 51
1529 353 1536 358 ’
1871 391 2072 451 LIBER
2109 395 2121 449 1

2221 388 2416 447 IRNUS
3717 395 3784 456 52

543 508 837 565 dominicas
862 506 944 563 'ac
968 506 1258 563 rationales
1294 507 1396 563 sibi
1425 507 1740 564 commissas
1767 524 1894 564 oves
1926 524 2112 579 regere
2138 508 2191 570 Α
2215 506 2296 562 dis
2309 503 2700 568 archidiaconi,
2729 497 3104 572 150mnium,
3124 502 3236 559 Deo
3253 499 3485 573 volente,
3506 509 3787 568 declinavit

543 610 704 671 atque
723 603 1043 673 gubernare,
1077 609 1128 654 te
1156 601 1380 657 Domino
1408 601 1519 657 Deo
1543 610 1599 657 et
1623 601 1902 657 Salvatore
1930 611 2118 658 nostro

543 702 881 766 protegente,
902 692 1100 747 valeat.

613 786 727 841 Hoc
755 801 884 842 vero
906 786 1182 840 decretum
1204 800 1236 839 a
1261 786 1416 841 nobis
1436 784 1636 841 factum
1663 786 1870 851 subter,
1900 793 1960 839 ut
1984 800 2124 856 prae-

543 877 712 931 fatum
741 884 844 942 est,
873 876 1124 931 manibus
1163 877 1398 947 pr0priis
1426 877 1760 940 roborantes,
1807 876 1863 930 in
1895 875 2120 932 archivo

541 965 810 1021 dominico
839 973 1036 1020 nostrae
1082 975 1285 1021 sanctae
1313 966 1568 1021 Romanae
1604 965 1879 1032 Ecclesiae,
1913 967 2122 1022 scilicet

541 1056 594 1110 in
631 1071 788 1111 sacro
815 1067 840 1096 ι
868 1054 1220 1111 Lateranensi
1251 1056 1470 1121 scrinio,
1497 1071 1596 1126 pro
1635 1055 1939 1110 futurorum
1987 1065 2121 1111 tem-

542 1163 732 1218 porum
769 1147 997 1214 cautela,
1028 1148 1247 1203 recondi
1291 1147 1518 1204 fecimus
1557 1148 1612 1203 in
1660 1164 1846 1205 mense
1889 1147 2121 1205 Novem-

541 1238 674 1298 brio,
704 1236 992 1292 indictione
1021 1237 1226 1307 quinta.

610 1328 689 1383 Ill.
733 1330 950 1386 humilis
995 1330 1277 1401 presbyter
1320 1339 1520 1387 sanctae
1560 1331 1816 1388 Romanae
1866 1331 2121 1389 Ecclesiae

542 1421 668 1477 huic
697 1422 912 1479 decreto
941 1440 969 1477 a
1005 1423 1161 1478 nobis
1189 1423 1331 1480 facto
1358 1425 1414 1480 in
1440 1425 1522 1480 Ill.
1546 1427 1944 1482 sanctissimum
1971 1441 2122 1497 pres-

541 1509 788 1579 byterum
833 1514 1082 1570 consensi
1127 1522 1181 1568 et
1243 1515 1537 1587 subscripsi
1597 1535 1610 1572 :
1680 1516 1929 1571 similiter
1975 1524 2124 1573 totus

541 1603 738 1674 clerus,
761 1607 1049 1678 optimates
1075 1615 1130 1664 et
1149 1608 1347 1664 milites
1371 1624 1467 1665 seu
1489 1609 1635 1665 cives
1665 1609 2034 1666 subscribunt.

1043 1719 1148 1794 ιη
1185 1720 1484 1778 TITULUS
1520 1721 1607 1777 ιιι.

671 1827 876 1882 Relatio
901 1829 965 1883 de
984 1829 1228 1884 electione
1259 1832 1520 1900 pontiﬁcis
1549 1833 1577 1874 δ
1599 1833 1668 1886 ad
1688 1834 1994 1906 principem.

614 1919 749 1975 Cum
799 1936 908 1976 non
955 1922 1070 1976 sine
1114 1922 1307 1977 divinae
1336 1924 1721 1981 misericordia:
1757 1935 1890 1982 nutu
1921 1928 2012 1994 sit,
2043 1927 2120 1983 ita

543 2019 666 2079 post
700 2019 932 2068 mortem
962 2013 1157 2068 summi
1187 2015 1481 2083 pontiﬁcis,
1527 2017 1583 2072 in
1620 2019 1780 2075 unius
1803 2019 2122 2077 electionem

543 2103 783 2158 omnium
824 2111 950 2160 vota
986 2119 1313 2162 concurrere
1355 2115 1410 2162 et
1448 2111 1734 2164 convenire
1771 2126 2122 2180 consensum,

545 2202 606 2247 ut
627 2193 807 2250 nullus
834 2195 1049 2264 penitus
1070 2195 1403 2254 inveniretur
1428 2199 1517 2270 qui
1551 2201 1759 2257 discors
1796 2211 1980 2272 posset
2016 2203 2127 2259 exi-

545 2292 708 2339 stere.
742 2283 1117 2341 Necessarium
1147 2295 1230 2343 est
1270 2296 1330 2343 ut
1371 2280 1716 2347 serenissimo
1769 2307 1834 2348 ac
1879 2294 2124 2364 piissimo

546 2375 763 2430 domino
783 2377 1056 2447 petitionis
1078 2379 1242 2435 unita:
1268 2381 1591 2438 lamulanter
1615 2385 1906 2441 debeamus
1934 2402 2124 2456 preces

544 2464 836 2534 eﬂ'undere,
865 2485 1024 2539 quem
1052 2479 1261 2526 certum
1290 2483 1394 2541 est,
1423 2483 1480 2529 et
1503 2476 1568 2530 de
1597 2476 1959 2546 subjectorum
2000 2495 2126 2534 suo-

549 2573 670 2611 rum
693 2559 925 2629 gaudere
953 2563 1262 2630 concordia,
1299 2573 1354 2620 et
1393 2565 1684 2623 clementer
1724 2569 1918 2625 unitati
1942 2579 2127 2642 postu-

548 2645 658 2703 lata
689 2651 1004 2707 concedere.

619 2737 862 2796 Obeunte
882 2743 1064 2813 itaque
1090 2745 1416 2804 beatissima:
1441 2751 1831 2808 recordationis
1864 2770 2004 2824 papa
2032 2770 2127 2810 no-

546 2837 660 2887 stro
682 2829 761 2886 Ill.
783 2843 806 2873 ο
824 2833 882 2888 in
907 2834 1226 2894 electionem
1248 2839 1327 2896 Ill.
1352 2843 1674 2901 venerabilis
1704 2845 2010 2916 apostolicae
2041 2863 2125 2904 se-

614 3039 644 3068 ι
678 3025 1019 3106 ζιαιεναῃεῃεὶ
1039 3031 1251 3106 scrinio.
1291 3032 1361 3106 In
1379 3049 1486 3104 quo
1521 3050 1633 3106 pra:
1662 3035 1871 3092 exteris
1916 3037 2120 3093 instru-

541 3099 740 3153 mentis
768 3099 1168 3178 ecclesiasticis,
1208 3099 1538 3178 electio'num'
1563 3108 1781 3178 decreta
1823 3107 2120 3178 professio-

2221 611 2496 660 assensus,
2527 603 2814 665 propterea
2844 594 2986 664 quod
3023 594 3097 648 ita
3127 595 3196 650 ab
3222 595 3437 653 ineunte
3473 608 3629 656 artate
3669 617 3789 658 san-

2220 699 2322 744 ciae
2352 689 2492 743 idem
2517 687 2774 742 Ecclesia:
2801 686 3074 752 militavit,
3103 695 3261 757 atque
3285 689 3365 744 sic
3387 705 3447 745 se
3472 691 3526 746 in
3546 695 3788 752 omnibus

2220 777 2448 834 solerter
2481 777 2745 843 exhibuit,
2792 784 2852 831 ut
2880 776 3248 833 ecclesiastico
3291 779 3539 851 regimini
3562 797 3666 837 non
3695 784 3792 840 im-

2219 868 2436 931 merito,
2467 867 2647 922 divina
2677 865 3000 938 suffragante
3045 869 3238 940 gratia,
3278 871 3350 925 sit
3371 875 3785 943 praeponendos;

2220 958 2525 1027 prtesertim
2554 973 2678 1014 cum
2720 957 2844 1014 talis
2869 959 2997 1014 olim
3033 958 3200 1016 fuerit
3243 961 3493 1030 instituti,
3528 973 3589 1020 ut
3629 967 3789 1023 etiam

2221 1049 2466 1119 praedicti
2506 1049 2801 1104 beatissimi
2839 1049 2919 1104 Ill.
2955 1050 3228 1121 pontiﬁcis
3256 1054 3470 1110 assidua
3510 1070 3791 1112 conversa-

2221 1141 2372 1196 tione
2405 1156 2504 1196 sua
2540 1141 2608 1196 ad
2637 1147 2912 1195 tantorum
2957 1143 3275 1198 meritorum
3322 1143 3570 1215 insignia,
3602 1146 3793 1216 quibus

2221 1229 2393 1286 isdem
2441 1238 2640 1284 sancta:
2687 1231 3080 1287 recordationis
3129 1232 3358 1288 antistes
3396 1232 3561 1291 fuisse
3599 1250 3795 1304 cogno-

2220 1322 2393 1376 scitur
2416 1321 2726 1388 adornatus,
2767 1321 2977 1389 fecerit,
3021 1322 3238 1380 Christo
3263 1323 3570 1394 adiuvante,
3612 1326 3793 1396 profe-

2222 1423 2390 1482 ctum,
2417 1422 2479 1469 ut
2503 1416 2683 1471 verbis
2711 1416 2824 1471 suis
2851 1417 3216 1474 desiderantes
3251 1421 3318 1474 ad
3349 1433 3580 1490 superna
3604 1421 3796 1491 gaudia

2223 1507 2432 1562 animos
2458 1520 2674 1576 semper
2698 1507 3026 1575 accenderit,
3068 1517 3128 1564 ut
3156 1509 3415 1580 quidquid
3442 1510 3573 1565 boni
3618 1511 3671 1565 in
3707 1510 3796 1565 illo

2222 1597 2522 1665 amisimus,
2550 1598 2606 1653 in
2635 1597 2740 1654 hoc
2763 1613 2862 1655 nos
2885 1599 3130 1657 invenire
3171 1601 3599 1658 indubitabiliter
3624 1601 3800 1658 conﬁ-

2224 1690 2434 1746 damus.

2296 1803 2527 1874 Ideoque
2547 1801 2969 1878 lacrymabiliter
2987 1803 3165 1861 cuncti
3194 1803 3380 1860 famuli
3409 1805 3798 1878 supplicamus,

2145 1869 2195 1934 Β
2221 1901 2281 1949 ιιι
2307 1894 2649 1951 dominorum
2685 1895 2860 1967 pietas
2896 1910 3177 1952 servorum
3214 1911 3434 1952 suorum
3471 1899 3805 1956 obsecratio-

2221 2004 2320 2045 nes
2375 1989 2664 2059 dignanter
2706 1989 2979 2055 exaudiat,
3029 1997 3084 2045 et
3131 2004 3387 2045 concessa
3429 1991 3652 2060 pietatis
3693 2006 3802 2046 suat

2213 2079 2478 2152 iussione,
2507 2080 2805 2152 petentium
2835 2079 3126 2145 desideria,
3171 2095 3269 2150 pro
3305 2081 3552 2136 mercede
3591 2078 3805 2150 imperii

2223 2172 2330 2237 sui,
2356 2172 2424 2226 ad
2451 2170 2702 2227 eﬂ‘ectum
2732 2171 2798 2226 de
2826 2168 3168 2226 ordinatione
3194 2171 3360 2240 ipsius
3384 2169 3665 2242 praecipiat
3684 2185 3809 2239 per-

2221 2263 2429 2319 venire.
2469 2261 2785 2330 Quatenusd
2802 2277 2900 2334 per
2921 2277 3106 2318 sacros
3132 2262 3430 2318 clementiae
3458 2278 3570 2318 sua:
3601 2261 3804 2333 apices,

2223 2356 2324 2410 sub
2377 2362 2598 2425 pastore
2641 2354 2831 2409 eodem
2873 2352 3197 2419 constituti,
3253 2369 3350 2424 pro
3394 2353 3505 2408 vita
3551 2353 3810 2423 imperio-

2224 2461 2329 2518 que
2356 2445 2824 2502 serenissimorum
2856 2445 3200 2501 dominorum
3245 2454 3580 2512 nostrorum,
3631 2445 3806 2500 omni-

2223 2544 2505 2608 potentem
2529 2532 2840 2603 Dominum,
2868 2545 2924 2592 et
2952 2537 3234 2592 beatorum
3264 2535 3632 2608 apostolorum
3660 2537 3809 2606 prin-

2225 2632 2426 2704 cipem,
2455 2629 2610 2701 cujus
2639 2629 2896 2687 Ecclesiae
2937 2631 3158 2703 dignum
3199 2629 3436 2688 ordinari
3475 2629 3811 2702 gubernato-

2225 2739 2342 2781 rem
2375 2721 2646 2789 concedit,
2661 2721 2864 2794 iugiter
2896 2735 3206 2777 exoremus.

2298 2837 2629 2909 Subscriptio
2651 2837 3000 2894 sacerdotum.
3029 2848 3053 2878 °
3074 2837 3187 2910 Ego
3207 2835 3289 2894 Ill.
3312 2833 3692 2893 misericordia
3711 2833 3816 2906 ιϐ

2225 3035 2325 3091 tini
2352 3034 2528 3108 Magni
2551 3035 2813 3160 principis
2837 3037 2905 3092 ad
2927 3035 3290 3092 venerabilem
3314 3034 3516 3092 clerum
3553 3042 3608 3118 et
3634 3049 3811 3118 popu-

2225 3105 2355 3160 lum.
2400 3116 2457 3160 ct
2504 3106 2870 3160 feicissimum
2899 3110 3195 3160 exercitum
3241 3105 3498 3160 Romanae
3542 3114 3808 3160 civuatis.

2223 3105 2355 3173 lum,
2400 3105 2465 3162 cf
2504 3105 2870 3163 felicissimum
2899 3110 3195 3163 exercitum
3241 3105 3498 3162 Romanae
3542 3105 3808 3170 civitatis,

541 3182 745 3248 nesque
771 3169 918 3248 ﬁdei,
949 3173 1062 3248 sive
1091 3187 1211 3248 quae
1259 3191 1305 3248 a_
1337 3177 1562 3248 summis
1600 3169 1967 3247 pontiﬁcibus,
2007 3181 2121 3236 sive
2166 3247 2175 3248 ί
2221 3193 2321 3248 per
2342 3169 2484 3248 quas
2524 3179 2792 3234 concessit
2818 3187 2873 3232 ut
2904 3193 3133 3248 persona
3171 3193 3291 3248 quae
3332 3175 3514 3248 electa,
3541 3175 3712 3230 fuerit
3755 3169 3810 3230 in

544 3253 663 3320 qum
693 3240 760 3294 ab
790 3240 910 3296 aliis
929 3240 1214 3320 episcopis
1243 3245 1538 3320 edebantur
1657 3240 2014 3320 ordinatione,
2044 3251 2120 3306 si-
2148 3247 2193 3311 C
2223 3240 2406 3320 sedem
2437 3249 2808 3320 apostolicam,
2849 3240 3130 3320 eAvestigio
3155 3240 3358 3318 absque
3378 3247 3636 3320 tarditate
3667 3261 3810 3320 pon-_

542 3309 760 3392 mulque
802 3309 1077 3392 cautiones
1132 3309 1554 3392 sponsionesque
1607 3317 1928 3392 inferiorum

543 3379 735 3458 solum
766 3379 1182 3458 asservahantur
1228 3404 1265 3458 τί
1294 3387 1434 3458 unde
1468 3379 2013 3458 'apud'Anastasiun'i
2066 3393 2122 3447 in

544 3449 666 3505 Vita
696 3448 1035 3508 Constantini
1056 3471 1213 3578 1papae
1238 3457 1304 3513 de
1326 3448 1909 3517 Felice-Ravennensis
1938 3462 2122 3517 Eccle-

544 3521 636 3574 siae
676 3523 920 3578 praesule.
975 3543 994 3576 ‹
1102 3527 1276 3578 olnit.
1334 3529 1627 3578 secundum
1674 3533 2120 3578 consuetudinem

542 3523 636 3602 size
676 3523 920 3592 praesule.
975 3543 994 3576 ‹
1056 3523 1234 3602 Noluit
1260 3529 1628 3602 ,_secundum
1674 3533 2121 3588 consuetudinem

541 3597 781 3671 priorum
807 3609 1044 3671 suorum,
1088 3597 1273 3671 solitas
1299 3599 1353 3652 in
1379 3600 1577 3654 scrinio
1611 3604 1892 3658 cautiones
1917 3602 2118 3671 facere,

544 3661 638 3740 sed
669 3677 767 3740 per
791 3667 1081 3740 potentiam
1100 3665 1342 3740 iudicum
1369 3671 1638 3740 exposuit,
1667 3682 1726 3728 ut
1745 3674 1931 3729 voluit.
1970 3693 1990 3726 ι

613 3731 640 3769 b
675 3731 1117 3815 Ad‘principem.‘
1149 3731 1532 3815 Imperatorem
1575 3731 2124 3815 Constantinopolita-

544 3815 702 3880 ιιιιιι]ι
725 3809 784 3854 ιιι
804 3803 1042 3880 _diximus
1075 3807 1142 3880 in
1153 3803 1299 3880 notis
1325 3811 1394 3864 ad
1422 3819 1582 3880 caput
1611 3827 1647 3864 I.

617 3880 640 3908 ο
673 3869 751 3951 In
768 3870 1065 3951 electionem
1086 3875 1182 3951 ιιι.
1219 3877 1337 3933 Non
1368 3869 1639 3951 aberrabit
1667 3882 1853 3951 procul
1895 3898 1927 3936 a
1969 3899 2120 3948 vero,

544 3947 603 3993 ut
628 3940 844 4020 quidem
1049 3945 1280 4020 videtnr,
1306 3950 1396 4018 qui
1426 3940 1710 4005 formulam
1751 3952 1892 4008 hanc
1941 3940 2124 4020 conie;

545 4012 828 4092 ce_rit_esse
865 4012 1101 4092 libellum
1127 4031 1158 4070 a
1185 4012 1446 4092 Romanis
1486 4020 1772 4076 Anastasio
1809 4023 1921 4076 sive
1966 4012 2124 4076 Arte-

544 4084 666 4161 rnio
693 4084 1004 4161 imperatori
1050 4089 1333 4161 ann.__'il4.
1363 4090 1620 4156 oblatum,
1645 4106 1744 4161 pro
1769 4094 2123 4146 consensione

543 4151 937 4232 irrelectionem
963 4152 1284 4232 Gregorii".
1301 4161 1587 4216 obtinenda
1608 4151 1626 4223 ξ
1645 4151 1784 4232 ‘nam
1807 4163 1988 4216 omnia
2013 4162 2124 4218 ele-

545 4223 747 4304 ctionis
771 4223 1024 4304 adiuncta
1057 4223 1163 4283 line
1193 4232 1434 4304 apprime
1464 4230 1815 4304 conveniunt.

617 4291 755 4370 Sunt
795 4291 882 4349 illa
912 4308 1091 4370 autem
1129 4291 1278 4354 sex'f
1301 4302 1350 4354 I.
1377 4301 1480 4368 Qui
1518 4301 1720 4356 electus
1759 4302 1976 4370 dicitur,
2005 4311 2125 4358 erat

543 4363 978 4434 archidiaconus.
1006 4368 1060 4421 2.
1106 4369 1322 4424 Electus
1354 4363 1440 4424 ille
1469 4382 1551 4424 est
1591 4373 1681 4434 qui
1720 4373 1813 4426 diu
1843 4363 1999 4428 antea
2030 4389 2124 4427 ex-

543 4432 742 4500 petitus
785 4442 946 4487 esset.
978 4437 1031 4488 3.
1062 4435 1282 4490 Summa
1327 4439 1427 4492 fuit
1477 4432 1718 4492 omnium
1765 4442 1818 4495 in
1861 4441 2123 4497 electione

543 4501 844 4555 consensio.
886 4502 940 4555 4.
980 4504 1062 4557 Ab
1105 4505 1321 4560 ineunte
1364 4515 1518 4561 aetate
1561 4508 1813 4563 Ecclesiae
1866 4509 2122 4565 Romana:

545 4571 793 4646 omnibus
821 4573 1133 4646 ministeriis
1159 4577 1494 4646 mancipatus
1523 4585 1624 4631 est.
1656 4577 1709 4632 5.
1739 4578 1980 4633 Adhaesit
2008 4588 2123 4634 stu-

545 4639 695 4720 diose
734 4642 1136 4720 prtedecessori.
1180 4646 1235 4698 6.
1277 4639 1400 4702 Fuit
1433 4646 1688 4702 doctrina:
1719 4649 1929 4704 eximiae
1957 4660 2118 4720 atque

545 4710 705 4779 etiam
743 4710 1082 4779 eloquentiae.

613 4778 878 4860 Constans
912 4798 1040 4838 vero
1076 4791 1182 4860 est
1212 4785 1536 4860 scriptorum
1564 4787 1764 4858 opinio,
1796 4787 2116 4860 Gregorium

544 4849 836 4929 secundum
878 4867 945 4906 ex
981 4849 1357 4910 archidiaconi)
1386 4849 1615 4929 factum'
1634 4849 1960 4927 pontiﬁcem,
1993 4875 2117 4916 cum

546 4920 635 4999 diu
663 4920 714 4999 id
739 4935 929 4976 omnes
966 4933 1212 4999 optarent
1250 4935 1407 4999 atque
1436 4927 1586 4999 adeo
1614 4920 2032 4999 [impensissime
2060 4931 2116 4986 in

544 4989 859 5061 electionem
890 4989 1286 5050 consensissent
1318 4989 1339 5050 :-
1373 4997 1475 5052 fuit
1523 4989 1788 5061 etiam,'si
1826 5001 2116 5056 Anastasio

543 5059 830 5138 credimus,
862 5080 882 5112 ε
917 5079 947 5116 a
976 5080 1137 5138 parva
1177 5075 1334 5138 aetate
1381 5069 1434 5122 in
1484 5059 1814 5137 patriarChio
1856 5073 2115 5138 nutritus,

543 5129 644 5182 sub
679 5141 878 5186 sanctae
907 5129 1178 5210 memoria:
1214 5136 1412 5210 domno
1438 5129 1636 5210 Sergio
1661 5156 1796 5210 papa
1831 5129 2118 5197 subdiaco;

544 5213 648 5282 nos
677 5210 838 5282 atque
863 5204 1172 5282 sacellarius
1208 5207 1399 5282 factus,
1432 5204 1770 5265 bibliotheca:
1807 5211 2114 5282 praefectus,

546 5269 736 5325 deinde
755 5269 830 5349 ’a‘d
862 5275 1172 5349 diaconatus
1212 5269 1452 5333 ordinem
1493 5269 1966 5349 provectus.'Cuin
2001 5269 2120 5338 viro

546 5349 733 5423 sancto
759 5341 1122 5423 Constantino
1150 5341 1545 5423 prmdecessore
1579 5352 1647 5405 ad
1692 5353 1892 5423 regiam
1936 5353 2116 5421 profe-

545 5418 775 5483 ctushest
805 5415 1006 5483 urbem.
1046 5415 1176 5472 Erat
1220 5419 1304 5472 vir
1348 5430 1550 5483 castus,
1594 5415 1787 5477 ὁὶγίηῶ
1826 5415 2120 5483 Scriptum

543 5479 809 5560 eruditus,
833 5481 1093 5542 facundus
1113 5489 1323 5560 loquela
1351 5502 1406 5546 et
1427 5479 1679 5547 constans
1705 5493 1908 5559 animo,
1939 5479 2124 5548 Eccle-

545 5557 881 5632 siasticarum
919 5572 1100 5612 rerum
1137 5557 1406 5628 defensor,
1435 5570 1486 5618 et
1514 5557 1911 5619 contrariorum
1941 5563 2120 5618 fortis-

545 5634 714 5702 Simus
745 5637 1105 5702 Impugnator.
1146 5649 1164 5681 ι

614 5689 1054 5772 νξάειίίροξειιιιι
1090 5700 1302 5772 obstare
1343 5703 1466 5756 duo.
1506 5704 1773 5767 Alterum,
1802 5704 1942 5772 quod
1971 5703 2118 5757 Ana-

544 5767 754 5844 stasius.
793 5767 955 5844 tradit
997 5769 1050 5844 i_n
1099 5770 1533 5844 \Iita_Benedicti
1576 5772 1636 5825 ll.
1697 5791 1715 5823 ‹
1763 5767 1884 5827 eum
1928 5789 2119 5844 nempe

544 5833 846 5906 Suscepisse
879 5836 1081 5896 divales
1115 5838 1389 5910 jussiones
1429 5844 1834 5901 clementissimi
1865 5833 2123 5902 Constan-

2225 3318 2355 3374 tifex
2403 3315 2766 3374 ordinaretur.
2803 3339 2820 3372 ι
2863 3318 3000 3373 Hinc
3042 3315 3186 3372 cnim
3238 3315 3481 3373 concludi
3523 3315 3708 3386 potest
3740 3315 3810 3371 ad

2260 3389 2618 3460 rincipemide,
2642 3388 2901 3460 Gregorio
2940 3388 3004 3460 II.
3036 3403 3143 3443 non
3180 3386 3347 3442 fuisse
3367 3385 3595 3440 relatum
3620 3394 3810 3460 postu-

2260 3405 2518 3458 rmcipem
2543 3405 2608 3444 ae
2642 3405 2901 3460 Gregorio
2940 3405 3004 3443 ιι.
3036 3405 3143 3443 non
3180 3405 3347 3442 misse
3367 3405 3595 3440 relatum
3620 3405 3808 3456 posm-

2219 3405 2498 3540 ratumque
2523 3459 2692 3540 ipsius
2731 3460 2784 3513 in
2808 3459 3131 3540 electionem
3173 3471 3500 3540 consensum
3533 3474 3546 3510 :
3585 3457 3808 3510 ordina-

2221 3539 2310 3608 tus
2334 3525 2580 3608 enimes't
2598 3527 2898 3608 Gregorius
2905 3537 3032 3608 post
3054 3529 3388 3608 trigesimum
3410 3525 3582 3608 ferme
3599 3540 3806 3608 annum

2222 3600 2291 3655 ah
2312 3599 2462 3677 obitu
2486 3597 2759 3677 Benedicti
2787 3599 2850 3654 II.
2876 3600 3075 3655 Verum
3093 3597 3431 3654 Constantini
3459 3597 3808 3677 imperatoris

2221 3670 2500 3727 concessio
2533 3670 2702 3725 valuit
2738 3679 2949 3726 tantum
2996 3684 3166 3725 annos
3214 3677 3345 3736 tres,
3393 3682 3499 3738 quo
3545 3670 3808 3738 temporis

2222 3742 2395 3813 spatio
2431 3739 2666 3798 Joannes
2687 3741 2752 3796 V.
2787 3751 2841 3813 et
2867 3741 3053 3798 Conon
3099 3740 3334 3796 ordinati
3384 3737 3546 3804 sunt;
3578 3752 3704 3813 nam
3749 3737 3805 3790 in

2223 3807 2514 3868 schismate
2547 3814 2753 3867 obitum
2772 3812 3019 3890 Cononis
3055 3819 3418 3890 consequente
3439 3850 3474 3890 ,'
3509 3807 3807 3889 tumultua-

2222 3891 2335 3936 tum
2366 3889 2468 3945 est,
2499 3897 2691 3949 resque
2720 3881 2787 3935 ad
2811 3883 3103 3936 exarclium
3143 3881 3340 3944 delata,
3385 3881 3484 3949 qui
3517 3893 3625 3931 non
3652 3881 3808 3945 prius

2221 3950 2529 4031 pontiﬁcem
2564 3946 2799 4031 ordinari
2829 3950 3266 4031 permisitoquani
3294 3946 3576 4031 pecuniam
3613 3955 3808 4031 extor-

2222 4016 2402 4084 sisset,
2430 4028 2490 4074 ut
2517 4035 2582 4074 ex
2604 4016 2890 4074 Anastasio
2929 4016 3216 4088 colligitur.
3246 4016 3373 4072 Inde
3410 4031 3564 4088 vero,
3593 4016 3660 4070 ad
3690 4016 3809 4088 pul-

2223 4107 2312 4146 sos
2339 4105 2510 4159 usque
2543 4089 2828 4152 exarchos,
2875 4089 2976 4159 hoc
3020 4085 3125 4153 est,
3145 4102 3330 4159 _usque
3356 4087 3423 4142 ad
3465 4101 3668 4159 annum
3698 4085 3809 4141 752

2222 4157 2458 4240 veratid,
2484 4175 2606 4240 qua}
2636 4159 2851 4214 inducta
2879 4158 3053 4240 fuerat
3074 4174 3104 4212 a
3130 4157 3342 4240 Gothis,
3375 4157 3664 4240 remansit;
3702 4173 3808 4240 nec

2222 4231 2436 4284 videtur
2483 4227 2686 4291 Binius,
2731 4243 2851 4283 cum
2879 4236 3023 4284 totus
3053 4237 3198 4284 esset
3235 4230 3289 4284 in
3320 4227 3558 4298 vestigiis
3585 4227 3806 4298 Baronii

2221 4299 2550 4370 premendis,
2578 4300 2646 4354 ad
2668 4298 2950 4354 historiam
2972 4315 3154 4356 rerum
3182 4295 3806 4370 gestarum—attendisse,

2223 4367 2459 4442 alioquin
2507 4385 2614 4442 non
2665 4370 3020 4439 scripsisseta
3051 4367 3382 4442 temporibus
3427 4367 3708 4442 Benedicti
3739 4368 3802 4423 II.

2224 4440 2520 4564 ‘Ecclesiam
2583 4438 2880 4496 Romanam
2945 4442 3013 4496 ab
3061 4438 3178 4496 hac'
3229 4439 3511 4513 tyrannide
3571 4438 3805 4494 liberam

2250 4526 2412 4564 uisse.

2250 4526 2412 4565 UISSC.

2295 4579 2520 4654 Videtur
2545 4580 2746 4654 pariter
2771 4580 2824 4654 id
2853 4579 3078 4654 alterum
3116 4593 3378 4654 pugnare,
3406 4579 3549 4651 quod
3579 4580 3632 4635 in
3663 4579 3808 4654 rela-

2222 4651 2370 4724 tione
2409 4652 2470 4724 ﬁt
2517 4651 2719 4724 mentio
2772 4651 3004 4724 plurium
3057 4651 3474 4724 imperatorum}
3540 4652 3808 4724 regnabat

2222 4721 2365 4792 enim
2395 4723 2541 4777 solus
2560 4721 2896 4788 Anastasius,
2927 4738 3049 4778 cum
3070 4720 3285 4778 creatus
3306 4730 3392 4778 est
3419 4720 3713 4792 Gregorius
3737 4721 3800 4775 II.

2225 4791 2331 4863 Sed
2367 4793 2760 4863 observandum
2799 4793 3185 4863 imperatorum
3210 4793 3427 4848 nomine
3463 4791 3607 4863 ipsos
3635 4792 3803 4845 etiam

2223 4861 2366 4944 ﬁlios
2391 4861 2664 4944 Anastasii
2693 4861 3005 4944 appellatos.
3025 4863 3175 4944 .Quin
3211 4864 3396 4927 etiam,
3419 4871 3543 4944 post
3568 4862 3804 4944 impera:

2224 4941 2396 4987 torem
2441 4933 2842 4999 Justinianum,
2894 4934 3237 4989 dominorum
3289 4933 3537 4997 nomine,
3594 4933 3702 4984 imo
3745 4938 3804 4985 et

2221 5003 2631 5127 mefratorum,
2668 5004 2797 5073 ipsa:
2838 5018 3051 5074 quoque
3095 5003 3345 5074 Augusta:
3382 5002 3803 5073 comprehende-

2259 5089 2326 5127 an
2355 5090 2436 5127 ur.

2259 5083 2436 5128 antur.

2291 5143 2318 5181 ά
2344 5142 2450 5198 Per
2472 5152 2798 5225 saerosuetc.
2826 5143 2955 5209 Quae
2988 5143 3161 5225 iussio
3177 5144 3574 5225 concessioque
3596 5142 3697 5225 hic
3719 5141 3802 5196 di-

2220 5213 2382 5278 citur,
2429 5231 2458 5269 a
2500 5214 2768 5269 nonnullis
2815 5214 3096 5285 consensio
3139 5213 3545 5285 etiapprohatio,
3589 5222 3801 5285 tantum

2222 5285 2549 5354 nominatur,
2586 5297 2895 5354 quanquam
2921 5281 3156 5340 Joannes
3190 5281 3459 5341 Diaconos
3495 5284 3588 5338 lib.
3596 5299 3635 5354 3
3661 5283 3800 5354 Vitae

2223 5353 2291 5428 εί.Δ
2314 5353 2581 5428 Gregorii,
2603 5350 2766 5422 'capf
2792 5353 2881 5428 ιρ.
2902 5359 3344 5428 _pr:eceptionem
3368 5361 3559 5428 _vocat_.
3596 5350 3800 5428 Proba:-

2219 5425 2326 5478 bile
2368 5421 2452 5479 est
2495 5421 2787 5478 solemnem
2840 5421 3006 5480 fuisse
3047 5421 3126 5482 ea'
3152 5428 3218 5483 de
3259 5442 3318 5482 re
3360 5423 3668 5489 formulam,
3702 5421 3799 5478 sed

2221 5495 2406 5564 nescio
2444 5511 2511 5548 an
2537 5503 2683 5549 extet
2713 5496 2940 5564 uspiam.

2296 5575 2319 5602 θ
2343 5563 2456 5633 Ego
2479 5564 2558 5618 ill.
2585 5565 2697 5618 Non
2723 5563 3095 5622 subscrihebat
3115 5567 3473 5632 electus,’imo
3499 5580 3599 5621 nec
3618 5564 3800 5633 priva-

2221 5641 2307 5708 t_as
2344 5633 2504 5708 dabat
2537 5636 2765 5708 litteras,
2797 5653 2863 5692 ne
2893 5639 3125 5707 speciem
3155 5639 3460 5693 ambitionis
3494 5633 3792 5708 przeferret.

2220 5705 2509 5784 Gregorius
2538 5705 2759 5784 Magnus
2786 5725 2813 5760 a
2842 5705 3089 5784 Mauritio
3123 5711 3467 5784 imperatore,
3495 5705 3592 5778 pro
3612 5715 3796 5784 vetere

2222 5776 2480 5839 amicitia,
2496 5779 2650 5844 petiit
2673 5779 2830 5834 enixe
2851 5795 2919 5832 ne
2939 5779 2990 5832 in
3013 5776 3327 5837 electionem
3352 5776 3509 5840 suam
3526 5776 3796 5835 consenti-

2223 5854 2306 5902 ret
2331 5864 2344 5900 :
2376 5862 2481 5903 non
2501 5848 2733 5904 obtinuit
2757 5857 2956 5905 tamen.
