4062 6462
235 446 304 504 ss
1194 425 1638 490 ROMANORUM
1670 417 2116 486 mmmam.
2154 447 2226 458 —
2259 415 2413 474 CAP.
2451 415 2518 473 ιι.
3430 421 3504 481 δι

239 553 333 613 Dei
367 547 650 622 presbyter
685 547 888 600 sanctae
922 538 1176 598 Ecclesiae
1227 540 1486 598 Romanae
1510 539 1639 596 huic
1661 551 1688 581 ιι
1731 535 1826 593 de-
1849 537 1905 600 Α
1927 531 2200 588 mentibus
2227 529 2455 585 caelestis
2497 527 2738 601 dignatio
2778 529 3210 599 demonstraret,
3239 549 3401 605 quem
3429 537 3508 592 di.

241 655 388 707 creto
446 659 479 698 a
528 642 684 697 nobis
739 639 879 696 facto
913 640 968 695 in
1015 638 1097 694 Ill.
1130 641 1498 695 venerandum
1553 636 1825 693 archidia-

241 751 434 796 conum
472 742 677 790 sanctae
703 732 844 789 sedis
884 730 1192 801 apostolicae
1217 738 1274 787 et
1301 730 1534 787 electum
1574 735 1824 785 nostrum

243 825 588 889 consentiens
617 821 927 894 subscripsi.

314 921 386 976 Et
429 917 733 989 subscriptio
778 915 1055 971 (uicorum.
1100 915 1214 987 Ego
1251 913 1332 970 Ill.
1368 913 1586 986 pietatis
1626 919 1826 968 vestrm

242 1025 437 1068 servus
481 1009 610 1064 huic
657 1006 878 1063 decreto
916 1022 948 1062 a
989 1005 1145 1061 nobis
1181 1003 1326 1060 facto
1366 1004 1423 1060 in
1449 1003 1528 1060 111.
1561 1017 1830 1060 veneran-

242 1103 373 1159 dum
398 1098 832 1156 archidiaconum
871 1104 1072 1154 sanctae
1113 1094 1259 1152 sedis
1302 1095 1608 1165 apostolicae
1629 1102 1685 1150 et
1717 1094 1828 1151 ele-

241 1202 393 1252 ctum
418 1201 664 1250 nostrum
689 1190 1036 1248 consentiens
1071 1188 1387 1261 subscripsi.

823 1304 1122 1362 TITULUS
1153 1303 1246 1361 IV.

505 1377 579 1433 De
605 1377 850 1433 electione
877 1377 1138 1449 pontiﬁcis
1167 1377 1235 1432 ad
1257 1375 1560 1432 exarchum.

320 1471 722 1543 Superscriptio.
755 1469 986 1526 Domino
1025 1467 1476 1526 excellentissimo
1505 1474 1667 1536 atque
1693 1479 1830 1537 prae-

241 1564 652 1632 cellentissimo,
681 1572 737 1620 et
760 1579 792 1620 a
821 1564 934 1621 Deo
958 1563 1115 1621 nobis
1141 1563 1454 1635 longaeviter
1480 1561 1535 1616 in
1559 1559 1834 1632 principa-

241 1657 390 1712 libus
415 1658 736 1714 ministeriis
761 1658 992 1715 feliciter
1012 1658 1398 1721 conservando,
1421 1655 1502 1711 Ill.
1527 1655 1831 1722 exconsuli,

240 1748 506 1818 patricio,
532 1757 589 1804 et
625 1751 862 1806 exarcho
902 1750 1090 1816 Italiae,
1121 1750 1152 1790 ιδ
1176 1747 1498 1819 presbyteri,
1543 1745 1752 1802 diaconi
1777 1753 1835 1802 et

242 1837 534 1896 familiaris
577 1841 862 1897 universus
905 1841 1104 1906 clerus,
1144 1851 1170 1879 ο
1219 1839 1474 1895 axiomati
1511 1839 1694 1903 etiam,
1733 1851 1831 1892 seu

1924 639 2089 697 gnum
2121 623 2191 678 ad
2227 636 2623 678 successnonem
2664 623 2972 693 apostolica:
3007 623 3142 679 vicis
3175 622 3368 694 jubeat
3407 627 3509 684 eli-

1925 721 2179 788 gendum,
2207 720 2324 791 ejus
2362 718 2536 790 gratia
2561 717 2919 793 suffragante,
2948 727 3004 775 et
3042 718 3285 774 omnium
3309 717 3510 775 animis

1925 813 2260 884 inspirante,
2295 813 2315 852 ί
2342 813 2400 867 in
2436 828 2546 868 uno
2567 815 3012 872 convenientibus
3040 814 3196 870 nobis
3215 853 3230 879 ,
3257 821 3319 869 ut
3340 813 3511 870 moris

1923 913 2030 970 est,
2049 905 2444 976 ijamiliaribus
2472 905 2603 962 cleri
2628 915 2683 962 et
2705 906 2897 977 plebis,
2921 907 3250 977 lIprocerum
3275 905 3438 962 etiam
3457 911 3514 962 et

1923 995 2178 1052 militaris
2205 997 2528 1067 praesentiae,
2559 998 2606 1053 si
2649 998 2754 1054 dici
2797 1004 2902 1064 est,
2953 1013 2987 1053 a
3029 1012 3202 1069 parvo
3235 1012 3409 1068 usque
3442 999 3512 1052 ad

1925 1102 2207 1159 magnum,
2239 1087 2295 1142 in
2323 1103 2616 1158 personam
2647 1089 2728 1145 Ill.
2765 1090 3094 1146 sanctissimi
3117 1090 3280 1161 hujus
3309 1097 3512 1146 sanctae

1925 1177 2238 1248 apostolicae
2263 1179 2408 1234 sedis
2433 1179 2690 1237 Romanae
2712 1181 2970 1237 Ecclesiae
2988 1181 3377 1248 archidiaconi,
3400 1181 3513 1237 Deo

1927 1278 2285 1340 cooperante,
2334 1276 2391 1324 et
2433 1271 2716 1328 beatorum
2745 1272 3114 1344 apostolorum
3156 1272 3371 1339 annisu,
3407 1271 3514 1343 18

1926 1361 2207 1416 concurrit
2229 1368 2392 1431 atque
2419 1363 2696 1418 consensit
2723 1363 2938 1420 electio.

1997 1451 2163 1522 Cujus
2185 1454 2297 1510 Deo
2323 1455 2572 1511 amabilis
2600 1455 2706 1510 viri
2734 1463 2946 1513 tantum
2987 1457 3188 1515 meruit
3217 1457 3361 1529 apud
3390 1471 3511 1514 om-

1926 1541 2079 1598 nium
2123 1545 2485 1602 conscientias
2531 1547 2690 1604 bona:
2734 1554 2789 1603 et
2834 1549 3045 1619 pudica:
3087 1548 3517 1607 conversationis

1927 1631 2211 1704 perfectio,
2244 1643 2306 1689 ut
2329 1635 2510 1691 nullus
2542 1637 2600 1691 in
2640 1636 2757 1707 ejus
2800 1637 3068 1695 electione
3107 1640 3425 1706 dissideret,
3451 1655 3518 1697 ac

1928 1724 2111 1780 nullus
2140 1724 2378 1793 abesset,
2407 1727 2654 1786 nullusve
2679 1730 2917 1801 seipsum
2942 1733 3324 1789 subtraheret:
3356 1748 3518 1805 quem

1931 1815 2079 1870 enim
2107 1816 2177 1871 ad
2197 1817 2303 1872 hoc
2323 1819 2634 1888 apostolicae
2657 1821 2792 1876 vicis
2815 1822 3051 1877 ofﬁcium
3077 1824 3521 1898 incomparabilis

242 1932 519 1988 exercitus
545 1940 602 1988 et
633 1931 862 2002 populus
889 1932 1053 2002 huius
1080 1905 1340 1987 Romane
1368 1929 1518 1985 urbis
1540 1928 1828 2000 supplices.
1856 1929 1906 1992 Β
1932 1912 2097 2002 atque
2134 1905 2576 2002 indeficiensDei
2605 1910 2780 1966 nostri
2808 1911 3151 1982 providentia
3189 1913 3520 1970 destinatum

313 2022 340 2061 ιι
369 2021 536 2077 Novit
566 2022 822 2077 humanis
845 2010 1007 2078 rebus
1032 2022 1368 2092 providentia
1396 2021 1579 2077 divina
1604 2036 1832 2077 succur-

244 2126 388 2177 rere,
420 2119 474 2167 et
503 2111 848 2167 manentium
874 2110 1034 2169 fletus
1061 2127 1128 2168 ac
1167 2112 1402 2184 gemitus
1451 2112 1508 2168 in
1550 2112 1836 2169 exultatio-

242 2217 374 2259 nem
407 2211 750 2270 convertere,
797 2211 858 2259 ut
900 2203 993 2275 qui
1029 2219 1206 2275 nuper
1231 2205 1720 2261 consternabantur
1749 2206 1835 2260 af-

242 2292 378 2350 flicti
401 2334 419 2358 ,
488 2295 861 2365 postmodum.
891 2303 1188 2367 appareant
1254 2295 1482 2352 nimium
1549 2297 1835 2356 consolati.

242 2386 506 2443 Canentis
524 2388 669 2444 enim
689 2388 853 2460 Regis
879 2391 1190 2457 suntdicta,
1215 2407 1336 2462 quae
1360 2399 1582 2448 sanctus
1605 2392 1840 2464 Spiritus

243 2477 314 2532 de
341 2477 542 2548 templo
576 2480 906 2549 prophetalis
931 2482 1112 2537 cordis
1133 2482 1406 2538 insonuit:
1439 2484 1540 2554 17
1563 2485 1644 2538 Ad
1670 2502 1839 2556 vespe-

242 2583 366 2621 ram
418 2567 772 2624 demorabitur
811 2571 997 2640 ﬂetus,
1053 2580 1102 2626 et
1149 2572 1218 2626 ad
1285 2575 1602 2627 matutinum
1653 2573 1839 2630 latitia

245 2654 430 2724 (Psal.
458 2673 607 2724 nix,
626 2676 673 2712 υ.
695 2658 772 2730 6).
799 2658 901 2726 Qui
922 2668 978 2715 et
1001 2661 1196 2715 iterum
1220 2661 1424 2731 gratias
1445 2660 1686 2716 referens
1706 2662 1838 2729 Deo,

246 2749 636 2805 beneﬁciorum
682 2750 796 2820 ejus
853 2752 1308 2824 magnificentiam
1347 2753 1514 2818 canit,
1553 2763 1610 2808 et
1666 2754 1836 2810 dicit:

248 2837 564 2893 Convertisti
589 2839 854 2909 planctum
885 2859 1054 2897 meum
1085 2842 1140 2897 in
1180 2843 1434 2914 gaudium
1471 2844 1622 2910 mihi,
1667 2845 1841 2899 conci-

249 2927 378 2981 disti
397 2944 605 2982 saccum
634 2939 892 2996 meum,et
913 2932 1234 3001 pracinatisti
1260 2949 1342 2988 me
1367 2931 1571 2999 laztitia,
1599 2943 1654 2986 ut
1671 2943 1840 2988 cantet

251 3018 350 3072 tibi
371 3017 541 3090 gloria
561 3037 697 3086 mea,
720 3031 768 3075 ct
802 3037 904 3076 non
928 3039 1250 3095 compungar
1285 3023 1473 3096 (Ibid.,
1494 3041 1545 3080 υ.
1571 3025 1639 3080 12
1657 3035 1704 3080 et
1727 3025 1840 3098 I5).

1932 1996 2215 2066 habuerat,
2243 2000 2512 2068 quomodo
2534 2015 2642 2056 non
2671 2009 2728 2056 et
2753 2002 3004 2058 humanis
3029 2004 3304 2060 mentibus
3327 2019 3522 2061 consoo

1931 2089 2122 2145 nantia
2151 2091 2508 2148 conveniret?
2538 2091 2692 2159 Quod
2739 2093 2930 2165 procul
2957 2093 3121 2151 dubio
3161 2095 3220 2151 in
3255 2095 3353 2152 Dei
3376 2111 3520 2168 prae-

1930 2180 2110 2236 sentia
2131 2181 2416 2237 tenebatur
2442 2182 2702 2238 adfixum.

2006 2271 2174 2342 Cujus
2205 2280 2258 2328 et
2287 2273 2568 2329 decretum
2598 2273 2917 2331 solemniter
2957 2275 3254 2345 facientes,
3293 2285 3348 2334 et
3381 2277 3524 2335 desi-

1931 2362 2089 2418 deria
2111 2364 2374 2430 cordium,
2418 2364 2564 2421 circa
2592 2365 2711 2436 ejus
2736 2367 3080 2435 electionem,
3108 2385 3368 2426 manuum
3397 2371 3525 2427 sub-

1937 2454 2323 2524 scriptionibus
2369 2455 2788 2526 confirmantes,
2834 2476 2934 2532 per
2977 2462 3172 2518 harum
3212 2463 3415 2521 latores
3440 2463 3523 2520 Ill.

1937 2546 2344 2600 sanctissimum
2373 2549 2708 2620 episcopum,
2735 2551 2818 2605 Ill.
2843 2554 3210 2610 venerabilem
3239 2557 3526 2628 presbyte-

1938 2651 2083 2703 rum,
2107 2637 2188 2692 Ill.
2217 2639 2492 2694 notarium
2516 2642 2906 2713 regionarium,
2945 2645 3026 2699 Ill.
3057 2647 3280 2717 adaeque
3309 2649 3531 2704 subdia-

1941 2745 2138 2786 conum
2163 2732 2528 2801 regionarium
2549 2774 2567 2798 ,
2613 2734 2691 2790 ill.
2723 2744 2781 2791 et
2803 2735 2886 2790 Ill.
2911 2737 3061 2794 viros
3094 2739 3354 2796 honestos
3378 2741 3528 2797 cives

1939 2829 1996 2877 et
2025 2821 2091 2878 de
2128 2820 2513 2880 florentissimo
2541 2832 2706 2896 atque
2739 2826 3056 2884 felicissimo
3090 2829 3340 2888 Romano
3373 2846 3530 2888 exer-

1941 2912 2074 2979 citu,
2104 2913 2184 2968 Ill.
2215 2915 2712 2972 eminentissimum
2757 2920 3057 2988 consulem,
3097 2937 3194 2978 seu
3234 2921 3318 2977 Ill.
3351 2932 3408 2979 et
3445 2923 3525 2978 Ill.

1939 3006 2086 3062 viros
2120 3007 2438 3080 magnificos
2458 3011 2706 3069 tribunos
2726 3013 2936 3070 militia:
2955 3013 3293 3071 confamulos
3313 3024 3530 3073 nostros

251 3105 369 3178 Ipsi
417 3110 562 3165 enim
601 3127 730 3164 cura
768 3111 833 3166 de
855 3113 1001 3168 nobis
1029 3123 1103 3168 est
1131 3113 1186 3186 (Ι
1215 3113 1360 3169 Petr.
1392 3131 1448 3181 v,
1478 3133 1528 3170 v.
1558 3116 1636 3182 '7),
1663 3125 1724 3172 ut
1746 3133 1841 3173 vas
1943 3098 2258 3166 (Ῑίτθκίωυεν
2299 3101 2668 3172 supplicantes
2711 3113 2877 3176 atque
2923 3107 3288 3163 communiter
3325 3108 3532 3178 impen‘

250 3198 534 3257 ειοειίοηίε
563 3211 620 3256 ει
645 3217 786 3258 νει-ω
815 3203 939 3260 ﬁdei
968 3213 1153 3262 mone;
1171 3205 1471 3277 integritas,
1495 3222 1696 3278 qmppe
1721 3224 1842 3279 qua,
1945 3192 2157 3248 sissime
2178 3203 2470 3252 exorantes
2511 3213 2543 3251 a
2585 3197 2696 3254 Deo
2735 3199 3125 3255 conservanda:
3154 3199 3530 3270 praecellentia:

253 3300 384 3347 sunt
441 3293 706 3360 tristitiae,
764 3295 832 3350 ad
877 3297 1131 3367 gaudium
1181 3298 1490 3354 miserando
1544 3299 1835 3370 perducit:
1864 3291 1912 3355 C
1941 3293 2138 3341 νεεῑΐω
2163 3296 2477 3343 consuetam
2515 3288 2814 3346 bonitatem
2841 3291 2947 3362 Ρίίε
2976 3291 3119 3347 νοῐίε
3159 3307 3527 3350 concurrere:

251 3382 399 3453 quod
427 3391 484 3440 ει
509 3384 667 3440 nobis
704 3385 914 3457 exiguis
957 3397 1014 3444 ει
1036 3388 1414 3458 peccatoribus
1445 3405 1605 3460 opem
1634 3391 1699 3447 de
1725 3390 1843 3448 eius
1941 3378 2069 3449 quia
2096 3376 2218 3432 talis
2242 3393 2273 3433 a
2301 3387 2492 3434 nostro
2515 3379 2778 3436 famulatu
2813 3383 3154 3438 concorditer
3187 3381 3392 3439 electus
3415 3391 3523 3450 est,

252 3474 631 3532 misericordia
675 3477 1143 3546 Drmstolantibus,
1197 3480 1434 3552 dignatio
1479 3480 1709 3537 caelestis
1750 3498 1842 3538 ει·
1941 3469 1998 3526 ill
2038 3485 2177 3540 (1110,
2219 3477 2482 3540 quantum
2530 3470 2598 3526 ad
2627 3472 2911 3527 hominum
2953 3473 3239 3528 πίεηῑίειω
3285 3473 3530 3545 respiat.

253 3563 457 3620 hibuit.
1942 3562 2143 3633 nullius
2167 3563 2380 3618 macula
2407 3564 2848 3632 reprehensionis
2870 3565 3172 3634 apparebit.

326 3653 551 3709 Etenim
581 3657 910 3726 pontificalis
952 3659 1230 3714 memoriae
1267 3659 1349 3714 ιιι.
1388 3660 1455 3715 de
1490 3661 1848 3731 praesentibus
2013 3651 2083 3705 Et
2103 3653 2224 3706 ideo
2254 3651 2618 3722 supplicantes
2642 3669 2968 3722 quaesumus,
2997 3662 3059 3707 ut
3083 3653 3379 3723 inspirante
3411 3654 3523 3712 Deo

250 3745 411 3798 curis
449 3744 519 3798 ad
547 3754 810 3800 aeternam
837 3749 1082 3816 requiem
1117 3757 1364 3815 evocato,
1412 3759 1474 3803 ut
1510 3751 1711 3805 assolet
1749 3751 1850 3804 hu-
1946 3741 2106 3796 celsa:
2135 3739 2253 3809 eius
2284 3741 2661 3807 dominationi.
2708 3757 2809 3798 110$
2843 3741 3076 3799 Ϊθωυιοε
3119 3744 3229 3798 νοῑί
3255 3753 3534 3816 οοῐηΡοῑεε

253 3836 441 3891 manis
471 3836 636 3891 rebus
666 3838 934 3905 accidere,
969 3855 1163 3910 magna
1185 3855 1285 3895 nos
1311 3840 1652 3895 tristitiarum
1679 3840 1839 3897 moles

1947 3833 2200 3888 celeriter
2231 3833 2351 3889 fieri
2384 3833 2699 3904 praecipiat:
2736 3835 3042 3905 praesertim
3067 3851 3192 3892 cum
3222 3836 3379 3907 plura
3421 3838 3531 3893 sint

254 3927 656 3991 obstrinxerat,
704 3930 924 4000 pr0prio
970 3931 1344 3999 dispensatore
1388 3930 1713 3986 frustratos:
1751 3933 1848 3990 sed
1947 3925 2202 3996 capilllla.
2246 3933 2302 3980 et
2329 3924 2435 3980 alia
2477 3941 2545 3981 ex
2582 3925 2703 3980 aliis
2736 3926 2976 3996 quotidie
3000 3935 3377 3997 procreentur,
3413 3943 3534 3998 quze

256 4033 371 4073 non
400 4017 490 4073 diu
523 4018 579 4074 in
621 4017 908 4075 afllictione
933 4021 1227 4091 persistere
1267 4029 1525 4076 consueta
1553 4022 1647 4077 Dei
1675 4023 1846 4080 nostri
1945 4034 2088 4074 cura:
2130 4017 2544 4075 sollicitudinem
2569 4027 2624 4075 et
2651 4020 2975 4091 pontificalis
3004 4019 3208 4076 favoris
3242 4027 3535 4092 expectant

257 4111 568 4182 benignitas
596 4120 878 4182 sperantes
904 4113 958 4167 in
985 4129 1044 4169 se
1071 4114 1396 4185 dereliquit:
1444 4126 1467 4154 θ
1496 4115 1672 4170 triduo
1701 4117 1844 4171 enim
1945 4110 2266 4166 remedium.
2297 4109 2669 4166 Provinciales
2693 4127 2826 4167 vero
2863 4126 3009 4167 curae
3029 4153 3044 4178 ,
3086 4111 3173 4166 vel
3198 4127 3535 4182 quaecunque

261 4202 670 4274 nobisexiguis
709 4204 765 4258 in
807 4205 1054 4260 oratione
1098 4207 1472 4272 manentibus,
1502 4215 1563 4262 ιιι
1602 4208 1846 4264 omnium
1946 4208 2072 4254 sunt
2100 4199 2330 4255 subinde
2371 4215 2662 4256 causarum
2698 4201 2989 4266 utilitates,
3036 4201 3294 4271 perfectae
3329 4201 3534 4256 autori-

334 4313 599 4389 {Decreto
630 4333 663 4369 a
695 4315 842 4389 nobis
869 4317 1030 4389 facta.
1059 4317 1340 4387 Eligebant
1366 4319 1531 4389 igitur
1559 4318 1660 4388 ipsi
1683 4321 1846 4374 etiam
1946 4313 2094 4389 Petri
2120 4355 2135 4378 ,
2184 4314 2248 4389 ing
2283 4330 2388 4389 Qua
2434 4315 2689 4389 sederunt
2723 4317 2959 4385 episcopi
3006 4318 3346 4388 septuaginta
3396 4317 3532 4385 duo,

258 4384 386 4458 laici
418 4387 596 4458 :gquid
635 4386 778 4440 enim
819 4384 915 4458 est
949 4387 1130 4442 facere
1150 4384 1465 4452 'decretuin,
1499 4384 1600 4442 nisi
1649 4389 1847 4458 eligere
1948 4385 2254 4458 presbyteri
2286 4384 2513 4458 Romani
2556 4384 2778 4458 triginta
2821 4384 3085 4457 quatuor,
3118 4397 3176 4458 et
3203 4384 3430 4444 'diaconi
3480 4397 3536 4444 et

261 4456 382 4510 est?
432 4456 503 4510 Et
531 4471 661 4511 vero
704 4473 813 4512 non
851 4457 956 4513 alia
1004 4459 1179 4514 forma
1226 4459 1518 4514 subscribit
1552 4455 1850 4518 laicus—ille
1949 4455 2127 4510 Omnis
2165 4455 2366 4520 clerus,
2413 4456 2514 4510 sub
2557 4455 2924 4525 anathemate,
2955 4464 3014 4512 ut
3040 4457 3235 4524 nullus,
3279 4459 3536 4530 pontifice

263 4541 427 4582 uuam
468 4529 772 4582 nresbvter.
1948 4527 2184 4582 vivente.
2229 4535 2325 4581 aut
2359 4527 2611 4582 eniscono
2637 4527 2873 4582 civitatis
2913 4542 3042 4582 sum.
3070 4539 3364 4582 nrmsumat
3388 4529 3534 4582 loaui

263 4541 427 4597 quam
468 4529 772 4598 presbyter.

333 4595 708 4668 bﬂPAresbyteri,
733 4606 837 4653 etc.
865 4597 983 4653 Non
1009 4598 1382 4654 subscribebat
1398 4598 1604 4654 electus
1629 4599 1684 4654 in
1704 4597 1839 4668 ejus-

1948 4529 2184 4590 vivente,
2229 4535 2325 4581 aut
2359 4529 2611 4596 episcopo
2637 4529 2873 4583 civitatis
2913 4542 3042 4595 sum,
3069 4529 3364 4598 praesumat
3388 4529 3440 4585 lo
3479 4530 3534 4586 ui

1949 4597 2016 4668 de
2047 4611 2382 4668 successore,
2423 4605 2518 4651 aut
2552 4605 2732 4666 partes
2760 4599 2863 4654 sibi
2895 4598 3092 4664 facere,
3124 4601 3226 4656 nisi
3258 4601 3416 4656 tertio
3441 4547 3536 4656 (die

261 4667 409 4738 spodi
429 4644 655 4738 lineas:
671 4644 1080 4725 neva'mbitionis
1103 4644 1530 4724 iitiJ'ﬁBbia'ré
1870 4644 1925 4706 D
1950 4667 2301 4736 depositionis
2329 4644 2474 4738 ejus,
2525 4644 2759 4724 a'dunato
2788 4669 2934 4724 clero
2969 4679 3023 4724 et
3070 4644 3197 4726 filiis
3242 4670 3498 4728 Ecclesia:
3516 4711 3533 4738 ,

263 4734 558 4810 Gregorius
603 4738 832 4810 Magnus
867 4738 1077 4794 litteras
1121 4739 1266 4795 dedit
1304 4739 1844 4809 Constantinopolim,
1949 4734 2082 4810 tunc
2109 4734 2535 4810 electio_ifiat,iet
2563 4753 2737 4810 Aqnem
2775 4740 3002 4810 quisque
3027 4740 3288 4806 voluerit,
3315 4734 3537 4797 habebit

265 4808 461 4884 quibus
483 4807 785 4884 -ab__amicis
814 4808 1218 4884 (conciliaverat
1259 4807 1685 4884 sibi_plurimos',
1723 4827 1847 4884 cum
1949 4807 2232 4884 licentiam
2268 4808 2498 4884 eligendi
2530 4807 2633 4863 sibi
2660 4807 3032 4884 sacerdotem.
3083 4831 3102 4862 ι
3150 4812 3334 4884 Tridui
3369 4828 3536 4884 porro

263 4878 602 4953 apocrisiarii
647 4878 870 4936 munere
907 4879 1223 4953 fungeretur
1259 4878 1845 4953 apud—imperatorem)

264 4946 556 5035 instantius
586 4959 793 5035 peteret
826 4946 1235 5035 consensionem
1262 4946 1536 5035 impediri:
1560 4951 1679 5035 Dixi
1707 4946 1852 5020 ejus-'-

265 5019 411 5093 rnodi
439 5019 653 5093 litteris,
687 5038 816 5093 nam,
837 5022 901 5076 de
931 5022 1052 5077 aliis
1091 5021 1160 5075 ad
1185 5035 1273 5076 res
1302 5019 1701 5093 ecclesiasticas
1720 5019 1846 5093 per-

266 5088 564 5162 tinentibus
584 5092 917 5148 contrarium
939 5098 1148 5148 constat
1167 5106 1236 5147 ex
1263 5091 1487 5162 epistola
1508 5088 1738 5148 Joannis
1754 5092 1843 5148 IV.

265 5159 334 5213 de
355 5175 461 5230 qua
492 5163 696 5219 dictum
718 5172 897 5218 antea.

339 5240 363 5269 ο
389 5231 677 5288 Axiomati.
698 5234 761 5304 In
785 5234 1044 5304 dignitate
1063 5232 1364 5298 constituti,
1390 5233 1504 5289 sive
1528 5232 1852 5303 Optimates,

263 5307 329 5355 ut
353 5310 569 5374 constat
589 5318 657 5359 ex
684 5303 914 5359 formula
957 5305 1158 5360 decreti
1198 5305 1478 5374 electionis
1511 5314 1672 5374 atque
1694 5305 1854 5359 innu-

265 5371 462 5446 meris
491 5373 751 5441 ejusmodi
817 5374 1274 5446 inscriptionibus.
1338 5371 1665 5446 ffanoratba
1694 5382 1856 5446 vocat

264 5439 382 5567 lngo
412 5439 840 5569 Magnushepist.
883 5439 1304 5515 84.'Gregorius
1351 5445 1574 5516 Magnus
1611 5443 1854 5512 Nobiles,

349 5551 365 5566 .
397 5529 471 5569 tv.
504 5531 591 5569 eo.
690 5555 704 5569 .

349 5551 365 5566 .
397 5529 471 5569 IV.
504 5531 591 5570 CD.
614 5529 704 5570 47.

340 5531 867 5652 Ἁπδιὲβῖέῆιαηὶε,
909 5597 1013 5641 etc.
1047 5585 1224 5640 Verba
1263 5586 1380 5658 haec
1419 5587 1699 5658 desumpta
1727 5595 1853 5642 sunt

267 5669 447 5728 usque
490 5657 558 5711 ad
605 5659 726 5724 ista,
771 5657 1161 5728 confirmantes,
1185 5670 1248 5710 ex
1287 5656 1516 5711 formula
1545 5656 1748 5714 decreti
1787 5659 1856 5714 de

268 5725 540 5800 elect_ione
565 5728 762 5783 summi
789 5725 1080 5800 pontificis.

345 5808 370 5836 ο
391 5795 591 5853 Triduo
613 5801 770 5865 enim,
790 5795 901 5855 etc.
927 5797 1232 5854 Bonifacius
1249 5796 1336 5852 Ill.
1367 5812 1507 5854 anno
1534 5798 1656 5854 606.
1685 5807 1746 5855 ut
1771 5815 1858 5855 re-

273 5865 389 5924 fert
433 5869 783 5938 Anastasius,
816 5889 836 5925 ι
871 5871 1000 5930 fecit
1040 5870 1391 5930 constitutum
1426 5869 1482 5927 in
1523 5871 1750 5929 ecclesia
1794 5871 1854 5929 S.

1951 4887 2196 4950 tempore
2214 4877 2418 4948 jejunio
2447 4886 2503 4933 et
2524 4879 2778 4949 precibus
2802 4880 3030 4950 publicis
3058 4881 3371 4937 vacabatur.

2029 4947 2048 4988 ί
2085 4948 2154 5023 _In
2181 4947 2297 5023 uno
2313 4947 2748 5023 convenientibus,
2793 4947 2899 5023 étc.
2938 4951 3139 5007 Eadem
3170 4951 3304 5020 fere,
3331 4967 3450 5023 qua:
3479 4965 3533 5004 in

1950 5019 2212 5075 relatione
2234 5019 2300 5074 ad
2326 5020 2641 5089 principem,
2674 5031 2733 5074 ut
2758 5020 2979 5077 evidens
3003 5024 3073 5077 sit
3097 5023 3163 5077 de
3190 5039 3298 5078 uno
3317 5019 3536 5077 eodem-

1951 5106 2056 5160 que
2083 5090 2254 5162 electo
2288 5090 2918 5162 utramque’relationem
2959 5108 3080 5150 esse
3107 5091 3534 5162 intelligendam,

1948 5159 2004 5215 et
2024 5161 2255 5231 proinde
2273 5161 2338 5215 de
2364 5159 2626 5231 Gregorio
2653 5161 2718 5216 11.

2024 5229 2051 5271 Β
2076 5229 2458 5284 Familiaribus
2481 5229 2628 5285 clari.
2659 5231 2774 5289 Hoc
2811 5233 3122 5290 Bonifacius
3160 5234 3216 5288 in
3243 5231 3536 5287 constituto

1949 5310 2107 5357 vocat
2131 5301 2269 5370 ﬁlios
2305 5299 2574 5356 Ecclesicc.

2021 5373 2048 5413 ιι
2080 5371 2366 5427 Procerum
2389 5373 2566 5439 etiam,
2611 5380 2716 5428 etc.
2760 5373 2889 5432 Inde
2919 5378 3150 5437 constat,
3189 5385 3305 5428 non-
3323 5386 3388 5430 ea
3417 5380 3542 5429 tan-

1953 5452 2068 5515 tum
2118 5443 2186 5498 de
2226 5458 2391 5515 causa
2436 5444 2755 5500 convenisse
2802 5453 2941 5515 tunc
2978 5443 3237 5513 temporis
3281 5458 3537 5515 proceres

1955 5514 2196 5584 aliosque
2225 5513 2426 5580 laicos,
2464 5530 2584 5568 cum
2627 5515 2867 5584 pontifex
2891 5513 3188 5584 eligeretur
3209 5556 3224 5580 ,
3256 5513 3314 5570 u‘t
3337 5514 3422 5570 vel
3445 5529 3534 5568 as-

1955 5583 2170 5640 sensum
2199 5585 2393 5639 darent
2420 5583 2745 5642 electoribus
2774 5583 3014 5650 clericis,
3049 5585 3132 5640 vel
3169 5585 3536 5641 testimonium

1955 5655 2163 5726 ferrent
2190 5655 2256 5711 de
2278 5657 2548 5726 probitate
2577 5653 2840 5726 eligendi,
2864 5655 2964 5726 sed
3002 5660 3062 5710 ut
3099 5672 3227 5711 vere
3253 5655 3534 5726 eligerent.

1959 5726 2112 5798 Unde
2134 5725 2244 5798 Leo
2274 5723 2496 5798 Magnus
2521 5725 2678 5798 epist.
2710 5723 2778 5778 89
2798 5723 2951 5798 :AQui
2975 5727 3298 5798 praefuturus
3327 5723 3401 5779 est
3428 5740 3538 5798 om-

1958 5797 2128 5872 nibus,
2159 5797 2222 5850 ab
2254 5793 2493 5850 omnibus
2521 5793 2770 5872 eligatur.
2801 5793 2918 5866 Qua
2945 5793 3214 5858 sententia
3239 5794 3534 5872 Gregorius

1961 5866 2186 5942 Magnus
2212 5882 2342 5924 usus
2365 5873 2449 5921 est
2471 5878 2580 5919 non
2607 5865 2791 5923 semel.
