4062 6454
557 416 627 474 39
1899 408 2101 465 LIBER
2141 406 2348 465 DIURN
2359 408 2441 466 US

555 545 585 576 α
614 531 683 588 ad
710 529 1128 595 confessionem,
1157 535 1213 584 et
1231 529 1260 569 δ
1289 536 1413 600 post
1439 529 1684 584 litaniam
1706 537 1728 566 ο
1756 527 2051 581 ascendunt
2070 525 2138 578 ad
2163 523 2217 585 Α
2313 533 2422 578 tem
2449 525 2716 604 observet
2739 568 2753 592 ,
2805 537 2861 582 et
2899 542 3020 604 qua:
3071 544 3137 585 ex
3187 531 3465 588 ambarum
3522 538 3799 604 collatione

2313 596 2559 650 concludi
2609 598 2873 664 debeant,
2917 596 3126 655 minore
3169 605 3380 672 negotio
3428 596 3730 686 intelligat]

555 626 759 690 sedem,
786 623 946 679 simul
975 622 1214 693 episcopi
1248 631 1303 676 et
1330 621 1653 693 presbyteri.
1679 620 1831 674 Tunc
1852 619 2135 687 cpiscopus

554 717 879 773 Albanensis
903 716 994 770 dat
1016 713 1043 753 ά
1069 713 1369 769 orationem
1391 713 1624 783 primam
1649 727 1663 765 :
1709 709 1900 764 deinde
1927 709 2134 777 episco-

554 825 656 880 pus
693 808 1012 864 Portuensis
1038 808 1130 862 dat
1159 817 1183 846 ο
1219 806 1518 860 orationem
1564 803 1891 859 secundam:
1933 800 1953 840 τ
1982 809 2134 870 post-

2224 783 2229 788 .
2272 705 2576 763 Indiculum
2608 710 2626 750 ι
2657 713 2938 782 pontiﬁcis.

2305 820 2365 876 In
2391 824 2611 880 nomine
2639 825 2851 882 Domini
2889 826 2985 883 Dei

554 900 774 954 modum
810 898 1148 953 adducuntur
1171 895 1479 967 Evangelia,
1508 902 1562 949 et
1601 892 1934 962 aperiuntur,
1966 899 2024 948 et
2056 900 2138 948 te-
2238 889 2538 967 §alvatoris
2615 898 2785 951 nostri
2857 896 2986 953 Jesu

552 996 751 1044 nentur
780 1001 942 1056 super
977 993 1140 1055 caput
1170 984 1327 1040 electi
1357 1000 1388 1038 a
1418 980 1751 1038 diaconibus.
1782 980 1934 1035 Tunc
1962 982 1988 1022 ⁸
2017 981 2134 1051 epi-

552 1094 748 1150 scopus
769 1077 1034 1134 Ostiensis
1062 1079 1090 1119 h
1125 1085 1411 1134 consecrat
1440 1089 1562 1129 eum
1587 1073 1918 1144 pontiﬁcem.
1956 1074 1972 1113 ι
2005 1068 2136 1128 Post

551 1171 666 1226 haec
696 1171 1108 1226 archidiaconus
1137 1168 1376 1224 annectit
1405 1166 1456 1222 ei
1476 1164 1717 1235 pallium,
1755 1163 1948 1220 deinde
1993 1161 2008 1213 ἱ
2045 1178 2134 1219 as-

551 1263 734 1318 cendit
771 1263 878 1334 25
923 1267 990 1318 ad
1018 1262 1220 1326 sedem,
1257 1267 1312 1315 et
1340 1259 1433 1314 dat
1452 1271 1641 1329 pacem
1666 1257 1916 1312 omnibus
1953 1271 2112 1312 sacer

551 1350 786 1420 dotibus,
817 1353 844 1392 ¹ί
869 1361 928 1408 et
955 1352 1102 1417 dicit,
1144 1347 1325 1404 Gloria
1354 1349 1411 1402 in
1430 1347 1646 1404 excelsis
1678 1346 1809 1402 Deo.

1113 1480 1412 1538 TITULUS
1449 1480 1542 1536 IX.

549 1601 733 1674 [Qnod
754 1599 1048 1674 indiculu_m
1090 1597 1195 1674 hnc
1229 1597 1282 1674 in
1313 1597 1432 1652 loco
1462 1595 1679 1674 dicitur,
1726 1593 2124 1674 professionem

600 1665 738 1750 :ﬁdei
769 1679 965 1750 vocant
987 1666 1751 1750 1370,.GratianusdAntonius
1769 1665 2126 1750 Augustinus,

615 1749 670 1796 et
694 1741 980 1803 Baronius,
1014 1741 1147 1808 locis
1178 1740 1230 1793 in
1265 1737 1576 1808 praefatione
1604 1736 1802 1808 citatis.
1843 1736 1975 1788 Eam
2002 1749 2128 1808 om-

615 1827 712 1866 nes
747 1812 835 1867 'illi
878 1803 1282 1881 professionem'
1314 1817 1592 1881 acceptam
1641 1805 1860 1858 tradunt
1889 1819 1956 1881 ex_
1993 1803 2126 1858 libro

2235 959 2470 1029 Christi,
2526 975 2633 1021 etc.
2693 967 2987 1024 lndictione

2233 1030 2524 1108 lll._men_se
2543 1036 2757 1108 lll.Ego
2776 1037 2853 1092 Ill.
2881 1040 2985 1092 mi-

2234 1104 2526 1180 sericordia
2543 1107 2637 1162 Dei
2653 1104 2986 1180 ﬂgII'presbyter

2233 1181 2289 1228 et
2333 1176 2628 1248 njElectus,
2663 1176 2981 1248 ftiturusque

2232 1259 2330 1316 per
2361 1245 2458 1302 Dei
2489 1250 2714 1316 gratiam
2765 1245 2980 1305 humilis

2231 1314 2551 1386 Apostolica:
2622 1319 2765 1374 sedis
2823 1321 2980 1376 Anti-

2231 1394 2362 1457 stes,
2385 1388 2482 1442 tibi
2514 1389 2791 1457 proﬁteor,
2823 1392 2981 1448 beate

2229 1455 2391 1512 Petre
2416 1455 2793 1528 Apostolorum
2820 1461 2976 1516 Prin-

2230 1543 2381 1605 ceps,
2415 1527 2477 1600 (σ
2497 1531 2584 1605 cui
2609 1531 2792 1605 claves
2821 1534 2974 1605 regni

2231 1597 2481 1672 caelorum
2513 1597 2975 1672 adligandum‘at—

2230 1684 2336 1738 que
2383 1671 2696 1725 solvendum
2749 1672 2804 1725 in
2842 1675 2974 1730 caelo

2229 1749 2286 1793 et
2305 1741 2543 1813 interra,
2569 1751 2784 1796 creator
2812 1753 2975 1813 atque

2230 1810 2539 1879 redemptor
2551 1815 2788 1866 omnium
2806 1810 2981 1868 Doini-

615 1883 828 1947 diurno,
861 1870 954 1934 sed
981 1894 1143 1933 nemo
1173 1887 1353 1932 tamen
1374 1870 1543 1930 refert
1566 1889 1776 1945 puram,
1813 1882 1874 1947 nt
1904 1875 1992 1928 hic
2017 1882 2121 1947 est,
2151 1870 2200 1933 B
2228 1895 2331 1933 nus
2349 1870 2508 1935 Iesus
2535 1880 2785 1937 Christus
2811 1884 2979 1938 tradi-

615 1951 709 2006 sed
738 1944 993 2005 ad'usum
1025 1949 1152 2004 noni
1179 1947 1360 2003 saeculi
1401 1944 1616 2000 auctam
1637 1953 1798 2013 atque
1821 1944 2116 2014 interpola-

613 2029 746 2076 tam.
797 2020 986 2076 Visum
1028 2029 1114 2074 est
1156 2017 2120 2088 operm.pretium,g_utramque_m-

611 2092 867 2170 ραλλήλως
895 2090 1174 2157 exhibere,
1191 2085 1264 2144 _ut
1293 2085 1524 2159 quisque
1559 2085 1769 2141 facilius
1797 2094 1853 2140 et
1886 2085 2122 2141 varieta-

615 2242 641 2271 ι
667 2230 748 2283 Ad
779 2229 1174 2299 confessionem.
1208 2226 1313 2284 Ubi
1347 2227 1415 2282 ad
1445 2240 1641 2296 corpus
1663 2224 1722 2280 S.
1753 2223 2124 2299 Petriprofes-

540 2301 624 2358 sio
645 2300 768 2355 ﬁdei
790 2298 963 2370 prima
979 2299 1262 2363 emittitur,
1277 2299 1662 2370 peragiturque
1684 2304 1795 2370 tota
1816 2298 2118 2370 ordinatio:

540 2366 1043 2494 quaegritI-m'rogativ'a
1086 2366 1292 2426 summi
1310 2366 1598 2440 pontiﬁcis,
1640 2383 1708 2422 ex
1745 2367 1964 2423 decreto
1989 2366 2125 2424 Gre-

540 2458 676 2494 aorn
754 2458 896 2494 aam.

576 2458 676 2497 ΟῐἹι
702 2458 896 2497 Μααηι.

540 2459 1162 2582 gogulgtlggglditaniam.
1187 2510 1247 2566 Id
1277 2518 1388 2575 est,
1423 2517 1547 2582 post
1570 2507 1854 2582 lntroi_t_um_
1882 2507 2060 2582 missae
2090 2523 2122 2563 a

540 2581 737 2639 Schola
761 2578 1124 2646 decantatum,
1142 2578 1451 2651 dictumque
1469 2581 1535 2635 de
1549 2595 1700 2636 more
1720 2578 1883 2651 Kyrie
1905 2581 2120 2651 eleison,

541 2653 601 2722 ﬁt
628 2653 899 2708 ordinatio
927 2653 1198 2720 pontilicis
1223 2671 1236 2707 :
1277 2649 1380 2722 qua
1408 2659 1663 2721 peracta,
1696 2649 2123 2722 pontifexdicit,

539 2721 723 2778 Gloria
741 2725 797 2777 in
821 2723 1036 2777 excelsis
1065 2723 1194 2787 Deo,
1227 2720 1511 2792 missaque
1535 2731 1732 2792 cmtera
1763 2720 2011 2792 absolvit.

611 2805 634 2832 ο
671 2793 969 2846 Ascendunt
1000 2793 1068 2845 ad
1097 2795 1288 2846 sedem.
1322 2789 1438 2846 Non
1477 2790 1671 2845 summi
1700 2789 1973 2860 pontiﬁcis
1998 2805 2125 2858 pro-

538 2864 733 2934 priam,
765 2861 861 2934 sed
900 2862 1247 2934 ordinatoris
1274 2862 1564 2934 antistitis,
1608 2860 1676 2913 ad
1720 2875 1892 2934 quem
1919 2860 2125 2916 scilicet

538 2931 775 3016 episcopi
801 2932 1197 3016 Albanensiset
1226 2933 1559 3016 Pontuensis,
1592 2931 2004 3002 presbyterique
2035 2947 2125 2986 or-

541 3005 838 3060 dinandum
864 3019 1016 3059 more
1047 3005 1205 3059 solito
1232 3005 1523 3060 deducunt.

607 3075 634 3114 ἀ
662 3075 968 3129 Orationem
992 3076 1238 3144 primam.
1265 3074 1428 3128 Addit
1449 3072 1594 3130 Ordo
1618 3073 1922 3128 Romanus:
1953 3071 2125 3143 Super

536 3145 854 3216 pontiﬁcem.
880 3145 1072 3198 Adesto
1097 3145 1560 3216 supplicationibus
1583 3145 1773 3216 nostris
1795 3145 2120 3216 omnipotens

2222 1949 2320 2015 dit,
2370 1951 2619 2020 inquiens
2651 1970 2665 2006 :
2692 1952 2977 2017 Quaecum-

3738 433 3805 488 40

3086 725 3139 793 ,Ρ
3163 716 3429 791 Profectio
3455 728 3739 796 pontiﬁcio.

3095 900 3108 914 .
3125 830 3419 914 l_n_nornin_e
3429 848 3630 914 sanetae
3642 849 3696 896 et
3716 843 3795 898 in-

3054 899 3284 975 dividua
3297 905 3594 975 Trinitatis,
3607 913 3792 968 Amen.

3055 970 3168 1043 Ego
3201 973 3266 1028 N.
3311 987 3511 1034 sanctae
3542 970 3797 1040 Romana:

3054 1041 3307 1100 Ecclesiae
3375 1045 3641 1106 Diaconus
3714 1053 3798 1107 vel

3053 1111 3361 1196 Presbyter,
3390 1119 3474 1196 vel
3508 1120 3797 1196 Episcopus

3051 1182 3584 1257 Cardinaliselectué,
3603 1182 3798 1250 utﬁ'am

3050 1269 3149 1323 per
3184 1257 3318 1332 'DeiA
3367 1260 3595 1332 gratiam
3639 1262 3798 1332 hujus

3053 1333 3254 1399 sancta:
3292 1327 3611 1399 Apostolij
3657 1327 3797 1390 sedis

3045 1395 3271 1473 humilis
3309 1395 3558 1473 minister
3584 1420 3598 1456 :
3633 1403 3798 1473 proﬁ-

3046 1474 3165 1522 teor
3177 1467 3296 1534 tibi,
3312 1469 3469 1525 beate
3484 1467 3798 1534 PetreADo-

3041 1537 3303 1613 stolorum
3354 1539 3635 1613 Princeps,
3689 1537 3798 1613 (cui

3043 1607 3224 1680 claves
3263 1612 3412 1680 regni
3457 1607 3708 1669 uel—estis
3730 1614 3800 1670 ad

3044 1678 3346 1752 ligandum'
3371 1689 3540 1752 atque
3585 1685 3800 1739 solven-

3046 1749 3171 1802 dum
3211 1749 3265 1803 in
3290 1751 3419 1805 caelo
3452 1749 3509 1807 et
3552 1753 3607 1808 in
3651 1762 3801 1808 terra

3049 1827 3262 1871 creator
3294 1827 3351 1873 et
3371 1823 3678 1878 redemptor
3691 1823 3802 1878 Do-

3049 1887 3230 1941 minus
3250 1898 3436 1944 noster
3455 1887 3695 1952 tradidit.
3719 1894 3802 1947 in-

3047 1957 3238 2032 quiens
3259 1974 3274 2011 :
3307 1957 3657 2031 Quwcumque
3675 1962 3802 2032 liga-

2220 2037 2321 2092 que
2361 2019 2816 2098 ligaveris-super
2861 2034 2973 2098 τεῇ-ι
3041 2019 3174 2098 ueris
3216 2019 3372 2097 supcr
3397 2019 3615 2098 terram,
3648 2019 3798 2086 erunt

2221 2107 2368 2158 ram,
2409 2103 2562 2146 erunt
2603 2092 2766 2164 ligata
2824 2103 2872 2150 et
2916 2095 2975 2148 in
3043 2095 3209 2168 ligata
3233 2092 3363 2154 etin
3387 2100 3549 2168 caelo;
3591 2092 3804 2173 etquo:-

2221 2226 2585 2306 peragendum
2611 2225 3209 2306 Miss:e_oﬁiciurn,_tum
3225 2229 3281 2286 in
3317 2231 3581 2289 actionem
3604 2233 3808 2306 gratia—

2221 2309 2344 2369 rum
2375 2299 2631 2369 bymnum
2650 2298 2954 2369 angelicum
2985 2300 3222 2356 inchoat.

2295 2367 2324 2407 ¹ί
2359 2366 2429 2440 Et
2452 2369 2599 2440 dicit,
2632 2366 2834 2440 Gloria.
2864 2369 3211 2426 Innocentius
3238 2371 3323 2426 Ill.
3346 2371 3475 2440 Cap.
3507 2373 3665 2440 Quod
3701 2376 3805 2429 sic—

2222 2447 2299 2511 nt.
2359 2437 2437 2491 De
2478 2438 2655 2511 Elect.
2698 2439 2725 2511 §
2781 2438 2951 2510 Super
2989 2457 3068 2494 eo.
3114 2460 3132 2492 ‹
3170 2441 3304 2497 Cum
3354 2437 3804 2501 solus'Pontifex

2222 2507 2520 2574 Romanus,
2549 2509 2661 2581 (qui
2691 2507 2817 2583 ante
2853 2507 3111 2583 hymnum
3153 2513 3456 2583 angelicum
3507 2528 3802 2570 consecra-

2224 2586 2332 2644 tur,
2378 2588 2451 2654 et_
2467 2582 2807 2654 postmodum
2852 2582 2966 2654 ipse
2981 2582 3280 2654 rMissaruin
3319 2584 3579 2639 solemnia
3615 2585 3804 2654 incipit

2222 2650 2535 2724 et_perﬁcit
2566 2650 2935 2724 consecratus)
2977 2653 3031 2707 in
3079 2654 3168 2708 die
3197 2655 3644 2722 consecrationis
3693 2650 3807 2711 sua:

2224 2719 2401 2774 valeat
2424 2722 2642 2778 ordines
2671 2719 2968 2785 celebrare,
3006 2743 3024 2775 ι
3044 2732 3148 2778 etc.
3197 2719 3201 2722 ’
3226 2777 3235 2784 ,
3796 2777 3804 2786 .

2301 2790 2321 2878 l
2363 2789 2636 2878 Pontiﬁcis
2657 2833 2670 2846 .
2699 2792 2934 2878 Cononis
2954 2794 3163 2878 Opinor,
3189 2792 3802 2878 qui‘postConsta‘ntini

2223 2859 2478 2931 Pogonati
2516 2859 2720 2936 obitum
2751 2874 2966 2919 creatus
2989 2859 3113 2936 est;
3144 2859 3258 2936 naut
3278 2859 3474 2935 Sergii,
3506 2867 3596 2936 qui
3625 2867 3806 2922 Cono—

2223 2949 2362 3004 noni
2387 2933 2634 3003 excepit;
2687 2945 2915 3004 uterque
2947 2935 3090 2988 enim
3111 2933 3313 2990 electus
3338 2933 3443 3000 est,
3485 2933 3538 2990 et
3564 2952 3693 2992 cum
3725 2937 3806 2992 fo-

2224 3011 2310 3077 ret
2338 3002 2646 3074 Presbyter,
2693 3015 2746 3058 et
2768 3002 2892 3077 post
2911 3005 3248 3060 Constantini
3279 3015 3532 3077 mortem,
3563 3009 3661 3077 qui
3689 3008 3800 3067 duo

2225 3074 2570 3148 characteres
2611 3077 2665 3130 in
2695 3074 2932 3148 lndiculo
2957 3077 3251 3148 habentur.
3299 3076 3451 3144 Quod
3493 3074 3607 3132 haac
3636 3092 3802 3148 porro

2228 3143 2362 3198 ﬁdes
2389 3145 2532 3200 edita
2561 3148 2644 3218 sit
2662 3147 3040 3218 postCregorii
3081 3147 3258 3217 Magni
3285 3143 3523 3212 aetatem,
3570 3143 3704 3218 inde
3740 3147 3802 3202 li-

535 3215 699 3294 Deus_,
737 3225 790 3270 et
817 3224 1032 3294 caetera,
1067 3215 1485 3294 quaa'habentnr
1523 3217 1575 3270 in
1621 3215 1963 3294 ordinatione
2007 3215 2121 3286 epi-
2145 3231 2191 3294 ρ
2223 3222 2376 3294 qnet,
2426 3217 2566 3294 quod
2601 3215 2760 3294 aliam
2795 3215 2950 3288 longe
2999 3215 3284 3294 diversam,
3351 3233 3537 3294 quam_
3562 3216 3804 3274 Joannes

539 3287 712 3355 scopi,
741 3295 798 3340 ut
823 3295 878 3340 et
904 3287 1022 3340 alite
1051 3289 1168 3342 dua:
1193 3287 1469 3341 orationes
1493 3292 1799 3356 sequentes.

623 3368 646 3395 ο
687 3356 991 3411 Orationem
1040 3358 1342 3412 secundam.
1393 3357 1558 3421 Addit
1599 3355 1744 3411 Ordo
1799 3357 2112 3411 Romanus:

537 3424 856 3498 Propitiare,
903 3428 1164 3494 Domine;
1215 3427 1709 3498 supplicationibus,
1742 3429 1954 3491 nostris,
2007 3436 2112 3482 etc.

615 3497 634 3570 ξ
652 3497 655 3498 ⁷
675 3497 1019 3570 Postmodum
1039 3497 1348 3570 aperiuntur
1367 3497 1683 3570 Evangelia.
1697 3497 1752 3551 In
1777 3498 2118 3570 ordinatione

537 3567 810 3638 Episcopi,
852 3584 1008 3624 nona
1038 3567 1309 3633 Diaconis,
1354 3570 1448 3624 sed
1477 3571 1546 3623 ab
1591 3569 1867 3638 Episcopis
1907 3569 2117 3623 duobus

536 3640 710 3694 teneri
745 3639 1034 3711 Evangelia
1059 3655 1236 3711 super
1257 3648 1417 3710 caput
1447 3639 1616 3711 Electi
1648 3638 1794 3711 Otjdo
1841 3639 2117 3711 Romanus

545 3711 733 3780 tradit,
765 3709 923 3778 quem
940 3711 1008 3764 ad
1023 3709 1200 3764 locum
1215 3709 1474 3765 Alcuinus
1497 3729 1508 3764 :
1532 3729 1550 3760 ‹
1574 3709 1727 3776 Quod
1755 3710 1862 3763 duo
1887 3710 2112 3780 Episco-

533 3779 588 3848 pi
619 3789 808 3852 tenent
833 3781 1075 3852 codicem
1118 3781 1532 3852 Evangeliorum
1560 3795 1722 3852 super
1765 3779 1941 3849 caput
1971 3780 2113 3852 ejus,

538 3857 596 3903 et
622 3865 731 3903 uno
761 3849 1016 3904 fundente
1046 3866 1207 3918 super
1246 3849 1370 3905 eum
1418 3851 1874 3913 benedictionem,
1918 3851 2114 3919 reliqui

535 3919 629 3987 qui
674 3920 870 3974 adsunt
905 3920 1174 3990 Episcopi,
1208 3922 1455 3975 manibus
1478 3921 1591 3974 suis
1616 3927 1969 3990 superrcaput
1997 3921 2116 3990 ejus

537 3997 781 4061 tangunt,
807 4006 910 4044 non
930 3989 1266 4061 reperiturin
1294 3991 1613 4061 auctoritate
1632 3989 1802 4045 veteri
1823 4005 1998 4061 neque
2022 3989 2117 4046 no-

533 4074 620 4122 va,
645 4060 740 4114 Sed
766 4076 938 4130 neque
966 4060 1027 4130 in
1045 4061 1286 4114 Romana
1314 4060 1617 4115 traditione.
1659 4080 1677 4113 ι

610 4132 635 4170 ⁸
674 4129 963 4212 Episcopus
1000 4129 1272 4212 Ostiensis.
1331 4131 1464 4212 Erat
1486 4130 1871 4212 hchcclesire
1899 4129 2115 4187 Ostien-

534 4200 610 4274 sis
652 4200 1012 4274 privilegium,
1062 4210 1352 4272 antequam
1377 4201 1468 4256 ulli
1512 4202 1761 4271 Episcopi
1801 4203 2113 4274 innumero

533 4270 899 4327 Cardinaliuin
929 4270 1316 4338 censerentur;
1366 4288 1509 4327 nunc
1529 4288 1675 4336 vero,
1711 4270 1832 4328 eum
1857 4273 1996 4328 inter
2017 4290 2112 4330 eos

533 4343 714 4413 plures
752 4344 858 4398 sint
897 4344 1170 4413 Episcopi,
1209 4343 1300 4414 qui
1329 4352 1440 4398 tres
1470 4344 1590 4398 aliis
1646 4352 1807 4399 (etate
1837 4355 2100 4413 prmeunt,

534 4414 886 4484 consecrnndi
915 4414 1194 4468 Pontiﬁcis
1207 4413 1329 4484 jure
1350 4415 1604 4483 gaudent.
1635 4413 1900 4469 Ostiensis
1922 4431 2105 4484 porro,

534 4498 642 4553 quo
663 4483 747 4536 die
768 4483 1084 4554 Pontiﬁccm
1111 4483 1415 4550 ordinabat,
1444 4485 1698 4540 utebatur
1717 4485 1898 4554 pallio,
1924 4483 2001 4539 ex
2022 4487 2110 4540 de-

535 4554 879 4625 creto_Marci
909 4553 1086 4625 Papae.

603 4626 632 4663 h
674 4623 955 4678 Consecrat
986 4623 1327 4694 ‘Pontiﬁcem.
1376 4624 1520 4681 Ordo
1548 4625 1614 4680 R.
1666 4625 1810 4679 Deus
1857 4625 2109 4680 bonorum

536 4695 791 4766 omnium,
816 4703 943 4766 ﬂete.
988 4697 1044 4751 in
1068 4712 1173 4766 qua
1201 4697 1446 4751 oratione
1493 4698 1607 4751 hinc
1645 4697 1768 4751 addi
1799 4696 1998 4751 debent
2043 4698 2112 4752 ad

535 4764 768 4838 locum_:
807 4765 872 4818 Et
898 4764 1116 4838 idcirco
1160 4766 1360 4838 [amulo
1391 4777 1480 4821 tuo
1506 4766 1579 4820 N.
1605 4783 1757 4836 quem
1798 4767 2113 4838 Apostolicw

534 4835 672 4889 sedis
701 4832 1040 4920 Prwsulcmn.
1061 4848 1110 4892 et
1153 4832 1441 4920 Ifrimatem
1481 4832 1733 4919 omnium,
1761 4832 1858 4920 .qui
1874 4839 1945 4920 in
1979 4838 2116 4920 .orlre

535 4915 796 4959 terrarum
840 4917 959 4961 sunt
1001 4907 1366 4972 Sacerdotum,
1409 4926 1472 4962 ac
1511 4906 1819 4962 universalis
1863 4906 2114 4962 Ecclesia:

535 4975 814 5030 Doctorem
842 4977 1050 5044 dedisti,
1076 4989 1124 5033 et
1152 4980 1221 5033 ad
1250 4981 1439 5033 summi
1460 4979 1738 5033 sacerdotii
1766 4979 2117 5032 ministerium

536 5046 754 5120 elegisti,
779 5048 934 5113 hanc,
958 5067 1281 5120 quresumus,
1316 5049 1558 5120 Domine,
1587 5051 1811 5120 gratiam
1843 5050 2114 5120 largioris.

535 5116 668 5189 Item
697 5129 819 5189 post
855 5116 1023 5189 pauca
1050 5140 1062 5174 :
1095 5120 1318 5173 Tribuas
1342 5121 1388 5172 ei
1413 5116 1728 5173 Cathedram
1750 5116 2118 5189 Pontiﬁcalem

533 5188 605 5240 ad
629 5188 903 5258 regendam
929 5190 1219 5245 Ecclesiam
1239 5191 1554 5253 universam,
1576 5199 1680 5243 etc.

614 5260 630 5298 i
679 5259 803 5313 Post
831 5263 964 5328 ha'c,
1016 5269 1122 5315 etc.
1158 5260 1214 5313 Si
1256 5260 1525 5314 Diaconus
1544 5261 1750 5314 electus
1787 5260 1880 5323 sit,
1931 5273 2121 5314 conse-

535 5337 720 5402 cratur
749 5330 805 5382 in
835 5331 1218 5402 Presbyterum
1243 5347 1256 5382 :
1283 5329 1504 5402 hujusce
1531 5331 1674 5402 enim
1699 5330 2120 5384 consecrationis

537 5406 663 5484 sunt
692 5397 828 5484 hate,
853 5417 969 5484 qna;
991 5397 1255 5484 leguntur.
1279 5430 1350 5439 —
1374 5400 1431 5454 In
1455 5401 2121 5484 libr2_ritu_um_sacrqnltm

534 5470 821 5543 Augustini
848 5470 1083 5543 ‘Patritii
1131 5475 1248 5543 (per
1287 5486 1530 5543 errorem
1559 5471 1949 5540 Christophoro
1984 5471 2126 5543 Mar-

537 5540 675 5597 cello
690 5540 993 5611 tribuitur),
1027 5540 1168 5598 ritus
1184 5545 1272 5599 ille
1287 5542 1610 5598 describitur
1634 5561 1646 5596 :
1671 5543 1837 5595 Dictis
1866 5542 2124 5596 orationi-

538 5613 657 5677 bus,
680 5609 831 5680 Papa
854 5609 1013 5665 etiam
1035 5614 1144 5666 sine
1174 5617 1331 5668 mitra
1353 5613 1549 5668 accedit
1587 5613 1657 5666 ad
1683 5613 1870 5679 altare,
1903 5621 1952 5667 et
1980 5612 2127 5680 prior

538 5631 657 5677 ous,
680 5631 831 5680 rapa
854 5631 1013 5665 suam
1035 5631 1144 5666 sine
1174 5631 1331 5668 mura
1353 5631 1549 5668 acceatt
1587 5631 1654 5666 aa
1683 5631 1870 5679 auare,
1903 5631 1952 5667 et
2017 5631 2127 5666 rtor

534 5681 896 5755 Diaconorum
936 5683 1162 5755 secyndo
1186 5685 1646 5755 adjuvante,capit
1686 5683 1906 5755 pallium
1947 5631 2012 5737 (ὅ
2043 5681 2128 5737 al-

537 5703 896 5736 maconorum
936 5703 1162 5735 secunao
1186 5703 1568 5753 aajuvante,ca
1607 5703 1646 5738 τι
1686 5703 1906 5755 pomum
1947 5703 2012 5737 ae
2043 5703 2126 5737 αι-

537 5751 730 5829 tari,_et
768 5753 983 5829 imponit
1008 5752 1273 5829 Pontiﬁci,
1300 5755 1476 5829 dicens
1502 5772 1519 5829 ξ
1531 5703 2126 5829 ᾕτίρβοραιιὶωηηθῑο.

615 5823 627 5872 i
657 5823 723 5876 Et
738 5825 974 5896 ascendit
997 5824 1065 5878 ad
1088 5827 1281 5880 sedem.
1308 5823 1808 5882 SummiPontiﬁcis
1829 5825 2124 5896 propriam,

538 5901 705 5977 atque
735 5895 993 5954 Ecclesia
1015 5896 1609 5976 univers:e_T_hronum,
1654 5895 1885 5968 indeque
1922 5906 2036 5952 tum
2060 5899 2128 5952 ad

2222 3285 2494 3368 Diaconus
2531 3288 2842 3358 Symbolum
2890 3285 3081 3353 'vocat,
3141 3289 3196 3342 in
3239 3285 3651 3346 consecratione
3705 3303 3804 3345 sua

2221 3367 2484 3412 emiserit.

2292 3439 2332 3466 ω
2373 3426 2671 3496 Presbyter.
2714 3426 2962 3482 Nondum
3007 3427 3311 3483 Cardinalis
3350 3443 3544 3483 nomen
3571 3429 3641 3484 ad
3671 3427 3806 3486 emi-

2220 3499 2457 3552 nentiam
2502 3497 2777 3566 dignitatis
2815 3499 3194 3552 ostentandam
3240 3499 3617 3554 assumebatur
3664 3513 3685 3552 .'
3721 3514 3806 3554 εει

2219 3577 2494 3639 sumptum
2522 3584 2651 3622 vero
2685 3575 2769 3621 est
2800 3583 2943 3623 nono
2974 3569 3192 3633 saeculo,
3233 3577 3293 3624 ut
3330 3583 3396 3639 ex
3420 3568 3618 3623 collata
3664 3584 3799 3639 pro-

2219 3638 2463 3710 feSsione
2496 3646 2710 3710 constat
2745 3658 2757 3692 :
2795 3655 2921 3693 nam
2952 3641 3102 3710 prius
3124 3640 3180 3693 in
3224 3638 3467 3695 Ecclesia
3510 3653 3616 3710 non
3643 3638 3806 3710 ialius

2219 3709 2520 3764 Cardinalis
2564 3709 2781 3765 nomine
2812 3708 3203 3780 appellabatur,
3240 3725 3403 3781 quam
3437 3709 3528 3779 qui
3551 3708 3804 3781 addictus

2219 3789 2364 3834 esset
2386 3781 2479 3835 uni
2521 3781 2641 3835 loco
2667 3782 2758 3851 pio
2777 3779 3035 3846 curando,
3070 3790 3131 3835 ut
3155 3779 3397 3838 dicemus
3439 3782 3492 3835 in
3547 3780 3694 3834 notis
3733 3779 3804 3835 ad

2221 3861 2385 3920 caput
2413 3853 2659 3917 tertium,
2729 3852 3053 3907 ubi‘sermo
3124 3854 3229 3906 erit
3283 3853 3350 3907 de
3406 3851 3801 3906 incardinando

2197 3919 2514 3992 -Episc0po;
2559 3933 2615 3992 et
2642 3921 2708 3974 ad
2735 3931 2897 3992 caput
2918 3923 3187 3990 quintum,
3212 3937 3337 3976 cum
3364 3922 3432 3976 de
3453 3919 3806 3992 praeﬁciendo

2216 3991 2542 4063 Presbytero
2562 3991 2839 4047 Cardinali
2861 4000 3069 4062 agetur.

2287 4092 2318 4120 ιι
2355 4082 2586 4135 Electus.
2612 4080 2814 4152 Nempe
2842 4081 3197 4152 proﬁtebatur
3227 4079 3582 4137 orthodoxam
3613 4079 3804 4152 ﬁdem,

2215 4153 2364 4208 velut
2409 4169 2550 4206 unus
2596 4150 2858 4217 ﬁdelium,
2913 4161 3199 4223 antequam
3233 4155 3293 4223 in
3333 4152 3613 4223 cathedra
3640 4150 3798 4223 Petri

2215 4225 2472 4278 docturus
2506 4224 2806 4279 Ecclesiam
2837 4221 3073 4278 sederet;
3112 4222 3386 4278 Professio
3421 4224 3538 4278 haec
3566 4221 3788 4277 videtur

2213 4294 2381 4350 fuisse
2404 4297 2570 4349 totius
2615 4295 2938 4350 ceremonia:
2969 4295 3199 4349 initium.
3227 4294 3452 4350 Brevior
3488 4307 3653 4363 porro
3684 4300 3801 4357 est,

2214 4381 2376 4436 quam
2400 4383 2520 4436 quze
2549 4367 2807 4421 edebatur
2835 4367 2899 4420 ab
2928 4363 3324 4420 ordinatozfuit
3351 4365 3494 4419 enim
3528 4365 3642 4419 haec
3669 4379 3802 4434 pro-

2213 4437 2438 4500 ﬁtentis,
2469 4438 2636 4490 altera
2675 4437 2937 4492 docentis.

2287 4537 2312 4564 ο
2353 4528 2451 4582 Cui
2499 4529 2686 4594 claves,
2730 4537 2834 4584 etc.
2893 4527 3110 4584 Prolixa
3149 4529 3511 4599 parenthesis,
3557 4528 3662 4584 nisi
3720 4537 3804 4584 at-

2132 4587 2188 4649 D
2217 4602 2492 4666 tendatur,
2537 4587 2822 4669 perturbat
2848 4613 3085 4665 sensum,
3113 4587 3569 4669 quemadmodum
3596 4609 3652 4654 et
3668 4614 3802 4654 con—

2217 4687 2470 4741 sequens,
2526 4672 2630 4726 etsi
2679 4671 2896 4725 brevior
2929 4687 2942 4723 :
2973 4671 3028 4724 in
3079 4671 3242 4725 altera
3295 4684 3426 4725 vero
3467 4669 3807 4741 professione

2219 4739 2382 4796 verba
2423 4743 2558 4804 hare,
2617 4757 2737 4811 qua;
2785 4741 2999 4796 uncinis
3053 4742 3261 4797 duobus
3312 4742 3680 4805 includuntur,
3718 4739 3806 4795 vel

2219 4812 2445 4867 delenda
2474 4823 2616 4876 sunt,
2647 4812 2729 4866 vel
2763 4811 3156 4868 restituendum
3199 4812 3424 4868 verbum
3451 4812 3594 4880 quod
3634 4811 3798 4876 desit,

2217 4898 2270 4954 γ.
2313 4901 2364 4954 g.
2417 4882 2687 4954 proﬁteor,
2724 4897 2792 4937 ne
2818 4893 3074 4952 peccetur
3114 4883 3171 4937 in
3216 4882 3363 4954 leges
3409 4881 3798 4954 grammaticae.

2221 4950 2358 5019 Quid
2400 4950 2542 5007 enim
2574 4955 2676 5008 sibi
2729 4950 2846 5008 vult
2891 4954 3191 5008 inﬁnitivus
3245 4950 3455 5018 modus,
3508 4950 3800 5016 custodire,

2219 5032 2344 5148 post
2389 5023 2844 5131 conjunctionem,
2899 5025 3062 5094 quod,
3115 5032 3172 5079 et
3212 5024 3633 5096 subiunctivum,
3694 5038 3803 5076 non

2261 5111 2463 5148 eseram
2489 5136 2500 5147 .

2261 5111 2463 5148 eseram
2489 5099 2500 5147 2

2296 5200 2324 5238 p
2363 5185 2632 5256 Professio
2684 5185 2988 5255 Pontiﬁcio.
3039 5186 3153 5241 Etsi
3190 5187 3426 5243 refertur
3450 5203 3482 5242 a
3515 5183 3804 5256 Cardinale

2223 5259 2458 5314 Baronio
2478 5255 2558 5312 ad
2581 5273 2780 5311 annum
2809 5257 2933 5322 869,
2961 5272 3068 5313 non
3090 5257 3193 5313 fuit
3217 5267 3394 5314 tamen
3425 5259 3612 5314 eodem
3641 5255 3804 5309 modo

2226 5346 2333 5400 quo
2355 5328 2610 5400 refertur,
2649 5339 2926 5397 usurpata,
2957 5329 3061 5400 nisi
3093 5330 3302 5386 decimo
3325 5329 3523 5400 saeculo
3536 5327 3811 5400 jampro‘

2226 5395 2383 5472 vecto
2417 5418 2430 5452 :
2463 5399 2683 5452 ﬁtenim
2718 5395 2926 5472 mentio
2952 5399 3196 5472 Episcopi
3227 5397 3545 5472 Cardinalis,
3578 5395 3670 5464 qui
3693 5395 3808 5448 elc-

2227 5480 2348 5526 ctus
2372 5471 2426 5524 in
2447 5485 2717 5524 summum
2740 5467 3055 5526 Pontiﬁcem
3087 5467 3246 5534 foret,
3271 5477 3325 5522 et
3346 5469 3397 5521 id
3413 5467 3630 5536 quidem
3651 5480 3808 5536 com-

2229 5541 2377 5597 muni
2414 5541 2644 5610 quodam
2668 5540 2810 5610 jure.
2844 5541 2915 5595 At
2939 5541 3337 5612 Episcopumin
3363 5535 3637 5592 summum
3663 5535 3806 5590 Pon-

2229 5609 2681 5684 tiﬁcem’provehi
2689 5613 2780 5684 jus
2811 5628 2916 5684 non
2938 5609 3083 5676 sivit,
3108 5609 3346 5684 _ni_si_din
3386 5620 3515 5678 .post
3554 5616 3803 5684 tempora

2229 5677 2496 5748 Formos'i,
2533 5685 2618 5739 cui
2652 5677 2754 5739 fuit
2783 5682 2990 5738 nefario
3042 5679 3254 5736 crimini
3303 5677 3511 5745 datum,
3553 5677 3698 5750 quod
3732 5689 3805 5750 ex

2230 5746 2554 5829 Episcopatu
2599 5755 2880 5829 Parmensi
2929 5753 2995 5806 ad
3040 5765 3307 5806 summam
3355 5752 3536 5829 sedem
3569 5746 3807 5829 transis-

2231 5822 2334 5888 set,
2380 5822 2513 5880 obiit
2570 5842 2700 5884 vero
2751 5825 3046 5880 Formosus
3094 5837 3236 5883 nono
3287 5822 3485 5879 saeculo
3531 5834 3670 5894 pene
3721 5822 3806 5874 in-

2232 5895 2481 5968 cipiente.
