4062 6476
303 391 370 454 αι

302 504 468 572 calo;
506 507 558 558 et
582 471 919 573 quacumque
937 497 1047 555 ωι-

303 577 433 633 uerit
460 589 618 644 super
637 581 849 644 terram,
897 578 1048 625 erunt

303 646 474 702 soluta
493 641 544 698 et
565 644 621 697 in
642 641 804 714 egetis)
825 649 1049 697 sanctae-

303 731 419 787 que
435 723 540 770 tua:
566 713 840 787 Ecclesiaz,
883 727 1048 782 quam

303 783 458 842 liodie
481 793 574 839 tuo
587 783 834 854 praesidio
857 798 1053 854 regen-

305 857 424 912 dam
445 854 676 924 suscepi.

368 1561 520 1620 hanc
559 1575 704 1619 verte
727 1559 854 1616 ﬁdet
888 1566 1052 1616 recti-

298 1629 541 1691 tﬁdinetn
599 1633 783 1706 (quam
833 1629 1052 1687 Christo

298 1713 491 1760 autore
514 1706 782 1769 tradente,
806 1717 905 1774 per
934 1717 1059 1774 suc-

298 1791 547 1831 cessores
581 1783 703 1832 tuos
745 1782 910 1900 atﬂue
943 1773 1057 1828 dis-

298 1846 532 1900 cipulos.
562 1861 737 1900 usque
766 1861 797 1899 a
847 1845 1057 1900 exigui-

296 1846 532 1917 cipulos,
562 1861 737 1916 usque
766 1845 835 1917 ad
847 1845 1057 1917 exigui-

296 1915 466 1972 tatem
486 1915 667 1972 meam
687 1915 975 1986 perlatam,
1003 1916 1059 1970 in

298 1995 385 2042 tua
409 1996 606 2042 sancta
637 1986 879 2042 Ecclesia
901 2001 1056 2056 repe-

295 2057 365 2122 ri,
419 2057 552 2113 totis
573 2057 858 2112 conatibus
898 2057 1057 2122 meis,

294 2143 468 2198 usque
509 2127 576 2182 ad
603 2127 840 2198 animam
859 2137 914 2184 et
941 2142 1061 2182 san-

294 2197 514 2270 guinem
530 2197 828 2270 custodire,
851 2207 1060 2269 tempo-

294 2267 526 2338 rumque
548 2267 910 2335 difﬁcultates,
933 2267 1058 2324 cum

293 2347 392 2394 tuo
412 2338 705 2408 adiutorio,
760 2340 1058 2396 toleranter

294 2408 544 2465 suﬁ’erre.

368 2480 503 2535 Tam
527 2480 594 2534 de
616 2490 821 2538 sach
842 2491 898 2538 et
922 2480 1061 2538 indi-

294 2549 476 2625 vidua:
523 2550 810 2608 Trinitatis
858 2562 1061 2625 myste-

295 2621 406 2686 rio,
444 2636 563 2692 qua:
589 2638 730 2678 unus
753 2632 839 2679 est
870 2621 1014 2679 Deus
1041 2638 1056 2688 ;

296 2707 464 2762 quam
515 2692 579 2747 de
623 2693 1056 2764 dispensatione,

337 2777 421 2816 me
476 2764 772 2819 secundum
837 2779 1058 2820 carnem

319 2833 592 2906 'acta_est,
629 2833 904 2906 Unigeniti
940 2834 1060 2906 ﬁlii

295 2903 393 2958 Dei
442 2902 656 2959 Domini
701 2902 872 2962 nostri
929 2905 1060 2962 Jesu

296 2971 523 3038 Christi,
569 2985 624 3030 et
647 2977 714 3030 de
726 2977 939 3032 caneris
954 2977 1059 3032 Ec—

295 3043 480 3118 clesiae
500 3046 867 3118 dogmatibus,
917 3049 1060 3102 sicut

295 3115 354 3169 in
378 3128 402 3154 ι
433 3115 836 3175 univérsalibus
873 3118 1074 3175 Conci-

293 3185 404 3252 liis,
419 3187 1074 3262 etConstitutisApostoli-

1278 380 1720 448 aomnonuu
1755 382 2194 448 PONTIFICUM.
2231 417 2307 462 -τ,
2333 387 2484 447 CAP.
2522 387 2585 444 ιι.

1120 513 1345 571 cumque
1368 497 1582 572 solveris
1602 507 1876 572 superter-
1899 502 1954 566 Α
1979 517 2108 556 num
2129 541 2144 568 ,
2188 497 2736 572 constantinopolita-
2808 512 3036 564 canum,
3072 495 3565 572 constantinopoli-

1120 569 1265 640 ram,
1283 579 1434 625 erunt
1455 569 1627 625 soluta
1638 569 1686 624 et
1706 570 1762 624 in
1775 586 1876 640 cge-
1977 589 2103 628 num
2121 613 2136 640 ,

1121 640 1186 695 lis
1241 639 1477 714 [Mauh.
1533 639 1872 714 xvt,_19_])
1975 659 2148 710 mum,
2179 639 2645 714 Chalcedonense,
2693 648 2747 696 et

1123 711 1427 784 sauciaeque
1496 720 1602 784 tuae
1675 711 1878 767 Ecclél-
1979 715 2272 770 secundum
2297 711 2748 784 Constantinopm

1123 783 1239 849 siae,
1268 780 1428 854 quam
1455 782 1615 838 hodie
1637 791 1879 854 tuoprae-
1979 785 2228 850 litanum,
2278 783 2418 854 quod
2461 780 2748 854 Iustiniani

1127 853 1263 926 sidio
1291 852 1922 926 'regendam‘suscipioh
1981 857 2084 926 piae
2155 852 2431 910 memoria:
2481 852 2748 926 Principis

1126 923 1154 963 ἀ
1168 924 1312 994 quod
1328 923 1581 993 quamdiu
1598 923 1651 976 in
1665 923 1882 994 haemi-

1128 993 1250 1050 sera
1277 995 1387 1049 vita
1413 993 1737 1049 constitutus
1762 993 1882 1048 fue-

1126 1081 1211 1131 ro,
1261 1065 1435 1136 ipsam
1466 1080 1572 1120 non
1613 1064 1882 1136 deseram,

1127 1151 1236 1192 non
1255 1135 1580 1205 relinquam,
1602 1149 1708 1189 non
1721 1135 1888 1188 abne-

1129 1206 1288 1280 gabo,
1300 1222 1406 1262 non
1420 1205 1677 1260 abdicabo
1690 1205 1889 1274 aliqua-

1109 1287 1306 1343 tenus,
1332 1292 1433 1333 nec
1455 1291 1524 1330 ex
1550 1289 1888 1346 quacumque

1129 1364 1316 1415 causa,
1348 1346 1732 1417 cujuscumque
1771 1359 1888 1400 me.

1127 1429 1217 1475 tus
1235 1419 1320 1474 vel
1349 1417 1576 1488 periculi
1605 1418 1889 1473 occasione

1122 1490 1410 1555 dimittam,
1426 1504 1529 1544 nec
1542 1502 1628 1543 me
1642 1501 1891 1560 segrega-

1121 1561 1192 1616 bo
1216 1560 1284 1630 ab
1312 1561 1446 1630 ipsa.

1203 1629 1310 1687 Sed
1333 1629 1492 1686 verae
1517 1629 1642 1686 ﬁdei
1667 1629 1892 1686 rectitu-

1132 1702 1336 1766 dinem,
1353 1700 1538 1772 (quam
1552 1700 1772 1756 Christo
1799 1714 1892 1754 au-

1135 1781 1252 1828 tore
1296 1777 1546 1827 tradente
1583 1787 1682 1841 per
1717 1779 1792 1836 te,
1834 1777 1887 1825 et
1918 1825 1920 1827 ,

1132 1842 1506 1899 beatissimum
1527 1852 1675 1896 tuum
1697 1855 1888 1911 coapo-

1134 1891 1888 1980 EfrﬁiiﬁTiﬁiiinﬁff'eivﬁér
1914 1891 1962 1950 Β

1131 1983 1421 2054 discipulos
1443 1997 1786 2054 successores
1797 1995 1888 2054 ve—

1131 2052 1283 2110 stros
1319 2068 1492 2122 usque
1533 2053 1601 2108 ad
1632 2052 1892 2123 exiguita-

1130 2133 1239 2180 tem
1254 2139 1427 2179 meam
1451 2123 1717 2194 prolatam
1730 2127 1785 2178 in
1799 2131 1890 2178 tua

1130 2205 1320 2252 sancta
1335 2195 1580 2250 Ecclesia
1593 2194 1772 2266 reperi
1806 2201 1891 2266 to:

1129 2267 1200 2323 tis
1256 2265 1541 2322 conatibus
1591 2265 1782 2336 usque
1823 2265 1892 2320 ad

1129 2337 1450 2410 sanguinem
1477 2335 1794 2410 custodire.)

1202 2480 1336 2536 Tam
1349 2482 1416 2536 de
1427 2487 1626 2536 sancta:
1636 2487 1691 2534 et
1704 2477 1895 2534 indivi-

1131 2551 1252 2607 dua:
1285 2550 1567 2605 Trinitatis
1611 2549 1890 2621 mysterio,

1134 2637 1254 2692 quae
1273 2630 1357 2677 est
1371 2637 1513 2692 unus
1525 2621 1696 2686 Deus;
1730 2634 1894 2690 quam

1135 2691 1200 2748 de
1222 2691 1650 2763 dispensatione,
1677 2705 1798 2760 quae
1815 2705 1894 2745 se-

1134 2760 1368 2819 cundum
1385 2777 1605 2818 carnem
1622 2760 1764 2815 facta
1785 2768 1892 2826 est,

1131 2833 1394 2905 unigeniti
1417 2832 1539 2905 Filii
1553 2832 1651 2905 Dei
1674 2831 1893 2905 Domini

1133 2902 1305 2961 nostri
1326 2902 1454 2960 Jesu
1483 2902 1710 2969 Christi,
1745 2910 1801 2958 et
1823 2903 1892 2958 de

1139 2975 1349 3031 caeteris
1362 2974 1620 3030 Ecclesiae
1632 2974 1896 3045 dogmati-

1144 3046 1263 3111 bus,
1297 3047 1439 3101 sicut
1488 3047 1543 3100 in
1579 3043 1898 3100 universali-

1143 3118 1244 3174 bus
1271 3115 1549 3183 Conciliis,
1594 3124 1650 3171 et
1684 3115 1900 3171 Consti-
1928 3140 1930 3142 τ

1144 3187 1441 3243 tutionibus
1461 3187 1896 3258 Apostolicorum

1983 923 2317 995 temporibus
2415 923 2746 995 celebratum

1983 1003 2089 1060 est,
2107 994 2110 995 ⁷
2125 1007 2147 1034 ο
2169 1011 2340 1066 usque
2361 994 2428 1066 ad
2450 1009 2614 1048 unum
2635 995 2748 1064 api-

1985 1081 2127 1133 cem,
2149 1065 2469 1121 imniutilata
2506 1079 2741 1120 servare.

2059 1206 2246 1262 Etuna
2268 1221 2389 1261 cum
2411 1206 2490 1278 eis
2511 1208 2628 1278 pari
2645 1208 2738 1262 ho-

1988 1292 2124 1334 nore
2145 1284 2202 1332 et
2238 1277 2584 1332 veneratione
2623 1294 2740 1332 san-

1991 1356 2139 1403 ctum
2169 1356 2378 1403 sextum
2418 1347 2738 1412 Concilium,

1992 1419 2134 1490 quod
2175 1418 2194 1490 ζ
2220 1432 2393 1488 nuper
2426 1419 2450 1456 ⁸
2481 1417 2745 1490 Constan-

1993 1486 2107 1545 tino
2139 1489 2240 1560 βίω
2266 1486 2544 1560 memoriae
2591 1486 2744 1560 Prin-

1993 1557 2428 1632 cipe,1Agathone
2439 1557 2743 1632 Apostolico

1994 1629 2389 1703 prmdecessore
2448 1644 2574 1703 meo
2636 1629 2745 1699 29

1995 1698 2286 1767 convenit,
2341 1698 2648 1755 medullitus
2691 1698 2747 1755 et

1995 1772 2209 1843 plenius
2239 1785 2581 1843 conservare,
2598 1785 2745 1840 quae-

1996 1840 2102 1912 que
2129 1856 2259 1896 vero
2292 1840 2741 1910 praedicaverunt,

1989 1913 2318 1984 praedicare;
2356 1925 2584 1982 quaeque
2619 1925 2746 1966 con-

1990 1983 2399 2047 demnaverunt,
2427 1995 2523 2037 ore
2547 1988 2602 2037 et
2619 1996 2742 2037 cor-

1991 2055 2058 2111 de
2079 2055 2462 2110 condemnare.

2062 2124 2386 2196 Diligentius
2409 2131 2588 2178 autem
2604 2125 2748 2180 etvi-

1991 2195 2191 2251 vacius’
2240 2195 2422 2250 omnia
2468 2196 2499 2235 ιι
2528 2196 2745 2251 decreta

1989 2267 2452 2338 predecessor-um
2475 2264 2748 2338 Apostoli-

1993 2337 2179 2394 eorum
2200 2345 2511 2393 nostrorum
2524 2337 2747 2391 Pontiﬁ-

1993 2423 2140 2470 cum,
2158 2423 2385 2478 quaeque
2409 2407 2747 2478 synodaliter

1995 2486 2325 2549 statuerunt,
2398 2487 2454 2533 et
2517 2480 2747 2549 probata

1995 2556 2145 2615 sunt,
2168 2548 2594 2612 conﬁrmare,’et
2619 2549 2754 2603 indi-

1994 2619 2201 2676 minute
2212 2634 2452 2683 servare,
2468 2627 2522 2672 et
2537 2619 2679 2673 sicut
2693 2619 2760 2673 ab

1997 2691 2079 2748 eis
2109 2697 2312 2745 statuta
2326 2697 2474 2754 sunt,
2495 2688 2550 2742 in
2573 2690 2656 2743 sui
2684 2689 2759 2743 vi-

1996 2761 2142 2833 goris
2171 2759 2480 2833 stabilitate
2517 2759 2757 2815 custodi-

1998 2829 2058 2888 re
2083 2850 2096 2898 ;
2139 2845 2366 2901 quaeque
2399 2829 2482 2884 vel
2509 2845 2752 2900 quosque

1997 2901 2162 2958 simili
2195 2901 2505 2956 autoritatis
2537 2909 2754 2956 senten—

1998 2974 2073 3028 tia
2103 2973 2619 3036 condemnaverunt,
2669 2971 2754 3027 vel

2001 3044 2409 3108 abdicaverunt,
2446 3042 2609 3097 simili
2659 3058 2754 3096 au-

2001 3115 2241 3171 toritatis
2298 3113 2566 3169 sententia
2627 3128 2756 3169 con-

2003 3187 2279 3243 demnare.

3491 356 3565 441 tu

2239 570 2568 640 Ephesinum
2627 569 2738 640 pri-
2809 578 3018 637 tanum,
3039 568 3568 641 ctEpliesinum'pri-

2819 656 2967 696 mum
2999 681 3014 706 ,
3090 637 3530 697 Chalcedonense
3543 683 3560 710 ,

2820 711 3065 782 quintum
3109 725 3320 781 quoque
3348 719 3403 766 et
3449 727 3567 767 sex-

2823 791 2934 837 tum
2967 782 3094 837 item
3118 782 3566 852 Constantinopo-

2821 853 3006 917 litana,
3036 861 3090 908 et
3124 853 3412 920 septimum
3435 853 3564 907 item

2819 923 3112 987 Niczenum,
3133 921 3146 973 i
3175 931 3424 978 octavum
3437 940 3568 992 quo—

2818 1010 2923 1064 que
3013 994 3564 1064 Constantinopolita-

2817 1081 2966 1130 num,
2999 1081 3169 1134 usque
3191 1066 3259 1119 ad
3280 1081 3443 1119 unum
3459 1065 3569 1136 api-

2815 1151 2952 1199 cem,
2977 1136 3298 1190 immutilate
3323 1151 3562 1191 servare.

2883 1207 2951 1260 Et
2974 1206 3090 1276 pari
3109 1209 3312 1262 honore
3333 1215 3386 1261 et
3407 1222 3570 1262 vene-

2813 1278 3021 1332 ratione
3047 1278 3205 1359 digna
3239 1277 3458 1359 habere,
3495 1287 3572 1359 et

2814 1363 2931 1417 qua:
2950 1347 3379 1417 praedicaverunt
3393 1357 3448 1403 et
3461 1355 3572 1403 sta-

2818 1425 3056 1482 tuerunt,
3090 1419 3398 1474 omnimode
3415 1419 3570 1487 sequi

2816 1496 2870 1543 et
2881 1489 3193 1558 praedicare,
3209 1505 3434 1558 quaeque
3447 1505 3573 1544 con-

2816 1559 3226 1626 demnaverunt,
3240 1561 3571 1616 condemna-

2817 1643 2876 1684 re
2910 1645 3006 1686 ore
3036 1637 3094 1686 et
3113 1630 3296 1688 corde.

2888 2124 3207 2197 Diligentius
3220 2132 3399 2182 autem
3420 2136 3476 2183 et
3496 2126 3579 2183 vis

2817 2197 3024 2262 vacius,
3067 2198 3328 2266 quamdiu
3364 2199 3574 2265 vixero,

2817 2267 3002 2323 omnia
3054 2268 3273 2325 decreta
3311 2283 3577 2324 canonica

2818 2338 3282 2407 praedecessorum
3302 2339 3578 2411 Apostoli-

2819 2424 3008 2464 corum
3043 2409 3369 2465 nostrorum’
3385 2409 3577 2465 Ponti-

2820 2479 3002 2550 ﬁcum,
3049 2494 3404 2550 quaecumque
3471 2480 3579 2550 ipsi

2827 2546 3173 2621 Synodaliter
3194 2546 3509 2621 statuerunt
3525 2558 3583 2605 et

2828 2619 3054 2690 probata
3069 2629 3212 2674 sunt.
3256 2619 3584 2676 confirmare

2829 2698 2884 2744 et
2908 2690 3230 2744 indiminuta
3256 2705 3495 2756 servare,
3527 2697 3586 2745 et

2828 2760 2970 2814 sicut
2996 2760 3064 2814 ab
3096 2760 3177 2814 eis
3205 2768 3406 2815 statuta
3433 2769 3582 2826 sunt,

2827 2830 2882 2884 in
2919 2829 3000 2885 sui
3039 2830 3240 2899 vigoris
3286 2831 3585 2885 stabilitate

2827 2899 3130 2966 custodire;
3205 2916 3430 2971 quaeque
3497 2900 3583 2956 vel

2827 2985 3194 3042 quoscumque
3253 2972 3586 3042 condemna-

2826 3049 3043 3107 verunt,
3070 3041 3580 3108 velabdicaverunt,

2829 3113 2991 3170 simili
3035 3113 3302 3168 sententia
3331 3113 3588 3168 condem-

2830 3200 2963 3240 nare
3000 3182 3086 3237 vel
3120 3182 3400 3239 abdicare.
3477 3201 3485 3208 '

296 3272 490 3312 corum
511 3259 837 3315 Pontiﬁcum
858 3259 1071 3316 proba-

297 3329 655 3402 tissimorum,
680 3341 844 3402 atque
871 3329 1069 3387 Docto-

296 3413 422 3453 rum
437 3399 694 3457 Ecclesiae
710 3399 926 3474 scriptis
938 3473 941 3474 ν
953 3403 1067 3474 28

295 3479 428 3526 sunt
449 3475 860 3539 commendata;
882 3473 911 3513 ι’
931 3473 1064 3529 item

293 3555 651 3614 quaecumque
683 3545 749 3600 ad
781 3545 1065 3601 rectitudi-

291 3625 426 3685 nem
439 3623 636 3670 vestrae
659 3623 968 3685 nostraeque
980 3630 1065 3670 01‘-

293 3683 553 3765 lhodonze
565 3685 687 3765 ﬁdei
697 3701 743 3751 ,a
760 3694 815 3741 te
829 3683 1059 3753 tradite,

290 3755 626 3822 respiciunt,
651 3770 995 3811 conservare.

378 3834 402 3862 ο
459 3822 658 3908 §ancta
699 3826 1066 3908 quoque'uni-

292 3893 537 3951 versalia
565 3893 844 3960 Concilia,‘
882 3895 1062 3953 Nicae-

1140 3344 1370 3400 rumque
1442 3328 1700 3400 Ecclesiae
1762 3328 1898 3384 Doc-

1140 3399 1316 3457 torum
1340 3399 1556 3470 scriptis
1596 3408 1724 3455 sunt
1750 3414 1899 3455 com-

1136 3471 1414 3538 mendata,
1467 3471 1520 3526 id
1543 3478 1647 3537 est,
1679 3486 1800 3540 quae
1825 3471 1899 3527 ad

1135 3543 1516 3599 rectitudinem
1558 3549 1759 3597 nostrae
1798 3557 1896 3596 ve-

1135 3625 1370 3683 straeque
1391 3612 1707 3668 orthodoxae
1745 3610 1888 3683 ﬁdei,

1136 3700 1169 3739 a
1201 3693 1256 3739 te
1282 3682 1530 3750 traditae,
1573 3682 1893 3750 respiciunt,

1134 3767 1475 3808 conservare.

1208 3821 1518 3893 Sanctaque
1537 3830 1662 3878 octo
1676 3822 1896 3878 univer-

1133 3894 1269 3950 salia
1299 3892 1559 3960 ConCilia,
1578 3894 1634 3949 id
1658 3903 1762 3961 est,
1794 3893 1891 3948 Ni-

375 4052 402 4098 ὰ
445 4053 835 4114 Universalibus
865 4053 1134 4110 Conciliis.
1164 4056 1413 4126 'Adverte
1440 4054 1687 4111 ordinem
1709 4061 1886 4126 ‘regu-

298 4127 479 4184 larum
518 4128 645 4184 ﬁdei
678 4143 710 4182 a
749 4126 977 4184 summis
1004 4125 1362 4183 Pontiﬁcibus
1399 4141 1586 4182 coram
1638 4125 1882 4182 Ecclesia

300 4199 686 4256 constitutum.

380 4269 407 4310 ι)
424 4269 578 4342 νΙῑειη
600 4285 961 4342 quaecumque,
991 4275 1096 4326 etc.
1119 4267 1347 4325 Videtur
1365 4268 1646 4338 probatior
1667 4267 1893 4323 alterius

302 4339 494 4413 lectio,
517 4342 573 4398 id
598 4339 702 4407 est,
733 4339 871 4413 quae,
896 4348 1003 4413 etc.

383 4424 403 4452 ε
448 4409 646 4467 Sancta
685 4407 905 4484 quoque
927 4409 1185 4484 concilia.
1223 4407 1780 4484 GregoriusnMagnus
1805 4423 1894 4465 re-

303 4484 441 4565 gens
471 4480 771 4565 ordinatus,
802 4480 1066 4565 epistola
1094 4480 1356 4565 synodica
1396 4480 1619 4565 adalios
1665 4491 1897 4565 quatuor

1140 3258 1479 3321 Pontiﬁcum,
1497 3253 1901 3329 probatissimo-
1926 3253 1971 3317 C

2898 3252 3249 3325 Disciplinam
3292 3261 3348 3308 et
3394 3253 3581 3325 ritum,

2830 3325 2970 3381 sicut
2999 3324 3304 3380 invenimus
3323 3340 3352 3378 a
3379 3324 3585 3381 sanctis

2829 3396 3322 3468 praedecessoribus
3345 3397 3481 3452 meis
3494 3410 3586 3468 ca-

2829 3465 3020 3523 nonice
3035 3467 3312 3534 traditum,
3329 3465 3586 3536 quamdiu

2830 3539 2941 3593 vita
2962 3539 3017 3592 in
3057 3537 3173 3592 istis
3195 3551 3378 3593 comes
3397 3537 3585 3604 fuerit,

2829 3608 3040 3663 illibate
3069 3608 3364 3662 custodire.

2901 3677 2969 3732 Et
2994 3677 3344 3732 indiminutas
3363 3691 3453 3733 res
3485 3677 3589 3732 Ec-

2829 3747 3010 3804 clesiae
3030 3761 3376 3815 conservare,
3410 3761 3589 3819 neque

2829 3819 3086 3885 alienare,
3137 3834 3234 3874 seu
3257 3820 3311 3875 in
3341 3819 3582 3884 feudum,

2826 3905 3071 3957 censum,
3101 3889 3190 3954 vel
3229 3891 3588 3963 emphytheu-

2081 3257 2486 3328 {Disciplinam
2511 3267 2566 3313 et
2587 3257 2755 3312 ritum

2002 3327 2289 3394 Ecclesiae,
2307 3329 2456 3384 sicut
2472 3329 2677 3393 inveni,
2700 3336 2756 3382 et

2002 3414 2034 3454 a
2083 3400 2287 3456 sanctis
2334 3399 2754 3470 praecessoribus

2001 3470 2134 3526 meis
2165 3469 2420 3525 traditum
2453 3471 2651 3541 reperi,
2679 3469 2759 3524 in-

1999 3541 2225 3598 libatum
2247 3542 2539 3597 custodire.

2017 3699 2021 3702 '
2071 3682 2140 3736 Et
2166 3681 2518 3737 indiminutas
2545 3695 2635 3734 res
2660 3680 2759 3734 Ec-

2003 3751 2186 3807 clesia:
2221 3765 2565 3815 conservare,
2611 3758 2668 3804 et
2697 3756 2758 3803 ut

2002 3822 2340 3878 indiminutae
2353 3822 2752 3887 custodiantur,

1999 3908 2222 3963 operam
2239 3893 2391 3949 dare.

1995 4056 2080 4114 bri
2111 4073 2126 4113 :
2154 4057 2320 4116 Sexto
2345 4057 2587 4114 Concilio
2624 4060 2812 4117 datum
2854 4061 3070 4119 initium
3107 4055 3198 4112 die
3232 4053 3300 4108 10
3348 4053 3587 4111 Novem-

1994 4128 2273 4256 brisasnsni
2311 4130 2436 4185 680.
2467 4129 2621 4188 Finis
2647 4132 2934 4204 impositus
2989 4134 3077 4188 die
3134 4127 3200 4182 l6
3245 4123 3586 4196 Septembris

2033 4217 2124 4256 nm
2266 4241 2280 4255 .

1996 4214 2124 4256 anni
2157 4214 2280 4256 681.

2075 4274 2100 4312 8
2139 4270 2485 4326 Constantino
2506 4274 2608 4342 pia:
2627 4275 2914 4339 memoriw,
2949 4281 3055 4328 etc.
3087 4269 3244 4342 Edita
3275 4267 3588 4342 igiturpro-

1998 4339 2165 4414 [essio
2192 4349 2277 4396 est
2307 4342 2375 4396 ab
2411 4338 2624 4414 Ele'cto,
2670 4353 2795 4414 post
2820 4338 3133 4414 defunctnm
3169 4338 3584 4414 Constantinum

2000 4411 2359 4482 Pogonatum,
2410 4412 2535 4484 hoc,
2561 4407 2690 4480 eSt,’
2713 4422 2836 4484 post
2865 4414 2992 4469 anni
3023 4411 3126 4467 685
3167 4424 3410 4484 mensem
3455 4407 3589 4480 Sep-

1999 4481 2286 4549 tembrem,
2337 4493 2497 4554 atque
2524 4483 2598 4538 ita
2625 4481 2765 4540 vela
2803 4484 3045 4549 Conone,
3097 4481 3189 4552 qui
3209 4481 3420 4551 primus
3447 4489 3590 4554 post

304 4553 568 4644 Ecclesiae
591 4551 1157 4644 Patriartehasﬂdem
1184 4552 1315 4644 fere
1337 4551 1500 4608 habet
1520 4551 1895 4644 deruniversa-
1917 4583 1972 4644 Β
1999 4551 2651 4644 Constantinum'electus
2693 4566 2801 4644 est,
2843 4557 2928 4612 vel
2959 4571 2990 4611 a
3023 4551 3232 4625 Sergio,
3279 4560 3372 4607 aut
3417 4551 3588 4609 altero

306 4628 478 4752 :iblns.
514 4626 756 4697 quinque
799 4623 1056 4680 Conciliis
1109 4632 1236 4679 ante
1290 4638 1446 4679 suam
1495 4622 1892 4681 ordinationem

325 4713 380 4752 ia
422 4707 532 4752 Itis.

305 4698 532 4754 habitis.

379 4768 407 4808 ἀ
450 4767 605 4834 Quod
624 4767 876 4839 quamdiu
895 4767 952 4820 in
972 4766 1072 4820 hac
1096 4765 1287 4839 misere
1307 4766 1434 4839 vita.
1462 4764 1760 4821 Promissio
1784 4775 1895 4820 tam

305 4852 570 4909 expressa
607 4836 672 4894 de
712 4838 956 4909 Ecclesia
1003 4852 1110 4892 non
1147 4836 1490 4902 dimittenda,
1539 4851 1896 4909 quaecumque

309 4907 531 4965 tandem
549 4924 714 4964 causa
742 4908 1003 4973 extiterit,
1045 4915 1101 4962 et
1125 4915 1594 4976 quantuscumque
1621 4907 1897 4976 injiciatur

307 4991 512 5046 metus,
561 4980 813 5051 pertineg,
861 4986 923 5051 ut
946 4976 1293 5051 manifestum
1313 4980 1540 5051 est,i_ad
1566 4993 1630 5051 e_a
1653 4986 1898 5051 tempgra

309 5053 510 5123 quibus
546 5048 740 5106 summi
772 5048 1067 5123 Pontiﬁces
1096 5065 1125 5103 a
1148 5048 1548 5123 potentioribus
1589 5048 1756 5104 Italiae
1792 5049 1898 5120 Ty-

311 5121 501 5179 rannis
522 5130 578 5177 et
607 5121 1024 5177 intrudebantur
1050 5128 1107 5174 et
1131 5121 1575 5177 extrudebantur.

390 5205 414 5233 ε
443 5192 621 5264 Usque
653 5190 912 5264 adunum
950 5193 1168 5264 apicem.
1207 5191 1406 5264 omnes
1450 5191 1616 5264 igitur
1648 5190 1898 5264 Canones

307 5261 764 5336 quiniaa'Synodi,
813 5261 992 5336 atque
1021 5263 1156 5336 adeo
1179 5261 1544 5336 undecimum,
1595 5262 1689 5334 qui
1713 5261 1901 5336 adver-

307 5332 406 5391 sus
429 5332 759 5390 Theodoreti
782 5332 983 5404 scripta
1013 5334 1190 5389 editus
1219 5341 1320 5398 est,
1350 5332 1661 5401 Pontiﬁces,
1716 5333 1898 5404 prius-

310 5421 481 5488 quam
512 5406 853 5488 ordinentur,
881 5403 942 5459 se
961 5412 1382 5488 conservaturos.
1396 5406 1516 5488 sine
1527 5405 1656 5488 nlla
1683 5403 1901 5488 mutila-

313 5475 464 5533 tione
501 5476 840 5547 spondebant
871 5493 884 5530 :
910 5489 1027 5547 qua_
1064 5475 1479 5547 rationeiigitur
1527 5476 1902 5533 Theodoretus

312 5563 492 5620 purus
501 5543 732 5620 _érroris_
754 5543 976 5620 semper
1001 5543 1629 5620 fuisseprobarigqueat?

397 5618 416 5658 ί
463 5617 670 5690 Nuper.
712 5615 772 5672 ld
800 5615 902 5690 est,
941 5615 1088 5687 quod
1133 5615 1384 5690 ultimum
1407 5615 1670 5690 habitum,
1697 5625 1751 5674 et
1781 5618 1902 5690 qui-

315 5689 442 5745 dem
475 5685 601 5744 ante
623 5703 793 5744 annos
815 5685 1078 5760 quinque,
1117 5685 1163 5740 si
1183 5687 1344 5760 modo
1371 5689 1487 5743 haec
1513 5689 1778 5760 professio
1799 5685 1902 5746 Co-

315 5761 481 5816 nonis
509 5761 582 5815 sit
611 5774 777 5815 :nam
819 5756 1103 5815 ordinatus
1145 5764 1232 5814 est
1256 5756 1442 5814 Conon
1471 5756 1614 5816 anno
1652 5760 1778 5826 686,
1816 5762 1903 5816 die

317 5830 393 5886 ‘20
447 5830 699 5897 Octobris
733 5849 748 5887 :
793 5828 1179 5887 Constantinus
1229 5827 1556 5897 Pogonatus,
1599 5831 1752 5897 cujus
1811 5833 1904 5888 de-

319 5901 499 5973 functi
537 5902 744 5964 mentio
791 5901 871 5970 ﬁt,
917 5901 1052 5958 obiit
1096 5915 1227 5956 ann.
1269 5899 1395 5959 685.
1439 5915 1624 5962 mense
1657 5899 1903 5976 Septem-

809 5966 1088 6066 Ρληοι..
1137 5993 1274 6072 CV,

1909 6049 1916 6059 ν

312 6066 372 6087 κΑ
407 6081 490 6092 ,ρκ’
1259 6066 1274 6072 ⁷”
1517 6070 1572 6088 ...⁷
1619 6081 1638 6087 ε.
1749 6081 1753 6085 .
1793 6079 1804 6088 α
1828 6072 1864 6084 ἰ
1888 6069 1920 6082 ν

1997 4642 2105 4683 non
2135 4627 2293 4699 longe
2322 4635 2445 4696 post
2474 4635 2860 4699 consequente.

2067 4699 2094 4738 δ
2136 4695 2356 4769 Decreto
2378 4695 2841 4769 prwdecessorum.
2877 4697 2954 4754 De
2980 4696 3086 4753 ﬁde
3113 4695 3323 4751 scilicet
3366 4708 3583 4769 ac__mo-

1997 4769 2170 4836 ribus,
2219 4776 2282 4823 ut
2310 4765 2424 4838 ipse
2455 4776 2740 4823 contextus
2771 4769 2958 4835 docet;
3005 4783 3131 4823 nam
3153 4782 3273 4837 quae
3322 4765 3392 4820 ad
3419 4765 3586 4838 disci-

1997 4835 2200 4924 plinam
2220 4835 2512 4924 pertinent,
2539 4848 2600 4924 ut
2621 4839 2724 4894 alia
2743 4839 2862 4896 aliis
2874 4835 3210 4911 temporibus
3232 4835 3583 4905 conveniunt,

2000 4911 2078 4967 ita
2112 4911 2342 4966 subinde
2363 4917 2661 4965 mutantur.

2078 4984 2094 5024 ί
2118 5053 2127 5054 ί
2137 4981 2484 5054 Disciplinam
2507 4990 2554 5035 et
2583 4982 2744 5054 ritum
2771 4980 3044 5037 Ecclesiae.
3094 4979 3339 5054 Utroque
3366 4975 3588 5054 nomine

2002 5046 2323 5124 intelligitur
2363 5052 2505 5124 ratio
2547 5052 2873 5108 universalis
2923 5066 3224 5124 sacrorum,
3249 5046 3334 5105 'de
3375 5061 3480 5124 qua
3523 5046 3585 5124 _i_n

2002 5115 2351 5252 segueﬁtébus
2375 5121 2826 5194 professionibus,
2865 5140 2972 5180 non
2992 5124 3123 5181 item
3146 5115 3324 5177 forma
3343 5115 3583 5183 vivendi,

2002 5209 2054 5252 tu
2097 5211 2216 5250 ican
2259 5211 2295 5252 ι.
2334 5205 2440 5250 etc.
3193 5227 3196 5230 .

2024 5205 2295 5260 udicandi,
2334 5205 2440 5250 etc.
3193 5227 3196 5230 -
3350 5256 3378 5260 _
3416 5257 3428 5260 _
3467 5257 3480 5260 Α
3665 5247 3667 5249 ,

1996 5209 2295 5264 Jutncanui,
2334 5209 2440 5250 etc.
3193 5227 3196 5230 -

2078 5265 2091 5317 i
2145 5265 2398 5320 Octavum
2424 5282 2626 5338 quoque
2648 5264 3317 5338 (Ζυηειαηιίηορριὶτιιηψηἱ
3338 5256 3587 5315 Celebra-

2004 5345 2118 5393 tum
2149 5345 2234 5392 est
2269 5331 2592 5403 anno'86'9,
2651 5339 2872 5394 sedente
2912 5331 3152 5393 Adriano
3195 5331 3258 5398 ll,
3302 5331 3370 5403 ini
3421 5344 3587 5403 causa

2003 5408 2195 5480 lgnatii
2220 5416 2274 5464 et
2299 5407 2499 5480 Ifhotii.
2534 5400 2667 5465 Vide
2693 5409 2982 5480 Baronium
3035 5405 3103 5480 ad
3130 5418 3331 5480 annum
3351 5400 3464 5473 jam
3497 5401 3584 5456 di-

2006 5471 2172 5544 ctum,
2233 5488 2289 5535 et
2317 5478 2587 5535 Raderum
2613 5480 2665 5533 in
2696 5481 2837 5534 notis
2863 5479 2931 5532 ad
2958 5473 3101 5530 istud
3125 5471 3429 5530 Concilium
3465 5491 3478 5528 :
3513 5487 3584 5528 ex

2005 5551 2204 5624 quibus
2222 5552 2419 5624 disces,
2460 5565 2636 5624 quam
2679 5563 2900 5624 necesse
2921 5545 3088 5624 fuerit
3127 5544 3588 5624 consequentibus

2008 5614 2360 5694 temporibus,
2406 5614 2727 5694 ad'laudem
2753 5618 3108 5694 orthodoxize,
3154 5614 3399 5694 octavam
3444 5614 3587 5694 hanc

2007 5681 2397 5776 (ecu'rnenicam
2439 5691 2714 5776 Synodnm
2750 5689 3003 5776 ireeiper‘e
3018 5681 3589 5776 'zmcumeniearnudi-

2008 5782 2072 5823 co
2107 5785 2120 5822 :
2154 5765 2374 5823 fuerunt
2415 5757 2561 5819 enim
2593 5761 2712 5815 aliae
2733 5760 2850 5817 dua:
2875 5757 2912 5816 a
2944 5759 3320 5819 Schismaticis
3363 5757 3586 5822 habitae,

2008 5854 2128 5912 quae
2153 5853 2351 5898 nomen
2375 5841 2577 5893 octavae
2625 5831 2826 5907 Synodi
2851 5832 3107 5892 ementiri
3131 5838 3337 5888 conata:
3367 5833 3514 5883 sunt.

3106 5986 3148 6046 2

1981 6057 2016 6087 ..ό
