4062 6436
257 503 330 569 ιδ
1251 505 1691 569 ROMANORUM
1723 507 2164 572 PONTIFICUII.
2185 543 2256 556 —
2280 514 2433 573 CAP.
2459 513 2526 574 II.
2995 513 3000 517 “
3442 519 3516 584 ιο
3623 573 3631 581 .

325 615 654 689 Apostolicat
679 607 823 676 sedis
857 611 1115 683 ofﬁcium,
1173 621 1528 690 dilectissimi,
1569 625 1640 680 ad
1665 625 1831 694 quod,
1859 627 1914 690 Α
1937 626 2234 694 destruere,
2265 637 2324 684 et
2348 630 2634 686 veritatem
2657 639 3032 704 oppugnantes
3063 641 3294 704 mentes,
3323 651 3516 696 eorum

258 722 492 779 superna
537 707 643 778 33
695 707 868 778 gratia
899 709 974 764 ita
1010 710 1327 780 providente
1372 727 1439 768 ac
1480 713 1834 785 snﬁ‘ragante,

257 801 626 872 pervenimus,
665 814 788 854 cum
820 807 969 857 tanto
988 803 1169 860 cordis
1203 813 1422 875 stupore
1443 821 1506 862 ac
1533 807 1837 863 humilitate
1903 816 1907 819 '

257 905 358 947 nos
377 891 646 959 suscipere
669 891 867 948 debere
883 895 1290 964 perpendimus,
1333 907 1599 967 quantum
1617 899 1690 952 ad
1717 899 1838 969 ejus

258 995 538 1036 accessum
559 989 802 1037 nostram
829 984 1179 1054 pusillitatem
1213 987 1715 1060 incomparabiliter
1739 991 1839 1044 im-

259 1087 451 1143 parem
475 1088 596 1128 esse
641 1076 1022 1146 cognoscimus
1057 1095 1072 1130 :
1103 1077 1230 1148 quia
1270 1095 1446 1149 neque
1491 1097 1592 1151 pro
1626 1082 1838 1138 mritis

256 1167 686 1237 praecedentibus
716 1167 820 1224 hoc
853 1169 1008 1226 nobis
1070 1169 1326 1228 collatum
1351 1172 1699 1238 advertimus,
1741 1188 1840 1229 ne-

256 1271 362 1328 que
395 1265 616 1328 propter
634 1258 914 1314 solertiam
935 1261 1274 1330 gubernandi
1294 1263 1645 1320 commissum
1669 1264 1836 1320 fuisse

253 1350 642 1420 permittimus.
684 1349 793 1405 Sed
835 1350 1240 1408 clementissimi
1270 1354 1365 1410 Dei
1406 1355 1579 1412 nostri
1622 1357 1837 1413 miseri-

254 1440 493 1496 corditer
531 1441 785 1497 inclinata
808 1441 1114 1499 sublimitas
1141 1444 1246 1500 hoc
1279 1443 1398 1502 ﬁeri
1429 1446 1628 1502 vestris
1677 1449 1836 1503 obse-

252 1533 584 1588 crationibus
603 1534 815 1598 annuit,
855 1542 910 1590 et
942 1535 1255 1606 eligentium
1281 1551 1381 1592 nos
1403 1543 1572 1606 atque
1595 1553 1826 1594 concur-

251 1622 489 1678 rentium
519 1625 871 1692 sententiam,
897 1633 1156 1697 tanquam
1176 1626 1370 1698 iugum
1409 1627 1510 1698 pia:
1535 1629 1694 1686 nobis
1726 1629 1837 1685 dis-

248 1715 608 1784 pensationis,
637 1717 930 1788 impressit.

316 1806 548 1874 Idcirco,
574 1811 866 1878 carissimi,
892 1813 1409 1883 pusulauimitatem,
1437 1831 1605 1887 quam
1649 1817 1704 1873 in
1731 1835 1835 1874 no-

247 1894 331 1954 bis
361 1900 629 1968 aspicitis,
655 1903 862 1960 crebris
885 1906 1222 1962 orationibus
1260 1906 1533 1976 adiuvate,
1556 1924 1656 1979 pro
1675 1913 1834 1968 nobis

1937 726 1994 774 et
2024 719 2277 789 praesidio
2304 729 2360 776 et
2383 722 2678 779 autoritate
2703 733 3068 794 prosternere.

2007 807 2211 862 Horum
2240 809 2621 867 traditionibus
2654 811 2813 882 juxta
2855 815 3211 884 capacitatem
3239 816 3517 884 instructi,

1937 898 2130 954 devota
2160 911 2341 956 mente
2371 902 2398 944 δ
2425 904 2573 957 omni
2598 903 2852 959 Ecclesiae
2881 906 3220 975 proﬁtemur,
3245 916 3301 964 et
3327 923 3515 966 coram

1937 989 2049 1045 Deo
2079 993 2536 1048 conscientiarum
2563 1003 2700 1050 teste
2735 994 3134 1062 satisfacimus,
3160 1012 3520 1071 quaecumque

1937 1083 2007 1138 ad
2031 1084 2380 1141 stabilitatem
2402 1086 2723 1143 Christiana:
2751 1089 3028 1160 religionis
3051 1098 3110 1145 et
3133 1091 3516 1148 rectitudinem

1937 1175 2230 1232 Catholicae
2252 1179 2377 1234 ﬁdei
2405 1189 2730 1252 congruunt,
2752 1183 2898 1253 quod
2926 1190 2980 1237 et
3007 1182 3248 1238 ﬁdelium
3271 1185 3337 1238 de
3362 1185 3521 1240 nobis

1936 1277 2187 1337 expectat
2223 1278 2460 1340 optatus,
2491 1280 2548 1326 et
2571 1283 2593 1314 ε
2619 1273 2812 1330 audire
2843 1274 3092 1347 designat
3125 1276 3377 1345 intuitus,
3419 1291 3522 1332 nos
3557 1325 3578 1342 ,

1936 1357 2200 1416 facturos.

2003 1450 2311 1524 Cognoscat
2337 1454 2521 1525 itaque
2565 1462 2748 1511 vestra
2790 1456 3030 1524 dilectio,
3051 1466 3110 1513 et
3155 1459 3366 1528 integra
3420 1472 3521 1513 nos

1937 1544 2314 1602 satisfactione
2353 1546 2675 1616 praedicare,
2704 1556 2910 1614 tenere,
2942 1564 3008 1603 ac
3048 1547 3360 1616 defendere,
3387 1564 3525 1621 prte-

1937 1635 2322 1708 dicaturosque
2342 1654 2462 1694 esse
2488 1640 2724 1695 conﬁdat
2755 1641 2917 1696 ﬁdem
2942 1639 3165 1707 Christi,
3188 1657 3352 1712 quam
3375 1641 3522 1712 Apo-

1937 1731 2061 1787 stoli
2101 1733 2473 1798 tradiderunt,
2500 1733 2880 1804 Apostolorum
2923 1735 3173 1805 discipuli
3202 1737 3521 1802 docuerunt,

1936 1836 2229 1892 eorumque
2245 1837 2588 1879 successores
2600 1824 2896 1894 Apostolici
2921 1825 3028 1894 35
3053 1826 3224 1882 nostri
3244 1841 3308 1880 ac
3327 1827 3527 1895 proba-

1936 1912 2128 1968 tissimi
2167 1914 2594 1983 prtedecessores
2629 1911 2661 1954 ἀ
2708 1914 3122 1970 immutabiliter
3172 1923 3530 1971 servaverunt

246 1993 389 2062 apud
420 1993 519 2048 Dei
544 1993 886 2051 clementiam
903 1997 1012 2070 34
1039 2014 1166 2054 cum
1182 1999 1397 2056 ﬂetibus
1414 2001 1750 2069 intercedite,
1772 2011 1834 2060 ut
1859 2009 1908 2070 Β
1934 2018 2000 2059 ac
2028 2005 2404 2059 defenderunt.

252 2084 636 2155 impotentiam
651 2103 772 2157 quae
791 2088 845 2142 in
859 2091 1132 2158 nobisest,
1149 2091 1243 2147 Dei
1259 2093 1433 2149 nostri
1446 2095 1592 2150 omni
1597 2096 1838 2165 potentia

249 2179 492 2245 roboret,
521 2187 576 2234 et
595 2181 687 2250 qui
709 2196 900 2236 omnes
929 2181 1026 2236 ﬁlii
1057 2185 1138 2239 sui
1163 2187 1402 2255 pretioso
1449 2189 1713 2258 sanguine
1755 2189 1838 2244 di—

245 2277 445 2340 gnatus
471 2279 559 2327 est
584 2271 870 2338 redimere,
897 2272 1064 2328 etiam
1117 2282 1317 2334 nostrae
1360 2275 1674 2350 fragilitatis
1715 2278 1835 2334 olli-

244 2362 396 2418 cium
420 2362 666 2433 placatus
697 2363 949 2434 dignetur
976 2365 1241 2436 aspicere.

320 2452 524 2509 Verum
550 2452 655 2508 etsi
681 2453 945 2510 virtutum
966 2455 1176 2513 indoles
1197 2473 1544 2529 nequaquam
1585 2460 1642 2515 in
1676 2461 1837 2517 nobis

245 2552 368 2611 est,
392 2544 729 2616 Evangelica:
755 2554 938 2602 tamen
965 2555 1132 2618 atque
1170 2548 1497 2620 Apostolicae
1532 2553 1658 2609 ﬁdei
1692 2553 1840 2610 salu-

245 2635 390 2691 taris
415 2635 694 2708 integritas
717 2637 944 2696 inlibata
981 2647 1146 2710 atque
1189 2643 1455 2711 perfecta,
1478 2643 1696 2700 Christo
1741 2660 1840 2700 an-

246 2739 475 2796 nuente,
501 2739 558 2787 et
599 2746 747 2788 nunc
791 2732 849 2789 in
895 2733 1053 2790 nobis
1081 2742 1188 2801 est,
1215 2742 1272 2793 et
1313 2735 1508 2793 eadem
1537 2736 1648 2794 ﬁne
1679 2745 1837 2794 tenus

245 2830 612 2905 permanebit.

318 2927 660 2998 Quamquam
695 2941 827 2998 ergo
862 2925 1060 2982 merita
1097 2925 1424 2983 Pontiﬁcum
1473 2928 1836 2998 praedecesso-

244 3031 392 3084 rum,
423 3032 524 3075 nec
543 3017 746 3074 imitari
775 3031 1086 3088 possumus,
1113 3033 1216 3074 nec
1255 3018 1524 3090 condigne
1565 3034 1832 3090 pensare;

245 3109 440 3166 horum
469 3118 649 3170 tamen
675 3108 949 3180 spiritales
967 3109 1187 3182 regulas
1207 3111 1521 3166 medullitus
1541 3127 1837 3169 conserva-

246 3216 390 3266 mus,
413 3209 470 3256 et
495 3201 794 3257 salutiferis
819 3211 1136 3258 sanctorum
1175 3201 1399 3260 Patrum
1439 3202 1701 3260 doctrinis
1746 3204 1835 3259 in-

245 3293 491 3358 nitimur,
523 3293 718 3363 hisque
745 3302 1004 3365 tanquam
1039 3294 1444 3368 inexpugnabili
1490 3310 1648 3351 muro
1687 3310 1834 3368 prte-

2007 2095 2222 2150 Etenim
2249 2095 2412 2165 hujus
2441 2095 2765 2164 Apostolicm
2799 2096 3109 2152 traditionis
3145 2111 3395 2154 normam
3436 2097 3520 2154 in-

1936 2185 2260 2242 violabiliter
2288 2187 2672 2254 cnstodiemus,
2699 2203 2865 2258 quam
2891 2187 3259 2244 venerandum
3299 2198 3518 2246 sancto-

1939 2291 2060 2330 rum
2089 2284 2458 2332 trecentorum
2483 2277 2671 2336 decem
2698 2287 2753 2332 et
2773 2286 2900 2333 octo
2927 2278 3152 2334 Patrum
3195 2279 3521 2348 Concilium,

1934 2367 2081 2436 quod
2109 2367 2165 2420 in
2205 2366 2406 2433 Nicaea,
2435 2367 2536 2422 sub
2583 2383 2780 2439 magno
2829 2367 3082 2440 Principe
3133 2368 3524 2438 Constantino,

1937 2459 2210 2524 convenit,
2233 2460 2328 2515 Dei
2360 2461 2530 2532 gratia
2553 2461 2854 2525 revelante,
2879 2461 3086 2531 redegit
3111 2461 3165 2516 in
3189 2461 3525 2534 Symbolum,

1938 2560 1994 2607 et
2023 2553 2541 2608 consubstantialem
2567 2553 2717 2608 Patri
2740 2553 2938 2608 Filium
2963 2555 3296 2623 praedicavit,
3319 2563 3376 2610 et
3398 2555 3531 2612 Ver-

1937 2640 2067 2698 bum
2088 2643 2184 2698 Dei
2205 2644 2374 2699 Deum
2400 2659 2590 2699 verum
2614 2660 2736 2700 esse
2765 2645 3098 2700 conﬁrmans
3123 2646 3408 2701 Dominum
3433 2662 3532 2703 no-

1938 2740 2112 2788 strum
2163 2733 2346 2789 Jesum
2392 2734 2702 2801 Christum,
2736 2736 2926 2790 Arium
2969 2737 3225 2792 deitatem
3274 2737 3530 2808 blasphe-

1937 2834 2200 2892 mantem,
2227 2842 2351 2882 cum
2372 2827 2486 2884 suis
2512 2829 2862 2885 consortibus
2885 2830 3116 2901 expulit,
3147 2839 3202 2885 et
3228 2837 3288 2885 ut
3330 2831 3531 2887 diaboli

1936 2917 2221 2973 ministros
2253 2926 2459 2974 externo
2485 2921 2835 2977 anathemate
2856 2924 3260 2978 condemnavit.

2007 3005 2216 3061 Dehinc
2263 3009 2558 3064 secundum
2594 3008 3255 3083 Constantinopolitanum
3301 3012 3528 3084 adaeque

1937 3107 2209 3167 sanctum,
2233 3109 2449 3157 centum
2479 3117 2695 3174 quoque
2713 3105 3106 3178 quinquaginta
3130 3105 3374 3176 Patrum,
3392 3125 3522 3164 con-

1938 3195 2144 3261 cilium,
2169 3196 2271 3252 sub
2312 3195 2616 3267 lmperialis
2659 3199 2936 3254 memoriae
2963 3198 3170 3270 majore
3201 3199 3526 3271 Theodosio,

1938 3287 1995 3343 in
2015 3288 2238 3360 Regiam
2263 3289 2451 3344 urbem
2471 3304 2825 3359 concurrens,
2845 3303 2869 3332 ο
2893 3292 3038 3362 quod
3059 3291 3318 3364 Symbolo
3337 3294 3528 3351 deesse

243 3383 434 3451 cincti,
463 3396 494 3428 ι
547 3384 893 3454 conﬁdimus,
919 3397 1118 3445 αωαα
1161 3388 1504 3446 jﬁmioomm
1542 3387 1670 3448 ﬁdei
1723 3389 1832 3446 tela
1859 3369 1906 3437 C
1932 3381 2247 3453 putabatur,
2281 3380 2552 3451 exposuit,
2578 3390 2636 3437 et
2661 3383 2839 3454 gratia
2886 3381 3122 3454 Spiritus
3162 3386 3336 3442 sancti
3381 3387 3524 3443 inlu-

244 3579 530 3638 constituti
551 3590 677 3638 sunt
705 3582 760 3638 in
789 3583 917 3639 sede
934 3583 1245 3646 Apostoiica
1273 3582 1570 3642 Pontiﬁces
1609 3584 1832 3640 omnino

241 3663 476 3724 septem,
507 3650 713 3724 Conon,
739 3651 964 3724 Sergius
985 3650 1026 3717 Ι,
1059 3655 1303 3724 ιοωηεσ
1333 3655 1422 3717 Vl,
1451 3653 1688 3724 Joannes
1715 3654 1830 3720 Vll,

244 3720 548 3784 Sisinnius,
563 3720 969 3794 Constantinus,
984 3734 1040 3778 et
1059 3723 1355 3794 Gregorius
1375 3724 1438 3778 ll.
1468 3723 1686 3794 Primus
1708 3726 1834 3794 cha-

241 3801 436 3848 racter
467 3791 847 3864 ostendit,uni
877 3794 946 3850 de
981 3791 1195 3864 septeni
1231 3792 1586 3864 Pontificibus
1625 3793 1834 3863 profes-

244 3864 457 3918 sionem
490 3861 831 3918 tribuendam
858 3877 978 3918 esse
1015 3861 1187 3918 {eam
1220 3865 1490 3918 secundus
1528 3861 1732 3920 Cononi
1777 3873 1835 3920 et

246 3931 442 4004 Sergio
461 3930 753 4004 abjudicat,
776 3947 1007 4001 quorum
1037 3934 1304 4001 siquidem
1315 3934 1643 3988 electionem
1671 3943 1829 3991 atrox

243 4003 482 4059 schiSma
503 4003 784 4074 praecessit
815 4019 829 4058 :
863 4004 1188 4074 tertiusnon
1227 4004 1664 4074 improbabiliter
1691 4005 1828 4060 Gre-

277 4074 456 4129 orium
484 4073 530 4127 ll
566 4072 697 4128 facit
722 4084 1023 4129 auctorem.
1062 4073 1220 4138 Nam,
1249 4072 1322 4130 et'
1335 4082 1458 4144 post
1486 4074 1828 4132 Constantini

282 4144 504 4213 ogonati
535 4152 763 4200 mortem
789 4161 918 4202 ann.
951 4144 1072 4208 714,
1105 4154 1161 4200 ει
1189 4146 1636 4202 convenientibus
1661 4149 1825 4213 votis,

244 4216 528 4286 ordinatus
566 4225 670 4282 est,
711 4225 768 4271 et
802 4216 1096 4286 singularis
1144 4216 1406 4273 doctrinae
1451 4216 1828 4286 facundiaque

243 4284 400 4358 laude
436 4303 551 4358 prae
571 4286 692 4342 aliis
717 4284 953 4358 quatuor
973 4287 1296 4343 celebratur.
1316 4288 1488 4358 iAdde
1523 4288 1668 4358 quod
1715 4284 1830 4358 epi-

243 4303 400 4341 taqu
475 4303 551 4342 rae
571 4303 692 4342 atus
717 4303 951 4358 quatuor
973 4303 1296 4343 ceteoratur.
1336 4303 1488 4343 suae
1523 4303 1668 4357 quoa
1715 4304 1830 4358 ept-

243 4356 398 4411 stohe
422 4303 689 4428 gregorii,
713 4357 1018 4428 praesertim
1050 4372 1169 4427 qua:
1203 4359 1270 4413 ad
1311 4357 1551 4414 Leonem
1590 4357 1831 4428 Impera-

246 4436 420 4500 torem
457 4429 708 4499 scriptae,
733 4430 984 4500 proprias
1033 4429 1298 4500 quasdam
1342 4443 1525 4491 voces,
1567 4444 1689 4499 qua:
1737 4430 1829 4485 hic

243 4499 625 4624 Emptum
649 4499 1007 4570 eutndemque
1043 4499 1242 4572 stylum
1273 4507 1328 4556 et
1373 4500 1531 4572 quasi
1574 4500 1828 4570 spiritum

313 4637 492 4696 liabet
519 4641 635 4697 hac
670 4656 836 4712 porro
872 4644 1107 4698 formula
1151 4650 1338 4712 partes
1367 4641 1542 4698 duas:
1571 4649 1821 4712 atteram,

1933 3575 2219 3647 utilitatem
2264 3583 2504 3630 nostram
2525 3615 2541 3642 ,
2567 3575 2874 3647 Imperator
2893 3619 2907 3643 ,
2937 3587 2993 3634 et
3037 3591 3210 3634 cessa.
3263 3581 3522 3639 Sanctam

1935 3645 2106 3721 ﬁdem
2128 3658 2378 3715 sequere,
2404 3653 2568 3721 prout
2594 3645 2851 3704 invenisti
2882 3658 3046 3721 atque
3085 3652 3363 3721 accepisti.
3399 3652 3518 3708 Non

1935 3724 2063 3794 sunt
2086 3715 2478 3794 Imperatorum
2518 3716 2768 3794 dogmata
2788 3720 2927 3794 ,_sed
2956 3715 3343 3794 Pontiﬁcum;
3382 3739 3521 3794 quo-

1934 3787 2079 3841 niam
2127 3784 2324 3840 Chn‘stt
2355 3802 2564 3841 sensum
2596 3784 2698 3843 uos
2733 3789 3002 3845 habmus.
3049 3790 3170 3846 Alia
3213 3784 3522 3850 εειἘεέΙε-

1933 3857 2278 3931 siasticarum
2306 3857 2757 3915 constitutionum
2781 3861 3072 3931 institutio,
3096 3873 3151 3918 et
3171 3864 3310 3920 alius
3326 3879 3543 3924 sensus-

1931 3928 2290 3993 secularium,
2322 3935 2428 3984 etc.
2459 3949 2482 3982 ι

2003 3999 2031 4074 ἓ
2073 3999 2230 4055 Omni
2256 3999 2542 4074 Δᾲεςιςεεὶᾳς.
2597 4001 2849 4074 Pelagius
2892 4004 2933 4069 l,
2981 4021 3108 4060 cum
3159 4021 3312 4064 suam
3357 4007 3520 4064 ﬁdem

1928 4071 2093 4146 vellet
2121 4070 2271 4146 omni
2292 4071 2554 4146 Ecclesia:
2580 4070 2832 4146 probare,
2865 4075 3083 4146 scripsit
3109 4077 3180 4130 ad
3213 4078 3518 4133 universum

1927 4143 2182 4216 populum
2205 4141 2304 4216 Dei
2330 4141 2614 4212 epistolam
2645 4144 2736 4200 isti
2753 4185 2768 4210 ,
2793 4161 2954 4216 quem
2975 4141 3229 4213 'edimus,
3277 4149 3520 4203 sermoni

1930 4212 2039 4266 nun
2069 4212 2472 4278 absimilem,ut
2497 4231 2568 4268 ex
2590 4223 2778 4270 mutua
2809 4212 3044 4270 duorum
3073 4212 3363 4274 collatione
3389 4231 3524 4272 con-

1933 4289 2081 4337 stare
2101 4289 2301 4350 potest.

2006 4362 2030 4394 c
2069 4352 2268 4427 Audire
2309 4351 2546 4427 designat
2588 4354 2829 4427 intuitus.
2881 4353 3008 4427 inde
3053 4364 3270 4412 constat
3317 4356 3525 4427 profes-

1934 4423 2146 4500 sionem
2172 4421 2486 4500 ha_nc_ﬁdei,
2519 4425 2623 4478 etsi
2653 4426 2904 4500 videatur
2927 4425 3126 4482 habere
3155 4421 3388 4500 formam
3409 4429 3521 4500 epi-

1932 4493 2102 4568 stolae,
2131 4494 2195 4568 in_
2217 4493 2462 4568 Ecclesia
2495 4502 2681 4568 tamen
2715 4496 2916 4552 dictam
2957 4515 2970 4550 :
3003 4512 3178 4568 neque
3219 4499 3365 4553 enim
3399 4493 3517 4556 haec

1933 4567 2098 4620 verba
2131 4564 2199 4619 ad
2231 4564 2368 4637 alios
2401 4565 2680 4636 pertinere
2705 4575 2953 4636 possunt,
2985 4564 3149 4637 quam
3199 4570 3475 4627 auditores
3501 4611 3517 4637 ,

1931 4637 2022 4707 qui
2047 4636 2300 4705 praesenti
2323 4652 2479 4707 suum
2505 4644 2772 4693 testentur
2794 4647 2925 4692 nutu
2951 4636 3301 4696 desiderium.

244 4725 363 4779 quae
394 4711 618 4784 concio;
650 4706 896 4778 alteram,
919 4729 1042 4782 quae
1071 4706 1226 4784 ﬁdes.
1262 4713 1323 4768 ln
1348 4713 1529 4784 priore
1573 4706 1825 4769 Pontifex
1849 4716 1904 4776 D
1951 4706 1960 4707 ί
1997 4707 2026 4784 ξι
2067 4706 2625 4784 Ιηιηιιιιιξρὶιὶιειῖεθιρε
2645 4707 3053 4784 Observandum
3075 4719 3180 4775 est,
3205 4711 3260 4766 id
3284 4711 3510 4781 dictum,

247 4796 396 4856 suam
421 4781 623 4856 fatetur
653 4792 817 4856 tanta:
838 4781 1085 4856 dignitati
1115 4781 1377 4852 imparem
1398 4783 1676 4856 virtutem,
1699 4801 1826 4856 gra-

248 4853 348 4924 tias
375 4853 493 4924 agit
517 4853 630 4924 Deo
647 4869 714 4911 ac
735 4853 1082 4917 electoribus,
1107 4863 1164 4909 et
1193 4869 1252 4910 se
1284 4854 1536 4924 precibus
1583 4853 1822 4924 postulat

247 4921 510 4991 aﬁuvari,
541 4923 608 4986 ad
635 4925 968 4991 impiendum
995 4924 1250 4980 ofﬁcium.

319 4991 555 5066 Sanctus
578 4994 688 5050 Leo
709 4991 762 5049 in
791 4997 907 5065 ipso
934 5012 1044 5051 sua:
1070 5002 1458 5066 assumption.s
1487 4995 1574 5050 die
1609 5011 1821 5066 sermo-

249 5077 370 5118 nem
583 5064 834 5123 ooncioni
878 5066 1110 5126 similem
1153 5064 1302 5128 fecit,
1331 5067 1437 5121 Iu'si
1487 5065 1631 5136 quod
1661 5066 1822 5122 ﬁdem

247 5134 485 5208 samem
509 5151 620 5192 non
655 5138 881 5208 perinde
913 5138 1217 5208 subiunxit;
1254 5134 1660 5193 fortasse—tunc
1688 5152 1827 5208 non-

248 5204 373 5258 dum
399 5220 502 5262 usu
520 5204 796 5334 receptum
823 5218 940 5264 erat
972 5204 1198 5291 alteram
1223 5209 1617 5278 professionem
1635 5207 1822 5275 edere,

248 5290 406 5334 quam
447 5292 618 5334 uuma
684 5295 880 5334 cornus
905 5280 963 5334 S.
996 5280 1140 5334 Petri
1161 5279 1364 5334 ﬁebat:
1401 5279 1656 5334 fortasse.
1681 5281 1822 5334 ouod

247 5290 406 5350 quam
447 5292 568 5346 qua:
586 5279 656 5334 ad
684 5295 880 5350 corpus
905 5280 963 5336 S.
996 5280 1140 5336 Petri
1161 5279 1325 5336 ﬁebat
1351 5299 1364 5335 :
1401 5279 1656 5345 fortasse,
1681 5281 1824 5349 quod

250 5347 420 5415 magis
448 5364 598 5414 reor,
623 5350 756 5406 ﬁdes
779 5347 982 5407 omissa
1009 5350 1110 5406 fuit
1138 5368 1170 5406 a
1198 5351 1490 5408 collectore
1513 5347 1824 5407 sermonum

249 5413 469 5490 Leonis,
502 5413 790 5490 prepterea
817 5422 962 5489 quod
1007 5420 1181 5476 forma
1207 5423 1510 5478 communis
1531 5430 1653 5478 erat
1671 5461 1684 5486 ,
1707 5430 1765 5476 et
1791 5438 1824 5476 a

251 5483 859 5561 Symbolo'Ap'ostolicté
907 5491 1148 5546 Romano
1192 5509 1299 5548 non
1343 5493 1578 5549 diversa.
1624 5483 1825 5548 verum

250 5555 313 5611 de
347 5555 615 5631 Sermone
635 5561 694 5618 S.
726 5562 922 5618 Leonis
953 5563 1072 5617 vide
1094 5562 1441 5631 appendicem
1471 5572 1745 5619 notatum.

318 5640 346 5669 ι
384 5628 736 5700 Couﬁdimus,
760 5641 868 5691 etc.
899 5628 1234 5690 (biﬁdentia
1262 5632 1526 5700 ejusmodi
1571 5650 1680 5689 non
1721 5632 1826 5689 fuit

250 5700 600 5774 temeritatis,
628 5705 722 5760 sed
753 5704 960 5760 ﬁduciae
990 5705 1042 5760 in
1071 5704 1315 5768 Christo,
1339 5720 1444 5774 qua
1475 5705 1674 5760 factum
1718 5713 1820 5769 est,

250 5777 309 5838 ut
357 5769 541 5827 Leoni»
571 5773 756 5830 lsauro
805 5777 1068 5838 scriberet
1115 5776 1231 5832 telo
1281 5769 1533 5830 incensus
1561 5778 1827 5832 adversus

249 5836 698 5911 lconomachum,
723 5836 820 5902 cui
839 5863 959 5902 cum
990 5857 1205 5902 sanctos
1259 5847 1447 5902 Patres
1497 5864 1826 5902 commemo—

251 5921 426 5989 rasset
470 5917 719 5989 veritatis
763 5917 1039 5972 catholicae
1087 5927 1250 5974 testes
1271 5961 1286 5985 ,
1337 5919 1827 5989 cxprobrassetque

246 5987 533 6061 tantorum
557 5987 779 6054 testium
803 5997 1204 6070 contemptim,
1233 6010 1254 6046 ι
1287 5987 1425 6051 Διιῶ
1447 6031 1462 6060 ν
1491 5989 1686 6064 inqu“:
1722 5990 1894 6071 λιν-η

1929 4779 2108 4849 primo
2135 4786 2258 4853 post
2282 4777 2506 4832 Honorii
2537 4779 2770 4853 obitum,
2795 4778 2992 4853 deinde
3022 4780 3075 4835 in
3123 4797 3190 4836 eo
3237 4777 3511 4853 sermone,

1930 4847 2039 4930 quo
2060 4847 2324 4930 recipitur
2336 4858 2512 4930 sexta
2520 4847 2806 4930 .Synodus,
2834 4851 3067 4930 denique
3095 4867 3218 4930 cum
3235 4847 3514 4925 expressis

1930 4865 2036 4920 quo
2060 4865 2324 4973 recipitur
2351 4865 2806 4930 sextapynoaus,
2834 4865 3067 4932 denique
3095 4867 3218 4906 cum
3235 4865 3514 4925 expressis

1927 4922 2112 4976 verbis
2165 4920 2451 4992 Vonorius,
2482 4921 2683 4992 dicitur
2709 4939 2726 4972 ι
2764 4936 2946 4992 pravns
2994 4923 3373 4979 haereticorum
3427 4940 3516 4979 as—

1929 4991 2259 5066 sertipnib‘us
2292 4990 2590 5066 fomentum
2613 4990 2964 5066 impendisse.
2999 4992 3165 5066 {Non
3197 4995 3362 5066 igitur
3391 5003 3515 5066 tan-

1932 5070 2019 5136 tus
2045 5061 2295 5136 Pontifex
2312 5060 2475 5136 velut
2496 5060 2847 5136 Monothelita
2864 5103 2879 5128 ,
2897 5065 3042 5135 quod
3069 5060 3323 5136 imperite
3341 5079 3372 5116 a
3397 5064 3513 5132 qui-

1928 5133 2159 5205 busdam
2207 5131 2478 5205 occinitur
2501 5173 2517 5199 ,
2571 5133 2666 5205 sed
2721 5131 2978 5205 tanquam
3032 5131 3512 5205 Mon'othelitar’um

1929 5203 2113 5276 fautor
2134 5203 2555 5276 perstringitur:
2581 5204 2778 5272 fautor,
2807 5202 3052 5276 inquam,
3076 5221 3181 5260 non
3203 5212 3264 5257 ut
3291 5202 3384 5272 qui
3421 5206 3516 5259 ad-

1925 5274 2160 5346 iuverit;
2189 5275 2284 5348 sed
2312 5273 2493 5348 utqui
2527 5291 2633 5331 non
2665 5273 3116 5348 represserit,_ut_
3140 5282 3423 5348 pareret;
3459 5276 3514 5332 id

1928 5343 2032 5429 est,
2054 5362 2162 5431 no_n
2185 5345 2279 5431 qui
2309 5343 2844 5431 approbationefsed
2865 5347 2960 5417 qui
2986 5343 3422 5404 dissimulatione
3459 5356 3518 5404 et

1927 5417 2268 5488 imprudente
2297 5418 2599 5472 (economia
2623 5433 2753 5474 usus
2779 5419 2868 5473 sit.
3231 5488 3241 5500 ο
3280 5488 3293 5501 .

2005 5500 2029 5528 ο
2072 5487 2225 5554 Quod
2251 5485 2494 5557 Symbolo
2516 5488 2691 5543 deesse
2719 5486 3023 5558 putabatur.
3051 5483 3129 5540 De
3151 5483 3357 5557 Spiritu
3380 5503 3512 5544 san-

1927 5568 2016 5615 cto
2045 5560 2302 5614 dixerunt
2327 5558 2528 5612 Nicaeui
2554 5557 2744 5613 Patres
2774 5557 2828 5610 id
2855 5569 3039 5629 unum,
3074 5558 3204 5629 etin
3251 5559 3510 5629 Spiritum

1927 5640 2185 5686 sanctum.
2208 5629 2423 5698 Aliquid
2451 5630 2683 5698 amplius
2710 5627 3084 5698 exponendum
3114 5627 3215 5684 fuit
3247 5627 3514 5685 adversus

1929 5701 2299 5758 Macedoniam
2315 5697 2384 5754 iet
2411 5697 2774 5768 Apollinarem
2798 5711 2922 5752 cum
2947 5697 3261 5755 Macedonio
3281 5715 3516 5758 consen-

1928 5774 2170 5828 tientem.
2201 5771 2349 5826 Hanc
2377 5767 2549 5841 porro
2585 5767 2996 5841 expositionem,
3024 5771 3182 5841 quasi
3227 5771 3510 5827 innovatio

1927 5844 2068 5899 foret
2097 5844 2242 5906 ﬁdei,
2279 5839 2718 5912 atqueadditio,
2749 5848 2803 5895 et
2847 5857 2952 5896 non
2997 5839 3288 5912 explicatio
3335 5857 3507 5906 mera,

1928 5915 2396 5983 exprobraverunt
2439 5909 2630 5983 Ariani
2678 5909 3123 5983 Catholicis,_ut
3166 5919 3252 5966 est
3300 5913 3353 5966 iu
3399 5912 3508 5966 Jia-

1929 5981 2051 6062 lngo
2070 5982 2452 6062 ir'fheodo-reti
2485 5982 2744 6042 adversus
2765 5981 3232 6043 Macedonianum.
