4062 6482
481 513 555 596 ιτ
1851 522 2052 581 LIBER
2089 516 2395 579 manuus
2848 544 2850 548 τ
3671 515 3739 580 ts

481 661 712 720 sti-ante,
739 649 911 706 Deum
945 659 1067 703 esse
1106 643 1369 716 Spiritum
1411 650 1660 700 sanctum
1678 681 1694 708 ,
1718 638 1976 710 Patrique
2002 645 2058 692 et
2081 636 2137 699 Α
2160 650 2285 690 cum
2297 633 2459 688 beato
2473 628 2676 704 Cyrillo
2690 627 3070 685 Alexandrinae
3089 627 3347 687 Ecclesiae
3358 626 3466 704 37
3486 632 3740 709 Praesule,

479 748 647 812 Filio,
669 750 856 814 utpote
892 736 1403 796 consubstantialem
1422 776 1437 802 ,
1467 733 1866 791 coadorandum
1892 743 2058 784 anne-

479 839 561 894 xit
594 858 607 892 :
639 835 782 891 unde
816 829 1185 886 Macedonium
1221 827 1476 884 rebellem
1507 825 1741 895 Spiritus
1781 821 1977 886 sancti,
2005 828 2061 876 et

479 929 846 1001 Apollinarem
875 938 999 979 cum
1027 921 1140 976 suis
1168 920 1445 990 sacrilegis
1479 915 1849 987 complicibus,
1872 927 2062 984 perpe-

479 1021 556 1078 tui
586 1013 948 1074 anathematis
977 1025 1206 1068 censura
1236 1009 1547 1080 prostravit.

544 1112 652 1166 Per
675 1109 792 1163 haec
810 1105 919 1161 duo
948 1119 1102 1160 sacra
1125 1100 1365 1157 Concilia
1404 1113 1429 1140 ο
1462 1105 1707 1155 sanctam
1751 1105 1807 1152 et
1845 1097 2061 1165 insepa-

474 1202 637 1260 hilem
665 1197 1008 1262 Trinitatem,
1033 1209 1202 1249 unum
1240 1193 1430 1259 Deum,
1461 1206 1730 1261 unamque
1777 1189 2059 1245 Trinitatis

477 1289 837 1348 substantiam
857 1301 979 1342 esse
998 1284 1394 1356 cognoscimus,
1409 1282 1839 1350 Trinitatemque
1862 1279 1915 1334 in
1941 1277 2061 1332 uni-

477 1387 611 1446 tate,
636 1386 692 1434 et
715 1377 980 1434 unitatem
1007 1375 1062 1429 in
1095 1373 1360 1427 Trinitatc
1385 1371 1563 1442 palam
1587 1371 1886 1441 praedicare
1922 1367 2063 1422 didi-

478 1473 674 1537 cimus,
701 1479 760 1525 ut
799 1483 963 1523 unum
993 1465 1164 1520 Deum
1182 1505 1197 1531 ,
1227 1470 1452 1534 propter
1481 1463 1745 1516 unitatem
1774 1459 2056 1524 essentite,

477 1563 766 1625 fateamur,
787 1567 843 1614 et
874 1557 1196 1612 Trinitatem
1220 1553 1656 1624 inseparabilem,
1697 1553 1808 1623 36
1841 1559 2060 1621 pr0pter

478 1650 905 1711 substantiarum
925 1654 1086 1716 atque
1104 1659 1460 1715 personarum
1482 1639 2062 1704 diii‘erentiam,docea-

476 1760 629 1810 mus;
664 1744 789 1799 dum
822 1743 886 1797 de
913 1740 1074 1795 Patre
1102 1737 1272 1792 Filius
1299 1735 1631 1792 aeternaliter
1655 1734 1917 1798 nascitur,
1938 1730 2062 1802 Spi—

477 1849 566 1894 tus
584 1846 805 1893 sanctus
827 1837 891 1890 de
912 1835 1075 1888 Patre
1095 1832 1389 1902 procedere
1414 1829 1784 1891 confirmatur,
1807 1825 2060 1882 eumdem

474 1931 574 1987 Dei
603 1929 771 1985 Filius
789 1927 853 1982 de
874 1943 969 1981 suo
999 1925 1232 1997 accipere
1258 1922 1528 1994 perhibet,
1553 1930 1608 1977 et
1637 1922 1693 1975 in
1715 1920 1935 1976 nomine
1961 1932 2058 1974 suo

2162 728 2315 798 prius
2342 726 2397 784 in
2427 723 2759 796 Ephesinam
2786 723 2975 778 urbem
3001 725 3290 790 convenit;
3332 724 3388 779 in
3437 741 3546 796 quo
3577 730 3746 787 unitio

2163 819 2218 874 in
2241 818 2456 875 Christo
2480 816 2918 871 convenientium
2946 824 3286 881 naturarum,
3320 817 3372 871 id
3403 826 3505 882 est,
3533 819 3746 876 deitatis

2164 918 2326 980 atque
2376 907 2734 962 humanitatis
2775 907 2831 960 in
2881 904 3099 961 Christo
3145 908 3409 962 connexio
3455 909 3744 964 secundum

2162 1002 2592 1068 subsistentiam,
2618 999 2910 1055 salubriter
2939 1001 3231 1070 praedicata
3273 1011 3378 1067 est,
3406 1010 3461 1056 et
3493 1003 3751 1073 profanus

2169 1090 2190 1130 ί
2219 1091 2546 1147 hominicola
2572 1089 2856 1145 Nestorius
2883 1090 3169 1145 dominicae
3203 1091 3590 1160 dispensationi
3620 1093 3751 1148 infe-

2163 1193 2312 1250 stus,
2335 1193 2522 1255 utpote
2553 1184 2645 1254 qui
2688 1184 2976 1239 adorandae
3012 1183 3405 1240 lncarnationis
3455 1198 3711 1240 arcanum
3735 1227 3750 1252 ,

2163 1278 2333 1334 Deum
2357 1279 2425 1332 ab
2458 1277 2676 1332 homine
2701 1275 3022 1348 separando,
3048 1276 3406 1346 disiunxerat,
3429 1286 3486 1332 et
3511 1286 3752 1333 sanctam

2163 1371 2429 1441 virginem
2458 1370 2680 1426 Mariam
2711 1370 2808 1426 Dei
2839 1371 3161 1442 genitricem
3181 1371 3515 1442 blasphemis
3536 1373 3755 1428 vocibus

2163 1460 2500 1532 obiurgabat,
2523 1462 2549 1501 α
2574 1475 2673 1530 per
2700 1460 2982 1516 duodecim
3008 1462 3317 1517 veneranda
3349 1460 3757 1532 capitula,mul-

2163 1549 2334 1620 tiplici
2379 1549 2726 1605 anathemate
2776 1549 2831 1604 in
2880 1558 3197 1620 perpetuam
3251 1551 3756 1608 condemnationem

2163 1659 2287 1699 cum
2312 1643 2474 1698 sociis
2489 1643 2602 1698 suis
2623 1641 2864 1711 deiectus
2883 1651 2987 1710 est,
3003 1643 3248 1699 confiteri
3266 1644 3531 1698 veraciter
3546 1642 3755 1710 nolens,

2163 1736 2306 1806 quod
2324 1731 2544 1789 Verbum
2561 1751 2682 1789 caro
2696 1735 2895 1805 factum
2907 1745 3063 1802 est,et
3078 1736 3327 1790 habitavit
3341 1737 3394 1790 in
3410 1735 3559 1790 nobis
3575 1735 3755 1807 (Joan.

2163 1843 2200 1892 ι,
2223 1827 2310 1899 12)
2329 1866 2344 1892 ,
2370 1827 2423 1881 id
2444 1834 2549 1892 est,
2570 1824 2712 1881 Deus
2742 1824 3006 1892 Verbum,
3030 1826 3282 1894 idemque
3307 1825 3476 1882 Filius
3499 1825 3635 1892 Dei,
3658 1838 3760 1896 pro

2130 1975 2135 1980 ,
2166 1916 2322 1971 nobis
2333 1915 2507 1972 factus
2519 1924 2604 1972 est
2619 1917 2800 1983 homo,
2816 1914 2845 1954 ιι
2860 1915 2917 1971 id
2929 1916 3073 1986 quod
3084 1923 3203 1971 erat
3219 1931 3468 1984 manens,
3489 1915 3665 1971 factus
3675 1923 3763 1969 est

473 2021 619 2077 mitti
640 2036 671 2076 a
700 2018 862 2074 Patre
883 2015 1146 2088 Spiritum
1175 2022 1419 2070 sanctum
1444 2011 1773 2076 manifestat,
1801 2018 1858 2064 et
1885 2007 2058 2063 insuf-
2086 2013 2135 2072 Β
2163 2009 2307 2079 quod
2331 2023 2438 2064 non
2458 2017 2580 2064 erat
2615 2027 2629 2063 :
2665 2017 2720 2064 et
2745 2008 2870 2080 quia
2897 2009 3057 2065 simul
3082 2023 3233 2076 caro,
3258 2009 3420 2064 simul
3445 2009 3611 2065 Verbi
3633 2023 3763 2064 caro

475 2114 656 2169 ﬂando
668 2109 968 2180 discipulis,
984 2107 1216 2178 Accipite
1232 2104 1494 2177 Spiritum
1509 2101 1934 2174 sanctum(Joan.
1951 2116 2060 2167 xvr,

474 2223 527 2260 υ.
557 2205 668 2276 li),
690 2211 752 2258 ut
770 2210 896 2274 pote
914 2201 943 2240 ι’
971 2198 1040 2256 de
1063 2213 1123 2255 se
1143 2197 1545 2269 procedentem,
1580 2195 1901 2250 adnuntiat:
1932 2201 1986 2250 et
2009 2194 2065 2249 in

475 2297 645 2356 caelos
669 2295 986 2360 ascendens,
1011 2300 1067 2348 ut
1079 2291 1432 2364 promiserat,
1449 2289 1781 2346 Paraclitum
1811 2287 1880 2344 ad
1901 2286 2067 2343 disci-

477 2387 636 2460 pulos
659 2385 844 2441 mittit.

547 2478 627 2532 Ex
666 2477 770 2531 hoc
799 2490 929 2546 ergo
953 2473 1213 2530 vivaciter
1233 2473 1556 2537 edocemur,
1583 2477 1639 2526 et
1679 2469 1896 2524 unicam
1928 2467 2066 2523 divi-

459 2572 661 2628 .nitatis
685 2568 1000 2633 essentiam,
1027 2575 1082 2621 et
1102 2573 1322 2636 propter
1343 2561 1659 2618 inconfusas
1689 2560 2065 2616 subsistentia-

475 2676 596 2716 rum
632 2658 1027 2730 proprietates,
1065 2654 1385 2709 Trinitatem
1417 2653 1713 2724 praedicare
1740 2651 2058 2721 perfectam.

472 2749 654 2806 Patris
676 2750 839 2821 igitur
859 2756 912 2804 et
937 2747 1062 2802 Filii
1077 2757 1133 2803 et
1159 2745 1398 2817 Spiritus
1419 2747 1616 2812 sancti,
1636 2745 1776 2800 sicut
1803 2760 1910 2799 una
1935 2741 2064 2800 vere

475 2853 560 2900 est
581 2842 871 2906 divinitas;
901 2840 976 2894 ita
1001 2854 1110 2894 una
1135 2846 1220 2894 est
1245 2838 1441 2910 gloria,
1458 2838 1764 2907 imperium,
1783 2833 2061 2904 maiestas,

474 2935 675 2999 virtus,
702 2940 864 3002 atque
890 2930 1130 3002 potentia
1149 2970 1164 2996 ,
1194 2945 1304 2984 una
1331 2943 1547 3001 quoque
1581 2942 1769 2984 eorum
1799 2927 2065 2984 naturalis

474 3024 749 3089 voluntas,
776 3029 835 3077 et
859 3037 969 3077 una
995 3028 1080 3076 est
1103 3019 1368 3090 operatio.

547 3113 754 3182 Quibus
784 3112 994 3168 duobus
1025 3110 1426 3166 universalibus
1459 3110 1891 3181 venerandisque
1920 3109 2064 3166 Con-

2168 2108 2410 2162 animata
2436 2107 2619 2163 anima
2645 2106 2918 2176 rationali,
2936 2107 2993 2162 in
3019 2107 3199 2164 Verbo
3228 2107 3429 2178 quippe
3453 2105 3558 2162 hoc
3581 2105 3762 2176 ipsum

2166 2198 2469 2254 subsistere
2497 2198 2710 2254 habuit.
3238 2247 3243 2252 .

2237 2291 2347 2349 Pro
2389 2292 2702 2364 huiusmodi
2740 2306 2868 2364 ergo
2901 2293 2968 2348 de
3018 2289 3390 2348 incarnatione
3448 2290 3546 2346 Dei
3597 2288 3764 2347 Verbi

2165 2384 2370 2456 regulis
2400 2383 2776 2456 explanandis,
2792 2384 2961 2439 etiam
2981 2382 3243 2450 Quartum
3268 2391 3520 2440 sanctum
3544 2395 3769 2438 sexceno

2165 2482 2349 2532 torum
2379 2475 2603 2546 triginta
2645 2475 2872 2530 Patrum
2925 2482 3239 2530 sanctorum
3283 2474 3590 2531 Concilium
3616 2515 3632 2542 ,
3665 2474 3767 2529 sub

2164 2577 2408 2642 augustae
2434 2568 2712 2625 memoriae
2738 2567 3013 2624 Marciano
3038 2567 3394 2639 Imperatore,
3427 2567 3486 2622 in
3525 2565 3765 2622 Chalce-

2165 2664 2304 2719 dona
2329 2662 2629 2729 concurrit,
2643 2661 2734 2718 cui
2754 2660 3100 2732 Apostolicus
3121 2660 3266 2731 Papa
3282 2659 3392 2714 Leo
3414 2675 3513 2729 per
3531 2659 3770 2731 Legatos

2163 2762 2220 2810 et
2250 2753 2495 2810 Vicarios
2516 2753 2752 2825 praefuit,
2780 2753 2955 2824 cuius,
2975 2752 3070 2807 Dei
3092 2752 3267 2822 gratia
3299 2759 3602 2816 reserante,
3627 2751 3644 2790 i
3676 2766 3773 2812 ve.

2163 2845 2392 2902 nerabili
2406 2852 2552 2900 tomo
2566 2843 2768 2898 ﬁrmati
2780 2841 2972 2897 Patres
2989 2840 3386 2897 sententialiter
3399 2841 3512 2912 38
3524 2840 3774 2912 promul-

2165 2943 2449 3008 gaverunt,
2475 2949 2544 2990 ex
2571 2931 2782 2988 duabus
2807 2940 2863 2987 et
2893 2931 2949 2986 in
2977 2932 3187 2987 duabus
3220 2930 3457 2996 naturis,
3482 2930 3601 2985 sive
3642 2930 3772 2985 sub-

2166 3024 2404 3090 stantiis,
2422 3023 2478 3078 id
2503 3030 2608 3089 est,
2629 3021 2828 3078 deitate
2854 3029 3020 3092 atque
3041 3021 3404 3085 humanitate,
3420 3035 3593 3074 unum
3621 3033 3776 3075 eum-

2163 3116 2400 3187 demque
2429 3114 2627 3170 Filium
2655 3113 2752 3170 Dei
2794 3113 3085 3171 Dominum
3113 3111 3302 3168 Jesum
3347 3111 3661 3180 Christum;
3718 3119 3778 3168 et

461 3205 617 3286 vciliis
636 3203 878 3260 Tertium
900 3202 1154 3275 generale
1186 3213 1208 3241 ο
1239 3202 1593 3258 ducentorum
1623 3211 1932 3259 sanctorum
1964 3201 2068 3258 Pa-
2166 3208 2311 3279 quod
2346 3207 2402 3261 in
2439 3205 2586 3261 nullo
2620 3215 2901 3276 perempta
2950 3206 3022 3260 sit
3070 3203 3376 3261 differentia
3419 3211 3776 3270 naturarum,

475 3307 622 3354 trum
647 3295 879 3353 accessit
901 3295 1220 3361 Concilium,
1237 3295 1381 3366 quod
1403 3295 1502 3350 sub
1517 3295 1833 3367 principalis
1847 3295 2067 3365 quidem
2169 3299 2342 3370 magis
2381 3308 2564 3356 autem
2585 3341 2598 3365 ,
2634 3298 2786 3356 salva
2829 3299 3166 3370 proprietate
3183 3338 3197 3364 ,
3227 3305 3463 3367 utraque
3489 3307 3690 3353 natura
3717 3297 3778 3352 in

475 3391 753 3448 memoriae
778 3389 808 3430 ἀ
830 3389 1132 3445 Theodosio
1155 3388 1399 3460 Augusto
1427 3387 1629 3443 factum
1656 3396 1770 3454 est,
1804 3400 1827 3427 ε
1854 3403 1922 3442 ex
1965 3404 2065 3442 au-
2094 3370 2139 3433 C
2171 3407 2334 3447 unam
2372 3406 2666 3462 personam
2721 3400 2885 3464 atque
2936 3391 3344 3448 subsistentiam
3384 3390 3733 3445 concurrerit
3760 3405 3779 3443 :

475 3483 731 3540 ctoritate
765 3491 946 3538 tamen
967 3479 1243 3538 leestini
1267 3481 1589 3552 Apostolica:
1606 3481 1750 3538 sedis
1771 3481 2066 3549 Antistitis,

557 3608 585 3637 ι
624 3594 879 3651 Sanctam
904 3602 953 3648 et
997 3592 1398 3660 inseparabilem
1450 3593 1779 3660 Trinitatem,
1807 3603 1912 3650 etc.
1961 3592 2072 3648 Nu-

483 3666 661 3737 epiam
693 3665 936 3737 reperire
955 3673 1038 3720 est
1061 3664 1361 3737 pleniorem
1408 3665 1893 3737 dilucidioremque
1951 3681 2069 3737 my-

481 3735 637 3794 sterii
666 3735 952 3790 Trinitatis
979 3735 1404 3805 expositionem;
1437 3743 1498 3791 ut
1525 3737 1722 3791 merito
1742 3735 2072 3792 Anastasius

475 3806 932 3863 Bibliothecarius
975 3804 1295 3875 Gregorium
1329 3815 1578 3862 nostrum
1631 3806 1850 3872 dixerit,
1880 3807 2072 3863 divina:

477 3875 770 3948 Scripiurie
801 3876 1085 3948 eruditum,
1115 3885 1162 3930 et
1203 3875 1488 3948 facundum
1515 3876 1741 3948 loquela.

551 3947 581 3988 ι)
602 3945 698 4002 Ὧε
717 3962 772 4002 se
795 3946 1178 4018 procedentem.
1206 3945 1364 4014 Quod
1387 3947 1443 4001 in
1471 3945 1941 4018 hac'professione
1971 3946 2074 4001 mi-

477 4033 588 4074 nus
612 4017 868 4088 expresse
890 4017 1110 4083 dicitur,
1131 4018 1187 4072 in
1216 4025 1583 4088 consequente
1604 4017 1809 4072 clarius
1835 4017 2074 4088 explica-

481 4097 659 4150 catnr,
683 4087 713 4140 ἶ
753 4087 1014 4158 Spiritum
1046 4096 1295 4144 sanctum
1335 4104 1436 4143 nec
1471 4088 1712 4157 genitum
1733 4103 1835 4141 nec
1859 4087 2075 4158 ingeni-

480 4167 620 4226 tum,
639 4160 739 4230 sed
756 4161 821 4215 de
842 4159 1000 4214 Patre
1023 4159 1268 4230 Filioque
1289 4160 1691 4230 procedentem.
1719 4179 1737 4212 ι
1757 4158 1888 4225 Quae
1905 4159 2070 4230 verba

478 4238 610 4302 sunt
634 4231 686 4302 in
720 4229 977 4302 Symbolo
1003 4229 1253 4301 Gregorii
1294 4229 1632 4302 Magnitnon
1664 4231 1795 4285 item
1839 4231 1893 4302 in
1941 4229 2074 4284 Fide

481 4297 709 4372 Pelagii.
751 4297 924 4356 Porro
952 4297 1210 4356 auteniin
1245 4297 1478 4372 utraque
1507 4301 1699 4356 Diurni
1735 4301 2074 4371 professione

481 4373 796 4444 continetur
823 4372 1062 4438 traditio,
1087 4387 1248 4441 quam
1275 4391 1294 4424 ι
1333 4374 1402 4428 ab
1432 4372 1759 4444 Apostolicis
1793 4381 1847 4427 et
1877 4374 2076 4443 proba-

481 4442 710 4514 tissimis
744 4444 1232 4514 praedecessor-ibus
1261 4442 1978 4514 immutabiliterservatam
2009 4459 2074 4498 ac

483 4513 761 4569 defensam
801 4534 819 4567 ι
877 4514 1074 4570 summi
1102 4514 1395 4570 Pontifices
1425 4529 1501 4566 vn
1535 4513 1733 4568 saeculo
1784 4513 2071 4568 docebant.

485 4583 546 4639 In
578 4582 777 4643 Ordine
799 4585 1065 4650 Romano,
1093 4586 1185 4639 ubi
1217 4585 1395 4654 agitur
1417 4584 1483 4637 de
1510 4582 1794 4654 ordinandi
1823 4582 2072 4652 EpiscOpi

485 4654 913 4721 interrogatione
966 4671 981 4709 :
1035 4674 1054 4706 ι
1113 4653 1304 4710 Credis
1355 4654 1518 4708 etiam
1566 4654 1620 4707 in
1652 4653 1914 4721 Spiritum
1945 4669 2071 4707 san-

483 4732 653 4797 ctuin,
677 4722 895 4796 picnum
917 4735 972 4782 et
1000 4725 1301 4796 perfectum
1321 4739 1618 4797 verumque
1641 4725 1829 4797 Deum,
1857 4739 1887 4797 _a
1912 4722 2070 4778 Patre
2096 4733 2149 4792 D
2177 4725 2235 4781 S.
2268 4726 2394 4797 Cyri

482 4802 542 4851 et
568 4793 706 4852 Filio
749 4793 1154 4867 procedentem,
1190 4804 1294 4849 etc.
1331 4814 1349 4845 ι
1382 4793 1528 4867 idem
1579 4795 1807 4847 habetur
1854 4794 1907 4867 in
1959 4808 2070 4867 ser-

483 4881 646 4922 mone
680 4863 765 4923 de'
791 4868 927 4934 ﬁde,
954 4867 1049 4937 qui
1095 4865 1569 4934 interrogationem
1619 4863 1968 4934 consequitur
2012 4865 2069 4919 in

482 4937 676 4993 eodem
703 4937 928 4994 Ordine.

561 5020 582 5046 ε
626 5008 1003 5064 Ducentorum.
1035 5007 1237 5062 Marius
1256 5005 1525 5062 Mercator
1553 5007 1814 5061 ducentos
1848 5015 2076 5075 septua-

521 5078 632 5134 inta
700 5090 932 5150 quatuor
986 5086 1276 5150 numerat,
1337 5077 1612 5146 habetque
1663 5077 2067 5146 astipulatorem

482 5093 632 5204 ginta
700 5093 932 5150 quawor
989 5093 1276 5139 numeral,
1337 5093 1612 5146 habetque
1663 5093 2067 5146 aSttplllatOI‘em

533 5188 547 5202 ·
581 5150 876 5232 ,ῼΥΧῘῙΞΡηὶε
908 5149 999 5218 qui
1041 5147 1270 5232 ξιιξρὲξηε
1310 5149 1760 5232 quamducentos
1794 5149 2068 5208 exstitisse

485 5218 694 5293 scribit.
737 5220 950 5293 Positus
990 5225 1091 5293 est
1111 5218 1294 5286 igitur,
1313 5228 1388 5293 Aut
1413 5218 1572 5293 vulgo
1617 5219 1786 5287 solet,
1816 5235 2075 5279 numerus

483 5289 700 5362 plenus,
728 5289 948 5362 omissis
970 5286 1375 5362 additamentis.
1508 5286 1528 5295 ”

560 5361 611 5439 d_
631 5359 920 5439 Theodosio
945 5357 1204 5439 Augusto.
1238 5360 1716 5439 Augustum-dicit,
1740 5371 1799 5416 ut
1823 5379 1852 5417 a
1882 5362 2074 5439 Magno

487 5430 800 5500 distinguat,
835 5429 887 5482 id
927 5439 1029 5498 est,
1053 5429 1396 5502 juniorem'a
1441 5435 1681 5500 seniore,
1711 5429 2075 5504 nepotem'ab

489 5517 610 5557 8V0.

571 5583 594 5644 (ξ
634 5571 720 5644 Ea:
748 5574 1060 5644 auctoritate
1078 5585 1249 5630 tamen
1280 5575 1565 5644 Ctelestini,
1593 5586 1700 5632 etc.
1727 5575 1843 5630 Non
1881 5575 2077 5631 indixit

489 5642 810 5718 Caiiestinus
833 5643 1286 5718 Concilium,_sed
1327 5642 1676 5702 indictionem
1709 5648 2068 5718 approbavit:

489 5713 755 5788 indictum
772 5715 930 5788 enim
954 5726 1039 5772 est
1065 5717 1132 5770 ab
1160 5716 1492 5788 lmperatore
1513 5713 1841 5783 Theodosio,
1865 5718 2074 5772 artibus

487 5781 722 5864 Mestorii
755 5785 1033 5864 declinare
1055 5788 1198 5864 sedis
1240 5781 1581 5864 Apostoliczei
1613 5781 1943 5864 sententiam
1979 5803 2076 5864 vo-

490 5852 657 5934 lentis
691 5856 1247 5934 del_uso._Caelestinus
1288 5852 1437 5925 vero,
1483 5861 1583 5934 etsi
1623 5861 1880 5934 nescierit
1922 5858 2073 5934 _indi-_

492 5928 728 5994 ctionem
757 5928 1002 5994 Concilii,
1038 5939 1096 5984 ut
1136 5937 1351 5986 constat
1397 5948 1464 5985 ex
1499 5933 1692 5986 litteris
1722 5929 1955 5985 Nestorii
2007 5928 2076 5984 ad

492 5993 694 6077 ipsum,
739 6000 848 6082 dici
877 6011 1054 6082 tamen
1084 6011 1265 6082 potest
1293 6002 1636 6081 approbasse,
1661 6001 1860 6082 partim
1881 6000 2078 6081 litteris

2170 3485 2374 3542 etenim
2393 3501 2462 3541 ex
2485 3485 2682 3556 quibus
2703 3500 2830 3542 eum
2853 3486 3126 3544 veraciter
3145 3484 3445 3540 subsistere
3471 3484 3777 3550 credimus,

2173 3600 2240 3655 ad
2261 3599 2630 3670 Theodosium
2650 3607 2708 3655 et
2736 3598 3012 3670 Synodum
3036 3598 3199 3670 datis,
3221 3597 3422 3670 partim
3442 3595 3634 3670 _missis
3645 3596 3782 3670 _Le-

2197 3671 2313 3754 iatis
2339 3671 2544 3754 tribus,
2570 3666 2805 3754 Arcadio
2843 3678 2898 3726 et
2930 3667 3180 3738 Proiecto
3217 3666 3508 3740 episcopis,
3541 3681 3606 3722 ac
3645 3666 3786 3722 Phi-

2197 3743 2707 3936 Irpinmiieiiﬁ'
2725 3811 2875 3868 Idem
2915 3809 3106 3883 obiicit
3141 3811 3351 3882 passim
3397 3807 3636 3880 Cyrillus
3675 3805 3786 3864 Ne-

2197 3898 2367 3936 sono.

2176 3898 2367 3938 SlOl‘lO.

2249 3954 2274 3992 ⁸
2312 3951 2417 4004 Per
2445 3952 2721 4020 duodecim
2747 3950 3004 4020 capitula,
3030 3958 3136 4020 etc.
3161 3949 3355 4020 Deihis
3383 3949 3488 4020 ista
3519 3949 3783 4004 observa.

2171 4021 2214 4077 Ι.
2254 4021 2504 4075 Jussione
2535 4019 2808 4075 Caelestini
2840 4019 3038 4073 summi
3076 4019 3358 4074 Pontiﬁcis
3399 4019 3544 4073 edita
3583 4033 3714 4074 esse
3753 4035 3787 4074 a

2175 4093 2232 4147 S.
2266 4091 2469 4172 Cyriilo
2488 4091 2544 4144 in
2565 4089 2889 4214 Egyptiaca
2909 4089 3154 4170 Synodo,
3195 4089 3472 4158 missaque
3496 4103 3609 4171 'per
3639 4106 3780 4160 qua-

2175 4171 2300 4214 tuor
2325 4175 2610 4214 emsconos
2684 4159 3165 4214 onstantmonollm
3196 4159 3265 4213 ad
3293 4159 3633 4214 Nestorium.
3654 4176 3780 4214 cum

2175 4159 2610 4230 tuor'episcopos
2638 4159 3165 4228 Constantinopolim
3196 4159 3265 4230 ad
3293 4159 3633 4226 Nestorium,
3654 4159 3787 4216 eum

2175 4229 2418 4303 epistolis
2451 4229 2792 4303 synodorum
2823 4231 3081 4303 Romana;
3108 4237 3162 4284 et
3190 4229 3554 4303 {Egyptiacam
3576 4233 3787 4303 quibus

2169 4300 2462 4372 iubebatur
2485 4300 2832 4358 subscribere
2870 4301 3018 4356 intra
3049 4301 3238 4356 decem
3272 4300 3426 4367 dies,
3456 4302 3563 4356 nisi
3593 4300 3785 4357 'vellet

2177 4375 2393 4457 deponi:
2420 4374 2484 4428 ll.
2514 4372 3000 4457 ljestorii‘artihus‘,
3028 4372 3138 4457 into
3163 4372 3442 4457 precibus,
3461 4374 3786 4457 impugnata

2177 4443 2492 4516 abiAndrea
2523 4445 2990 4516 Sarnosateno,_et
3029 4443 3385 4516 Theodorcto
3405 4443 3660 4516 Cyrensi.
3691 4443 3780 4498 lll.

2176 4514 2874 4602 Belsct.e,ptzetnioaam,,ie.
2893 4514 3458 4602 ἐνηφείρρρωξείιίσ
3487 4521 3543 4602 α
3582 4529 3790 4602 evel?-

2177 4587 2328 4639 bata.
2362 4584 2450 4656 iV.
2483 4584 2611 4640 Post
2640 4585 2878 4656 Dionysii
2906 4585 3100 4654 Exigui
3143 4593 3388 4654 tempora
3431 4601 3532 4656 pro
3575 4584 3790 4656 delini-

2181 4657 2328 4710 tione
2359 4654 2564 4710 S'nodi
2615 4654 2904 4725 Ephesium
2951 4671 3076 4711 rece
3119 4665 3194 4710 ta.
3238 4656 3302 4711 ν.
3359 4654 3494 4711 Cum
3555 4656 3626 4711 de
3676 4655 3788 4710 ﬁde

2181 4725 2235 4779 S.
2268 4671 2455 4779 Cvriili
2495 4736 2778 4779 ageretur.
2815 4742 2917 4779 nec
2950 4727 3006 4779 in
3061 4671 3532 4779 ghalc’edonensi.
3579 4742 3687 4779 nec
3726 4726 3788 4779 in

2419 4727 2455 4780 li
2495 4736 2778 4797 ageretur,
2815 4742 2917 4782 nec
2950 4727 3006 4782 in
3061 4726 3532 4797 Chalcedonensi,
3579 4742 3687 4781 nec
3726 4726 3789 4780 in

2181 4797 2227 4852 γ
2279 4795 2744 4868 S'ynodo,'aliave
2791 4797 2960 4852 altera
3015 4806 3404 4868 consequente,
3438 4796 3582 4852 lecta
3635 4810 3785 4868 esse,

2179 4868 2274 4923 sed
2304 4866 2440 4922 alias
2463 4869 2747 4923 dumtaxat
2775 4868 3033 4938 epistolas
3083 4866 3241 4934 duas,
3269 4867 3568 4938 secundam
3601 4866 3794 4938 _nimi-

2179 4954 2300 5064 rum
2330 4941 2398 4994 ad
2427 4937 2761 5006 Nestorium,
2787 4935 2842 4994 et
2867 4938 3156 5010 pacificam
3177 4939 3246 4994 ad
3271 4937 3541 4996 Joannem
3583 4935 3793 4992 Antio-

2179 5025 2211 5064 c
2231 5025 2432 5064 renum.

2179 5025 2432 5066 cnenum.

2247 5082 2275 5122 ιι
2317 5081 2384 5135 Id
2406 5082 2551 5154 quod
2573 5091 2685 5154 erat
2719 5099 2958 5154 manens,
2986 5090 3118 5154 ~etc.
3168 5077 3786 5154 Hancﬁcaiholieorum

2180 5149 2508 5208 sententiam
2532 5153 2767 5223 maligne
2790 5153 2967 5221 carpit
2985 5152 3280 5209 Eutherius
3306 5153 3399 5207 ille
3419 5149 3788 5223 Nestorianus

2185 5223 2491 5294 Tyanorum
2520 5218 2837 5293 Episc'Opus,
2861 5218 2952 5291 qui
2981 5238 3104 5301 cuni
3135 5224 3434 5301 aIConciiio
3459 5218 3785 5301 Maximiani

2182 5290 2582 5350 exauctoratus
2615 5290 2777 5357 esset,
2804 5290 2911 5348 non
2956 5295 3133 5364 potuit
3179 5294 3234 5350 in
3283 5295 3469 5364 sedem,
3523 5290 3786 5364 restitui,

2181 5366 2432 5490 quamvis
2461 5363 2662 5418 Paulus
2710 5360 3031 5431 Emesenus,
3084 5367 3230 5422 inter
3273 5363 3571 5438 gerendum
3627 5360 3787 5430 pacis

2228 5436 2550 5490 cclesiarum
2602 5435 2902 5490 negotium.
2957 5438 3087 5490 totis
3136 5438 3342 5490 viribus
3405 5432 3782 5486 anniteretur.

2228 5435 2902 5506 cclesiaruminegotium,
2957 5438 3087 5492 totis
3136 5432 3342 5492 viribus
3405 5432 3782 5506 anniteretur.

2183 5506 2320 5562 Huic
2357 5505 2617 5561 Eutherio
2657 5501 2928 5562 tribuendi
2970 5518 3100 5563 sunt
3142 5507 3433 5562 Sermones
3487 5502 3554 5557 de
3605 5501 3787 5556 variis

2182 5575 2662 5649 propositionibus,
2680 5577 2771 5648 qui
2790 5578 2935 5632 inter
2955 5578 3132 5649 Opera
3155 5577 3213 5631 S.
3237 5573 3523 5649 Athanasii
3556 5579 3708 5649 tonio
3742 5586 3784 5626 ιι

2178 5642 2484 5728 editisunt,
2513 5655 2573 5701 ut
2601 5642 2939 5728 ostendimus
2963 5642 3020 5703 in
3047 5647 3306 5728 Auctario
3332 5642 3786 5728 Onerum.'l‘lieo:

2180 5718 2400 5788 doreti:
2451 5711 2756 5775 communis
2808 5719 2955 5788 enim
3005 5717 3278 5788 opinionis
3328 5711 3660 5788 tribuentis,
3693 5711 3786 5767 vel

2178 5787 2500 5855 Athanasio,
2532 5789 2617 5844 vel
2648 5790 2884 5845 Maximo
2908 5785 3194 5855 Monacho,
3220 5787 3517 5843 falsitatem
3545 5785 3780 5840 demon-

2180 5867 2322 5915 strat
2348 5859 2417 5914 M.
2449 5859 2737 5916 Mercator.

2259 5933 2277 5972 ι
2321 5929 2618 6003 Venerabili
2643 5941 2804 5984 temo.
2838 5929 3095 6003 Epistola
3109 5930 3415 6003 dogmatica
3445 5928 3516 5986 ad
3551 5923 3781 5984 Flavia-

2181 6016 2316 6064 num
2341 6001 2605 6069 adversus
2628 6015 2848 6076 errores
2869 6001 3032 6072 deliri
3055 6001 3400 6078 Eutychetis.
