4062 6468
291 473 356 533 ω
1250 456 1700 517 ROMANORUM
1735 456 2185 517 PONTIFICUM.
2223 487 2296 500 —-
2331 458 2484 515 CAP.
2526 458 2589 516 ll.
3488 463 3571 521 50

304 594 354 648 in
378 586 578 646 eisdem
623 581 902 642 inconfuse
950 551 1387 654 inseparabiliter
1431 587 1488 636 et
1530 579 1778 647 indivise,
1813 587 1868 638 et

2040 577 2099 634 In
2123 578 2227 634 hoc
2257 575 2494 634 Severus
2536 577 2864 650 Aoephalus,
2906 593 3030 634 cum
3064 579 3231 637 Petro
3268 589 3324 637 et
3349 582 3560 655 Zoara,

303 703 428 751 esse,
456 693 512 740 et
540 681 890 752 contemplari
935 680 1285 737 nihilominus
1323 680 1704 751 prmdicamus.
1739 674 1871 743 Qui-

301 783 392 840 bus
435 776 784 847 acquiescere
813 773 1059 830 nolentes
1086 773 1435 844 blasphemus
1463 772 1778 836 Dioscorus,
1802 768 1877 824 si-

301 871 469 930 mulet
496 868 698 924 delirus
729 867 1028 938 Eutyches,
1063 865 1426 921 anathematis
1445 862 1580 934 justi
1617 876 1872 928 censura,

302 980 412 1020 cum
437 975 462 1003 ι
487 959 790 1016 fautoribus
818 959 952 1026 suis,
982 957 1226 1029 percussi
1254 964 1399 1014 sunt.

363 1053 484 1108 Haec
519 1053 683 1123 igitur
719 1059 907 1106 sancta
938 1058 1101 1120 atque
1122 1046 1449 1104 universalia
1476 1053 1707 1117 quatuor
1735 1043 1876 1100 Con-

298 1145 608 1210 cilia,ctiam
631 1152 882 1199 sanetum
905 1142 1164 1210 Quintum
1186 1140 1488 1197 Concilium
1504 1137 1876 1195 venerandum

297 1244 597 1292 assecutum
624 1243 729 1299 est,
751 1242 806 1289 ct
839 1233 940 1288 sub
967 1233 1070 1304 piae
1095 1231 1371 1287 memoriae
1392 1228 1696 1286 Justiniano
1721 1228 1878 1282 Prin-

293 1328 420 1397 cipc,
456 1325 598 1396 apud
631 1307 1290 1394 Consta'ntinopolitanam
1319 1321 1509 1376 urbem
1534 1328 1621 1375 est
1645 1331 1878 1390 congre-

289 1426 490 1490 gatum,
509 1413 663 1484 cujus
691 1415 924 1470 salutari
944 1413 1219 1477 consultu,
1235 1413 1263 1452 ι)
1290 1428 1432 1467 unus
1453 1428 1574 1467 esse
1599 1411 1664 1466 dc
1688 1416 1878 1465 sancta

290 1508 554 1565 Trinitate
597 1506 861 1562 Dominus
899 1514 1087 1560 noster
1119 1503 1278 1559 Jesus
1317 1502 1564 1558 Christus
1611 1501 1880 1556 veraciter

285 1601 611 1674 prrcdicatus
643 1609 726 1655 est
757 1619 769 1655 :
799 1607 854 1655 et
877 1597 1271 1655 confundentes
1292 1611 1356 1651 ac
1385 1595 1684 1651 dividentes
1713 1609 1880 1649 sacrae

284 1691 393 1762 ejus
453 1691 848 1747 incarnationis
896 1703 1182 1753 arcanum,
1214 1686 1374 1742 istius
1418 1686 1568 1742 vocis
1611 1683 1878 1757 spirituali

285 1801 550 1842 mucrone
573 1785 835 1856 prostrati
869 1793 1014 1839 sunt.

345 1889 365 1916 ε
400 1877 468 1932 In
502 1877 606 1933 hoc
635 1876 924 1948 Origenes,
945 1891 1068 1930 cum
1095 1875 1275 1945 impiis
1299 1871 1579 1944 discipulis
1600 1879 1654 1927 et
1677 1885 1875 1941 sequa-

1975 671 2295 741 ceeterisque
2343 686 2532 726 eorum
2588 671 2770 742 impiae
2825 671 3160 728 confusionis
3221 677 3566 734 consortibus

1976 773 2140 834 atque
2171 761 2513 833 sequacibus,
2539 770 2799 834 perpetua
2831 763 3286 819 condemnationc
3305 767 3568 835 prostrati

1974 862 2120 919 sunt,
2150 862 2204 910 et
2231 869 2421 910 omnes
2462 853 2557 924 qui
2587 867 2654 908 ex
2685 853 2896 908 duabus
2923 861 2978 908 ct
3024 855 3078 909 in
3109 854 3320 910 duabus
3355 855 3569 912 naturis

1975 949 2090 1006 sive
2142 947 2496 1014 substantiis,
2541 962 2663 1002 cum
2697 961 2885 1002 earum
2925 947 3371 1018 proprietatibus,
3398 964 3570 1006 unum

1976 1041 2337 1110 eumdemque
2385 1039 2675 1096 Dominum
2734 1048 2983 1096 nostrum
3045 1040 3231 1097 Jesum
3290 1041 3571 1098 Christum

1974 1135 2173 1191 Filium
2201 1135 2296 1190 Dei
2323 1150 2654 1207 cognoscere
2682 1141 2938 1190 renuunt.
2971 1134 2999 1174 ἀ
3033 1133 3136 1202 Qui
3165 1151 3291 1191 cum
3320 1135 3468 1192 Deus
3497 1137 3572 1193 sit

1977 1226 2459 1284 consubstantialis
2484 1226 2636 1282 Patri
2658 1235 2822 1298 atque
2848 1234 3172 1293 coaeternus,
3202 1236 3425 1299 propter
3469 1243 3571 1285 nos

1975 1329 2330 1390 nostramque
2367 1321 2602 1377 salutem
2639 1323 2919 1384 descendit
2953 1322 3020 1380 de
3049 1323 3203 1390 caelo,
3231 1331 3288 1378 et
3317 1323 3574 1379 incarna-

1977 1418 2064 1466 tus
2087 1411 2264 1466 estde
2295 1410 2502 1482 Spiritu
2533 1420 2746 1479 sancto,
2791 1411 2844 1467 id
2889 1420 2993 1479 est,
3035 1413 3356 1484 operatione
3393 1415 3572 1471 sancti

1978 1503 2216 1574 Spiritus
2245 1503 2400 1576 virgo
2445 1503 2544 1559 Dei
2583 1504 2754 1559 filium
2795 1505 3078 1576 concepit,
3108 1520 3275 1562 carne
3331 1506 3574 1562 animam

1977 1593 2209 1650 habente
2253 1595 2578 1650 rationalem
2634 1603 2799 1666 atque
2842 1596 3268 1654 intellectualem
3304 1615 3317 1652 :
3357 1599 3415 1654 in
3462 1613 3574 1669 qua

1979 1701 2143 1743 carne
2169 1693 2225 1742 et
2259 1686 2552 1742 crucifixus
2582 1695 2686 1757 est,
2711 1695 2766 1742 et
2791 1696 3039 1745 mortuus
3063 1698 3167 1756 est,
3192 1697 3247 1746 et
3273 1690 3436 1745 tertia
3460 1690 3574 1758 die,

1979 1778 2119 1833 sicut
2148 1777 2341 1845 voluit,
2369 1780 2670 1835 resurrexit
2693 1796 2725 1836 a
2745 1782 2996 1848 mortuis,
3019 1783 3212 1839 mortis
3237 1791 3440 1840 nostra:
3464 1783 3576 1839 dis-

1981 1867 2200 1923 solvens
2229 1868 2520 1938 imperium
2551 1887 2564 1923 :
2599 1870 2653 1924 in
2699 1883 2806 1938 qua
2853 1884 3050 1935 carne,
3084 1885 3249 1940 quam
3299 1887 3366 1927 ex
3415 1871 3578 1940 nobis

280 1969 455 2034 cibus,
479 1967 712 2039 Didymo
735 1944 792 2022 et
818 1967 1067 2037 Evagrio,
1099 1976 1154 2021 ct
1175 1944 1267 2035 qui
1295 1976 1597 2020 creatorem
1627 1964 1871 2019 omnium
1902 1944 1950 2003 Β
1978 1959 2273 2030 assumpsit
2311 1959 2517 2031 absque
2575 1960 2692 2016 solo
2716 1967 2962 2030 peccato,
2987 1961 3138 2017 sedet
3179 1962 3250 2018 ad
3293 1961 3575 2020 dexteram

281 2061 444 2116 Deum
481 2071 538 2114 et
562 2073 780 2113 omnem
821 2056 1138 2112 rationalem
1172 2054 1288 2124 ejus
1317 2064 1622 2110 creaturam
1661 2053 1875 2126 gentili-

276 2153 369 2208 bus
397 2149 606 2206 fabulis
636 2150 908 2221 prosecuti
949 2157 1097 2214 sunt,
1129 2156 1347 2204 aeternae
1391 2157 1520 2203 sunt
1547 2147 1876 2204 condemna-

278 2243 403 2298 tioni
430 2242 722 2298 submissi.

341 2335 396 2388 lu
438 2349 515 2389 eo
559 2334 878 2390 Theodorus
930 2331 1340 2404 Mopsuestenus
1406 2341 1566 2389 autor
1612 2330 1874 2398 Nestorii,

273 2427 596 2499 pariterque
627 2426 912 2491 Diodorus,
937 2433 993 2481 ct
1021 2440 1212 2481 omnes
1236 2425 1561 2480 execranda:
1591 2423 1876 2479 divisionis

276 2518 553 2589 discipuli,
601 2517 692 2590 qui
751 2525 802 2572 ct
859 2515 1347 2573 Serui-Ncstoriani
1381 2516 1558 2571 vocati
1593 2523 1740 2580 sunt,
1776 2516 1878 2571 sub

274 2611 646 2668 anathematis
673 2619 880 2666 aeterna
911 2625 1141 2666 censura
1167 2611 1235 2664 ab
1257 2608 1502 2664 Ecclesia
1525 2609 1620 2663 Dei
1651 2605 1877 2679 projecti

275 2713 422 2760 sunt.
448 2703 591 2759 Cum
626 2703 716 2759 his
745 2716 801 2758 et
820 2702 1070 2775 cpistola,
1107 2700 1218 2772 39
1243 2715 1365 2770 qua:
1412 2698 1516 2754 lbze
1562 2698 1762 2754 dicitur
1809 2699 1879 2754 ad

273 2795 464 2850 Marim
509 2794 750 2860 Persam,
783 2802 838 2850 et
859 2795 1060 2866 scripta
1088 2791 1406 2848 Thcodoriti
1437 2789 1698 2846 adversus
1745 2789 1878 2845 bea-

273 2878 557 2941 tissimum
605 2884 903 2959 Cyrillum,
953 2900 1078 2941 cum
1134 2883 1588 2940 condenmatione
1636 2881 1873 2952 projecta

273 2985 416 3032 sunt.

342 3120 368 3180 ξ
413 3105 459 3160 F
462 3107 747 3180 (tutoribus
792 3111 922 3164 suis.
981 3109 1323 3180 Sequebatur
1368 3110 1420 3165 in
1473 3109 1574 3166 Ms.
1619 3111 1805 3167 codice
1859 3130 1872 3166 :

276 3195 306 3253 ε
328 3177 467 3233 Cum
512 3178 601 3233 his
641 3177 1139 3253 etgepistolmquae
1168 3181 1273 3253 lhte
1322 3181 1522 3237 dicitur
1570 3183 1637 3236 ad
1685 3181 1876 3237 Marim

270 3245 522 3322 Persam,
543 3258 600 3304 et
625 3245 830 3322 scripta
857 3245 1184 3308 Theodoreti
1207 3252 1467 3322 adversus
1494 3253 1867 3308 beatissimum

1977 2051 2181 2117 Patris,
2214 2052 2269 2107 in
2299 2067 2362 2107 ea
2407 2059 2669 2108 venturus
2707 2051 2956 2122 judicare
2994 2051 3149 2109 vivos
3188 2059 3244 2108 et
3277 2059 3524 2110 mortuos
3554 2071 3571 2110 :

1977 2145 2132 2217 cujus
2170 2145 2324 2215 regni
2353 2159 2460 2200 non
2497 2144 2603 2201 erit
2631 2143 2773 2199 finis.

2054 2247 2077 2274 ε
2109 2235 2254 2290 lntcr
2277 2237 2393 2291 hrec
2423 2236 2733 2291 veneranda
2773 2234 3101 2292 universalia
3153 2237 3395 2308 quinque
3426 2237 3573 2294 Con-

1980 2326 2106 2384 cilia
2133 2327 2296 2382 etiam
2340 2337 2590 2382 sanctum
2640 2324 2868 2382 Sextum
2913 2327 3217 2383 Concilium
3267 2327 3577 2383 universale

1980 2427 2198 2475 centum
2237 2419 2581 2490 septuaginta
2605 2419 2846 2490 quinque
2859 2419 3248 2474 venerabilium
3275 2417 3578 2474 Praesulum

1979 2511 2366 2581 praedicamus,
2397 2512 2543 2582 quod
2566 2511 2782 2566 favente
2811 2511 2943 2577 Deo,
2975 2519 3030 2567 et
3057 2520 3243 2568 votum
3277 2509 3295 2550 ι
3331 2511 3434 2582 piae
3461 2526 3578 2566 me-

1982 2602 2170 2658 morim
2218 2603 2399 2674 magni
2449 2601 2720 2671 Principis
2767 2602 2940 2658 nostri
2983 2601 3196 2656 Domini
3236 2599 3578 2656 Constantini

1979 2694 2278 2751 clementer
2300 2693 2579 2764 implente,
2613 2694 2668 2748 in
2700 2693 2847 2750 Urbe
2878 2693 3049 2765 regia,
3077 2695 3102 2733 Β
3133 2707 3198 2748 eo
3224 2692 3576 2763 praesidente,

1980 2784 2315 2842 celebratum
2363 2793 2468 2850 est,
2522 2785 2609 2840 cui
2652 2785 2979 2856 Apostolicaa
3035 2783 3426 2840 recordationis
3467 2782 3578 2857 ω

1979 2875 2192 2949 Agatho
2220 2876 2365 2948 Papa
2387 2878 2414 2917 ιι
2438 2891 2536 2948 per
2562 2876 2796 2950 Legatos
2828 2893 2956 2933 suos
2981 2884 3036 2932 et
3056 2875 3417 2947 Responsales
3438 2893 3577 2948 pra:-

1980 2966 2103 3032 fuit,
2137 2966 2293 3037 cujus
2322 2968 2693 3024 venerabilem
2723 2976 2931 3025 tomum
2957 2968 3248 3025 celebriter
3281 2983 3578 3040 assequen-

1979 3104 2282 3176 Imperator
2306 3105 2722 3179 Constantinus.
2765 3108 2966 3179 Verum
3004 3107 3269 3164 refellitur
3303 3106 3522 3179 egregie
3543 3122 3578 3162 a

1982 3177 2477 3234 controversiarum
2507 3178 2634 3234 ﬁdei
2661 3177 3077 3244 tractatoribus,
3103 3187 3164 3234 ut
3207 3194 3315 3234 non
3363 3177 3457 3233 sit'
3480 3193 3577 3234 ne-

1983 3263 2137 3304 cesse
2176 3264 2272 3304 nos
2304 3263 2534 3320 pugnam
2576 3249 2689 3321 jam
2731 3249 2932 3305 dudum
2980 3249 3286 3306 confectam
3335 3248 3576 3305 redinte-

273 3317 539 3394 Cvrillttnt
570 3335 695 3394 cum
731 3313 1181 3378 condemnationc
1219 3321 1460 3394 projecta
1503 3332 1648 3378 sunt.
1695 3344 1713 3375 »
1759 3324 1866 3381 Sed
1894 3313 1938 3375 C
1970 3335 2148 3394 grate.

272 3389 480 3471 reiecta
514 3393 703 3472 estniu
760 3409 918 3472 suum
950 3394 1124 3472 locum
1169 3389 1271 3472 ista
1315 3389 1760 3472 irrprzorrn,_unde
1782 3411 1879 3472 per

270 3459 548 3535 incuriam
587 3460 938 3535 Notariorum
973 3465 1176 3519 dimota
1213 3459 1397 3520 fuerat:
1425 3484 1436 3518 :
1465 3466 1702 3535 pertinet
1731 3459 1877 3522 enim

271 3531 339 3584 ad
373 3530 583 3596 locum,
620 3534 712 3587 ubi
747 3534 805 3587 lit
833 3536 1036 3589 mentio
1066 3536 1131 3590 de
1155 3537 1196 3588 γ
1228 3530 1491 3590 Concilio.

340 3601 370 3639 δ
415 3599 572 3655 Unus
603 3603 668 3656 de
699 3615 886 3675 structa
920 3604 1196 3658 Triuitute.
1235 3605 1505 3675 ASpcctaut
1551 3606 1666 3661 haec
1712 3609 1878 3661 verba

266 3685 549 3744 cntionem
579 3688 630 3744 t_v
661 3674 865 3744 quinta:
887 3675 1091 3744 Synodi
1117 3693 1130 3727 :
1167 3692 1186 3724 ί
1225 3673 1434 3742 Siquis
1463 3692 1569 3730 non
1590 3677 1880 3730 confitetur

264 3741 554 3794 unitatem
580 3741 870 3796 Dechrbi
901 3741 968 3796 ad
990 3759 1210 3797 carnem
1241 3741 1540 3798 animatum
1569 3747 1748 3798 anima
1787 3761 1878 3798 ra-

264 3809 535 3883 tionabili
558 3820 614 3866 et
641 3811 1030 3883 intellectuali,
1072 3814 1368 3883 secundum
1410 3815 1875 3883 compositionem,

268 3881 389 3936 sive
443 3881 748 3950 secundum
804 3883 1240 3947 subsistentiam,
1299 3882 1499 3937 laetam
1536 3881 1697 3950 'esse,
1739 3886 1881 3940 sicut

268 3951 453 4024 sancti
495 3949 684 4006 Patres
712 3951 1045 4024 docuerunt;
1088 3963 1143 4007 et
1183 3953 1304 4007 ideo
1343 3970 1506 4007 unam
1541 3955 1658 4024 ejus
1686 3949 1879 4011 Subsi-

270 4022 534 4092 steriliattt
558 4023 943 4092 compositam,
965 4024 1057 4092 qui
1087 4031 1170 4077 cst
1210 4024 1469 4078 Dominus
1506 4022 1693 4080 noster
1720 4024 1878 4082 Jcsus

271 4091 558 4158 Christus,
589 4091 728 4147 unus
773 4091 841 4148 de
870 4091 1060 4149 sancta
1092 4094 1358 4149 Trinitatc
1379 4135 1394 4161 ,
1427 4094 1549 4150 talis
1585 4097 1875 4152 anathema

272 4165 364 4217 sit.
413 4183 432 4216 ι

346 4246 368 4271 ε
416 4233 489 4288 In
522 4235 622 4287 hoc
663 4232 935 4304 Origenes,
977 4243 1087 4290 etc.
1139 4235 1272 4290 Vide
1326 4237 1773 4292 Dissertationem
1810 4237 1877 4291 de

276 4302 482 4370 Quinta
538 4302 776 4376 Synodo'
818 4304 1162 4372 subjunctam
1221 4306 1461 4364 liberati
1516 4305 1794 4361 Brevi-ario
1846 4323 1878 4360 a

276 4377 436 4431 nobis
462 4377 638 4430 edito.

345 4445 371 4484 ιι
414 4445 523 4513 Qui
554 4462 674 4516 cum
706 4446 849 4502 Deus
877 4447 966 4512 sit,
997 4455 1101 4502 etc.
1128 4445 1305 4502 Locus
1336 4449 1425 4503 hic
1466 4447 1755 4516 respondet
1789 4463 1880 4502 ca-

278 4518 404 4571 noui
460 4533 499 4571 ll
534 4515 764 4573 Concilii
797 4517 1185 4574 Laterancusis
1215 4519 1316 4573 sub
1344 4515 1575 4572 Martino
1605 4517 1644 4571 1.
1679 4517 1880 4572 Obser-

279 4589 522 4669 vandum
556 4604 712 4669 vero,
736 4588 876 4645 hanc
896 4598 952 4644 et
989 4598 1413 4669 consequentem
1435 4660 1445 4669 _
1453 4589 1873 4669 confessionem,

279 4659 742 4730 quemadmodum
770 4669 824 4715 et
855 4675 974 4730 qum
1000 4659 1070 4730 ab
1093 4659 1361 4727 Episcopo
1382 4659 1592 4730 editur,
1626 4668 1879 4729 acceptas

277 4741 397 4783 esse
426 4746 495 4784 ex
535 4728 773 4801 Synodis
795 4728 994 4797 Quinta
1024 4728 1378 4784 Laterancnsi
1407 4741 1462 4782 et.
1493 4729 1657 4784 Sexta
1676 4770 1690 4795 ,
1717 4728 1880 4801 atque

277 4811 342 4851 ex
379 4801 618 4922 cpistola
647 4800 967 4870 Agathonis.
1531 4803 1536 4806 ’

353 4880 376 4908 ο
447 4881 567 4922 uter
597 4871 709 4922 lucc
735 4871 1047 4922 veneranda.
1072 4881 1180 4922 etc.
1213 4870 1414 4922 Locum
1445 4873 1536 4922 Ιιιιι

353 4880 376 4908 ο
411 4870 567 4924 Inter
597 4871 709 4925 [nec
735 4871 1048 4938 veneranda,
1072 4881 1180 4928 etc.
1213 4870 1414 4926 Locum
1445 4873 1591 4927 hunc
1613 4888 1786 4942 usque
1813 4873 1882 4927 ad

280 4937 383 5013 ista
414 4943 623 5013 verba,
650 4958 787 4996 nexu
827 4944 1062 5013 perpetui
1111 4942 1463 5013 auat/aemulis
1515 4937 1880 4997 deuinxerant.

283 5007 569 5067 Launoius
592 5028 715 5066 cum
757 5007 1058 5082 accepisset
1086 5030 1116 5068 a
1148 5013 1309 5066 Patre
1338 5011 1557 5068 Labbeo
1583 5030 1649 5068 ex
1677 5013 1883 5068 Diurno

282 5091 494 5147 nostro,
519 5083 754 5138 inseruit
779 5084 1018 5153 epistolae
1051 5084 1118 5138 ad
1159 5083 1238 5137 Ra
1279 5085 1536 5138 mundum
1582 5083 1886 5138 Formenti-

283 5167 408 5206 num
429 5195 444 5208 .
470 5170 581 5208 uua
613 5161 800 5207 contra
844 5152 1188 5208 Cardinalem
1227 5099 1548 5208 Caietauum
1584 5155 1652 5208 de
1683 5155 1882 5208 summi

283 5167 408 5224 num
429 5195 444 5218 ,
470 5170 581 5224 qua
613 5152 1188 5209 contra’Cardinalem
1227 5152 1548 5222 Cajetauum
1584 5155 1652 5209 de
1683 5155 1882 5209 summi

283 5220 572 5296 Pontiﬁcis
602 5224 865 5295 dignitate
887 5225 1145 5296 disputat.

358 5295 377 5331 τ
425 5293 547 5369 Piaj
580 5293 886 5369 memoriter
916 5293 1046 5352 Post
1073 5297 1280 5369 obitum
1329 5297 1494 5369 igitur
1537 5293 1881 5352 Constantini

283 5360 550 5438 Pogonati
578 5367 845 5438 professio
876 5368 992 5422 hazc
1021 5368 1164 5422 edita
1192 5377 1295 5422 est.
1350 5360 1376 5369 ”
1739 5409 1744 5415 .

360 5439 382 5474 ε
427 5437 510 5490 Eo
544 5437 876 5506 prtesideute.
919 5438 976 5491 Id
1029 5446 1134 5502 est,
1177 5438 1532 5508 principalem
1579 5438 1756 5494 locum
1807 5447 1884 5492 te-

286 5517 449 5561 nente
481 5517 542 5562 et
580 5508 929 5572 moderante,
959 5508 1132 5561 instar
1166 5507 1404 5578 supremi
1452 5509 1731 5577 cujusdam
1779 5507 1883 5563 Co-

287 5579 548 5644 guitoris,
571 5579 842 5648 quomodo
867 5578 1161 5648 Gregorius
1186 5577 1641 5649 Illmperatorem
1688 5580 1880 5635 decere

291 5649 486 5703 scribit
516 5651 573 5704 in
596 5651 794 5705 litteris
823 5649 888 5704 ad
911 5649 1147 5704 Leonem
1179 5649 1444 5704 lsaurum.
1472 5651 1529 5705 ln
1560 5651 1729 5707 veteri
1749 5650 1882 5706 Bre-

288 5719 464 5774 viario
499 5721 762 5777 Ecclesia:
788 5721 1046 5791 Romana:
1067 5719 1281 5791 legitur
1309 5722 1583 5788 residente,
1613 5723 1668 5778 in
1720 5737 1878 5788 novo,

291 5793 890 5864 prasenterAlbertus
921 5790 1166 5864 Pighius,
1224 5791 1310 5864 vir
1362 5794 1694 5864 ceteroquin
1745 5794 1882 5849 bene

293 5860 526 5934 meritus
574 5863 640 5934 de
690 5862 949 5934 Ecclesia,
994 5860 1219 5918 Sextaut
1272 5861 1550 5934 Synodum
1578 5860 1883 5934 ‘conteudit

295 5926 467 5988 fuisse
495 5933 778 6003 politicum
803 5926 1086 5990 dumtaxat
1113 5926 1462 6002 conventum,
1486 5934 1572 5991 cui
1603 5933 1883 6005 praefuerit

2051 3392 2078 3431 ιι
2107 3391 2213 3446 Per
2233 3389 2430 3463 legatos
2457 3400 2506 3445 et
2531 3391 2876 3463 Responsales
2897 3408 3041 3447 suos.
3066 3392 3142 3447 De
3157 3392 3244 3447 his
3257 3391 3332 3463 ita
3349 3388 3408 3446 S.
3427 3391 3573 3462 Aga-

1982 3461 2076 3533 tho
2114 3463 2181 3517 ad
2236 3461 2654 3533 Constantinum
2703 3462 3138 3533 Imperatorem:
3191 3481 3210 3515 ε
3262 3461 3574 3517 Secundum

1980 3532 2283 3601 piissimam
2304 3531 2602 3601 iussionem
2626 3531 3056 3589 mansuetudinis
3084 3542 3300 3595 vestrae,
3319 3547 3419 3602 pro
3447 3533 3578 3587 obe-

1982 3603 2184 3657 dientia
2215 3619 2378 3673 quam
2421 3603 2725 3673 debuimus,
2760 3620 2865 3657 non
2903 3618 3004 3673 pro
3031 3603 3356 3673 confidentia
3387 3616 3578 3656 eorum

1984 3673 2252 3742 scientiae,
2279 3672 2564 3742 dirigimus
2601 3672 2920 3742 przesentcs
2942 3672 3282 3728 confamulos
3333 3680 3577 3738 nostros,

1983 3740 2424 3806 Abundantium,
2448 3740 2711 3796 Joannem
2729 3783 2743 3807 ,
2771 3751 2826 3798 et
2854 3741 3114 3799 Joannem
3133 3784 3148 3807 ,
3190 3742 3578 3799 reverendissi-

1987 3827 2107 3884 mos
2128 3811 2326 3884 fratres
2358 3821 2573 3868 nostros
2596 3813 2925 3884 Episcopos;
2960 3814 3303 3870 Theodorum
3328 3821 3386 3869 et
3407 3812 3577 3868 Geor-

1985 3882 2160 3956 gium,
2185 3882 2567 3956 dilectissimos
2597 3882 2738 3956 filios
2786 3882 3003 3940 nostros
3036 3885 3412 3956 Presbyteros,
3449 3899 3576 3939 cum

1983 3953 2336 4010 dilectissimo
2364 3953 2474 4008 filio
2504 3962 2688 4011 nostro
2709 3955 2917 4011 Joanne
2937 3953 3286 4022 Diaeono,'et
3310 3955 3579 4011 Constan-

1985 4024 2102 4098 tino
2127 4023 2472 4098 Subdiacono
2500 4034 2704 4082 sanctae
2734 4027 2895 4098 hujus
2922 4027 3185 4098 spiritalis
3217 4027 3410 4081 matris
3435 4023 3579 4094 Apo-

1983 4095 2189 4168 stolicre
2213 4095 2390 4160 sedis;
2441 4111 2656 4168 necnon
2688 4106 2743 4152 et
2774 4095 3120 4168 Theodorum
3150 4097 3572 4168 Presbyterum,

1981 4163 2244 4238 Legatum
2274 4175 2476 4238 sanetae
2515 4167 2847 4238 Ravennatis
2887 4167 3180 4234 Ecclesiae,
3206 4176 3262 4224 et
3290 4163 3578 4238 religiosos

1985 4248 2170 4288 servos
2201 4235 2294 4289 Dei
2322 4236 2638 4300 Monachos,
2663 4246 2768 4292 etc.
2806 4258 2826 4289 ι

2055 4305 2215 4359 Circa
2240 4305 2385 4377 hunc
2405 4307 2943 4377 lpcumpbservanda
2968 4309 3228 4377 quinque.
3257 4305 3300 4361 1.
3327 4305 3579 4362 Theodo-

1986 4391 2106 4430 rum
2142 4383 2198 4428 et
2240 4374 2531 4449 Georgium
2582 4374 3362 4449 Presbyterosﬂoan—nemque
3391 4377 3580 4449 Diaco-

1986 4460 2134 4518 num,
2170 4445 2408 4518 tenuisse
2443 4445 2623 4501 locum
2672 4445 2970 4518 Agathonis
3015 4449 3212 4505 summi
3258 4445 3575 4510 Pontiﬁcis;

1983 4517 2389 4592 abundantiam
2409 4527 2634 4592 veroet
2661 4517 2952 4592 utrumque
2984 4519 3248 4592 Joannem
3278 4521 3579 4592 Eplscopos

1985 4585 2349 4660 occidentalis
2378 4587 2627 4660 Concilii
2672 4585 2941 4660 legatio—ne
2986 4590 3201 4646 functos
3235 4585 3355 4648 esse
3387 4610 3400 4646 :
3433 4585 3580 4646 unde

1904 4679 1957 4740 D
2087 4667 2214 4740 ante
2242 4658 2607 4740 Patriarchas,
2626 4661 2716 4715 isti
2731 4658 2862 4740 post
2886 4661 3237 4740 Patriarchas
3260 4670 3574 4740 censentur.

1986 4729 2080 4785 Sic
2107 4730 2252 4784 enim
2282 4730 2482 4784 habent
2511 4740 2671 4786 acta:
2707 4729 3116 4788 (Conveniente
3137 4741 3322 4788 sancta
3361 4741 3417 4788 et
3455 4733 3580 4787 uni-

1984 4799 2452 4886 versal'imSynodo,
2481 4808 2612 4886 βίᾳ,
2630 4803 2684 4886 id
2709 4803 3117 4886 es_t,'Theodoro
3141 4811 3196 4858 et
3223 4803 3453 4886 εἶξιν-δίο
3483 4819 3580 4857 ve-

1986 4870 2320 4926 nerabilibus
2343 4870 2707 4942 Presbyteris,
2729 4883 2785 4929 et
2802 4873 3011 4930 Joanne
3025 4875 3324 4930 venerabili
3346 4870 3575 4929 diacono

1990 4943 2160 5013 vicem
2194 4943 2480 5011 agentibus
2509 4945 2810 5013 Agathonis
2839 4946 3169 5000 sanctissimi
3193 4953 3246 5002 et
3270 4942 3577 5013 beatissimi

1987 5011 2396 5088 Archicpiscopi
2425 5011 2663 5088 antiqua:
2693 5016 2896 5083 Romae,
2929 5025 2986 5072 et
3018 5015 3254 5088 Georgio
3275 5011 3576 5088 venerabili

1990 5084 2438 5159 ac_sauctissimo_
2467 5083 2886 5159 Archiepiscopo
2940 5103 3150 5159 magum
3167 5083 3578 5159 Constantino-

1991 5153 2176 5222 poleos
2218 5170 2370 5224 nova:
2407 5155 2611 5221 Romae,
2644 5153 2699 5212 et
2739 5153 2900 5214 Petro
2935 5153 3058 5214 Deo
3076 5157 3296 5213 amabili
3339 5154 3578 5224 Presby-

1992 5233 2110 5278 tero
2136 5233 2192 5280 et
2231 5223 2514 5291 Monacho,
2542 5227 2721 5283 locum
2753 5239 3002 5285 servante
3027 5230 3172 5284 sedis
3212 5239 3420 5291 magna:
3451 5223 3582 5278 ciri-

1990 5296 2120 5349 tatis
2156 5295 2530 5366 Alexandri-.e,
2575 5308 2629 5354 et
2671 5299 2908 5356 Macario
2950 5295 3248 5366 venerabili
3295 5295 3583 5366 Archiepi-

1991 5380 2154 5451 scopo
2197 5365 2906 5451 il‘heopplwsﬁntiochim,
2953 5377 3018 5450 et.
3045 5365 3277 5451 Georgio
3321 5365 3579 5451 religiOSo

1992 5435 2646 5510 PresbyteroMouacho,
2689 5451 2745 5496 et
2773 5435 3142 5510 Apocrisiario
3179 5435 3577 5510 Theodoriive-

1991 5508 2249 5562 nerabilis
2276 5509 2476 5564 Vicarii
2503 5512 2647 5567 sedis
2671 5507 3184 5578 Hierosolymorum,
3217 5509 3425 5566 Joanne
3447 5507 3574 5578 Epi-

1989 5594 2152 5650 scopo
2194 5580 2499 5652 Portuensi,
2531 5581 2880 5652 Abundantio
2919 5579 3448 5652 Episcopoicivitatis
3473 5579 3579 5631 Pa-

1992 5649 2262 5722 teruensis
2289 5692 2303 5715 ,
2353 5649 2560 5706 Joanne
2600 5651 2867 5722 Episcopo
2909 5649 3149 5708 civitatis
3197 5650 3575 5722 Rhegithanaa,

1988 5721 2166 5807 locum
2192 5721 2653 5807 praesentantibus
2670 5730 2890 5807 centum
2924 5723 3113 5807 viginti
3137 5721 3380 5807 quinque
3406 5732 3573 5807 vene-

1987 5791 2238 5873 rabilium
2255 5793 2641 5873 Episcoporum
2654 5791 3063 5873 sanctiﬁoncilii
3080 5791 3318 5873 antiquae
3330 5791 3536 5873 Romfe-
3549 5809 3568 5841 ›

2059 5864 2122 5918 ll.
2145 5860 2589 5935 ‘Constare‘inde,
2613 5860 2844 5934 quarum
2875 5867 3156 5920 civitatum
3186 5860 3435 5935 Episc0pi
3458 5860 3576 5915 fue-

1991 5935 2102 5991 rint
2127 5931 2502 5990 Abundantius
2523 5944 2579 5990 et
2603 5931 2833 6008 uterque
2867 5935 3104 5994 Joannes
3135 5949 3151 5989 :
3181 5931 3412 6008 quarum
3437 5942 3574 5985 vero
