4062 6448
469 471 534 531 ε,
1817 455 2019 518 uses
2053 452 2362 512 DIURNUS
3668 452 3740 512 52

472 599 573 656 tes,
601 603 697 645 eos
722 586 815 659 qui
841 597 982 640 novo
1008 588 1063 638 et
1090 578 1346 636 haeretico
1370 579 1620 649 dogmate
1647 572 2049 630 immaculatam
2074 571 2130 636 Α
2150 578 2394 642 peccato,
2411 569 2536 640 quia
2565 567 2620 624 in
2649 581 2709 623 se
2733 564 2946 622 salvare
2966 570 3142 659 totum
3155 559 3450 659 hominem
3473 577 3736 659 venerat;

472 683 572 739 Dei
602 679 901 736 Eeclesiam
928 675 1170 746 polluere
1197 673 1530 737 nitebantur,
1559 677 1614 725 et
1641 681 1854 724 errasse
1874 664 2052 719 mani-

471 772 665 830 festius
694 770 1083 842 probaverunt,
1107 771 1163 819 et
1188 778 1314 819 cum
1343 762 1427 818 sui
1456 761 1659 817 erroris
1689 771 1717 801 ι
1751 756 2048 823 sutoribus,

470 871 637 934 atque
680 859 1013 925 fautoribus,
1058 863 1323 928 perpetuo
1368 855 1712 911 anathemate
1760 851 2054 906 damnave-

471 960 621 1010 runt.

541 1043 713 1099 Recte
741 1050 906 1112 atque
922 1039 1196 1096 veraciter
1221 1042 1541 1102 statuentes,
1571 1035 1713 1090 sicut
1739 1033 1872 1088 duas
1891 1031 2056 1087 unius

474 1133 695 1190 Domini
721 1131 897 1188 nostri
925 1130 1055 1187 Jesu
1076 1128 1278 1186 Christi
1310 1135 1550 1192 naturas,
1579 1125 1636 1179 id
1659 1131 1761 1205 est,
1792 1122 2054 1176 deitatem

471 1235 529 1282 et
553 1225 965 1292 humanitatem,
994 1219 1150 1292 cujus
1169 1221 1304 1277 duas
1329 1219 1644 1274 nativitates
1689 1231 1810 1272 esse
1854 1228 2057 1286 cogno-

473 1318 699 1383 scimus,
729 1317 797 1372 de
822 1314 986 1371 Patre
1010 1313 1282 1380 videlicet,
1309 1328 1376 1368 ex
1405 1319 1640 1376 aeterno;
1668 1309 1734 1364 de
1755 1315 1950 1372 matre,
1987 1306 2058 1362 de

475 1423 585 1479 qua
610 1407 923 1464 humanitas
962 1406 1014 1461 ei
1041 1406 1293 1471 accessit,
1322 1420 1390 1460 ex
1432 1411 1676 1472 tempore
1725 1414 1740 1454 :
1788 1400 1864 1455 ita
1920 1399 2058 1453 duas

475 1515 696 1572 quoque
721 1499 1054 1555 substantias
1082 1497 1244 1552 unius
1265 1495 1617 1565 ejusdemque
1641 1506 1888 1562 personae
1925 1505 2058 1545 con-

472 1593 715 1656 ﬁtemur,
741 1591 898 1662 juxta
931 1588 1339 1644 subsistentiam
1367 1588 1568 1651 unitas,
1595 1598 1662 1638 ex
1692 1584 1890 1653 quibus
1914 1589 1971 1636 et
1998 1581 2054 1636 in

472 1685 672 1756 quibus
697 1684 840 1738 idem
867 1682 1128 1738 Dominus
1171 1687 1357 1736 noster
1396 1678 1554 1734 Iesus
1598 1675 1848 1731 Christus
1885 1673 2056 1729 Filius

472 1774 578 1847 41,
609 1774 728 1840 Dei,
745 1782 802 1830 et
829 1773 1201 1838 adnuntiatur,
1225 1779 1280 1827 et
1299 1770 1539 1827 creditur
1566 1786 1579 1822 :
1602 1768 1730 1838 quia
1749 1773 1894 1820 totus
1913 1765 2055 1819 Deus

470 1869 624 1920 totus
655 1864 832 1920 factus
858 1872 945 1920 est
967 1866 1152 1929 homo,
1175 1871 1229 1917 et
1282 1863 1336 1916 in
1385 1861 1498 1915 suis
1549 1861 1758 1930 integer
1805 1871 2054 1922 manens,

2152 662 2228 717 ita
2269 675 2485 732 quoque
2527 666 2584 714 et
2640 660 2772 714 duas
2827 656 3106 712 naturales
3155 654 3356 711 habere
3409 657 3739 729 voluntates,

2153 753 2394 823 duasque
2422 749 2699 806 naturales
2723 749 3088 819 operationes,
3107 748 3406 805 secundum
3427 762 3744 810 sanctorum

2152 841 2378 898 Patrum
2401 841 2724 906 doctrinam,
2749 839 3134 894 decreverunt.

2223 933 2252 973 b
2281 932 2512 987 Antores
2553 945 2686 986 vero
2733 931 2858 986 novi
2889 930 3131 987 haeretici
3161 931 3428 1004 dogmatis
3471 934 3742 1008 Sergium,

2081 992 2094 1006 ’
2151 1024 2436 1097 Pyrrhum,
2464 1022 2716 1089 Paulum,
2741 1031 2797 1078 et
2823 1021 3047 1079 Petrum
3092 992 3744 1098 Consisntinopolitiinos;

2157 1127 2180 1158 ο
2217 1131 2324 1172 una
2344 1131 2468 1172 eum
2496 1115 2759 1182 Honorio,
2787 1116 2880 1186 qui
2911 1115 3095 1186 pravis
3138 1132 3326 1174 eorum
3356 1121 3747 1176 assertionibus

2153 1211 2454 1267 fomentum
2477 1209 2741 1280 impendit
2766 1224 2780 1275 ;
2807 1209 3124 1280 pariterque
3149 1218 3204 1266 et
3231 1211 3578 1268 Theodorum
3606 1214 3750 1268 Pha~

2154 1306 2489 1370 ranitanum,
2538 1311 2594 1359 et
2640 1302 2843 1374 Cyrum
2888 1303 3336 1370 Alexandrinum,
3387 1321 3510 1361 cum
3559 1323 3749 1362 eorum

2154 1395 2540 1459 imitatoribus,
2571 1394 2840 1464 simulque
2863 1401 2919 1450 et
2945 1394 3067 1460 hos,
3091 1396 3183 1465 qui
3210 1395 3468 1452 haeretica
3495 1398 3752 1470 dogmata

2157 1496 2346 1544 contra
2390 1487 2683 1542 veritatem
2734 1487 2859 1542 ﬁdei
2902 1487 3238 1559 synodaliter
3265 1487 3599 1544 declaratam
3643 1488 3750 1563 42

2157 1588 2318 1650 atque
2347 1580 2715 1650 praedicatum,
2753 1580 3107 1650 pertinaciter
3133 1579 3515 1638 defendebant.

2226 1671 2529 1728 Pessimum
2585 1672 2751 1725 etiam
2803 1679 2858 1726 et
2908 1671 3020 1726 Deo
3075 1671 3331 1728 odibilem
3377 1673 3404 1713 ει
3454 1674 3754 1730 Macarium

2159 1764 2306 1838 (cum
2349 1763 2469 1834 ejus
2500 1764 2785 1834 discipulo,
2819 1773 2876 1820 et
2903 1765 3166 1836 magistro
3209 1765 3523 1836 impietatis,
3562 1778 3586 1806 ο
3633 1766 3757 1822 Ste-

2156 1859 2362 1928 phano,
2419 1857 2440 1898 ί
2494 1865 2550 1913 et
2591 1857 2955 1929 Polychronio
3005 1858 3177 1915 deliro
3227 1875 3378 1927 sene,
3409 1863 3436 1902 ε
3484 1877 3629 1918 novo
3673 1859 3756 1917 Si-

473 1957 640 2012 etiam
675 1955 732 2010 in
779 1955 981 2011 nostris
1027 1953 1301 2024 perfectus
1349 1950 1629 2022 apparuit,
1683 1948 1890 2018 absque
1939 1947 2056 2003 solo
2083 1946 2133 2006 B
2157 1947 2342 2020 mone)
2368 1963 2492 2004 cum
2519 1948 2770 2004 omnibus
2805 1948 3078 2004 haereticis
3112 1949 3331 2020 scriptis
3357 1958 3524 2022 atque
3558 1965 3760 2022 sequa-

474 2110 845 2167 Eeclesiarum
879 2107 1190 2164 Cardinales
1224 2103 1547 2178 Presbyteri
1567 2102 1768 2157 fuerint
1808 2101 2057 2178 Theodo-

472 2197 569 2236 rus
602 2190 656 2235 et
688 2180 954 2250 Georgius
988 2197 999 2232 :
1030 2179 1183 2248 cujus
1213 2173 1491 2250 Diaconiaa
1517 2173 1773 2250 Joannes,
1811 2173 2055 2250 ignotum

473 2261 577 2307 est.
605 2243 863 2306 Joannes.
884 2258 1064 2304 autem
1094 2243 1343 2319 'quinque
1370 2248 1575 2319 a‘bhino
1600 2244 1756 2319 annis
1795 2243 2056 2319 snecessit

473 2322 764 2377 Benedicto
802 2320 847 2375 ll
872 2335 995 2376 cum
1022 2314 1362 2391 Agathonem
1389 2315 1500 2373 Leo
1532 2315 1578 2370 ll
1615 2315 1852 2371 Leonem
1880 2314 2056 2369 Bene-

475 2393 654 2449 dictus
673 2393 996 2461 excepisset.

543 2463 627 2517 lll.
667 2456 958 2518 Monachus
980 2503 995 2528 ,
1028 2476 1256 2528 quorum
1288 2459 1492 2514 mentio
1520 2457 1582 2512 fit
1603 2473 1634 2512 a
1659 2456 1943 2528 Pontiﬁce,
1970 2471 2056 2528 τε·

473 2534 686 2589 censeri
726 2536 780 2588 in
832 2527 989 2587 actis.
1039 2527 1177 2586 Sunt
1221 2539 1398 2585 autem
1439 2529 1563 2583 illi:
1601 2546 1620 2578 ι
1675 2527 2057 2596 Theophanius

473 2601 765 2676 Presbyter
791 2612 846 2658 et
881 2603 1063 2676 Abbas
1105 2601 1431 2676 venerabilis
1475 2599 1787 2676 Monasterii
1821 2597 2054 2676 _Sicilim,

512 2677 617 2747 uod
644 2668 1167 2747 cognominatur-ad
1183 2672 1360 2747 Bajas,
1393 2669 1657 2747 Georgius
1685 2668 1982 2747 Presbvter
2003 2676 2058 2722 et

528 2741 770 2800 onachtis
799 2742 1108 2800 Monasterii
1133 2741 1325 2814 Renati
1351 2741 1596 2814 positi_i_n~
1613 2741 1839 2814 antiqua
1861 2741 2052 2804 Roma,

472 2815 661 2887 Conon
682 2825 735 2887 ct
761 2815 1070 2887 Stephanus
1096 2809 1406 2887 Presbyteri
1429 2820 1485 2887 et
1516 2811 1763 2887 Monachi
1791 2809 2058 2887 Monaste-

472 2886 564 2956 rii,
593 2886 737 2956 quod
775 2879 1185 2956 cognominatur
1208 2879 1412 2938 Domus
1439 2881 1680 2951 Arsicia,
1709 2880 1873 2952 positi
1909 2879 2060 2935 simi—

471 2955 599 3010 liter
616 2955 676 3011 in
703 2955 916 3012 seniore
945 2956 1137 3010 Roma.
1173 2975 1193 3008 ι

545 3025 636 3081 1V.
681 3027 893 3082 Nullam
923 3027 1040 3081 fieri
1087 3025 1424 3081 Constantini
1457 3023 1784 3080 Subdiaconi
1827 3022 2054 3077 mentio-

472 3112 598 3152 nem
627 3097 682 3152 in
707 3099 866 3160 actis,
899 3097 1157 3167 quoniam
1183 3098 1237 3150 in
1268 3095 1530 3152 Coneiliis
1567 3094 1746 3150 nullus
1786 3102 1924 3162 erat,
1953 3093 2059 3148 nisi

471 3167 672 3238 Episco
711 3169 777 3233 is,
811 3167 1149 3239 Presbyteris
1171 3176 1224 3222 et
1249 3167 1504 3222 Diaconis
1528 3167 1700 3221 locus.

547 3237 609 3292 ν.
648 3185 728 3294 ἐκ
760 3241 846 3294 his
890 3239 982 3294 uui
1015 3238 1164 3293 missi
1209 3247 1350 3294 sunt.
1401 3237 1700 3292 Pontificatl

547 3237 609 3292 ν.
648 3235 728 3294 Ex
760 3241 846 3295 his
890 3235 995 3308 qui
1015 3238 1164 3293 missi
1209 3247 1350 3304 sunt,
1401 3237 1784 3292 Pontificatum
1830 3235 2061 3308 gessisse

472 3317 608 3374 tres,
644 3309 932 3374 Joannem,
964 3309 1259 3374 Cononem,
1291 3318 1347 3363 et
1387 3309 1825 3373 Constantinum,
1871 3321 2062 3376 quam-
2088 3313 2133 3376 C

472 3395 639 3448 quam
677 3380 744 3434 de
782 3380 1000 3436 Conone
1043 3379 1306 3435 Mouacbo
1353 3379 1663 3435 subdubito.
1715 3377 2060 3432 Theodorum

473 3449 563 3506 bis
607 3449 776 3506 fuisse
826 3451 1134 3506 schismatis
1184 3465 1430 3515 causam,
1475 3449 1645 3504 semel
1691 3464 1816 3504 cum
1859 3448 2066 3503 electus

473 3519 686 3592 Conon,
715 3521 912 3576 iterum
938 3537 1061 3576 eum
1087 3520 1330 3592 Sergius.

550 3603 592 3663 I_
606 3591 920 3646 Auctoribus
949 3602 1103 3663 atque
1129 3589 1443 3661 fautoribus.
1477 3589 1623 3663 _Ipsis
1651 3591 1836 3654 etiam,
1865 3590 1910 3663 si
1942 3589 2067 3644 licet

477 3661 557 3734 ita
580 3661 749 3731 loqui,
780 3659 1066 3734 negativis,
1099 3659 1186 3730 qui
1217 3676 1412 3734 nempe
1444 3659 1603 3734 silent
1646 3663 1736 3716 ubi
1764 3659 2066 3716 vociferan-

475 3732 626 3797 tium,
673 3742 731 3787 et
775 3732 987 3802 se'pra:
1025 3734 1216 3856 ignava
1266 3733 1550 3802 prudentia
1597 3736 1897 3792 continent,
1941 3748 2064 3787 cum

475 3805 872 3856 perrumpenda
896 3811 1003 3856 est.
1079 3819 1142 3856 eo
1180 3803 1418 3856 iubente.
1468 3805 1746 3856 iniuuitas.
1796 3803 2062 3856 Innocen—

471 3805 872 3873 perrumpeuda
896 3811 1003 3866 est,
1031 3803 1142 3857 Deo
1174 3803 1418 3872 jubente,
1468 3805 1746 3873 iniquitas.
1796 3803 2062 3857 Innocen—

474 3871 586 3927 tius
613 3872 653 3926 Ι.
685 3890 703 3923 ι
733 3871 850 3926 Non
881 3873 1106 3926 multum
1139 3871 1399 3928 interesse
1443 3871 1680 3928 arbitror
1710 3875 1851 3928 inter
1875 3874 2067 3927 conni-

476 3943 659 3999 ventis
691 3943 953 4013 _animum
980 3951 1035 3998 et
1064 3944 1454 3998 consentientis
1495 3944 1756 3998 favorem.
1790 3962 1808 3995 ›
1851 3943 1917 3997 Et
1944 3949 2070 4013 post

475 4028 544 4068 ea
571 4030 583 4065 :
613 4030 633 4064 ‹
690 4011 1134 4082 Perspiciendum
1182 4022 1309 4078 est,
1358 4027 1427 4067 ne
1473 4014 1834 4084 permittendo
1890 4011 2063 4084 lupos,

478 4084 806 4154 mercenarii
834 4087 1035 4154 magis,
1057 4084 1348 4154 videamur
1364 4098 1486 4138 esse
1538 4099 1697 4152 quam
1740 4093 2008 4152 pastores.
2040 4105 2060 4138 ι

477 4153 653 4227 Epist.
693 4154 762 4210 ad
791 4152 958 4227 Cone}
982 4153 1212 4227 Hilevit.
1245 4152 1564 4227 _leestinus
1605 4155 1625 4208 ι
1661 4156 1729 4210 ad
1771 4156 2067 4227 Episcopus

473 4223 702 4308 Calliae“:
741 4243 760 4277 ί
792 4224 852 4280 In
882 4225 1080 4307 talibus
1107 4224 1289 4308 causis
1327 4239 1435 4308 non
1469 4233 1620 4308 caret
1635 4223 1950 4308 suspicione
1970 4223 2068 4308 ta-

476 4295 784 4359 citurnitas,
816 4296 907 4370 _eui
928 4303 1245 4352 occurreret
1268 4295 1489 4360 veritas,
1536 4296 1581 4350 si
1630 4295 1839 4370 falsitas
1884 4298 2067 4370 displi-

471 4375 658 4437 ceret:
692 4368 890 4422 merito
918 4381 1152 4435 namque
1186 4379 1351 4420 causa
1381 4381 1482 4423 nos
1509 4368 1746 4437 respicit,
1777 4369 1822 4424 si
1849 4368 2068 4424 silentio

475 4435 760 4492 faveamus
786 4437 983 4491 errori.
1015 4455 1035 4487 ι

550 4508 580 4579 ξ»
609 4507 834 4579 Amores
882 4506 1312 4579 novigdogmatis,
1344 4514 1449 4579 etc.
1479 4507 1683 4578 Dogma
1712 4509 1962 4579 intelligit
2001 4510 2068 4564 de

475 4576 640 4632 unica
671 4576 949 4648 voluntate
968 4575 1190 4642 Christi,
1213 4579 1358 4648 quod
1393 4578 1523 4634 licet
1546 4575 1724 4648 reipsa
1755 4595 1863 4633 non
1890 4575 2068 4634 differ-

2158 2103 2414 2159 cessisset
2442 2103 2760 2158 auctoritas.
2791 2121 2811 2155 »
2843 2101 2935 2158 Sic
2960 2117 3019 2160 se
3046 2102 3210 2159 habet
3235 2102 3510 2160 Anastasii
3542 2104 3753 2172 versio,

2157 2173 2379 2230 Grtecus
2409 2181 2591 2229 textus
2618 2174 2776 2242 paulo
2802 2173 2977 2228 aliter.

2230 2244 2638 2299 Observandum
2667 2244 2996 2298 Hadrianum
3024 2243 3068 2298 ll
3106 2243 3489 2300 Pontificatum
3522 2245 3752 2302 inivisse

2160 2330 2302 2370 anno
2330 2315 2453 2381 867,
2485 2323 2646 2383 atque
2666 2315 2800 2369 adeo
2831 2314 2972 2369 hanc
3001 2315 3170 2384 ipsam
3193 2314 3590 2383 professionem
3616 2317 3747 2373 fidei

2160 2387 2416 2450 edidisse,
2445 2401 2569 2440 cum
2596 2385 2830 2453 primum
2861 2386 3050 2440 sedere
3079 2387 3266 2455 erepit.

2232 2457 2641 2531 Observandum
2672 2456 2896 2531 pariter
2939 2472 3005 2510 ex
3054 2456 3314 2531 Hadriani
3365 2458 3550 2513 verbis
3585 2473 3762 2531 posse

2164 2527 2412 2598 componi
2440 2527 2822 2598 altercationes
2847 2542 3038 2582 omnes
3078 2527 3182 2582 hac
3206 2529 3273 2581 de
3300 2544 3359 2583 re
3391 2527 3758 2586 moveri—soli-

2164 2606 2247 2652 tas
2272 2595 2436 2675 {quis
2464 2598 2607 2652 enim
2631 2595 2830 2668 Papam
2849 2606 3081 2662 asserat,
3106 2605 3198 2675 aut
3221 2606 3383 2675 tantae
3405 2615 3584 2675 causa:
3606 2601 3758 2675 igna-

2163 2685 2284 2724 rum
2325 2669 2514 2733 fuisse,
2544 2676 2638 2721 aut
2663 2677 2867 2724 temere
2896 2669 3224 2724 sententiam
3253 2670 3457 2726 dixisse
3479 2672 3504 2724 ?

2234 2738 2261 2777 ἀ
2291 2739 2606 2794 Macarium.
2638 2739 3053 2810 AAntiocbenum
3095 2739 3443 2810 Episcopum,
3491 2742 3762 2798 adversus

2164 2825 2329 2936 gnem
2380 2819 2485 2864 act.
2539 2811 2592 2865 8.
2629 2808 2796 2864 Sexta
2846 2809 3094 2891 Synodus
3147 2808 3512 2868 exclamavit:
3553 2831 3574 2864 ι
3611 2812 3764 2870 Novo

2215 2882 2427 2936 ioscoro
2457 2880 2767 2936 anathema.
2817 2881 3124 2936 huiusmodi
3155 2882 3495 2936 deponatur:
3553 2899 3762 2936 novum

2215 2882 2427 2936 ioscoro
2457 2880 2767 2945 anathema,
2817 2880 3124 2949 hujusmodi
3155 2882 3495 2949 deponatur:
3553 2899 3762 2940 novum

2165 2952 2486 3007 Dioscorum
2515 2951 2663 3006 foras
2690 2953 2882 3006 mitte:
2918 2967 3059 3007 novo
3105 2951 3438 3022 Apollinario
3466 2955 3644 3009 malos
3667 2971 3766 3012 an-

2165 3038 2266 3077 nos
2291 3041 2303 3076 :
2337 3023 2540 3094 merito,
2561 3023 2628 3075 ab
2655 3023 2920 3094 Episcopo
2946 3023 3229 3090 alienetur,
3263 3025 3498 3080 nudetur
3524 3025 3764 3082 cireum-

2165 3094 2342 3165 posito
2368 3093 2416 3146 ei
2433 3093 2691 3165 pallio.)

2239 3177 2261 3205 ο
2295 3163 2579 3234 Stephano.
2625 3163 2751 3218 Fuit
2797 3163 2890 3219 ille
2936 3162 3234 3221 Monachus
3280 3173 3336 3220 et
3385 3164 3765 3223 Antiochenus

2166 3236 2473 3306 Presbyter,
2512 3234 2734 3308 Macarii
2756 3235 3051 3306 discipulus
3090 3245 3144 3308 et
3172 3235 3473 3307 Synccllus,
3503 3239 3762 3308 pertinax

2165 3307 2222 3380 in
2253 3321 2456 3380 errore,
2485 3307 2752 3380 adversus
2775 3323 2937 3377 quem
2977 3307 3335 3380 conclamavit
3376 3308 3628 3380 Synodus
3654 3315 3761 3380 act.

2167 3378 2219 3433 9.
2248 3395 2267 3428 ‹
2298 3377 2625 3451 Hmreticum
2658 3377 2804 3451 foras
2855 3379 3010 3451 mitte
3034 3397 3047 3431 :
3069 3395 3220 3451 _novo
3256 3377 3541 3451 Eutycheti
3584 3379 3763 3434 malos

2168 3463 2549 3502 annosznovo
2594 3448 2929 3519 Apollinario
2979 3449 3149 3504 malos
3194 3448 3394 3503 annos:
3437 3450 3760 3505 limreticum

2167 3519 2315 3592 foras
2345 3521 2497 3592 mitte
2520 3539 2542 3592 :_
2576 3528 2630 3574 et
2667 3521 2928 3592 impulsus
2976 3519 3409 3592 estistephanns
3459 3520 3759 3592 discipulus

2168 3589 2409 3654 Macarii,
2435 3597 2491 3644 et
2520 3590 2666 3645 foras
2693 3589 2908 3648 missus.
2946 3611 2963 3643 ι
2997 3589 3213 3645 Habuit
3239 3604 3401 3659 porro
3429 3597 3483 3644 et
3526 3589 3643 3657 ipse
3679 3589 3765 3643 di-

2168 3661 2433 3732 scipulum
2463 3661 2774 3732 Tyrannum
2799 3664 3121 3728 Bardanem,
3150 3669 3212 3716 ut
3231 3668 3314 3716 est
3334 3660 3389 3717 in
3415 3660 3764 3732 peroratione

2165 3733 2468 3804 Agathonis
2498 3733 2737 3790 Diaconi.

2244 3803 2265 3842 τ
2301 3805 2367 3858 Et
2407 3803 2759 3874 Polychrom'o
2799 3803 2964 3859 delira
2992 3821 3130 3859 sene.
3161 3803 3373 3859 Delirus
3404 3803 3622 3874 dicitur,
3652 3816 3764 3856 non

2166 3882 2378 3930 tantum
2413 3873 2633 3945 propter
2654 3891 2874 3940 nomen,
2899 3876 3042 3944 quod
3072 3875 3251 3928 multa:
3275 3873 3449 3927 aetatis
3479 3873 3758 3945 hominem

2169 3943 2478 4018 significat;
2514 3943 2622 4000 _sed
2652 3943 3101 4018 ietiam_prop.ter
3142 3952 3358 3997 aetatem
3389 3959 3400 3995 :
3447 3949 3568 4018 erat
3612 3943 3761 3996 enim

2170 4010 2299 4072 tunc
2352 4017 2700 4084 octogenario
2755 4010 2947 4082 major.
2981 4010 3185 4084 “Senex
3230 4027 3394 4084 porro
3448 4010 3667 4084 dicitur,
3707 4017 3764 4084 et

2170 4032 2299 4072 tunc
2352 4032 2474 4071 00ῐο
2513 4032 2700 4071 81131⁸10
2755 4032 2947 4082 major.
3009 4032 3185 4067 DCIICI
3230 4032 3394 4084 pOI‘I'O
3448 4032 3667 4076 UlCllllI‘,
3707 4032 3762 4066 Cl

2170 4089 2387 4156 quidem
2410 4032 2646 4141 defirus:
2680 4101 2802 4140 nam
2827 4085 2879 4138 in
2913 4083 3101 4156 suaiad
3123 4085 3510 4156 Imperatorem
3529 4081 3762 4153 epistola

2168 4155 2356 4214 narrat
2385 4158 2494 4209 visa
2521 4156 2724 4212 deliriis
2753 4164 2807 4209 et
2838 4155 3062 4210 somniis
3090 4155 3310 4208 similia.

2243 4230 2268 4267 ε
2300 4226 2449 4279 Νουο
2496 4225 2728 4281 Simone.
2776 4225 2904 4281 lnde
2948 4225 3189 4281 corrigas
3219 4233 3372 4279 vetus
3409 4222 3754 4280 Breviarium

2169 4299 2496 4360 Romanum,
2522 4297 2583 4366 in
2599 4296 2737 4352 festo
2768 4296 2825 4351 S.
2866 4296 3034 4352 Leon.
3067 4293 3127 4360 ll,
3161 4297 3217 4351 in
3243 4303 3436 4366 quarta
3478 4293 3760 4366 Lectione,

2168 4368 2258 4451 ubi
2288 4367 2504 4451 legitur,
2530 4365 2962 4451 _Polychronius,
3016 4364 3554 4451 Novus,‘et‘Simon,
3605 4364 3763 4447 quasi

2171 4447 2280 4492 tres
2304 4435 2504 4492 fuerint
2530 4435 2800 4505 homines,
2827 4447 2882 4493 et
2925 4452 3031 4492 non
3077 4447 3188 4494 tres
3231 4443 3440 4492 tantum
3470 4435 3637 4491 voces
3663 4435 3759 4490 uni

2169 4509 2576 4580 convenientes.
2627 4508 2798 4565 Porro
2847 4510 3024 4564 dictus
3055 4517 3138 4564 est
3166 4525 3195 4564 a
3237 4507 3435 4580 populo
3463 4522 3637 4562 novus
3677 4505 3763 4562 Si—

2168 4595 2316 4644 mon,
2349 4579 2532 4658 b‘lagus
2557 4580 2783 4658 scilicet,
2809 4587 2932 4658 post
2958 4580 3224 4658 detectam
3240 4579 3763 4658 imposturam,_qua

476 4648 660 4730 πει-αξ)
683 4647 1044 4730 Ευιγοιιὶδηο,
1073 4663 1131 4703 se
1152 4647 1336 4704 tamen
1363 4650 1540 4705 aliena
1571 4647 1672 4706 sub
1697 4649 1870 4704 forma
1901 4650 2064 4706 dissi-
2089 4671 2143 4730 D
2171 4651 2412 4730 tentavit,
2440 4647 2585 4705 velut
2609 4651 2699 4730 il_le
2737 4647 2989 4730 aniiquus
3035 4649 3222 4706 Simon
3269 4647 3478 4720 Magus,
3513 4647 3762 4730 prodigio

474 4716 741 4772 mulabat.

550 4798 574 4826 °
609 4785 727 4842 Una
766 4805 884 4843 cum
915 4787 1174 4844 Honorio.
1224 4790 1301 4846 De
1347 4791 1588 4846 Honorio
1632 4789 1706 4844 ita
1756 4788 2065 4846 Hadrianus

474 4857 523 4930 ll
567 4858 623 4912 in
653 4857 870 4930 Synodo
913 4859 1179 4927 Romana,
1211 4878 1331 4930 qua:
1360 4861 1598 4917 refertur
1651 4861 1704 4914 in
1750 4859 1860 4914 Vlll
1892 4859 2056 4915 Cone.

475 4927 706 4996 Cenem,
719 4939 823 4984 act.
857 4930 908 4984 7.
937 4948 958 4981 ι
994 4927 1353 4987 [intolerabilis
1376 4939 1461 4988 est
1486 4933 1589 4986 ista
1615 4931 1984 4999 praesumptio,
2008 4941 2063 4987 et

473 4999 622 5056 hanc
649 5002 1074 5069 praecordiorum
1114 5019 1274 5058 aures
1322 5001 1464 5056 ferre
1494 5016 1602 5055 non
1651 5008 1895 5070 possunt.
1929 5002 2061 5068 Quis

473 5085 717 5140 unquam
741 5080 987 5127 vestrum
1034 5073 1140 5127 tale
1185 5073 1312 5142 quid
1342 5070 1708 5142 audivit‘tvel
1738 5071 1860 5139 quis
1898 5073 2058 5142 hujus

472 5142 815 5203 temeritatis,
853 5143 1046 5197 saltem
1075 5141 1323 5207 lectione,
1364 5141 1785 5196 immensitatem
1815 5141 2061 5200 invenit?

478 5210 762 5281 Siquidem
792 5213 1093 5268 Romanum
1137 5212 1454 5268 Pontiﬁcem
1500 5214 1567 5268 de
1608 5213 1848 5267 omnium
1878 5214 2063 5271 Eccle-

475 5283 683 5337 siarum
725 5282 1054 5354 Praesulibus
1091 5282 1363 5354 judicasse
1407 5282 1676 5354 legimus;
1725 5285 1790 5338 de
1835 5300 1902 5340 eo
1927 5301 2056 5343 vero

477 5366 807 5426 queinquam
844 5353 1123 5423 iudicasse
1151 5370 1260 5408 non
1306 5353 1555 5426 legimus.
1587 5355 1741 5410 Licet
1779 5356 1923 5426 enim
1955 5357 2062 5413 Ho-

474 5423 632 5495 norio
659 5432 782 5495 post
808 5435 1041 5481 mortem
1069 5423 1473 5482 anathema'sit
1505 5426 1707 5481 dictum
1751 5429 1820 5482 ab
1862 5425 2058 5485 Orien-

475 5493 696 5576 talibus,
739 5495 1022 5576 sciendum
1047 5505 1230 5554 tamen
1269 5505 1368 5561 est,
1401 5496 1528 5576 quia
1559 5497 1736 5576 fuerat
1765 5513 1927 5569 super
1953 5501 2060 5576 hae-

475 5567 924 5646 resiuaecusatous,
953 5577 1176 5638 propter
1202 5584 1365 5639 quam
1408 5568 1578 5646 solam
1607 5567 1813 5646 licitum
1830 5567 1928 5646 est
1950 5571 2056 5646 mi:

476 5635 703 5690 nuribus
745 5635 1009 5705 majorum
1055 5635 1278 5695 suorum
1325 5639 1566 5695 moribus
1612 5639 1920 5705 resistendi,
1975 5641 2059 5696 vel

517 5720 678 5781 ravos
705 5721 898 5781 sensus
925 5707 1095 5763 libere
1138 5713 1443 5781 respuendi.
1475 5709 1733 5777 Quamvis
1761 5720 1816 5766 et
1857 5712 1928 5766 ibi
1959 5726 2059 5766 nec

525 5777 943 5850 atriarcbamm,
986 5794 1088 5850 nec
1130 5777 1452 5850 caeterorum
1495 5781 1792 5838 Prtesulum
1825 5783 2056 5850 cuipiam

478 5846 547 5922 de
571 5862 659 5922 _eo,
700 5847 996 5922 quamlibet
1025 5849 1106 5905 fas
1147 5849 1312 5922 fuerit
1354 5852 1661 5922 proferendi
1713 5846 2054 5914 sententiam,

477 5916 586 5972 nisi
615 5916 858 5997 ejusdem
895 5922 1084 5992 primae
1117 5920 1265 5977 sedis
1289 5916 1568 5983 Pontificis
1589 5936 1883 5978 consensus
1919 5936 2062 5992 prte-

2173 4720 2334 4794 fidem
2363 4736 2514 4794 suam
2539 4723 2772 4794 probare
2799 4741 2812 4775 :
2843 4717 2937 4794 sed
2956 4730 3247 4794 utrumque
3271 4717 3381 4776 sua
3396 4717 3523 4794 spes
3547 4717 3757 4794 fefellit.

2170 4791 2357 4860 Neque
2384 4790 2746 4850 enim'Simon
2796 4793 2994 4848 volavit
3032 4790 3254 4857 illatas—us,
3304 4791 3447 4862 quod
3493 4790 3759 4862 promise-

2170 4857 2286 4927 rat,
2304 4862 2372 4916 ad
2401 4878 2552 4918 suam
2579 4864 2913 4918 divinitatem
2935 4857 3382 4926 contestandaui;
3412 4857 3587 4929 netjue
3611 4857 3762 4930 Poly-

2168 4933 2424 4988 ehronius
2453 4943 2727 4991 mortuum
2749 4934 3052 4999 suscitavit,
3081 4935 3224 4999 quod
3245 4947 3356 4988 sua:
3383 4931 3504 4986 fidei
3535 4943 3763 4999 spopouf

2167 5003 2320 5059 derat
2349 5006 2733 5060 testimonium.
2767 5005 2872 5060 Res
2904 5005 2978 5058 ita
3022 4996 3256 5059 refertur
3280 5010 3382 5057 act.
3433 5000 3501 5071 16
3555 4996 3760 5071 Synodi

2169 5073 2386 5130 Sextae:
2423 5095 2440 5126 ι
2469 5076 2886 5150 βενθρᾓηῑίὺυξ
2911 5084 3020 5150 tam
3061 5073 3467 5150 gloriosissimis
3484 5069 3760 5150 iudicibus

2169 5155 2223 5201 et
2247 5156 2433 5201 sancto
2457 5145 2718 5211 Concilio,
2751 5154 2806 5200 et
2831 5145 3065 5216 plurimo
3108 5146 3307 5216 pepulo
3333 5150 3661 5214 congregato
3702 5145 3759 5193 in

2167 5219 2310 5273 atrio
2336 5218 2534 5287 publici
2578 5216 2800 5279 lavacri,
2828 5214 2971 5283 quod
3016 5214 3215 5287 dicitur
3240 5216 3566 5287 Zeuxippus,
3594 5223 3761 5282 appo-

2169 5285 2420 5360 situsest
2445 5288 2494 5340 ei
2539 5288 2594 5341 in
2637 5294 2897 5360 argenteo
2938 5285 3452 5360 e_xequiali__fc_retro
3487 5289 3756 5360 mortuus,

2168 5358 2418 5413 similiter
2459 5372 2641 5411 coram
2682 5352 3088 5427 gloriosissimis
3127 5355 3432 5427 judicibus,
3462 5361 3518 5427 et
3555 5352 3641 5406 his
3665 5352 3757 5420 qui

2167 5436 2324 5509 erant
2360 5434 2648 5509 εις-δῆξιςςο
2687 5423 2956 5509 Concilio,
3005 5423 3346 5509 plurimoque
3375 5423 3758 5509 Clit'iisto‘an‘ia-

2165 5499 2258 5554 bili
2293 5497 2489 5569 populo
2507 5497 2702 5569 ibidem
2729 5498 2968 5565 invento,
2995 5491 3415 5569 superassistens
3437 5494 3582 5569 idem
3603 5491 3757 5569 Pol):-

2161 5560 2416 5640 chroiiius
2461 5567 2855 5640 posuitisupra
2911 5560 3088 5639 ipsum
3130 5575 3407 5640 mortuum
3437 5560 3752 5638 hujusmodi

2163 5639 2286 5694 ﬁdei
2313 5655 2428 5712 suze
2461 5637 2786 5705 chartulam",
2832 5637 3069 5712 perque
3091 5639 3277 5710 plures
3314 5637 3756 5712 horas_perseve-

2161 5725 2311 5776 rans,
2338 5718 2394 5763 et
2418 5710 2770 5765 insusurrans
2794 5707 2864 5776 ei,
2894 5707 3028 5763 nihil
3054 5707 3269 5773 horum,
3304 5723 3425 5776 quae
3455 5707 3606 5762 abeo
3645 5710 3756 5759 stos

2159 5780 2268 5853 lide
2287 5779 2689 5853 acAblaspheme
2707 5781 2973 5853 promissa
2996 5778 3232 5853 fuerunt,
3255 5778 3440 5834 valens
3465 5784 3750 5850 peragere,

2160 5851 2302 5906 idem
2352 5849 2744 5923 Polychronius
2785 5851 2920 5923 dixit
2963 5849 3272 5923 nullatenus
3319 5866 3379 5923 se
3407 5849 3565 5923 posse
3594 5855 3734 5923 _mot'

2160 5931 2314 5979 tuum
2340 5915 2624 5980 suscitare.
2669 5921 2906 5994 Populus
2951 5923 3136 5992 itaque
3175 5922 3268 5994 qui
3312 5915 3511 5978 ibidem
3541 5915 3750 5976 aderat.
