4062 6438
288 481 362 542 π
1281 468 1727 531 ROMANORUM
1763 465 2204 530 PONTiFiCUM.
2245 501 2316 516 --
2353 470 2508 528 CAP.
2547 469 2615 527 II.
3494 471 3569 532 54

291 593 445 652 cibus
485 602 634 646 nexu
669 585 918 661 perpetui
968 588 1326 646 anathematis
1361 588 1741 655 devinxerunt,
1774 587 1869 658 qui
1897 586 2096 654 Aliter
2120 597 2448 655 statuerunt,
2470 604 2596 644 cum
2622 596 2741 645 toto
2776 588 2980 650 mentis
3023 589 3210 648 studio
3251 597 3306 648 et
3328 593 3574 664 puritate

293 701 452 742 unam
479 679 862 740 execrabiliter
895 682 1216 738 asserebant
1241 681 1599 749 voluntatem,
1625 689 1680 742 et
1706 696 1874 738 unam

291 777 660 852 operationem
688 773 742 828 in
771 772 1031 840 Christo;
1065 789 1229 846 quam
1273 789 1451 844 neque
1476 773 1738 840 divinam,
1779 788 1876 829 ne.

293 887 398 944 quo
423 872 739 933 humanam,
784 878 961 938 neque
1004 865 1362 932 inconditam,
1386 879 1563 936 neque
1599 865 1878 922 contﬁtam

289 970 536 1039 poterant
579 963 976 1028 demonstrare,
1026 961 1122 1020 sed
1173 960 1322 1016 velut
1371 959 1655 1018 contusam
1708 969 1878 1032 atque

288 1066 684 1132 congregatam.
720 1056 875 1113 Sicut
897 1056 965 1112 de
991 1055 1201 1111 naturis
1248 1053 1448 1125 impius
1474 1053 1765 1128 Eutychos,
1796 1054 1876 1110 ita

289 1151 355 1208 de
409 1150 751 1206 naturalibus
812 1147 1186 1206 voluntatibus
1244 1155 1410 1219 atque
1466 1148 1875 1218 operationibus

284 1245 510 1313 Christi,
551 1245 711 1318 juxta
756 1241 1139 1300 hatretlcorum
1185 1242 1511 1316 praestigias,
1560 1243 1874 1300 nitebantur

277 1341 597 1398 defendere.

344 1433 459 1510 43
480 1431 592 1490 Sed
615 1438 672 1489 et
696 1446 811 1499 eos,
835 1429 930 1504 qui
949 1445 1114 1486 unam
1143 1427 1386 1486 simulet
1406 1428 1539 1484 duas
1567 1427 1876 1484 voluntates

277 1533 331 1581 et
366 1525 724 1596 operationes
753 1525 806 1581 in
837 1523 1050 1582 Christo
1092 1523 1276 1580 dicere
1316 1522 1738 1594 praesumebant,
1761 1522 1876 1578 sive

275 1631 372 1671 nec
390 1632 583 1682 unam,
614 1631 717 1673 nec
736 1616 871 1673 duas
895 1633 910 1684 ς
933 1616 1019 1673 vel
1039 1616 1132 1690 qui
1153 1615 1520 1687 proprietates
1549 1623 1874 1670 naturarum

272 1705 481 1763 Christi
508 1705 842 1766 confundere
869 1708 953 1766 vel
983 1709 1306 1781 extinguere
1351 1709 1455 1765 nisi
1486 1719 1634 1778 sunt,
1675 1710 1762 1766 vel
1791 1709 1876 1765 ni-

268 1808 487 1867 tantur,
512 1801 634 1874 pari
657 1816 784 1858 cum
813 1803 896 1858 eis
922 1803 1276 1859 anathemate
1301 1803 1692 1860 multaverunt.

333 1893 650 1966 Propterea
676 1911 977 1968 quosquos,
1023 1895 1111 1952 vel
1153 1911 1381 1968 quaeque
1415 1903 1602 1953 sancta
1630 1911 1725 1953 sex
1751 1896 1873 1952 uni-

1975 697 2076 740 nos
2111 698 2232 740 esse
2274 689 2736 750 conservatur-os;
2769 690 2824 740 et
2857 683 2926 741 ad
2973 681 3368 742 defendendam
3401 693 3568 744 recte

1974 776 2100 840 ﬁdei
2128 777 2442 848 puritatem,
2489 776 2806 840 earumdem
2851 775 3130 848 prasidio,
3175 791 3365 835 coram
3401 776 3575 836 homi-

1975 868 2136 925 nibus
2163 883 2283 926 esse
2306 869 2676 940 sequipedam.

2047 963 2203 1021 Unde
2230 973 2286 1022 et
2320 965 2556 1026 districti
2603 963 2974 1031 anathematis
3013 964 3390 1032 interdictioni
3437 964 3570 1024 sub.

1968 1054 2209 1126 jicimus,
2260 1059 2305 1113 si
2343 1059 2468 1130 quis
2515 1073 2774 1130 unquam,
2829 1072 2924 1113 seu
2954 1073 3078 1124 nos,
3130 1058 3248 1114 sive
3274 1066 3358 1114 est
3402 1058 3568 1126 alius,

1975 1148 2070 1217 qui
2093 1163 2296 1204 novum
2315 1148 2521 1221 aliquid
2545 1156 2836 1220 praesumat
2861 1157 3050 1210 contra
3075 1147 3386 1220 huiusmodi
3406 1163 3572 1206 evan-

1975 1238 2206 1309 gelicam
2239 1240 2609 1307 traditionem,
2643 1248 2699 1296 et
2724 1240 3042 1306 orthodoxa:
3070 1239 3196 1296 ﬁdei
3221 1239 3574 1306 Christiana,-

1975 1343 2081 1400 que
2127 1329 2400 1403 religionis
2448 1331 2836 1404 integritatem,
2871 1331 2957 1398 vel
3003 1332 3299 1405 quidquam
3348 1340 3572 1388 contra-

1976 1423 2121 1479 rium
2150 1424 2448 1482 aunitendo
2477 1424 2788 1490 immutare,
2832 1425 2946 1483 sive
2977 1425 3302 1484 subtrahere
3347 1422 3460 1500 μ
3505 1425 3574 1480 de

1976 1515 2288 1589 integritate
2310 1516 2433 1578 ﬁdei
2470 1526 2674 1582 nostrae
2695 1518 3012 1587 tentaverit,
3039 1517 3126 1576 vel
3145 1533 3282 1574 ausu
3302 1516 3574 1589 sacrilego

1976 1610 2083 1667 hoc
2102 1613 2556 1683 prmsumentibus
2590 1613 2926 1672 consentire.
3649 1687 3652 1690 ἢ

2033 1705 2120 1763 'Ut
2161 1707 2445 1764 sinceritas
2485 1705 2741 1778 perfectae
2789 1714 2994 1766 nostra
3023 1706 3147 1764 ﬁdei
3182 1713 3382 1768 vestrae
3429 1706 3574 1763 cari-

1975 1800 2074 1855 tati
2103 1797 2442 1855 manifestius
2483 1799 2705 1863 clareat,
2753 1806 3080 1870 praesentem
3127 1806 3326 1856 nostrae
3360 1796 3576 1872 profes-

1975 1893 2146 1950 sionis
2194 1893 2448 1964 paginam
2494 1907 2595 1963 per
2638 1892 2718 1947 Ill.
2775 1891 3056 1950 Notarium
3110 1891 3398 1962 scriptam,
3444 1906 3572 1948 cum

264 1984 511 2041 versalia
555 1985 798 2042 Concilia
830 1985 1170 2057 abiecerunt,
1204 1981 1369 2042 sim’ili
1418 1986 1586 2044 etiam
1613 2001 1714 2045 nos
1741 2002 1872 2044 con-
1897 1975 1948 2040 Β
1974 1992 2177 2042 nostra:
2203 1999 2398 2040 manus
2446 1983 2863 2054 subscriptione,
2909 1995 3098 2038 coram
3140 1981 3394 2040 omnibus
3423 1981 3570 2039 rele-

260 2077 624 2136 demnatione
655 2080 1002 2152 percellimus
1025 2081 1410 2148 anathematis,

331 2169 482 2226 Cum
534 2186 699 2242 supra
756 2171 883 2227 fatis
927 2172 1222 2240 haereticis,
1273 2172 1590 2240 Sabellium,
1642 2172 1872 2230 Paulum

261 2258 718 2331 Samosatenum,
751 2276 776 2305 ι
805 2263 996 2320 Marim
1024 2265 1272 2330 Persam,
1307 2265 1646 2336 Montanum,
1690 2267 1870 2324 Dona-

259 2357 397 2420 tum,
459 2353 806 2422 Eunomium,
858 2355 1149 2424 Novatum,
1199 2355 1540 2426 Sabbatium,
1583 2357 1869 2427 Acacium,

257 2442 609 2512 Anthirnum,
676 2447 704 2487 1³
752 2445 1029 2503 Julianum
1075 2447 1573 2516 Halicarnasseum,
1623 2450 1873 2508 Theodo-

259 2536 426 2602 sium,
463 2536 752 2604 Gaianum,
773 2537 1195 2607 Priscillianum,
1221 2539 1520 2612 Pelagium,
1538 2540 1870 2608 Caelestium,

259 2633 323 2682 et
345 2624 627 2684 Julianum
655 2644 846 2685 eorum
869 2629 1212 2702 discipulum,
1241 2639 1298 2688 et
1322 2647 1444 2688 cum
1466 2633 1545 2687 eis
1573 2631 1732 2687 simul
1761 2647 1874 2687 om-

259 2731 359 2775 nes
394 2719 691 2778 haereticos
718 2737 1016 2794 eorumque
1067 2722 1230 2780 simul
1258 2738 1522 2794 sequaces
1548 2739 1872 2780 execramur

260 2822 326 2867 ac
352 2813 811 2869 condemnemus.

332 2899 601 2972 Quosque
629 2918 780 2970 vero,
805 2903 890 2960 vel
916 2919 1144 2978 quasque
1169 2906 1363 2962 eadem
1389 2920 1484 2962 sex
1516 2914 1705 2963 sancta
1730 2907 1873 2964 Con-

260 2992 385 3048 cilia
412 3001 802 3066 susceperunt,
834 3004 896 3051 ut
927 3005 1090 3054 recta;
1132 2997 1259 3054 ﬁdei
1307 3007 1590 3055 consortes
1640 3002 1872 3072 suscipi-

257 3101 402 3155 mus,
431 3094 496 3143 et
525 3103 650 3144 cum
701 3087 893 3146 eadem
942 3091 1249 3148 reverentia
1277 3106 1374 3147 ore
1404 3099 1459 3148 et
1502 3093 1668 3150 corde
1701 3108 1867 3149 vene-

257 3193 474 3237 tamur.

332 3273 446 3331 Sed
472 3283 530 3332 et
554 3276 662 3334 hoc
684 3285 883 3334 vestra:
911 3275 1154 3344 caritati,
1177 3275 1398 3334 Christo
1425 3286 1721 3344 annuente,
1755 3278 1872 3351 pol-

1974 2089 2148 2146 ctam,
2176 2079 2232 2134 in
2259 2076 2606 2133 confessione
2637 2075 2786 2133 beati
2812 2075 2961 2132 Petri
3002 2074 3385 2146 Apostolorum
3415 2073 3573 2132 Prin-

1973 2170 2130 2241 cipis,
2185 2170 2534 2241 deposuimus
2562 2209 2578 2235 ,
2638 2176 2900 2240 tanquam
2953 2169 3074 2240 ipso
3121 2168 3449 2225 testiﬁcante
3501 2167 3572 2226 de

1972 2263 2207 2335 puritate
2231 2263 2579 2320 conscientia!
2606 2270 2826 2327 nostrai,
2859 2261 2946 2317 cui
2969 2262 3148 2318 claves
3172 2261 3376 2334 ligandi
3402 2269 3570 2333 atque

1973 2355 2216 2412 solvendi
2264 2356 2321 2411 in
2368 2362 2516 2412 terra
2559 2363 2616 2412 et
2664 2355 2721 2410 in
2768 2355 2902 2413 caelo
2929 2355 3174 2412 omnium
3229 2352 3486 2412 Salvator
3513 2358 3573 2410 et

1972 2444 2239 2502 Dominus
2267 2447 2510 2502 tradidit.

2045 2537 2126 2591 ill.
2153 2539 2327 2609 gratia
2356 2538 2454 2593 Dei
2484 2537 2786 2608 Episcopus
2812 2545 3019 2594 sanctas
3043 2538 3325 2594 catholicae
3343 2544 3402 2593 et
3423 2535 3572 2609 Apo-

1974 2631 2181 2687 stolicze
2207 2632 2464 2688 Ecclesia:
2485 2633 2638 2688 urbis
2665 2632 2851 2694 Romae
2894 2633 3021 2688 huic
3049 2631 3374 2704 professioni
3406 2641 3570 2692 mea

1973 2729 2029 2777 et
2052 2722 2366 2777 orthodoxa:
2402 2721 2551 2788 ﬁdei,
2600 2723 2744 2777 sicut
2787 2723 3042 2792 superius
3081 2723 3298 2793 legitur,
3331 2723 3573 2782 subscri-

1971 2815 2079 2886 psi.
2106 2831 2335 2887 eamque
2363 2817 2430 2871 ad
2461 2831 2660 2887 corpus
2692 2824 2867 2882 tuum,
2914 2817 3073 2871 beate
3096 2815 3259 2872 Petre
3284 2814 3568 2887 Apostole,

1973 2907 2142 2962 obtuli
2181 2906 2645 2962 consolidandam.

2153 2997 2328 3052 Tertia
2355 2995 2625 3068 Proferam
2650 2996 2801 3067 ﬁdei,
2832 3004 2949 3068 post
2985 2995 3393 3055 ordinationem.

2045 3101 2070 3131 α
2103 3090 2196 3145 Ill.
2226 3091 2527 3162 Episcopus
2571 3099 2774 3147 sanctae
2821 3091 3108 3146 catholicae
3151 3099 3315 3162 atque
3339 3089 3567 3162 Aposto-

1970 3183 2088 3241 licae
2113 3185 2370 3240 Ecclesia:
2393 3185 2548 3240 urbis
2588 3184 2794 3250 Roma),
2828 3183 2856 3226 (ι
2889 3183 3260 3240 dilectissimis
3287 3189 3346 3241 et
3365 3183 3570 3241 dulcis-

1972 3277 2126 3333 simis
2152 3276 2276 3331 ﬁliis
2304 3277 2359 3331 in
2387 3276 2615 3331 Domino
2647 3275 2896 3332 salutem.

257 3368 518 3439 licemur,
547 3380 764 3434 cuncta,
796 3387 916 3446 qua:
943 3371 1104 3443 hujus
1131 3370 1459 3443 Apostolicae
1485 3372 1630 3427 sedis
1652 3373 1865 3443 praefati
1892 3378 1937 3442 ς,
2039 3373 2148 3446 45
2178 3384 2200 3412 ο
2226 3372 2512 3428 Hodiernze
2533 3371 2640 3427 diei
2668 3370 2860 3426 festiva
2882 3369 3195 3439 jocunditas
3220 3369 3416 3425 invitat
3441 3385 3562 3435 nos,

256 3458 562 3522 Pontiﬁces
597 3464 897 3537 Apostolici
933 3464 1367 3536 praedecessores
1411 3465 1586 3520 nostri
1631 3465 1865 3536 synoda-

254 3577 862 3650 egxclamavitdicens:
911 3578 1060 3650 Novo
1107 3579 1316 3634 Simoni
1359 3580 1670 3650 anathema,
1703 3577 1864 3650 Poly-

253 3647 502 3719 chronio
523 3649 797 3719 seductori
825 3649 1002 3719 populi
1027 3650 1385 3719 anathema.)
1415 3649 1564 3719 Missi
1609 3665 1773 3717 porro
1802 3647 1870 3702 ab

253 3717 603 3788 Imperatore
631 3717 916 3783 Macarius,
962 3719 1293 3788 Stephanus,
1334 3717 1726 3786 Polychronius
1758 3720 1868 3771 Ro-

253 3803 416 3844 mam
439 3787 510 3842 ad
538 3787 774 3842 Leonem
803 3789 866 3853 ll,
915 3803 1038 3843 cum
1064 3787 1310 3844 errorem
1355 3788 1708 3858 pertinaciter
1735 3791 1869 3844 reti-

256 3865 486 3922 nerent,
520 3859 727 3913 detrusi
751 3867 878 3914 sunt
913 3860 968 3914 in
997 3859 1349 3928 Monasteria,
1379 3867 1435 3916 et
1460 3859 1864 3928 impoenitentes

256 3929 615 3986 interierunt.

333 4012 360 4039 ι
401 3997 602 4073 Marini
656 3997 902 4073 Persam.
946 3997 1015 4073 in
1068 3999 1306 4073 Sypodo
1345 3998 1701 4073 Lateranensi
1764 4004 1866 4056 sub

262 4067 505 4125 Martino
531 4069 571 4134 Ι,
605 4086 725 4126 can.
758 4071 825 4127 18
855 4070 1072 4137 dicitur,
1109 4067 1437 4126 'Theodulus
1485 4069 1669 4137 Persa,
1702 4087 1864 4141 quem

260 4143 463 4212 opinor
501 4142 756 4198 eumdem
795 4157 914 4197 esse
943 4158 1066 4198 cum
1109 4142 1384 4200 Theodolo
1411 4143 1680 4202 Theodori
1719 4159 1866 4199 com-

268 4214 616 4278 mentatoris,
653 4213 708 4283 i_d
735 4223 840 4277 est,
867 4213 1231 4283 Mepsucsteni
1259 4213 1548 4282 discipulo,
1576 4212 1726 4283 cujus
1753 4231 1867 4269 me-

265 4284 431 4356 minit
448 4283 637 4356 ﬂebed
656 4281 788 4342 Jesu
813 4285 870 4342 in
897 4281 1174 4356 catalogo.

335 4353 705 4428 elationem,
750 4351 1266 4428 etc._Eclanensem
1319 4351 1668 4428 Episcopum,
1717 4355 1867 4428 quia

267 4423 544 4490 Caelestio,
593 4442 757 4497 quem
796 4424 1046 4496 Pelagius
1071 4423 1410 4497 corruperat,
1440 4423 1692 4497 lim—resim
1732 4423 1868 4481 didi-

262 4497 354 4567 cit.
389 4497 574 4556 factus
610 4496 954 4567 postmodum
983 4513 1052 4552 ex
1097 4496 1361 4567 discipulo
1403 4496 1660 4566 magister
1704 4497 1870 4552 totius

265 4565 545 4638 factionis.
581 4565 781 4622 Marius
810 4565 1080 4638 Mercator
1122 4569 1189 4624 de
1215 4565 1333 4638 ipso
1371 4565 1559 4632 tradit,
1585 4584 1706 4638 qua:
1750 4568 1869 4622 nul-

266 4636 348 4714 lus
369 4640 516 4714 alios
539 4637 984 4714 distinc_te.AVide
1012 4636 1335 4694 nostras‘ad
1380 4636 1618 4714 primani
1654 4647 1868 4714 partem
1907 4703 1916 4714 ,

266 4708 422 4780 blarii
466 4709 787 4766 Mercatoris
820 4708 1056 4780 Operum
1103 4708 1395 4780 notas,iet’
1429 4708 1868 4780 dissertationem

267 4779 334 4852 de
373 4765 572 4852 primis
599 4765 910 4837 auctoribu's
936 4790 992 4835 et
1020 4765 1396 4837 defensoribus
1443 4779 1666 4836 haeresis
1715 4765 1869 4837 Pela-
1893 4765 1948 4826 D

301 4868 462 4910 tante.

267 4866 495 4996 91mm.
524 4921 840 4996 Episcopus,
884 4931 993 4979 etc.
1016 4993 1025 4996 _
1049 4920 1177 4996 Ipsa
1211 4937 1308 4992 per
1351 4936 1410 4978 se
1453 4921 1721 4992 professio
1746 4920 1871 4980 ﬁdei

268 4993 484 5050 videtur
525 4993 728 5060 dicere,
769 5011 800 5050 a
848 5009 956 5064 quo
984 4993 1056 5048 sit
1095 4993 1354 5064 primum,
1386 5000 1441 5048 et
1469 5009 1576 5064 quo
1627 5001 1870 5064 tempore

270 5065 449 5136 edita:
482 5066 648 5121 habet
672 5066 817 5136 enim
843 5073 1076 5136 quatuor
1120 5073 1291 5136 notas,
1339 5064 1537 5136 quibus
1579 5071 1872 5136 utrumque

273 5134 644 5207 dignoscatur,
669 5135 710 5191 l.
740 5137 827 5192 Fit
851 5134 904 5192 in
931 5151 997 5191 ea
1023 5137 1229 5190 mentio
1256 5134 1434 5190 Sexta:
1461 5134 1688 5207 Synodi,
1713 5135 1870 5204 cujus

275 5205 520 5278 deﬁnitio
544 5207 822 5278 recipitur.
850 5207 914 5278 ll.
941 5207 1256 5278 Appellatur
1283 5221 1481 5278 nomen
1506 5205 1870 5278 ’ροηδε-τηιῑηί

273 5274 676 5348 Ιιηρθηῑωίβξ
738 5277 793 5332 ui
840 5274 1113 5348 Synodum
1145 5277 1342 5350 coegit.
1390 5277 1475 5336 Ill.
1517 5277 1868 5349 Imperatoris

275 5349 482 5404 nomini
511 5364 621 5404 non
660 5295 899 5404 aliditur.
922 5350 1065 5404 quod
1099 5349 1234 5404 solet
1259 5357 1382 5404 post
1407 5359 1661 5404 mortem.
1699 5348 1868 5404 auod-

275 5349 482 5421 nomini
511 5364 621 5421 non
647 5348 899 5421 additur,
922 5350 1065 5418 quod
1099 5349 1234 5421 solet
1255 5348 1382 5421 post
1407 5348 1661 5414 mortem,
1699 5348 1871 5421 quod-7

275 5432 379 5490 que
399 5419 608 5475 in.aliis
627 5417 841 5490 duabus
864 5417 983 5490 non
1007 5417 1294 5487 omittitur,
1324 5421 1426 5490 pia:
1449 5417 1736 5485 memoria",
1761 5419 1870 5490 sed

279 5488 410 5560 illud
456 5491 660 5560 potius,
701 5488 848 5559 quod
875 5507 908 5544 a
951 5487 1060 5543 Deo
1087 5487 1390 5546 coronatus.
1435 5490 1526 5546 ιν.
1571 5489 1869 5546 Exordium

280 5559 496 5631 ducitur
520 5560 591 5618 ab
608 5560 988 5618 exhortatione
1029 5560 1098 5615 ad
1126 5561 1490 5631 concordiam
1517 5569 1872 5631 mutuamque

283 5629 605 5704 iniuriarum
627 5631 1102 5704 condonationem.
1125 5629 1439 5704 Innotescit,
1462 5648 1530 5688 ex
1554 5634 1729 5704 prima
1751 5629 1874 5704 qui-

282 5701 405 5756 dem
428 5703 753 5774 etsecunda
791 5711 938 5769 nota,
973 5699 1134 5756 ﬁdem
1177 5716 1300 5758 esse
1325 5703 1528 5758 editam
1546 5699 1698 5774 ipost
1725 5699 1869 5774 solu-

287 5780 393 5827 tam
426 5771 498 5827 γι
524 5772 839 5844 Synodum:
876 5788 946 5829 ex
988 5774 1148 5828 tertia
1192 5788 1342 5844 vero,
1393 5789 1501 5830 non
1532 5771 1701 5831 fuisse
1748 5771 1866 5830 edi-

288 5848 395 5922 tam
428 5843 807 5922 postmortem
827 5844 1191 5912 Commmini,
1215 5843 1456 5922 alioquin
1483 5846 1582 5922 ρίιξ
1603 5845 1868 5902 memoria:

291 5912 465 5986 dictus
507 5914 732 5986 fuisset:
781 5931 850 5970 ex
891 5924 1164 5986 postrema
1206 5912 1703 5986 denijne,"ed_itam
1747 5922 1872 5985 post

293 5981 658 6044 dissensiones
683 5987 740 6044 in
767 5981 1034 6045 eleciione
1064 5985 1290 6058 alicujus
1328 5981 1604 6042 Pontiﬁcis
1628 5981 1866 6041 exortes.

1968 3466 2332 3532 dilectissimi,
2386 3473 2624 3521 vestram
2671 3464 2726 3520 in
2771 3463 2992 3519 Christo
3037 3461 3335 3518 fraternam
3375 3461 3570 3518 humili

1967 3581 2131 3652 Atqui
2166 3579 2332 3652 Sexta
2365 3580 2616 3652 Synodus
2646 3580 2894 3652 absoluta
2925 3587 3007 3634 cst
3037 3595 3182 3632 anno
3208 3578 3308 3652 {381
3340 3578 3428 3632 die
3474 3579 3561 3633 i6.

1971 3648 2329 3720 Septembris.
2376 3648 2522 3703 Obiit
2568 3649 2959 3703 Constantinus
2997 3663 3158 3720 iantio
3207 3648 3311 3704 685
3377 3663 3567 3720 mense

1973 3719 2300 3790 Septembri,
2349 3727 2579 3790 quatuor
2625 3720 2782 3778 annis
2809 3729 2935 3788 post
2987 3719 3260 3789 Synodum
3307 3719 3564 3778 solutam.

1973 3735 2300 3790 Septemnrl,
2349 3735 2579 3844 (planior
2625 3735 2782 3778 annis
2809 3735 2935 3788 pOSt
2987 3735 3260 3789 Synouum
3307 3735 3564 3778 SOllllam.

1972 3791 2088 3846 Hoc
2137 3791 2426 3861 int_ervalo
2477 3791 2738 3861 temporis
2793 3791 2962 3848 creati
3016 3801 3138 3844 sunt
3188 3802 3296 3845 tres
3349 3791 3573 3861 omnino

1971 3861 2170 3917 summi
2206 3859 2522 3925 Pontiﬁces,
2558 3859 2666 3916 Leo
2693 3861 2754 3926 ll,
2787 3862 3109 3917 Benedictus
3133 3862 3193 3927 ll,
3239 3861 3478 3917 Joannes
3501 3859 3565 3916 ν.

1970 3932 2012 3986 Ε
2038 3933 2208 3986 tribus
2235 3932 2338 3988 illis
2356 3933 2479 3997 duo,
2506 3933 2826 3988 Benedictus
2847 3939 2902 3986 et
2923 3932 3180 3997 Joannes,
3206 3933 3387 3987 statim
3410 3933 3569 3989 electi

1968 4011 2288 4069 narrantur,
2334 4003 2447 4058 Leo
2488 4019 2593 4059 non
2642 4003 2794 4068 item,
2829 4004 2942 4075 sed,
2972 4004 3236 4075 Agathoni
3283 4004 3567 4069 successit,

1968 4086 2261 4145 postquam
2288 4083 2538 4130 vacasset
2567 4075 2659 4130 diu
2696 4074 3011 4146 sedesaNec
3033 4074 3261 4132 dubium
3300 4075 3434 4146 quin
3469 4089 3570 4146 po-

1971 4144 2182 4202 tissima
2227 4146 2531 4202 vacationis
2575 4161 2736 4201 causa
2785 4145 3033 4201 extiterit
3079 4144 3459 4200 dissidentium
3511 4144 3570 4199 in

1968 4217 2216 4286 eligendo
2240 4217 2503 4271 Pontiﬁce
2526 4217 2832 4286 animorum
2872 4231 3071 4286 pugna.
3105 4215 3336 4286 Necesse
3364 4213 3571 4286 estigi-

1971 4283 2076 4368 tur
2091 4287 2249 4341 fateri
2283 4283 2926 4368 professionethanc—a
2956 4283 3146 4368 Leone
3172 4284 3249 4368 ιι,Δ
3268 4299 3412 4368 anno
3438 4283 3567 4368 682,

1971 4357 2196 4425 editam,
2252 4354 2520 4426 siquidem
2546 4355 2785 4426 ,Agatho
2830 4354 3127 4426 defunctus
3156 4361 3257 4426 est
3291 4354 3424 4420 vita,
3473 4364 3572 4411 aut

1972 4438 2122 4483 certe
2149 4425 2394 4498 sepultus
2414 4426 2509 4498 die
2535 4425 2602 4498 Ψ
2628 4425 2872 4498 Januarii
2895 4440 3041 4498 anno
3070 4425 3197 4492 68!,
3236 4425 3564 4498 vacavitque

1972 4499 2171 4567 sedes,
2213 4496 2287 4553 ἰιι
2339 4497 2504 4554 habet
2556 4496 2825 4552 Baronius
2872 4511 2940 4552 ex
2995 4496 3310 4564 Anastasio,
3360 4511 3570 4554 annm

1970 4585 2160 4638 unum,
2199 4584 2416 4638 menses
2442 4569 2498 4633 7,
2521 4568 2638 4624 dies
2663 4568 2718 4622 7.

2042 4641 2068 4680 ἀ
2101 4637 2469 4696 Dilectissimis
2498 4648 2547 4694 et
2585 4638 2905 4694 dulcissimis
2950 4639 3098 4710 ﬁliis.
3147 4637 3303 4706 Quod
3339 4637 3573 4696 fratrum

1973 4727 2083 4769 non
2117 4712 2386 4777 meminit,
2419 4711 2513 4765 sed
2552 4711 2783 4765 ﬁliorum
2817 4710 3120 4775 dumtaxat,
3148 4711 3364 4777 signum
3393 4711 3572 4770 estad

1974 4785 2291 4839 universum
2320 4782 2416 4837 Dei
2441 4781 2697 4854 populum
2720 4782 2982 4854 directam
3013 4780 3182 4854 fuisse
3205 4780 3328 4838 ﬁdei
3357 4781 3574 4854 profes-

1973 4855 2203 4922 sionem,
2232 4868 2357 4908 cum
2386 4861 2545 4924 antea
2577 4852 2776 4924 Romae,
2793 4853 2933 4921 apud
2957 4852 3212 4924 populum
3239 4852 3382 4910 esset
3408 4852 3572 4924 emis-

1973 4941 2054 4981 sa.
2087 4924 2179 4980 Sic
2204 4923 2455 4996 Pelagius
2481 4922 2524 4985 ι,
2556 4938 2679 4979 cum
2708 4921 2868 4996 ﬁdem
2895 4921 3048 4978 suam
3077 4924 3348 4996 universa:
3375 4923 3565 4979 Eccle-

1935 5011 1938 5014 ’
1974 4997 2068 5051 sia:
2093 4996 2299 5070 populo
2327 4993 2589 5070 mitteret,
2615 4993 3007 5070 nonufratrum,
3036 4995 3132 5049 sed
3173 4995 3407 5050 ﬁliorum
3439 5004 3567 5048 tan-

1973 5062 2114 5121 tum'
2139 5062 2428 5122 meminit:
2483 5079 2659 5135 neque
2702 5062 3072 5120 difﬁcultatem
3124 5081 3312 5121 creare
3365 5073 3566 5134 potest,

1975 5139 2272 5210 quodquaz
2313 5138 2380 5192 de
2422 5137 2661 5210 caritate
2697 5136 2973 5210 dicuntur,
3011 5136 3342 5210 oﬁ'ensisque
3367 5135 3573 5210 condo-

1975 5204 2194 5275 nandis',
2225 5207 2468 5264 Romano
2503 5207 2700 5279 populo
2728 5208 3091 5263 conveniant:
3131 5205 3241 5279 fuit
3257 5204 3400 5258 enim
3431 5206 3484 5260 id
3512 5207 3569 5261 in

1975 5296 2127 5336 more
2161 5280 2428 5352 positum,
2451 5275 2521 5334 ut'
2539 5275 2664 5335 cum
2692 5288 2837 5352 totus
2866 5279 3014 5352 orbis
3027 5275 3311 5352 docendus
3334 5283 3482 5352 esset
3502 5279 3572 5333 de

1974 5367 2034 5410 re
2050 5346 2228 5422 aliqua
2255 5350 2433 5422 magni
2456 5351 2736 5415 momenti,
2754 5364 2935 5422 sermo
2955 5346 3171 5422 habitus
3190 5361 3290 5418 pro
3308 5348 3571 5422 concione

1973 5423 2030 5478 in
2057 5417 2296 5478 Ecclesia
2344 5417 2652 5482 mitteretur
2697 5421 2822 5475 inde
2845 5419 2913 5472 ad
2958 5417 3262 5474 universos.
3312 5417 3569 5487 Videndae

1975 5510 2140 5620 siuper
2165 5510 2231 5550 ea
2265 5508 2324 5548 re
2347 5492 2582 5549 homilia:
2607 5489 2892 5564 paschales
2919 5489 3094 5544 sancti
3116 5489 3304 5563 Cyrilli
3327 5490 3566 5546 Alexan-

2013 5581 2138 5620 nm.

2013 5581 2138 5620 nm.

2052 5647 2075 5676 ο
2121 5635 2406 5691 Hodierna:
2451 5635 2576 5690 diei.
2637 5629 2956 5689 Sermonem
3001 5631 3149 5688 hunc
3194 5631 3408 5697 habuit,
3445 5629 3562 5697 jam

1975 5722 2082 5763 non
2113 5708 2179 5761 ad
2203 5706 2422 5762 Clerum
2451 5713 2505 5760 et
2532 5703 2828 5774 Episcopos
2865 5709 3099 5770 tanaim,
3147 5717 3410 5774 cumAsuae
3439 5700 3565 5774 ﬁdei

1976 5780 2248 5851 specimen
2277 5778 2434 5851 daret
2453 5772 2999 5851 ante’ordinationem
3024 5790 3039 5840 ;
3059 5774 3155 5831 sed
3169 5772 3237 5830 ad
3261 5772 3562 5851 Ecclesiam

1974 5843 2108 5905 o'rbe
2139 5858 2252 5903 toto
2277 5844 2524 5917 diffusam
2571 5851 2694 5917 post
2720 5847 3141 5917 ordinationem,
3187 5858 3315 5902 cum
3341 5843 3562 5902 sederet

1973 5921 2033 5976 in
2060 5917 2331 5978 Cathedra
2349 5915 2499 5975 Petri
2527 5915 2787 5976 docturus
2809 5916 3133 5976 Ecclesiam.
3199 5987 3208 5994 ν
