4062 6434
521 432 598 494 59
1882 435 2091 495 LIBER
2125 417 2432 497 DlURNUS
3728 444 3802 514 ω

521 547 985 627 Οοηεωιιιίηδροιί
1032 551 1192 621 urbe,
1242 549 1300 608 in
1344 565 1451 623 qua
1496 558 1554 609 et
1605 545 1931 625 Apostuti'cae
1961 553 2108 611 sedis
2131 558 2188 620 Α
2209 557 2313 612 hoc
2356 556 2787 613 sacratissimum
2815 564 2870 613 et
2896 546 3207 618 venerabile
3234 560 3384 618 beati
3409 561 3794 635 Apostolorum

519 642 752 718 Legatos
769 647 1059 716 praesidere
1085 645 1432 702 manifestum
1451 652 1557 715 est,
1579 662 1699 718 quae
1721 656 1775 703 et
1799 662 1897 718 per
1919 648 2105 705 decre-

519 744 636 793 tum
691 739 1130 796 christianissimi
1169 755 1234 796 ac
1263 740 1516 812 piissimi,
1548 757 1580 796 a
1606 742 1822 812 Deoque
1863 744 2108 801 coronati

517 827 860 886 Constantini
889 831 1157 903 Principis
1186 841 1508 904 congregata
1559 841 1662 900 est,
1690 842 1746 890 et
1775 850 1895 905 quae
1924 849 2108 892 susce-

515 922 616 993 pit,
645 923 886 996 suscipio
947 933 1001 981 et
1035 942 1155 997 quae
1179 926 1263 982 vel
1292 941 1429 997 quos
1455 927 1670 998 abjecit,
1703 927 1920 998 abjicio,
1950 927 2103 986 simi-

513 1013 640 1071 liter
675 1025 731 1072 et
759 1033 896 1090 quos
934 1019 1411 1076 anathematizavit
1451 1027 1616 1092 atque
1649 1020 1947 1090 damnavit,
1973 1037 2106 1078 ana-

513 1109 805 1166 thematizo
830 1122 886 1167 et
915 1111 1132 1168 damno.

584 1201 821 1258 Etohanc
882 1203 1136 1275 denique,
1185 1203 1545 1274 dilectissimi,
1589 1205 1901 1263 orthodoxae
1939 1212 2102 1278 atque

509 1290 840 1366 Apostoiicae
864 1293 986 1350 ﬁdei
1017 1311 1265 1352 normam
1297 1297 1348 1352 in
1372 1299 1624 1354 omnibus
1648 1305 1912 1362 tenentes,
1938 1308 2102 1370 atque

509 1385 835 1454 spiritalium
865 1383 1085 1443 Patrum
1105 1430 1119 1454 ,
1153 1389 1502 1446 lucidissimis
1533 1391 1696 1446 veluti
1729 1391 1911 1447 saeculi
1935 1392 2098 1447 lumi-

506 1477 754 1545 naribus,
787 1480 957 1538 sacris
984 1481 1314 1536 inhaerentes
1343 1482 1624 1548 doctrinis,
1656 1491 1870 1554 oportet
1899 1492 2098 1539 nostrze

505 1568 827 1627 humilitatis
858 1571 1109 1648 religiosa
1141 1573 1446 1644 devotione,
1481 1591 1600 1646 quae
1621 1591 1809 1632 eorum
1837 1577 2097 1648 magiste-

2207 649 2477 721 Principis
2522 664 2746 720 corpus,
2799 651 2920 706 ﬁxis
2967 654 3226 724 genibus,
3270 654 3562 715 Dominum
3607 659 3796 726 Jesum

2207 741 2485 799 Christum
2542 742 2840 813 impensius
2883 758 3143 812 exorare,
3191 754 3255 802 ut
3304 745 3680 810 ﬁdelissimum
3728 770 3798 816 ae

2206 833 2717 890 christianissimum
2740 833 3042 890 Romanum
3071 851 3103 892 ι
3132 836 3246 894 Deo
3270 841 3624 900 constitutum
3643 844 3797 905 Prin-

2205 927 2403 998 cipem,
2446 943 2568 984 cum
2604 928 2717 982 vita
2746 935 2803 984 et
2837 928 3086 996 victoria,
3133 943 3160 972 α
3195 931 3476 1004 religionis
3499 937 3648 994 cuitu
3673 939 3793 1009 p01-

2203 1019 2424 1091 lentem,
2473 1022 2504 1062 ι»
2552 1020 2808 1094 longave
2845 1023 3022 1079 aetatis
3054 1025 3342 1084 curriculis
3378 1029 3434 1084 in
3466 1045 3567 1087 suo
3601 1043 3794 1092 sancto

2202 1109 2400 1168 timore
2436 1126 2761 1169 conservare
2804 1121 2861 1169 et
2901 1115 3196 1183 custodire,
3235 1117 3398 1191 longe
3439 1120 3656 1192 lateque
3701 1139 3789 1180 rc-

2205 1214 2460 1276 gnantem
2509 1206 2749 1278 paciﬁce,
2801 1207 3073 1280 dignetur,
3124 1226 3232 1267 una
3286 1228 3412 1269 cum
3459 1213 3792 1272 ﬁdelissimis

2203 1305 2365 1368 atque
2392 1297 2701 1356 fortissimis
2729 1300 2990 1356 Romanas
3013 1304 3324 1374 reipublice
3347 1306 3517 1364 italia.
3539 1310 3792 1367 exerciti-

2200 1389 2322 1455 bus,
2357 1390 2584 1447 rebelles
2613 1393 2862 1450 inimicos
2906 1395 3142 1464 imperii,
3171 1400 3560 1470 prmiantibus
3586 1402 3790 1460 beatis«

2200 1482 2354 1538 simis
2373 1482 2756 1554 Apostolorum
2777 1485 3143 1557 Principibus,
3167 1489 3454 1564 subjugare
3471 1507 3538 1550 ac
3555 1503 3791 1564 proster-

2198 1590 2347 1640 nere,
2379 1592 2486 1631 non
2515 1591 2771 1633 mucrone
2798 1577 2949 1646 ferri,
2993 1581 3088 1635 sed
3123 1583 3422 1653 prudentiae
3445 1585 3704 1652 consiliis,
3732 1592 3790 1639 et

2197 1673 2401 1744 absque
2426 1673 2704 1744 dispendio
2733 1673 3105 1734 florentissimi
3131 1680 3435 1745 exercitus,
3462 1686 3560 1735 sua
3584 1680 3787 1738 virtute

2196 1767 2444 1838 dignetur
2473 1785 2488 1822 :
2514 1767 2581 1823 de
2600 1782 2788 1824 eorum
2817 1768 3032 1826 feritate
3058 1779 3166 1826 tam
3203 1782 3226 1814 ο
3259 1773 3314 1828 in
3341 1775 3546 1845 regiam
3567 1776 3784 1841 urbem,

2199 1875 2358 1932 quam
2382 1862 2809 1934 circumquaque
2833 1863 3257 1932 adversantium,
3274 1867 3572 1925 laudabiles
3588 1869 3787 1924 decur-

503 1660 606 1727 rio,
640 1661 944 1720 illustrante
986 1679 1218 1738 superna
1266 1667 1465 1738 gratia,
1509 1668 1671 1724 corde
1720 1669 2090 1741 concepimus,

501 1767 599 1810 ore
625 1754 791 1810 etiam
821 1754 991 1812 libere
1032 1754 1298 1823 conﬁteri,
1327 1766 1388 1813 ut
1417 1758 1470 1813 in
1501 1758 1588 1814 die
1618 1759 1881 1816 adventus
1911 1770 1964 1816 et
1990 1761 2096 1818 Do-

499 1844 635 1900 mini
652 1853 706 1902 et
717 1846 1001 1903 salvatoris
1014 1847 1183 1902 nostri
1197 1846 1324 1904 Jesu
1341 1849 1544 1904 Christi
1564 1865 1592 1905 a
1610 1850 1817 1907 dextris
1839 1852 1940 1924 51
1963 1869 2092 1909 con-

499 1935 779 2006 sistentes,
823 1939 970 1996 illam
1006 1941 1419 1998 desiderabilem
1449 1943 1517 1999 de
1547 1944 1838 2017 Evangelio
1880 1963 2094 2004 merea-
2121 1953 2170 2012 B
2198 1961 2323 2008 rant
2363 1953 2646 2024 triumphi,
2675 1961 2735 2008 ut
2774 1955 2952 2010 omnis
2983 1971 3146 2013 sexus
3173 1965 3230 2013 et
3265 1959 3502 2030 dignitas
3539 1960 3607 2017 de
3633 1958 3782 2029 ejus-

497 2045 625 2086 mur
647 2046 837 2087 vocem
859 2033 1048 2090 audire
1074 2034 1380 2090 dicentem:
1414 2033 1615 2104 Venite,
1639 2037 1893 2093 benedicti
1918 2037 2097 2096 Patris
2198 2045 2344 2100 modi
2389 2045 2635 2101 victoriis
2677 2047 3011 2113 exultantes,
3062 2064 3172 2103 uno
3213 2065 3309 2106 ore
3355 2053 3466 2108 Deo
3505 2063 3693 2110 nostro
3725 2063 3786 2110 et

497 2123 620 2190 mei,
647 2125 895 2197 percipite
924 2145 1160 2212 regnum,
1188 2129 1328 2201 quod
1359 2131 1501 2185 vobis
1537 2143 1895 2204 prwparatum
1921 2147 1995 2191 est
2025 2136 2092 2192 ab
2197 2141 2426 2198 Domino
2451 2140 2576 2198 Jesu
2601 2141 2817 2199 Christo
2839 2143 3028 2215 dignas
3054 2145 3351 2201 invitentur
3372 2146 3559 2204 laudes
3582 2156 3639 2203 et
3658 2164 3782 2220 gra-

497 2220 700 2291 origine
719 2223 903 2278 mundi
935 2210 1149 2298 (Matth.
1188 2242 1318 2291 xxv,
1349 2243 1402 2280 υ.
1429 2226 1544 2299 54).
2195 2235 2298 2290 tias
2339 2235 2668 2305 persolvere,
2717 2249 2840 2290 cum
2871 2210 2978 2305 quo
3017 2244 3103 2290 est
3127 2236 3238 2292 Deo
3266 2236 3412 2292 Patri
3447 2210 3782 2310 Spirituiun

565 2311 662 2370 His
689 2313 854 2389 igitur
878 2316 1196 2388 przelibatis,
1227 2327 1442 2390 oportet
1470 2333 1588 2388 nos,
1621 2318 1983 2391 dilectissimi,
2016 2325 2088 2382 ad
2193 2334 2383 2381 sancto
2411 2325 2580 2398 gloria
2617 2341 2716 2398 per
2740 2326 2919 2382 omnia
2968 2327 3164 2383 saecula
3204 2327 3544 2394 saeculorum.
3581 2330 3778 2389 Amen.

565 2458 593 2488 ι
629 2446 914 2526 Religionis
953 2450 1109 2526 cultu
1135 2451 1436 2526 pollentem.
1465 2453 1591 2510 Fuit
1622 2470 1686 2510 ea
1716 2455 1836 2512 laus
1863 2458 2084 2526 propria

492 2514 1313 2598 constantini_Pogonati_,'patre
1351 2524 1646 2598 Constante
1671 2526 1806 2598 Typi
1836 2514 2084 2597 auctore,

496 2595 551 2670 et
578 2604 780 2671 proavo
807 2591 1055 2650 Heraclio
1097 2591 1394 2652 Ectheseos
1435 2591 1818 2668 approbatore,
1858 2591 2082 2670 religio;

491 2673 670 2715 8101⁵18.

563 2729 924 2813 Egon-gavia
953 2735 1154 2802 aetatis,
1207 2743 1314 2792 etc.
1366 2736 1484 2793 Neu
1529 2739 1810 2809 respondit
1855 2749 2086 2796 eventus

488 2796 790 2881 Pontiﬁciis
815 2805 957 2881 votis
987 2823 999 2860 :
1026 2796 1152 2881 nam
1170 2816 1283 2865 tres
1305 2816 1513 2866 tantum
1541 2796 1710 2867 annos
1740 2813 2080 2881 supervixit:

487 2867 797 2950 Pogonatus
815 2876 1322 2950 quippe_defu_nctus
1346 2889 1430 2936 est
1448 2881 1556 2938 vita
1581 2897 1722 2938 anno
1745 2867 1867 2950 68.5,
1895 2867 2083 2938 mense

491 2938 814 3012 Septembri,
832 2938 967 3002 ὀιιὶιὶ
1001 2947 1112 3005 Leo
1141 2948 1388 3007 Pontifex
1416 2966 1560 3008 anno
1598 2938 1880 3024 superiore
1900 2955 1968 3010 ad
1991 2953 2082 3008 su-

1752 3145 1862 3221 52
1954 3163 2295 3243 CAPUT
2369 3164 2534 3245 III.

1059 3316 1142 3360 DE
1184 3314 1620 3364 ORDINATIONI
1662 3318 1946 3366 EPISGOPI
1992 3317 2094 3364 SUI

2201 3317 2442 3367 BICARII
2482 3319 2526 3364 Δ
2567 3318 2790 3366 SUMHO
2830 3319 3191 3370 PONTIFICB.

2186 2477 2349 2533 peros
2373 2462 2702 2520 transiisset.

2260 2546 2281 2572 ο
2326 2533 2394 2588 In
2414 2533 2609 2605 regiam
2636 2533 2834 2605 urbem,
2859 2541 2966 2590 etc.
2991 2531 3127 2589 Vide
3147 2533 3418 2590 Zonaram
3438 2535 3492 2591 in
3514 2534 3780 2592 Constan-

2187 2605 2322 2676 tino,
2360 2604 2692 2659 ubi'narrat
2725 2604 2989 2676 Bulgaros
3036 2605 3156 2676 urbi
3201 2609 3364 2674 regia:
3416 2616 3473 2663 et
3514 2609 3780 2668 exercitui

2189 2675 2530 2748 Constantini
2559 2675 2906 2731 imminentes
2947 2691 3054 2732 non
3085 2675 3190 2732 alia
3233 2680 3462 2743 ratione,
3488 2695 3649 2748 quam
3681 2680 3779 2736 tri-

2187 2747 2301 2803 buti
2333 2761 2610 2819 pensione,
2643 2762 2985 2819 compressos
3015 2765 3030 2805 :
3059 2749 3200 2819 quod
3231 2749 3333 2819 hic
3371 2747 3586 2817 dicitur,
3617 2769 3635 2801 ‹
3669 2766 3777 2806 non

2189 2815 2447 2892 mucrone
2464 2815 2615 2892 ferri,
2637 2817 2733 2892 sed
2753 2815 3054 2892 prudentize
3073 2815 3324 2889 consilio,
3345 2820 3548 2892 absque
3563 2815 3778 2890 dispen-

2190 2889 2278 2945 dio
2301 2887 2668 2944 ﬂorentissimi
2697 2889 2988 2948 exercitus.

1975 3422 2281 3447 ..ιφ-*-

480 3482 862 3559 Ancnusurun
885 3494 956 3559 τέ
981 3484 1022 3540 1.
1055 3483 1157 3559 Ubi
1192 3499 1223 3540 e
1251 3486 1362 3542 vita
1391 3496 1704 3559 excesserat
1731 3487 2034 3559 Episcopus
2063 3558 2068 3559 ί
2098 3487 2295 3559 aliquis
2321 3501 2532 3559 eorum,
2564 3485 2658 3559 qui
2681 3487 2853 3559 sedis
2886 3485 3232 3559 Apostolicaz,
3253 3486 3589 3543 ordinationi
3638 3487 3772 3543 sub-

551 3564 726 3620 erant,
756 3557 823 3612 de
851 3556 1001 3625 obitu
1024 3557 1210 3612 statim
1240 3559 1562 3614 monebatur
1591 3556 1862 3625 Pontifex,
1895 3556 2010 3618 sive
2040 3556 2265 3616 Cleri'et
2284 3559 2466 3614 Plebis
2487 3556 2744 3612 Ecclesia:
2763 3556 2950 3613 viduae
2968 3558 3161 3624 literis,
3195 3558 3308 3614 sive
3330 3574 3361 3612 a
3389 3559 3773 3616 defensoribus

550 3623 864 3750 patrimonii
890 3627 1001 3684 illic
1023 3629 1206 3700 positi.
1233 3660 1305 3669 —
1332 3627 1394 3684 Il.
1436 3628 1670 3684 Monitus
1710 3623 1962 3686 Pontifex
1995 3633 2272 3687 scribebat
2312 3629 2542 3686 Clericis
2571 3637 2626 3684 et
2666 3628 2814 3683 Plebi
2853 3629 3110 3685 Ecclesia:
3162 3630 3339 3685 vidua:
3387 3632 3454 3686 de
3503 3630 3774 3686 electione

597 3697 918 3750 Disconi.—
946 3697 1031 3750 Ill.
1063 3699 1347 3750 Scribebat
1401 3707 1456 3750 et
1502 3700 1686 3750 vicino
1729 3701 2017 3750 Eniscnnn-
2078 3703 2164 3750 cui
2225 3702 2642 3750 commendaret
2686 3699 2944 3750 Ecclesiae
2996 3716 3206 3750 curam.
3267 3702 3439 3750 donec
3493 3711 3769 3750 nastorem

597 3697 824 3772 piscopi.
848 3697 1347 3772 —__l_ilI_Scribebat
1392 3707 1456 3772 et
1502 3700 1686 3755 vicino
1729 3701 2018 3772 Episcopo,
2078 3703 2166 3758 cui
2225 3702 2651 3772 commendaret
2685 3699 2944 3772 Ecclesia:
2996 3716 3207 3767 curam,
3267 3702 3439 3758 donec
3493 3711 3771 3772 pastorem

551 3765 794 3845 habere}.
821 3799 892 3845 7-
912 3768 1000 3845 iV:
1033 3769 1223 3845 Fiebat
1247 3771 1469 3845 electio_,_
1487 3765 1944 3845 concurrentibus
1980 3765 2146 3839 Cleri,
2177 3772 2528 3845 ordinisque,
2553 3781 2607 3845 et
2622 3771 2820 3845 Plebis
2869 3773 3034 3839 votis,
3072 3765 3462 3845 decretumque
3495 3765 3770 3845 'omnium

551 3838 947 3907 subscriptione
969 3840 1302 3897 ﬁrmabatur.
1330 3871 1402 3883 —
1425 3842 1489 3897 ν.
1519 3842 1817 3897 Electionis
1840 3838 2138 3898 decretum
2158 3838 2507 3898 deferebatur
2533 3841 2599 3895 ad
2622 3841 2961 3911 Pontiﬁcem,
2993 3838 3114 3898 cum
3145 3838 3417 3911 precibus,
3461 3853 3518 3897 ut
3545 3844 3771 3898 electio-

552 3924 678 3964 nem
705 3911 1403 3984 probaret,‘ordinaretque
1424 3911 1772 3984 Episcopum,
1801 3928 1963 3984 quem
2002 3913 2104 3968 sibi
2141 3912 2476 3984 delegerant.
2501 3910 3084 3984 :_Vl;ﬂespondebat
3112 3910 3381 3984 Pontifex,
3408 3913 3767 3984 Episcopum-

591 3996 678 4046 ue,
708 3979 870 4053 quem
900 3981 1202 4053 probasset,
1223 3979 1488 4039 evocabat
1524 3979 1751 4053 Romam
1785 3979 1852 4038 ad
1879 3979 2374 4053 consecrationem.
2404 4010 2476 4053 5—
2506 3979 2617 4053 VII,
2658 3979 2869 4053 Electo,
2894 3997 3014 4036 cum
3061 3996 3117 4036 se
3142 3981 3418 4053 conferret
3454 3979 3531 4053 :ad
3574 3979 3764 4040 sedem

670 4049 940 4125 stolicani,
964 4053 1393 4125 Archidiaconus
1419 4052 1676 4120 Ecclesiae
1697 4054 1896 4118 vidum,
1929 4054 2132 4125 aliique
2161 4052 2423 4109 Honorati
2470 4051 2892 4125 comitabantur,
2915 4066 3219 4125 secumque
3269 4049 3590 4125 deferebant
3624 4053 3763 4109 alias

549 4117 690 4197 Cleri
722 4123 1004 4197 Plebisque
1027 4124 1232 4191 literas,
1262 4127 1467 4197 quibus
1487 4117 1778 4197 instantius
1800 4117 2075 4180 ordinatio
2095 4125 2412 4197 urgebatur.
2437 4117 3075 4197 —_}’lll‘._Peragel_iatur
3102 4117 3327 4197 solemni
3357 4124 3461 4178 ritu
3485 4126 3761 4182 ordinatio

548 4191 754 4258 Romae,
796 4191 998 4263 praevio
1036 4191 1372 4265 examine—de
1400 4193 1506 4250 ﬁde
1536 4203 1590 4250 et
1616 4195 1880 4263 moribus,
1911 4191 2225 4264 monitaque
2266 4195 2410 4265 inter
2435 4191 2812 4265 ordinandum
2839 4191 3106 4265 EpiscOpo
3124 4193 3422 4265 dabantur,
3461 4196 3658 4265 quibus
3690 4197 3758 4252 ad

549 4261 837 4336 regendam
859 4281 1013 4320 suam
1040 4266 1334 4322 Ecclesiam
1356 4264 1663 4336 iuvaretur.
1685 4297 1758 4306 —
1779 4261 1874 4321 IX.
1895 4266 1952 4321 ln
1973 4261 2314 4322 ordinatione
2347 4261 3082 4336 Episcopuseprofessionem
3112 4263 3238 4320 ﬁdei
3261 4266 3328 4320 ad
3356 4261 3558 4336 corpus
3581 4267 3755 4323 sancti

547 4331 695 4390 Pe'tri
715 4336 1165 4409 emittebat.—-X.
1209 4331 1386 4394 Dabat
1411 4338 1578 4392 etiam
1609 4339 1940 4403 cautionem,
1969 4355 2074 4409 qua
2099 4331 2439 4405 disciplinam
2464 4331 2905 4409 Ecclesiasticam
2935 4335 3350 4409 observaturum
3377 4331 3756 4409 sejmlliceba-

547 4415 656 4460 tur.
682 4405 880 4479 —‘53
904 4407 1265 4479 XLWAddebat
1295 4418 1349 4463 et
1390 4409 1684 4463 indiculum
1716 4411 1781 4462 de
1808 4403 2112 4479 obediéntia
2126 4403 2271 4479 erga;
2287 4421 2560 4479 summum
2575 4403 2910 4479 Pontiﬁcem,
2941 4409 2994 4479 et
3016 4403 3273 4479 ﬁdelitate
3298 4421 3423 4479 erga
3447 4403 3755 4478 Principem

549 4473 929 4532 servanda.'—
949 4478 1060 4534 ΧΠ.
1107 4478 1236 4534 Post
1261 4479 1657 4534 ordinationem
1682 4479 1982 4546 accipiebat
2022 4495 2053 4534 a
2082 4473 2347 4532 Pontiﬁce
2371 4475 2440 4531 ad
2470 4476 2713 4532 Clericos
2743 4483 2795 4528 et
2849 4473 3071 4546 Plebem
3123 4473 3508 4535 civitatis'sua:
3545 4473 3749 4544 literas,

547 4549 742 4622 quibus
765 4550 1148 4615 mouebantur,
1175 4551 1309 4622 quid
1352 4545 1815 4622 Episcopusthet:
1835 4548 1889 4601 in
1906 4548 2192 4622 mandatis
2224 4547 2546 4617 accepisset,
2569 4555 2678 4622 “et.
2705 4545 3118 4622 spopondisset;
3159 4564 3279 4622 qua
3295 4547 3460 4603 etiam
3494 4550 3752 4622 edeberet

546 4615 891 4676 observantia
922 4637 952 4674 a
976 4622 1088 4676 suis
1113 4615 1348 4676 subditis
1369 4615 1492 4674 coli.
1525 4615 1596 4661 J—
1622 4618 1758 4674 Xlll.
1786 4619 2106 4688 Accipiebat
2129 4615 2375 4688 quoque,
2395 4633 2519 4674 cum
2551 4615 2936 4684 dimitteretur,
2967 4617 3033 4673 ab
3057 4615 3460 4675 Archidiacono
3494 4620 3753 4675 Romana:

545 4689 800 4767 Ecclesia:
826 4691 1242 4767 formatam,_u_t_
1263 4698 1558 4767 censtaret,
1583 4705 1614 4743 a
1643 4703 1753 4767 que
1773 4688 1914 4767 facta
1935 4697 2082 4744 esset
2107 4688 2399 4767 ordinatio,
2427 4704 2533 4757 qua
2570 4689 2675 4767 die,
2710 4703 2830 4767 quo
2863 4704 3069 4754 mense,
3094 4705 3224 4767 _qua
3273 4690 3582 4767 indictione,
3643 4706 3751 4767 quo

549 4759 868 4832 imperante,
897 4771 1005 4818 etc.
1031 4794 1105 4804 —
1124 4761 1262 4816 XIV.
1289 4761 1347 4815 Si
1385 4760 1685 4832 EpiSCOpus
1708 4759 2026 4823 Ecclesiam,
2053 4761 2321 4832 adquam
2359 4768 2479 4815 erat
2501 4760 2810 4832 ordinatus,
2839 4768 3062 4832 propter
3087 4758 3359 4816 feritatem
3388 4758 3746 4816 barbarorum

545 4829 836 4916 amisisset,
867 4849 989 4916 ,ηερ
1028 4832 1378 4916 recipiendae"
1392 4829 1532 4916 εἰ)θὲ
1582 4829 1741 4916 feret,
1789 4845 1820 4883 a
1844 4845 2079 4916 ‘summo
2099 4829 2394 4916 ;Poutiiic'e
2424 4846 2523 4900 per
2551 4829 3175 4916 literas‘praeﬁeiebatur
3199 4831 3371 4916 viduna:
3395 4831 3583 4914 alteri,
3602 4832 3747 4916 quod

547 4901 882 4961 incardinari
913 4897 1214 4960 dicebatur.
1244 4931 1315 4941 ——
1340 4897 1454 4971 XV.
1489 4900 1642 4971 Quod
1666 4903 1712 4954 si
1735 4908 1924 4971 contra
1951 4916 1983 4955 e
2015 4917 2072 4955 re
2095 4900 2256 4965 foret,
2282 4897 2489 4957 nullum
2512 4902 2689 4956 vidua:
2718 4897 2878 4971 alicui
2909 4897 3167 4956 Ecclesiae
3189 4901 3488 4971 praeﬁcere,
3535 4897 3746 4958 vicinus

544 4973 845 5048 Episcopus
873 4975 1061 5048 lit_er_':_1_s
1083 4989 1111 5048 τι
1137 4969 1636 5048 summo‘l’ontiﬁce
1663 4970 1980 5048 recipiebat,
2010 4972 2206 5048 quibus
2241 4971 2624 5048 adunabantur
2662 4969 2938 5048 Ecclesiae,
2982 4969 3229 5048 unusque
3257 4969 3516 5048 ambabus
3566 4974 3747 5048 prend-

543 5041 807 5102 ciebatur.
836 5076 907 5086 —-
925 5043 1063 5099 XVI.
1089 5043 1144 5097 ln
1172 5041 1410 5112 Ecclesia
1422 5056 1520 5097 sua
1543 5042 1828 5112 sedentem
1839 5041 2162 5112 Episcopum
2187 5042 2419 5097 invitare
2445 5042 2656 5097 solebat
2681 5041 2852 5096 literis
2876 5057 3120 5112 summus
3141 5041 3390 5099 Pontifex
3417 5044 3483 5098 ad
3504 5041 3743 5098 natalem

547 5133 704 5174 suum
728 5120 912 5174 Roma:
935 5112 1232 5185 solemnius
1279 5111 1950 5185 celebrandum.—XVll.
1998 5111 2100 5181 Qui
2138 5113 2401 5170 invitatus
2452 5112 2652 5178 fuerat,
2700 5113 2745 5168 si
2785 5111 3107 5185 prohibente
3142 5112 3478 5185 inﬁrmitate,
3528 5113 3743 5185 alioque

581 5190 729 5246 ravis
777 5185 1035 5255 momenti
1058 5183 1291 5252 negotio,
1315 5182 1502 5255 venire
1529 5198 1634 5238 non
1674 5193 1881 5255 posset,
1913 5183 2193 5255 iiterisque
2221 5199 2280 5238 se
2301 5192 2608 5255 excusaret,
2649 5182 2988 5255 rescribebat
3019 5181 3269 5255 Pontifex
3301 5181 3700 5240 excusatoriani
3724 5226 3738 5249 ,

546 5252 600 5314 id
623 5268 728 5324 est,
763 5254 1077 5326 epistolam,
1097 5269 1202 5326 qua
1233 5254 1641 5326 excusationem
1675 5252 1965 5326 probaret.
1995 5286 2068 5326 έ-
2091 5252 2275 5310 Χνιιι.
2302 5252 2476 5326 Statis
2508 5252 3140 5326 debebanttemporibus
3165 5253 3357 5311 sistere
3385 5270 3442 5310 se
3490 5255 3740 5310 Pontiiici

544 5321 815 5399 Episcopi,
866 5325 957 5399 qui
989 5321 1132 5380 sedis
1157 5323 1479 5399 Apostolica:
1521 5321 1851 5380 ordinationi
1889 5325 2259 5395 suiijacebant.
2293 5323 2352 5380 Si
2381 5324 2596 5399 quando
2643 5323 2696 5399 id
2729 5321 3665 5399 Aoﬁiciiomitterentdgﬁpiebant
3707 5342 3738 5399 a

543 5393 806 5456 Pontiﬁce
828 5393 1281 5467 exhortatoriam,
1321 5412 1427 5467 qua
1460 5406 1738 5467 morantes
1785 5393 2159 5467 moneiientur,
2182 5405 2370 5467 atque
2397 5393 2562 5450 etiam
2610 5393 2773 5467 minis
2815 5403 3171 5467 terrerentur.
3194 5427 3267 5437 —-
3291 5393 3459 5467 XIX.’
3488 5397 3642 5466 Quod
3691 5398 3737 5452 si

545 5467 756 5540 adversi
792 5466 993 5540 aliquid
1018 5463 1356 5540 paterentur,
1382 5463 1773 5540 consolatorias
1797 5465 2051 5540 Pontifex
2082 5463 2273 5522 literas
2290 5466 2498 5540 dabat:
2531 5480 2671 5540 quae:
2686 5465 2788 5540 fuit
2819 5464 3373 5540 illorumteniporum
3420 5463 3736 5540 humanitas

541 5548 704 5609 atque
743 5533 1068 5610 benignitas.
1090 5569 1164 5581 -—-
1186 5538 1426 5594 Fuerunt
1454 5539 1618 5609 igitur
1645 5537 1803 5610 circae
1822 5538 2221 5610 ordinationem
2243 5533 2604 5610 suburbicalfii
2631 5533 2906 5610 Episcopi,
2943 5533 3288 5610 ordin‘atique
3314 5537 3732 5610 instructionem

541 5603 911 5665 novemdecim
956 5609 1202 5665 formulae
1233 5625 1248 5664 :
1281 5603 1530 5665 undecim
1577 5607 1922 5680 pertinebant
1942 5611 2011 5664 ad
2026 5609 2350 5680 scribentem
2379 5603 2734 5680 Pontiﬁceni;
2767 5603 2981 5664 trésad
3008 5603 3619 5680 Episcopumareliqure
3663 5611 3731 5664 ad

544 5680 698 5735 alios.
737 5680 815 5735 Ex
837 5680 1155 5744 Pontificiis,
1197 5696 1370 5750 neque
1390 5677 1756 5736 exhortatoria
1779 5678 1922 5734 Cleri
1953 5680 2020 5734 ad
2049 5679 2400 5743 electionem;
2433 5677 2543 5805 εξ
2570 5693 2745 5749 neque
2773 5679 3234 5736 commendatoria
3264 5677 3534 5735 Ecclesia:—
3549 5681 3728 5738 viduae

545 5751 598 5805 in
620 5749 824 5805 Diurno
845 5753 1148 5805 reoeritur:
1181 5752 1277 5805 sed
1303 5752 1502 5805 ubiaue
1529 5751 1733 5805 passim
1765 5755 2002 5805 utraque
2030 5750 2173 5805 inter
2200 5749 2470 5805 Epistolas
2548 5751 2746 5805 recorii
2765 5749 2940 5805 lliazni
2972 5747 3134 5802 obvia
3164 5757 3264 5804 est.

545 5751 598 5805 in
620 5749 824 5835 Diurno
845 5753 1148 5835 reperitur;
1181 5747 1502 5822 sed-ubique
1529 5751 1733 5821 passim
1765 5750 2173 5875 utragu‘einter
2200 5747 2470 5818 Epistolas
2499 5747 2746 5833 Gregorii
2765 5749 2940 5831 Magni
2972 5747 3134 5802 obvia
3164 5757 3264 5804 est.

545 5837 591 5875 in
639 5832 910 5875 reneritur
955 5833 1121 5875 etiam
1173 5823 1347 5875 forma
1413 5823 1618 5875 decreti
1681 5827 1809 5875 post
1921 5825 2190 5875 ectionem
2223 5839 2237 5873 :
2273 5835 2464 5875 verum
2529 5821 2618 5875 illa
2685 5839 2740 5875 ιιι
2806 5819 3010 5875 Ordine
3057 5817 3264 5874 Roman

471 5822 591 5896 Non
639 5817 924 5894 reperitur'
955 5817 1139 5896 etiam
1173 5823 1347 5877 forma
1681 5827 1809 5891 post
1869 5817 2190 5877 ductionem
2223 5817 2464 5878 {verum
2529 5817 2635 5876 illa'
2685 5823 2758 5896 in_
2806 5817 3010 5896 Oidine
3057 5817 3300 5896 Romano
3333 5819 3563 5896 legitur:
3597 5819 3727 5896 Quae

539 5888 750 5977 desunt,
805 5904 928 5967 post
973 5895 1158 5960 Notas,
1209 5894 1520 5965 appendicis
1572 5888 1768 5958 instar,
1819 5901 2177 5962 apponentun
2223 5899 2284 5949 ut
2339 5899 2688 5968 temporum,
2726 5893 2793 5949 de
2854 5888 3052 5966 quibus
3101 5891 3330 5964 agimus,
3387 5888 3726 5952 manifestior

539 5975 610 6022 ειι
633 5981 780 6023 usus.
