4062 6448
254 434 324 529 ἀ
1225 441 1675 509 nomonuu
1711 441 1853 503 ron

1951 436 2157 501 τουπ.
2189 468 2266 486 -
2295 437 2453 501 CAP.
2489 436 2577 500 Ill.
3443 429 3517 499 69

263 685 542 748 Decretum
571 680 637 739 de
677 679 832 736 electo
869 678 1147 749 Episcopo,
1177 675 1316 748 quod
1352 673 1481 746 leget
1513 686 1537 715 α
1573 671 1830 728 Notarius

861 747 1227 819 Regionarius.

335 843 740 920 Superscriptio.
771 842 1000 896 Domino
1040 847 1248 905 sancto,
1279 837 1474 893 merito
1501 834 1830 908 Apostolico,

261 953 317 999 et
347 942 526 996 divina
544 936 916 994 benedictione
953 936 1226 998 decorato,
1248 930 1327 987 lll.
1357 931 1386 972 ι)
1410 929 1569 1000 Papa
1589 929 1832 996 Patrum,

265 1047 491 1090 summae
510 1031 652 1086 sedis
669 1026 913 1094 Praesuli,
954 1023 1140 1080 fainuli
1165 1023 1335 1080 vestri
1369 1021 1558 1078 Clerus
1592 1028 1648 1076 et
1673 1019 1836 1076 Plebs

262 1126 520 1182 Ecclesia:
551 1123 634 1179 Ill.

333 1215 417 1271 Ad
449 1213 660 1269 laudem
697 1205 1042 1282 Apostolatus
1078 1206 1246 1263 vestri
1285 1203 1636 1260 nihilominus
1662 1200 1836 1258 credi-

263 1326 386 1367 mus
436 1309 723 1380 pertinere,
778 1304 824 1361 si
869 1301 1127 1366 Ecclesia,
1175 1315 1293 1370 quae
1336 1297 1614 1353 Pontiﬁcis
1658 1295 1838 1352 ofﬁcio

265 1403 523 1458 destituta
558 1396 792 1462 videtur,
830 1395 1028 1452 vestris
1069 1393 1251 1459 fuerit,
1284 1393 1396 1446 Deo
1418 1389 1649 1453 favente,
1688 1387 1842 1441 deco-

263 1500 384 1548 rata
408 1489 741 1561 temporibus
768 1505 783 1542 :
811 1486 1053 1558 proinde,
1075 1492 1262 1540 sancte
1280 1481 1490 1538 meritis
1510 1477 1842 1549 Apostolice,

262 1597 575 1656 quassumus
609 1591 632 1621 ο
661 1579 1034 1650 Apostolatnm
1059 1586 1323 1640 vestrum,
1354 1572 1435 1628 uti
1461 1571 1725 1626 famulum
1751 1583 1846 1624 ve-'

261 1685 438 1732 atrum
467 1675 546 1730 ω.
588 1675 764 1729 virum
810 1671 1196 1735 venerabilem,
1243 1669 1540 1726 Diaconum
1587 1663 1845 1720 Ecclesiae

261 1775 488 1832 nostra,
519 1763 672 1834 cujus
695 1765 868 1820 vitam
887 1771 943 1819 et
969 1765 1226 1819 honestos
1251 1775 1432 1816 mores
1459 1757 1600 1828 apud
1620 1771 1719 1812 nos
1747 1755 1846 1810 ha«

259 1857 451 1918 heus
496 1857 638 1912 bene
682 1863 740 1911 et
782 1855 987 1926 optime
1035 1852 1447 1922 comprobatae,
1498 1849 1642 1903 hunc
1686 1845 1845 1901 nobis

258 1945 612 2017 Apostolatus
639 1923 845 2011 vester,
876 1945 1057 2000 divina
1085 1944 1256 2015 gratia
1283 1939 1666 2012 praeveniente,
1705 1936 1834 2007 Epi-
1863 1923 1914 1986 Β

261 2054 490 2110 scopum
516 2051 838 2094 consecrare
861 2036 1112 2106 dignetur
1139 2050 1155 2089 :
1177 2043 1444 2105 quatenus
1474 2030 1713 2087 Ecclesia
1741 2029 1841 2085 Dei

257 2141 316 2188 et
339 2138 544 2196 vestra,
581 2131 707 2186 dum
737 2129 935 2184 vestris
973 2126 1138 2182 fuerit
1185 2126 1442 2182 decorata
1488 2121 1842 2192 temporibus,

257 2220 372 2277 Deo
403 2230 463 2279 et
487 2220 1052 2300 Apostolatuigestro
1091 2217 1482 2274 insufﬁcientes
1525 2213 1728 2287 gratias
1752 2227 1840 2268 re-

256 2311 423 2368 ferat.
1365 2305 1371 2311 ’

331 2403 439 2475 55
500 2403 570 2458 Et
610 2401 939 2472 Subscriptio
985 2402 1240 2472 ipsorum.
1272 2399 1356 2454 ιιι.
1400 2398 1526 2454 huic
1558 2397 1777 2453 decreto
1811 2408 1845 2450 a

257 2493 419 2550 nobis
446 2493 589 2550 facto
617 2493 670 2548 in
700 2492 780 2547 lll.
810 2493 928 2549 viro
961 2492 1278 2558 venerabili,
1304 2491 1542 2546 Diacono
1582 2496 1638 2545 et
1674 2487 1846 2544 electo

256 2593 478 2650 nostro,
499 2583 745 2641 consensi
767 2591 823 2640 et
844 2582 1164 2653 subscripsi,
1189 2591 1297 2638 etc.

869 2693 1172 2751 TlTULUS
1209 2692 1272 2748 Π.

865 2787 894 2828 ἀ
933 2785 1237 2842 Vocatoria.

330 2880 713 2941 Dilectissimis
746 2893 770 2923 θ
802 2881 1062 2938 fratribus
1088 2887 1144 2936 et
1173 2879 1298 2936 ﬁliis
1325 2876 1684 2950 Presbyteris,
1729 2874 1849 2933 Dia-

409 3077 663 3134 Notarius
699 3075 1196 3150 Regionarius.Sui
1220 3083 1381 3150 erant
1403 3075 1630 3150 singulis
1662 3074 1852 3131 Romae

265 3149 595 3219 Regionibus
632 3147 830 3206 addicti
882 3148 1110 3212 Notarii,
1143 3148 1233 3218 qui
1283 3162 1380 3271 per
1445 3147 1589 3201 vices
1637 3161 1849 3229 summo

265 3219 511 3271 Pontiﬁci
535 3221 858 3271 obsequium
881 3220 1228 3271 praestabant.
1260 3217 1278 3271 l
1306 3217 1339 3271 li
1363 3217 1430 3271 de
1449 3217 1848 3271 suburbicarta-

260 3216 511 3276 Pontiﬁci
535 3221 858 3292 obsequium
881 3216 1228 3292 praestabant.
1260 3216 1343 3292 Illi
1363 3217 1430 3274 de
1449 3216 1848 3292 suburbicaria-

265 3305 388 3346 rum
420 3287 702 3360 regionum
727 3291 829 3346 sibi
856 3287 1239 3360 attributarum
1269 3289 1429 3343 rebus
1449 3287 1774 3360 referebant.

334 3361 364 3401 Β
404 3358 565 3431 Ραρω
615 3361 858 3416 Patrum.
907 3359 1026 3415 Jam
1070 3360 1288 3431 indefab
1319 3367 1480 3431 aetate
1507 3358 1854 3431 Constantini

263 3429 442 3502 Magni
478 3429 735 3502 usurpata
767 3439 851 3486 est
884 3433 999 3502 haec
1042 3430 1351 3502 appellatio,
1384 3430 1477 3502 sed
1510 3445 1615 3484 non
1649 3430 1722 3483 ita
1745 3429 1851 3486 fre-

260 3501 498 3571 quenter
527 3520 540 3556 :
568 3501 669 3557 fuit
695 3517 828 3557 vero
875 3501 1208 3572 frequentior
1244 3501 1642 3571 solemniorque
1671 3507 1853 3570 poste—

263 3572 508 3627 rioribus
531 3573 890 3644 temporibus.

334 3673 358 3703 α
407 3661 772 3731 Apostolatum
810 3673 1058 3718 vestrum.
1087 3663 1202 3717 Etsi
1230 3659 1517 3731 appellatio
1535 3660 1660 3731 haec
1689 3659 1856 3730 perti-

257 3748 400 3790 nere
421 3727 636 3786 videtur
661 3733 979 3802 adgsummae
1017 3742 1071 3788 et
1106 3727 1427 3802 Apostolica:
1455 3729 1599 3802 sedis
1638 3727 1856 3802 Praesu-

257 3803 394 3868 lem,
441 3802 585 3857 unde
636 3809 692 3857 et
725 3799 1002 3856 Romanus
1045 3799 1291 3856 Pontifex
1341 3799 1536 3868 sacpius
1587 3800 1858 3870 reperitur

261 3875 448 3944 dictus
493 3871 1165 3944 dpostglicus;attributa
1213 3877 1516 3944 esttamen
1567 3869 1856 3944 aliquando

262 3939 615 4014 inferioribus
644 3941 947 4014 Episcopis,
986 3941 1358 3997 attributionis
1399 3940 1706 4014 exemplum
1743 3939 1858 3995 ubi-

268 4028 376 4085 que
403 4013 611 4084 passim
636 4013 897 4068 occurrit.

339 4103 365 4144 d
417 4103 716 4160 Vocatoria.
759 4103 999 4174 Epistula
1046 4103 1154 4161 185
1177 4103 1400 4162 Joannis
1435 4102 1854 4174 Vlllvocatoria

265 4183 353 4256 est
382 4191 396 4229 :
427 4189 534 4257 non
561 4183 743 4257 tamen
781 4173 1096 4257 inscribitur
1143 4175 1427 4257 Episcopis
1472 4182 1527 4229 et
1564 4173 1855 4257 Presbyte-

268 4246 370 4309 ris,
405 4245 650 4307 etc.,sed
691 4245 910 4315 ipsimet
940 4244 1286 4315 Electoy'qui
1332 4244 1398 4300 de
1447 4259 1556 4315 sua,
1589 4244 1860 4302 electione

265 4314 445 4370 literis
475 4314 792 4372 Pontiﬁcem
810 4319 1116 4369 monuerat.
1145 4314 1271 4370 Fuit
1309 4315 1356 4370 is
1382 4314 1718 4370 Theodosius
1752 4315 1858 4369 No-

266 4386 458 4441 nensis
480 4385 735 4442 Ecclesiae
754 4385 809 4440 in
829 4385 921 4455 llly
931 4385 1045 4440 rico
1065 4385 1166 4455 sub
1188 4383 1469 4442 Jaderensi
1493 4385 1858 4455 Metropolita,

267 4456 563 4523 Diaconus,
587 4464 644 4511 et
664 4456 718 4512 in
743 4453 1066 4525 Episcopum
1084 4453 1323 4524 ejusdem
1355 4455 1610 4512 Ecclesiae
1630 4453 1854 4511 electus.

269 4525 399 4597 Haec
443 4542 604 4597 porro
631 4526 878 4597 epistola,
911 4534 968 4580 ut
997 4526 1167 4581 multa
1193 4527 1436 4584 continet
1462 4525 1860 4583 Ecclesiasticaa

268 4595 527 4653 Historia:
553 4595 720 4660 utilia,
754 4598 825 4651 ita
855 4597 995 4654 lectu
1021 4597 1336 4667 dignissima
1362 4604 1464 4654 est.

345 4700 370 4730 ο
412 4687 694 4760 Fratribus
724 4696 772 4742 et
806 4687 951 4760 ﬁliis.
995 4687 1220 4760 Videtur
1248 4689 1363 4760 haec
1385 4687 1659 4760 vocatoria
1696 4689 1862 4760 perti-

269 4773 404 4814 nere
434 4759 504 4813 ad
545 4758 786 4813 Electum
824 4757 1247 4828 Metropolitanum
1277 4758 1531 4814 Ecclesia
1563 4778 1576 4813 :
1607 4760 1686 4815 sic
1699 4757 1858 4814 enim

269 4846 398 4901 vox,
428 4829 701 4899 fratribus,
727 4829 795 4882 ad
819 4829 1116 4901 Episcopos
1138 4829 1464 4896 Provinciae;
1493 4845 1596 4886 vox
1619 4831 1768 4901 ﬁliis,
1792 4831 1860 4886 ad

270 4899 649 4970 Presbyteros,
674 4907 804 4966 etc.,
829 4899 1114 4970 spectabit.

349 4971 370 5011 ι
410 4967 757 5041 Dilectionem
788 4967 1030 5025 vestram.
1073 4967 1276 5026 Similis
1318 4969 1540 5041 epistola
1582 4969 1776 5041 legitur
1803 4969 1859 5026 in

272 5040 482 5097 Ordine
526 5039 792 5106 Romano,
838 5042 942 5095 nisi
993 5043 1135 5110 quod
1177 5039 1366 5096 habet
1393 5039 1686 5096 clausulam
1720 5043 1862 5097 hanc

271 5113 501 5166 omnino
540 5110 863 5182 superﬂuam
898 5130 910 5165 :
944 5110 1022 5183 Ob
1057 5129 1210 5183 quam
1244 5120 1350 5166 rem
1396 5113 1530 5166 hanc
1569 5111 1856 5183 direximus

274 5180 707 5254 admonitionem,
757 5183 883 5253 quia
926 5180 1125 5236 dudum
1175 5183 1374 5253 placuit
1413 5191 1609 5254 sancite
1647 5180 1859 5254 Synodo

275 5252 598 5325 Episcopum
618 5254 740 5325 sine
770 5252 1054 5325 uocatoria»
1080 5252 1273 5325 suscipi
1317 5269 1420 5307 non
1453 5253 1656 5319 debere,
1689 5252 1750 5306 ne
1773 5255 1861 5306 ob-

273 5325 509 5377 scuritas
535 5323 707 5377 debite
740 5323 1086 5377 ordinationis
1115 5323 1370 5377 incurrat.

354 5397 378 5434 ὅ
414 5391 696 5465 occultare
727 5392 1056 5465 coluerit._1d
1102 5394 1228 5465 fecit
1264 5393 1555 5465 Gregorius
1603 5393 1858 5464 Magnus;

276 5464 502 5520 consule
524 5463 720 5518 librum
737 5463 874 5517 Vitae
888 5462 945 5519 S.
963 5462 1226 5533 Gregorii,
1249 5464 1338 5518 ubi
1351 5462 1585 5519 Joannes
1599 5462 1864 5520 Diaconns

277 5550 401 5604 cap.
447 5536 517 5591 39
555 5544 612 5590 et
641 5533 1014 5604 sequentibus,
1054 5534 1276 5601 exponit
1323 5536 1438 5603 pias
1466 5543 1635 5600 artes,
1666 5535 1860 5604 quibus

278 5606 365 5658 \ir
385 5613 606 5660 sanctus
627 5605 900 5660 declinare
927 5604 1152 5658 tentavit
1177 5619 1479 5674 supremam
1505 5607 1654 5662 orbis
1679 5604 1863 5661 Eccle-

281 5676 562 5732 siasticam
591 5675 928 5732 dignitatem.

355 5692 562 5732 usucam
591 5692 929 5798 dignitatem:

355 5748 382 5786 ιι
425 5745 646 5801 Decreta
669 5762 715 5801 ο.
747 5747 931 5800 Viden
958 5751 1135 5816 potest
1159 5743 1427 5801 decretale
1455 5745 1557 5802 hoc
1586 5763 1615 5802 a
1641 5747 1862 5806 decreto

282 5832 393 5872 non
423 5817 660 5882 diﬂ'erre,
699 5817 806 5880 nisi
850 5819 1140 5872 verborum
1175 5824 1331 5870 tenus
1359 5834 1371 5866 :
1403 5829 1508 5886 quo
1532 5833 1641 5872 uno
1671 5819 1864 5874 discri-

285 5888 457 5955 mine,
499 5889 620 5960 qua:
651 5895 971 5959 sequuntur,
1015 5886 1261 5944 formulae
1289 5887 1408 5942 duas
1435 5903 1466 5942 a
1492 5888 1746 5945 decretali
1781 5891 1866 5947 di-

1881 4641 2169 4714 Dviduze,
2216 4647 2306 4733 cui
2343 4641 2720 4733 praeﬁciendus
2759 4649 3061 4733 Episcopus
3101 4669 3114 4704 :

1853 558 1908 622 Α
1931 560 2178 626 conibus,
2197 557 2442 625 Clericis,
2458 555 2770 626 Honoratis,
2792 540 3223 626 Possessoribus,
3235 565 3292 616 et
3305 567 3516 620 cunctae

1932 651 2081 706 Plebi
2105 651 2184 706 ill.
2232 650 2519 716 Ecclesiae,
2557 650 2824 721 simulque
2861 657 3055 706 vocato
3091 647 3173 704 Ill.
3222 649 3511 725 Episcopo,

1935 744 2227 800 auxiliante
2255 743 2514 810 Domino,
2545 741 2724 800 futuro
2757 743 2836 799 lll.
2868 753 3070 800 sanctae
3091 744 3368 801 Ecclesiae.

2010 854 2032 894 ί
2064 853 2412 910 Dilectionem
2437 861 2674 911 vestram
2709 853 2998 912 salubriter
3023 855 3364 928 alloquimur,
3389 859 3529 928 quia-

1933 947 2248 1018 przedictum
2298 946 2376 1002 lll.
2419 962 2451 1001 a
2491 947 2643 1003 vobis
2685 948 2916 1004 electum
2961 947 3288 1019 Episcopum
3333 949 3512 1005 virum

1935 1039 2298 1094 venerabilem
2351 1041 2604 1096 ordinare
2658 1041 3050 1112 compellimur.
3107 1040 3416 1098 Gaudemus
3463 1047 3520 1097 et

1935 1143 2155 1184 oramus
2202 1125 2475 1185 Christum
2527 1129 2730 1198 Jesum,
2777 1140 2839 1187 ut
2877 1131 2968 1202 qui
2996 1131 3149 1187 vobis
3175 1132 3518 1188 devotionem

1937 1218 2216 1275 electionis
2237 1219 2411 1284 dedit,
2443 1221 2596 1276 nobis
2625 1237 2836 1294 quoque
2862 1221 3177 1294 perﬁciendi
3209 1223 3406 1278 tribuat
3425 1237 3519 1294 po-

1939 1320 2212 1369 testatem.
2235 1310 2352 1366 Jam
2381 1311 2546 1368 fatum
2567 1315 2742 1369 virum
2765 1315 3014 1386 religiosa
3038 1315 3292 1370 violentia
3317 1323 3518 1382 tenete.

1939 1411 1995 1460 et
2019 1405 2085 1459 ad
2115 1414 2356 1460 sanctam
2398 1413 2641 1461 nostram
2677 1407 2862 1464 sedem
2902 1409 3194 1479 perducere
3240 1408 3516 1474 festinate,

1941 1495 2033 1568 qui
2061 1494 2201 1551 forte
2231 1496 2445 1567 dignior
2481 1510 2546 1551 eo
2573 1496 2709 1564 erit,
2750 1497 2797 1552 si
2825 1512 2888 1553 se
2915 1505 2943 1539 ε
2966 1498 3239 1554 occultare
3263 1498 3517 1555 voluerit.

2357 1779 2360 1781 Α
2443 1693 2551 1770 53
2587 1694 2887 1756 TlTULUS
2935 1697 3022 1755 IIl.

1941 1829 1975 1873 ιι
2009 1826 2315 1896 Decretale,
2361 1829 2500 1900 quod
2539 1827 2660 1900 legit
2709 1831 2726 1872 ξ
2767 1829 3038 1885 Diacotme
3081 1828 3350 1901 designato
3386 1826 3525 1902 Epi-

2637 1934 2809 1982 80090.

2014 2099 2243 2156 Domino
2261 2099 2575 2157 beatissimo
2596 2099 2774 2172 Papae,
2799 2107 3004 2157 sanctae
3020 2100 3278 2159 Ecclesiae
3293 2100 3373 2159 lll.
3397 2101 3530 2161 Pre-

1942 2191 2169 2264 sbyteri,
2202 2191 2449 2258 Diaeoni,
2477 2199 2534 2248 et
2566 2191 2726 2248 Plebs
2748 2191 3072 2250 consistens.

2014 2302 2149 2359 Itan
2193 2303 2302 2358 alia
2339 2319 2550 2358 manus.
2585 2299 2600 2356 i
2639 2302 2775 2360 Cum
2818 2301 3187 2374 adiacentibus
3225 2299 3525 2371 Parochiis.

1945 2395 1998 2451 in
2034 2396 2281 2464 Domino,
2306 2396 2536 2452 salutem

2015 2500 2286 2562 Pontiﬁcii
2321 2508 2484 2563 vestri
2521 2516 2606 2563 est
2633 2508 2906 2565 destitutis
2943 2507 3199 2564 Ecclesiis
3221 2506 3526 2574 subvenire,

1945 2616 2016 2656 ne
2056 2599 2215 2656 Plebs
2248 2601 2359 2655 Deo
2387 2601 2582 2656 devota
2620 2601 2712 2656 diu
2740 2601 2854 2678 sine
2883 2603 3102 2672 proprio
3131 2603 3376 2656 videatur
3412 2615 3530 2657 esse

1949 2699 2163 2746 rectore
2191 2705 2206 2744 :
2233 2695 2288 2746 et
2320 2691 2466 2757 ideo,
2491 2691 2718 2746 Domine
2741 2693 3051 2748 beatissime
3069 2707 3226 2764 papa,
3249 2708 3532 2764 precamur

1945 2781 2317 2853 Apostolatum
2343 2789 2610 2850 vestrum,-
2641 2783 2720 2838 uti
2761 2784 2917 2838 nobis
2941 2783 3020 2838 lll.
3045 2784 3222 2839 virum
3249 2785 3534 2840 venerabi-

1947 2873 2075 2941 lem,
2109 2874 2134 2914 ιι
2165 2873 2462 2932 Diaconum
2488 2881 2757 2941 nostrum,
2777 2872 2884 2947 57
2909 2875 3021 2931 vita
3048 2882 3105 2934 et
3125 2875 3370 2934 moribus
3389 2891 3535 2934 com-

1949 3091 2120 3133 versa:
2148 3082 2294 3132 sunt.
2341 3075 2542 3134 Verum
2585 3075 2644 3132 in
2691 3076 3023 3133 contrarium
3068 3075 3216 3133 facit.
3265 3075 3534 3144 Primum,

1953 3149 2094 3219 quod
2123 3148 2335 3203 diversa
2362 3147 2443 3219 sit
2459 3147 2740 3219 utriusque
2769 3148 3071 3218 inscriptio,
3104 3162 3204 3219 nec
3227 3147 3450 3219 perinde
3470 3162 3536 3203 ao

1955 3217 2407 3290 consequentibus
2425 3217 2671 3275 formulis
2695 3217 3011 3288 inscriptum
3029 3219 3097 3275 sit
3113 3217 3277 3272 aliud.
3304 3217 3526 3290 Deinde,

1877 3291 1922 3356 C
1953 3292 2095 3362 quod
2121 3288 2233 3362 non
2259 3306 2289 3344 a
2316 3289 2578 3362 rNotario,
2624 3297 2683 3362 ut
2708 3290 3019 3360 praecedens
3050 3291 3343 3362 decretum,
3377 3288 3470 3344 sed
3497 3303 3533 3345 a

1954 3363 2192 3417 Diacono
2223 3361 2328 3431 legi
2360 3361 2599 3416 deberet.
2631 3361 2824 3416 Postea
2844 3401 2858 3425 ,
2901 3362 3042 3431 quod
3074 3361 3370 3424 decretum,
3414 3365 3536 3429 post

1952 3432 2184 3488 electum
2251 3431 2610 3502 Episcopum;
2669 3431 2971 3498 decretalc,
3002 3431 3534 3502 postudesignatum,

1951 3504 2278 3558 mitteretur.
2299 3499 2566 3572 :Dcnique
2605 3505 2747 3572 quod
2769 3499 3046 3557 decretum
3064 3499 3311 3572 afferret
3318 3501 3537 3572 missus

1953 3519 2278 3558 mitteretur.
2326 3519 2457 3556 ueni
2500 3519 2566 3555 ue
2605 3519 2747 3572 quoa
2769 3519 3046 3557 uecremm
3084 3519 3301 3556 anerret
3337 3519 3537 3555 mlSSllS

1953 3573 2150 3643 aliquis
2191 3573 2260 3626 ad
2305 3519 2621 3643 Pontiﬁcem
2669 3573 2914 3643 minister
2954 3571 3206 3643 Ecclesia:
3244 3570 3446 3643 viduae,
3479 3573 3539 3643 ut

1955 3639 2347 3712 approbaretur
2372 3641 2600 3712 elcctio;
2631 3641 2922 3712 decretale.
2958 3641 3256 3712 Diaconus,
3267 3639 3538 3712 Episcopi

1955 3707 2120 3766 futuri
2150 3725 2352 3774 comes,
2377 3709 2630 3776 deferret,
2655 3719 2715 3766 ut
2737 3711 3005 3768 ordinatio
3030 3710 3204 3764 ﬁeret.
3238 3707 3372 3763 Nam
3397 3707 3538 3764 inter

1957 3781 2186 3853 electum
2241 3785 2296 3834 et
2346 3779 2684 3853 designatum
2739 3781 3129 3853 iddintercedjt
3159 3780 3536 3853 discriminis,

1955 3851 2103 3923 quod
2129 3851 2337 3923 electus
2366 3849 2553 3916 sit,'in
2586 3867 2746 3923 quem
2773 3851 2957 3923 Clerus
2982 3849 3222 3923 etPlebs
3247 3866 3539 3908 consense-

1955 3921 2110 3994 runt;
2137 3921 2471 3994 designatus,
2498 3921 2644 3991 quia
2673 3939 2882 3978 summo
2901 3921 3162 3979 Pontiﬁce
3189 3923 3535 3994 approbatus,

1954 4001 2012 4049 et
2039 3993 2106 4065 ad
2134 3992 2529 4065 ordinationem
2545 3994 2742 4065 venire
2757 3994 2962 4065 jussus.

2026 4062 2286 4133 Alcuiuus
2329 4078 2494 4133 porro
2544 4061 2681 4121 libro
2731 4061 2797 4122 d'e
2819 4064 3024 4121 Ofﬁciis
3068 4062 3263 4120 divinis
3291 4061 3540 4118 meminit

1957 4133 2249 4204 decretalis
2273 4132 2520 4204 hdjusce,
2552 4149 2674 4190 cum
2705 4135 2781 4190 ait
2811 4155 2822 4190 :
2860 4154 2878 4187 ‹
2913 4133 3047 4190 Cum
3072 4133 3371 4204 Episcopus
3397 4133 3532 4204 civi-

1957 4206 2088 4259 tatis
2121 4203 2283 4259 fuerit
2322 4201 2624 4270 defunctus,
2666 4205 2883 4270 eligitur
2907 4204 3045 4260 alius
3069 4201 3286 4258 a'clero'
3301 4219 3396 4257 seu
3438 4201 3542 4258 Po-

1995 4273 2108 4339 ulo,
2138 4273 2303 4342 ﬁtque
2329 4275 2604 4330 decretum
2633 4275 2699 4329 ab
2729 4272 2856 4341 illis,
2882 4282 2936 4329 et
2962 4273 3186 4328 veniunt
3211 4272 3278 4326 ad
3309 4272 3540 4342 Aposto-

1979 4346 2155 4409 icum,
2186 4358 2307 4398 cum
2339 4359 2436 4398 suo
2460 4344 2665 4408 Electo,
2695 4343 3000 4401 deferentes
3034 4357 3216 4399 secum
3244 4342 3542 4409 suggestio-

1961 4430 2084 4470 nem
2115 4429 2210 4470 seu
2245 4413 2548 4486 rogatorias
2574 4412 2780 4482 literas,
2807 4421 2868 4472 ut
2905 4414 2986 4472 eis
3015 4421 3296 4470 consecret
3317 4412 3542 4486 Episco—

1960 4501 2108 4558 pum.

2039 4579 2054 4619 ί
2092 4576 2384 4632 Diaconos.
2429 4575 2547 4632 Non
2591 4575 2778 4647 utique
2830 4577 3086 4635 Romanae
3121 4578 3397 4646 Ecclesiae,
3445 4579 3542 4635 sed

3171 4665 3346 4720 neque
3391 4651 3546 4706 enim

1960 4734 2143 4792 sermo
2171 4726 2255 4773 est
2275 4717 2596 4792 deilectione
2627 4717 2854 4792 decreti,
2881 4717 3002 4790 quin
3029 4720 3184 4776 ﬂeret
3209 4717 3276 4776 in'
3299 4721 3414 4792 ipsa
3453 4737 3546 4776 or-

1957 4789 2260 4855 dinatione;
2293 4788 2531 4855 alioquin
2575 4804 2680 4843 non
2727 4788 2993 4848 Diaconus
3038 4799 3248 4846 tantum
3269 4788 3544 4849 diceretur

1957 4860 2050 4930 qui
2089 4859 2243 4930 legit,
2277 4859 2372 4930 sed
2413 4858 2842 4918 Archidiaconus
2872 4877 2886 4916 :
2921 4859 3080 4930 huius
3119 4863 3265 4918 enim
3305 4871 3422 4920 erat
3473 4861 3542 4917 de

1957 4928 2220 4986 electione
2247 4928 2471 4985 referre.

2032 5021 2045 5071 i
2097 5019 2229 5096 Cant
2257 5019 2620 5096 adiacentibus
2659 5023 2942 5096 parochiis.
2985 5022 3249 5096 Eccleslis
3287 5023 3539 5096 adjacen-

1962 5091 2098 5164 tium
2127 5091 2404 5145 civitatum
2436 5091 2750 5164 :_Ecclesias
2773 5095 2917 5148 enim
2952 5094 3218 5164 signiﬁcat
3244 5091 3545 5164 vox'Paro-

1965 5163 2231 5227 chiarum,
2253 5169 2314 5215 ut
2336 5177 2401 5216 ex
2423 5162 2666 5232 pluribus
2687 5164 2874 5219 Diurni
2894 5162 3073 5224 verbis
3092 5172 3322 5221 constat.
3342 5162 3544 5218 Deinde

1967 5233 2070 5288 alia
2107 5247 2301 5287 manus
2327 5233 2564 5288 ostendit
2587 5233 2883 5291 Parochias
2911 5236 3151 5291 diversas
3179 5247 3299 5287 esse
3322 5249 3354 5288 a
3379 5233 3543 5288 vidua

1967 5303 2228 5376 Ecclesia,
2260 5299 2681 5376 cuiusinclero
2711 5307 3072 5362 censebantur
3099 5315 3286 5358 omnes
3307 5345 3323 5372 ,
3352 5303 3444 5376 qui
3487 5301 3542 5360 in

1965 5373 2289 5445 pagensibus
2317 5373 2577 5432 Ecclesiis
2601 5376 3003 5431 ministrabant.

2038 5466 2064 5504 ιι
2105 5459 2416 5518 Diaconum.
2456 5464 2568 5520 Mos
2593 5476 2730 5530 erat,
2755 5474 2817 5520 ut
2838 5480 2902 5519 ex
2925 5470 3165 5520 veterum
3199 5464 3544 5523 monimentis

1966 5551 2031 5591 eo
2077 5533 2472 5608 pertinentibus
2519 5537 3014 5608 manifestum_est,
3064 5535 3326 5593 Diaconos
3365 5537 3547 5608 potius

2007 5604 2130 5662 nam
2173 5604 2525 5675 Presbyteros
2571 5607 2638 5660 cli
2680 5620 2788 5668 ere,
2838 5604 2998 5675 idque
3034 5608 3218 5665 multis
3248 5609 3312 5666 de
3341 5604 3546 5670 causis,

1967 5623 2165 5733 Primo.
2210 5676 2334 5733 auia
2371 5674 2589 5731 Diaconi
2616 5624 2870 5730 Escclesiaa
2910 5691 3020 5733 res.
3067 5695 3173 5733 non
3222 5677 3538 5733 temporale’

2014 5679 2165 5738 rimo,
2210 5673 2589 5746 quia'Diaconi
2616 5673 2870 5746 Ecclesiae
2910 5673 3020 5745 res,
3067 5695 3173 5734 non
3222 5677 3538 5746 temporale’

1967 5745 2324 5820 tantum,gsed
2364 5748 2526 5820 etiam
2552 5745 2864 5820 spirituales
2895 5751 3110 5820 penitus
3133 5745 3436 5820 noverant:
3462 5762 3520 5820 es

1967 5820 2111 5876 enim
2159 5817 2428 5872 Diaconos
2467 5815 2714 5890 Episcopi
2736 5815 2922 5890 oculus
2958 5829 3014 5890 et
3055 5821 3284 5890 adjutor.
3317 5817 3538 5881 Deinde,

1969 5890 2209 5947 notiores
2249 5890 2405 5942 erant
2446 5885 2699 5945 omnibus
2727 5889 2958 5946 civitatis
2983 5885 3291 5956 Ordinibus,
3324 5893 3544 5962 propter
