4062 6452
509 407 581 473 53
1727 453 1732 457 .
1845 393 2051 452 LIBER
2084 392 2100 449 1

2197 391 2392 450 ’ΚΝυὸ
3699 393 3770 454 δι

508 527 816 601 probatum,
857 528 914 578 ει
937 522 1005 578 ab
1043 531 1068 561 ι
1095 515 1457 576 Universitate
1495 513 1747 578 electum,
1773 507 2086 582 'dignemini
2112 510 2165 570 Α
2189 506 2553 563 Ecclesiarum
2581 505 2690 578 58
2710 505 2959 601 consistit
2977 510 3226 601 ornatus:
3245 509 3300 601 et
3318 505 3770 601 ideoqutesumns

509 632 832 676 consecrare
855 614 1157 669 Pastorem.

2187 601 2546 670 apostolatum
2569 608 2830 664 vestrum,
2846 599 3061 654 domine
3081 598 3395 654 beatissime
3419 597 3588 671 Papa,
3602 607 3662 657 u't
3688 603 3764 658 ill.

580 710 713 764 Item
763 707 870 761 alia
918 721 1098 760 manu.
1142 703 1402 772 Optamus
1430 708 1483 756 te
1529 715 1626 770 per
1661 697 1859 754 multos
1909 712 2085 752 annos
2184 693 2364 748 virum
2385 691 3081 757 venerabilem,Diaconum
3101 692 3503 758 nostrum,vita
3522 701 3576 748 et
3606 697 3770 751 mori-

509 805 646 859 bene
667 802 868 863 valere,
897 799 1121 854 Domine
1148 796 1459 851 beatissime
1483 795 1629 864 Papa

579 893 655 946 lll.
691 892 1135 960 Archipresbyter
1165 888 1510 957 subscripsit,
1543 885 1620 940 Ill.
1651 885 1933 956 presbyter
1961 884 2086 938 sub-

512 983 761 1051 scripsit,
793 981 874 1034 lll.
908 980 1322 1035 archidiaconus
1348 975 1685 1046 subscripsit,
1716 974 1796 1029 Ill.
1829 975 2087 1029 diaconus

511 1073 863 1141 subscripsit,
896 1071 975 1124 111.
1026 1071 1390 1125 subdiaconus
1438 1066 1786 1135 subscripsit,
1837 1064 1916 1118 111.
1972 1065 2086 1134 pri-

511 1165 772 1220 micerius
816 1162 1166 1232 subscripsit,
1195 1161 1272 1214 lll.
1313 1159 1556 1229 acolytus
1605 1157 1956 1227 subscripsit,
2005 1155 2079 1210 111.

508 1255 678 1312 lector
742 1255 1098 1326 subscripsit,
1147 1261 1366 1319 cantor,
1408 1260 1463 1308 et
1515 1251 1696 1307 caeteri
1749 1249 2084 1320 subscripse-

510 1355 640 1401 runt

527 1455 531 1462 ι
1091 1414 1392 1472 TITULUS
1427 1414 1518 1470 IV.

1133 1527 1269 1581 Item
1299 1525 1468 1580 aliud.

586 1638 864 1694 Desiderio
909 1639 1068 1696 facile
1115 1640 1386 1694 credimus
1444 1639 1823 1704 annuendum,
1874 1638 2090 1708 quando

514 1730 568 1785 id
616 1731 839 1800 petitur,
871 1731 1012 1801 quod
1048 1731 1442 1785 Eeclesiasticae
1483 1729 1735 1784 convenit
1773 1729 2086 1799 disciplinae.

514 1819 758 1876 Ecclesia
787 1820 953 1888 igitur
982 1828 1166 1875 nostra
1199 1821 1416 1889 proprio
1451 1827 1534 1874 est
1565 1819 1817 1874 destituta
1850 1828 2088 1889 pastore,

513 1911 601 1964 cui
633 1926 663 1964 a
710 1918 890 1965 vestro
925 1910 1227 1979 apostolatu
1266 1918 1350 1965 est
1385 1909 1772 1965 consulendum
1800 1928 1813 1964 :
1843 1919 1899 1965 et
1946 1911 2085 1978 ideo,

513 2000 741 2057 Domine
783 2002 1093 2056 beatissime
1116 2002 1278 2072 Papa,
1308 2017 1595 2072 precamur
1622 2002 1982 2071 apostolatum
2008 2020 2095 2060 ve-

514 2100 783 2156 strum,ut
807 2091 882 2147 ill.
909 2093 1088 2147 virum
1110 2093 1475 2148 venerabilem
1503 2093 1798 2148 Diaconum
1823 2103 2089 2160 nostrum,

513 2182 626 2238 vita
673 2181 1019 2252 moribusque
1063 2183 1442 2253 perspicuum,
1481 2191 1538 2238 et
1569 2180 1778 2251 judicio
1825 2184 2092 2240 universi-

496 2278 645 2334 tatis
685 2276 944 2347 electum,
993 2279 1292 2335 antistitem
1335 2279 1492 2334 nobis
1541 2293 1866 2336 consecrare
1903 2279 2095 2352 digne-

515 2369 672 2426 mini.

1099 2439 1402 2497 TITULUS
1439 2440 1485 2496 ν

1139 2532 1275 2587 Item
1304 2533 1475 2587 aliud.

587 2647 616 2687 ι)
651 2646 926 2704 Paschalis
948 2647 1216 2704 festivitas
1245 2665 1344 2704 nos
1374 2649 1643 2715 hortatur,
1667 2649 1736 2705 ad
1763 2651 1931 2706 vestri
1959 2651 2098 2708 Pon-

513 2737 668 2794 tiﬁcii
695 2739 930 2794 remedia
953 2739 1260 2804 convolare,
1290 2739 1347 2793 in
1372 2737 1527 2808 cujus
1553 2748 1822 2811 potestate
1851 2743 2097 2801 omnium

514 2909 700 2950 rerum
729 2894 1270 2950 administrationem.
1303 2895 1516 2959 Postea,
1545 2911 1666 2951 cum
1689 2897 1954 2954 haberent
1980 2914 2098 2954 οω-

516 2965 605 3019 nia
637 2965 691 3018 in
719 2972 1002 3034 potestate,
1035 2965 1408 3020 devinciebant
1441 2967 1543 3022 sibi
1576 2966 1731 3022 facile
1759 2967 2096 3024 Clericorum

518 3035 749 3119 animos.
775 3035 1118 3119 Deniquetut
1137 3036 1728 3119 plurimpm‘dignitatis
1752 3039 1874 3119 plus
1901 3038 2094 3119 affere-

517 3104 649 3178 bant
669 3121 829 3174 quam
857 3104 968 3170 alii,
1011 3106 1276 3178 siquidem
1314 3104 1715 3178 Archidiaconi,
1741 3104 1834 3178 qui
1879 3111 2096 3164 nomine

517 3173 876 3248 Diaconorum
915 3173 1368 3248 hicintelligendi,
1413 3179 1456 3232 si
1503 3179 1638 3248 bene
1678 3173 1738 3235 se
1760 3173 2091 3248 gessissent,

517 3247 883 3309 ostenderant,
934 3236 1268 3303 oritrtiliusse
1306 3236 1470 3302 animi
1504 3247 1720 3305 dotibus
1757 3236 1824 3305 aud
1867 3236 2096 3306 aliorum
2123 3236 2169 3300 C

519 3315 762 3384 regimen
794 3317 1015 3372 utilibus
1039 3318 1303 3373 excellere

591 3397 618 3424 ι
649 3387 725 3440 Ab
755 3388 1087 3460 universitate
1116 3388 1352 3460 electum.
1386 3388 1562 3454 Clero,
1589 3390 1796 3452 ordine,
1828 3398 1882 3444 et
1920 3390 2097 3460 plebe,

518 3454 714 3580 Μιθςῖιί
750 3459 920 3539 sacris
963 3459 1247 3524 ministris,
1281 3461 1632 3529 Optimatibus
1662 3461 1776 3516 sive
1821 3454 2100 3516 bon-oratis

529 3541 559 3580 e
613 3543 855 3580 ueiens.

529 3534 934 3678 cotbpllfigfe'hbdlis
965 3600 1238 3678 festivitas.
1267 3599 1584 3655 lmminente
1617 3600 1882 3656 Paschate
1910 3601 2100 3657 Eccle-

521 3668 602 3742 sia
633 3668 792 3742 vidua
822 3668 1014 3742 egebat
1048 3672 1321 3741 episcopo,
1365 3686 1472 3742 non
1513 3678 1721 3725 tantum
1751 3678 1972 3742 propter
2013 3688 2103 3727 ce-

519 3735 825 3811 lebrjtatem
854 3735 973 3794 festi
994 3735 1247 3811 maximi,
1271 3741 1364 3796 sed
1394 3741 1556 3794 etiam
1584 3735 1804 3811 propter
1829 3735 1945 3798 haec
1971 3743 2099 3809 tria,

519 3805 916 3880 coniectionem
961 3809 1293 3874 chrismatis,
1325 3805 1620 3880 solemnem
1662 3805 2013 3880 baptismum,
2046 3805 2103 3868 et

521 3876 1016 3948 reconciliationem
1079 3880 1478 3948 pmnitentium.
1541 3878 1666 3933 Vide
1729 3876 2101 3936 Sacramenta-

519 3942 747 4015 rium‘S.
779 3945 1038 4015 Gregorii.

590 4025 614 4051 ο
654 4012 943 4088 Promisti—io
974 4017 1117 4085 ﬁdei.
1142 4019 1375 4074 Exhibet
1401 4020 1617 4088 quidem
1641 4020 1782 4077 Ordo
1804 4023 2100 4088 Romanus,

519 4099 626 4160 quo
672 4085 776 4138 ritu
810 4097 1216 4160 consecraretur
1263 4088 1365 4144 illis
1396 4085 1727 4160 temporibus
1761 4108 1792 4147 a
1840 4085 2103 4149 Pontiﬁce

520 4154 806 4278 episc0pus
832 4172 844 4206 :
879 4173 987 4210 non
1013 4159 1233 4213 exhibet
1263 4167 1443 4215 tamen
1473 4154 1862 4230 professionem
1895 4162 2019 4218 fidei
2047 4173 2105 4219 et

520 4223 701 4278 indieu
727 4241 837 4278 um.
870 4243 990 4278 quae
1028 4229 1117 4278 hic
1157 4230 1453 4278 habentur:
1485 4231 1576 4278 sed
1607 4231 1728 4278 lnnn
1753 4233 2103 4278 nrnfessinnig

519 4223 837 4304 indiculum,
870 4243 990 4297 qua:
1028 4229 1117 4283 hic
1157 4230 1453 4304 habentur;
1473 4223 1578 4285 'sed
1607 4231 1728 4304 loco
1753 4233 2103 4304 professionis

520 4296 1022 4378 interrogationem,
1049 4301 1292 4378 quzenab_
1313 4300 1596 4378 ordinante
1623 4296 1884 4378 Pont'ilice
1920 4303 2098 4378 ﬁeret.

522 4363 673 4443 _Unde
719 4363 969 4443 colligere
1005 4363 1124 4443 est,
1166 4369 1424 4443 Ordinem
1456 4370 1758 4428 Romanum
1802 4374 2102 4443 cujusmodi

519 4432 796 4514 legiturin
823 4432 976 4514 libris
997 4432 1181 4503 editis,
1203 4455 1324 4514 esse
1345 4432 1918 4514 diurnoposteriorein
1945 4462 1958 4497 :
1983 4459 2102 4514 [πο⁴

520 4501 742 4576 fessioni
767 4505 913 4559 enim
942 4501 1296 4576 interrogatio
1323 4501 1605 4566 successit.

592 4573 1115 4665 Ηξδθὶἴξεξξϋοῐφὲ
1144 4573 1247 4635 iam
1275 4581 1419 4647 ﬁdei,
1445 4591 1606 4665 vro"!
1632 4583 1720 4665 hic
1737 4581 1961 4665 legitur,
1988 4589 2099 4662 "es
2124 4605 2178 4665 n

519 4652 695 4706 notas,
747 4645 943 4714 quibus
985 4657 1197 4704 aetatem
1229 4667 1381 4705 suam
1408 4645 1684 4706 ostendat.
1732 4645 1827 4706 Fit
1852 4645 1995 4705 enim
2044 4652 2100 4706 in

520 4728 584 4768 ea
611 4715 826 4796 ‘mentio
871 4715 1083 4796 Martini
1109 4718 1152 4784 1,
1179 4723 1272 4790 qui
1315 4737 1441 4796 ann.
1468 4721 1737 4796 655_obiit
1761 4738 1774 4785 ;
1809 4722 1986 4796 Sexta;
2013 4736 2101 4791 sy-

520 4782 671 4866 nodi,
711 4802 832 4866 quae
868 4788 1109 4866 absoluta
1140 4782 1292 4866 anno
1321 4792 1445 4866 68_l_,
1475 4800 1530 4845 et
1556 4782 2102 4866 ConsgantininPogo-

521 4858 636 4932 nati
684 4858 860 4911 adhuc
907 4858 1156 4924 viventis,
1203 4863 1296 4932 qui
1337 4862 1472 4932 obiit
1505 4876 1644 4915 anno
1673 4861 1793 4915 685.
1832 4861 1989 4914 Edita
2018 4858 2104 4915 est

521 4926 686 5001 igitur
710 4934 840 5001 ante
865 4943 1068 5001 annum
1095 4926 1407 5001 685,'atque
1431 4931 1506 5001 ita
1533 4932 1767 5001 pertinet
1793 4932 1860 5001 ad
1891 4938 2102 5001 tempus

521 4997 666 5066 quod
707 4998 1019 5055 intercessit
1065 5002 1208 5057 inter
1254 4997 1452 5056 annum
1483 4997 1586 5056 682
1626 5008 1682 5056 et
1721 5000 1846 5066 685,
1889 4997 2104 5056 imo'ad

521 5066 779 5195 Exponat?)
813 5067 857 5124 ll
910 5078 1186 5127 auctorem
1235 5071 1537 5137 referenda,
1569 5071 1662 5140 qui
1710 5072 1898 5130 sedere
1938 5072 2106 5143 coepit

594 5156 645 5192 1.
783 5178 800 5195 ο

521 5153 645 5192 ann.
676 5153 800 5196 ϋδόο

593 5210 712 5262 Dixi
764 5225 918 5282 prout
965 5213 1049 5266 hic
1077 5212 1282 5282 legitur,
1310 5212 1362 5266 id
1405 5219 1518 5275 est,
1547 5227 1671 5266 cum
1699 5213 2102 5281 additamentis,

521 5294 642 5404 ante
669 5285 904 5350 corpori,
937 5293 994 5338 ut
1025 5284 1096 5337 ita
1139 5283 1343 5352 loquar,
1371 5292 1734 5338 accesserunt.
1781 5283 1838 5339 ln
1866 5300 1929 5340 ea
1957 5287 2102 5340 enim

560 5349 931 5404 istinaucndas
956 5364 1085 5404 nuto
1113 5365 1295 5404 partes
1322 5354 1456 5404 duas
1481 5371 1493 5404 :
1525 5353 1766 5404 alteram.
1808 5356 1953 5404 velut
1989 5372 2102 5404 mr-

560 5349 931 5426 istinguendas
956 5364 1085 5426 puto
1113 5349 1295 5426 partes
1322 5354 1456 5408 duas
1481 5353 1766 5426 :‘alteiram,
1808 5356 2104 5426 velutcor-

520 5434 623 5496 pus
650 5437 662 5472 :
692 5421 941 5496 alteram,
957 5421 1078 5496 quae
1101 5421 1485 5496 additamenta.
1509 5423 1641 5479 illud
1663 5425 1729 5479 ad
1752 5426 1928 5482 vicina
1949 5425 2105 5481 Chal-

523 5491 1063 5566 cedonensiConcilio
1090 5504 1333 5565 tempora
1357 5494 1588 5550 fortasse
1613 5497 1855 5552 revocari
1883 5506 2061 5566 potest
2084 5513 2097 5550 :

523 5560 752 5617 istorum
799 5565 943 5620 facta
979 5575 1062 5621 est
1102 5560 1265 5622 variis
1311 5567 1641 5622 temporibus
1689 5560 2102 5621 succedentibus

522 5634 675 5687 varia
724 5635 985 5706 accessio.
1033 5635 1126 5689 Sic
1171 5639 1358 5706 prima:
1422 5634 1716 5691 Pontificis:
1775 5636 2097 5704 professioni

523 5705 936 5776 succedentibus
963 5705 1298 5775 temporibus
1336 5706 1515 5763 addita
1541 5716 1624 5762 est
1654 5708 1854 5761 mentio
1884 5707 2095 5776 septimi

525 5782 583 5829 et
605 5777 783 5830 octavi
804 5775 1050 5832 Concilii.

595 5844 818 5904 Asserui
841 5863 971 5904 vero
999 5847 1219 5916 editam,
1245 5849 1461 5907 vivente
1495 5850 1786 5922 Pogonato,
1819 5855 2102 5920 propterea

2186 785 2290 841 bus
2316 787 2744 856 comprobatum,
2771 793 2825 840 et
2855 785 2922 839 ab
2947 785 3302 841 universitate
3327 785 3578 853 electum,
3609 788 3770 846 nobis

2188 875 2482 945 dignemini
2503 891 2823 933 consecrare
2839 884 3132 946 pastorem,
3145 876 3269 946 cum
3285 892 3391 948 quo
3404 880 3772 936 venerandum

2190 965 2434 1036 Pascha,
2479 976 2750 1025 annuente
2795 967 2947 1022 vobis
2997 967 3259 1037 Domino,
3307 967 3586 1027 celebrare
3640 985 3771 1040 pos-

2190 1059 2383 1114 simus.

2762 1127 3064 1186 TITULUS
3104 1131 3194 1188 Vl.

2583 1255 2604 1282 ι
2633 1241 2922 1298 Promissio
2951 1244 3077 1314 ﬁdei
3095 1243 3122 1283 ἀ
3153 1245 3399 1316 episcopi.

2259 1355 2321 1410 In
2366 1354 2584 1411 nomine
2618 1355 2853 1422 Domini,
2881 1364 2938 1412 et
2983 1364 3198 1412 uetera.
3229 1357 3495 1414 Promitto
3538 1372 3641 1430 ego
3689 1357 3770 1414 111.

2191 1451 2476 1521 episcopus
2501 1460 2704 1507 sanctae
2746 1451 3001 1510 Ecclesiae
3031 1452 3108 1506 ill.
3136 1451 3364 1507 Domino
3392 1466 3515 1508 meo
3543 1451 3776 1508 sanctis-

2189 1543 2332 1598 simo
2357 1551 2411 1598 et
2442 1550 2526 1598 ter
2570 1543 2886 1599 beatissimo
2915 1543 2992 1598 ill.
3041 1557 3254 1600 summo
3301 1541 3582 1610 Pontiﬁci,
3616 1554 3640 1583 ο
3677 1559 3776 1600 seu

2194 1636 2486 1692 universali
2512 1636 2689 1707 Papae,
2706 1645 2761 1692 et
2786 1636 2896 1707 59
2915 1651 3012 1707 per
3039 1651 3137 1692 vos
3157 1643 3361 1691 sancta:
3380 1643 3573 1692 vestra!
3592 1636 3778 1691 catho-

2192 1727 2310 1784 licae
2339 1729 2591 1785 Ecclesiae
2630 1737 2687 1783 et
2715 1729 3022 1798 apostolicae
3047 1727 3187 1794 sedi,
3218 1729 3411 1783 devota
3454 1729 3650 1784 mentis
3687 1728 3778 1783 in-

2192 1820 2462 1891 tegritate,
2490 1826 2547 1874 et
2578 1833 2714 1888 pura
2745 1819 3099 1885 conscientia,
3135 1818 3419 1888 ﬁrmoque,
3443 1827 3504 1874 ut
3532 1825 3774 1889 oportet,

2117 1891 2165 1952 Β
2190 1911 2490 1982 proposito,
2520 1925 2585 1966 ea
2618 1925 2740 1981 quae
2786 1926 2885 1981 pro
2920 1910 3260 1966 ﬁrmamento
3297 1911 3411 1965 sive
3451 1909 3777 1966 rectitudine

2192 2003 2470 2059 catholicae
2501 2001 2627 2059 ﬁdei
2651 2009 2708 2058 et
2732 2001 3048 2058 orthodoxae
3091 2001 3366 2073 religionis
3409 2001 3774 2069 conveniunt,

2191 2112 2280 2153 me
2303 2095 2569 2168 proﬁteri.

2264 2190 2334 2245 Et
2367 2190 2492 2246 ideo
2539 2189 2796 2261 promitto
2835 2195 2998 2258 atque
3039 2187 3278 2258 spondeo
3327 2185 3502 2254 vobis,
3546 2187 3780 2243 sanctis-

2193 2279 2332 2334 simo
2375 2288 2432 2335 et
2474 2280 2787 2338 beatissimo
2833 2278 3030 2333 domno
3071 2293 3192 2333 meo
3236 2277 3418 2348 Papae,
3447 2286 3504 2334 et
3544 2293 3642 2349 per
3679 2294 3779 2334 vos

2192 2371 2354 2426 beato
2400 2372 2561 2427 Petro
2604 2369 2836 2441 principi
2876 2368 3265 2439 apostolorum,
3308 2368 3532 2438 ejusque
3571 2375 3774 2424 sanctas

2193 2464 2468 2528 Ecclesiae,
2515 2463 2663 2520 illam
2691 2462 2853 2518 ﬁdem
2888 2469 3098 2527 tenere,
3131 2460 3450 2531 praedicare,
3481 2468 3642 2528 atque
3684 2460 3778 2515 de-

2196 2554 2438 2622 fendere,
2475 2571 2639 2627 quam
2679 2555 2748 2610 ab
2795 2552 3056 2624 apostolis
3088 2553 3348 2607 traditam
3394 2553 3678 2618 habemus,
3721 2558 3780 2607 et

2195 2661 2360 2716 quam
2383 2662 2483 2716 per
2504 2660 2848 2713 successores
2869 2658 3059 2702 eorum
3079 2642 3402 2700 custoditam
3423 2641 3444 2681 τ
3468 2641 3778 2699 veneranda

2194 2735 2412 2793 Nicaeus
2466 2736 2705 2809 synodus
2759 2743 3131 2792 trecentorum
3165 2734 3354 2792 decem
3394 2741 3450 2790 et
3498 2743 3622 2791 octo
3671 2733 3778 2790 Pa-

2197 2890 2340 2960 quod
2371 2887 2714 2960 imperatoris
2740 2888 2957 2960 nomine
2983 2887 3279 2960 appellato,
3299 2901 3406 2960 non
3435 2885 3601 2960 fuerit
3630 2886 3782 2960 addi-

2198 2957 2312 3014 tum
2336 2957 2760 3030 piw'memoriaz,
2785 2968 2840 3015 et
2867 2959 2984 3030 ipse
3009 2957 3186 3014 tamen
3212 2958 3504 3030 piissimus,
3537 2957 3784 3030 christia-

2196 3028 2471 3094 nissimus,
2503 3039 2559 3084 et
2585 3045 2618 3085 a
2651 3029 2764 3086 Deo
2807 3028 3096 3086 coronatus
3124 3028 3300 3084 dictus
3341 3029 3413 3084 sit
3450 3047 3464 3082 :
3504 3043 3624 3097 quze
3669 3028 3784 3097 epi-

2199 3100 2368 3165 theta,
2401 3100 2590 3156 saltem
2621 3110 2978 3170 postremum,
3002 3116 3111 3156 non
3135 3100 3239 3156 nisi
3263 3099 3585 3166 viventibus,
3609 3097 3785 3154 homi-

2199 3186 2298 3226 nes
2326 3171 2468 3226 illius
2492 3171 2669 3226 aetatis
2697 3172 3025 3227 tribuebant.
3760 3188 3767 3196 ·

2270 3240 2297 3280 ά
2330 3241 2597 3312 Episcopi.
2628 3242 2746 3298 Non
2760 3257 3214 3324 _quarpmc_unque
3250 3241 3568 3324 regionum,
3719 3237 3784 3322 il:

2200 3309 2396 3376 larum,
2427 3309 2658 3382 quarum
2688 3309 2926 3384 episcopi
2948 3312 3090 3369 sedis
3108 3309 3422 3384 apostolica:
3453 3309 3783 3384 ordinationi

2200 3381 2520 3452 subessent:
2553 3381 2811 3438 suberant
2837 3381 2987 3449 vero,
3029 3383 3121 3452 qui
3150 3381 3288 3436 ’nulli
3327 3382 3483 3437 alteri
3514 3381 3786 3452 Metropo-

2201 3451 2726 3526 l‘itrehsubjacebant,
2756 3451 3058 3526 cujusmodi
3088 3452 3288 3519 Latini,
3318 3452 3510 3517 Brutii,
3551 3451 3780 3516 Lucani,

2199 3521 2384 3592 Apuli,
2410 3521 2599 3588 Siculi,
2625 3532 2731 3578 etc.

2277 3604 2300 3632 ο
2338 3591 2443 3647 Seu
2471 3594 2754 3648 universali
2785 3593 3144 3665 Paptebrldem
3170 3599 3277 3660 est,
3317 3593 3364 3648 si
3406 3598 3645 3665 potestas
3685 3605 3784 3665 V9-

2201 3679 2328 3719 cum
2352 3665 2679 3732 attendatur,
2708 3659 2948 3720 summus
2977 3659 3424 3734 Pontifex,quod
3460 3659 3781 3734 universalis

2202 3733 2367 3808 Papa.
2399 3734 2481 3808 Ab
2521 3735 2629 3808 hac
2673 3745 2853 3808 tamen
2891 3736 3210 3792 universalis
3237 3732 3395 3808 Papa:
3427 3732 3784 3808 appellatione

2203 3801 2490 3884 abhorruit
2514 3806 2745 3884 ganctus
2772 3805 3083 3884 Gregorius,
3105 3819 3170 3884 _ut
3191 3801 3402 3884 constat
3427 3801 3669 3884 ex’epis‘t.
3691 3801 3782 3884 ὄρ,

2203 3874 2297 3947 lib.
2324 3892 2398 3930 vn
2426 3876 2493 3930 ad
2521 3876 2801 3947 Eulogium
2829 3870 3268 3947 Alexandrinum.
3297 3875 3414 3928 Non
3441 3870 3663 3947 perinde
3692 3870 3787 3947 ab-

2203 3946 2530 4021 borruerunt
2557 3937 2950 4015 consequentes
2972 3945 3279 4021 Pontifices,
3310 3937 3596 4021 postquam
3623 3937 3789 4021 Boni-

2204 4015 2377 4071 facius
2398 4015 2464 4070 Ill
2488 4012 2808 4070 consecutus
2827 4026 2907 4070 est
2925 4032 2953 4069 a
2971 4015 3169 4078 Phoca,
3195 4022 3254 4068 ut
3271 4012 3650 4082 prohiberetur
3671 4012 3787 4082 epi-

2205 4101 2400 4156 scOpus
2447 4085 3072 4155 Constantinopolitanus
3101 4081 3378 4156 assumere
3410 4082 3513 4137 sibi
3557 4081 3787 4156 appella-

2208 4151 2409 4212 tioriem
2453 4157 2552 4210 soli
2601 4151 2842 4210 Romano
2886 4156 3134 4210 Pontiﬁci
3172 4154 3433 4220 debitam,
3467 4160 3522 4207 et
3567 4151 3636 4206 ab
3667 4152 3784 4222 ipso

2204 4226 2433 4282 concilio
2459 4225 2880 4282 Chalcedonensi
2909 4226 3163 4280 delatam.

2229 4312 2232 4315 ·
2274 4296 2428 4364 Quod
2457 4296 2569 4350 dixi
2594 4297 2661 4351 de
2688 4297 3142 4366 consequentibus
3161 4295 3388 4366 summis
3409 4293 3779 4366 Pontiﬁcibus,

2203 4363 2392 4423 notum
2417 4376 2501 4422 est
2530 4383 2599 4422 ex
2628 4363 3067 4436 inscriptionibus
3096 4367 3331 4436 plurium
3372 4365 3673 4419 litterarum
3713 4363 3782 4418 ad

2205 4439 2352 4507 ipsos
2387 4437 2654 4502 datarum,
2680 4437 2735 4491 in
2767 4435 2963 4507 quibus
2991 4435 3113 4491 cum
3137 4436 3472 4507 universales
3505 4435 3663 4504 Papae
3689 4449 3783 4507 ap-

2275 4506 2554 4573 Ilarentur,
2595 4523 2704 4562 non
2735 4505 2864 4562 illud
2899 4508 3176 4573 negotium
3217 4505 3607 4563 facessiverunt
3649 4505 3786 4560 scri-

2275 4521 2554 4573 narentur,
2595 4523 2704 4562 non
2735 4521 2864 4562 ιιιιια
2899 4521 2967 4562 ne
3006 4521 3176 4562 ouum

2203 4521 2468 4650 antibus,
2487 4577 2637 4650 quod
2653 4577 2946 4650 Gregorius
2969 4523 3212 4649 Eulogio.

2184 4687 2190 4695 .
2243 4645 2566 4716 Gregorius
2608 4645 2790 4718 porro'
2815 4663 3002 4720 vocem
3047 4645 3393 4720 universalis
3415 4648 3574 4720 Papae
3617 4650 3786 4706 inter-

2202 4724 2577 4790 pretatusest,
2603 4717 2703 4790 pro
2731 4735 2830 4775 suo
2857 4719 3189 4774 admirabilis
3209 4717 3532 4774 humilitatis
3566 4721 3781 4786 affectu,

2203 4787 2366 4860 paulo
2407 4787 2565 4843 aliter
2603 4787 2764 4859 quam
2807 4791 2899 4860 qui
2949 4797 3268 4860 uterentur;
3300 4804 3475 4860 neque
3515 4790 3660 4845 enim
3707 4791 3785 4847 illi

2205 4856 2476 4931 volebant,
2507 4856 2650 4931 quod
2695 4856 2944 4931 opinatus
2969 4860 3184 4916 videtur
3219 4856 3534 4931 Gregorius,
3563 4861 3784 4917 unicum

2205 4943 2326 4984 esse
2366 4929 2535 4985 totius
2574 4929 2828 4986 Ecclesiae
2853 4931 3238 5002 patriarcham,
3270 4929 3546 5002 unumque
3575 4933 3785 5002 episco-

2206 5014 2364 5073 pum1
2395 5015 2556 5069 quem
2580 5002 2939 5057 universalem
2963 5001 3372 5073 dicerent_:__sed
3415 5001 3558 5073 quod
3584 5001 3785 5059 Roma-

2207 5069 2310 5125 nus
2335 5070 2482 5140 Papa
2507 5080 2857 5140 postestatem
2888 5071 3118 5142 haberet
3139 5069 3319 5142 nullis,
3350 5080 3410 5127 ut
3432 5069 3529 5126 alii
3551 5075 3786 5142 patriar-

2206 5143 2342 5212 chae,
2375 5141 2572 5196 finibus
2603 5142 2896 5196 definitam.
2922 5140 3156 5196 Consule
3177 5140 3450 5198 laudatam
3477 5140 3779 5212 epistolam,

2205 5211 2444 5284 aliasque
2497 5211 2756 5284 plurimas
2812 5213 3002 5266 eodem
3029 5221 3372 5284 _argumento
3428 5211 3659 5284 scriptas
3715 5215 3785 5270 ad

2207 5283 2514 5356 Maturitium
2560 5283 2972 5356 imperatorem,
3021 5281 3425 5356 Constantinam
3465 5281 3781 5356 Augustam,

2205 5352 2647 5428 Alexandrinum,
2704 5353 3210 5428 Antiochenumque
3238 5352 3576 5428 episcopos,
3624 5365 3785 5428 atque

2204 5423 2369 5477 etiam
2406 5421 2474 5476 ad
2518 5421 2781 5478 Joannem
2810 5421 3482 5494 Constantin’opolitanuni,
3532 5427 3633 5483 hoc
3683 5421 3784 5483 sibi

2202 5508 2408 5575 nomen.
2450 5495 2682 5575 superbe
2732 5503 3106 5566 arrogantem,
3148 5504 3205 5551 et
3243 5495 3594 5551 Sabinianum
3637 5500 3783 5570 Apo-

2201 5574 2528 5630 crtstartum,
2555 5574 2658 5620 etc.

2283 5635 2301 5672 ί
2347 5633 2654 5708 Veneranda
2689 5636 2913 5692 Nicwna
2950 5637 3213 5708 Synodus.
3240 5636 3324 5692 Ab
3364 5638 3450 5694 his
3495 5640 3675 5696 verbis
3715 5642 3783 5696 ad

2206 5704 2308 5780 ista
2349 5706 2764 5780 u_squ_e,_Tomus
2793 5704 3104 5780 appelletur,
3131 5708 3366 5780 maxima
3395 5726 3521 5780 pars
3558 5711 3681 5766 fidei
3729 5712 3781 5765 in

2204 5775 2668 5858 epistola’Pelagii
2716 5779 2792 5858 ll,
2826 5775 2894 5834 ad
2934 5779 3108 5858 Eliam
3147 5786 3210 5858 et_
3245 5775 3540 5853 Episcopos
3587 5781 3782 5850 Istrize,

2204 5849 2393 5919 paucis
2415 5849 2704 5908 admodum
2723 5850 3044 5919 immutatis,
3068 5851 3397 5908 continetur.
3416 5880 3429 5891 -
