4062 6444
255 384 330 449 73

252 509 446 560 contra
473 497 734 553 unitatem
762 511 1005 552 commu-

255 571 341 629 nis
362 578 417 626 et
431 568 774 631 universalis,
790 567 1013 623 suaden-

257 653 316 699 te
348 639 611 711 quopiam
644 638 951 711 consentire
993 652 1006 690 :

255 708 1014 780 sed,’utdixi,tllemetpurita-

258 791 366 838 tem
396 795 572 836 meam
598 791 759 838 atque
781 793 1011 835 concur-

259 868 377 910 sum
397 851 492 905 tihi
509 860 563 905 et
577 848 895 905 utilitatibus
913 848 1011 903 Ec-

257 923 439 980 clesia!
458 930 583 983 tuae,
615 918 700 974 cui
725 936 753 974 a
786 919 1013 974 Domino

257 994 645 1073 Deo_potestas
671 989 869 1073 ligandi
895 988 1006 1073 sol—

255 1060 523 1132 vendique
549 1060 692 1122 data,
712 1060 767 1115 et
786 1060 1011 1132 praedic—

257 1142 316 1188 to
346 1131 563 1187 Vicario
586 1139 680 1201 tuo
706 1131 866 1201 atque
894 1145 1011 1186 suc-

255 1202 565 1273 cessoribus
591 1199 726 1269 ejus,
763 1199 863 1273 per
893 1216 1010 1257 om-

256 1274 348 1329 nia
378 1272 659 1328 exhibere.

329 1343 436 1398 Sed
452 1353 508 1398 et
529 1343 570 1397 si
586 1356 889 1413 cognovero
903 1344 1010 1397 An—

255 1415 460 1471 tistites
513 1422 699 1469 contra
762 1414 1010 1468 instituta

256 1487 483 1555 antiqua
534 1495 845 1566 sanctorum
908 1482 1013 1567 Pa-

255 1566 400 1612 trum
432 1570 761 1616 conversari,
787 1569 911 1609 cum
932 1570 1012 1610 815

254 1627 457 1684 nullam
476 1626 672 1681 habere
688 1625 1013 1681 communio-

254 1712 380 1753 nem
412 1706 506 1751 aut
533 1695 967 1765 coniunctionem
995 1715 1007 1751 :

256 1769 349 1825 sed
371 1768 621 1840 magis,si
646 1767 869 1840 valuero
892 1782 1014 1840 pro-

253 1837 493 1904 bibere,
543 1838 880 1909 prohibebo:
929 1837 1014 1909 sin

255 1910 439 1965 minus
474 1950 490 1976 ,
546 1908 781 1963 ﬁdeliter
833 1908 1016 1963 statim

254 1979 466 2036 Domno
481 1994 604 2035 meo
616 1979 922 2051 Apostolicd
938 1994 1017 2035 re-

254 2051 541 2107 nuntiabo.

325 2333 483 2402 Qu0‘d
532 2332 607 2394 si,
658 2333 800 2403 quod
851 2333 1014 2399 absit,

254 2415 447 2462 contra
466 2403 628 2472 hujus
645 2404 1017 2475 promissionis

257 2492 394 2532 mea:
426 2476 626 2531 seriem
648 2473 854 2545 aliquid
879 2473 1018 2531 face-

256 2563 320 2603 re
341 2545 581 2618 quolibet
607 2547 787 2618 modo,
820 2561 912 2601 seu
937 2546 1019 2600 in-

257 2619 426 2690 genio
452 2617 534 2671 vel
564 2617 869 2699 occasione.
894 2624 1017 2699 ten-

260 2697 486 2752 tavero,
526 2704 650 2743 reus
692 2697 936 2742 inveniar
965 2697 1017 2742 in

257 2769 467 2813 aeterno
485 2756 692 2827 judicio
712 2800 725 2822 ,
754 2758 1017 2813 ultionem

257 2828 488 2884 Anania:
499 2839 554 2883 et
566 2828 824 2899 Saphyrm
841 2829 959 2884 iucu
970 2845 1022 2882 r—

261 2916 381 2955 ram
409 2917 421 2954 :
456 2900 549 2970 qui
576 2900 731 2954 vobis
759 2901 923 2954 etiam
954 2900 1021 2955 de

263 2971 430 3041 rebus
486 2970 722 3041 propriis
780 2970 1020 3027 fraudem

263 3039 448 3097 facere
485 3039 811 3097 vel—falsum
844 3042 1025 3098 dicere

259 3120 742 3183 pmumpserunt.

337 3252 604 3326 71Hunc
619 3254 1024 3311 autemlndicu-

262 3325 376 3397 lum
402 3327 730 3381 sacramenti
751 3342 851 3397 ego
865 3326 1023 3382 Boni-

263 3394 443 3452 facius
471 3398 697 3469 exiguus
728 3394 1024 3469 Episcopus

264 3483 434 3522 manu
460 3468 679 3540 propria
713 3468 1026 3540 scripsi,at-

263 3552 373 3607 que
395 3552 606 3608 ponens
634 3553 797 3609 supra
840 3554 1021 3594 sacra-

1237 379 1683 453 ROMANORUM
1717 379 1966 441 PONTIF
1970 376 2158 439 lCUM.
2198 407 2270 420 —-
2305 377 2457 434 CAP.
2498 377 2585 433 ΠΙ.
3446 368 3514 429 Ἠι

1080 503 1271 552 contra
1292 496 1555 553 unitatem
1592 513 1837 553 commu—
1865 498 1919 560 Α

1082 567 1167 622 nis
1198 576 1253 622 et
1284 568 1605 623 universalis
1652 568 1837 623 Eccle-

1083 638 1178 694 siae
1191 638 1438 693 suadenti
1454 639 1686 708 cuipiam
1710 654 1839 693 con-

1085 710 1285 763 sentire
1307 722 1323 761 :
1343 709 1439 763 sed
1467 750 1481 773 ,
1514 719 1573 763 ut
1601 709 1733 773 dixi,
1770 708 1836 762 6-

1084 779 1203 833 dem
1225 790 1280 833 et
1317 779 1607 848 puritatem
1638 795 1835 845 meam,

1124 865 1204 905 ua:
1237 849 1489 905 Ecclesim
1530 858 1650 911 ture.
1684 850 1770 903 cui
1806 865 1838 903 a

1169 920 1323 990 mino
1358 920 1467 974 Deo
1503 927 1741 990 potestas
1774 918 1839 972 li-

1081 989 1238 1059 gandi
1254 989 1601 1058 solvendique
1619 990 1767 1055 data,
1785 998 1840 1044 et

1082 1060 1342 1129 przedicto
1373 1059 1587 1115 Vicario
1627 1068 1719 1114 tuo
1756 1068 1838 1114 at-

1084 1145 1190 1199 que
1227 1131 1633 1186 successoribus
1685 1131 1834 1201 ejus,

1080 1215 1179 1272 per
1205 1203 1390 1256 omnia
1416 1201 1695 1257 exhibere.

1127 1343 1388 1399 Promitto
1402 1343 1621 1413 pariter,
1637 1344 1780 1414 quod
1792 1343 1838 1399 si

1083 1416 1212 1485 quid
1225 1423 1412 1470 contra
1428 1416 1836 1538 rempublicam,

1084 1487 1168 1538 vel
1197 1486 1495 1538 piissimum
1580 1486 1836 1538 rincinem

1084 1487 1168 1542 vel
1197 1486 1495 1555 piissimum
1535 1486 1840 1556 Principem

1083 1565 1326 1612 nostrum
1378 1572 1408 1610 a
1462 1556 1705 1625 quolibet
1753 1556 1840 1627 agi

1083 1642 1406 1699 cognovero,
1444 1627 1670 1699 minime
1714 1644 1842 1683 con-

1085 1697 1331 1754 sentire:
1364 1698 1458 1753 sed
1496 1697 1549 1751 in
1578 1707 1841 1767 quantum

1084 1770 1259 1824 virtus
1288 1768 1664 1838 sull’ragaverit
1694 1809 1709 1833 ,
1740 1769 1839 1823 ob—

1087 1841 1257 1905 viare,
1297 1847 1349 1895 et
1378 1838 1591 1894 Vicario
1621 1847 1710 1893 tuo
1736 1840 1844 1893 Do-

1088 1911 1236 1966 mino
1261 1926 1379 1965 meo
1401 1908 1711 1979 Apostolico
1734 1926 1846 1966 mo-

1088 1983 1171 2037 dis
1197 1981 1392 2051 quibus
1419 1990 1664 2049 potuero,
1698 1998 1842 2051 nun-

1088 2050 1246 2115 tiare,
1264 2060 1319 2105 et
1335 2052 1387 2105 id
1410 2067 1571 2120 agere
1599 2051 1682 2106 vel
1696 2050 1844 2107 face-

1086 2138 1171 2188 re,
1188 2132 1455 2191 quatenus
1477 2123 1635 2176 Iidem
1666 2137 1843 2177 meam

1087 2192 1140 2247 in
1156 2194 1407 2248 omnibus
1420 2192 1845 2248 sincerissimam

1086 2265 1394 2319 exhibeam.

1161 2334 1313 2402 Quod
1354 2336 1399 2389 si
1433 2375 1447 2398 ,
1480 2336 1624 2404 quod
1659 2337 1845 2403 absit,

1089 2422 1277 2461 contra
1301 2405 1461 2475 hujus
1474 2407 1849 2475 promissionis

1090 2492 1224 2532 mea:
1240 2477 1433 2532 seriem
1449 2476 1651 2547 aliquid
1667 2477 1851 2534 facere

1092 2547 1333 2620 quolibet
1370 2564 1455 2602 mo
1468 2551 1552 2620 lo,
1582 2562 1679 2601 seu
1702 2550 1851 2620 inge-

1090 2619 1204 2681 nio,
1245 2618 1325 2673 vel
1359 2619 1646 2673 occasione
1681 2618 1852 2675 tenta-

1093 2705 1267 2755 vero,
1318 2705 1443 2745 reus
1500 2690 1744 2743 inveniar
1795 2691 1851 2745 in

1092 2753 1296 2815 ωιεὲηο
1324 2759 1547 2830 judicio,
1580 2759 1661 2830 vel
1692 2760 1853 2816 ultio-

1095 2848 1217 2886 nem
1249 2829 1475 2885 Allallitl}
1508 2839 1563 2902 et
1592 2829 1853 2902 Saphyne

1097 2903 1371 2956 incurram
1399 2921 1411 2955 :
1445 2901 1539 2971 qui
1564 2902 1728 2957 etiam
1749 2901 1853 2956 tibi

1095 2973 1254 3028 beato
1276 2972 1455 3036 Petro,
1472 2972 1537 3026 de
1554 2972 1717 3028 rebus
1731 2988 1856 3042 pro-

1135 3043 1230 3098 riis
1282 3043 1525 3099 fraudem
1576 3042 1759 3099 facere
1802 3052 1857 3100 et

1119 3114 1292 3169 ’alsum
1323 3114 1505 3170 dicere
1556 3129 1857 3186 praesump-

1098 3195 1303 3242 serunt.

2147 491 2451 549 lndieulum
2490 490 2738 562 Episcopi
2762 502 2787 529 ιι
2815 490 2879 543 de
2918 489 3285 561 Langobardia

2011 585 2070 642 ln
2097 585 2312 641 nomine
2325 582 2539 639 Domini
2560 581 2657 638 Dei
2681 577 2977 638 Salvatoris
2997 582 3169 638 nostri
3194 580 3324 639 Jesu
3361 582 3517 643 Cbri-
3552 606 3555 607 '

1941 676 2035 739 sti,
2068 676 2199 745 Imp.
2227 680 2331 727 etc.

2012 765 2279 820 Promitto
2311 780 2413 835 ego
2443 762 2521 818 lll.
2573 763 2867 835 Episcopus
2913 773 3113 821 sancta:
3142 765 3401 822 Ecclesia:
3437 764 3521 823 1H.

1942 857 2095 911 vobis
2123 858 2280 911 beato
2308 855 2467 910 Petro
2490 855 2870 925 Apostolorum
2898 855 3156 928 Principi,
3195 858 3526 931 Vicarioque

1944 957 2036 1001 tuo
2062 946 2376 1003 beatissimo
2416 946 2575 1016 Papa:
2602 947 2831 1001 Domino
2863 964 2983 1004 meo
3024 948 3101 1003 lll.
3144 948 3369 1021 ejusque
3400 966 3522 1007 suc~

1942 1037 2269 1102 cessoribus,
2300 1053 2398 1107 per
2424 1038 2662 1104 Patrem,
2699 1049 2753 1094 et
2780 1038 2993 1106 Filium,
3024 1052 3079 1095 et
3106 1040 3367 1111 Spiritum
3397 1059 3510 1098 san-

1944 1135 2111 1192 ctum,
2143 1127 2463 1183 Trinitatem
2504 1129 2917 1200 inseparabilem
2946 1172 2960 1198 ,
2993 1140 3047 1187 et
3075 1133 3179 1188 hoc
3209 1135 3520 1190 sacratissi-

1943 1233 2090 1273 mum
2126 1234 2321 1289 corpus
2346 1229 2519 1283 tuum,
2557 1237 2643 1276 me
2672 1237 2885 1277 omnem
2918 1222 3079 1279 ﬁdem
3130 1232 3185 1278 et
3227 1225 3527 1295 puritatem

1944 1318 2147 1365 sanctas
2177 1309 2301 1365 ﬁdei
2326 1311 2609 1367 catholicae
2653 1314 2928 1379 exhibere,
2974 1324 3027 1369 et
3053 1314 3108 1369 in
3149 1317 3356 1371 unitate
3384 1316 3535 1383 ﬁdei,

1943 1403 2055 1459 Deo
2084 1412 2359 1475 Operante.
2393 1405 2716 1476 persistere,
2751 1408 2803 1462 in
2844 1422 2949 1477 qua
2990 1408 3167 1464 omnis
3201 1408 3535 1465 Christiano-

1945 1511 2064 1549 rum
2118 1496 2263 1551 salus
2297 1511 2419 1553 esse
2456 1498 2573 1552 sine
2620 1498 2785 1553 dubio
2835 1499 3251 1569 comprobatur,
3304 1508 3359 1555 et
3386 1500 3538 1559 nullo

1945 1586 2107 1643 modo
2130 1596 2317 1643 contra
2353 1589 2613 1644 unitatem
2642 1590 2944 1644 communis
2976 1599 3031 1644 et
3069 1591 3393 1647 universalis
3430 1592 3538 1650 Ec—

1947 1676 2129 1732 clesia:
2159 1679 2409 1734 suadenti
2448 1680 2681 1749 cuipiam
2710 1680 3020 1737 consentire
3046 1698 3059 1734 :
3086 1681 3202 1748 sed,
3226 1689 3289 1737 ut
3305 1683 3450 1751 dixi,
3479 1682 3545 1739 ﬁ-

1946 1772 2069 1827 dem
2104 1782 2160 1828 et
2207 1775 2496 1845 puritatem
2536 1792 2712 1831 meam
2756 1786 2921 1847 atque
2973 1792 3299 1833 concursum
3340 1777 3438 1832 tibi
3474 1791 3541 1833 ac

1875 1862 1924 1922 B
1956 1866 2283 1921 utilitatibus
2311 1866 2571 1922 Ecclesia:
2595 1878 2718 1931 tuae,
2745 1868 2832 1923 cui
2860 1883 2891 1922 a
2917 1868 3147 1924 Domino
3170 1869 3284 1923 Deo
3314 1869 3438 1922 data
3458 1873 3546 1922 est

1947 1965 2188 2028 potestas
2238 1957 2439 2028 ligandi
2476 1958 2829 2028 solvendique
2864 1999 2879 2025 ,
2912 1964 2967 2013 et
3019 1958 3280 2029 prmdicto
3320 1956 3541 2013 Vicario

1948 2057 2040 2104 tuo
2084 2058 2245 2119 atque
2292 2050 2699 2106 successoribus
2722 2047 2860 2119 ejus,
2893 2064 2992 2120 per
3036 2037 3219 2104 omnia
3259 2048 3539 2105 exhibere.

2018 2142 2286 2197 Promitto
2316 2144 2525 2214 pariter
2558 2142 2819 2199 festinare
2853 2144 3002 2199 omni
3042 2143 3233 2198 annisu
3255 2184 3268 2209 ,
3306 2151 3368 2198 ut
3405 2157 3549 2198 sem-

1947 2249 2047 2307 per
2064 2251 2191 2306 pax,
2218 2235 2327 2305 72
2348 2251 2510 2305 quam
2534 2235 2680 2291 Deus
2705 2234 2897 2306 diligit,
2932 2235 3074 2289 inter
3090 2233 3479 2304 rempublicam
3495 2240 3551 2289 et

1949 2341 2067 2390 nos,
2094 2327 2198 2382 hoc
2221 2335 2326 2391 est,
2342 2337 2557 2399 gentem
2578 2326 3077 2399 Langobardorum,
3098 2335 3471 2391 conservetur,
3491 2332 3550 2380 et

1949 2420 2096 2474 nullo
2122 2421 2282 2477 modo
2308 2429 2498 2475 contra
2524 2434 2684 2491 agere
2722 2419 2808 2474 vel
2838 2418 3017 2474 facere
3053 2419 3328 2489 quidpiam
3360 2417 3552 2472 adver—

1953 2527 2093 2576 sum,
2130 2520 2399 2581 quatenus
2448 2511 2611 2566 ﬁdem
2640 2526 2817 2566 meam
2870 2510 2926 2564 in
2954 2511 3206 2565 omnibus
3248 2507 3552 2565 sincerissi-
3626 2574 3631 2579 ‘

1953 2620 2100 2659 mam
2129 2606 2437 2661 exhibeam.
3516 2670 3523 2675 η

2027 2700 2180 2766 Quod
2213 2700 2300 2765 si,
2342 2699 2487 2768 quod
2516 2699 2690 2763 absit,
2740 2707 2928 2754 contra
2975 2697 3135 2766 hujus
3178 2698 3555 2769 promissionis

1957 2806 2095 2847 mea:
2120 2792 2318 2846 seriem
2350 2792 2553 2860 aliquid
2582 2789 2767 2846 facere
2798 2790 3039 2860 quolibet
3060 2792 3251 2853 modo,
3283 2798 3376 2844 aut
3408 2790 3555 2860 inge-

1959 2883 2072 2953 njo,
2100 2882 2185 2937 vel
2211 2883 2499 2938 occasione
2540 2890 2855 2947 tentavero,
2897 2889 3088 2936 contra
3120 2881 3445 2936 catholicam
3480 2880 3557 2935 le-

1958 2989 2106 3045 gem,
2157 2990 2281 3031 reus
2337 2974 2583 3029 inveniar
2616 2973 2670 3027 in
2700 2983 2904 3028 aeterno
2927 2970 3133 3039 judicio
3162 3013 3173 3034 ,
3205 2978 3260 3026 et
3288 2970 3551 3023 ultionem

1959 3066 2183 3122 Ananiae
2209 3078 2265 3122 et
2297 3066 2558 3137 Saphyrze
2599 3066 2911 3122 incurram:
2954 3065 3231 3134 quietiam
3272 3063 3368 3117 tibi
3398 3064 3559 3118 beato

1960 3158 2145 3225 Petro,
2173 3160 2239 3214 de
2261 3159 2426 3216 rebus
2473 3157 2710 3229 propriis
2738 3155 2986 3212 fraudem
3030 3155 3211 3211 facere
3231 3163 3288 3210 et
3319 3153 3454 3210 falsa
3481 3153 3560 3209 di-

1329 3264 1509 3313 autem
1550 3256 1858 3313 lndieulum
1885 3226 1931 3290 Ο
1963 3264 2089 3305 cere
2120 3226 2607 3320 prmsumpseruitt.

1097 3328 1422 3383 sacramenti
1460 3343 1562 3399 ego
1612 3327 1691 3382 Ill.
1731 3328 1854 3399 Epi-

1097 3415 1291 3470 scopus
1310 3416 1471 3455 manu
1495 3400 1714 3470 propria
1733 3402 1861 3457 sub-

1098 3472 1308 3542 scripsi,
1356 3479 1520 3553 atque
1568 3472 1724 3541 posui
1771 3487 1863 3527 su-

1092 3552 1189 3613 per
1205 3550 1637 3597 sacratissimum
1657 3558 1862 3610 corpus

2035 3341 2191 3397 Hunc
2226 3351 2405 3396 autem
2452 3339 2754 3395 lndieulum
2810 3337 3135 3395 sacramenti
3168 3351 3269 3410 ego
3297 3335 3377 3391 lll.
3429 3333 3559 3405 Epi-

1966 3448 2165 3504 300pus
2204 3448 2369 3488 manu
2394 3432 2615 3501 propria
2644 3430 2862 3499 scripsi,
2898 3438 3061 3499 atque
3085 3427 3243 3497 posui
3277 3440 3441 3497 supra
3472 3439 3561 3480 sa-

1966 3524 2337 3580 cratissimum
2381 3536 2579 3589 corpus
2624 3529 2797 3585 tuum,
2831 3519 2991 3573 beate
3026 3518 3188 3572 Pctre
3218 3557 3232 3581 ,
3265 3531 3332 3570 ac
3356 3513 3563 3585 praebui

266 3594 542 3684 tissiinuin
561 3594 1024 3684 corpusbeatil’e-
1096 3594 1386 3684 {deliine
1420 3594 1572 3667 sicut
1609 3594 1864 3684 superius
1959 3612 2365 3684 jusjurandum,
2387 3610 2553 3679 quod,
2579 3617 2639 3662 ut
2665 3594 2916 3676 superius
2943 3608 3162 3677 legitur,
3190 3606 3302 3661 Deo
3342 3611 3482 3660 teste
3503 3610 3560 3657 et

265 3680 378 3763 tri,
431 3680 506 3763 ita
554 3688 617 3763 ut
660 3680 1034 3763 perscriptum
1106 3682 1324 3752 legitur,
1356 3682 1867 3763 Deo.testeetjudi-

1107 3767 1209 3815 ce,
1265 3758 1493 3821 prmstiti
1552 3765 1865 3806 sacramen-

264 3816 505 3892 przestiti
580 3828 984 3892 sacramentum
1018 3861 1035 3885 ,
1110 3833 1245 3885 tum,
1265 3816 1414 3891 quod
1432 3829 1488 3876 et
1509 3836 1727 3877 servare
1746 3838 1868 3892 pro-

263 3760 380 3814 est,
431 3746 545 3803 Deo
572 3746 710 3803 teste
750 3757 806 3804 et
832 3746 1033 3816 judice,

268 3888 419 3961 quod
435 3895 491 3943 et
511 3903 732 3947 servare
752 3891 1033 3961 promitto.

404 4268 485 4325 De
504 4266 897 4341 langpbardia.
922 4253 1102 4321 Habet
1127 4264 1500 4341 baecl'ormula
1522 4265 1867 4341 characteres

278 4341 437 4403 duos,
470 4356 535 4396 ex
564 4334 760 4410 quibus
810 4348 1113 4416 utcumque
1128 4337 1324 4416 possit_
1349 4334 1727 4416 conjici,___quo
1756 4336 1868 4416 pri-

278 4428 432 4468 mum
480 4405 723 4481 tempore
771 4410 916 4481 edita
947 4405 1038 4463 sit.
1071 4405 1204 4461 Nam
1240 4407 1420 4481 primo
1468 4405 1663 4481 similis
1688 4406 1866 4481 estei,

278 4498 388 4553 qua
416 4476 638 4538 sanctus
676 4480 985 4553 Bonifacius
1006 4519 1024 4553 _,
1055 4493 1207 4553 suam
1236 4478 1350 4532 sedi
1381 4477 1707 4553 Apostolicae
1732 4476 1869 4553 obli-

281 4548 433 4625 gavit
446 4554 619 4625 fidem
657 4568 786 4625 ann.
817 4550 1019 4606 Christi
1061 4549 1181 4603 722.
1214 4556 1331 4603 erat
1362 4563 1491 4625 ergo
1516 4549 1628 4625 jam
1676 4557 1786 4625 tum
1814 4548 1868 4602 in

284 4619 408 4679 usu.
445 4622 648 4678 Deinde
673 4623 813 4678 edita
844 4629 948 4683 est,
978 4634 1087 4690 quo
1119 4629 1359 4689 tempore
1390 4619 1731 4690 Longobardi
1761 4635 1866 4673 non

1108 3893 1285 3948 mitto.

283 4703 501 4750 tantum
545 4693 881 4748 dominatum
919 4689 1239 4745 obtinebant
1287 4691 1340 4743 in
1370 4704 1489 4743 eam
1537 4689 1700 4743 Italia:
1736 4705 1863 4759 par-

286 4773 420 4829 tem,
479 4765 635 4835 cujus
686 4762 937 4835 Episcopi
968 4761 1293 4816 ordinationi
1344 4760 1488 4814 sedis
1542 4761 1867 4835 Apostolica:

283 4830 642 4904 subjacebant
673 4852 688 4900 ;
722 4830 814 4889 sed
841 4830 1005 4887 etiam
1046 4840 1337 4904 servabant
1382 4845 1570 4904 pacem
1597 4846 1723 4904 cum
1760 4830 1869 4885 Ro-

286 4901 489 4961 manis.
540 4906 595 4961 ld
624 4920 753 4959 vero
783 4904 1013 4957 maxime
1055 4902 1315 4972 contigit,
1356 4902 1610 4972 quamdiu
1662 4901 1868 4972 Regina

290 4975 664 5033 Tbeodolinda
694 4975 852 5040 vixit,
881 4974 934 5029 id
960 4984 1063 5039 est,
1095 4971 1223 5027 ante
1250 4987 1451 5026 annum
1482 4971 1603 5025 626.
1634 4971 1867 5041 quode-

290 5047 482 5103 functa
525 5047 786 5103 creditur.
811 5048 992 5111 Quare
1016 5046 1230 5099 videtur
1257 5042 1506 5115 Gregorii
1532 5042 1709 5115 Magni
1740 5052 1870 5097 zela-

292 5131 345 5174 te
364 5120 593 5186 scripta,
625 5127 717 5172 aut
753 5116 942 5170 saltem
971 5127 1250 5186 usurpata,
1280 5112 1403 5168 cum
1422 5112 1533 5181 jam
1579 5112 1668 5167 diu
1698 5114 1751 5167 in
1776 5130 1877 5168 usu

291 5189 453 5246 foret.
469 5188 807 5244 Crediderim
824 5202 923 5257 ego
944 5187 1098 5247 facile
1120 5188 1186 5241 ad
1210 5187 1389 5256 priora
1409 5194 1650 5257 tempora
1664 5200 1878 5257 corpus

294 5263 475 5331 ipsum
505 5260 810 5331 pertinere;
863 5255 1221 5329 appendicem
1250 5257 1319 5310 de
1358 5256 1728 5325 Longobardis
1755 5296 1771 5321 ,
1810 5255 1880 5310 ad

344 5333 654 5405 regoriana.

368 5398 718 5473 b'Synodule.
765 5398 1020 5473 Formula
1064 5400 1185 5473 haec
1221 5415 1326 5473 non
1351 5416 1485 5473 uno
1506 5400 1560 5454 in
1588 5399 1728 5463 loco,
1761 5398 1882 5473 qui-

294 5470 527 5529 busdam
587 5482 769 5527 tamen
805 5471 931 5525 licet
978 5471 1169 5539 paucis
1224 5471 1521 5531 immutatis
1555 5512 1569 5535 ,
1616 5470 1877 5525 occurrit.

297 5543 619 5615 [tepet-itur,
644 5552 770 5598 ante
783 5540 1099 5615 confectum
1131 5540 1362 5615 quidem;
1392 5541 1712 5615 ADiurnum,‘
1739 5541 1883 5615 inter

298 5610 560 5685 epistolas
594 5613 796 5670 Gelasii
820 5614 860 5668 1.
884 5610 1291 5685 qui_ann.;5981
1307 5613 1468 5685 obiit,
1493 5619 1547 5665 et
1574 5612 1714 5685 apud
1748 5610 1884 5666 Gre-

300 5680 514 5758 gorium
546 5684 797 5757 Magnum
841 5680 933 5758 liii.
970 5682 1024 5758 ἓ.
1071 5683 1229 5758 epist.
1264 5680 1375 5758 25._
1402 5681 1883 5758 Post__conl‘ectuin

304 5751 434 5813 vero
464 5751 754 5819 Diurniim,
791 5756 931 5825 apud
962 5753 1282 5825 Gregorium
1336 5751 1397 5806 ll.
1446 5753 1769 5825 scribentem
1816 5754 1883 5825 ad

307 5827 790 5901 Thuringios_ann.
824 5823 945 5881 723.
978 5823 1184 5901 etapud
1212 5824 1559 5901 illncrnarum
1584 5823 1639 5877 in
1660 5824 1884 5901 epistula

308 5902 376 5959 ad
398 5895 614 5976 plebcm
645 5895 1094 5955 Laudunensem.’
1111 5896 1316 5954 Omitto
1343 5895 1544 5958 dicere,
1575 5895 1721 5964 quod
1747 5896 1887 5951 refe-

641 5992 919 6056 Pnnon.
966 5990 1092 6052 CV.

1895 4589 1947 4650 D

1962 3701 2167 3770 judice,
2200 3714 2525 3756 conservare
2546 3698 2824 3768 promitto.

2548 3788 2848 3847 TlTULUS
2883 3788 2975 3845 1X.

2229 3886 2258 3926 ι)
2283 3882 2568 3956 Synodale,
2588 3882 2727 3955 quod
2747 3882 2933 3952 accipit
2960 3880 3269 3952 Episcopus.
3320 3950 3327 3955 _

2040 3977 2220 4042 Clero,
2254 3974 2444 4031 Ordini
2469 3983 2525 4030 et
2546 3973 2695 4028 Plebi
2728 3972 3047 4028 consistenti
3066 3972 3148 4026 Ill.
3188 3970 3564 4030 dilectissimis

1968 4070 2097 4126 liliis
2130 4070 2183 4124 in
2221 4068 2450 4123 Domino
2484 4067 2735 4122 salutem.
3543 4078 3550 4087 ·

2042 4159 2420 4215 Probabilibus
2445 4157 2733 4213 desideriis
2773 4156 2912 4211 nihil
2936 4157 3219 4211 attulimus
3269 4157 3561 4223 tarditatis,

1971 4279 2128 4341 ratur
2162 4286 2359 4341 magna
2380 4285 2455 4341 ex
2483 4279 2639 4337 parte
2660 4268 2729 4341 a_b
2748 4268 3006 4341 Anselmo
3031 4268 3127 4341 lib.
3155 4268 3208 4341 6.
3238 4278 3358 4341 cap.
3398 4268 3486 4341 5').
3508 4278 3564 4324 et

1973 4357 2005 4396 a
2035 4336 2297 4395 Gratiano
2341 4339 2427 4409 12.
2462 4336 2653 4408 qumst.
2680 4339 2736 4391 2.
2770 4354 2889 4409 cap.
2924 4338 3013 4392 26.
3070 4336 3179 4394 Sed
3223 4336 3555 4405 cx’Gelasio,

1973 4428 2081 4467 non
2110 4412 2237 4465 item
2259 4426 2326 4474 ex
2354 4407 2634 4479 Gregorio.

2046 4481 2365 4552 Appellatur
2388 4478 2551 4552 porro
2585 4478 2873 4552 Synodale,
2905 4482 3101 4551 partim
3142 4481 3269 4551 quia
3309 4481 3562 4539 mitteba-

1977 4564 2065 4610 tur
2097 4550 2173 4607 ‘e’x
2204 4552 2423 4626 Synodo
2452 4551 2637 4626 Roma:
2664 4550 2951 4626 ipdnpodeqz
2979 4550 3235 4626 asummo
3251 4552 3512 4626 Pontitice
3544 4569 3560 4619 ;

1975 4626 2173 4696 partim
2202 4624 2329 4692 quia
2378 4622 2655 4696 legebatur
2680 4622 2734 4675 in
2764 4622 2982 4692 Syuofto
3008 4623 3283 4686 Ecclesiae,
3308 4624 3394 4696 cui
3421 4639 3562 4692 prte-

1974 4693 2186 4765 positus
2225 4702 2344 4748 erat
2374 4693 2705 4765 Episcopus:
2730 4709 2876 4765 quam
2906 4695 3221 4765 convenisse
3268 4695 3565 4764 Episcopos

1977 4764 2041 4820 al
2078 4765 2473 4820 ordinationem
2507 4764 2692 4818 Itonia:
2722 4764 2918 4818 factam
2954 4805 2968 4828 ,
2994 4764 3346 4834 intelligimus
3372 4782 3437 4820 ex
3463 4765 3565 4819 0r-

1976 4838 2103 4891 diue
2135 4835 2380 4889 Romano
2406 4853 2421 4899 ;
2453 4836 2771 4889 convenisse
2798 4835 3004 4904 pariter
3020 4835 3313 4905 Episcopus
3336 4836 3562 4900 vicinos,

1975 4923 2099 4962 cum
2132 4905 2294 4961 Clero
2317 4915 2372 4960 et
2402 4906 2559 4975 plebe
2590 4905 2845 4976 Ecclesia:
2877 4905 3198 4976 Episcopum
3229 4915 3560 4976 exceptum,

1977 4979 2042 5031 ad
2088 4974 2512 5032 celebrationem
2544 4974 2743 5031 natalis
2788 4975 2894 5031 dici
2924 4974 2940 5043 ,
2967 4993 3036 5033 ex
3076 4974 3284 5032 Diurno
3329 4974 3386 5031 et
3412 4987 3566 5030 more

1978 5056 2285 5118 temporum
2318 5047 2507 5101 scitur.

2051 5116 2293 5173 Observa
2328 5128 2531 5180 autem,
2560 5134 2684 5173 cum
2707 5117 2968 5187 ejusmodi
3001 5118 3193 5172 littera:
3222 5116 3572 5187 mitterentur

1982 5204 2012 5244 e
2043 5187 2262 5260 Synodo
2286 5189 2481 5243 summi
2514 5184 2811 5256 Pontiﬁcis,
2847 5189 3185 5260 Pontilicenr
3216 5184 3570 5260 solum__sub-

1983 5252 2303 5334 scripsisse;
2353 5275 2479 5334 _c_um
2512 5276 2542 5315 e
2586 5252 2807 5334 Synolo
2865 5257 3093 5334 alicujus
3143 5252 3567 5334 Metropolitani,

1984 5326 2110 5384 non'
2126 5331 2298 5385 solum
2352 5326 2819 5402 Metropolitanum
2852 5372 2867 5396 ,
2899 5331 2993 5402 sed
3017 5342 3211 5402 omnes
3236 5340 3268 5379 e
3295 5326 3402 5402 iam
3429 5326 3566 5402 Epi-

1986 5416 2197 5472 scopus,
2224 5402 2315 5473 qui
2346 5397 2725 5464 interfuerunt,
2741 5397 3165 5473 subscriptiones
3189 5412 3315 5450 suas
3336 5398 3576 5452 addidis-

1985 5467 2364 5527 sefPrin'ium
2413 5473 2481 5528 de
2529 5490 2739 5529 summo
2774 5468 3032 5525 Pontilice
3082 5467 3319 5522 solemne
3349 5477 3463 5532 est,
3517 5476 3577 5523 et

1991 5543 2213 5599 cuilibet
2238 5553 2422 5599 notum
2452 5560 2466 5609 ;
2500 5546 2728 5598 alterum
2759 5542 2826 5593 de
2854 5537 3278 5609 Metropolitanus
3318 5539 3462 5603 aliis,
3490 5538 3577 5594 di-

1991 5616 2195 5670 St‘illlUS
2223 5633 2287 5669 ex
2319 5606 2529 5669 laudata
2555 5631 2676 5669 mox
2703 5607 2926 5679 epistola
2954 5606 3255 5673 Hincmari,
3277 5620 3401 5678 post
3416 5623 3578 5677 quem

1991 5685 2107 5741 Ο·δο
2155 5687 2603 5747 Bellovacorum,
2652 5679 3000 5750 Rigiueliuus
3048 5679 3579 5748 Noviomagcusium,

1992 5755 2230 5813 Joannes
2254 5749 2754 5815 Cameracensium,
2776 5749 3120 5806 Willebcrtus
3139 5750 3582 5813 Catalauuorum,

1994 5827 2339 5884 Hildebaldus
2369 5824 2744 5887 Suessionum,
2771 5820 3032 5878 Geroldus
3059 5822 3479 5885 Ambianorum,
3528 5826 3587 5873 et

1992 5897 2333 5956 lladebertus
2346 5894 2847 5962 Silvanectcnsium,
2866 5894 3113 5964 Episcopi
3127 5891 3584 5963 subscripserunt.

3110 5983 3151 6045 3
