4062 6508
476 448 545 507 75
1831 448 2033 505 LIBER
2071 438 2188 505 DIU
2196 438 2378 503 RNUS
3665 440 3738 502 ’16

479 568 705 625 fratrem
732 565 840 640 73
861 563 978 637 jam
1003 574 1060 623 et
1084 564 1474 638 Coepiscopum
1498 572 1745 622 nostrum
1767 562 1872 630 lll.,
1897 562 2050 619 vobis
2076 561 2130 622 Α
2153 556 2346 616 norum
2387 574 2496 615 non
2537 553 2645 614 nisi
2685 552 2880 629 primi,
2922 552 3140 629 quarti,
3183 544 3400 625 septimi
3444 559 3500 608 et
3542 553 3740 613 decimi

476 659 853 720 ordinavimus
878 656 1230 714 Sacerdotem
1255 698 1270 724 ,
1295 657 1385 714 cui
1412 658 1660 714 dedimus
1682 656 1741 710 in
1761 653 2052 710 mandatis.

549 754 601 809 1.
634 750 714 807 Ne
740 765 982 821 unquam
1007 750 1377 806 ordinationes
1402 756 1699 820 praesumat
1728 746 1965 803 illicitas.

548 844 604 899 2.
636 843 716 900 Ne
738 843 1011 914 bigamum
1026 881 1044 908 ,
1070 848 1165 897 aut
1188 841 1283 912 qui
1302 841 1566 913 virginem
1590 855 1702 896 non
1722 845 1807 894 est
1835 838 2058 894 sortitus

480 950 735 1001 uxorem,
760 949 936 1005 neque
962 933 1297 989 inliteratum
1313 974 1332 1000 ,
1355 932 1443 989 vel
1469 932 1525 987 in
1550 929 1794 1001 qualibet
1816 929 2059 999 corporis

478 1035 635 1097 parte
657 1024 930 1090 vitiatum,
952 1031 1045 1080 aut
1068 1023 1512 1095 exposuitentem,
1535 1021 1622 1077 vel
1644 1021 1811 1079 curia:
1835 1028 1928 1076 aut
1950 1019 2062 1076 cui-

482 1119 617 1173 libet
653 1117 951 1175 conditioni
988 1117 1319 1183 obnoxium,
1347 1122 1735 1186 notatumque,
1765 1115 1833 1169 ad
1875 1129 2063 1170 sacros

481 1213 701 1269 ordines
724 1212 1005 1283 permittat
1041 1209 1335 1276 excedere,
1364 1208 1461 1265 sed
1502 1208 1549 1263 si
1586 1222 1725 1279 quos
1754 1204 2064 1276 hujusmodi

485 1303 624 1361 forte
649 1304 941 1377 repererit,
970 1318 1079 1358 non
1110 1300 1308 1356 audeat
1328 1314 1666 1372 promovere.

552 1397 606 1451 5.
638 1408 665 1437 ι
690 1395 854 1452 Afros
878 1395 1083 1467 passim
1106 1393 1176 1450 ad
1200 1392 1613 1450 Ecelesiasticos
1638 1391 1857 1447 ordines
1883 1405 2069 1463 proce-

483 1488 675 1545 dentes
715 1487 864 1543 nulla
905 1485 1117 1542 ratione
1155 1484 1448 1556 suscipiat,
1495 1483 1622 1554 quia
1665 1482 1833 1554 aliqui
1875 1496 2067 1537 eorum

483 1580 766 1637 Manichaei
783 1619 799 1645 ,
829 1577 997 1648 aliqui
1023 1575 1344 1649 rebaptizati
1360 1617 1377 1642 ,
1405 1575 1603 1646 saepius
1629 1581 1758 1631 sunt
1783 1573 2018 1644 probati.

551 1673 607 1727 4.
640 1671 940 1729 Ministeria
992 1679 1159 1742 atque
1210 1676 1594 1726 ornamentum
1642 1664 1897 1721 Ecclesiae
1914 1704 1928 1730 ,
1980 1662 2069 1719 vel

482 1765 746 1840 quidquid
782 1773 871 1823 est
909 1764 968 1820 in
1007 1762 1336 1835 patrimonio
1365 1760 1644 1832 ejusdem,
1674 1774 1782 1815 non
1822 1757 2069 1813 minuere

483 1858 731 1923 studeat,
764 1856 863 1913 sed
888 1870 1109 1927 augere.

2155 652 2363 707 mensis
2379 649 2604 722 jejuniis
2622 689 2639 716 ,
2667 649 2766 706 sed
2793 646 2903 721 75
2924 656 2980 703 et
3007 648 3062 703 in
3103 647 3353 719 ingressu
3392 646 3743 718 quadragesi-

2156 743 2283 799 mali
2313 751 2478 815 atque
2505 743 2760 799 mediana
2780 782 2795 809 ,
2826 754 3056 815 vespere
3084 737 3309 799 Sabbati
3336 738 3553 795 noverit
3591 739 3740 797 cele-

2156 835 2417 913 brandas.

2228 928 2280 982 7.
2315 939 2337 967 ο
2369 928 2557 986 Sancti
2584 934 2764 985 autem
2787 924 3041 998 baptismi
3067 934 3467 985 sacramentum
3483 964 3501 994 ,
3524 927 3743 985 nonnisi

2159 1019 2217 1076 in
2243 1019 2507 1091 Paschali
2537 1018 2829 1076 festivitate
2868 1027 2924 1073 et
2963 1017 3316 1074 Pentecoste’s
3335 1058 3349 1085 ,
3382 1017 3598 1076 neverit
3624 1028 3747 1073 esse

2158 1110 2508 1182 praebendum
2531 1153 2547 1177 ,
2577 1110 2821 1182 exceptis
2850 1110 2936 1167 his
2964 1104 3060 1181 qui
3089 1109 3284 1168 mortis
3311 1119 3572 1184 urgentur
3602 1108 3717 1183 peri

2160 1202 2314 1269 culo,
2343 1203 2541 1273 quibus
2576 1218 2646 1258 ne
2674 1201 2730 1257 in
2758 1210 3025 1257 aeternum
3050 1209 3310 1273 pereant,
3340 1202 3541 1261 talibus
3580 1216 3745 1274 Opor-

2161 1299 2240 1348 tet
2267 1292 2522 1347 remediis
2552 1291 2863 1347 subvenire.

2233 1406 2288 1462 8.
2320 1404 2346 1443 d
2375 1402 2617 1461 Litanias
2644 1420 2776 1460 vero
2803 1418 2901 1476 per
2928 1404 3165 1461 triduum
3201 1412 3330 1462 ante
3366 1403 3511 1464 diem
3534 1403 3745 1465 Ascen-

2165 1495 2338 1552 sionis
2362 1495 2581 1552 Domini
2610 1496 2908 1552 celebrare.

2243 1585 2381 1642 Huic
2405 1601 2535 1659 ergo
2562 1587 2708 1643 sedis
2740 1593 2940 1643 nostrae
2965 1594 3235 1659 praecepta
3261 1590 3499 1647 somnii
3542 1590 3751 1650 devotis

2167 1678 2363 1735 animis
2390 1679 2615 1751 obsequi
2642 1695 2740 1736 vos
2769 1686 3015 1751 oportet,
3042 1683 3104 1735 ut
3132 1679 3606 1754 irreprchcnsibiie
3631 1685 3747 1757 pla-

2167 1770 2439 1840 citumque
2482 1770 2580 1827 ﬁat
2620 1785 2820 1843 corpus
2860 1771 3147 1839 Ecclesia),
3187 1788 3285 1843 per
3321 1773 3596 1834 Christum
3645 1778 3750 1834 Do~

2169 1863 2376 1917 minum
2401 1870 2677 1930 nostrum,
2709 1863 2803 1933 qui
2828 1862 2963 1917 vivit
2990 1871 3047 1918 et
3074 1870 3266 1936 regnat
3298 1876 3423 1920 cum
3451 1867 3562 1922 Deo
3587 1867 3751 1922 Patre

550 1948 605 2004 5.
645 1948 724 2003 De
752 1945 930 2003 reditu
956 1925 1086 2001 vero
1114 1945 1372 2002 Ecclesia:
1402 1944 1489 2001 vel
1519 1944 1792 2001 oblatione
1820 1943 2065 2000 ﬁdelium
2093 1925 2142 1986 Β
2169 1952 2552 2024 omnipotenti,
2583 1960 2642 2012 et
2664 1925 2886 2026 'Spirltu
2927 1925 3168 2020 sancto:
3195 1968 3295 2027 per
3332 1954 3514 2011 omnia
3554 1956 3751 2013 smcula

482 2045 716 2111 quatuor
738 2034 904 2091 faciat
925 2035 1227 2108 portiones,
1251 2051 1485 2106 quarum
1511 2050 1676 2090 unam
1705 2034 1807 2090 sibi
1835 2035 1951 2106 ipse
1978 2050 2066 2093 re-

488 2128 697 2193 tineat;
727 2125 957 2181 alteram
983 2121 1209 2181 Clericis
1227 2166 1243 2192 ,
1273 2141 1375 2198 pro
1404 2123 1703 2181 oiliciorum
1732 2140 1955 2180 suorum
1982 2137 2067 2180 se-
2112 2154 2115 2155 ν

485 2218 743 2284 dulitate,
773 2216 1105 2284 distribuat;
1132 2217 1353 2273 tertiam
1382 2215 1709 2288 pauperibus
1737 2225 1795 2272 et
1829 2217 2068 2289 peregri-

482 2309 608 2377 nis;
650 2314 902 2381 quartam
939 2307 1327 2365 ecclesiasticis
1368 2306 1595 2363 fabricis
1636 2308 1852 2364 noverit
1891 2322 2070 2364 reser-

481 2402 751 2468 vandam,
793 2400 862 2458 de
901 2399 1100 2472 quibus
1141 2399 1327 2456 divino
1366 2398 1473 2455 erit
1514 2398 1825 2471 redditurus
1860 2398 2069 2470 judicio

481 2493 772 2551 rationem.

552 2582 607 2639 6.
639 2581 666 2620 ι»
698 2579 1080 2638 Ordinationes
1107 2593 1238 2636 vero
1263 2577 1716 2650 Presbyterorum
1746 2595 1845 2636 seu
1870 2578 2066 2639 Diaco-

554 2750 582 2781 ι
627 2737 785 2808 Afros
824 2736 1042 2809 passim.
1063 2735 1221 2809 idem
1247 2741 1403 2809 cavet
1427 2733 1723 2809 Gregorius
1751 2736 1977 2809 Magnus
2000 2738 2068 2793 de

554 2750 597 2824 ﬁ.
627 2750 785 2823 Afros
824 2752 1042 2819 passim.
1076 2750 1221 2790 mem
1247 2750 1403 2791 cavet
1427 2750 1723 2860 bregorms
1752 2750 1977 2808 magnus
2000 2750 2068 2821 de

482 2808 631 2866 Afris
654 2808 750 2863 lib.
776 2824 839 2864 ιι.
863 2815 1029 2878 epist.
1056 2806 1129 2878 25
1152 2805 1506 2878 adJoannem
1576 2820 1856 2876 piscopum
1884 2807 2068 2878 Lyssi-

484 2889 623 2937 tanta
666 2877 921 2936 Ecclesiae
954 2894 985 2932 a
1020 2877 1269 2947 barbaris
1292 2877 1610 2947 captivataa,
1638 2893 1801 2947 quem
1830 2877 2067 2947 Squilla-

483 2952 623 3008 cina:
667 2948 923 3005 Ecclesia:
970 2948 1202 3003 viduatae
1251 2946 1595 3019 incardinat,
1644 2946 1704 3001 ut
1749 2946 2061 3019 loquuntur.

481 3020 611 3078 Inde
651 3026 833 3075 autem
871 3019 1037 3074 verbo
1077 3019 1143 3073 ad
1180 3019 1406 3074 verbum
1439 3018 1712 3089 descripta
1755 3018 1912 3084 sunt,
1945 3035 2071 3089 qum

482 3091 574 3148 hic
613 3090 868 3161 leguntur
912 3090 980 3145 de
1020 3090 1472 3145 ordinationibus.
1526 3089 1619 3161 Sic
1662 3089 1807 3144 enim
1854 3089 2061 3145 habet:

489 3181 512 3216 ι
537 3160 890 3232 Ριωὸὶρίωιιε
924 3168 1103 3232 autem
1125 3200 1139 3227 ,
1168 3176 1236 3217 ne
1260 3174 1498 3232 unquam
1524 3160 1741 3232 illicitas
1766 3160 2069 3232 ordinatio-

485 3247 583 3289 nes
607 3229 817 3297 facias;
845 3248 915 3287 ne
941 3230 1214 3302 bigamum
1232 3272 1246 3297 ,
1273 3229 1369 3285 aut
1402 3229 1491 3300 qui
1510 3246 1629 3302 non
1656 3230 1920 3302 virginem
1948 3248 2065 3288 sor-

486 3304 617 3361 titus
638 3313 721 3360 est
743 3316 970 3358 uxorem
986 3300 1119 3366 {aut
1145 3302 1480 3366 ignorantem
1508 3300 1718 3356 litteras
1736 3300 1765 3366 ,'
1779 3310 1883 3356 etc.
1920 3322 1938 3354 ι

555 3375 584 3415 δ
614 3373 989 3429 Ordinationes
1014 3386 1153 3426 vero.
1178 3372 1355 3426 Locus
1382 3372 1468 3425 hic
1492 3372 1560 3426 de
1585 3382 1826 3441 tempore
1849 3373 2064 3429 ordina-

483 3446 693 3500 tionum
724 3444 942 3499 videtur
973 3444 1285 3511 desumptus
1316 3458 1382 3498 ex
1421 3441 1646 3511 epistola
1685 3444 1718 3497 9
1755 3442 1957 3499 Gelasii
1997 3446 2069 3502 ad

482 3516 779 3586 Episcopos
808 3513 1096 3586 Lucaniae,
1126 3512 1437 3567 Brutiorum
1461 3512 1750 3586 et_S_icili'.e
1768 3554 1784 3579 ,
1810 3530 1931 3586 cap.
1963 3532 2019 3570 ιι
2046 3533 2060 3571 :

490 3605 508 3638 ι
529 3582 916 3642 Ὀινᾱὶόειιὶοηεε
950 3582 1398 3652 Presbyterorum
1435 3591 1492 3638 et
1524 3582 1917 3652 Diaconorum,
1958 3586 2066 3642 nisi

482 3658 650 3737 certis
672 3654 1007 3737 temporibus
1030 3659 1084 3733 et
1106 3652 1296 3735 diebus
1318 3654 1563 3737 exerceri
1586 3669 1705 3737 non
1732 3654 1939 3737 'dcbent
1955 3697 1982 3737 ,_
2009 3657 2067 3737 id

485 3736 601 3792 est,
624 3721 804 3796 quarti
829 3724 1033 3796 mensis
1049 3721 1255 3796 jejunio
1271 3765 1286 3790 ,
1302 3724 1529 3796 septimi
1552 3732 1606 3779 et
1631 3726 1863 3793 decimi,
1890 3728 1984 3783 sed
2008 3736 2075 3782 et.

483 3793 658 3879 etiam
674 3793 1151 3880 quadgagesimalis
1175 3794 1353 3877 injtii,
1375 3793 1441 3850 ac
1477 3796 1724 3851 mediana
1761 3799 2064 3880 quadrage-

483 3867 635 3938 simae
670 3862 789 3938 die,
817 3862 1041 3921 Sabbati
1072 3862 1279 3932 jejunio
1307 3866 1454 3921 circa
1493 3862 1798 3938 vesperam
1814 3862 2064 3923 noverint

485 3936 857 3993 celebrandas.
871 3955 891 3988 ι

561 4018 583 4046 ο
618 4004 799 4078 Sancti
828 4014 1003 4078 autem
1030 4004 1300 4076 baptismi,
1328 4014 1433 4063 etc.
1462 4007 1531 4063 Et
1556 4007 1658 4065 iste
1679 4008 1887 4078 pariter
1910 4008 2061 4063 locus

486 4092 555 4149 ex
575 4076 771 4149 eadem
793 4076 1018 4146 epistola
1046 4083 1289 4149 sumptus
1313 4087 1398 4134 est
1420 4094 1540 4149 cap.
1567 4095 1622 4134 x.
1650 4076 1715 4133 εἰ
1742 4078 2062 4148 Baptizandi

485 4146 608 4232 sibi.
627 4146 912 4232 quisquam
928 4147 1150 4232 passim
1192 4146 1531 4232 quocumque
1573 4146 1837 4232 tempore
1855 4149 2061 4203 nullam

482 4215 670 4289 credat
708 4215 885 4271 inesse
925 4215 1224 4289 fiduciam,
1249 4215 1739 4289 prazter'Paschale
1773 4217 1973 4273 festum
2006 4227 2065 4275 et

480 4287 833 4359 Pentecostes
857 4287 1171 4359 venerabile
1199 4287 1598 4359 sacramentum
1618 4328 1634 4354 ,
1662 4296 1891 4359 excepto
1926 4290 2064 4345 dun-

484 4366 638 4414 taxat
667 4358 969 4431 gravissimi
994 4358 1265 4428 languoris
1289 4359 1505 4431 incursu
1524 4400 1537 4423 ,
1552 4360 1617 4431 in
1640 4376 1746 4431 quo
1764 4358 2063 4415 verendum

484 4437 598 4494 eSt,
627 4427 694 4483 ne
720 4427 895 4482 morbi
918 4427 1197 4482 crescente
1222 4430 1489 4498 periculo,
1517 4430 1635 4483 sine
1655 4427 1902 4485 remedio
1925 4430 2064 4485 salw

484 4500 594 4556 tari
620 4497 867 4570 fortassis
890 4506 1175 4570 aegrotans
1200 4497 1370 4555 exitio
1400 4507 1707 4570 praeventus
1732 4500 2007 4555 abscedat.
2035 4521 2054 4553 ι

484 4570 612 4626 Fuit
644 4569 781 4623 alter
818 4567 1107 4632 Orientalis
1140 4567 1581 4627 Ecclesiae-mes.
1617 4570 1877 4625 solemnis
1910 4571 2057 4625 enim

483 4649 604 4711 erat
626 4638 935 4711 Epiphaniae
959 4639 1275 4711 baptismus.

557 4710 585 4750 ἀ
615 4710 851 4764 Litanias
877 4725 993 4762 vero
1015 4750 1028 4774 ,
1058 4717 1161 4764 etc.
1193 4710 1499 4765 Mandatum
1522 4711 1665 4766 istud
1687 4725 1792 4765 non
1818 4710 2060 4767 contine-

487 4789 574 4835 tur
599 4781 653 4834 in
685 4778 908 4851 epistola
931 4779 1174 4851 Gregorii
1209 4779 1272 4836 ll.
1300 4780 1482 4835 Videri
1517 4789 1697 4851 potest
1731 4781 2059 4851 praetermis-

484 4866 638 4915 sum,
662 4849 748 4905 vel
773 4849 1117 4921 librariorum
1144 4851 1373 4915 incuria,
1399 4851 1481 4905 vel
1509 4849 1763 4921 quoniam
1790 4849 2062 4906 scribeba-

485 4929 575 4976 tur
600 4921 668 4975 ad
689 4920 915 4990 populos
939 4931 1094 4976 extra
1117 4921 1323 4975 Italiam
1348 4920 1585 4989 positos,
1616 4920 1762 4989 apud
1784 4935 1945 4989 quos,
1968 4930 2063 4978 aut

485 4992 725 5045 nondum
750 4992 887 5047 ritus
908 4991 996 5047 ille
1020 4993 1357 5046 introductus
1382 4990 1580 5054 fuerat,
1602 4998 1697 5043 aut
1721 4997 1889 5055 certe,
1917 4993 2060 5059 quod

482 5061 655 5142 magis
687 5076 841 5142 reor,
886 5063 1105 5142 vigebat
1140 5067 1471 5142 constanter.
1513 5060 1658 5142 Quid
1693 5060 1737 5115 si
1783 5060 2061 5142 Episcopis

390 5171 391 5174 η
482 5129 650 5202 italia:
685 5131 738 5187 id
777 5148 841 5187 ea
885 5129 1215 5202 tempestate
1236 5129 1551 5202 impositum
1582 5139 1667 5186 est
1706 5129 2050 5198 mandatum,

481 5201 610 5270 quia
631 5201 912 5257 laudabilis
924 5199 1254 5271 consuetudo
1266 5213 1389 5271 cum
1404 5200 1765 5257 obsolesceret
1779 5211 2056 5271 pastorum

483 5265 830 5394 negligentia,
857 5268 1163 5341 Apostolica
1179 5265 1424 5334 jussione
1448 5272 1677 5327 excitari
1706 5265 1910 5328 debuit.

560 5352 584 5380 θ
666 5351 891 5394 armata.
936 5340 1014 5394 De
1054 5336 1302 5394 formatis
1343 5339 1539 5394 litteris
1579 5343 1910 5394 scripserunt

560 5336 584 5380 δ
611 5336 1302 5418 _Fo_mtata.'De_form_atis
1340 5339 1539 5418 litteris
1575 5343 1913 5418 scripserunt
1937 5344 2053 5418 Aviri

483 5412 780 5490 doctissimi
816 5419 960 5490 tres,
1003 5408 1297 5490 Batonius,
1318 5408 1707 5490 .Sirmondus;
1734 5413 2050 5490 Ferrarius,

483 5482 680 5552 quibus
737 5479 963 5538 accessit
1016 5492 1187 5552 nuper
1241 5479 1500 5538 Priorius.
1554 5485 1929 5539 Disseruerunt
1976 5484 2052 5541 illi

482 5548 653 5624 multa
676 5555 743 5608 de
764 5551 1063 5624 litterarum
1084 5548 1345 5624 ejusmodi
1373 5555 1590 5610 nomine
1614 5563 1667 5609 et
1690 5553 1893 5610 forma:
1919 5556 2048 5624 quin

481 5630 539 5705 et
564 5623 718 5705 plura
744 5616 1082 5705 protulerunt
1109 5616 1354 5705 exempla
1370 5663 1386 5689 ,
1405 5626 1696 5705 ‘praecipue
1730 5616 2051 5705 Sirmon‘ndus

484 5689 616 5748 tom.
648 5691 696 5748 ll
747 5689 1112 5746 Conciliorum
1164 5689 1366 5748 Galliae.
1405 5689 1786 5749 Verumtamen
1830 5696 1895 5751 de
1934 5693 2048 5749 for-

482 5763 644 5835 matis
669 5761 932 5831 Episcopo
955 5761 1095 5835 datis
1118 5776 1148 5815 a
1172 5776 1383 5835 summo
1406 5763 1668 5820 Pontiﬁce
1692 5772 1811 5835 post
1835 5765 2051 5819 ordina-

484 5832 716 5912 tionem,
740 5843 848 5912 nep
872 5831 1095 5912 memini
1119 5846 1205 5886 me
1228 5832 1405 5912 legere
1426 5836 1569 5912 apud
1593 5831 2049 5912 ipsosquidquam

486 5901 608 5958 huic
639 5899 830 5957 Diurni
867 5899 1111 5959 formula
1145 5899 1492 5973 respondens.
1536 5899 1661 5963 Daii
1704 5899 2051 5965 nihilominus

2168 2042 2512 2101 saeculorum.

2150 2216 2159 2223 1
2239 2133 2311 2187 Et
2337 2134 2649 2206 subscriptio
2670 2134 2807 2207 ejus.
2829 2133 2974 2190 Dens
2998 2148 3097 2190 vos
3122 2134 3413 2191 incolumes
3441 2134 3745 2202 custodiat,

2169 2225 2354 2285 dilecti
2381 2227 2558 2286 nobis.

2758 2342 3061 2402 TITULUS
3097 2343 3167 2401 Χ.

2387 2463 2412 2494 ο
2438 2452 2696 2510 Formam
2715 2495 2731 2522 ,
2759 2468 2920 2527 quam
2951 2453 2970 2494 ί
3007 2452 3194 2526 accipit
3222 2448 3532 2527 Episcopus.

2235 2584 2316 2643 lli.
2344 2584 2688 2662 Presbyteris
2739 2587 3072 2646 Diacouibus
3091 2630 3106 2658 ,
3137 2592 3192 2645 et
3214 2586 3366 2645 Plebi
3394 2589 3708 2647 consistenti
3733 2633 3750 2660 ,

2168 2733 2360 2823 solitas
2370 2734 2627 2823 dubitare
2648 2746 2754 2819 non
2777 2736 2903 2792 licet
2930 2752 3097 2823 :"nam
3113 2736 3314 2823 primm
3338 2735 3481 2820 sedis
3506 2736 3753 2823 exemplo

2167 2823 2199 2862 a
2216 2800 2467 2862 Patribus
2487 2807 2756 2865 Africanis
2783 2820 2924 2862 anno
2946 2800 3148 2863 Christi
3169 2807 3275 2863 402
3295 2807 3534 2863 sancitus
3556 2817 3639 2865 est
3665 2800 3754 2867 hic

2167 2892 2337 2950 canon
2357 2894 2422 2950 ξ’(
2450 2876 2659 2934 Placuit
2680 2919 2695 2945 ,
2724 2888 2784 2950 ut
2813 2879 3151 2950 quicumque
3164 2878 3508 2950 deincepsgab
3535 2880 3736 2950 Episco

2165 2948 2250 3019 pis
2274 2947 2592 3004 ordinantur
2618 2964 2714 3019 per
2739 2947 3068 3005 Provincias’
3082 2947 3396 3014 Africanas,
3426 2947 3638 3007 litteras
3666 2966 3732 3008 ac

2166 3019 2372 3091 cipiant
2405 3020 2474 3076 ab
2515 3018 2916 3091 ordinatioribus
2950 3020 3064 3078 suis
3091 3030 3255 3076 manu
3282 3031 3469 3076 eorum
3514 3023 3757 3079 conscri-

2164 3090 2318 3160 ptas,
2346 3091 2684 3160 continentes
2710 3090 2996 3148 Consulem
3031 3099 3086 3146 et
3117 3092 3293 3159 diem,
3321 3099 3381 3147 ut
3416 3090 3563 3147 nulla
3587 3093 3754 3149 alter-

2166 3156 2311 3216 catio
2351 3156 2418 3215 de
2454 3162 2843 3230 posterioribus
2877 3170 2933 3219 et
2963 3156 3324 3218 anterioribus
3359 3161 3586 3218 oriatur.
3620 3183 3639 3217 ι

2235 3232 2603 3304 Bernardinus
2647 3232 2928 3304 Ferrarius
2972 3232 3142 3304 refert
3183 3234 3402 3304 quidem
3441 3248 3509 3288 ex
3547 3234 3755 3293 Ordine

2091 3289 2137 3353 C
2167 3302 2416 3377 Romano
2457 3301 2706 3377 formam!
2732 3302 2995 3377 ejusmodi
3039 3289 3755 3377 litterarum,‘_quammox

2168 3373 2544 3461 cernamus
2571 3391 2584 3461 ς
2615 3373 2868 3461 saepe}!
2892 3376 3059 3461 habes
3090 3375 3165 3461 .de
3204 3373 3601 3461 Archidamo:
3633 3375 3759 3461 se

2168 3445 2458 3514 scriptione
2476 3485 2505 3528 ,.
2521 3460 2646 3501 cum
2686 3444 2985 3528 dimitteret
3010 3444 3333 3531 Episcopum
3360 3461 3373 3475 '
3407 3446 3541 3501 nihil
3568 3447 3633 3502 de
3665 3448 3754 3505 die

2166 3514 2559 3601 Paschati‘sniis
2601 3516 2735 3601 ipsrs
2776 3514 3022 3601 formatis
3064 3489 3454 3601 adsgrljbeudo‘,
3478 3518 3756 3601 “quamvis

2167 3584 2356 3644 Patres
2393 3584 2641 3644 Africani
2676 3588 2972 3644 sancierint
3008 3603 3126 3644 can.
3170 3584 3291 3651 106,
3326 3603 3345 3636 ι
3375 3594 3443 3656 ut
3476 3584 3753 3656 formatae,

2205 3672 2301 3729 uae,
2326 3671 2357 3729 a
2397 3656 2728 3715 Primatibus
2768 3659 2853 3714 vel
2896 3674 2928 3729 a
2966 3657 3391 3729 quibuscumque
3434 3655 3713 3729 Episcopis

2205 3672 2285 3712 use
2326 3671 2357 3712 a
2399 3668 2728 3715 Primatibus
2768 3668 2853 3714 vel
2896 3674 2928 3714 a
2966 3668 3391 3729 quibuscumque
3434 3668 3476 3711 rs
3518 3668 3713 3725 iscopis

2165 3668 2388 3801 glericis
2411 3730 2646 3801 propriis
2672 3731 2885 3801 dantur,
2901 3728 3137 3801 habeant
3161 3728 3304 3801 diem
3328 3672 3571 3783 Pascliie.
3595 3700 3753 3801 Quod

2166 3799 2211 3853 si
2236 3797 2670 3870 adhuc'eju'sdem
2699 3802 2823 3856 anni
2844 3798 3067 3857 Pascha:
3090 3799 3205 3856 dies
3232 3799 3484 3870 incertus
3505 3805 3625 3870 est,
3657 3797 3752 3870 ille

2162 3868 2475 3939 praecedens
2499 3872 2841 3942 adjungatur,
2870 3871 3147 3942 quomodo
3167 3868 3309 3942 solet
3330 3879 3454 3942 post
3489 3868 3751 3925 Consula-

2164 3938 2279 3992 tum
2308 3941 2542 4011 publicis
2567 3938 2745 4011 ’gesiis
2778 3938 3033 4011 adscribi.
3070 3960 3089 3991 ι
3121 3939 3198 3993 De
3224 3938 3487 4011 formatis
3532 3948 3746 4004 tamen,

2164 4023 2284 4080 qua;
2320 4009 2600 4080 Episcopo
2616 4018 2737 4079 post
2768 4010 3173 4080 ordinationem
3205 4009 3484 4071 darentur,
3513 4023 3621 4065 non
3652 4026 3751 4080 pe-

2165 4076 2317 4150 rinde
2332 4076 2533 4147 iubent
2550 4098 2563 4134 :
2594 4076 2735 4150 quod
2761 4080 2828 4133 ad
2854 4079 2995 4132 diem
3022 4076 3263 4141 Paschaa,
3287 4087 3559 4150 servatum
3584 4076 3750 4135 nihil-

2164 4149 2397 4273 ﬁgimus.
2422 4150 2476 4203 in
2501 4150 2587 4204 his
2611 4148 2775 4205 etiam
2800 4161 3144 4204 communem
3166 4161 3372 4202 morem
3394 4148 3654 4207 discimus
3676 4167 3747 4208 ex

2183 4236 2198 4273 ι
2242 4235 2300 4272 ro
2385 4235 2562 4273 llll‘no.

2183 4235 2300 4273 ΙΙ)Γο
2338 4235 2562 4274 υιυινηο.

2233 4288 2340 4345 Sed
2355 4288 2509 4358 juvat
2525 4304 2591 4344 ex
2612 4288 2815 4345 Ordine
2834 4289 3079 4346 Romano
3098 4282 3385 4345 i‘orntatam
3409 4286 3719 4349 describere

2162 4368 2222 4443 με
2262 4335 3201 4448 gramm;senatus};
3223 4335 3749 4448 arranging;

2155 4431 2488 4503 jamudictis,
2522 4430 2576 4486 id
2605 4438 2804 4499 totum,
2825 4430 2983 4503 'quod
3005 4439 3091 4488 est
3118 4434 3185 4489 de
3210 4432 3477 4503 ejusmodi
3506 4430 3739 4501 litteris,

2162 4500 2515 4571 intelligatur.
2855 4500 2873 4503 “
3240 4500 3251 4503 ’
3710 4520 3713 4523 π

2562 4611 2820 4669 Formam
2853 4614 3111 4688 Episcopo
3145 4615 3348 4673 danda.

2230 4703 2610 4760 Dilectissimis
2641 4704 2904 4761 fratribus
2925 4714 2981 4761 et
3004 4706 3147 4773 filiis,
3166 4706 3527 4773 Presbyteris,
3557 4707 3747 4763 Diaco-

2155 4775 2347 4841 nibus,
2375 4774 2620 4841 Clericis,
2648 4775 2937 4832 Honoratis
2959 4786 3012 4833 et
3033 4774 3472 4843 Possessoribus,
3499 4777 3583 4832 vel
3611 4794 3746 4832 cun.

2155 4855 2260 4902 eta:
2297 4846 2445 4902 Plebi
2481 4846 2559 4901 ιιι.
2590 4847 2846 4903 Ecclesia:
2870 4848 2950 4902 lli.
2987 4850 3280 4905 auxiliante
3305 4849 3534 4905 Domino
3554 4846 3746 4905 Archi-

2156 4918 2446 4988 episcopus
2468 4927 2671 4974 sanctae
2688 4919 2844 4975 Sedis
2865 4919 3172 4975 Catholicae.

2227 4982 2556 5044 Electionem
2597 4998 2834 5045 vestram
2875 4990 3006 5061 Deci
3023 4991 3457 5061 aceeptissimsm
3496 5003 3741 5061 compro-

2156 5059 2371 5124 bantes,
2396 5061 2573 5115 virum
2597 5060 2964 5132 venerabilem
2988 5060 3067 5116 lli.
3095 5059 3350 5132 in'primo
3373 5060 3563 5132 ordine
3581 5060 3739 5116 vobis

2160 5132 2600 5186 consecravimus
2624 5129 2975 5187 Sacerdotem
2994 5171 3011 5196 ,
3033 5129 3262 5202 ideoque
3285 5131 3626 5202 dilectionem
3649 5144 3744 5184 ve-

2157 5208 2328 5256 stram
2357 5202 2585 5257 sollicite
2610 5216 3049 5267 commonemus,
3078 5211 3140 5256 ut
3164 5200 3483 5272 pmdietum
3523 5200 3617 5254 tali
3648 5216 3742 5272 vcf

2157 5272 2440 5341 neratione
2467 5273 2680 5337 colatis,
2695 5288 2801 5341 qua
2830 5288 2955 5327 eum
2980 5272 3133 5341 vobis
3156 5271 3405 5329 voluistis
3427 5271 3741 5327 consecrari

2156 5339 2474 5413 Pontiﬁeem
2499 5360 2509 5395 :
2546 5338 2896 5413 quamobrem
2926 5343 3085 5398 talem
3115 5338 3333 5399 Missum
3363 5342 3506 5413 sedis
3534 5350 3740 5413 nostra:

2156 5411 2475 5478 direximus,
2514 5410 2587 5484 ut
2611 5413 2815 5482 optime
2848 5414 3049 5484 placuit
3079 5423 3281 5470 sancte
3319 5411 3560 5484 Synodo,
3598 5410 3732 5484 Epi-

2157 5497 2380 5554 scopum
2413 5484 2531 5537 siue
2566 5482 2798 5538 formata
2834 5482 3038 5553 suscipi
3084 5500 3193 5539 non
3224 5482 3457 5547 debere,
3495 5496 3603 5537 non
3636 5482 3739 5537 ob-

2157 5567 2316 5609 scura
2348 5561 2441 5609 aut
2464 5552 2628 5608 dubia
2656 5563 2785 5609 nota
2811 5556 3170 5610 ordinationis
3194 5555 3453 5610 incurrat.

2230 5624 2339 5697 73
2359 5625 2476 5697 ligo
2500 5623 2922 5697 lll._recognovi.
2951 5625 3031 5679 lli.
3061 5627 3118 5680 in
3142 5624 3484 5682 ordinatione
3512 5624 3593 5681 ill.
3624 5620 3734 5685 Bo-

2157 5693 2336 5766 διφφίὼ
2357 5693 2607 5766 Episcopi
2633 5693 3091 5766 conscripserunt.

2229 5764 2666 5904 φῇ)εὲὲέἱὲθὲξὲ
2668 5766 2733 5890 irate
2742 5765 3166 5904 15112139218323:
3173 5801 3311 5904 ipso,
3335 5845 3395 5892 ut
3422 5838 3477 5893 in
3505 5836 3735 5893 formata

2337 5851 2510 5901 εειριι.
2542 5851 2657 5889 1V0!)
2684 5852 2716 5890 a
2742 5851 3152 5901 MCII‘OPOIIIaDO
3173 5851 3311 5901 IPSO,
3335 5851 3395 5892 ut
3422 5854 3477 5893 ιιι
3505 5851 3678 5893 turma

2237 5851 2251 5872 ι
2274 5851 2510 5960 arma".
2542 5851 2657 5916 non
2684 5852 2716 5890 a
2742 5851 3152 5918 metropoutano
3173 5851 3311 5907 ipso,
3335 5851 3395 5892 ut
3422 5854 3477 5893 in
3505 5851 3735 5920 tot-mata

2158 5903 2374 5961 Ordinis
2450 5921 2629 5962 omam
2656 5944 2672 5971 ,
2703 5904 2798 5962 sed
2826 5906 2893 5961 ab
2914 5904 3317 5965 Archuhacono
3345 5906 3603 5965 Eeclesue
3625 5907 3736 5964 Roe-
