4062 6440
293 363 362 424 ἸΊ
1261 355 1451 415 ιιοιιΑ
1461 356 1702 414 NORUM
1741 344 1873 413 ΡΟΝ

1982 353 2179 410 'lCU-M.
2233 382 2302 394 —
2341 351 2490 407 CAP.
2532 349 2618 406 Ill.
2918 358 2926 364 ’
3487 348 3557 406 78

287 478 367 536 lli.
397 473 657 531 fratribus
679 472 940 542 salutem,-
964 487 991 516 ι
1021 488 1118 546 per
1139 473 1480 530 carissimum
1509 481 1755 526 nostrum
1785 471 1866 524 lll.
1897 474 1950 536 Α

287 568 651 638 Episcopum,
695 564 802 637 75
830 566 1126 622 salutamus
1167 580 1298 632 vos,
1340 561 1610 620 carissimi
1652 562 1863 618 nostri:

288 676 385 717 vos
424 661 590 715 etiam
620 659 792 715 nostri
821 660 1076 716 salutant.

363 753 433 812 Et
459 752 772 822 subscriptio
802 752 938 824 ejus.
951 751 1096 808 Bene
1115 749 1549 818 valete,fratres,
1570 750 1622 805 in
1653 748 1870 804 nomine

294 843 527 902 Domini.
571 841 912 898 Dominicum
954 843 1059 899 erit
1089 842 1295 900 Pascha
1326 844 1412 899 die
1440 843 1520 896 lli.
1557 841 1760 896 mensis
1785 839 1865 895 lli.

293 935 595 991 indictione
623 931 701 987 ιιι.

367 1025 694 1096 Subscriptia
733 1025 1122 1084 Anhidiasani.
1164 1026 1245 1083 lli.
1280 1026 1726 1086 Archidiaconus'
1749 1040 1874 1080 san-

294 1129 397 1178 cta
425 1119 571 1174 sedis
607 1117 934 1190 Apostolica:
971 1120 1268 1191 subscripsi
1298 1129 1354 1176 et
1381 1121 1582 1177 dimisi.
1620 1119 1756 1174 Data
1785 1119 1872 1173 die

291 1209 377 1267 ιιι.
415 1211 622 1266 mensis
648 1211 730 1266 ιιι.
761 1211 791 1254 h
819 1211 1121 1281 imperante
1144 1212 1224 1268 ιιι.
1250 1219 1374 1283 post
1411 1211 1574 1270 Cous.
1612 1209 1694 1268 ιιι.
1730 1208 1875 1266 indi-

294 1305 475 1361 ctione
497 1304 580 1360 ιιι.

871 1405 1171 1472 τιτυιυδ
1213 1415 1305 1470 ιιι.

290 1526 587 1604 Synudale,
617 1538 671 1585 ut
697 1527 969 1654 :piscopus
999 1529 1217 1584 alterius
1247 1529 1471 1584 civitatis
1517 1531 1574 1584 in
1619 1528 1728 1584 alia
1780 1527 1882 1583 Ec-

745 1603 854 1654 esia
885 1603 1048 1654 possit
1079 1611 1101 1640 ι
1135 1602 1481 1654 incardinari.

745 1603 854 1656 θεία
884 1603 1048 1673 possit
1079 1611 1101 1640 ι
1135 1602 1481 1655 incardinari.

361 1736 543 1804 Clero,
565 1735 754 1794 Ordini
772 1778 787 1804 ,
809 1746 866 1796 et
885 1736 1036 1793 Plebi
1065 1737 1386 1794 consistenti
1405 1735 1486 1792 ill.
1513 1734 1880 1792 dilectissimis

291 1829 417 1886 filiis
448 1831 503 1886 in
534 1831 762 1887 Domino
792 1829 1042 1886 salutem.

357 1921 427 1978 Et
456 1923 718 1996 temporis
741 1923 1037 1980 necessitas
1061 1938 1159 1978 nos
1184 1929 1436 1994 perurget
1454 1964 1468 1987 ,
1495 1929 1548 1976 et
1573 1920 1876 1976 imminutio

287 2014 456 2085 exigit
482 2031 837 2086 personarum
859 2057 874 2080 ,
904 2024 961 2070 ut
982 2013 1534 2070 destitutae'Ecclcsize
1562 2024 1759 2070 vestrae
1789 2030 1877 2069 sa-

289 2107 432 2163 lubri
456 2107 753 2164 debeamus
777 2108 882 2182 77
907 2108 1258 2181 dispositione
1289 2124 1631 2175 succurrere,
1654 2116 1709 2166 et
1732 2107 1876 2176 ideo,

287 2206 588 2263 secundum
611 2205 937 2262 desiderium
961 2214 1202 2262 vestrum
1220 2245 1236 2270 ,
1259 2204 1484 2260 fratrem
1514 2214 1569 2259 et
1592 2203 1878 2276 Coepisco-

288 2315 418 2372 pum
439 2310 686 2356 nostrum
704 2300 783 2354 ιιι.
801 2299 956 2370 cujus
978 2299 1222 2358 Ecclesia
1245 2310 1329 2360 est
1353 2301 1421 2355 ab
1443 2301 1690 2355 hostibus
1716 2316 1878 2356 occu-

288 2404 435 2464 pata,
466 2393 495 2433 ά
525 2394 870 2451 Cardinalem
896 2403 1093 2449 vestrae
1121 2393 1410 2460 Ecclesiae,
1445 2395 1585 2448 sicut
1609 2395 1875 2464 petiistis,

288 2487 672 2543 constituimus
685 2486 1036 2542 Sacerdotem
1059 2505 1069 2540 :
1096 2493 1364 2557 quatenus
1379 2501 1490 2549 vos,
1502 2485 1611 2540 Deo
1624 2486 1875 2556 prepitio,

286 2589 345 2637 et
365 2580 664 2638 ordinando
684 2590 739 2637 et
759 2579 1032 2652 vigilando
1058 2579 1287 2635 sollicite
1313 2578 1528 2634 studeat
1553 2577 1876 2651 gubernare,

294 2685 320 2714 ο
348 2675 434 2730 cui
468 2675 710 2730 dedimus
739 2673 793 2730 in
822 2673 1111 2738 mandatis,
1144 2687 1212 2728 ne
1242 2688 1484 2744 unquam
1510 2671 1880 2729 ordinationes

282 2775 581 2838 praesumat
609 2766 856 2832 illicitas,
888 2774 994 2821 etc.
1026 2761 1327 2820 secundum
1358 2778 1588 2818 morem.

286 2914 497 2964 manas,
534 2898 624 2968 qui
655 2898 979 2968 Episcopum
1007 2904 1384 2968 consecratum
1414 2894 1690 2968 dimittens
1719 2894 1882 2968 dabat

359 2986 386 3024 r
413 2965 788 3026 eum—litteras
821 2965 891 3024 ad
927 2966 1174 3032 Clerum,
1212 2976 1272 3021 ut
1306 2967 1372 3021 de
1410 2965 1753 3022 ordinatione
1793 2965 1877 3026 sui

285 3033 581 3109 Praesulis,
613 3039 1082 3110 ordinationisque
1117 3033 1418 3106 adjunctis,
1466 3036 1757 3092 certiorem
1799 3035 1881 3090 fa-

285 3120 435 3167 CBI'Cf

2539 454 2840 518 TITULUS
2868 460 2981 516 XII.

2193 557 2520 628 Pra’ceptum
2563 555 2585 594 ί
2627 560 2690 610 de
2729 554 3028 610 adunandis
3065 553 3337 608 Ecclesiis.

2046 651 2338 722 Postquam
2367 648 2578 703 hostilis
2607 647 2858 718 impietas
2883 647 3218 701 diversarum
3241 641 3518 700 civitatum
3539 685 3556 712 ,

1973 741 2051 797 ita
2085 741 2321 812 peccatis
2351 739 2704 804 facientibus,
2734 737 2995 792 desolavit
3038 735 3340 797 Ecclesias,
3375 742 3433 788 ut
3471 750 3558 788 re-

1975 835 2203 906 parandi
2244 849 2336 889 cas
2381 847 2504 903 spes
2545 830 2724 894 nulla,
2757 829 2954 901 populo
2993 827 3307 893 deficiente,
3343 839 3560 881 reman-

1977 929 2112 983 serit
2141 946 2154 981 :
2187 928 2379 998 majori
2403 923 2560 981 valde
2586 939 2716 980 cura
2737 923 3160 994 constringimur
3187 921 3426 993 cogitare
3443 959 3458 984 ,
3488 933 3558 972 ne

1975 1019 2247 1076 defunctis
2275 1035 2464 1074 earum
2495 1016 2877 1073 Sacerdotibus
2898 1055 2911 1082 ,
2937 1015 3184 1086 reliquiae
3204 1013 3380 1084 plebis
3407 1011 3557 1067 nullo

1975 1115 2210 1188 pastoris
2253 1114 2620 1174 moderamine
2655 1113 2680 1152 ⁸
2711 1112 3052 1183 gubernatte,
3085 1109 3112 1148 ιι
3139 1124 3240 1178 per
3268 1106 3557 1173 invidiam,

1979 1205 2102 1262 fidei
2132 1205 2306 1259 hostis
2337 1201 2550 1266 callidi,
2583 1201 2726 1272 quod
2751 1199 2924 1263 absit,
2958 1199 3237 1268 rapiantur
3267 1195 3500 1252 insidiis.

2051 1295 2222 1365 Hujus
2267 1309 2398 1364 ergo
2435 1293 2516 1348 rei
2559 1291 2918 1347 sollicitudine
2949 1305 3092 1360 saepe
3128 1290 3144 1330 ί
3181 1287 3558 1354 commonitis,

1978 1390 2122 1446 sedit
2149 1387 2299 1443 cordi
2329 1387 2439 1456 78
2466 1385 2751 1441 consilium
2771 1424 2785 1448 ,
2817 1389 2876 1437 ut
2902 1383 3096 1437 vicinis
3120 1397 3212 1435 eas
3245 1379 3257 1430 i
3301 1379 3561 1434 mandare

1980 1483 2276 1538 debeamus
2302 1477 2653 1532 Antistitibus
2677 1474 3056 1546 gubernandas
3073 1514 3087 1538 ,
3113 1473 3340 1541 ideoque
3365 1470 3562 1525 frater-

1979 1578 2135 1634 uitali
2173 1585 2281 1630 tua:
2317 1588 2506 1629 curam
2545 1569 3100 1643 gubernationemque
3129 1567 3156 1606 k
3184 1566 3262 1620 ιιι.
3308 1563 3562 1622 Ecclesia:

1989 1668 2010 1710 ι
2040 1667 2376 1740 providimus
2401 1662 2878 1724 committendam,
2907 1674 3071 1730 quam
3108 1657 3274 1712 etiam
3316 1663 3418 1710 tuae
3457 1653 3560 1708 Ec—

1983 1761 2163 1816 clesiae
2191 1769 2231 1797 ιιι
2253 1764 2597 1828 aggregatam
2639 1766 2760 1808 esse
2799 1748 3180 1807 constituimus
3215 1761 3280 1801 ac
3319 1744 3524 1799 unitam
3545 1783 3562 1809 ,

1905 1830 1955 1890 Β
1983 1857 2252 1922 quatenus
2282 1854 2638 1913 utrarumque
2665 1841 3030 1897 Ecclesiarum
3075 1837 3339 1892 Sacerdos
3383 1843 3528 1890 recte
3547 1875 3563 1901 ,

1981 1941 2202 1996 Christo
2225 1937 2497 2007 adiutore,
2522 1934 2700 2006 possis
2720 1932 2958 1989 existere
2973 1970 2987 1994 ,
3015 1939 3070 1984 et
3091 1943 3443 2000 quaecumque
3470 1926 3567 1982 tibi

1981 2031 2048 2087 de
2091 2031 2208 2100 ejus
2248 2025 2608 2099 patrimonio,
2660 2023 2746 2080 vel
2787 2023 2854 2078 de
2899 2020 3045 2076 Cleri
3083 2018 3424 2075 ordinatione
3468 2033 3566 2072 seu

1982 2119 2358 2191 promotione,
2389 2114 2638 2187 vigilanti
2667 2129 2731 2169 ac
2760 2111 3020 2169 canonica
3051 2111 3166 2164 visa
3208 2108 3410 2164 fuerint
3437 2122 3572 2162 cura

1983 2214 2308 2282 disponere,
2352 2208 2551 2280 quippe
2593 2212 2652 2261 ut
2689 2204 2939 2276 proprius
2970 2195 3296 2272 Episc0pus,
3337 2199 3567 2254 liberum

1982 2304 2218 2369 habeas,
2247 2318 2313 2356 ex
2341 2297 2592 2371 praesenti
2625 2305 2812 2352 nostra
2841 2305 2868 2332 ιι
2897 2293 3218 2350 auctoritate
3243 2291 3538 2350 licentiam.

2057 2393 2419 2462 Quapropter,
2464 2388 2635 2443 frater
2674 2385 3024 2451 charissime,
3055 2383 3449 2438 dominicorum
3479 2383 3568 2438 re-

1983 2487 2280 2543 miniscens
2310 2483 2602 2540 salubriter
2630 2481 3041 2542 mandatorum,
3073 2478 3148 2532 ita
3180 2477 3238 2531 in
3263 2477 3570 2533 commissa

1983 2577 2157 2650 plebis
2208 2575 2502 2648 regimine,
2554 2571 2937 2642 lucrandisque
2984 2570 3268 2624 animabus
3311 2569 3566 2640 invigila,

1988 2676 2014 2705 °
2040 2678 2098 2725 ut
2125 2665 2449 2738 redemptori
2478 2669 2667 2721 uestro
2693 2664 2927 2720 fructum
2955 2663 3112 2720 bona:
3135 2662 3485 2733 operationis,
3514 2663 3571 2718 in

1987 2780 2098 2838 quo
2129 2761 2300 2817 laetari
2329 2757 2540 2831 possis,
2573 2758 2850 2814 exhibeas.

2028 2902 2204 2956 tivat:e
2224 2899 2498 2970 Lyssianm
2519 2897 2763 2970 civitatis
2793 2897 3118 2970 Episcopum
3154 2897 3210 2950 in
3247 2895 3570 2967 Squillitana

2009 2971 2228 3028 Ecclesia
2270 2968 2615 3026 Cardinalem
2668 2981 2891 3023 necesse
2943 2968 3194 3022 duximus
3242 2970 3572 3024 constituere

1988 3041 2337 3110 Sacerdotem
2360 3082 2374 3106 ,
2407 3048 2460 3094 ut
2498 3049 2805 3110 susceptam
2843 3039 3008 3110 semel
3045 3038 3347 3110 animarum
3385 3053 3572 3094 curam

1988 3114 2186 3170 intuitu
2226 3109 2419 3167 futurae
2443 3108 2818 3168 retributionis
2852 3109 3118 3180 impleas:
3157 3118 3210 3164 et
3245 3108 3374 3180 licet
3407 3113 3438 3164 a
3477 3115 3571 3164 tua

361 3196 387 3226 ⁸
431 3181 538 3261 Ρεεν
567 3182 1220 3261 ρανίεδίτηιιητηζιοδινυζηχ
1246 3179 1304 3261 εξ
1341 3183 1648 3261 verane-“ﬁet
1677 3169 1877 3261 Ῑθοιῖον
1909 3197 1954 3261 ρ
1987 3169 2232 3242 Ecclesia
2267 3183 2341 3238 sis
2374 3183 2529 3261 hoste
2568 3182 2883 3261 imminente
2911 3169 3194 3261 depulsus,
3231 3179 3425 3261 aliam,
3453 3197 3574 3252 quas

283 3253 521 3333 notanda
550 3253 700 3333 nforet
739 3253 875 3308 mira
910 3251 1000 3333 illa
1037 3251 1309 3333 carissimi
1333 3249 1669 3333 appellatio}.
1692 3257 1881 3305 osten-

285 3325 441 3395 deret
477 3324 656 3395 enitn,
698 3334 914 3395 quantae
951 3322 1113 3395 fuerit
1141 3321 1422 3395 dignitatis
1451 3321 1879 3395 Archidiaconus

282 3394 497 3461 Romae,
518 3393 610 3465 qui
627 3391 788 3466 quém
811 3410 1053 3449 summus
1075 3391 1320 3466 Pontifex
1345 3392 1740 3446 dilectissimum
1771 3391 1880 3466 [ra-

283 3475 421 3520 trem
449 3463 669 3522 vocaret
694 3466 1025 3522 carissimum
1052 3481 1207 3518 suum
1237 3464 1417 3518 dicere
1446 3469 1732 3520 contentus
1762 3463 1832 3518 sit
1860 3480 1874 3516 :

283 3538 381 3593 sed
410 3537 598 3604 procul
628 3537 792 3592 dubio
827 3545 1082 3604 corrupta
1114 3544 1229 3601 est,
1267 3543 1322 3590 et
1361 3529 1744 3604 librariuspro
1777 3551 1876 3600 eo,

283 3603 434 3676 quod
461 3608 641 3676 reipsa
670 3607 929 3676 scriptum
956 3603 1075 3660 erat
1099 3606 1164 3659 de
1188 3621 1361 3676 more,
1391 3603 1877 3676 revereudissimum

283 3674 519 3732 uestrum
547 3674 886 3746 Episcopum,
903 3676 1188 3746 intendens
1207 3674 1412 3746 temere
1434 3674 1632 3746 oculos
1663 3675 1722 3746 in
1746 3674 1878 3726 sub-

278 3742 609 3816 sequentem
646 3742 875 3810 lineam,
913 3745 966 3798 in
996 3761 1102 3816 qua
1139 3755 1221 3816 est
1260 3742 1518 3816 carissimi
1558 3743 1722 3816 nostri
1737 3757 1880 3816 ,_po-

279 3812 394 3874 suit
422 3817 756 3876 carissimum
785 3812 1040 3869 nostrum.
1071 3814 1209 3884 Quid
1236 3813 1379 3867 enim
1402 3812 1878 3884 _a_bsurdius,Epi-

283 3903 515 3957 scopum
548 3903 653 3957 non
687 3881 1166 3957 honorificentius,
1197 3900 1358 3954 quam
1389 3881 1626 3938 Clericos
1658 3883 1879 3938 inferio-

283 3958 368 4016 ris
386 3954 606 4012 ordinis
632 3954 941 4025 compellari
967 3955 988 4006 ἱ)

359 4027 386 4068 b
425 4025 724 4098 Imperante
753 4021 885 4098 Ἶιι.Δ
913 4034 1027 4098 post
1080 4022 1426 4098 Consulatum
1477 4021 1592 4098 ΙΙΙ.Δ
1616 4023 1874 4080 Formata

284 4097 455 4168 igitur
484 4094 599 4152 haec
628 4094 1144 4168 nsitataAfuit,‘cum
1181 4095 1359 4150 adhuc
1391 4095 1448 4149 in
1483 4095 1626 4168 notis
1662 4103 1871 4168 tempo-

285 4165 409 4228 rum
441 4168 788 4224 adhiberetur
815 4165 1170 4232 Consulatus,
1204 4174 1294 4220 aut
1323 4173 1470 4221 certe
1502 4165 1876 4221 Postconsula-

283 4249 394 4294 tus.
427 4238 688 4296 Adhiberi
716 4254 846 4293 vero
873 4237 1069 4300 desiit,
1119 4237 1412 4292 inclinante
1445 4243 1599 4292 sexto
1637 4236 1872 4302 saeculo;

284 4325 460 4381 quare
515 4309 630 4364 haec
683 4307 913 4381 formula
943 4318 1088 4381 ante
1118 4305 1607 4381 _G_regorii_l\lagni
1659 4314 1876 4360 aetatem

285 4373 655 4450 tisurpabatur
682 4401 696 4436 :
730 4377 838 4434 imo
869 4379 1081 4450 videtur
1110 4373 1711 4450 fuisséantiquissima,
1745 4394 1874 4450 prof

283 4446 514 4523 priadue
539 4453 790 4506 omnibus
814 4449 1146 4523 temporibus
1163 4446 1426 4523 Ecclesiae
1451 4446 1706 4523 Romanae
1734 4446 1878 4523 {etsi

283 4517 470 4593 varias
496 4521 848 4593 consignandi
873 4517 1032 4593 uetas
1060 4519 1228 4593 variis
1255 4519 1504 4593 aetatibus
1534 4517 1800 4593 habuerit.

361 4605 381 4631 ε
428 4587 786 4648 Ιηεαιοάὶἦανὶ.
828 4587 972 4646 idem
1010 4599 1095 4644 est
1131 4589 1234 4646 hoc
1269 4589 1323 4643 in
1373 4589 1490 4644 loco
1507 4630 1535 4658 ,ί
1561 4589 1703 4658 quod
1748 4607 1876 4644 cum

282 4663 568 4718 ordinaria
604 4667 901 4731 potestate,
939 4671 993 4716 et
1028 4659 1174 4715 velut
1207 4657 1874 4731 propriumSacerdotem

282 4733 492 4857 praefici
525 4730 780 4789 Ecclesiae
807 4730 977 4786 viduae
1007 4747 1129 4785 eum
1149 4771 1163 4794 ,
1194 4730 1285 4802 qui
1316 4747 1470 4786 suam
1496 4730 1876 4787 invadentibus

323 4804 539 4857 arbaris
570 4805 768 4857 amisit.
804 4802 925 4856 Dixi
945 4842 959 4857 .
990 4799 1092 4855 hoc
1117 4802 1171 4856 in
1198 4801 1315 4855 loco
1345 4821 1356 4855 :
1391 4818 1515 4855 nam
1546 4801 1876 4856 incardinari

323 4804 539 4858 arbaris
570 4805 768 4860 amisit.
804 4802 925 4856 Dixi
945 4842 959 4868 ,
990 4799 1092 4855 hoc
1117 4802 1171 4856 in
1198 4799 1315 4855 loco
1345 4821 1356 4855 :
1391 4818 1515 4855 nam
1546 4801 1876 4856 incardinari

283 4875 507 4944 proprie
537 4883 622 4931 est
651 4874 810 4932 alicui
857 4871 1112 4927 Ecclesiae
1143 4881 1418 4944 tanquam
1457 4873 1736 4943 proprium
1769 4871 1874 4928 Sa-

285 4933 606 5024 cerdotem,
666 4945 1091 5024 Presbyﬁrum,
1140 4933 1434 5024 Diacenum
1459 4933 1655 5024 'atque
1693 4944 1874 5024 etiam

289 5013 698 5072 Subdiaconum
748 5013 964 5080 addici;
1016 5021 1100 5068 est
1150 5015 1332 5068 autem
1383 5013 1875 5081 incardinationis,

287 5087 782 5155 commendationis
805 5093 860 5141 et
884 5083 1255 5155 ordinationis,
1287 5099 1394 5138 non
1420 5101 1583 5155 parva
1610 5083 1871 5140 affinitas:

287 5153 581 5212 intercedit
628 5166 809 5214 tamen
873 5158 978 5213 hoc
1024 5153 1348 5225 discrimen,
1389 5153 1532 5225 quod
1570 5155 1877 5210 incardina-

288 5226 365 5280 tio
416 5228 627 5284 valeret
674 5237 918 5291 tantum,
969 5225 1138 5281 donec
1185 5223 1426 5282 Ecclesia
1479 5226 1805 5280 incardinati
1843 5243 1875 5280 a

287 5295 542 5370 barbaris
568 5307 828 5370 occupata
857 5298 1218 5370 liberaretur;
1253 5297 1670 5370 commendatio,
1705 5296 1876 5370 donec

287 5365 592 5440 Episcopus
630 5365 722 5424 aut
754 5369 1116 5440 ordinaretur,
1157 5377 1252 5422 aut
1287 5369 1689 5440 remitteretur;
1731 5368 1877 5440 ordi-

288 5442 441 5511 natio
465 5437 783 5511 perpetuum
800 5437 893 5507 jus
915 5437 1160 5502 afferret,
1186 5449 1610 5508 perpetuumque
1639 5439 1874 5511 vicissim

290 5508 658 5568 debitu—mild
706 5518 921 5568 constat
967 5517 1078 5562 tum
1128 5524 1193 5561 ex
1245 5519 1439 5564 natura
1477 5510 1874 5574 ordinationis,

290 5583 437 5648 quod
485 5598 704 5638 sacrum
754 5581 1034 5652 quoddam
1077 5587 1160 5652 est
1205 5580 1546 5650 conjugium,
1588 5579 1772 5652 simile
1821 5581 1876 5652 ei

331 5653 437 5706 uod
478 5654 531 5707 in
568 5648 789 5708 Christd
825 5663 881 5708 et
913 5648 1152 5705 Ecclesia
1187 5658 1309 5712 est;
1345 5648 1457 5704 tum
1493 5665 1560 5704 ex
1587 5649 1784 5706 litteris
1815 5649 1872 5706 S.

341 5725 540 5792 reges-ii
559 5723 946 5780 incardinantis
965 5730 1019 5776 et
1033 5721 1479 5792 commendantis.
1498 5719 1587 5775 Sic
1609 5721 1696 5775 ille
1716 5722 1878 5792 igitur

296 5738 400 5777 ure
438 5738 540 5780 orn
559 5738 946 5780 mcarmnanns
965 5738 1019 5776 et
1034 5738 1479 5776 commendantis.
1498 5738 1587 5775 Sic
1609 5738 1696 5775 nte
1716 5738 1878 5792 igitur

296 5793 365 5866 ad
388 5738 658 5854 ﬂentium
678 5794 975 5866 Lyssitanae
999 5787 1254 5866 Ecclesiae
1278 5808 1307 5845 a
1335 5791 1581 5866 barbaris
1604 5800 1879 5866 occupatae

300 5861 615 5922 Antistitem
642 5884 653 5918 :
686 5860 1027 5936 (Propterea
1055 5870 1107 5918 te
1131 5860 1392 5920 Joannem
1424 5862 1491 5916 ab
1518 5860 1762 5920 hostibus
1791 5880 1879 5919 ca-

1985 3265 2205 3328 pastore
2239 3249 2758 3328 vacat,_Ecclesi_am
2798 3253 2968 3328 debes
2981 3249 3336 3328 gubernare:
3372 3249 3443 3307 ita
3471 3249 3569 3328 ta-

1985 3321 2145 3394 inen,
2177 3335 2235 3380 ut
2265 3326 2308 3381 si
2348 3326 2622 3380 civitatem
2663 3323 2810 3377 illam
2847 3325 2914 3379 ab
2953 3321 3197 3378 hdstibus
3233 3321 3456 3378 liberam
3488 3323 3569 3377 ef-

1984 3399 2108 3465 ﬁci,
2139 3405 2194 3454 et
2221 3397 2450 3467 Domino
2484 3403 2803 3467 protegente
2841 3394 2906 3449 ad
2945 3395 3182 3467 priorem
3213 3404 3415 3467 statum
3446 3409 3573 3448 con-

1985 3470 2167 3541 tigerit
2197 3466 2439 3523 revoeari
2461 3465 2716 3541 ,‘ad‘eam
2737 3507 2763 3541 ,_
2783 3466 2837 3520 in
2861 3479 2967 3536 qua
2994 3465 3144 3535 prius
3169 3465 3448 3541 ordinatus
3472 3479 3535 3541 es
3557 3505 3571 3527 ,

1983 3535 2282 3596 Ecclesium
2333 3537 2667 3602 revertaris;
2719 3536 2805 3590 sin
2853 3535 3031 3589 antem
3079 3535 3331 3605 praedicta
3367 3535 3574 3605 icivitas

1987 3612 2242 3666 continua
2269 3607 2600 3677 captivitatis
2626 3605 2933 3677 calamitate
2947 3604 3259 3677 prematur,
3287 3604 3340 3658 in
3366 3604 3492 3677 hac,
3519 3606 3573 3660 in

2027 3699 2095 3735 ua
2130 3697 2160 3734 a
2192 3671 2354 3733 nobis
2385 3677 2669 3731 ordinatus
2706 3691 2794 3738 es,
2826 3673 2912 3729 vel
2943 3671 3340 3740 incardinatus,
3378 3671 3576 3732 debeas

2036 3750 2230 3806 cclesia
2261 3763 2598 3818 permanere.
2631 3745 2978 3818 Praecipimns
3004 3753 3181 3818 autem
3201 3787 3216 3812 ,
3249 3755 3352 3818 etc.
3387 3763 3406 3799 ι

2057 3815 2510 3876 lncardinationis
2550 3815 2782 3888 formula
2815 3815 2900 3872 est
2936 3815 3077 3888 apud
3112 3815 3431 3888 Gregorium
3471 3816 3568 3872 lib.

1983 3891 2059 3958 ll,
2097 3900 2240 3964 part.
2284 3907 2325 3964 ι,
2357 3889 2515 3964 epist.
2540 3887 2642 3964 25,
2684 3886 2835 3964 cujus
2868 3886 3574 3964 corrigendumargumen-

1985 3958 2134 4033 tumf,
2168 3963 2311 4033 quod
2341 3958 2422 4016 sic
2451 3959 2668 4033 legitur,
2701 3958 3063 4033 Visitutioncm
3091 3958 3374 4030 cujusdam
3399 3961 3576 4033 injun-

1981 4035 2055 4160 ἵει
2087 4029 2342 4115 Ecclesia:
2367 4051 2383 4086 :
2413 4029 2525 4113 non
2552 4031 2695 4113 enim
2726 4031 2965 4113 visitatio
2993 4029 3061 4113 ad
3087 4029 3328 4114 tempus,
3360 4029 3458 4113 sed
3479 4046 3576 4154 gu-

2021 4112 2230 4160 ernatto
2253 4112 2550 4160 iniungitur
2572 4102 2927 4157 incardtnato.
2954 4099 3087 4156 Vide
3109 4101 3203 4155 ιιι).
3229 4115 3278 4160 ι.
3302 4110 3459 4160 epist.
3521 4101 3571 4155 7.

2021 4105 2230 4160 ernatio
2253 4102 2550 4173 injungitur
2572 4102 2927 4157 incardinato.
2954 4099 3087 4156 Vide
3109 4099 3244 4155 libft
3264 4142 3278 4166 ,
3302 4103 3459 4172 epist.
3484 4099 3571 4155 77.

2054 4195 2080 4236 ἀ
2109 4194 2448 4250 Cardinalem
2469 4205 2649 4249 vestra
2671 4194 2941 4248 Ecclesiae.
2964 4192 3100 4248 Vide
3117 4195 3274 4259 epist.
3302 4193 3388 4259 15,
3413 4193 3506 4247 lib.
3533 4210 3571 4248 ι.

2060 4278 2085 4306 ο
2125 4265 2223 4319 Cui
2267 4265 2506 4318 dedimus
2554 4265 2610 4316 in
2658 4265 2956 4327 mandatis,
3001 4270 3106 4317 etc.
3145 4263 3395 4317 Fortnula
3429 4280 3576 4318 com-

1983 4335 2200 4399 munis,
2231 4336 2444 4404 quoties
2471 4333 2666 4402 aliquis
2697 4335 2764 4387 ad
2797 4332 3089 4402 regendam
3117 4332 3418 4390 Ecclesiam
3446 4335 3571 4390 mit-

1986 4413 2532 4532 ωψὸἒαάαηαηιιὶε
2568 4473 2836 4530 Ecclesiis.
2869 4473 3048 4533 Verbo
3081 4475 3196 4531 fere
3237 4473 3305 4530 ad
3349 4477 3572 4533 verbum

1904 4561 1959 4620 1)
1985 4549 2214 4606 formula
2241 4549 2355 4602 haec
2382 4547 2655 4627 reperitur.
2673 4547 2812 4615 apud
2835 4546 3158 4672 Grelsorinm
3187 4547 3280 4602 lib.
3308 4547 3383 4614 ιι,
3408 4549 3570 4619 epist.

1985 4622 2076 4672 59.
2109 4621 2178 4672 ad
2205 4619 2512 4672 Gratiosum
2561 4618 2886 4672 Emsconum
2983 4629 3369 4672 umentanum.
3417 4621 3570 4672 cuius

1985 4622 2076 4686 69,
2109 4621 2178 4674 ad
2205 4619 2512 4674 Gratiosum
2561 4617 2886 4687 Episcopum
2934 4617 3369 4684 Numentanum,
3417 4617 3573 4687 cujus

1983 4691 2242 4749 Ecclesiae
2267 4691 2384 4744 unit
2410 4704 2558 4752 eam,
2592 4704 2713 4758 quae
2739 4687 2798 4744 S.
2831 4689 3108 4745 Anthemii
3137 4691 3190 4744 in
3221 4690 3442 4746 Curium
3476 4687 3575 4748 Sa-

1980 4765 2246 4845 binorum
2286 4761 2562 4816 territorio
2609 4769 2748 4815 erat.
2802 4760 3094 4830 Reperitur
3137 4761 3305 4818 etiam
3353 4761 3446 4818 lib.
3500 4762 3567 4828 ν,

1983 4835 2144 4906 epist.
2183 4833 2268 4887 i9.

2055 4915 2081 4953 ις
2121 4901 2456 4958 Gubernatte.
2487 4901 2644 4972 Apud
2672 4900 3028 4974 Gregorium,
3065 4905 3422 4976 gubernante.

2055 4996 2082 5068 ιι
2126 4991 2231 5068 ξεν
2258 4993 2540 5068 invidiam,
2573 4992 2888 5068 etc._Greg.7
2907 5011 3015 5068 per
3051 4997 3204 5051 devia
3238 4996 3398 5068 fidei,
3430 5005 3533 5068 etc.

2061 5067 2095 5140 ξ-
2121 5062 2460 5140 Commonitis
2492 5062 2643 5140 sedit.
2677 5062 2854 5136 Gregf
2876 5062 3046 5140 Hujus
3080 5075 3212 5140 ergo
3251 5067 3327 5120 rei
3367 5065 3568 5121 sollici-

1985 5135 2170 5205 tudine
2197 5134 2483 5198 commoti,
2515 5135 2619 5189 hoc
2645 5134 2838 5192 nostro
2862 5134 3032 5205 sedit,
3069 5134 3174 5192 (ιιοῖ

2059 5204 2072 5255 ι
2123 5204 2385 5278 Μτριάαης
2409 5205 2689 5278 debeamus
2719 5204 3059 5264 antistitibus.
3085 5208 3310 5278 Gregor.
3343 5207 3566 5263 manda-

1981 5289 2166 5333 remus
2202 5274 2570 5331 Pontiﬁcibus.

2057 5366 2208 5443 l{111.
2237 5365 2506 5443 Ecclesia’.
2535 5367 2696 5443 Greg.
2727 5372 2898 5426 sancti
2922 5368 3195 5443 Anthemii
3222 5369 3478 5427 Ecclesiae
3505 5373 3561 5428 in

1983 5437 2204 5494 Curium
2235 5437 2559 5497 Sabinorum
2589 5437 2862 5496 territorio
2893 5440 3218 5495 constitutae.

2062 5508 2078 5547 ι
2118 5507 2470 5564 Providimus.
2502 5510 2663 5581 Greg.
2700 5511 3060 5581 prawidimus.

2055 5580 2461 5656 mriggregatum
2507 5580 3008 5636 esse’co’rtstituimus
3051 5600 3112 5637 ac
3141 5583 3363 5640 unitam.
3396 5583 3560 5656 Greg.

1985 5653 2264 5724 aggregari
2294 5652 2544 5724 unirique
2571 5667 2791 5706 necesse
2819 5660 2922 5724 est.

2058 5721 2084 5760 ῖι
2119 5721 2461 5793 ᾼξιιειονὶιιιιε.
2498 5721 2660 5793 Greg.
2688 5723 3062 5792 permissione.

2062 5803 2084 5828 ο
2129 5791 2195 5874 {It
2230 5791 2797 5874 ιξειιειῃξιιιιζὶ.ηὶιιιιιίοἱ
2841 5804 2945 5852 etc.
2988 5796 3154 5874 Creg.
3199 5807 3256 5874 ut
3297 5805 3419 5852 ante
3464 5798 3560 5851 tri-

1985 5862 2151 5921 bunal
2189 5862 2376 5919 mterni
2400 5862 2598 5931 iudicis
2630 5869 2953 5925 constitutus
2983 5862 3215 5924 fructum
3247 5869 3397 5924 boum
3429 5882 3558 5939 ope-
