4062 6434
533 393 607 461 13
1891 388 2095 445 LIBER

2215 383 2439 442 URNUS
3733 378 3807 438 80

1092 507 1382 565 I'ITULUS
1421 507 1553 563 Xlll.
1608 510 1611 511 ⁷

544 628 550 634 λ
642 600 959 660 Ιηυὶιάίοήα
987 600 1056 655 ad
1090 599 1411 671 Episcopum
1433 640 1448 666 ,
1479 612 1504 641 ι
1534 599 1590 653 in
1619 596 1787 653 natali
1815 594 2001 669 Papaz.

604 694 701 751 Dei
729 691 906 750 nostri
933 690 1305 747 misericordia
1338 689 1579 757 favente,
1624 689 1704 744 Ill.
1754 689 1871 744 dies
1909 687 1964 742 in
2008 702 2115 756 quo

530 786 894 860 Episcopatus
932 783 1040 838 mei
1079 789 1167 837 est
1204 781 1435 847 natalis,
1465 782 1824 852 adproperat,
1853 779 1922 835 ad
1952 794 2116 849 quem

532 896 603 938 ex
630 894 781 935 more
810 876 992 932 missis
1018 891 1051 929 a
1083 890 1170 929 me
1212 874 1405 929 litteris
1431 874 1680 929 invitatis
1707 890 1719 925 :
1752 872 1907 926 decet
1930 870 2073 925 enim
2096 910 2111 934 ,

531 970 705 1027 frater
731 968 1050 1025 cbarissime
1069 1007 1084 1032 ,
1116 966 1227 1037 79
1254 974 1312 1020 ut
1341 965 1580 1034 ejusdem
1615 965 1885 1035 particeps
1915 963 2118 1018 festivi-

529 1065 661 1119 tatis
688 1062 895 1119 existas
914 1101 929 1127 ,
959 1069 1016 1116 et
1044 1059 1304 1114 fraternae
1331 1057 1737 1129 congregationi
1767 1056 2112 1126 przescntiam

530 1162 638 1210 tua:
665 1152 973 1209 dilectionis
999 1152 1411 1217 accommodes,
1441 1158 1503 1204 ut
1526 1164 1591 1205 ea
1633 1150 1775 1205 inter
1819 1164 1948 1215 nos,
1994 1163 2114 1218 qua:

530 1263 651 1305 mos
677 1246 1096 1306 Ecclesiasticus
1123 1246 1325 1314 exigit,
1356 1243 1757 1309 confirmemus.

995 1360 1107 1431 80
1152 1356 1451 1414 TlTULUS
1495 1358 1635 1413 XIV.

1099 1451 1128 1491 ι)
1157 1449 1532 1504 Excusatoria.

598 1567 813 1638 Scripta
841 1562 1199 1620 fraternitatis
1229 1571 1355 1626 tum,
1373 1577 1495 1631 quae
1524 1561 1897 1625 transmisisti,
1928 1560 2110 1615 oblata

526 1661 683 1717 nobis
722 1658 1046 1729 relegimus,
1095 1656 1417 1727 veniamque
1456 1654 1813 1710 imbecillitati
1855 1670 1919 1711 ac
1956 1669 2111 1710 sene-

445 1824 451 1830 .
522 1751 659 1808 ctuti
688 1749 1051 1807 fraternitatis
1080 1757 1213 1815 tuae,
1248 1763 1411 1818 quam
1441 1747 1746 1817 expetiisti,
1779 1749 1848 1802 ob
1880 1747 1935 1802 id
1964 1746 2110 1818 quod

2144 503 2198 564 Α
2220 499 2581 559 concedamus
2605 494 2818 551 veniam
2835 532 2852 560 ,
2878 491 3139 563 quidquid
3169 489 3462 546 infirmitas
3488 491 3658 562 exigit
3683 508 3805 550 cor-

2221 590 2411 661 poris:
2457 587 2583 658 quia
2622 586 2715 643 ubi
2750 584 3049 641 necessitas
3093 583 3353 648 interest,
3400 582 3653 638 voluntas
3696 599 3804 641 non

2218 689 2443 737 vocatur
2490 680 2556 736 ad
2605 678 2858 749 culpam:
2911 675 3157 746 cupimus
3205 684 3385 729 tamen
3412 714 3428 741 ,
3482 685 3803 745 recuperata

2220 777 2487 841 sanitate,
2523 788 2623 844 pro
2663 780 2907 843 tempore
2949 784 3042 835 ea,
3075 782 3196 839 qua:
3225 772 3469 839 Oportet,
3519 750 3805 827 affectione

2216 876 2491 939 pensatum
2770 930 3071 989 TlTULUS
3110 930 3252 985 xvr.

2454 1024 2691 1097 Epistula
2721 1024 2790 1078 ad
2823 1024 3140 1095 Episcopum
3171 1022 3557 1077 exhortandum

2288 1121 2549 1178 Miramur
2603 1117 2767 1173 nimis
2825 1116 3184 1172 fraternitatis
3239 1125 3344 1172 tua}
3400 1117 3800 1184 reverentiam,

2216 1216 2358 1287 quod
2398 1214 2686 1269 immemor
2728 1223 2749 1249 ο
2784 1209 3231 1283 pollicitationis;
3274 1225 3438 1280 quam
3472 1211 3807 1281 temporibus

2215 1305 2645 1364 consecrationis
2680 1305 2787 1375 ει
2830 1312 2934 1358 tute
2962 1343 2975 1368 ,
3026 1303 3188 1358 beato
3224 1302 3385 1357 Petro
3422 1303 3804 1374 Apostolorum

2211 1398 2452 1468 Principi
2491 1394 2805 1466 praebuisti,
2836 1393 2962 1448 huic
3002 1392 3325 1463 Apostolicae
3352 1394 3467 1448 sedi
3495 1404 3618 1464 post
3648 1396 3803 1451 hien-

2213 1490 2365 1544 nium
2408 1489 2754 1552 adfuturum,
2784 1494 2846 1540 ut
2879 1493 2973 1539 tuo
3011 1492 3065 1538 te
3100 1484 3349 1540 Pontifici
3388 1496 3801 1554 przesentasses.

2212 1582 2353 1637 Ecce
2380 1590 2512 1651 quot
2533 1580 2683 1651 lapsa
2710 1587 2837 1634 sunt
2864 1587 3108 1648 tempora
3126 1618 3142 1643 ,
3169 1586 3225 1633 et
3250 1577 3473 1634 minime
3500 1579 3802 1636 advenisti:

2214 1675 2309 1730 sed
2349 1674 2405 1728 in
2443 1672 2699 1744 prmsenti
2738 1656 2947 1727 moneo.
2973 1670 3337 1726 reverentiam
3368 1679 3517 1725 tuam
3540 1713 3555 1737 ,
3587 1681 3648 1727 ut
3676 1689 3805 1729 mox

2213 1767 2515 1838 susceperis
2557 1766 2938 1838 praeceptionis
2968 1773 3167 1820 nostrm
3196 1763 3437 1828 litteras,
3474 1767 3678 1837 absque
3706 1767 3806 1823 ali-

521 1843 710 1898 venire
731 1856 839 1897 non
862 1841 1074 1912 potuit,
1103 1841 1471 1894 concessimus
1497 1852 1511 1890 :
1541 1846 1951 1910 cognoscentes,
1983 1839 2106 1909 quia

2215 1875 2322 1929 qua
2349 1857 2699 1914 excusatione
2725 1856 2956 1912 celerius
2981 1857 3121 1927 apud
3153 1872 3251 1913 nos
3290 1858 3583 1913 convenias
3611 1876 3624 1913 :
3657 1859 3805 1931 quod

523 1947 634 1989 non
668 1931 845 1987 studio
881 1931 1249 1986 excusationis
1296 1939 1580 2000 peractum
1624 1941 1743 2002 est,
1795 1942 1856 1988 ut
1900 1934 1967 1988 ad
2008 1949 2108 1989 nos

523 2022 745 2079 minime
780 2021 1096 2077 fraternitas
1136 2029 1225 2076 tua
1257 2022 1616 2090 pervenisset.

1095 2134 1396 2192 TlTULUS
1438 2135 1555 2191 XV.

664 2230 1017 2287 Ezcusatoria
1036 2270 1051 2295 ,
1079 2227 1291 2300 quando
1318 2226 1609 2299 Episcopus
1634 2228 1957 2297 inﬁrmatur.

594 2345 662 2401 Et
684 2343 881 2400 natalis
908 2340 1079 2398 nostri
1107 2339 1375 2395 festivitas
1398 2346 1454 2394 et
1479 2340 1887 2395 consuetudinis
1913 2340 2113 2395 solem-

520 2440 666 2496 nitas
692 2417 893 2509 exigit,
918 2444 979 2491 ut
1003 2436 1069 2491 de
1093 2432 1340 2505 profectu
1372 2441 1560 2488 nostro
1586 2433 1942 2503 omnipotenti
1972 2432 2103 2498 Deo,

518 2545 641 2603 quae
674 2529 938 2584 debentur
982 2524 1205 2597 gratim,
1251 2524 1353 2578 sub
1391 2533 1708 2578 cunctorum
1752 2521 2107 2578 Sacerdotum

518 2620 955 2693 frequentatione
990 2627 1048 2673 et
1083 2616 1373 2688 przcsentia
1413 2616 1803 2672 redderentur:
1846 2618 1940 2671 sed
1978 2616 2108 2687 quia

523 2714 848 2770 charitatem
878 2721 1028 2766 tuam
1070 2710 1139 2765 ad
1179 2709 1487 2764 devotionis
1513 2724 1798 2765 occursum
1830 2708 2111 2780 inaequali-

518 2813 632 2863 tate
675 2803 920 2877 corporis
964 2803 1217 2876 perhibes
1256 2802 1599 2874 impeditam,
1641 2818 1864 2860 necesse
1904 2810 1989 2859 est
2049 2810 2110 2859 ut

519 2983 783 3066 rationis,
810 2979 916 3066 qui
948 2981 1016 3066 ad
1054 2990 1201 3064 tuam
1234 2981 1541 3066 mercedem
1579 2982 2107 3066 pertineat_,._eidem

517 3052 857 3125 redemptori
876 3062 1091 3125 nostro,
1127 3053 1180 3106 in
1207 3068 1314 3125 gua
1345 3052 1515 3125 laetari
1545 3054 1721 3125 possis
1744 3094 1758 3117 ,
1792 3053 2070 3109 exhibeas.

589 3138 618 3170 ι
655 3122 724 3179 In
759 3122 925 3179 natali
963 3122 1146 3192 Papw.
1193 3122 1602 3178 Conveniel‘aut
1644 3124 1894 3193 Episcopi
1943 3124 2106 3180 Italia:

518 3200 591 3254 ad
639 3195 782 3251 diem
826 3193 1060 3249 natalem
1107 3194 1301 3247 summi
1343 3193 1641 3250 Pontificis.
1692 3193 1768 3249 De
1817 3196 2106 3251 Anastasio

2211 1953 2257 2008 si
2282 1952 2588 2015 distuleris,
2618 1949 2883 2019 superbiae
2913 1948 3055 2003 fastu
3086 1949 3292 2014 elatus,
3325 1950 3467 2005 scias
3496 1959 3578 2014 te,
3612 1965 3680 2004 ex
3710 1966 3805 2005 au-
3846 1998 3849 2001 .

2211 2043 2463 2100 ctoritate
2498 2040 2711 2096 Domini
2750 2040 2855 2095 mei
2895 2040 3091 2095 summi
3122 2039 3503 2111 Apostolorum
3531 2039 3807 2110 Principis

2208 2135 2355 2191 beati
2378 2133 2558 2199 Petri,
2587 2149 2619 2188 a
2649 2132 2937 2189 Missarum
2972 2131 3248 2188 solemniis
3284 2148 3405 2189 esse
3439 2148 3803 2202 suspensum,

2210 2226 2391 2296 quoad
2416 2241 2588 2298 usque
2615 2232 2762 2282 tuam
2794 2225 2950 2281 nobis
2974 2225 3319 2295 praesentiam
3341 2225 3623 2283 exhibeas.

2760 2338 3060 2395 TlTULUS
3095 2339 3256 2395 XVII.

2669 2428 2912 2501 Epistola
2951 2430 3327 2485 consolatoria.

2281 2521 2577 2595 Apostolici
2603 2523 2873 2577 sermonis
2918 2530 3195 2577 sumentes
3243 2522 3567 2593 principium
3595 2521 3806 2580 clama-

2212 2634 2369 2674 mus:
2405 2617 2534 2685 Quis
2561 2617 2898 2688 inﬁrmatur,
2945 2625 2993 2670 et
3042 2632 3136 2686 ego
3167 2631 3270 2669 non
3317 2615 3636 2689 inﬁrmor(l
3674 2614 3804 2672 Cor.

2212 2725 2291 2773 xt,
2316 2726 2366 2762 υ.
2391 2707 2518 2778 27)?
2551 2706 2671 2760 Alio
2709 2706 2871 2759 etiam
2919 2705 3097 2775 inquit
3153 2704 3312 2760 loco:
3346 2704 3409 2760 Si
3452 2723 3615 2761 unum
3644 2724 3810 2763 mem-

2213 2801 2365 2856 brum
2391 2800 2612 2871 patitur,
2630 2797 3023 2868 compatiuntur
3047 2805 3096 2852 et
3121 2806 3311 2852 catera
3335 2798 3568 2853 membra
3600 2797 3653 2859 (1
3676 2799 3806 2855 Cor.

2210 2977 2422 3037 Paulini
2450 2977 2519 3034 ad
2544 2976 2863 3049 Delphinum
2883 3020 2897 3042 ,
2920 2984 2976 3033 et
3000 2978 3158 3050 longe
3183 2980 3383 3036 clarius
3408 2997 3475 3037 ex
3501 2981 3587 3038 his
3610 2981 3811 3041 Diurni

2211 3052 2429 3115 verbis,
2467 3067 2532 3105 ex
2565 3067 2709 3103 more
2745 3050 2918 3104 missis
2954 3068 2985 3103 a
3025 3066 3107 3104 me
3135 3050 3325 3107 litteris
3370 3053 3609 3108 incitaris
3638 3068 3657 3107 :
3694 3055 3812 3112 for-

2214 3138 2358 3177 mam
2389 3123 2690 3176 litterarum
2711 3162 2728 3186 ,
2760 3136 2827 3174 ex
2858 3120 3061 3175 Diurno
3092 3122 3227 3177 solo.

2285 3193 2465 3266 Quare
2495 3191 2725 3266 formula
2769 3192 2883 3246 luec
2928 3192 3219 3266 singularis
3259 3203 3385 3250 est:
3433 3211 3609 3266 neque
3656 3198 3811 3255 enim

516 3267 776 3340 Paulinus
803 3264 961 3340 epist.
998 3262 1065 3318 16
1091 3263 1157 3340 ad
1190 3264 1509 3332 Delphinum
1535 3279 1549 3317 :
1572 3284 1595 3340 t
1618 3265 1943 3340 Interposito
1968 3278 2105 3340 tem-
2132 3266 2178 3328 C
2209 3264 2635 3340 apud_curiosos
2674 3263 2977 3340 litterarum
3010 3263 3483 3340 Eclesjasticarum
3520 3262 3810 3340 indagato-

517 3354 650 3410 pore
678 3334 853 3392 etiam'
872 3336 942 3410 ad
968 3334 1203 3410 natalem
1231 3350 1389 3410 suum
1409 3377 1427 3410 ._
1456 3334 2103 3410 quod__consacerdotibus

517 3405 631 3468 auis
657 3416 868 3463 tantum
895 3405 1105 3461 deferre
1128 3405 1295 3472 solet,
1322 3406 1553 3460 invitare
1580 3407 1831 3476 dignatus
1856 3416 1970 3471 est,
2007 3425 2107 3466 nec

518 3478 756 3538 offensus
785 3484 872 3532 est
898 3476 1247 3531 excusatione
1273 3486 1457 3531 nostra
1473 3517 1488 3543 ,
1515 3486 1619 3532 etc.
1645 3497 1664 3529 ι
1695 3476 1829 3531 Hinc
1853 3479 2102 3546 observa,

518 3548 937 3608 consacerdotes
974 3555 1183 3601 tantum
1205 3586 1219 3609 ,
1254 3547 1307 3600 id
1344 3556 1458 3610 est,
1493 3548 1782 3618 Episcopos
1805 3548 1929 3618 jure
1958 3551 2106 3605 ordi-

519 3620 677 3678 nario
707 3626 930 3673 vocatos
952 3659 967 3683 ,
995 3618 1233 3686 reliquos
1269 3618 1569 3688 privilegio.

593 3690 780 3744 Sixtus
821 3688 876 3742 in
918 3687 1176 3758 epistola,
1220 3702 1325 3755 qua
1353 3687 1653 3757 gratulatur
1675 3688 1876 3758 Cyrillo
1917 3691 2108 3747 initam

520 3761 664 3817 inter
701 3757 972 3815 Ecclesias
1006 3757 1329 3812 dissidentes
1358 3774 1565 3828 pacem.
1597 3778 1614 3808 ι
1645 3757 1731 3812 Ad
1758 3761 1975 3816 beatum
2006 3763 2108 3818 Pe-

519 3839 667 3887 trum
695 3828 1010 3884 fraternitas
1034 3828 1285 3883 universa
1312 3830 1561 3883 convenit
1584 3844 1598 3882 :
1627 3844 1753 3883 ecce
1779 3833 2106 3887 auditorium

521 3902 850 3958 conveniens
882 3898 1251 3962 auditoribus,
1293 3900 1623 3953 conveniens
1660 3900 1979 3965 audiendis,
2009 3904 2107 3956 ha-

521 3973 761 4028 buerunt
798 3969 1111 4039 Coepiscopi
1152 3971 1319 4024 nostri
1360 3969 1841 4036 congratulationis
1877 3980 2102 4038 testem,

522 4057 684 4113 quem
725 4042 986 4113 habemus
1013 4041 1241 4113 honoris
1279 4040 1600 4113 exordium:
1643 4051 1844 4113 sancire
1874 4058 2109 4113 namque

523 4110 580 4169 et
605 4112 893 4167 venerabili
924 4110 1158 4181 Synodo,
1187 4125 1347 4179 quam
1375 4110 1571 4164 natalis
1594 4110 1725 4181 mihi
1752 4110 1867 4166 dies
1895 4110 2107 4168 favente

522 4183 753 4239 Domino
786 4180 1173 4253 congregarat.
1204 4181 1337 4253 quia
1365 4182 1447 4253 sic
1477 4180 1804 4253 credendum
1843 4191 1955 4247 est,
1994 4183 2108 4253 ipse

521 4253 807 4326 praesedit,
833 4250 945 4326 etct
977 4250 1007 4326 ξ’
1043 4250 1111 4306 Et
1133 4252 1200 4326 _in
1259 4251 1486 4326 epistola
1524 4252 1589 4326 ad
1618 4250 1884 4326 Joannem
1920 4250 2109 4326 Antio-

524 4321 780 4395 chenum.
810 4321 1293 4395 Audivituuniversa
1324 4322 1649 4395 fraternitas,
1677 4340 1794 4395 qua:
1817 4323 1885 4377 ad
1914 4325 2107 4395 natalis

525 4394 629 4448 mei
663 4401 966 4448 convenerat
996 4392 1135 4463 diem
1157 4433 1172 4463 ρ
1202 4405 1308 4446 etc.
1348 4392 1940 4463 Observaconcursum
1982 4394 2109 4463 Epi-

525 4478 813 4534 scoporum
854 4462 1112 4533 appellari
1149 4462 1463 4533 Synodum,
1501 4473 1556 4517 et
1590 4462 1645 4516 in
1681 4478 1747 4517 ea
1797 4466 1863 4516 de
1908 4462 2103 4529 rebus,

526 4550 648 4606 qua:
677 4534 1005 4606 inciderent,
1040 4540 1351 4587 tractatum.

2209 3333 2318 3399 res,
2345 3335 2658 3408 Baroninm,
2677 3333 3048 3399 Sirmondum,
3071 3345 3122 3389 et
3152 3336 3480 3408 Ferrarium,
3506 3333 3808 3408 reperitur,

2184 3405 2662 3477 quemadmodum
2710 3420 2813 3479 nec
2862 3406 3219 3479 excusatoriae
3260 3408 3378 3479 dum
3411 3426 3429 3479 ελ
3468 3405 3811 3479 quamquam

2206 3475 2432 3549 possent
2458 3490 2649 3531 omnes
2676 3475 2741 3529 ad
2773 3477 3063 3549 tractorias
3092 3492 3198 3530 non
3232 3477 3464 3549 absurde
3486 3475 3761 3537 'revoéari
3792 3499 3807 3549 ;

2208 3546 2477 3624 siquidem
2506 3553 2804 3624 conventus
2832 3547 2948 3624 ille,
2983 3546 3050 3624 ad
3078 3547 3660 3624 qu_em_invita_bantur,
3695 3546 3813 3624 Sy;

2207 3621 2385 3673 nodus
2423 3625 2572 3683 erat,
2605 3617 2659 3671 in
2699 3633 2803 3687 qua
2840 3618 2905 3672 de
2940 3618 3102 3670 rebus
3139 3617 3565 3682 Ecclesnasticis,
3604 3621 3649 3675 si
3680 3617 3814 3687 qua:

2211 3697 2499 3760 urgerent,
2533 3688 2811 3760 agebatur.
2846 3688 2901 3741 1d
2928 3687 3123 3760 partim
3155 3687 3420 3757 exemplis
3450 3687 3591 3745 Sixti
3623 3699 3679 3746 et
3702 3687 3813 3749 Hi-

2209 3758 2350 3843 lari,
2380 3760 2575 3843 partim
2608 3758 2795 3843 Diurni
2824 3759 2976 3814 verbi
3006 3760 3314 3843 edocernur.

2282 3830 2557 3901 Etsivero
2584 3830 2683 3901 soli
2712 3830 2786 3883 iIli
2805 3871 2831 3901 ,_
2850 3845 2986 3901 quos
3018 3830 3155 3893 dixi,
3189 3830 3438 3901 Episcopi
3469 3832 3810 3889 ordinationi

2210 3900 2355 3955 sedis
2395 3899 2718 3968 Apostolicu:
2754 3899 2983 3963 subjecti
3023 3899 3407 3962 evocarentur,
3443 3916 3508 3954 ex
3546 3904 3811 3961 omnibus

2210 3979 2391 4024 tamen
2433 3968 2596 4022 Italiae
2632 3969 2957 4037 provinciis,
3001 3968 3111 4021 imo
3146 3983 3209 4021 ex
3251 3968 3373 4021 aliis
3412 3971 3811 4031 remotioribus

2209 4039 2553 4112 gpncnrrisse
2582 4038 2883 4112 Prmsules,
2917 4037 3193 4112 disei_mus_
3207 4052 3271 4090 ex
3301 4038 3529 4112 epistola
3572 4050 3811 4112 utraque

2209 4110 2379 4164 Hilari
2407 4127 2418 4161 :
2453 4108 2748 4177 respiciunt
2778 4108 2922 4161 enim
2954 4107 3127 4161 ambae
3157 4107 3455 4163 Concilium
3495 4107 3807 4170 Romanum

2211 4193 2355 4235 anno
2386 4178 2523 4243 465,
2588 4177 2832 4232 habitum
2872 4193 2942 4231 xv
2988 4177 3214 4232 Kalend.
3270 4179 3607 4236 Decembris.
3662 4182 3809 4241 Huic

2204 4266 2340 4323 vero
2372 4249 3008 4323 interfuerunt,_pr:eter
3046 4248 3485 4323 suburbicarios,
3527 4252 3806 4323 lngenuus

2210 4321 2634 4404 Ebredunensis,
2665 4317 3636 4405 snbinus'AvenionensiskMaxjmu's
3659 4324 3807 4380 Tau-

2212 4393 2481 4456 rinensis,
2512 4400 2567 4446 et
2594 4405 2662 4445 ex
2692 4389 2873 4445 Africa
2905 4389 3211 4445 Restitutus
3238 4400 3293 4446 et
3321 4389 3597 4449 Octavius.

2282 4462 2550 4527 Quorsum
2585 4460 3232 4531 vocarenturiEpiscOpi,
3275 4462 3432 4518 docet
3471 4480 3577 4519 non
3618 4466 3801 4522 solum

2212 4532 2479 4596 Diurnus,
2510 4531 2603 4602 sed
2633 4531 2794 4602 etiam
2827 4531 2884 4586 S.
2919 4530 3027 4586 Leo
3056 4550 3069 4585 :
3101 4530 3321 4602 nempe,
3354 4543 3414 4588 ut
3442 4534 3494 4589 in
3524 4543 3666 4590 coetu
3698 4535 3806 4591 Sa-

600 4603 658 4684 ξ.
693 4605 801 4659 Leo
845 4605 982 4684 Sixti
1034 4617 1337 4684 succesmr,
1381 4602 1436 4655 in
1469 4615 1761 4684 sermone,
1802 4604 1904 4684 qui
1946 4604 2105 4675 vulgo
2131 4618 2184 4677 D
2212 4599 2774 4684 cerdntum‘Pontifex
2807 4602 2873 4656 de
2910 4618 3018 4684 sua
3044 4599 3417 4684 assumptione
3464 4615 3649 4684 ageret
3686 4604 3800 4663 Deo

528 4676 726 4732 dicitur
757 4676 1025 4730 secundus
1059 4676 1112 4729 in
1149 4673 1520 4726 anniversario
1558 4673 1938 4741 assumptinnis
1969 4673 2099 4730 suae.

534 4765 553 4799 ι
584 4745 985 4802 Venerabilium
1024 4759 1237 4813 quoque
1272 4742 1501 4813 fratrum
1550 4750 1603 4813 et
1649 4745 2103 4800 consacerdotum

529 4832 771 4872 meorum
793 4812 1093 4873 desiderata
1116 4813 1245 4866 mihi
1264 4819 1320 4866 et
1335 4812 1642 4864 honoranda
1665 4814 1951 4879 praesentia
1978 4815 2105 4871 hinc

529 4889 794 4943 sacratior
821 4896 905 4943 est
931 4882 1381 4954 atquedevotior,
1414 4881 1460 4933 si
1491 4882 1742 4954 pietatem
1782 4881 1941 4952 hujus
1989 4884 2106 4939 om.

529 4958 629 5022 cii,
657 4959 710 5013 in
737 4973 845 5028 quo
870 4951 1059 5010 adesse
1084 4952 1291 5032 dignati
1313 4958 1467 5030 sunt,
1489 4951 1934 5032 ei_principaliter
1960 4955 2106 5032 defet-

530 5019 689 5093 ΝΜ,
726 5019 1030 5097 q-uem‘npn
1066 5019 1239 5075 solum
1278 5019 1436 5088 hujus
1471 5019 1614 5076 sedis
1651 5019 1976 5097 Pnnsulem,
2009 5028 2106 5083 sed

530 5106 585 5154 et
610 5092 849 5153 omnium
879 5093 1268 5162 Episcoporum
1297 5100 1561 5145 noverunt
1587 5108 1705 5145 esse
1735 5092 2049 5150 Primatem.
2080 5119 2099 5150 ι

604 5167 837 5223 Hilarius
862 5163 1060 5217 Leonis
1088 5176 1370 5216 successor
1396 5162 1618 5231 cpistola
1651 5162 1820 5231 prima
1850 5167 1915 5219 ad
1940 5166 2107 5221 Asca-

531 5240 718 5295 nium:
752 5254 769 5285 ‹
801 5232 978 5287 Lectis
1013 5232 1066 5285 in
1114 5241 1380 5287 conventu
1402 5302 1407 5303 γ
1429 5232 1655 5287 fratrum
1677 5275 1690 5296 ,
1728 5249 1863 5303 quos
1912 5238 2107 5293 natalis

533 5310 639 5363 mei
676 5304 939 5374 festivitas
971 5312 1355 5374 congregarat,
1397 5302 1594 5358 litteris
1635 5306 1862 5369 vestris,
1894 5316 1997 5361 etc.
2039 5308 2106 5363 Et

532 5377 691 5447 epist.
723 5376 776 5429 8.
813 5372 1156 5447 Prtesideiite_
1181 5372 1406 5447 fratrum
1439 5389 1727 5447 numeroso
1759 5377 2016 5441 concilio,
2052 5387 2108 5434 et

534 5443 601 5503 ex
636 5445 865 5501 diversis
898 5444 1191 5515 pr0vinclis
1228 5443 1473 5515 addicat
1502 5446 1700 5515 natalis
1730 5447 1897 5501 nostri
1924 5449 1976 5501 in
2010 5449 2106 5503 ho-

532 5531 723 5572 norem
757 5513 913 5571 beati
932 5515 1074 5571 Petri
1105 5513 1345 5584 Apostoli
1373 5528 1471 5583 per
1497 5514 1591 5569 Dei
1621 5518 1849 5587 gratiam
1879 5534 2108 5589 congre-

533 5593 661 5658 gnto
677 5628 693 5654 ,
722 5595 826 5642 etc.
864 5607 883 5639 ι

605 5656 950 5714 Observanda
978 5658 1067 5712 hic
1092 5659 1191 5711 tria
1219 5675 1233 5711 :
1266 5673 1384 5713 mos
1412 5659 1799 5724 conveniendi,
1832 5676 1949 5714 mos
1978 5659 2113 5715 invi-

536 5728 720 5795 tandi,
745 5738 803 5786 et
830 5727 1005 5785 forma
1032 5728 1383 5785 invitationis.
1415 5730 1683 5785 Discimus
1721 5739 1958 5784 veterem
1990 5746 2109 5786 mo-

537 5813 652 5855 rem
694 5799 1077 5864 conveniendi,
1116 5806 1232 5855 tum
1270 5814 1338 5855 ex
1379 5799 1464 5854 his
1503 5801 1852 5863 testimoniis,
1887 5809 1999 5854 tum
2042 5817 2110 5858 ex

541 5869 777 5930 Diurno:
812 5886 1017 5929 morem
1046 5871 1313 5929 invitandi
1336 5884 1433 5941 per
1466 5872 1707 5939 litteras,
1736 5887 1800 5926 ex
1830 5871 1985 5941 epist.
2023 5872 2105 5927 16.

2212 4673 2415 4745 gratias
2443 4687 2457 4725 :
2488 4671 2710 4745 deinde,
2744 4680 2803 4726 ut
2830 4688 2950 4742 qua:
2977 4671 3391 4745 Ecclesiasticus
3418 4671 3617 4745 exigit,
3648 4692 3803 4732 com-

2213 4741 2450 4797 muniter
2475 4741 2923 4797 confirmarentur
2947 4758 2961 4796 :
2994 4744 3225 4813 denique
3260 4753 3319 4799 ut
3347 4741 3610 4813 ejusmodi
3639 4748 3801 4802 obse-

2212 4814 2342 4885 quio
2371 4829 2526 4868 suum
2557 4813 2804 4884 Episcopi
2835 4813 3140 4884 Principem
3172 4826 3546 4885 agnoscerent.

2286 4884 2553 4938 Primates
2581 4885 2716 4938 alios
2749 4885 2800 4938 id
2831 4884 2995 4940 etiam
3029 4884 3284 4940 habuisse
3318 4887 3369 4939 in
3400 4903 3582 4949 more,
3616 4894 3675 4940 ut
3701 4903 3801 4943 vo-

2213 4964 2401 5028 carent
2426 4956 2493 5028 ad
2523 4954 2606 5009 sui
2638 4955 2833 5028 natalis
2866 4955 3210 5028 festivitatem
3240 4955 3637 5028 Coepiscopos,
3668 4973 3800 5014 con-

2207 5024 2375 5097 jicere
2426 5025 2552 5097 licet
2603 5042 2669 5079 ex
2721 5025 3042 5097 allocutione
3091 5024 3391 5097 Augustini
3426 5024 3798 5097 ad‘pwpulum

2214 5096 2697 5168 Carthaginensem
2723 5095 2933 5168 (Serm.
2962 5094 3050 5149 32.
3075 5095 3140 5148 de
3154 5094 3331 5168 Yerbis
3360 5094 3572 5151 Domini
3589 5094 3641 5165 )':
3676 5106 3800 5168 post

2212 5164 2529 5220 concionem
2557 5166 2698 5218 enim
2730 5167 3032 5219 absolutam
3054 5205 3068 5229 ,
3100 5183 3118 5215 ε
3150 5164 3304 5232 Quod
3341 5168 3492 5223 novit
3520 5164 3793 5232 chari'tas,

2211 5246 2411 5295 vestra.
2432 5236 3003 5306 inquit,suggerimus,
3026 5235 3141 5291 dies
3164 5239 3569 5293 anniversarios
3584 5239 3797 5293 Dmnini

2212 5306 2355 5380 senis
2388 5305 2590 5380 Aurelii
2626 5305 2897 5360 crastinus
2936 5305 3193 5380 illucescit
3226 5328 3238 5363 :
3279 5319 3432 5380 rogat
3459 5320 3513 5362 et
3544 5312 3799 5365 admonet

2208 5391 2306 5501 ﬁer
2343 5376 2702 5430 humilitatem
2743 5392 2917 5431 meam
2951 5378 3271 5433 charitatem
3322 5376 3593 5443 vestram,
3632 5389 3694 5434 ut
3728 5380 3795 5433 ad

2247 5447 2485 5501 asilicam
2514 5444 2697 5500 Fausti
2724 5448 3070 5501 devotissime
3096 5450 3280 5501 venire
3306 5450 3621 5501 diancmini.

2247 5447 2485 5519 asilicam
2514 5444 2697 5519 Fausti
2724 5448 3070 5519 devotissime
3096 5450 3280 5503 venire
3306 5450 3621 5519 dignemini.

2290 5516 2318 5556 ιι
2358 5516 2728 5590 Excusatoria.
2781 5516 2895 5572 Non
2941 5534 3059 5590 qua
3096 5516 3696 5590 invitatus'Episcopus
3738 5535 3798 5573 se

2216 5596 2465 5648 excuset,
2500 5587 2593 5641 sed
2631 5604 2736 5658 qua
2765 5587 3007 5643 summus
3036 5588 3283 5644 Pontifex
3316 5587 3704 5645 imbecillitatis
3735 5603 3798 5643 ac

2217 5658 2511 5731 Senectutis
2526 5660 2945 5731 excusationem
2976 5660 3225 5731 accipiat.
3602 5730 3605 5731 ν
3700 5712 3703 5715 Α

2288 5738 2311 5766 ο
2350 5726 2771 5805 Pollicitationis.
2823 5730 2955 5786 Vide
3003 5726 3310 5805 cantionem
3358 5730 3641 5805 Episcopi,
3688 5742 3794 5800 qua

2254 5806 2369 5876 arte
2403 5798 2595 5876 _agitur
2640 5800 2708 5855 de
2750 5815 2977 5876 occursu
3019 5801 3087 5876 ad
3129 5802 3364 5861 natalem
3390 5798 3791 5876 Apostolorum.

2298 5868 2537 5927 nsuleet
2566 5879 2721 5928 notas
2751 5870 2819 5928 ad
2849 5870 2995 5930 hunc
3021 5870 3219 5929 locum.
