4062 6452
315 421 374 478 81
1276 418 1716 476 ROMANORUM
1760 418 2198 479 PONTIFICUM.
2241 452 2309 463 —-
2348 423 2497 479 CAP.
2541 423 2624 479 IV.
3522 436 3591 492 εὶ

316 559 415 610 ιιι,
437 561 486 598 υ.
524 542 632 615 l6).
669 540 802 598 Nam
832 541 930 613 Ipsi
964 556 1060 597 nos
1092 542 1195 596 tuis
1223 541 1570 597 condolentes
1598 541 1891 607 doloribus,
1923 552 1976 611 Α
2000 545 2174 615 pheta:
2197 546 2476 600 canentis:
2502 543 2699 600 Euntes
2733 547 2876 600 ibant
2903 557 2948 601 et
2971 549 3184 618 ﬂebant,
3219 554 3474 608 mittentes
3505 573 3588 610 se-

317 637 574 694 coutinua
633 635 785 705 quasi
843 634 1146 688 \aletudine
1190 633 1497 688 laboramus
1531 652 1543 687 :
1577 634 1717 703 quod
1775 635 1898 702 quia

318 729 694 801 opportunitas
719 736 824 791 est,
855 726 1018 782 veluti
1049 737 1344 797 praesentes
1371 727 1655 782 charitatis
1688 725 1901 782 fervore

318 821 664 878 sanctitatem
687 819 1012 890 alloquimur
1036 827 1204 884 tuam,
1232 827 1286 871 et
1311 819 1449 890 stylo
1473 816 1900 882 exaraute,illud

318 917 383 972 ad
415 917 654 971 animum
683 913 1007 984 Apostolicte
1031 913 1418 968 consolationis
1443 911 1773 977 reducimus,
1791 923 1900 981 quo

318 1011 630 1068 consolatur
675 1019 1010 1064 maerentes:
1066 1007 1232 1062 Omne
1277 1007 1528 1077 gaudium
1576 1007 1896 1070 exis'imate,

315 1105 526 1174 fratres,
557 1120 671 1157 cum
701 1103 755 1156 in
801 1102 1112 1164 tentationes
1140 1100 1314 1153 varias
1355 1099 1642 1152 incideritis
1673 1097 1821 1167 (Jac.
1856 1111 1896 1160 ι,

315 1211 361 1248 ιν.
394 1193 473 1263 2).
504 1193 620 1262 Ipsa
664 1207 874 1262 quoque
908 1190 1120 1245 Veritas
1171 1189 1371 1244 docet:
1397 1188 1546 1242 Beati
1588 1188 1756 1251 eritis,
1782 1202 1899 1238 cum

312 1299 401 1338 vos
429 1285 632 1338 oderint
658 1284 910 1347 homines,
942 1291 988 1336 et
1025 1281 1278 1352 persecuti
1331 1279 1542 1348 fuerint,
1570 1289 1724 1349 atque
1752 1278 1901 1331 dixe-

313 1379 419 1432 rint
455 1379 730 1432 adversum
755 1395 841 1431 vos
872 1394 1023 1431 omne
1046 1375 1243 1429 malum
1291 1373 1505 1444 (Matth.
1530 1390 1580 1436 v,
1615 1390 1662 1427 υ.
1691 1372 1804 1441 Η),
1845 1379 1901 1426 et

314 1469 539 1540 reliqua.
572 1469 675 1524 Pro
703 1486 810 1540 quo
840 1468 1142 1540 pollicetur,
1178 1466 1483 1520 mercedem
1527 1465 1608 1519 cis
1654 1463 1900 1518 recondi-

312 1571 418 1616 tam
444 1578 564 1618 esse
580 1564 851 1632 copiosam
877 1563 928 1615 in
945 1560 1115 1616 oculis.
1134 1558 1268 1626 Quia
1294 1574 1425 1612 vero
1445 1559 1497 1612 in
1525 1556 1722 1612 saeculo
1744 1571 1900 1610 exer-

309 1656 498 1711 citium
547 1657 822 1712 tribulatio
845 1665 950 1718 est,
983 1663 1042 1708 ut
1080 1652 1458 1722 mquauimiter
1496 1651 1691 1705 toleres
1738 1666 1900 1705 even-

311 1756 412 1801 tus.
449 1756 594 1802 tuam
624 1747 932 1801 unanimem
954 1745 1274 1800 charitatem
1303 1743 1679 1806 admouemus,
1710 1754 1776 1794 ne
1797 1741 1898 1794 iste

308 1839 400 1895 tibi
431 1855 594 1896 casus
645 1841 879 1910 aliquam
933 1839 1145 1908 ingerat
1173 1837 1687 1906 pusillanimitatem.
1724 1836 1898 1890 Labor

2007 641 2150 693 mina
2179 656 2300 705 sua,
2331 640 2588 694 venientes
2633 648 2806 694 autem
2857 642 3057 695 venient
3131 645 3187 698 in
3241 645 3591 704 exercitatione

2003 741 2270 800 portantes
2297 730 2592 802 manipulos
2617 748 2740 785 suos
2781 730 2954 804 (Psai.
2989 749 3148 798 cxxv,
3177 752 3224 788 υ.
3263 735 3336 806 6).

2075 822 2173 878 His
2191 823 2426 894 denique
2451 822 2767 893 prmlibatis,
2783 823 3088 890 consolare,
3105 834 3292 881 sancte
3323 825 3512 894 frater,
3537 840 3593 886 et

2004 926 2121 972 esto
2134 918 2243 988 82
2271 919 2556 973 robustus:
2592 919 2736 974 illius
2760 921 2905 974 enim
2927 921 3181 990 praesidio
3199 929 3249 976 te
3269 923 3594 981 confidimus

2004 1011 2069 1065 ad
2093 1013 2368 1081 propriam
2396 1013 2574 1066 redire
2613 1014 2818 1079 sedem,
2842 1031 2940 1084 pro
2969 1015 3124 1085 cujus
3159 1030 3344 1072 amore
3384 1025 3592 1074 tantam

2001 1105 2456 1174 peregrinationis
2484 1107 2864 1162 contumeliam
2912 1109 3166 1164 sustines.
3224 1109 3358 1164 Nam
3404 1121 3592 1167 nostra

2005 1196 2144 1264 apud
2194 1195 2470 1250 Christum
2502 1198 2813 1254 indesinens
2838 1210 2923 1254 est
2950 1201 3281 1269 deprecatio,
3335 1211 3394 1257 ut
3441 1203 3580 1274 ipse,

2006 1303 2314 1357 compressa
2345 1289 2555 1344 insania
2587 1291 2919 1346 swvientium
2943 1332 2957 1355 ,
3004 1291 3072 1346 ad
3113 1293 3388 1363 propriam
3419 1303 3473 1350 te
3505 1309 3594 1351 re-

2002 1388 2159 1434 vocet
2187 1380 2389 1434 sedem.
2424 1380 2699 1435 Laborare
2728 1384 2933 1437 nisibus
2954 1384 3083 1438 totis
3107 1401 3210 1438 non
3234 1386 3593 1455 quiescimus,

2002 1481 2062 1526 ut
2095 1471 2268 1525 modis
2307 1471 2503 1541 quibus
2523 1475 2872 1542 potuerimus,
2890 1474 3007 1544 ejus
3030 1477 3230 1531 auxilio
3258 1477 3399 1543 fulti,
3418 1486 3469 1533 te
3489 1486 3594 1533 tua:

2002 1563 2325 1616 reducamus
2345 1563 2482 1627 sedi,
2512 1572 2568 1618 et
2594 1564 2645 1618 in
2671 1565 2851 1635 aliquo
2881 1583 2987 1620 nou
3018 1568 3255 1633 lliBSlleS,
3290 1584 3391 1625 nec
3427 1579 3480 1623 te
3503 1585 3597 1625 su-

2001 1653 2203 1723 perﬂua
2241 1653 2511 1723 opprimat
2555 1655 2814 1709 tristitia:
2849 1657 2988 1712 votis
3015 1659 3158 1712 enim
3193 1661 3395 1714 nostris
3433 1658 3594 1714 Chri-

2002 1753 2142 1799 stum
2172 1746 2458 1800 Dominum
2490 1756 2734 1802 nostrum
2783 1748 2963 1804 favere
3006 1751 3114 1805 cito
3143 1751 3488 1816 confidimus,
3519 1759 3598 1806 at-

2001 1852 2105 1906 que
2136 1837 2426 1903 credimus,
2456 1837 2620 1906 quod,
2650 1854 2716 1892 eo
2758 1839 3066 1904 miserante,
3097 1842 3252 1896 laetus
3279 1857 3592 1898 concessam

305 1929 449 1983 enim
480 1939 584 1994 est,
617 1947 712 2000 per
743 1946 902 1999 quem
939 1928 1170 1982 fructum
1213 1938 1264 1982 te
1289 1929 1562 1982 credimus
1594 1927 1895 1998 spiritalem
1925 1927 1971 1986 B
2002 1929 2232 1998 recipias
2254 1930 2320 1983 ad
2357 1931 2649 2000 regendum
2684 1931 3003 1998 Ecclesiam,
3030 1941 3089 1986 ut
3125 1933 3244 1987 laéta
3272 1949 3386 2001 1am
3414 1942 3596 1992 mente

306 2024 552 2094 recipere
577 2041 605 2078 a
638 2022 872 2079 Christo.
897 2024 1030 2080 Illud
1056 2038 1288 2092 namque
1319 2024 1496 2079 recole
1534 2025 1736 2080 dictum
1765 2024 1894 2078 Pro-

2004 2022 2220 2079 Christo
2243 2021 2485 2077 feramus
2513 2021 2719 2078 laudes.

1621 2291 2040 2380 CAPUT
2121 2291 2273 2370 IV.

1686 2492 1768 2533 DE
1811 2491 1930 2534 USU
1976 2491 2200 2538 PALLII.

300 2689 698 2745 Ancmuruu.
721 2717 791 2727 —
818 2685 1050 2742 Pallium
1077 2687 1273 2743 summi
1315 2687 1602 2758 pontifices
1633 2686 1924 2758 aliquando
1956 2682 2321 2758 praesentibus
2348 2681 2572 2745 dabant,
2603 2681 3225 2758 aliquandomittebant
3255 2657 3590 2745 absentibus.

373 2761 543 2833 Dandi
565 2759 926 2833 Aprtesentibus
953 2761 1237 2830 antiquum
1278 2752 1443 2815 ritum
1467 2760 1685 2833 esbibet
1717 2752 1862 2814 Ordo
1893 2752 2192 2812 Romanus.
2241 2754 2592 2819 Litterarum,
2623 2752 2821 2824 quibus
2843 2755 3172 2822 mitteretur,
3203 2755 3447 2815 formulae
3465 2776 3595 2831 qua-

373 2842 496 2887 tuor
523 2831 612 2886 bic
633 2831 998 2888 continentur.

905 2941 1206 3000 TITULUS
1242 2943 1282 2997 1.

372 3049 399 3078 ι
426 3035 483 3092 Si
513 3045 762 3107 pastores
787 3036 967 3091 ovium
1003 3035 1173 3091 solem
1207 3034 1452 3105 geluque
1480 3052 1579 3107 pro
1601 3036 1780 3108 gregis
1809 3035 1890 3090 sui

298 3129 546 3184 custodia
573 3129 660 3183 die
683 3143 748 3183 ac
775 3137 930 3183 nocte
956 3125 1100 3182 ferre
1129 3128 1367 3184 contenti
1393 3136 1558 3193 sunt,
1600 3137 1655 3183 ct
1700 3135 1759 3181 ut
1792 3141 1890 3181 ne-

1999 2956 2184 2996 sarum
2212 2939 2471 2996 solemnia
2521 2937 2841 2995 celebranda
2883 2942 3303 3009 transmisimus,
3335 2960 3441 3015 quo
3487 2961 3595 3001 non

2000 3033 2177 3097 aliter,
2203 3031 2459 3086 Ecclesiae
2488 3038 2593 3086 tua:
2617 3031 2914 3103 privilegiis
2943 3032 2996 3087 in
3022 3048 3120 3088 suo
3156 3042 3298 3090 statu
3329 3040 3597 3094 manenti-

1999 3126 2122 3191 bus,
2155 3125 2233 3180 uti
2276 3125 2554 3195 largimur.
2585 3139 2748 3195 quam
2777 3125 3094 3183 decessores
3134 3129 3594 3198 praedecessorcs-

299 3236 568 3292 quaquam
593 3236 657 3275 ex
692 3221 793 3286 eis,
821 3228 914 3274 aut
940 3219 1170 3274 errando
1194 3227 1442 3290 pereant,
1473 3229 1564 3273 aut
1595 3219 1784 3274 ferinis
1813 3217 1892 3271 la-
1921 3247 1964 3308 ρ
1997 3232 2104 3288 que
2130 3226 2248 3271 tuos
2275 3232 2404 3271 usos
2447 3232 2566 3272 esse
2594 3217 2926 3287 incognitum
2957 3234 3065 3273 non
3087 3219 3273 3276 habes.

297 3315 458 3369 niatze
474 3313 744 3368 morsibus
759 3313 1082 3375 moriantur,
1098 3312 1270 3368 oculis
1306 3327 1520 3382 semper
1545 3311 1894 3382 vigilantibus

296 3407 772 3477 circumspectant,
799 3405 907 3475 83
937 3413 1138 3474 quanto
1171 3404 1370 3459 sudore
1400 3412 1712 3475 quantaque
1763 3419 1893 3458 cura

296 3497 590 3554 debeamus
606 3513 726 3554 esse
751 3499 1176 3568 pervigiles,nos
1199 3499 1290 3568 qui
1322 3506 1568 3567 pastores
1589 3497 1892 3550 animarum

293 3591 551 3656 dicimur,
581 3593 961 3648 attendamus:
995 3605 1301 3663 susceptum
1352 3593 1586 3648 officium
1637 3593 1894 3647 exhibere

293 3697 429 3752 erga
461 3682 767 3736 custodiam
796 3683 1193 3738 dominicarum
1234 3686 1418 3738 ovium
1456 3699 1563 3737 non
1594 3699 1890 3749 cessemus,

251 3800 256 3804 -
291 3787 365 3827 ne
395 3771 452 3824 in
481 3770 567 3824 dic
599 3770 766 3825 divini
798 3773 1082 3835 examinis,
1111 3787 1210 3841 pro
1243 3773 1447 3826 desidia
1499 3780 1682 3825 nostra
1707 3812 1722 3836 ,
1771 3782 1894 3827 ante

294 3876 570 3917 summum
599 3871 895 3930 pastorem,
917 3862 1242 3932 negligentia
1272 3870 1454 3916 reatus
1477 3877 1574 3916 nos
1594 3863 1888 3930 excruciet,

297 3953 440 4008 unde
467 3953 628 4008 modo
660 3954 881 4008 honoris
905 3954 1207 4007 reverentia
1237 3953 1581 4008 sublimiorcs
1618 3953 1760 4008 inter
1788 3969 1892 4010 ca:-

297 4053 444 4098 teros
462 4043 792 4114 iudicamur.
1453 4030 1460 4035 ’

367 4133 592 4188 Pallium
621 4144 799 4190 autem
832 4133 1161 4189 fraternitati
1197 4143 1300 4188 tuae
1349 4149 1416 4189 ex
1445 4150 1616 4201 more,
1659 4135 1726 4190 ad
1753 4136 1887 4190 mis-

370 4287 396 4315 ι
440 4271 499 4328 Si
532 4283 782 4344 pastores.
817 4272 1003 4328 Nullus
1038 4273 1194 4342 plane
1239 4274 1444 4336 dubito,
1471 4275 1600 4344 quin
1636 4275 1752 4328 hmc
1783 4275 1890 4330 for-

295 4344 439 4400 mula
469 4345 752 4413 desumpta
784 4345 854 4399 sit
897 4361 962 4398 ex
991 4345 1254 4414 Gregorio
1283 4344 1510 4414 Magno,
1569 4361 1675 4398 nou
1709 4354 1889 4400 tamen

296 4416 528 4470 fortasse
557 4424 662 4468 tota
695 4431 761 4469 ex
793 4432 900 4469 uno
947 4416 1097 4479 loco,
1154 4417 1246 4470 sed
1286 4431 1349 4469 ex
1396 4415 1622 4469 diversis
1656 4415 1781 4469 hinc
1836 4425 1891 4471 et

296 4487 442 4540 inde.
475 4485 530 4540 ld
557 4485 855 4556 fragmenta
886 4488 1131 4556 qumdam
1182 4486 1350 4540 variis
1397 4486 1638 4556 epistolis
1686 4485 1888 4542 inserta

295 4558 574 4627 produnt:
612 4557 662 4609 id
703 4559 894 4611 suadet
933 4558 1139 4627 stvlus,
1194 4559 1282 4626 qui
1333 4567 1476 4610 totus
1519 4556 1889 4627 Gregorianus

2068 3307 2232 3377 Cujus
2277 3309 2534 3378 quoniam
2565 3310 2866 3367 indumenti
2905 3312 3078 3368 honor
3101 3316 3349 3373 modesta
3377 3325 3596 3374 actuum

1995 3401 2284 3458 vivacitate
2316 3403 2614 3458 servandus
2635 3413 2738 3469 est,
2759 3407 3066 3472 hortamur,
3088 3417 3145 3462 ut
3168 3411 3218 3464 ei
3242 3425 3454 3467 morum
3478 3420 3597 3467 tuo-

1993 3510 2118 3549 rum
2153 3506 2472 3550 ornamenta
2516 3498 2874 3562 consentiant,
2900 3510 3167 3570 quatenus
3215 3514 3437 3562 auctore
3457 3505 3591 3576 Deo,

1997 3596 2142 3641 recte
2171 3586 2457 3655 utrobique
2487 3588 2662 3655 possis
2685 3603 2808 3642 esse
2835 3591 3181 3660 conspicuus.

2067 3676 2253 3744 Itaque
2280 3675 2390 3728 vita
2447 3683 2535 3728 tua
2583 3677 2708 3731 ﬁliis
2739 3678 2845 3732 tuis
2875 3678 2946 3732 sit
2993 3680 3217 3751 regula.-
3251 3684 3305 3738 in
3351 3685 3501 3756 ipsa,
3547 3689 3595 3745 si

1999 3781 2104 3836 qua
2131 3765 2402 3835 torpitudo
2423 3764 2525 3819 illis
2555 3766 2767 3822 invecta
2796 3777 2897 3835 est,
2924 3785 2982 3825 se
2999 3772 3211 3844 erigant
3237 3792 3249 3828 :
3282 3774 3335 3830 in
3361 3791 3424 3831 ea
3448 3781 3592 3848 quod

1997 3857 2292 3921 imitentur,
2348 3858 2649 3927 aspiciant:
2685 3861 2738 3914 in
2788 3861 2902 3931 ipsa
2948 3877 3163 3934 semper
3201 3869 3592 3928 considerando

1992 3947 2303 4018 proficiant,
2337 3959 2393 4002 ut
2430 3958 2602 4014 tuum,
2632 3962 2753 4022 post
2787 3953 2980 4022 Deum,
3007 3957 3256 4014 videatur
3283 3977 3425 4030 esse,
3453 3965 3592 4022 bene

1993 4043 2138 4112 quod
2163 4043 2416 4097 vixerint.

2068 4133 2094 4172 δ
2121 4132 2233 4213 (301·¹
2251 4149 2380 4200 ergo
2405 4151 2578 4206 neque
2633 4153 2914 4210 prospera,
2939 4158 3058 4211 qua:
3083 4147 3456 4216 temporaliter
3474 4151 3590 4226 84

1992 4270 2153 4350 mula:
2178 4280 2380 4326 nostra:
2425 4275 2717 4350 admodum
2746 4278 2974 4350 similia:
3020 4299 3038 4329 ‹
3080 4280 3134 4334 Si
3169 4291 3418 4350 pastores
3469 4289 3589 4344 ani-

1993 4341 2214 4428 {natium
2242 4359 2344 4428 pro
2367 4346 2651 4428 commodo
2706 4349 3016 4428 temporali,
3071 4341 3217 4407 tanto
3267 4341 3588 4428 semetipsos

1993 4410 2179 4501 Labore
2210 4412 2470 4501 alliciunt,
2501 4423 2569 4501 ‘ut
2607 4430 2736 4501 oves
2765 4410 3108 4501 dominorum
3136 4439 3358 4480 suorum
3382 4410 3588 4501 absque

1993 4482 2191 4536 damno
2211 4485 2623 4572 custodi-anget
2649 4485 2862 4572 lucrum
2883 4492 3165 4572 acquirere
3181 4497 3385 4564 possint

1995 4568 2093 4607 nos
2121 4565 2366 4642 e‘contra
2427 4557 2480 4610 iu
2513 4556 2600 4642 die
2629 4558 2860 4642 districti
2908 4556 3100 4629 iudicii
3132 4556 3329 4622 dicturi
3361 4556 3583 4642 sum'us,

295 4614 379 4681 cst
407 4629 678 4700 :Asuadcnt
700 4639 750 4681 et
773 4614 1444 4698 Gregorianmsententiae.
1464 4627 1614 4700 Quod
1631 4614 1766 4682 “cum
1793 4645 1889 4698 per
1914 4614 1966 4672 D
1991 4625 2208 4700 quando
2243 4629 2552 4696 apparuerit
2580 4638 2767 4697 pastor
2792 4614 3099 4700 pastorum,

295 4711 354 4769 se
389 4698 613 4762 clareat,
637 4699 848 4752 elucere
880 4709 1057 4753 tamen
1107 4708 1286 4769 potest
1318 4699 1657 4753 manifestius
1685 4713 1749 4752 ex
1783 4701 1888 4754 col-

296 4768 498 4822 latione
517 4785 638 4823 cum
667 4769 930 4839 epistolis,
958 4768 1178 4839 quas’S.
1209 4769 1480 4833 Pontifex,
1517 4786 1636 4823 cum
1667 4769 1885 4839 pallium

294 4841 558 4903 mitteret,
588 4849 680 4894 aut
729 4841 1012 4911 episcopos
1037 4857 1226 4895 recens
1254 4840 1531 4894 ordinatos
1558 4841 1775 4894 monitis
1807 4842 1888 4896 in-

295 4919 556 4981 strueret,
580 4911 644 4963 ad
674 4912 916 4966 diversos
942 4913 1175 4981 scripsit,
1203 4911 1505 4980 praesertim
1532 4925 1663 4964 vero
1684 4912 1750 4965 ad
1777 4911 1887 4966 Ma-

293 4982 504 5035 ximum
535 4980 909 5053 salenitauum
939 4980 1270 5053 episeopum.

365 5052 679 5105 Foriuulam
707 5053 845 5107 hanc
872 5069 1065 5122 magna
1102 5052 1168 5107 ex
1191 5062 1345 5123 parte
1392 5052 1628 5108 Joannes
1653 5052 1764 5107 Vlll
1793 5054 1887 5108 ad-

295 5123 491 5194 hibuit,
515 5138 639 5177 cum
667 5139 808 5177 anno
836 5123 957 5179 878.
988 5123 1221 5178 Walloni
1254 5125 1476 5180 Meteusi
1502 5125 1752 5194 episcopo
1774 5124 1888 5194 pal-

293 5193 428 5264 lium
459 5194 702 5248 mitteret
727 5212 740 5248 :
779 5194 1066 5264 descripsit
1091 5196 1235 5250 enim
1284 5197 1451 5250 verbo
1477 5193 1550 5249 ad
1571 5193 1791 5248 verbum
1819 5196 1886 5250 ad

294 5263 414 5319 lucc
474 5279 644 5334 usque
678 5307 694 5330 ,
753 5263 1063 5319 indiscretus
1112 5267 1361 5321 inveniat.
1400 5267 1660 5322 Adhibuit
1719 5267 1883 5320 etiam

293 5334 407 5389 Leo
441 5335 550 5400 VII,
580 5351 706 5389 ann.
740 5335 864 5397 955,
895 5352 1015 5389 cum
1069 5337 1287 5404 pallium
1341 5340 1604 5392 tribueret
1642 5337 1886 5390 Cerardo

292 5404 646 5460 Lauriacensi
674 5424 685 5459 :
714 5406 855 5460 sicut
900 5414 953 5459 et
997 5405 1303 5461 Alexander
1331 5407 1375 5462 ll
1414 5425 1555 5461 anno
1599 5407 1732 5460 1062
1761 5423 1883 5461 cum

291 5478 506 5600 pariter
556 5477 779 5547 pallium
812 5474 972 5529 Petro
1001 5475 1280 5531 Dalmatiae
1313 5479 1566 5548 episcopo
1604 5478 1880 5546 dirigeret.

331 5556 459 5600 uvat
490 5545 733 5600 Joannis.
779 5546 974 5600 Leonis
1019 5560 1068 5599 et
1110 5547 1397 5600 Alexandri
1456 5547 1709 5600 epistolas
1759 5563 1880 5600 cum

331 5556 459 5601 uvat
490 5545 733 5609 Joannis,
779 5546 974 5601 Leonis
1019 5560 1068 5599 et
1110 5545 1397 5600 Alexandri
1456 5545 1730 5616 epistolas
1759 5563 1883 5601 cum

297 5616 533 5670 formula
567 5617 753 5671 Diurni
784 5629 1136 5686 componere.
1173 5617 1298 5670 inde
1328 5618 1469 5670 enim
1506 5628 1560 5670 et
1607 5633 1736 5671 usus
1762 5633 1880 5671 ma-

299 5687 553 5743 nifestior
580 5686 705 5754 ﬁet,
755 5696 810 5742 et
845 5686 1227 5742 ecclesiastica:
1275 5687 1593 5742 eruditionis
1639 5688 1882 5743 nonnihil

297 5758 518 5814 existet.

367 5829 428 5884 In
457 5830 648 5885 ordine
669 5829 913 5885 Romano
933 5871 947 5895 ,
986 5845 1108 5885 cum
1140 5828 1420 5885 ordinatur
1464 5830 1779 5899 episcopus,
1825 5829 1881 5885 in

305 5899 684 5956 exhortatione
708 5901 1025 5965 ordinantis,
1077 5899 1344 5954 habentur
1372 5900 1486 5954 haec
1515 5915 1618 5955 exo

1685 5903 1736 5956 io
1765 5899 1878 5954 for-
1929 5902 1931 5904 ’

2067 4695 2106 4778 b.
2129 4693 2375 4793 Cogergo
2400 4693 2706 4793 nequeietc.
2739 4693 2886 4793 Ade-lo
2907 4693 3100 4784 similia
3125 4716 3272 4793 sunt,
3299 4727 3420 4793 qum
3445 4713 3583 4772 Gre-

1993 4767 2178 4889 gorius
2211 4767 2432 4850 Magnus
2461 4769 2648 4822 scribit
2687 4771 2753 4824 ad
2810 4772 3102 4829 Maximum
3153 4767 3580 4851 Salonitariuni,

2012 4839 2082 4889 ib.
2117 4853 2186 4889 vn
2217 4849 2374 4889 enist.
2406 4838 2527 4889 130.
2553 4849 2610 4889 ut
2637 4857 2756 4889 num
2804 4842 2965 4889 habet
2995 4844 3228 4889 nitu-nnc
3298 4868 3403 4889 nnn
3436 4855 3580 4889 “una

2012 4839 2082 4892 ib.
2117 4853 2194 4912 vn
2217 4839 2374 4912 epist.
2406 4838 2527 4903 150,
2553 4849 2610 4892 ut
2637 4857 2756 4912 qua:
2804 4842 2965 4897 habet
2991 4844 3228 4904 Diurnus
3249 4891 3263 4912 ,
3298 4868 3404 4908 non
3435 4838 3584 4911 aliud

1990 4923 2111 4984 esse
2148 4909 2472 4984 videantur,
2482 4909 2667 4984 quam
2695 4910 3040 4984 Gregorianze
3069 4909 3462 4979 exhortationis
3489 4909 3584 4980 ex;

1987 4980 2230 5048 plicatio.
2305 4998 2322 5030 ‹
2365 4979 2590 5035 Pallium
2648 4983 2714 5036 ad
2767 4979 2919 5039 sacra
2979 4986 3263 5045 Missarum
3319 4979 3580 5050 solemnia

1987 5051 2342 5132 utendumex
2382 5067 2530 5132 more
2579 5057 3182 5132 tran_s_misimt_ts,_cujus
3213 5077 3306 5118 vos
3333 5063 3582 5122 volumus

1989 5136 2088 5199 per
2116 5123 2297 5199 omnia
2322 5123 2538 5199 genium
2568 5125 2856 5199 vendicare
2881 5147 2893 5180 :
2923 5123 3249 5199 hujus'enim
3278 5134 3580 5192 indumenti

1990 5191 2164 5273 honor
2189 5192 2462 5273 humilitas
2485 5202 2650 5264 atque
2689 5194 2898 5273 ju‘stitia
2943 5191 3026 5273 est
3052 5220 3074 5273 :7
3093 5210 3214 5273 tota
3239 5216 3369 5273 ergo
3397 5191 3580 5263 mente

1989 5263 2304 5345 fraternitas
2337 5274 2529 5345 vestra
2563 5263 2625 5319 se
2659 5269 2931 5345 exhibere
2958 5270 3176 5345 festinet
3202 5270 3260 5345 in
3301 5263 3579 5345 prosperis

1990 5333 2267 5416 humilem,
2297 5344 2364 5416 et
2384 5335 2434 5388 in
2463 5337 2702 5416 adversis
2726 5379 2740 5404 ,
2773 5341 2816 5416 s_i
2847 5339 3068 5416 quando
3110 5333 3398 5409 eveniunt,
3431 5333 3575 5402 lcum

1983 5409 2195 5479 justitia
2221 5414 2482 5479 erectam,
2508 5409 2740 5463 amicam
2800 5411 2973 5463 bonis.
3027 5410 3095 5463 Et
3145 5419 3416 5479 perversis
3441 5433 3574 5473 con-

1989 5475 2210 5558 trariam
2241 5475 2440 5531 nullius
2471 5479 2938 5558 _unq_uam__faciem
2970 5493 3068 5558 pro
3093 5475 3324 5558 veritate
3353 5487 3574 5558 loquen-

1987 5545 2067 5623 tis_
2107 5561 2379 5623 premens,
2414 5545 2798 5604 misericordiae
2836 5545 3095 5623 operibus
3129 5545 3573 5623 juxtavirtutem

1987 5616 2303 5671 substantia:
2335 5619 2619 5678 insistens;
2654 5627 2708 5671 et
2739 5616 2914 5672 tamen
2962 5616 3212 5682 insistere
3239 5629 3402 5683 etiam
3430 5629 3572 5684 ultra

1984 5688 2242 5762 virtutem
2274 5690 2516 5762 cupiens,
2548 5688 2776 5762 infirmis
2797 5694 3154 5762 compatiens,
3175 5699 3314 5752 bene
3340 5698 3572 5756 valenti-

1984 5757 2086 5837 bus
2109 5761 2471 5837 congaudens,
2493 5757 2686 5837 aliena
2710 5759 2903 5837 damna
2921 5757 3150 5835 propria
3181 5769 3464 5837 deputans,
3503 5770 3571 5826 de

1987 5829 2198 5905 alieniis
2237 5828 2448 5905 gaudiis
2486 5836 2741 5905 tanquam
2767 5833 2832 5887 de
2868 5828 3101 5905 propriis
3156 5828 3434 5896 exsultans
3451 5828 3473 5895 ’ς
3508 5841 3565 5894 in

1985 5899 2322 5968 corrigendis
2348 5905 2529 5953 autem
2554 5899 2697 5956 vitiis
2731 5899 2986 5969 saeviens:
3008 5907 3063 5960 in
3114 5907 3356 5965 fovendis
3395 5911 3567 5964 virtu-
