4062 6486
311 443 375 504 εις
1256 416 1697 496 ROMANORUM
1736 435 2178 496 PONTIFICUM.
2217 438 2462 496 —CAP.
2505 440 2595 497 Iv.
3499 446 3569 503 so

312 561 403 619 sit:
439 555 504 615 ad
532 554 857 612 desiderium
882 564 1098 612 aeternae
1130 550 1276 620 vitae,
1297 554 1525 610 docente
1555 563 1608 609 te
1634 595 1648 618 ,
1705 555 1878 624 suspi-
1905 557 1960 618 Α
1983 554 2290 610 stantialem
2327 555 2456 622 sibi,
2478 570 2578 626 per
2607 556 3005 628 impositioncm
3038 574 3292 615 manuum
3339 563 3572 620 homini-

312 656 454 708 rent:
490 655 580 700 tuo
611 646 852 701 viventes
895 645 1139 715 exemplo
1167 685 1182 710 ,
1237 646 1306 699 ad
1353 658 1472 698 eam
1516 645 1870 714 perveniant:

311 738 613 812 tanporalia
639 738 958 809 despiciant,
989 746 1047 793 et
1075 754 1196 810 qua:
1249 737 1551 792 transitura
1576 743 1723 801 sunt,
1749 751 1879 792 con-

224 877 228 882 -
309 841 616 898 temnentes,
647 832 717 888 ad
736 847 802 888 ea
825 846 1060 903 semper,
1083 847 1206 906 qum
1237 832 1382 887 nullo
1405 831 1512 887 line
1533 831 1876 895 clauduntur,

307 926 566 988 anhelent.
1646 943 1653 950 κ

369 1019 424 1076 lu
451 1019 533 1074 his
559 1018 722 1088 igitur
742 1017 980 1074 studium
1017 1017 1232 1083 adhibe,
1252 1018 1314 1071 in
1334 1016 1420 1071 his
1443 1024 1553 1072 tota
1577 1015 1772 1070 mentis
1797 1015 1877 1069 in-

309 1113 536 1170 tentione
582 1113 854 1182 persiste:
887 1120 1155 1182 quatenus
1204 1111 1330 1165 dum
1363 1118 1456 1163 tua
1499 1108 1880 1179 praedicatione

305 1219 453 1279 atque
479 1208 589 1278 87
623 1207 920 1262 inuitatione
946 1207 1062 1260 hac
1114 1204 1316 1259 fuerint
1365 1204 1640 1258 consecuti
1668 1244 1681 1268 ,
1728 1209 1882 1257 tanto

301 1297 498 1367 majora
527 1314 558 1351 a
588 1299 698 1352 Deo
731 1306 920 1352 nostro
953 1297 1204 1367 recipias,
1235 1303 1440 1366 quanto
1466 1307 1704 1365 congrua
1735 1293 1885 1348 solli-

302 1392 533 1448 citudine
580 1390 856 1447 lucrandis
883 1393 932 1446 ei
964 1393 1247 1447 animabus
1279 1389 1440 1446 ofﬁcii
1489 1391 1569 1446 tui
1619 1405 1878 1446 exercere

302 1497 455 1554 opera
487 1482 711 1538 minime
741 1483 1033 1538 destiteris.

368 1565 604 1630 Paliium'
626 1585 914 1648 pmtema,
931 1576 1088 1646 juxta
1122 1577 1399 1645 antiquam
1415 1575 1881 1641 consuetudinem,

297 1667 621 1723 fraternitati
650 1677 756 1723 tuae
775 1668 1198 1733 transmisimus,
1213 1681 1319 1736 quo
1343 1667 1423 1720 ita
1444 1666 1524 1720 uti
1551 1665 1884 1731 memineris,

297 1759 430 1816 sicut
461 1762 901 1830 predecessores
913 1761 1084 1816 nostri
1109 1761 1218 1814 tuis
1242 1759 1733 1829 praedecessoribus
1759 1773 1890 1814 con-

295 1863 531 1917 cessere,
557 1860 585 1890 ι
611 1851 1020 1922 privilegiorum
1071 1860 1285 1904 tuorum
1329 1850 1537 1905 scilicet
1581 1850 1888 1921 integritate

295 1959 441 1998 serva
449 1952 508 1997 ta
518 1983 533 1997 .

358 2035 560 2090 Fidem
594 2043 776 2089 autem
797 2033 1155 2089 fraternitatis
1175 2041 1296 2099 ture,
1321 2032 1569 2103 quamvis
1587 2033 1640 2087 in
1662 2033 1888 2103 epistola

292 2139 448 2196 quam
479 2125 730 2180 direxisti
749 2165 764 2190 ,
827 2125 1098 2179 subtiliter
1128 2125 1405 2180 debuisses
1452 2139 1762 2194 exponere;
1792 2139 1889 2180 ve-

290 2224 605 2271 rumtamen
632 2215 879 2270 laetamur
905 2217 962 2269 in
989 2214 1239 2280 Domino,
1271 2216 1365 2285 qui
1391 2227 1512 2269 eam
1541 2222 1745 2270 rectam
1769 2227 1893 2271 esse

292 2319 358 2360 ex
383 2303 622 2359 solemni
649 2303 878 2376 symboli
904 2303 1246 2364 confessione
1275 2304 1587 2366 didicimus.

359 2399 387 2440 δ
414 2398 692 2454 Prmteren
721 2396 969 2467 pervenit
994 2398 1062 2452 ad
1085 2411 1204 2464 nos,
1233 2398 1379 2468 quod
1414 2398 1553 2453 sacri
1577 2397 1802 2454 ordines
1829 2397 1887 2453 in

291 2490 396 2546 illis
436 2489 691 2560 partibus
749 2503 870 2564 cum
928 2487 1144 2545 datione
1190 2489 1460 2556 commodi
1497 2488 1888 2564 conferantur:

291 2583 503 2656 quod'si
527 2582 601 2636 ita
625 2589 730 2648 est,
744 2563 882 2637 ﬂens
901 2580 1041 2648 dico,
1058 2596 1280 2652 gemens
1299 2582 1575 2645 denuntio,
1597 2583 1744 2650 quia,
1769 2563 1893 2640 cum

295 2677 651 2734 sacerdotalis
671 2677 806 2733 ordo
831 2676 979 2731 intus
999 2676 1216 2744 cecidit,
1245 2674 1380 2730 foris
1401 2688 1615 2745 quoque
1642 2675 1730 2729 diu
1750 2682 1894 2730 stare

288 2787 402 2828 non
425 2771 671 2844 poterit:
701 2771 907 2826 scimus
950 2770 1148 2844 quippe
1193 2785 1261 2832 ex
1289 2767 1601 2839 Evangelia,
1636 2767 1762 2838 quid
1792 2767 1896 2822 lle-

290 2861 549 2936 demptor
575 2870 760 2920 noster
781 2875 882 2934 per
904 2861 1256 2932 semetipsum
1288 2859 1500 2926 fecerit,
1530 2858 1656 2929 quia
1687 2858 1896 2929 ingres-.

290 2966 384 3009 sus
412 2951 681 3023 templum
731 2951 1024 3009 cathedras
1053 2949 1400 3006 vendentium
1429 2948 1708 3004 columbas
1741 2961 1898 3004 ever-

290 3047 355 3102 tit
384 3047 612 3118 (Matth.
673 3061 788 3110 xxr,
814 3061 868 3099 v.
894 3044 1004 3118 l2).
1042 3044 1332 3110 Columbae
1359 3045 1504 3117 enim
1535 3042 1792 3109 vendere,
1813 3047 1898 3112 est

292 3139 358 3194 de
385 3137 604 3211 Spiritu
650 3145 864 3204 sancto,
896 3152 1058 3208 quem
1107 3137 1250 3192 Deus
1287 3136 1631 3206 omnipotens
1661 3135 1896 3190 consub-

361 3295 839 3378 1-Privilegiorum
865 3296 1162 3378 integritate
1190 3302 1414 3376 serrata.
1434 3291 1897 3378 Cum‘mitteretur
1923 3313 1970 3378 ρ

284 3367 548 3440 pallium,
577 3375 699 3440 aut
727 3366 1167 3440 concedebantur
1211 3366 1587 3440 primum,_aut
1635 3379 1894 3440 concessa

282 3433 513 3510 pridem
567 3437 1059 3510 confirmabantun
1087 3433 1402 3510 privilegia.‘
1457 3435 1749 3510 Gregorius
1792 3433 1898 3510 Ma-

283 3505 435 3579 gnus
459 3507 715 3579 concedit
740 3507 974 3579 primum
1006 3506 1236 3579 Siagrio,
1273 3526 1290 3557 ί
1320 3505 1473 3574 cujus
1500 3505 1807 3579 indumenti
1829 3520 1900 3560 ne

1962 648 2083 705 'bus
2135 649 2352 716 tribuit,
2417 651 2756 706 commodum
2808 651 3107 722 temporale
3153 654 3471 726 percipere:
3503 672 3573 712 ex

1981 757 2109 812 quo,
2141 751 2203 798 ut
2227 743 2473 812 praedixi,
2504 742 2645 798 malo
2663 742 2776 813 jam
2823 745 3090 812 innuitur,
3113 745 3243 818 quid
3273 747 3573 818 subsequa-

1981 841 2105 888 tur:
2135 834 2260 904 quia
2287 834 2378 904 qui
2415 834 2469 889 in
2499 834 2702 904 templo
2728 835 2825 891 Dei
2854 835 3135 892 columbas
3162 837 3402 896 vendere
3428 853 3573 912 prae-

1983 933 2347 995 sumpserunt,
2381 941 2569 981 eorum
2590 969 2603 994 ,
2655 927 2766 982 Deo
2789 925 2974 998 judice
2995 970 3010 994 ,
3065 929 3336 986 cathedrae
3365 932 3578 988 cecide-

1981 1026 2130 1083 runt,
2160 1019 2288 1088 quia
2324 1020 2574 1076 videlicet
2602 1036 2757 1076 error
2781 1021 2836 1076 in
2867 1022 3111 1078 subditos
3133 1039 3256 1078 cum
3289 1033 3576 1096 augmento

1982 1118 2314 1180 propagatur
2341 1125 2355 1164 :
2398 1127 2522 1166 nam
2547 1113 2660 1183 ipse
2678 1127 2914 1184 quoque,
2939 1114 3031 1182 qui
3061 1113 3236 1186 pretio
3263 1114 3330 1169 ad
3361 1129 3576 1170 sacrum

1983 1200 2246 1255 honorem
2282 1203 2618 1271 perdueitur,
2653 1204 2764 1276 jam
2808 1203 2861 1258 in
2897 1204 3014 1276 ipsa
3045 1213 3334 1276 provectus
3368 1207 3452 1262 sui
3491 1222 3579 1261 ra-

1987 1295 2104 1348 dice
2127 1294 2370 1361 vitiatus,
2400 1306 2626 1366 paratus
2651 1305 2734 1352 ("st
2764 1297 2885 1353 aliis
2913 1299 3228 1354 venundare
3249 1299 3392 1370 quod
3421 1299 3576 1356 emit.

1985 1384 2054 1440 Et
2105 1385 2194 1440 ubi
2236 1395 2320 1440 est
2367 1388 2512 1456 quod
2563 1387 2827 1458 scriptum
2878 1399 2998 1443 est:
3028 1385 3206 1444 Gratis
3262 1391 3580 1463 accepistis,

1987 1475 2152 1544 gratis
2180 1475 2302 1530 date
2330 1474 2608 1548 (Matth.x,
2635 1495 2682 1532 υ.
2707 1479 2785 1550 8).

2058 1567 2172 1638 88
2202 1567 2336 1622 Cum
2375 1569 2552 1639 prima
2583 1579 2772 1625 contra
2799 1579 3045 1628 sanctam
3072 1573 3372 1630 Ecclesiam
3398 1573 3578 1633 Simo-

1989 1658 2144 1713 niaca
2167 1658 2392 1714 haeresis
2415 1660 2480 1715 sit
2498 1669 2710 1726 exorta,
2727 1678 2826 1718 cur
2849 1679 2958 1718 non
2987 1666 3341 1736 perpenditis,
3364 1683 3463 1722 cur
3478 1682 3584 1724 non

1991 1748 2212 1814 videtis,
2239 1749 2500 1819 quoniam
2522 1767 2646 1806 cum
2671 1753 2900 1823 quisque
2943 1769 3065 1808 cum
3103 1755 3279 1832 pretio
3327 1755 3583 1823 ordinat,

1993 1839 2344 1907 provehendo
2371 1841 2504 1910 agit,
2528 1849 2589 1894 ut
2617 1841 2903 1898 hmreticus
2933 1843 3062 1897 fiat?

1917 1949 1966 2010 Β
2062 1931 2170 1987 Pro
2193 1948 2296 2002 qua
2320 1948 2381 1988 re
2427 1924 2692 1988 admoneo
2729 1943 2892 2004 atque
2921 1935 3197 2001 obtestor,
3250 1944 3311 1991 ut
3361 1936 3584 1993 omnino

1993 2023 2192 2079 debeas
2213 2039 2336 2078 esse
2362 2023 2649 2091 sollicitus,
2673 2033 2734 2078 ut
2761 2025 2896 2079 nihil
2948 2025 3053 2081 sibi
3099 2027 3367 2082 commodi
3397 2027 3548 2084 datio
3567 2069 3585 2095 ,

1992 2115 2126 2170 nihil
2151 2116 2344 2186 gratia,
2372 2115 2508 2170 nihil
2542 2117 2906 2186 quarumlibet
2957 2118 3280 2190 supplicatio
3327 2135 3588 2190 persona-

1992 2223 2114 2262 rum
2139 2208 2193 2261 in
2222 2208 2394 2264 sacris
2414 2209 2697 2264 ordinibus
2728 2210 2969 2265 vindicet
2997 2227 3009 2263 :
3044 2212 3140 2266 sed
3165 2210 3256 2267 ille
3279 2211 3348 2265 ad
3377 2213 3482 2268 hoc
3513 2211 3590 2267 of-

1995 2297 2181 2356 ficium
2199 2297 2556 2368 perducatur,
2586 2315 2748 2371 quem
2784 2315 2999 2356 morum
3026 2302 3268 2370 gravitas
3313 2296 3590 2358 commen-

1994 2391 2106 2458 dat,
2137 2398 2192 2446 et
2223 2392 2466 2448 actiones
2493 2409 2506 2446 :
2539 2409 2667 2448 nam
2695 2394 2761 2462 si,
2797 2394 2940 2464 quod
2988 2409 3094 2449 non
3125 2393 3418 2462 credimus,
3471 2394 3591 2450 ﬁeri

1995 2483 2105 2539 tale
2134 2483 2336 2556 aliquid
2367 2486 2723 2554 senserimus,
2757 2487 3022 2557 canonica
3052 2487 3182 2546 illud
3213 2528 3227 2556 ,
3281 2495 3344 2544 ut
3369 2488 3591 2559 dignum

1997 2582 2099 2640 est,
2133 2576 2426 2633 severitate
2464 2578 2818 2647 corrigemus.

2072 2680 2092 2707 ο
2110 2667 2342 2724 Oramus
2363 2670 2784 2740 omnipotentem
2812 2671 2998 2738 Deum,
3014 2678 3073 2726 ut
3091 2687 3189 2727 sua
3207 2679 3264 2728 te
3288 2671 3591 2728 munitione

2000 2761 2378 2834 circumtegat,
2405 2771 2460 2819 et
2493 2762 2785 2818 sacerdotii
2807 2771 3120 2835 susceptum
3153 2749 3387 2822 officium
3413 2768 3592 2837 operi-

1997 2853 2100 2911 bus
2126 2854 2356 2926 implere
2381 2857 2659 2913 concedat.

2584 2949 2886 3008 TITULUS
2923 2951 3008 3007 111.

2628 3041 2764 3098 Item
2803 3043 2970 3098 aliud.

2070 3131 2098 3170 ἀ
2124 3129 2280 3186 Pallii
2309 3148 2492 3199 usum,
2522 3146 2686 3203 quem
2741 3133 2806 3186 ad
2836 3133 3191 3189 sacerdotalis
3238 3132 3400 3189 cilicii
3426 3132 3592 3190 deco-

2002 3292 2280 3362 desumpta
2308 3361 2311 3362 7
2343 3290 2561 3345 dicitur.
2617 3288 2836 3360 Legitur
2883 3289 3047 3345 etiam
3088 3289 3230 3360 apud
3275 3288 3590 3345 Goldastum

2004 3365 2059 3419 in
2091 3361 2384 3433 appendice
2407 3362 2870 3433 documentorum.

2075 3430 2189 3488 Hac
2235 3431 2421 3485 eadem
2461 3431 2629 3485 forma
2661 3430 2896 3485 Caesarie
2924 3430 3226 3486 Arelatensi
3256 3431 3480 3487 missum
3515 3446 3582 3485 ao

2007 3505 2201 3559 eodem
2235 3503 2561 3573 Symmacho
2584 3502 2804 3573 pallium
2839 3503 3086 3573 dubitare
3107 3503 3197 3555 vix
3225 3502 3369 3556 licet.
3400 3500 3595 3573 Quam-

281 3575 764 3650 niagniiicentiam
817 3577 1017 3632 nudam
1058 3575 1338 3650 videamur
1388 3578 1545 3650 modo
1572 3575 1897 3650 contulisse,

282 3644 412 3704 hoc'
432 3647 604 3701 etiam
652 3648 858 3715 pariter
894 3648 1272 3716 prospeximus
1318 3647 1738 3716 concedcmlum.
1773 3665 1788 3696 ι
1833 3644 1901 3697 Et

286 3727 503 3788 postea
532 3734 545 3769 :
582 3734 600 3765 ‹
648 3715 909 3788 ριιιιιὶιιᾰ
931 3715 1172 3788 rationis
1203 3718 1474 3788 or:_lo__nos
1500 3715 1787 3788 admonet,
1841 3721 1900 3767 ut

279 3784 564 3866 cumnusu
594 3784 743 3866 pallii
773 3785 953 3866 aliqua
990 3785 1176 3854 largiri
1210 3785 1504 3866 privilegia
1530 3784 1842 3866 debeamus.
1877 3803 1896 3836 ι

279 3855 753 3913 Confirmationis
812 3853 941 3908 olim
1008 3853 1652 3924 concesserun'i‘ubique
1702 3853 1902 3924 passim

281 3925 561 3994 exempla
585 3935 900 3994 occurrunt.

355 3999 388 4041 ιι
431 3994 709 4052 Prwlerea
736 3995 986 4064 pervenit,
1010 4002 1115 4056 etc.
1150 3994 1316 4050 Totus
1339 3995 1428 4050 hic
1453 3995 1602 4050 locus
1629 4003 1695 4048 de
1723 3994 1893 4049 simo-

282 4070 458 4126 niaca
492 4065 747 4126 ordinum
771 4064 1075 4127 collatione,
1125 4065 1442 4135 desumptus
1459 4075 1546 4124 est
1572 4066 1638 4120 ad
1660 4067 1776 4120 inec
1805 4083 1896 4120 us-

326 4155 396 4194 ue
428 4137 642 4207 verba,
671 4152 766 4207 pro
790 4153 896 4207 qua
964 4135 1340 4207 reradmoneo,
1384 4153 1450 4192 ex
1500 4137 1594 4192 lib.
1635 4153 1689 4191 tv
1737 4138 1898 4205 epist.

326 4155 396 4194 ue
428 4155 606 4196 verna
628 4177 642 4200 ,
671 4155 766 4206 pro
790 4155 896 4207 qua
964 4155 1018 4192 re
1051 4155 1340 4199 admoneo,
1384 4155 1450 4192 ex
1502 4155 1594 4192 nu.
1635 4155 1689 4191 Iv
1737 4155 1892 4205 epist.

284 4155 552 4280 ἔνθεοι-11
581 4203 755 4280 il-Iagni
781 4205 939 4280 epist.
981 4205 1050 4258 50
1080 4206 1145 4258 ad
1173 4206 1892 4280 V'irgiliurnhArelatenscm,

289 4275 434 4334 cum'
467 4279 522 4333 ei
564 4276 785 4346 pallium
819 4275 1086 4346 mitteret;
1132 4285 1185 4334 et
1232 4278 1389 4345 epist.
1427 4276 1494 4330 55
1547 4279 1612 4329 ad
1641 4275 1900 4330 Joannem

287 4345 718 4405 CorinthiOrum
747 4345 1080 4415 episcopum,
1111 4346 1207 4398 sed
1254 4347 1558 4415 praesertim
1587 4361 1652 4400 ex
1681 4347 1903 4414 epistola

288 4419 549 4488 ejusdem
580 4416 704 4488 libri
731 4431 816 4471 Lvl
846 4415 913 4488 ad
943 4415 1224 4488 episcopos
1268 4415 1510 4488 Graaciae,
1544 4417 1596 4469 in
1626 4433 1730 4488 qna
1772 4433 1903 4485 pau-

287 4486 372 4546 cis
394 4487 713 4544 immutatis
740 4487 1049 4540 continetur
1080 4486 1319 4542 clausula
1353 4487 1745 4552 exhortatoria,
1775 4503 1898 4556 qua:

286 4561 345 4615 in
375 4559 510 4613 aliis
544 4556 754 4629 duabus
782 4556 1465 4629 desideratur.chperitur
1505 4573 1719 4629 quoque
1750 4557 1840 4629 lib.
1869 4573 1922 4618 v,
2009 4559 2126 4613 ﬁcis
2156 4558 2436 4612 ordinator
2467 4556 2858 4629 insigniretur:
2893 4557 2948 4629 in
2985 4572 3218 4629 eumque
3249 4556 3468 4613 sensum
3504 4561 3588 4613 in-

287 4630 532 4699 epistola
559 4628 592 4680 7
624 4628 691 4682 ad
717 4627 999 4698 episcopos
1024 4627 1205 4698 Epiri,
1261 4643 1431 4699 usque
1465 4627 1554 4699 ad,
1577 4628 1690 4681 haec
1717 4628 1899 4693 verba,
1930 4669 1981 4699 η
2011 4637 2393 4698 terpretantur,
2425 4630 2570 4698 quod
2586 4627 2823 4697 ’Vigilius
2851 4627 3018 4684 solius
3053 4627 3364 4699 Symmachi
3392 4631 3584 4685 memi-

344 4717 565 4766 ramus,
584 4707 693 4754 etc.
713 4739 729 4766 ,
752 4669 850 4754 lcui
882 4669 1356 4754 llatneu'lclansulael
1401 4699 1505 4752 alia
1534 4698 1648 4754 fere
1696 4713 1794 4768 par
1824 4669 1906 4753 re:
1926 4669 1981 4730 Β
2014 4669 2112 4768 nit:
2146 4716 2249 4770 non
2278 4670 2405 4756 item
2425 4669 2888 4770 praedecessorum
2916 4669 3165 4754 alioruin.
3201 4700 3400 4757 Verum
3422 4702 3588 4757 verba

289 4773 558 4841 spondet.
1375 4839 1398 4841 μ
1700 4839 1710 4841 _
2016 4773 2129 4825 haec
2173 4769 2440 4841 formulae,
2489 4771 2752 4840 majorum
2794 4787 2954 4833 more,
2989 4778 3041 4824 et
3075 4771 3362 4841 secundum,
3392 4788 3587 4825 morem

362 4839 502 4896 Inde
534 4855 668 4895 vero
698 4839 948 4911 colligere
969 4847 1055 4898 est
1072 4849 1335 4910 quantum
1368 4839 1675 4898 Simoniaca
1698 4839 1813 4895 lues
1836 4856 1899 4896 ea
2015 4851 2119 4894 tum
2146 4840 2394 4906 et‘clesitr',
2425 4839 2798 4895 credulitatem
2827 4841 2984 4911 hanc
3023 4849 3310 4896 evertunt:
3342 4840 3404 4895 ﬁt
3441 4843 3586 4896 enim

292 4918 636 4982 tempestate
695 4910 1034 4982 grassaretur
1058 4951 1072 4974 ,
1121 4919 1489 4982 quantumque
1524 4911 1900 4965 sanctissinms
2017 4914 2239 4976 mentio,
2271 4919 2328 4965 et
2350 4911 2634 4981 majorum,
2666 4911 2759 4981 qui
2789 4910 2999 4980 plures:
3026 4920 3080 4966 et
3103 4913 3285 4978 moris,
3317 4912 3408 4982 qui
3441 4912 3585 4966 facto

291 4980 560 5037 Pontifex
593 4982 649 5035 in
677 4980 740 5035 ea
769 4981 1031 5035 abolenda
1066 4981 1408 5034 laboraverit.
1449 4981 1586 5048 Quid
1631 4995 1792 5050 porro
1818 4982 1902 5034 Si-
2007 4998 2115 5038 uno
2144 4999 2251 5036 non
2274 4980 2564 5037 inducitur.

293 5053 500 5106 monia:
547 5052 769 5122 nomine
803 5052 1313 5120 comprehenderet,
1337 5053 1469 5107 satis
1519 5061 1702 5121 aperte
1742 5053 1899 5106 docet
2077 5053 2189 5106 Hac
2242 5052 2402 5104 etiam
2457 5051 2653 5122 forma,
2703 5054 2888 5122 paucis
2942 5054 3261 5118 immutatis,
3318 5067 3446 5106 usus
3501 5061 3586 5108 est

293 5123 540 5192 epistola
570 5121 666 5186 44,
699 5121 788 5177 lib.
835 5139 906 5178 tv.
945 5122 1147 5178 Locum
1177 5123 1418 5192 consule,
1440 5134 1495 5178 et
1523 5125 1571 5182 si
1605 5122 1716 5184 vis,
1778 5123 1900 5176 inde
2004 5122 2283 5177 Paschalis
2311 5122 2333 5174 l
2363 5138 2483 5175 cum
2525 5121 2802 5177 Bernardo
2844 5125 3135 5180 Viennensi
3187 5125 3440 5192 episcopo
3467 5122 3583 5191 pal-

293 5191 494 5265 oculos
526 5193 581 5247 in
624 5202 1075 5265 nostratempora
1103 5191 1338 5265 reflecte.
1374 5191 1612 5265 Insertus
1643 5192 1904 5265 estlocus
2003 5193 2135 5248 lium
2167 5193 2406 5246 mitteret
2431 5208 2556 5265 ann.
2583 5194 2705 5248 817.
2736 5193 2949 5258 Paucis,
2980 5191 3582 5265 inquam,’immutatis:

296 5261 448 5316 idem
495 5263 742 5335 epistolzn
769 5263 836 5335 94
870 5261 1094 5322 Joannis
1127 5264 1238 5335 Ylll
1265 5279 1372 5334 qua
1422 5264 1696 5335 Rostagno
1721 5263 1907 5318 Arela-

299 5335 446 5387 tensi
489 5333 715 5404 pallium
747 5333 934 5398 mittit,
964 5342 1095 5388 tom.
1132 5333 1222 5399 IX,
1248 5333 1403 5389 conc.
1436 5334 1572 5390 Gen.
1600 5333 1750 5388 novae
1797 5335 1907 5388 edi-

301 5405 501 5458 tionis.
1433 5405 1436 5407 ’

379 5485 402 5512 ο
429 5473 697 5547 Oramus,
715 5482 819 5547 etc.
849 5473 1134 5547 Identferc
1163 5483 1251 5530 est
1273 5477 1414 5547 apud
1453 5475 1772 5547 Gregorium
1797 5475 1908 5544 epi-

298 5542 488 5614 logus,
517 5545 574 5599 in
612 5537 837 5614 epistola
862 5545 926 5614 ad
948 5537 1229 5614 Virgilium
1255 5537 1644 5602 Arelatensem.

2003 3576 2087 3629 vis
2116 3571 2287 3644 igitur
2313 3572 2628 3644 Symmachi
2666 3571 3069 3644 adiCtesarium
3108 3573 3322 3644 litteras
3368 3572 3593 3641 periisse

2006 3642 2188 3698 doleat
2218 3644 2301 3696 vir
2340 3643 2685 3696 doctissimus
2733 3642 3117 3708 Thomasinus,
3169 3642 3363 3711 opinor
3413 3651 3592 3696 tamen

2000 3715 2272 3784 jacturam
2303 3711 2426 3764 inde
2453 3726 2622 3784 posse
2634 3712 2847 3784 sarciri.
2988 3781 2997 3784 _
3135 3781 3159 3784 _
3387 3714 3418 3784 ς

2081 3784 2301 3837 Missum
2344 3796 2504 3851 porro
2538 3782 2759 3853 pallium
2800 3781 3036 3837 Caesarie
3065 3798 3098 3853 an
3127 3781 3475 3853 Symmacho,
3508 3780 3593 3853 di-

2007 3855 2210 3910 scimus
2244 3869 2308 3907 ex
2350 3853 2548 3906 litteris
2585 3852 2764 3922 Vigilii
2799 3867 2948 3922 papae
2984 3853 3051 3907 ad
3075 3852 3379 3908 Auxanium
3405 3852 3594 3909 Arela-

2007 3869 2210 3910 scmms
2244 3869 2308 3907 ex
2350 3868 2548 3906 nueris
2593 3868 2764 3978 γιξιιιι
2835 3868 2948 3922 apa:
2984 3868 3051 3907 au
3075 3868 3379 3908 auxanmm
3405 3868 3594 3909 areta-

2002 3937 2213 3981 tensem
2243 3923 2386 3996 datis
2414 3939 2541 3977 ann.
2573 3924 2697 3996 .547.
2737 3868 2938 3990 «grtia,
2976 3923 3178 3996 inquit,
3219 3925 3379 3996 digna
3416 3925 3597 3996 credi-

2001 4012 2125 4052 mus
2169 3995 2379 4050 ratione
2419 3995 2696 4065 compleri,
2726 3994 2986 4065 utagenti
3019 3995 3165 4050 vices
3196 3994 3413 4049 nostras
3439 3994 3590 4064 pallii

2005 4084 2112 4122 non
2137 4066 2278 4122 desit
2299 4063 2558 4127 ornatus,
2578 4081 2734 4120 usum
2761 4066 2856 4119 tibi
2876 4063 3014 4132 ejus,
3042 4067 3180 4120 sicut
3200 4063 3472 4122 decessori
3495 4073 3590 4122 tuo

2006 4139 2379 4207 praedecessor
2425 4145 2612 4191 noster
2658 4144 2862 4191 sancte
2907 4137 3302 4207 rccordationis
3349 4135 3596 4207 Symma-

2005 4205 2140 4263 chus
2169 4209 2366 4276 legitur
2391 4208 2704 4271 contulisse,
2745 4207 2889 4261 beati
2933 4205 3081 4260 Petri
3119 4216 3306 4262 sancta
3342 4205 3582 4261 auctori-

2004 4285 2116 4331 tate
2145 4278 2505 4332 concedimus.
2535 4298 2552 4327 ι

2081 4347 2220 4400 Sunt
2244 4347 2335 4415 qui
2362 4347 2604 4408 credant,
2645 4354 2772 4417 ante
2784 4344 3191 4417 Symmachum
3223 4362 3253 4399 a
3282 4345 3427 4400 nullo
3457 4362 3592 4417 pon-

2008 4417 2151 4488 tifice
2205 4417 2390 4488 datum
2446 4417 2669 4485 pallium
2725 4415 2816 4468 ulli
2871 4415 3166 4488 cpiscopo,
3222 4415 3588 4488 praeterquam

2007 4486 2244 4543 Ostiensi
2272 4503 2304 4540 a
2335 4487 2517 4540 Marco
2542 4501 2677 4557 papa
2711 4502 2836 4540 ann.
2869 4485 2973 4558 556
3003 4497 3061 4540 ut
3089 4502 3158 4542 eo
3185 4485 3383 4543 summi
3413 4485 3591 4558 ponti-

2005 5281 2128 5318 nam
2179 5264 2415 5334 quinque
2461 5263 2727 5320 linearum
2767 5263 3488 5334 praefatbnemiprmposuit,
3527 5274 3584 5322 et

2007 5335 2302 5390 solemnem
2333 5333 2654 5406 temporum
2698 5333 2910 5392 illurum
2954 5333 3249 5406 clausulam
3283 5333 3584 5404 subiunxit,

2007 5406 2149 5459 facta
2189 5401 2479 5460 mentione’
2499 5405 2735 5472 notarii;
2770 5416 2823 5460 et
2857 5401 3322 5463 confirmationem
3366 5401 3586 5472 privile¥

2009 5477 2218 5547 giorum
2267 5477 2489 5541 addidit,
2537 5477 2602 5530 de
2650 5478 2846 5547 quibus
2891 5473 3128 5547 formula
3178 5475 3292 5531 hzcc
3331 5473 3492 5543 silet;
3529 5485 3586 5533 et

2010 5544 2180 5619 pauca
2210 5548 2454 5616 quaedam
2488 5544 2722 5615 antiqule
2748 5544 2992 5619 formulae
3021 5545 3182 5619 verba
3213 5549 3578 5619 praetermisit,

371 5617 402 5687 fl
442 5613 618 5669 Pallii
646 5613 816 5687 usum.
857 5613 968 5687 Hac
992 5613 1220 5687 formula
1252 5614 1606 5685 Symmachus
1643 5633 1768 5671 ann.
1801 5617 1899 5672 501
2010 5613 2130 5687 quae
2165 5613 2386 5673 retineri
2414 5619 2583 5673 satius
2611 5613 2747 5670 erat.
2777 5614 2910 5669 Vide
2933 5613 3282 5687 appendicem
3313 5618 3465 5672 Tomi
3490 5619 3578 5676 VII

371 5636 398 5652 υ
442 5636 617 5669 rattu
646 5636 816 5669 usum.
857 5636 968 5668 nae
992 5636 1220 5668 lUl‘lllllltl
1254 5636 1606 5685 oymmacnus
1643 5636 1768 5671 ann.
1801 5636 1899 5672 θυι
2051 5636 2130 5672 me
2165 5636 2386 5673 retineri
2414 5636 2583 5673 satius
2611 5636 2747 5670 erat.
2788 5636 2910 5669 nue
2933 5636 3282 5687 appendicem
3323 5636 3465 5672 tom:
3499 5636 3578 5676 ut

294 5684 541 5761 pallium
567 5687 715 5744 misit
745 5686 1026 5761 Theodoro
1054 5684 1416 5761 Laureacensi
1438 5689 1787 5761 epi_scopo,ut
1809 5689 1907 5743 ha-
2009 5636 2374 5744 Eoneiliornm
2392 5687 2724 5761 generalium
2740 5693 3026 5761 postrema:
3041 5687 3292 5744 editionis
3305 5705 3424 5761 pag.
3446 5689 3580 5761 1869

297 5755 472 5829 betur
515 5756 577 5810 in
602 5772 747 5829 nova
779 5755 1093 5829 collectione
1129 5755 1500 5824 conciliorum,
1527 5755 1668 5814 inter
1711 5761 1909 5829 episto-
2009 5772 2063 5816 et
2101 5762 2325 5815 observa
2371 5755 2564 5829 obiter,
2613 5756 2901 5829 formulam
2939 5758 3080 5814 hanc
3118 5755 3582 5816 diurni'trécentis

301 5823 752 5897 lasSymmachi
784 5827 941 5897 epist.
978 5828 1074 5890 il,—
1101 5843 1220 5896 qua:
1245 5842 1310 5881 ex
1345 5823 1638 5897 appendice
1661 5823 1904 5886 chronici
1936 5871 1939 5876 μ
2009 5832 2199 5887 saltem
2228 5831 2383 5883 annis
2422 5827 2676 5880 usitatam
2727 5826 2911 5893 fuisse,
2960 5845 3151 5897 nempe
3191 5833 3258 5884 ab
3301 5845 3427 5884 ann.
3475 5829 3573 5884 501

302 5893 888 5969 Beiclierspergensis,
907 5906 962 5953 et
989 5893 1264 5972 Metropoli
1293 5893 1684 5972 Sal'isburgensi
1709 5901 1905 5956 llondii
2010 5918 2117 5973 quo
2165 5897 2526 5971 Symmachus
2578 5897 2822 5967 vivebat,
2875 5901 2944 5955 ad
2994 5893 3100 5957 817
3149 5915 3257 5970 quo
3306 5900 3580 5955 scribebat
