4062 6456
291 398 366 464 B9

366 523 446 580 Ad
468 530 815 593 augmentum
842 522 1124 578 catholica}
1152 522 1427 594 religionis
1452 525 1706 595 pertinet,
1737 539 1868 595 quo-
1891 528 1945 587 Α

295 617 431 674 tiens
471 615 528 670 in
569 615 772 671 honore
815 623 1120 671 sanctorum
1167 614 1283 670 loca
1329 617 1654 672 venerabilia
1685 617 1866 672 divino

294 709 459 764 cultui
489 717 897 763 consecrantur.

360 799 416 853 in
445 799 646 870 praedio
671 801 880 870 quidem
911 801 988 855 lll.
1009 800 1150 869 juris
1174 801 1277 856 mei
1307 801 1607 864 basilicam,
1641 811 1861 871 sumptu

290 894 529 964 proprio,
573 909 658 947 me
699 910 926 964 suggero
968 895 1357 958 construxisse,
1384 910 1546 963 quam
1574 895 1627 948 in
1659 895 1862 950 honore

290 995 599 1041 sanctorum
625 987 702 1041 lll.
727 997 781 1042 et
810 988 886 1042 lll.
917 997 1215 1059 martyrum
1241 988 1486 1042 desidero
1516 989 1854 1042 consecrari:

291 1078 376 1133 cui
415 1078 651 1132 basilica:
680 1081 744 1132 ad
778 1079 1085 1144 luminaria,
1117 1079 1199 1133 vei
1231 1081 1298 1133 ad
1326 1079 1634 1133 alimoniam
1662 1079 1858 1134 ibidem

287 1169 645 1224 servientibus
672 1169 840 1225 oll‘ero
865 1171 943 1224 lll.
977 1181 1029 1224 et
1052 1171 1129 1225 lll.

355 1261 696 1332 Quapropter
723 1280 904 1334 quaeso
933 1265 1290 1334 apostolatum
1319 1275 1576 1330 vestrum,
1611 1265 1689 1320 uti
1717 1265 1857 1321 detis

283 1353 672 1421 prmeeptiones
699 1363 910 1409 vestras
934 1355 998 1408 ad
1031 1355 1104 1408 lll.
1133 1355 1495 1410 venerandum
1517 1356 1752 1410 civitatis
1773 1355 1852 1410 lll.

280 1442 615 1508 Antistitem,
658 1454 923 1514 quatenus
972 1461 1132 1515 supra
1177 1455 1530 1500 memoratam
1575 1446 1854 1500 basilicam

281 1533 475 1587 debeat
521 1536 880 1590 sacrosanctis
928 1536 1203 1605 mysteriis
1251 1550 1592 1600 consecrare,
1642 1545 1702 1590 ut
1751 1537 1854 1591 hoc

278 1623 445 1690 facto,
494 1626 838 1682 beatitudinis
880 1638 1073 1684 vestra:
1111 1629 1442 1700 temporibus
1471 1637 1658 1683 sancta
1688 1643 1852 1683 vene-

277 1716 420 1770 ratio
449 1727 627 1771 sumat
653 1731 1021 1788 augmentum.

344 1809 608 1866 Promitto
638 1813 861 1882 pariter,
904 1813 1038 1868 nihil
1081 1813 1215 1867 mihi
1250 1813 1316 1868 de
1349 1813 1537 1868 eodem
1567 1813 1685 1868 loco
1709 1812 1847 1867 ulte-

1257 407 1701 467 ROMANORUM
1740 407 2181 469 PONTIFICUM.
2218 435 2289 454 -ι-
2316 413 2465 470 CAP.
2509 415 2574 471 ν.

3472 426 3541 485 90

2473 526 2584 600 94
2621 527 2920 588 TITULUS
2955 531 3019 588 v.

2207 616 2528 688 Responsum
2559 621 2623 674 de
2651 625 2923 692 sperandis
2959 629 3298 684 sanctuariis.

2038 711 2066 752 δ
2097 711 2413 768 Sanctuaria
2436 715 2578 770 beati
2613 717 2690 771 lll.
2715 717 2794 772 Ill.
2817 719 2995 774 oblata
3032 723 3290 792 petitione
3313 725 3412 780 sibi
3436 741 3535 796 po-

1963 807 2127 862 stulat
2151 809 2345 864 debere
2375 813 2616 877 concedi,
2641 825 2906 882 quatenus
2931 818 2980 871 in
3014 817 3131 887 ejus
3154 821 3371 876 nomine
3393 824 3538 880 basi-

1961 900 2062 954 lica
2094 904 2326 970 propriis
2370 916 2681 960 constructa
2727 911 3031 978 sumptibus
3059 911 3370 969 solemniter
3407 932 3536 971 con-

1961 994 2160 1046 secrari
2191 994 2383 1049 debeat
2412 1014 2424 1049 :
2455 1006 2509 1051 et
2545 999 2681 1062 ideo,
2726 998 2896 1054 frater
2937 1003 3272 1067 charissima,
3320 1007 3534 1077 prmfati

1960 1084 2262 1148 desideriis,
2305 1103 2370 1140 ex
2419 1097 2604 1142 nostra
2647 1099 2698 1144 te
2743 1095 3100 1162 praeceptione
3131 1099 3381 1151 convenit
3407 1100 3536 1153 obe-

1959 1174 2092 1235 dire,
2126 1177 2202 1229 uti
2234 1177 2534 1235 devotionis
2564 1197 2696 1247 suac,
2727 1183 2783 1238 in
2813 1187 3222 1243 consecratione
3251 1205 3414 1259 quam
3443 1206 3534 1261 po-

1958 1265 2141 1332 stulat,
2173 1269 2414 1337 potiatur
2437 1271 2649 1327 ell'ectu.

2534 1362 2832 1420 TlTUl.US
2868 1369 2951 1423 Vl.

2411 1452 2492 1507 De
2518 1454 2707 1510 dandis
2729 1463 3068 1517 sanctuariis.

2022 1538 2080 1594 In
2113 1542 2354 1598 oratorio
2399 1545 2467 1598 ab
2515 1545 2596 1600 lll.
2640 1559 2972 1616 constructo,
3010 1556 3151 1623 quod
3181 1557 3405 1627 jubente
3433 1562 3530 1616 de-

1954 1646 2169 1688 cessore
2211 1645 2427 1702 nostro,
2485 1637 2538 1692 in
2589 1639 2848 1696 honorem
2898 1645 3177 1701 beatorum
3229 1649 3308 1704 lll.
3350 1662 3404 1707 et
3442 1653 3523 1708 lll.

1953 1720 2154 1776 dicitur
2211 1736 2627 1793 consocratum,
2677 1728 2822 1784 beati
2878 1732 3128 1804 Martyris
3175 1736 3255 1790 lll.
3310 1749 3531 1810 accepta

1953 1811 2261 1865 sanctuaria
2305 1813 2522 1868 dilectio
2559 1824 2668 1880 tua,
2707 1819 2804 1871 sub
2832 1836 3068 1889 congrua
3107 1822 3412 1890 devotione,
3448 1843 3535 1881 re-

275 1901 387 1956 rius
437 1904 840 1969 vindicandum,
888 1906 988 1958 nisi
1033 1906 1392 1975 processionis
1436 1907 1688 1977 gratiam,
1727 1921 1845 1976 qua:
1873 1890 1922 1949 Β
1949 1901 2160 1965 Stilum.
2199 1912 2257 1956 υῑ
2294 1907 2588 1973 supradicti
2639 1919 2824 1964 εαηοῑίι
2873 1911 3122 1982 religiosa
3173 1917 3381 1984 petitio,
3432 1933 3532 1988 per

272 1991 602 2048 Christianis
625 1996 872 2050 omnibus
904 1997 956 2048 in
985 2011 1268 2050 commune
1297 1997 1538 2051 debetur.

336 2083 446 2154 93
481 2085 601 2138 Pari
632 2099 790 2153 prece
821 2087 1069 2156 deposco,
1103 2097 1162 2140 ut
1190 2087 1330 2142 datis
1361 2087 1610 2143 all‘atibus
1647 2091 1844 2145 vestris

269 2176 336 2230 ad
361 2176 442 2230 lll.
469 2178 834 2232 venerandum
857 2179 938 2232 lll.
965 2180 1202 2235 civitatis
1223 2182 1552 2252 episcopum,
1578 2193 1846 2252 quatenus

267 2267 443 2337 possit
464 2268 596 2322 mihi
622 2269 875 2338 reliquias
901 2287 1061 2342 supra
1082 2281 1504 2328 memoratorum
1530 2284 1841 2333 sanctorum

269 2357 583 2416 solemniter
622 2364 957 2422 contrudere.

842 2479 1138 2538 TITULUS
1175 2483 1262 2540 IV.

601 2569 928 2641 Responsum
958 2576 1178 2628 oratorii
1208 2575 1505 2630 dedicandi.

341 2673 370 2702 ι
397 2659 652 2717 Petitoria
683 2663 761 2718 lll.
796 2665 951 2720 nobis
984 2667 1344 2721 insinuatione
1371 2667 1658 2738 suggessit,
1698 2668 1842 2738 quod

263 2755 496 2816 habetur
543 2755 596 2810 in
644 2757 917 2812 subditis:
946 2758 998 2813 in
1035 2758 1199 2814 fundo
1240 2759 1318 2814 lll.
1354 2760 1494 2830 juris
1536 2761 1613 2814 lll.
1663 2769 1842 2816 orato-

267 2848 406 2903 rium
447 2863 505 2904 se
535 2863 634 2918 pro
660 2866 752 2904 sua
789 2851 1074 2906 devotione
1108 2851 1384 2918 fundasse,
1417 2853 1561 2922 quod
1588 2853 1642 2908 in
1673 2853 1842 2910 hono-

267 2955 380 2996 rem
410 2939 584 2996 sancti
611 2940 690 2996 lll.
722 2942 995 2996 desiderat
1021 2946 1353 2999 consecrari.

334 3031 402 3086 Et
435 3033 554 3087 ideo
579 3031 893 3088 fraternitas
917 3043 1026 3099 tua,
1054 3037 1097 3090 si
1130 3037 1184 3090 in
1211 3045 1314 3092 tuae
1340 3038 1609 3108 parochias
1633 3054 1840 3094 memo-

264 3133 381 3180 rata
412 3127 748 3180 constructio
777 3125 899 3194 jure
925 3128 1191 3192 consistit,
1222 3137 1278 3182 et
1307 3128 1510 3182 nullum
1543 3145 1738 3201 corpus
1766 3131 1838 3186 ibi

262 3225 477 3292 Constat
505 3218 805 3282 humatum,
836 3228 1085 3289 percepta
1112 3221 1365 3289 primitus
1391 3221 1678 3278 donatione
1704 3222 1836 3295 legi-

265 3308 419 3374 tima,
448 3309 500 3363 id
527 3317 632 3373 est,
661 3309 741 3364 lll.
772 3319 825 3364 et
850 3309 928 3364 lll.
977 3311 1057 3366 vel
1103 3311 1182 3365 lll.
1223 3320 1542 3382 praestantes
1572 3314 1770 3368 liberos
1806 3332 1836 3369 a

261 3397 538 3456 ﬁscalibus
563 3401 751 3467 titulis,
783 3402 982 3457 solidos
1003 3410 1101 3468 tot,
1127 3404 1398 3474 gestisque
1421 3406 1837 3476 municipalibus

259 3491 524 3562 allegatis,
555 3491 873 3562 przedictum
899 3497 1197 3550 oratorium
1229 3496 1429 3566 absque
1456 3498 1636 3552 missis
1666 3499 1838 3568 publi-

256 3579 359 3645 cis,
406 3581 721 3637 solemniter
769 3587 1126 3649 consecrabit,
1178 3587 1252 3640 ita
1293 3596 1355 3640 ut
1392 3590 1447 3640 in
1476 3589 1663 3643 eodem
1693 3589 1833 3655 loco,

254 3684 361 3725 nec
386 3668 588 3724 futuris
613 3674 946 3742 temporibus
965 3675 1280 3743 baptisteria
1303 3685 1707 3744 construantur,
1735 3694 1836 3734 nec

252 3761 638 3830 presbyterum
672 3763 973 3818 constituas
1001 3766 1352 3820 cardinalem.

327 3851 439 3906 Sed
489 3853 589 3906 etsi
640 3854 834 3909 missas
866 3854 985 3909 fieri
1026 3857 1126 3910 sibi
1168 3857 1309 3912 forte
1344 3858 1611 3926 maluerit,
1645 3876 1676 3916 a
1706 3861 1837 3918 dile-

257 3946 439 4002 ctione
478 3955 567 3999 tua
606 3948 816 4001 noverit
855 3951 1228 4020 presbyterum
1263 3953 1667 4021 postulandum,
1703 3971 1835 4026 quas

257 4044 420 4090 tenus
454 4035 586 4090 nihil
627 4035 734 4090 tale
763 4052 791 4089 a
820 4037 1061 4107 quolibet
1085 4037 1189 4092 alio
1220 4041 1500 4096 sacerdote
1528 4043 1834 4100 nullatenus

254 4128 631 4196 preSumatur.
661 4127 981 4184 Sanctuaria
1007 4143 1135 4185 vero
1164 4142 1434 4202 suscepta,
1463 4133 1547 4186 sui
1588 4150 1708 4188 cum
1748 4150 1833 4192 re-

255 4219 523 4282 verentia,
553 4217 857 4274 collocabis.

330 4383 356 4412 ι
391 4368 669 4442 Βετὶιονὶαί.
711 4370 824 4442 [iac
866 4371 1090 4425 formula
1123 4372 1208 4426 bis
1236 4385 1366 4426 usus
1389 4372 1658 4442 reperitur
1679 4373 1832 4429 Pela-

254 4443 385 4516 gius
414 4439 457 4504 l,
495 4441 663 4516 semel
713 4441 1274 4516 Eleutherio._iteri_tm
1321 4439 1526 4516 Alterio
1579 4448 1831 4516 ep‘scopo

254 4512 530 4576 scribens,
575 4511 618 4565 si
660 4513 930 4565 credimus
973 4512 1267 4574 llolstenio,
1301 4514 1391 4581 qui
1424 4529 1490 4567 ex
1516 4511 1831 4571 collectione

253 4583 552 4637 cardinalis
598 4581 888 4638 Deusdedit
927 4582 1180 4652 epistolas
1224 4582 1342 4638 illas
1378 4585 1512 4639 duas
1545 4601 1666 4640 cum
1705 4586 1828 4640 aliis

252 4653 548 4706 excerpsit.

334 4667 578 4777 Elesrﬁldst
606 4721 797 4794 deinde
821 4721 1112 4794 Gregorius
1143 4721 1362 4794 Magnus
1390 4725 1563 4779 tribus
1593 4725 1643 4779 in
1669 4724 1821 4790 locis,

254 4793 350 4848 lib.
385 4808 480 4851 vn.
510 4794 690 4864 _epist.
733 4793 824 4856 85,
868 4793 1052 4848 indict.
1084 4793 1146 4858 2;
1197 4793 1288 4847 lib.
1333 4810 1449 4855 vin,
1481 4796 1638 4864 epist.
1664 4796 1732 4849 6'5
1756 4798 1823 4850 ad

254 4864 479 4934 Decium
510 4861 901 4934 Lilybetanum,
931 4873 985 4917 et
1011 4864 1102 4918 lib.
1138 4879 1191 4917 χι
1223 4865 1378 4934 epist.
1430 4861 1603 4919 20nd
1648 4864 1825 4921 Passi-

253 4947 381 4988 vum
417 4933 750 4988 Firmanum.
1239 4969 1249 4982 .

331 5005 359 5046 ιι
393 5002 737 5067 Sanctuaria,
765 5013 868 5059 etc.
897 5005 1029 5059 Tota
1056 5005 1172 5059 hinc
1196 5003 1448 5069 formula,
1477 5005 1824 5075 quemadmo-

255 5075 384 5145 dum
428 5085 482 5128 et
523 5085 918 5145 consequentes
962 5077 1098 5138 dum,
1150 5075 1426 5145 desumpta
1457 5084 1632 5130 estex
1663 5076 1820 5144 epist.

252 5145 348 5211 26,
374 5144 470 5201 lib.
499 5161 554 5199 ιι
581 5143 640 5199 S.
665 5143 909 5215 Gregorii
935 5163 947 5198 :
981 5145 1208 5200 habetur
1248 5143 1410 5199 etiam
1443 5146 1535 5200 lib.
1567 5146 1619 5210 7,
1662 5143 1820 5216 epist.

329 5287 655 5343 Sanctuaria
708 5301 869 5356 porro
915 5296 1038 5341 sunt
1069 5287 1152 5340 vel
1197 5287 1324 5356 ipsa:
1365 5295 1674 5341 sanctorum
1704 5286 1827 5339 reli-

254 5361 419 5430 quiae.
455 5358 539 5412 vel
579 5357 758 5428 potius
795 5357 1142 5426 reliquiarum
1183 5357 1371 5422 theca,
1399 5357 1502 5422 vel,
1552 5368 1613 5410 ut
1653 5357 1820 5420 aiunt,

253 5430 591 5488 relinuiaria.

330 5447 649 5568 ἓαὲὲῗιέῗέὶη
669 5498 837 5552 sancti
857 5495 1171 5568 archangeli.
1193 5496 1585 5568 Beneficiorum
1609 5497 1828 5553 nomine

256 5570 482 5640 intelligi
528 5565 808 5639 reliquias,
854 5565 1111 5623 discimus
1147 5583 1212 5621 es.
1250 5565 1306 5622 S.
1345 5568 1504 5638 Greg.
1542 5569 1700 5638 epist.
1738 5569 1822 5640 72,

254 5642 350 5697 lib.
378 5638 558 5703 2,'ubi
595 5638 796 5694 mentio
841 5640 901 5692 lit
944 5641 1010 5693 de
1056 5652 1214 5694 cruce
1252 5653 1281 5690 a
1327 5654 1535 5692 summo
1576 5638 1826 5708 pontifice

256 5715 423 5768 missa
455 5712 521 5765 ad
548 5710 890 5780 Dynamium,
934 5711 984 5764 in
1007 5726 1112 5780 qua
1137 5707 1384 5772 beneﬁcia
1412 5707 1608 5780 catena:
1636 5709 1694 5764 S.
1724 5708 1824 5763 Pe-

257 5785 344 5847 tri,
375 5793 427 5837 et
448 5778 720 5836 craticula:
745 5778 805 5836 S.
831 5778 1100 5835 Laurentii
1125 5781 1319 5833 inserta
1344 5788 1510 5849 erant.
1541 5779 1646 5834 Sed
1676 5795 1822 5849 qua:-

257 5854 415 5910 sierit
439 5851 660 5922 aliquis,
690 5865 810 5921 quae
837 5852 1050 5907 tandem
1078 5849 1304 5922 cogitari
1326 5848 1538 5920 possint
1561 5848 1822 5905 beneﬁcia

1947 2007 2169 2063 operam
2200 1997 2557 2053 sacerdotalis
2587 1999 2768 2065 ollicii,
2798 2011 3072 2058 mereatur
3101 2003 3368 2063 effectum.

2511 2112 2810 2186 TlT~ULUS
2849 2115 2955 2170 vn.

2247 2202 2327 2257 De
2355 2203 2531 2258 dando
2563 2206 2812 2275 bene/icio
2836 2209 3005 2262 sancti
3031 2209 3223 2280 angeli.

2015 2289 2096 2344 lll.
2127 2301 2148 2329 ο
2179 2291 2443 2348 beneficia
2471 2297 2642 2350 sancti
2665 2295 3014 2368 Archangeli,
3042 2299 3220 2355 oblata
3243 2301 3526 2372 petitione,

1945 2380 2046 2435 sibi
2092 2382 2330 2452 postulat
2377 2384 2573 2440 debere
2625 2390 2872 2453 concedi,
2906 2399 3171 2459 quatenus
3199 2393 3252 2447 in
3285 2393 3401 2463 ejus
3428 2412 3528 2451 no-

1945 2473 2092 2526 mine
2109 2475 2407 2529 oratorium
2438 2476 2545 2547 95
2569 2480 2803 2549 propriis
2825 2490 3198 2538 constructum
3221 2486 3527 2556 sumptibus

1941 2564 2115 2635 possit
2164 2565 2479 2622 solemniter
2521 2572 2831 2625 consecrari
2861 2589 2874 2624 :
2902 2581 2956 2626 et
2992 2573 3133 2638 ideo,
3187 2573 3355 2629 frater
3395 2578 3524 2632 cha-

1943 2655 2176 2722 rissime,
2204 2657 2412 2728 praefati
2445 2661 2748 2727 desideriis,
2781 2677 2848 2716 ex
2879 2674 3060 2718 nostra
3091 2675 3140 2720 te
3164 2669 3523 2737 praeceptione

1943 2751 2197 2804 convenit
2236 2752 2477 2819 obedire,
2516 2763 2577 2808 ut
2615 2756 2919 2812 devotionis
2967 2773 3096 2824 sum,
3149 2759 3204 2814 in
3241 2775 3526 2816 consecra-

1943 2841 2090 2897 tione
2118 2858 2280 2912 quam
2305 2845 2558 2916 postulat,
2592 2848 2828 2916 potiatur
2855 2847 3070 2903 effectu.

2498 2957 2794 3013 TITULUS
2839 2957 2974 3013 Vlll.

1941 3045 2229 3118 Responsio
2257 3047 2321 3102 de
2351 3047 2641 3104 dedicanda
2676 3054 2906 3174 ozatorio
2948 3053 3092 3105 intra
3137 3055 3518 3108 monasterium

2531 3139 2717 3174 monac
2758 3139 2930 3174 orum.

2531 3139 2930 3176 ηιοηαεηυηιηι.

2009 3207 2038 3248 ά
2079 3209 2365 3282 Religiosis
2416 3212 2701 3267 desideriis
2743 3213 2860 3268 sine
2903 3212 3214 3270 diﬂicultate
3267 3219 3516 3287 praestari

1865 3260 1909 3323 Ο
1939 3260 2100 3356 decet
2122 3260 2392 3358 eﬂgctum.
2428 3303 2692 3371 Quoniam
2732 3303 2810 3358 Ill.
2852 3304 3035 3360 Sancti
3065 3305 3142 3360 Ill.
3186 3306 3240 3361 in
3268 3260 3418 3372 lloco,
3451 3308 3505 3362 in

1937 3408 2047 3463 quo
2091 3395 2343 3449 monachi
2391 3395 2672 3461 habitant,
2729 3396 3052 3461 oratorium,
3103 3411 3202 3466 pro
3246 3405 3371 3452 voto
3420 3413 3517 3451 suo

1938 3486 2074 3541 dixit
2106 3501 2227 3542 esse
2257 3485 2562 3551 fundatum,
2603 3487 2951 3544 dilectionem
2979 3497 3128 3544 tuam
3165 3489 3519 3559 praesentibus

1929 3576 2266 3647 jussionibus
2327 3579 2579 3634 duximus
2637 3579 3030 3634 admonendam
3063 3620 3079 3645 ,
3134 3589 3399 3650 quatenus
3451 3580 3519 3634 ad

1934 3669 2257 3737 praedictum
2310 3667 2526 3734 locum,
2569 3685 2692 3724 cum
2746 3670 3119 3740 postulaverit,
3169 3672 3514 3743 ingravanter

1939 3760 2188 3826 accedas,
2241 3762 2545 3816 veneranda
2595 3762 2854 3818 solemnia
2905 3764 3260 3820 dedicationis
3311 3765 3518 3836 impen-

1936 3850 2088 3914 dens,
2118 3859 2177 3904 ut
2200 3851 2450 3919 quotiens
2494 3867 2714 3908 necesse
2759 3853 2936 3918 fuerit,
2971 3871 3001 3909 a
3033 3857 3365 3927 presbyteris
3406 3857 3507 3913 Ec-

1933 3943 2112 3999 clesiae
2133 3945 2188 3998 in
2214 3959 2376 4014 supra
2399 3945 2600 4015 scripto
2625 3946 2742 4002 loco
2767 3947 3196 4003 deservientibus
3235 3949 3511 4004 celebren-

1933 4044 2023 4090 tur
2046 4035 2316 4090 sacrilicia
2341 4037 2644 4092 veneranda
2676 4038 2967 4094 missarum
3008 4057 3020 4092 :
3056 4040 3129 4095 ita
3158 4048 3218 4094 ut
3242 4041 3294 4094 in
3319 4041 3510 4095 eodem

1930 4127 2282 4191 monasterio,
2308 4143 2484 4198 neque
2508 4127 2824 4184 fraternitas
2849 4138 2960 4195 tua,
2985 4145 3160 4200 neque
3184 4130 3509 4200 presbyteri,

1929 4225 2129 4285 prmter
2161 4218 2492 4288 diligentiam
2522 4221 2838 4290 disciplinas,
2886 4223 3091 4291 aliquid
3136 4223 3506 4277 molestiarum

1930 4378 1984 4425 et
2023 4371 2271 4442 reliquiae
2297 4369 2354 4424 S.
2391 4369 2667 4442 Michaelis
2703 4386 2717 4424 :
2764 4371 2980 4425 nomine
3030 4371 3173 4425 enim
3231 4373 3403 4442 angeli
3443 4373 3512 4427 si-

1932 4442 2183 4514 gniﬁcari
2229 4440 2572 4514 Michaelem,
2615 4451 2824 4495 certum
2867 4450 2968 4495 est.
3030 4440 3364 4514 Responderi
3412 4459 3506 4514 po-

1933 4509 2069 4584 test,
2113 4509 2277 4584 fuisse
2329 4510 2557 4584 fortasse
2598 4509 3243 4584 ramentumiexjapide,
3289 4516 3343 4567 in
3396 4509 3504 4584 quo

1931 4582 2055 4635 olim
2081 4582 2434 4653 archangelus
2473 4584 2742 4653 apparuit,
2782 4592 2874 4637 aut
2914 4583 2966 4636 in
3004 4581 3254 4653 Gargano
3301 4581 3503 4650 monte,

1932 4661 2026 4706 aut
2069 4651 2192 4704 alibi
2242 4651 2466 4718 uspiam.
2508 4651 2837 4708 'Cretlibilius
2871 4661 3048 4707 tamen
3095 4651 3309 4708 videtur
3335 4653 3500 4711 fuisse

1931 4723 2148 4792 pallium
2187 4723 2343 4776 altari
2381 4738 2474 4776 seu
2518 4725 2791 4778 memoria:
2824 4727 2997 4776 sancti
3045 4724 3350 4793 archangeli
3398 4727 3502 4782 im-

1931 4804 2183 4872 positum,
2227 4810 2280 4856 et
2319 4816 2418 4871 pro
2456 4802 2833 4858 benedictione
2875 4803 3183 4872 petentibus
3226 4804 3367 4858 dono
3408 4805 3500 4858 da-

1932 4883 2066 4928 tum.

2003 4943 2152 4997 lianc
2190 4944 2554 5013 conjecturam
2593 4951 2771 5011 auget,
2802 4951 2857 4996 et
2884 4943 2971 4997 vix
3002 4958 3106 4997 non
3140 4943 3498 4999 indubitatam

1935 5014 2132 5076 reddit,
2181 5012 2322 5082 quod
2371 5012 2501 5066 mihi
2528 5029 2558 5066 a
2590 5013 2651 5066 V.
2683 5013 2743 5067 C.
2777 5013 3056 5083 Stephano,
3091 5014 3309 5068 Baluzio
3352 5028 3499 5068 com-

1933 5084 2264 5153 municatum
2291 5090 2390 5146 est,
2415 5083 2737 5153 Excerptum
2761 5099 2824 5137 ex
2851 5084 3086 5139 Historia
3109 5100 3208 5139 ms.
3239 5091 3504 5153 monaste-

1933 5153 1998 5206 rii
2043 5151 2100 5206 S.
2148 5153 2422 5208 Michaelis
2469 5151 2804 5210 (luxit-tensis
2849 5155 2902 5208 in
2947 5155 3167 5209 dioecesi
3223 5152 3495 5214 Helnensi.

1933 5237 2092 5291 quam
2147 5222 2368 5277 Garsias
2420 5225 2658 5294 ejusdem
2710 5226 2810 5280 loci
2854 5227 3149 5294 monachus
3198 5224 3500 5294 composuit

1933 5294 2079 5373 circa
2110 5309 2307 5373 annum
2330 5291 2514 5373 una.
2556 5297 2833 5373 Sic-enini
2863 5294 3061 5373 habet:
3092 5293 3245 5373 Sunt“
3267 5291 3500 5373 reliquiae

1934 5363 2098 5444 ipsius
2126 5363 2342 5434 gloriosi
2373 5366 2673 5444 archangeli
2707 5365 3000 5425 Michaelis,
3030 5378 3093 5415 ea:
3120 5359 3280 5431 pallio
3305 5359 3498 5418 scilicet

1936 5437 2048 5503 ejus
2083 5445 2278 5489 sancite
2314 5437 2597 5490 memoriae.

2001 5504 2028 5542 ἀ
2063 5504 2368 5574 Religiosis,
2414 5516 2517 5561 etc.
2579 5505 2817 5574 Habetur
2863 5501 3082 5574 totidem
3131 5503 3312 5560 verbis
3358 5505 3499 5574 apud

1929 5571 2244 5645 Gregorium
2294 5577 2386 5631 lib.
2434 5592 2527 5638 vn,
2576 5578 2732 5644 epist.
2785 5573 2874 5627 49.
2904 5571 3031 5626 lude
3076 5588 3204 5628 vero
3247 5571 3498 5645 constat,

1928 5644 2071 5715 quod
2114 5646 2276 5701 fuerit
2311 5646 2399 5715 jus
2437 5647 2812 5716 episcoporum
2854 5652 2908 5697 et
2948 5645 3389 5716 presbyterorum
3417 5644 3495 5716 _in

1925 5711 2243 5798 consecrata
2289 5711 2529 5774 orator—ia
2569 5733 2582 5770 :
2622 5711 2771 5782 quod
2821 5711 3206 5782 monachorum
3256 5715 3309 5769 in
3343 5711 3497 5771 obla-

1923 5794 2115 5842 tiones.
