4062 6438
547 359 613 423 91
1902 360 2106 419 LIBER
2138 358 2451 427 MURNUS

545 478 806 549 inferant,
847 486 910 535 ut
937 480 984 535 si
1013 479 1143 551 quid
1163 493 1267 555 pro
1295 479 1632 539 diversorum
1662 478 1947 535 devotione
1969 494 2118 534 com-
2138 478 2198 549 Α
2222 485 2335 533 tum
2360 489 2624 547 vestrum,
2656 482 2755 547 uti,
2804 481 2929 538 data
2958 480 3204 551 iussione
3232 491 3432 553 vestra,
3466 486 3525 544 in
3564 494 3817 561 ριιεάῑοιῑ

547 573 824 629 meditatis
874 571 1189 639 accesserit,
1234 571 1337 631 sibi
1387 572 1658 631 aestiment
1702 572 2121 639 vindicandum,

2224 572 2399 626 sancti
2429 572 2507 627 111.
2550 574 2804 647 martyris
2839 574 3119 638 honorem,
3158 576 3447 636 Basilicam
3482 585 3691 655 possim.
3712 592 3802 646 do-

546 680 670 720 cum
699 663 981 725 monachis
1014 664 1070 718 in
1099 662 1289 719 eodem
1320 662 1438 723 loco
1470 663 1901 721 deservientibus
1927 663 2123 721 debeat
2224 662 2427 720 dicare.

485 768 495 783 ·
543 758 829 835 proﬁcere,
859 756 1121 831 quidquid
1154 754 1337 815 oil‘erri
1360 756 1686 813 constiterit.

1031 867 1143 939 se
1181 865 1479 927 TlTULUS
1517 865 1608 921 lx.

671 959 752 1027 De
784 959 1126 1025 mandandis
1153 958 1387 1031 reliquiis
1416 959 1558 1014 intra
1586 959 1981 1014 monasterium.

614 1084 642 1117 ι
678 1072 969 1144 Religiosis
1012 1073 1298 1130 desideriis
1343 1074 1460 1127 sine
1509 1071 1824 1127 difﬁcultate
1872 1074 2119 1146 praestari

541 1167 697 1223 decet
723 1165 975 1227 edoctum
1005 1182 1020 1220 :
1050 1173 1213 1235 atque
1240 1166 1380 1228 ideo,
1414 1165 1671 1236 quoniam
1706 1165 1785 1219 lli.
1818 1166 1985 1219 abbas
2010 1181 2121 1221 mo-

539 1262 762 1316 nasterii
802 1260 881 1315 111.
916 1260 1001 1316 vel
1043 1259 1122 1314 111.
1167 1260 1260 1331 qui
1305 1268 1389 1314 est
1433 1258 1729 1330 supradicti
1778 1257 2114 1324 monasterii,

538 1353 838 1408 oratorium
868 1368 969 1423 pro
996 1361 1121 1407 voto
1150 1367 1247 1407 suo
1275 1351 1412 1406 dixit
1445 1364 1563 1405 esse
1601 1350 1903 1415 fundatum,
1937 1359 2121 1418 postu-

538 1443 679 1510 lans,
727 1452 788 1499 ut
825 1444 1061 1499 dedicari
1124 1444 1354 1499 debeat:
1387 1441 1729 1498 dilectionem
1784 1449 1931 1495 tuam
1983 1457 2119 1511 prm-

538 1538 781 1593 sentibus
814 1533 1151 1606 jussionibus
1191 1536 1441 1590 duximus
1481 1532 1895 1599 admonendam,
1929 1540 2119 1603 quate-

536 1640 639 1682 nus
668 1627 733 1682 ad
762 1627 1080 1697 prredictnm
1121 1626 1318 1691 locum,
1362 1640 1483 1681 cum
1527 1623 1897 1694 postulaverit,
1938 1624 2118 1697 ingra-

533 1726 727 1774 vanter
778 1719 1030 1785 accedas,
1090 1716 1395 1773 veneranda
1449 1716 1711 1772 solemnia
1760 1716 2118 1771 dedicationis

534 1811 876 1883 impendens,
905 1820 964 1865 ut
991 1809 1239 1880 quotiens
1261 1824 1486 1865 necesse
1516 1808 1703 1872 fuerit,
1732 1825 1761 1863 a
1784 1807 2117 1881 presbyteris

531 1904 777 1959 ecclesiae
800 1904 855 1958 in
885 1902 1076 1959 eodem
1122 1900 1242 1957 loco
1282 1899 1733 1967 deservientibus,
1776 1900 2122 1956 celebrentur

533 1995 799 2052 sacrificia
828 1993 1136 2050 veneranda
1166 1993 1476 2047 missarum.

604 2087 681 2142 Ita
708 2088 845 2142 utin
874 2087 1063 2142 eodem
1089 2085 1223 2147 loco,
1255 2099 1431 2154 neque
1462 2081 1776 2137 fraternitas
1803 2090 1913 2147 tua,
1944 2097 2119 2151 neq-ue

528 2181 854 2253 presbyteri,
906 2188 1105 2250 praeter
1154 2177 1491 2249 diligentiam
1542 2175 1863 2246 disciplinw,
1916 2175 2120 2245 aliquid

532 2275 902 2331 molestist
948 2272 1215 2339 inferant;
1264 2280 1358 2325 aut
1399 2271 1443 2326 si
1481 2270 1610 2342 quid
1647 2284 1748 2340 pro
1778 2269 2118 2324 diversorum

534 2370 822 2426 devotione
867 2366 1269 2424 commoditatis
1324 2365 1637 2428 accesserit,
1693 2364 1795 2417 sibi
1847 2362 2120 2417 a~stiment

533 2458 917 2519 vindicandum
952 2473 969 2513 :
1001 2473 1126 2515 cum
1175 2458 1457 2513 monachis
1501 2458 1557 2512 in
1608 2456 1798 2511 eodem
1857 2452 1976 2509 loco
2027 2454 2121 2508 de-

531 2552 891 2608 servientibus
935 2551 1127 2607 debeat
1172 2548 1459 2621 prolicere,
1503 2546 1769 2619 quidquid
1808 2545 2120 2601 constiterit

530 2642 736 2701 oferri.

599 2734 923 2792 Sanctnaria
956 2749 1088 2791 vero
1123 2742 1374 2805 suscepta
1400 2732 1486 2789 sui
1513 2747 1639 2789 cum
1669 2731 1976 2788 reverentia
2003 2730 2117 2787 col-

530 2829 763 2887 locabis.

1120 2896 1419 2959 mULUS
1454 2897 1525 2973 χ.

670 2992 749 3049 De
768 2992 1108 3051 recondendis
1142 2991 1378 3061 reliquiis
1410 2992 1438 3032 ι’
1465 2992 1607 3048 intra
1635 2992 1976 3065 episcopium.

601 3107 867 3176 Quoniam
899 3106 1118 3162 dilectio
1149 3116 1239 3161 tua
1271 3106 1578 3162 sanctum-ia
1605 3107 1759 3185 beati
1776 3106 1854 3159 Ill.
1881 3106 1983 3185 sibi
2021 3121 2121 3161 no-

2810 738 3106 795 TITULUS
3128 738 3241 796 XII.

2760 827 2889 903 Item
2928 828 3271 903 Responsum.

2292 934 2615 1003 Basilicam,
2647 954 2808 1009 quam
2848 940 3066 996 dilectio
3088 952 3202 1008 tua,
3237 944 3292 1000 in
3324 945 3587 1005 honorem
3614 953 3797 1010 beato-

2221 1044 2344 1095 rum
2380 1029 2764 1099 Apostolorum
2790 1032 2869 1087 lli.
2911 1042 2966 1087 et
3002 1034 3081 1091 111.
3115 1053 3288 1107 nuper
3326 1039 3623 1099 fabricasse
3658 1060 3802 1102 com-

2221 1131 2507 1185 memorat,
2544 1123 2854 1179 facultatem
2888 1126 3180 1184 tribuimus
3208 1130 3510 1199 dedicandi,
3538 1138 3803 1209 pracipne

2222 1213 2267 1271 si
2301 1228 2364 1268 ea
2393 1214 2563 1283 spatia
2596 1215 2849 1273 Ecclesiae
2878 1226 2980 1275 tuae
3003 1217 3142 1288 juris
3172 1236 3293 1278 esse
3325 1226 3561 1292 testaris,
3602 1228 3659 1283 in
3687 1231 3805 1300 qui-

2220 1306 2319 1361 bus
2343 1306 2531 1361 eadem
2557 1316 2641 1363 est
2662 1307 2881 1365 fundata
2903 1313 3255 1379 constructio,
3273 1316 3326 1369 in
3341 1331 3450 1385 qua
3461 1319 3627 1379 etiam
3640 1321 3802 1378 bene.

2220 1399 2484 1455 dictiones
2512 1401 2578 1455 de
2600 1404 3059 1476 sanctuariis'aﬁ
3076 1406 3413 1477 Apostoiicis,
3444 1413 3495 1466 id
3516 1421 3626 1479 est,
3648 1426 3672 1455 ο
3695 1415 3806 1485 pal~

2219 1489 2346 1544 liola
2363 1492 2429 1545 de
2450 1508 2637 1547 eorum
2652 1494 3105 1564 confessionibus,
3128 1499 3455 1557 tradidimus
3472 1503 3802 1560 collocmda.

2219 1583 2433 1639 Providi
2477 1600 2692 1655 quoque
2724 1587 3003 1643 Pontiﬁcis
3047 1590 3334 1647 devotione
3371 1596 3708 1662 providebis,
3746 1605 3805 1652 ut

2217 1680 2614 1749 possessionem
2643 1682 3004 1737 servientibus
3026 1684 3226 1740 ibidem
3246 1685 3614 1755 profuturam,
3638 1704 3801 1759 quam

2219 1770 2284 1824 de
2304 1771 2536 1841 propriis
2565 1771 2913 1828 facultatibus
2942 1774 3234 1844 deputasti,
3257 1776 3488 1837 solemni
3517 1778 3803 1834 devotione

2226 1865 2583 1922 transcribas.
3796 1882 3799 1887 ‘

2770 1959 3070 2017 TITULUB
3116 1960 3252 2016 XIII.

2753 2050 2892 2105 Item
2942 2050 3282 2123 Responsum.

2291 2162 2368 2216 111.
2413 2163 2467 2216 in
2504 2161 2618 2217 solo
2653 2164 2754 2219 sibi
2801 2179 3058 2220 concesso
3088 2166 3154 2221 ab
3191 2165 3271 2220 111.
3310 2178 3365 2222 et
3400 2162 3458 2222 in
3494 2162 3577 2222 111.
3610 2166 3802 2237 fundo,

2219 2258 2479 2327 petitione
2502 2259 2706 2325 oblata,
2728 2259 2930 2314 dudum
2959 2274 3018 2314 se
3050 2260 3245 2314 asserit
3269 2256 3657 2330 Monasterinm
3681 2274 3812 2319 con-

2221 2349 2451 2415 divisse,
2481 2352 2534 2405 in
2567 2368 2674 2422 quo
2712 2368 2886 2423 nuper
2920 2352 3243 2419 oratorium,
3273 2352 3416 2422 quod
3449 2354 3660 2420 deerat,
3687 2366 3808 2411 esse

2220 2451 2631 2507 commemorat,
2666 2451 2859 2514 petens
2890 2443 2995 2500 hoc
3020 2444 3077 2499 in
3106 2443 3369 2500 honorem
3395 2442 3581 2502 Sancti
3605 2445 3686 2500 111.
3721 2446 3815 2501 de-

2220 2534 2351 2587 bere
2383 2534 2643 2591 dedicari.

2296 2624 2318 2664 τ
2352 2624 2419 2683 Et
2439 2626 2582 2692 ideo,
2611 2625 2781 2683 frater
2798 2627 3106 2694 carissime,
3133 2627 3179 2685 si
3206 2628 3260 2684 in
3280 2636 3389 2683 tua
3410 2629 3666 2687 diocesis
3684 2626 3808 2700 itte

2220 2719 2473 2775 consistit
2507 2720 2781 2776 antedicta
2819 2719 3098 2786 fundatio,
3140 2720 3395 2791 pruenti
3445 2718 3818 2793 praeceptio-0'

2222 2822 2496 2883 suscepta,
2526 2814 2830 2884 oratorium
2866 2822 3228 2870 memoratum
3246 2813 3409 2869 solita
3433 2813 3816 2875 benedictione

2221 2903 2484 2959 sacrabis.
2513 2902 2604 2959 Sic
2634 2914 2817 2961 tamen
2840 2912 3032 2961 utnon
3056 2904 3191 2960 illud
3219 2904 3433 2975 publica
3460 2907 3815 2975 processimus

2222 3012 2255 3051 at
2273 2997 2557 3055 conditore
2581 2997 2924 3068 aliquatenus
2945 3006 3198 3054 teneatur
3220 3013 3236 3052 :
3262 2997 3673 3069 congregationi
3696 3009 3813 3055 tan—

2222 3090 2519 3155 tummodo,
2567 3105 2689 3161 qua!
2730 3091 2842 3147 illic
2876 3104 2995 3147 esse
3023 3091 3304 3159 noscitur,
3342 3105 3501 3148 eam
3538 3092 3807 3163 mysteria

532 3211 646 3261 stra
671 3202 953 3258 voluntate
976 3215 1255 3268 concessa,
1273 3201 1330 3256 in
1356 3202 1618 3267 oratorio,
1643 3184 1787 3272 quod
1815 3201 1869 3255 in
1898 3182 2117 3257 nomine
2145 3212 2189 3275 ρ
2223 3181 2525 3238 celebrabili
2549 3223 2564 3249 ν
2613 3190 2880 3252 illum“
2925 3184 3179 3256 ι’θιίείοω
3232 3183 3578 3257 cume
3598 3223 3617 3253 ν
3672 3185 3812 3241 dm

528 3300 773 3372 ejusdem
805 3296 915 3370 9']
952 3299 1099 3354 beati
1131 3298 1386 3371 martyris
1435 3298 1577 3354 intra
1623 3297 1957 3369 episcopium
1986 3298 2117 3353 civi-

526 3396 658 3453 tatis
686 3411 799 3455 suaa
834 3397 1033 3453 asserit
1057 3394 1446 3465 construxisse,
1477 3393 1717 3465 postulat
1749 3393 2116 3462 recondenda,

420 3529 428 3537 .
526 3497 589 3544 ut
632 3489 686 3544 in
724 3489 840 3560 ejus
871 3490 1138 3545 honorem
1167 3489 1320 3543 locus
1355 3487 1473 3565 ipse
1509 3487 1702 3542 debeat
1730 3498 1750 3525 ο
1783 3485 2117 3551 consecrari,

529 3577 862 3635 fraternitati
915 3588 1045 3645 tuae,
1094 3580 1139 3634 si
1186 3587 1369 3634 tamen
1420 3577 1627 3633 nullum
1676 3577 1787 3633 illic
1832 3576 2118 3631 humatum

529 3684 726 3739 corpus
768 3684 889 3725 esse
936 3669 1214 3735 claruerit,
1264 3664 1383 3740 quae
1426 3669 1689 3740 postulas,
1738 3667 2116 3739 indulgemus,

530 3770 799 3829 quatenus
845 3760 1101 3817 desiderii
1148 3762 1258 3827 tui,
1300 3759 1413 3815 Deo
1464 3771 1713 3827 auctore,
1769 3762 1996 3832 potiaris
2036 3758 2117 3815 ef-

532 3850 698 3907 fectu.

1048 3923 1419 3982 TITULUS
1476 3922 1575 3981 Kl.

1088 4014 1278 4072 Petilio
1294 4016 1562 4088 Episcopi.

600 4127 681 4183 Ad
712 4124 922 4183 laudem
949 4129 1146 4183 summi
1170 4137 1377 4185 certum
1410 4137 1493 4183 est
1520 4129 1797 4199 pertinere
1819 4127 2119 4194 Pontificis,

532 4220 787 4293 quotiens
805 4228 1117 4275 sanctarum
1142 4219 1495 4276 Basilicarum
1521 4222 1672 4291 copia
1697 4221 1910 4276 videtur
1939 4237 2122 4277 accre-

530 4322 707 4363 scere.
736 4305 795 4362 In
817 4306 982 4362 fundo
999 4308 1077 4363 111.
1100 4308 1151 4362 in
1180 4315 1365 4364 nostro
1382 4307 1659 4365 territorio
1683 4309 1999 4375 constituto,
2015 4308 2121 4363 Ba-

530 4399 743 4459 silicam
770 4414 856 4454 me
875 4402 1111 4471 propriis
1138 4401 1446 4470 sumptibus
1465 4410 1675 4459 certum
1695 4409 1782 4457 est
1804 4400 2119 4466 fabricasse,

531 4507 722 4563 quam,
779 4491 889 4547 Deo
933 4500 1189 4557 auctore,
1244 4492 1399 4547 vobis
1444 4491 1715 4562 propitiis,
1768 4491 1819 4545 in
1858 4492 2121 4546 honorem

2223 3276 2511 3344 strepitum
2545 3275 2750 3346 plebis,
2782 3276 3010 3357 Domino
3052 3278 3140 3333 die
3164 3285 3438 3348 noctuque
3468 3277 3651 3335 valeat
3687 3292 3807 3350 sup

2218 3368 2442 3439 plicare.

2773 3458 3072 3515 Tl'l'ULUS
3110 3460 3248 3517 XIV.

2759 3550 2893 3606 item
2944 3552 3287 3625 Responsum.

2291 3663 2615 3720 Potitionem
2638 3662 2943 3721 dilectionis
2970 3674 3099 3731 tuae,
3122 3666 3247 3721 boni
3270 3665 3453 3737 operis
3471 3663 3813 3753 perfectione

2221 3762 2536 3832 gaudentes,
2562 3776 2795 3839 congrua
2824 3761 3181 3831 gratulatione
3204 3762 3539 3833 suscepimus
3563 3780 3576 3817 :
3602 3771 3658 3817 et
3686 3763 3809 3819 ideo

2220 3854 2528 3913 Basilicam,
2553 3868 2715 3921 quam
2743 3854 2942 3907 dudum
2967 3854 3168 3907 asseris
3197 3852 3412 3907 Arianre
3441 3853 3668 3908 hzeresis
3691 3870 3810 3926 spe-

2219 3945 2435 3999 luncam
2464 3942 2801 4007 fuisse,nunc
2822 3939 3200 3995 sollicitudinis
3218 3950 3322 3995 tua!
3340 3956 3504 4012 opera
3525 3942 3815 4001 catholica:

2222 4036 2369 4097 fidei,
2417 4033 2634 4089 Christo
2666 4031 2780 4087 Deo
2826 4042 3016 4085 nostro
3046 4048 3110 4087 ac
3158 4031 3439 4089 Salvatore
3482 4042 3669 4090 nostro
3717 4052 3808 4094 re-

2223 4135 2448 4201 gnante,
2497 4125 2769 4195 aptaveris
2803 4124 3200 4179 concedendam
3220 4166 3234 4189 ,
3264 4141 3428 4197 quam
3454 4125 3721 4199 postulas,
3753 4137 3810 4185 ut

2223 4222 2276 4276 in
2306 4222 2567 4275 honorem
2590 4218 2871 4271 beatorum
2896 4215 2976 4269 111.
2998 4224 3160 4285 atque
3180 4215 3259 4270 lli.
3288 4214 3587 4289 Martyrum
3611 4210 3819 4276 debeat

2224 4313 2554 4371 consecrari.

2290 4405 2404 4479 ω
2431 4404 2498 4459 Ει
2521 4404 2660 4465 ideo,
2688 4400 2858 4461 linter
2881 4399 3224 4464 charissime,
3253 4399 3301 4457 si
3329 4399 3385 4455 in
3411 4406 3518 4455 tua
3536 4401 3812 4470 parochias

2225 4505 2523 4552 memorata
2538 4493 2872 4549 constructio
2879 4491 3003 4561 jure
3016 4492 3287 4558 consistit,
3302 4500 3357 4553 et
3381 4492 3588 4551 nullum
3612 4506 3814 4566 corpus

531 4584 707 4639 sancti
740 4581 821 4639 lli.
853 4586 1108 4656 martyris
1136 4597 1456 4641 consecrare
1484 4582 1753 4648 desidero,
1786 4580 1812 4621 ἀ
1846 4583 1931 4636 cui
1964 4581 2117 4639 Basi-
2142 4596 2197 4659 D
2222 4586 2423 4644 ibidem
2465 4594 2679 4642 constat
2703 4586 2985 4640 humatum
3005 4626 3019 4650 ,
3055 4584 3366 4655 praedictam
3400 4583 3694 4645 Basilicam
3727 4598 3812 4642 re-

529 4674 646 4731 lica:
670 4674 737 4730 ad
765 4684 913 4737 sarta
949 4685 1088 4733 tecta
1106 4716 1122 4743 ,
1166 4675 1246 4735 vel
1270 4674 1338 4731 ad
1360 4673 1676 4729 alimoniam
1711 4673 2018 4739 custodum,
2049 4672 2117 4731 de

531 4767 700 4838 ipsius
722 4767 874 4825 fundi
904 4768 984 4827 lli.
1015 4777 1071 4829 et
1097 4767 1176 4827 lli.
1206 4764 1378 4823 oﬂ‘ero
1412 4785 1425 4822 :
1459 4766 1690 4835 ideoque
1718 4781 1817 4823 oro
1853 4766 2120 4835 apostola-

600 4935 631 4967 ι
678 4921 1289 4996 Βιϋςύοσὶίᾴειίάεηξσ,
1318 4928 1442 4996 ρης.Δ
1466 4921 1757 4996 Desumpta
1789 4920 2021 4996 formula
2047 4939 2115 4977 ex

532 4994 626 5051 lib.
657 5010 721 5060 ιι,
752 4991 914 5061 epist.
951 4992 1043 5055 ω,
1092 4992 1149 5046 8.
1201 4991 1446 5061 Gregorii
1489 4991 1778 5047 scribentis
1824 4994 1891 5048 ad
1925 4993 2118 5048 Fortu-

534 5077 722 5122 natum
766 5061 1177 5134 Neapolitanum
1213 5061 1278 5134 de
1295 5065 1643 5134 monasterio
1690 5063 1956 5118 Gratiosae
2003 5066 2113 5119 Ab-

533 5137 754 5193 batissaa
800 5129 1188 5204 consecrando.
1237 5129 1425 5189 Allinis
1458 5144 1543 5190 est
1579 5136 1995 5204 cliamrepistola
2019 5134 2111 5200 5'2,

534 5207 655 5263 libri
697 5223 738 5272 ι,
785 5219 903 5274 quin
946 5212 1034 5259 est
1061 5204 1128 5257 ad
1156 5202 1421 5260 Joannem
1472 5202 2117 5277 episcopum—Surrenti-

534 5294 661 5334 num
669 5317 681 5328 .

606 5351 635 5388 ιι
672 5344 827 5398 Intra
845 5346 1195 5419 episcopium.
1227 5344 1364 5402 Nota
1416 5347 1759 5419 disciplinam
1818 5350 2113 5419 temporis,

537 5429 821 5491 perquam
845 5414 1038 5491 licebat
1062 5420 1279 5490 quidem
1313 5414 1571 5491 episcopo
1594 5421 1833 5475 civitatis
1862 5414 2117 5475 suburbi-

537 5485 698 5544 cal-ite
718 5485 1312 5547 domesticum-habere
1347 5485 1673 5557 oratorium,
1716 5494 1808 5546 sed
1836 5492 1980 5562 quod
2010 5491 2117 5545 rite

538 5567 989 5630 cotisecraretur:
1020 5576 1120 5616 nec
1164 5564 1318 5630 prius
1365 5572 1578 5627 tamen,
1628 5580 1862 5630 quam,a
1905 5576 2119 5617 summo

537 5627 791 5703 pontifice
840 5627 1104 5703 indultum
1152 5627 1361 5690 fuisset.
1405 5634 1558 5690 Unde
1602 5627 1852 5689 Gelasins
1896 5634 2055 5703 epist.
2084 5631 2120 5687 9

541 5701 606 5757 ad
633 5701 916 5783 episcopos
945 5701 1216 5768 Lucaniae,
1253 5715 1360 5783 etc.
1398 5721 1519 5776 cap.
1554 5704 1644 5768 IV,
1683 5701 1944 5783 Basilicas
1976 5703 2120 5783 novi-

538 5771 971 5846 terqiinstitutas,
1023 5791 1124 5846 non
1177 5776 1348 5846 petitis
1395 5771 1647 5831 ex'rnore
1690 5773 2121 5846 prmceptiom’bus

539 5843 784 5901 dedicare
812 5860 915 5900 non
943 5843 1193 5900 audeant.
1235 5845 1440 5915 Quibus
1466 5864 1534 5904 ex
1562 5843 1744 5904 verbis
1771 5847 1845 5912 id,
1883 5845 1949 5900 ab
1978 5844 2122 5899 anti-

2221 4681 2583 4746 conciliandi,
2620 4690 2783 4748 atque
2810 4678 3188 4742 consecrandi,
3232 4677 3334 4732 tibi
3360 4678 3567 4737 nostris
3604 4692 3813 4748 prece-

2217 4774 2493 4847 ptionibus
2522 4772 2832 4829 facultatem
2863 4772 3083 4827 noveris
3116 4770 3454 4825 attributam.

2220 4926 2342 4996 quis
2364 4922 2475 4996 iam
2508 4923 2629 4978 inde
2656 4921 3021 4996 temporibus,_
3041 4928 3316 4996 servatum
3344 4918 3636 4996 colligitur.

2293 5007 2314 5036 ε
2351 4986 2683 5049 Conserrari.
2728 4986 2971 5047 Nondum
3008 4991 3313 5046 invaluerat
3355 4986 3497 5045 usus
3534 4986 3811 5047 cubiculi».

2222 5068 2383 5132 rium,
2409 5075 2465 5119 ut
2507 5067 2579 5123 ita
2611 5065 2822 5135 loquar,
2870 5063 3367 5135 clanculariumque
3415 5061 3798 5135 oratoriorum.

2224 5129 2392 5193 Suum
2419 5135 2627 5204 singula
2662 5129 2898 5189 oratoria
2933 5133 3198 5203 lapideum
3231 5129 3401 5187 altare
3435 5131 3599 5186 fixum
3640 5129 3809 5204 habe-

2220 5211 2383 5332 ﬁniuit,
2422 5200 2577 5261 suam
2614 5221 2645 5260 a
2698 5207 2891 5261 domus
2925 5200 3165 5274 profanre
3192 5213 3334 5260 tecto
3372 5204 3676 5279 sejunctam
3712 5200 3800 5279 fa-

2259 5296 2286 5332 l'
2310 5295 2447 5332 cam.

2219 5279 2447 5334 bricam.

2296 5351 2320 5389 ιι
2346 5348 2443 5401 Cui
2464 5344 2728 5410 Basiliam,
2754 5354 2860 5401 etc.
2884 5345 3022 5401 Nota
3041 5360 3232 5401 rursus
3255 5355 3555 5416 temporum
3576 5354 3803 5416 morem,

2224 5435 2349 5491 quo,
2379 5419 2623 5491 quisquis
2660 5419 2955 5491 Basilicam
3004 5417 3334 5491 aedificaret,
3366 5410 3602 5491 :deberet
3646 5410 3806 5491 simul

2226 5482 2490 5551 conferre,
2520 5482 2670 5560 'qnod
2702 5489 2767 5543 ad
2792 5500 2938 5549 sarta
2966 5496 3128 5551 tecta,
3159 5482 3471 5541 alimoniam
3497 5482 3821 5547 custodum,

2225 5571 2389 5635 atque
2421 5562 2584 5635 etiam
2612 5560 2903 5635 luminaria
2924 5576 3060 5635 (nius
3086 5566 3247 5635 esset.

2299 5624 2323 5671 ἒ
2349 5629 2601 5687 Palliola.
2636 5630 2881 5686 Brandea
2917 5624 3076 5685 v'ocat
3105 5630 3266 5701 etiam
3307 5636 3361 5683 et
3384 5624 3651 5687 velamina
3676 5637 3804 5679 san-

2226 5701 2681 5774 ctusfxrcgorius.
2725 5772 2736 5774 _
2875 5772 2883 5774 _
2961 5771 2975 5774 _
3402 5768 3415 5774 _
3494 5767 3508 5774 ,
3749 5759 3763 5774 .

2302 5768 2323 5812 τ
2356 5772 2419 5828 Et
2464 5767 2603 5829 ideo.
2647 5772 2918 5843 Solemnis
2952 5771 3125 5826 forma
3160 5767 3561 5843 pneceptionis,
3590 5773 3709 5839 qui:
3744 5767 3802 5819 in

2224 5844 2685 5916 consequentibus
2713 5840 2885 5899 titulis
2903 5840 3215 5912 usurpatur.
