4062 6438
271 424 332 482 95
1218 417 1661 477 ROMANORUM
1705 415 2141 480 PONTIFICUBI.
2183 455 2252 465 -—-
2286 427 2436 483 CAP.
2477 429 2534 484 V.
3432 439 3498 494 94

809 529 1106 588 TITULUS
1148 527 1263 588 XV.

737 624 812 680 De
831 625 992 680 altari
1015 626 1326 682 dedicanda.

329 717 617 776 Relationis
653 727 776 783 ture,
808 720 900 774 sed
925 729 980 775 et
1003 721 1285 789 petitionis
1313 721 1509 777 oblata:
1535 721 1604 776 ab
1633 721 1711 777 ill.
1740 729 1824 778 te-
1867 716 1870 718 ⁷

267 829 386 872 nore
409 812 655 877 decurso,
671 823 891 866 necesse
914 809 1018 866 fuit
1039 812 1434 868 rationabiliter
1455 813 1823 883 respondere:

267 906 475 974 ideoque
502 903 554 958 in
586 903 792 968 altare,
821 903 964 974 quod
1004 905 1059 958 in
1093 903 1326 959 Basilica
1360 904 1546 960 Sancti
1577 905 1657 959 lli.
1689 905 1837 966 olim,

265 997 493 1051 dedicata
528 1003 897 1050 constructum
924 996 1154 1062 dicitur,
1209 996 1513 1051 dilectionis
1555 1006 1659 1051 tute
1697 1011 1824 1051 con-

264 1090 478 1146 secratio
501 1097 678 1159 aptata
704 1090 986 1159 perveniat
1025 1109 1036 1144 :
1064 1098 1330 1160 quatenus
1358 1091 1703 1145 :ediﬁcatoris
1729 1091 1824 1146 de—

260 1184 394 1238 votio
419 1181 673 1242 desiderii
696 1184 778 1240 sui
814 1183 1031 1252 plenum
1057 1184 1318 1240 sortiatur
1338 1182 1607 1240 effectum.

806 1295 1102 1352 TITULUS
1130 1296 1266 1351 XVI.

513 1383 590 1438 De
615 1385 940 1440 recondenda
965 1403 1179 1458 corpore
1207 1386 1544 1442 Sanctorum.

319 1473 483 1530 Filius
523 1486 708 1530 noster
738 1477 816 1530 Ill.
863 1478 976 1533 suis
1016 1479 1172 1534 nobis
1212 1481 1649 1552 suggestionibns
1689 1482 1825 1538 indi-

257 1567 406 1630 cavit,
429 1568 676 1636 partibus
695 1569 775 1623 Ill.
807 1586 1003 1641 corpus
1028 1571 1177 1625 Beati
1200 1571 1278 1626 Ill.
1313 1575 1524 1628 noviter
1553 1573 1717 1629 fuisse
1738 1589 1824 1629 re-

253 1665 481 1726 pertum,
524 1667 577 1714 et
603 1661 747 1729 quod
783 1661 860 1714 lll.
906 1662 1171 1732 gloriosus
1193 1664 1402 1732 genitor
1432 1664 1547 1732 ejus
1587 1666 1640 1720 in
1674 1667 1823 1721 Basi-

253 1752 360 1818 lica,
389 1769 555 1822 quam
597 1757 809 1811 noviter
851 1759 1161 1824 aediﬁcavit,
1204 1759 1347 1814 idem
1392 1777 1590 1832 corpus
1631 1763 1822 1818 statuit

253 1844 639 1912 collocandum,
654 1849 899 1918 petitque
920 1857 980 1904 ut
998 1851 1187 1905 eadem
1204 1851 1444 1907 Ecclesia
1459 1866 1484 1894 α
1507 1854 1820 1910 solemniter

251 1935 426 1992 debeat
457 1943 798 1996 consecrari.

307 2027 561 2100 ideoque,
582 2029 751 2087 frater
776 2033 1176 2102 charissime,si
1199 2036 1251 2090 in
1283 2046 1389 2093 tuae
1405 2041 1679 2110 parochias
1701 2057 1822 2098 me-

249 2130 440 2177 morata
481 2128 819 2182 constructio
839 2127 963 2198 jure
991 2129 1260 2199 consistit,
1292 2131 1605 2205 nullumque
1626 2152 1822 2207 corpus

246 2213 312 2269 ibi
335 2224 553 2272 constat
581 2218 896 2288 humatum,
927 2233 1182 2293 percepta
1210 2225 1462 2296 primitus
1499 2244 1527 2282 a
1564 2228 1821 2298 pnedicto

244 2304 353 2359 viro
391 2307 688 2364 donatione
713 2311 970 2383 legitima,
1010 2329 1130 2384 quae
1157 2316 1211 2371 in
1240 2316 1546 2374 luminariis
1579 2319 1821 2388 ejusdem

244 2393 469 2453 basilicae
504 2397 664 2470 digne
691 2403 865 2471 possit
910 2401 1177 2472 suﬁicere,
1214 2407 1458 2464 eamdem
1497 2408 1816 2477 Ecclesiam,

244 2491 550 2544 convocatis
579 2491 698 2546 aliis
736 2493 995 2550 fratribus
1021 2505 1076 2551 et
1111 2497 1456 2570 Coepiscopis
1485 2503 1687 2557 nostris
1726 2504 1821 2559 tibi

241 2575 626 2646 vicinantibus,
669 2583 827 2638 stude
875 2583 1188 2642 solemniter
1231 2589 1516 2657 dedicare,
1557 2601 1822 2662 quatenus

243 2667 538 2726 devotionis
556 2687 667 2728 suae
691 2674 745 2729 in
773 2675 1205 2745 consecratione,
1233 2693 1397 2751 quam
1423 2683 1684 2752 postulat,
1717 2700 1817 2756 po-

242 2760 402 2818 tiatur
422 2763 644 2822 effectu.

719 2862 876 2934 ιοο
919 2864 1218 2922 TITULUS
1252 2866 1414 2922 xvn.

435 2949 679 3010 Basilica
699 2972 817 3026 qua
840 2967 953 3027 post
978 2959 1276 3016 incendium
1309 2969 1604 3032 reparatur.

302 3042 610 3114 Basilicam,
634 3063 794 3117 quam
823 3050 876 3104 in
897 3059 1078 3108 castro
1101 3052 1180 3107 lli.
1213 3054 1430 3110 dilectio
1456 3063 1547 3109 tua
1572 3063 1695 3128 post
1729 3055 1812 3112 in-

239 3138 483 3198 cendium
522 3143 719 3204 asserit
743 3153 1082 3213 reparatam,
1119 3153 1175 3201 et
1203 3146 1256 3202 in
1291 3148 1554 3206 honorem
1577 3149 1816 3206 beatilll.

241 3231 570 3294 habitatores
609 3235 711 3290 loci
746 3236 915 3308 ipsius
959 3239 1268 3296 desiderant
1303 3243 1632 3308 consecrari,
1672 3244 1822 3298 dedi-
1847 3264 1893 3329 ρ

240 3324 468 3384 cationis
497 3325 594 3382 tibi
627 3327 680 3384 in
701 3343 764 3383 eo
787 3332 1159 3400 praeceptionis
1189 3341 1386 3388 nostrae
1417 3335 1558 3390 serie
1592 3334 1821 3391 faculta-

237 3420 337 3468 tem
362 3416 668 3481 tribuimus,
695 3427 752 3474 ut
777 3419 1011 3476 ﬁdelium
1034 3422 1250 3480 devotio
1278 3433 1680 3495 competente“:
1700 3443 1819 3484 sor-

238 3502 400 3559 tiatur
450 3506 721 3563 eﬁ‘ectum.
755 3510 783 3560 lt
806 3509 960 3568 Scias
999 3515 1306 3570 sanctuaria
1339 3517 1553 3587 novitct‘
1596 3517 1760 3578 missa
1800 3532 1815 3572 :

232 3597 543 3656 sanctuaria
585 3614 714 3655 vero
750 3611 1001 3673 suscepta
1027 3605 1109 3660 sui
1150 3623 1274 3661 cum
1319 3610 1628 3676 reverentia
1653 3609 1816 3672 collo-

231 3684 407 3740 cabis.

772 3779 1068 3841 TITULUS
1107 3786 1288 3848 XVIII.

234 3862 467 3922 Basilica
497 3883 618 3926 qua:
643 3881 760 3928 post
793 3875 1001 3928 ruinam
1038 3875 1252 3933 alterius
1277 3879 1441 3948 juxta
1481 3883 1647 3952 ipsam
1689 3899 1815 3940 con-

855 3953 1053 3999 structa
1093 3957 1189 4001 est.

302 4026 569 4095 Quoniam
604 4031 746 4087 beati
781 4031 860 4089 Ill.
902 4034 1192 4093 Basilicam
1225 4038 1485 4097 lateribus
1524 4045 1814 4116 aliquando

235 4126 596 4174 constructam
621 4119 860 4178 funditus
885 4127 1138 4196 perhibes
1166 4130 1456 4198 corruisse,
1481 4141 1533 4187 et
1559 4134 1630 4188 ita
1653 4135 1809 4190 ruina

239 4211 344 4282 ipsa
373 4214 456 4270 vel
484 4215 608 4271 aliis
637 4218 978 4290 squaloribus
1013 4237 1134 4276 esse
1165 4224 1442 4293 repletam,
1475 4237 1535 4281 ut
1563 4229 1811 4282 mundari

239 4301 497 4362 difﬁcilius
525 4305 706 4373 fuerit,
738 4325 900 4380 quam
927 4311 1185 4366 aediﬁcari
1218 4331 1230 4367 :
1273 4322 1323 4369 te
1346 4324 1525 4370 autem
1552 4318 1604 4371 in
1635 4318 1814 4376 vicino

239 4396 448 4450 omnino
482 4395 724 4465 ejusdem
755 4399 893 4466 loco,
930 4401 1215 4458 Basilicam
1255 4405 1415 4459 aliam
1446 4407 1500 4460 in
1547 4407 1808 4464 honorem

236 4485 465 4550 praedicti
515 4485 800 4562 Martyris,
831 4507 940 4547 non
984 4494 1050 4549 de
1093 4493 1351 4552 lateribus
1375 4538 1390 4565 ,
1424 4499 1516 4553 sed
1554 4499 1620 4554 de
1666 4498 1814 4557 calce

1848 1905 1896 1964 B

1852 539 1908 600 Α
1931 546 2092 608 atque
2135 555 2298 596 arena
2321 542 2614 602 intruxisse
2639 561 3035 606 commemoras
3054 593 3068 618 ,
3101 551 3195 606 sed
3224 560 3278 606 et
3315 553 3368 608 in
3396 569 3507 610 me-

1930 629 2120 686 liorem
2164 634 2317 707 longe
2346 646 2564 705 statum,
2596 655 2758 710 quam
2800 641 2889 698 illa
2931 641 3136 708 fuerat,
3180 645 3501 702 surrexisse.

1929 721 2081 780 Nunc
2114 737 2296 782 autem
2336 728 2651 787 facultatem
2675 733 2774 790 tibi
2801 734 3040 804 ejusdem
3068 734 3311 792 Basilica:
3340 737 3506 792 tribui

1928 815 2207 874 desideras
2251 821 2581 888 dedicandae,
2628 833 2682 880 et
2725 834 2786 880 ut
2825 828 2890 882 de
2928 827 3203 898 przedictis
3229 828 3401 884 ruinis
3439 829 3505 884 ad

1927 923 2125 963 novam
2155 909 2441 968 Basilicam
2465 915 2578 984 ipse
2608 915 2851 986 reliquiae
2874 919 3290 974 transferantur.

1998 997 2256 1069 ideoque,
2291 1012 2349 1056 ut
2379 1005 2466 1074 pia
2490 1015 2546 1060 et
2569 1005 2712 1074 justa
2737 1016 2882 1074 sunt,
2908 1023 3030 1078 quin
3069 1025 3098 1062 a
3129 1019 3218 1063 tua
3248 1007 3502 1062 fraterni-

1924 1093 2034 1142 tate
2071 1088 2384 1158 poscuntur,
2421 1095 2706 1156 dedicandi
2741 1094 3114 1168 tibi'praedicti
3157 1099 3334 1154 locum
3371 1114 3501 1155 con-

1923 1181 2185 1250 cedimus,
2216 1185 2325 1240 Deo
2347 1190 2693 1258 propitiante,
2719 1191 2988 1248 licentiam
3013 1208 3026 1258 ;
3056 1191 3148 1245 sed
3171 1199 3225 1245 et
3246 1191 3500 1260 reliquias

1921 1291 2046 1331 cum
2077 1278 2281 1334 honore
2316 1281 2495 1336 debito
2525 1296 2544 1322 ε
2581 1286 2972 1356 transferendi,
3009 1295 3170 1356 atque
3208 1287 3262 1342 in
3299 1302 3362 1341 ea
3387 1301 3504 1354 quae

1923 1380 1954 1418 a
1987 1373 2036 1419 te
2071 1376 2376 1424 constructa
2415 1379 2512 1433 est,
2561 1375 2711 1444 101
2741 1375 2969 1431 Basilica
3003 1375 3322 1432 collocandi.
3373 1375 3496 1429 "1130

1921 1457 2065 1510 enim
2089 1459 2155 1512 ad
2194 1459 2425 1515 ﬁliorum
2469 1462 2721 1518 Ecclesia:
2761 1467 3036 1536 gautlium,
3073 1477 3129 1521 et
3151 1467 3218 1522 ad
3258 1477 3358 1522 tua:
3384 1467 3500 1536 opi-

1921 1549 2121 1622 nionis,
2137 1549 2221 1609 vel
2237 1553 2403 1608 etiam
2429 1557 2713 1622 mercedis,
2749 1557 3040 1614 utilitatem
3062 1567 3361 1615 noscuntur
3390 1574 3509 1629 per-

1927 1639 2118 1695 linere.

2479 1716 2776 1776 TITULUS
2809 1719 2950 1774 XIX.

2226 1804 2413 1860 Petilio
2441 1809 2504 1862 de
2525 1810 2813 1865 dedicanda
2845 1813 3174 1882 Baptisterio.

1993 1893 2182 1950 Votiva
2210 1897 2522 1953 solemnitas
2544 1902 2849 1955 animorum
2877 1904 3044 1974 exigit
3079 1912 3370 1974 augmenta
3402 1905 3504 1960 Ba-

1923 1990 2119 2054 silicas,
2167 1982 2432 2060 quatenus
2462 1993 2517 2046 in
2546 1994 2747 2048 bonum
2773 1995 3047 2065 religionis
3071 1996 3252 2067 populi
3281 1997 3498 2053 devotio

1922 2080 2094 2151 major
2116 2082 2413 2138 adcrescat.
2440 2083 2579 2156 Ergo
2594 2087 2716 2158 quia
2739 2087 2792 2141 in
2809 2086 3039 2144 Basilica
3062 2087 3245 2144 Sancti
3266 2089 3346 2144 Ill.
3373 2100 3429 2145 et
3451 2092 3504 2146 in

1928 2171 2096 2230 fundo
2117 2174 2195 2229 ill.
2217 2173 2358 2246 juris
2391 2177 2494 2234 mei
2531 2177 2556 2216 ά
2605 2177 2986 2250 Baptisterium
3024 2181 3311 2250 collocavi,
3349 2184 3419 2239 ita
3452 2193 3510 2238 ut

1922 2265 2178 2335 reliquias
2205 2267 2263 2322 in
2289 2269 2481 2324 eodem
2515 2270 2634 2326 loco
2662 2280 2974 2329 sanctorum
3006 2273 3306 2346 Martyrum
3333 2273 3415 2330 ill.
3453 2284 3510 2330 et

1920 2356 2000 2414 Ill.
2027 2356 2325 2416 desiderem
2354 2361 2623 2417 introduci
2654 2382 2665 2417 :
2701 2363 2904 2418 idcirco
2932 2365 3246 2436 provolutus
3275 2367 3509 2436 Aposto-

1922 2450 2063 2505 latus
2104 2451 2268 2506 vestri
2300 2453 2554 2508 meritum
2600 2456 2859 2522 obtestor,
2905 2466 2960 2516 et
2985 2474 3081 2532 per
3112 2457 3314 2524 sedem,
3347 2471 3510 2530 quam

1922 2543 2128 2614 regitis,
2156 2544 2457 2600 divinitatis
2485 2555 2633 2601 sorte
2661 2549 2883 2617 Vicarii,
2909 2558 2969 2602 ut
2996 2535 3137 2603 Idalis
3165 2551 3233 2603 ad
3264 2560 3509 2604 nostrum

1923 2635 2292 2690 venerabilem
2339 2634 2418 2688 Ill.
2473 2636 2797 2709 Episcopum
2841 2636 3194 2709 jussionibus,
3247 2641 3302 2694 in
3353 2639 3508 2709 cujus

1921 2722 2143 2781 ditecesi
2171 2726 2382 2781 videtur
2405 2741 2524 2783 esse
2545 2740 2937 2796 constructum,
2972 2732 3362 2789 dedicationem
3392 2733 3498 2788 Ba—

1919 2817 2172 2887 ptisterii,
2201 2819 2472 2889 prtedictis
2493 2821 2816 2894 Martyribus
2839 2826 3104 2896 pr0pitiis,
3133 2827 3250 2880 ﬁeri
3272 2843 3502 2882 censea-

1919 2909 2014 2975 tis,
2062 2919 2120 2964 ut
2171 2910 2225 2964 in
2273 2910 2377 2967 ﬁde
2425 2914 2713 2982 catholica,
2765 2916 3114 2973 adcrescente
3161 2918 3394 2988 populo,
3447 2930 3501 2973 et

1921 3011 2119 3072 agente
2144 3003 2469 3060 beatitudini
2496 3015 2692 3063 vestra:
2716 3008 2939 3080 gratias,
2971 3009 3214 3081 reliquize
3242 3011 3508 3067 collocen-

1922 3105 2012 3151 tur
2045 3116 2057 3150 :
2087 3099 2172 3152 cui
2202 3110 2225 3138 θ
2244 3099 2489 3156 Basilica:
2515 3101 2657 3157 facta
2679 3103 2988 3160 donationis
3038 3105 3265 3172 cartula,
3311 3103 3506 3160 fundos

1920 3186 2000 3242 ill.
2034 3196 2089 3243 et
2124 3187 2204 3244 Ill.
2236 3205 2323 3246 me
2353 3191 2744 3249 collocaturum
2778 3209 2899 3251 esse
2928 3197 3202 3267 promitto.

2396 3310 2551 3387 102
2575 3311 2878 3370 TlTULUS
2905 3313 3025 3370 xx.

2218 3399 2542 3474 Responsum
2581 3404 2860 3459 dedicandi
2884 3405 3203 3478 Baptisterii.

1996 3489 2016 3529 τ
2033 3489 2200 3548 Filius
2225 3505 2411 3550 noster
2432 3496 2484 3549 in
2516 3495 2680 3552 fundo
2714 3497 2791 3551 lll.
2818 3495 2960 3569 juris
2983 3499 3066 3554 sui
3091 3499 3380 3554 Basilicam
3407 3501 3506 3555 du-

1921 3577 2048 3632 dum
2065 3579 2299 3635 dicatam
2321 3583 2499 3637 oblata
2522 3586 3012 3656 asseritpetitionc,
3029 3597 3083 3641 et
3105 3599 3162 3642 se
3176 3589 3429 3658 prtetiicta
3448 3590 3506 3644 in

1920 3669 2157 3725 Basilica
2188 3671 2595 3742 Baptisterium,
2628 3678 2770 3747 quod
2799 3679 3001 3744 deerat,
3035 3682 3300 3751 suggessit
3320 3673 3509 3736 condi;

1924 3760 2086 3824 disse,
2119 3763 2260 3832 quod
2299 3763 2527 3819 solemni
2555 3766 2930 3824 benedictione
2968 3773 3172 3828 sacrari
3213 3773 3504 3839 desiderat,

1920 3858 2081 3921 atque
2103 3853 2157 3907 in
2181 3855 2368 3910 eodem
2395 3856 2722 3926 Baptisterio
2745 3859 3068 3920 Sanctorum
3093 3862 3177 3918 Ill.
3200 3873 3254 3920 et
3275 3862 3352 3920 ill.
3381 3880 3507 3920 san-

1916 3943 2127 3998 ctuaria
2165 3943 2361 4000 debere
2402 3946 2677 4003 collocari.

1986 4032 2209 4100 idcirco,
2238 4036 2557 4094 charissime
2581 4038 2768 4107 frater,
2794 4041 2837 4096 si
2871 4042 2922 4097 in
2954 4050 3055 4098 tute
3098 4043 3349 4101 dioecesis
3379 4061 3495 4101 me-

1916 4133 2128 4181 morata
2166 4127 2410 4184 fundatio
2449 4131 2574 4201 jure
2614 4135 2896 4199 consistit,
2929 4137 3288 4206 praeceptione
3324 4151 3506 4192 susce-

1914 4227 2028 4290 pta,
2061 4221 2345 4278 desideriis
2377 4225 2684 4280 satisfacies
2713 4228 3010 4282 conditoris
3043 4247 3054 4281 :
3091 4229 3169 4283 sic
3201 4237 3380 4288 tamen
3401 4272 3414 4295 ,
3445 4239 3507 4284 ut

1916 4311 2220 4366 oblatarum
2251 4329 2435 4367 rerum
2470 4317 2740 4384 primitias
2778 4320 2803 4356 Β
2835 4318 3055 4373 donatio
3083 4319 3339 4377 solemnis
3365 4339 3503 4392 pra:-

1915 4403 2136 4470 veniat,
2169 4405 2587 4464 denuntiaturus
2613 4425 2681 4464 ex
2707 4425 2876 4475 more,
2911 4412 3044 4467 nihil
3084 4414 3192 4470 illic
3222 4414 3362 4486 juris
3386 4416 3505 4471 fun-

1918 4497 2093 4552 datori
2123 4498 2349 4555 ulterius
2368 4498 2481 4568 jam
2509 4502 2709 4568 deberi,
2738 4505 2840 4560 nisi
2861 4509 3222 4577 processionis
3248 4512 3498 4580 gratiam,

306 4627 328 4655 ι
356 4615 687 4705 Solemniter,
731 4632 836 4678 etc.
873 4624 1112 4682 Observa
1139 4630 1414 4705 geminum
1448 4635 1814 4692 consecratio-
1839 4625 1892 4686 D
1918 4632 2009 4705 bat
2033 4633 2377 4705 imaginibus
2426 4633 2817 4705 baptismorum
2864 4639 2917 4692 in
2959 4639 3108 4695 Novo
3152 4640 3501 4699 Testamento

239 4684 315 4786 gis
351 4692 618 4786 modum:
656 4684 995 4786 eonnnnnem
1029 4684 1316 4786 unuiii,_de
1355 4684 1462 4771 quo
1503 4684 1810 4786 superiores

241 4753 505 4840 formulae;
549 4761 777 4819 alterum
817 4765 1143 4846 solemnem,
1176 4753 1441 4846 adﬁnem
1481 4753 1643 4846 vicini
1683 4775 1808 4846 Epi-

241 4829 370 4916 scopi
392 4842 802 4916 convocantur-z
842 4837 962 4916 talis
983 4837 1085 4892 fuit
1112 4829 1378 4916 dedicatio
1395 4844 1658 4912 Basilicas,
1689 4829 1807 4916 qua:

243 4894 444 4969 Synodo
464 4905 717 4963 secunda:
758 4907 1105 4964 Arausicante
1124 4894 1659 4969 occasionem-dedit:

304 4968 508 5056 {’Scias
551 4978 872 5056 sanctuaria.
910 4979 1094 5056 -Roma
1137 4968 1510 5056 mittebantur
1542 4968 1801 5056 t‘eliquite,

245 5046 326 5123 aut
360 5053 508 5098 certe
539 5046 707 5123 accipi
741 5047 1218 5123 aliundespeciali
1263 5055 1621 5123 prwceptionc
1656 5046 1806 5111 inani

247 5106 520 5195 dabantur.
550 5114 638 5169 Sic
657 5106 809 5173 fenim
832 5106 1079 5179 Pontifex
1111 5106 1291 5191 aliqua
1320 5106 1807 5195 sinat-tetidem;-

243 5182 323 5229 tur
342 5182 451 5248 ipse
474 5183 656 5241 locum
679 5198 924 5244 sanctum
953 5182 1289 5248 construere.

305 5257 326 5285 ε
366 5254 756 5323 Transferendi.
793 5258 862 5313 Ut
899 5261 1014 5315 sine
1057 5263 1235 5318 missis
1269 5263 1438 5319 Roma
1485 5267 1807 5322 sanctuariis

244 5331 549 5406 consecrare
574 5342 680 5406 non
721 5329 918 5384 licebat
959 5331 1240 5406 Basilicam
1261 5375 1274 5399 ,
1306 5337 1378 5389 ita
1417 5351 1590 5406 neque
1617 5353 1679 5390 ea
1735 5353 1798 5392 ex

245 5402 341 5476 uti?
363 5391 476 5476 loco
501 5399 555 5476 in
575 5391 1448 5476 al_terun_1_consecrationis'gratia
1481 5391 1798 5464 transferre.

306 5457 746 5544 cl"Baptisteritun.
783 5469 897 5524 Non
927 5479 1008 5544 est
1033 5457 1156 5544 fons
1186 5457 1622 5544 ipisé’sa’éérféea
1654 5480 1798 5536 ardes

244 5524 474 5615 Basilica:
504 5538 711 5615 addita,
743 5556 910 5615 quare
941 5524 1507 5614 dicitur”.‘iiqjineiiinm
1530 5524 1796 5615 Basiliam:

245 5605 461 5687 rotunda
484 5615 543 5664 ut
575 5605 879 5687 plurimum
892 5613 1063 5687 instar
1067 5605 1396 5687 _tes_tudinis,
1435 5617 1487 5671 in
1511 5619 1662 5687 cujus
1687 5605 1800 5675 me;

247 5667 326 5755 εξο
350 5667 739 5755 ξαῐξξ-εαεέτᾼη
771 5676 1040 5755 nonnullis
1066 5667 1797 5755 ccclesiisgpxésséiliiih'éi-

250 5739 598 5827 tli‘edralibus,
634 5749 893 5827 ejusmodi
926 5739 1074 5827 laedes
1112 5739 1792 5827 conspicituralia-mnum,

250 5819 356 5895 gnte
396 5824 455 5895 ut
486 5835 587 5895 non
621 5819 708 5895 est
745 5825 843 5878 sub
885 5823 1072 5879 eodem
1115 5819 1259 5880 tecto
1283 5842 1402 5884 cum
1430 5826 1686 5895 Basilica,
1723 5819 1794 5886 ita

249 5885 512 5955 Proprium
547 5892 706 5949 habet
736 5897 1156 5952 consecrationis
1189 5897 1370 5952 ritum.
1400 5897 1620 5971 Depingi
1653 5885 1794 5957 dole;

1919 4701 2545 4784 celebrinmLChristi'a
2585 4705 2811 4784 Joanne,
2861 4709 3176 4784 Eunuchia
3227 4712 3496 4784 Philippo,

1917 4782 2026 4854 etc.
2047 4772 2188 4854 Orna
2200 4775 2357 4827 batur
2381 4792 2594 4846 quoque
2613 4772 2944 4854 Sanctorum
2969 4783 3355 4854 statuisratqne
3371 4772 3500 4838 'r'eli;

1917 4844 2058 4910 quiis
2091 4862 2102 4897 :
2135 4844 2245 4898 imo
2272 4853 2326 4899 ct
2366 4844 2524 4900 suum
2552 4850 2717 4902 etiam
2747 4850 2934 4905 habuit
2969 4851 3096 4910 olim
3135 4844 3324 4909 altare.
3373 4855 3496 4909 Haec

1915 4915 2112 4994 partim
2140 4930 2203 4968 cx
2227 4917 2507 4994 veteribus
2537 4917 3172 4994 Scriptoribgusﬁconstat,
3199 4927 3397 4994 partim
3429 4940 3495 4978 ex

1916 4984 2121 5072 relictis
2146 4984 2688 5072 antiqua‘E'religionis
2719 4991 2979 5072 vestigiis.

1989 5067 2013 5095 ο
2045 5053 2311 5134 Βαεὶιὲεηξ.
2348 5053 2678 5134 _Ubicu_nque
2702 5053 3054 5118 constitutum
3084 5073 3203 5119 erat
3231 5064 3501 5134 Baptiste-

1909 5125 2077 5189 rium,
2103 5141 2254 5202 suam
2278 5125 2466 5184 habuit
2495 5125 2722 5198 plebem,
2750 5141 2911 5202 atque
2939 5135 3011 5189 ita
3038 5136 3232 5200 ﬁebat,
3263 5125 3324 5188 ui
3347 5150 3497 5190 more

1909 5204 2097 5282 "05,"?
2117 5195 2435 5282 ’ὶρψιιιιηέιικ
2462 5195 2788 5282 parochi-alis
2877 5207 3015 5282 unde
3037 5195 3327 5282 Zacharias
3356 5223 3493 5282 papa

1906 5266 2209 5334 prohilmit,
2238 5281 2303 5344 ne
2332 5266 2650 5344 Baptisleria
2685 5273 2735 5326 in
2761 5275 2985 5344 privatis
3012 5274 3263 5328 oratoriis
3289 5266 3492 5331 consli-

1905 5345 2209 5418 tuerentur.
2251 5336 2678 5418 llmleetiamin
2711 5336 2942 5398 formula
2978 5345 3202 5412 dicitur,
3231 5357 3489 5418 quatenus

1904 5405 2085 5477 populi
2108 5407 2310 5464 devotio
2334 5411 2509 5481 major
2537 5414 2828 5468 adcrescat.
3190 5405 3199 5412 ’
3243 5405 3254 5418 ”
3349 5463 3358 5472 ς

1985 5477 2002 5515 ἶ
2041 5475 2212 5528 Filius
2245 5491 2456 5528 noster-
2502 5491 2606 5528 nia-
2642 5484 2776 5528 Hinc
2809 5492 3025 5528 accentu
3071 5495 3150 5528 ml
3200 5505 3357 5528 nman

2091 5477 2218 5563 ilius.
2245 5477 2456 5546 noster",
2502 5491 2606 5542 etc.
2641 5484 2776 5538 Hinc
2809 5492 3391 5563 accept.a__est_magna
3422 5507 3484 5544 ex

1904 5556 2088 5625 parte,
2112 5550 2252 5603 unde
2279 5559 2332 5604 et
2357 5567 2713 5625 cottsequens,
2742 5550 3488 5625 paucis'quibusdamVerbis

1906 5619 2123 5690 aliunde
2147 5623 2458 5690 assumptis.

1983 5693 2007 5729 ε
2041 5689 2268 5770 _I_)ona_tio
2311 5689 2973 5770 solemnia-QumAalendo
3005 5697 3326 5770 Presbytero
3355 5700 3488 5761 Car—

1908 5759 2098 5843 dinali,
2132 5761 2360 5843 .idwestr2
2403 5760 2640 5843 titulari,
2679 5763 2988 5824 sufﬁceret:
3019 5761 3248 5843 legitima
3289 5759 3486 5826 dicitur

1905 5845 1935 5883 a
1964 5830 2181 5955 Ptelagio
2206 5829 2226 5882 l
2253 5840 2306 5884 et
2329 5829 2385 5882 S.
2411 5829 2698 5904 Gregorio;
2725 5853 2753 5890 a
2779 5848 2970 5894 neutro
2996 5829 3205 5904 summa
3231 5857 3484 5914 expresse

1905 5907 1987 5955 tra
2005 5919 2008 5922 ·
2029 5910 2154 5955 itur.

1903 5902 2154 5955 traditur.
