4062 6430
495 392 566 451 95
1851 371 2059 429 manu
2097 368 2408 429 muanus
3708 363 3777 421 96

502 516 623 576 quae
647 498 970 559 Christianis
989 495 1239 555 omnibus
1267 494 1322 551 in
1343 506 1630 552 commune
1654 489 1882 546 debetur
1908 506 1921 541 :
1951 499 2081 556 qua-
2110 490 2164 549 Α
2186 485 2418 543 habetur
2437 485 2488 539 iu
2520 482 2770 550 subditis,
2796 484 2849 537 in
2873 481 2993 537 loco
3014 477 3093 535 Ill.
3118 476 3259 550 juris
3282 477 3367 533 sui
3385 474 3774 548 Baptisteriuni

505 603 663 650 tenus
699 600 754 649 et
781 591 1049 648 desideria
1084 588 1384 645 conditoris
1410 586 1467 641 in
1495 583 1750 641 omnibus
1771 576 2085 648 complean-

506 693 628 751 tur,
659 692 713 741 et
736 698 834 756 per
862 697 1076 739 sacrum
1102 679 1382 735 lavacrum
1401 670 1791 748 regenerandis
1825 667 1937 725 illic
1963 679 2089 740 pec-

506 787 752 839 Catorum
780 776 1005 835 macula:
1035 774 1334 832 deleantur.

1061 885 1362 945 TITULUS
1399 883 1542 942 XXI.

1040 981 1175 1035 Item
1215 977 1562 1049 Responsum.

580 1091 606 1119 ι
643 1077 901 1133 Petitoria
931 1076 1011 1132 lll.
1046 1075 1203 1131 nobis
1232 1070 1502 1144 suggessit
1536 1063 1923 1128 insinuatione,
1951 1058 2097 1131 quod

2196 595 2256 635 se
2294 576 2492 633 asserit
2517 575 2914 631 construxisse.
3372 631 3405 640 ﬂ

2268 677 2335 734 Et
2361 677 2503 741 ideo,
2535 675 2703 730 frater
2742 672 3090 737 charissime,
3119 669 3374 740 praesenti
3415 668 3781 741 praeceptione

2195 780 2470 841 suscepta,
2496 768 2781 825 desideriis
2817 765 3120 821 satisfacies
3138 762 3437 819 conditoris
3471 781 3485 818 :
3513 772 3784 834 quatenus

2196 882 2294 938 per
2324 862 2695 920 venerandum
2724 860 3000 916 lavacrum
3033 864 3380 929 peccatorum
3406 855 3518 911 illic
3553 846 3799 913 macula

2200 962 2502 1019 deleantur.

580 1228 607 1258 α
648 1215 906 1271 Petitoria
932 1257 946 1280 ,
1000 1221 1107 1267 etc.
1149 1207 1402 1265 Formula
1433 1204 1717 1275 desumpta
1767 1205 1852 1256 est
1904 1193 2092 1267 paucis
2126 1189 2427 1247 immutatis
2458 1202 2524 1243 ex
2561 1184 2656 1240 lib.
2699 1199 2755 1239 xi
2819 1179 2877 1236 S.
2906 1177 3155 1251 Gregorii
3220 1173 3445 1247 epistola
3469 1173 3540 1229 24
3573 1173 3641 1229 ad
3678 1172 3786 1230 Ho-

509 1288 721 1345 norium
744 1286 1068 1357 Episcopum
1097 1280 1472 1337 Tarentinum.

533 1385 3756 1444 __________v____._______————————————-—

1370 1481 1376 1486 ’
1738 1519 1895 1590 103
1962 1525 2302 1609 CAPUT
2376 1521 2514 1600 VI.

1281 1742 1363 1785 DE
1406 1737 1608 1783 REBUS
1653 1732 1967 1780 ECCLESIB
2009 1722 2451 1773 PROCURANDIS
2494 1720 2575 1764 ΕΤ
2617 1709 3016 1763 ΔιιΕΝΑΝυιε.

1794 1849 2528 1880 _______________.

508 1979 909 2036 Attoniti-2mm.
939 2001 1011 2013 —
1031 1968 1166 2027 Cum
1192 1967 1430 2023 mittitur
1458 1964 1525 2018 ad
1549 1954 1935 2036 patrimonium
1960 1968 1991 2021 g

1995 1946 2253 2004 erendum
2294 1944 2544 1999 curator,
2575 1933 2735 2004 datur
2756 1926 2991 1998 primum
3015 1923 3063 1978 ei
3092 1921 3419 2004 procurandi
3448 1922 3750 2004 auctoritas
3775 1940 3791 1976 :

580 1995 909 2036 ιαυιεκτυι.
939 1995 1166 2027 -υυιιι
1196 1995 1420 2023 ιιιιιιιιιιι
1458 1995 1525 2018 au
1550 1995 1935 2033 ναι-ιιι-υ---υ--ι
1960 1995 2233 2021 υν--ν--π
2268 2017 2277 2025 ,
2313 2012 2324 2023 ,
2532 1995 2540 1999 ν
2609 2004 2621 2016 .
2701 2003 2712 2015 ,
2759 1995 2774 1998 -
3111 1996 3122 2007 ο
3563 1995 3574 2007 -
3657 1996 3669 2006 -

580 2048 775 2105 deinde
801 2045 1060 2102 scribitur
1095 2051 1149 2097 et
1177 2040 1243 2095 ad
1270 2038 1525 2099 colonos,
1550 2041 1611 2087 ut
1635 2027 1923 2087 ohexliant;
1958 2032 2014 2076 et
2043 2019 2111 2073 ad
2140 2018 2424 2070 Patriuum
2464 2007 2795 2062 Provinciae,
2823 2006 2882 2052 ut
2915 2002 3318 2067 patrocmetur;
3362 2002 3418 2048 et
3453 1995 3521 2047 ad
3554 1995 3795 2064 judicem

1615 2103 1624 2105 _
1954 2094 1968 2105 ι
2003 2091 2040 2105 n
2082 2090 2094 2101 ο
2148 2102 2224 2105 ν-..
2243 2101 2291 2105 --
2320 2082 2417 2105 I-..:
2488 2086 2540 2105 ..ι
2568 2091 2719 2105 nnnm
2749 2071 2920 2105 fornnl
2980 2066 3167 2105 Dnchm
3206 2065 3255 2105 nl
3285 2073 3523 2105 nnlpcme
3547 2074 3598 2105 nl
3624 2067 3795 2105 manli-

580 2083 775 2105 υῠιιιυυ
801 2083 878 2102 ru.-
894 2083 1046 2100 ιυι-ιι-
1096 2083 1149 2097 ν.
1177 2083 1243 2095 υ...
1273 2083 1490 2094 νυ.ν--...,
1510 2083 1525 2099 ,
1556 2083 1608 2087 __
1912 2083 1920 2087 _

577 2120 805 2192 pariter,
835 2116 975 2192 utin
1006 2114 1185 2192 causis
1209 2122 1507 2192 pauperum
1542 2103 1791 2192 adjuvet;
1818 2106 1875 2151 et

2406 2082 2453 2145 i,
2488 2086 2546 2133 ut
2566 2091 2720 2145 opem
2749 2065 2945 2145 ferant.
2980 2066 3169 2121 Postea
3204 2065 3261 2118 ﬁt
3285 2073 3523 2133 potestas
3547 2074 3602 2120 et
3624 2067 3796 2121 conli-

578 2140 805 2205 parlter,
836 2140 975 2201 utin
1006 2140 1185 2170 υειυδιδ
1210 2140 1507 2196 nativum"
1542 2140 1791 2173 ““J““’"
1820 2140 1875 2151 ν*
1903 2140 1969 2148 “““
2001 2140 2215 2172 ""'-"-'
2302 2154 2326 2208 ί-
2412 2140 2451 2205 1'
2587 2140 2614 2160 ’“
2786 2141 2869 2195 nc'
2915 2140 2963 2193 ia
3022 2145 3077 2192 et
3107 2151 3293 2192 servos
3347 2150 3410 2190 eu
3565 2152 3575 2166 '
3613 2152 3638 2181 ε
3768 2167 3796 2178 ο

578 2190 753 2247 ϐιθηάι
781 2191 1048 2258 legll'mas
1078 2178 1654 2258 locatlon's_caﬂula.s’
1679 2162 2271 2258 9‘.°‘.’"{'39.“}3“£‘.§.':e
2556 2156 3230 2258 Slzﬁmilliirlpiinmunilas
3302 2151 3794 2258 Ιῗοτιιῗιῗρξεῐζιὲῗιῗη

580 2212 753 2247 Clenul
781 2212 1048 2258 lcgltlwus
1079 2212 1366 2241 ιυυίιιιυιιιδ
1394 2212 1654 2236 uas-uua,
1680 2212 1735 2225 νν
1758 2212 2127 2251 ν.,....ἰ.-.Γ--η
2424 2224 2435 2235 .
2664 2217 2675 2229 .
2759 2215 2770 2226 _
2918 2212 2929 2223 .
3130 2212 3139 2220 .

580 2262 829 2320 cedendi.
863 2260 1106 2327 Denique
1129 2263 1253 2326 post
1281 2253 1539 2327 rationes_
1557 2240 2253 2327 administrationis‘ge‘sztlre
2259 2225 2535 2327 “Egilia:
2550 2260 2594 2327 ,Α
2597 2218 2883 2327 ³121³3ζὶ
2888 2218 3249 2327 Γιιὲἒηιὲῗιέῗέἑ

3302 2206 3501 2260 Ilnrum
3548 2209 3795 2264 omnium

588 2277 829 2320 scaenai.
863 2277 1106 2327 Denique
1130 2277 1253 2326 pos;
1281 2277 1521 2307 rauuucs
1557 2277 2043 2313 ειυιιιιψοιιαυν...ν
2079 2277 2244 2312 υνυς..
2294 2277 2303 2279 -
2328 2277 2339 2279 -
2368 2295 2379 2306 ι
2552 2277 2561 2284 ,
3353 2277 3363 2289 ⁸
3651 2279 3662 2290 ⁸

588 2331 835 2389 formulae
864 2330 955 2386 hic
979 2329 1270 2391 habentur,
1303 2332 1360 2379 et
1384 2331 1497 2377 tres
1526 2321 1751 2391 insuper
1781 2312 2117 2391 alizemempe
2146 2301 2414 2391 libertatis
2432 2280 3793 2391 ρῗὲθξὶιίἷνξξξῒνυεέξέΐῐῖξῐξξῗιιζωιέᾚέιᾟιὲῗκᾷ

588 2348 835 2389 tormutaa
866 2348 955 2386 mc
980 2348 1270 2391 nanentur,
1303 2348 1360 2379 CI.
1387 2348 1497 2377 trca
1529 2348 1740 2387 Iuaupcu
1781 2348 1902 2366 ullw
1923 2348 2116 2376 ..νη-,ιν
2148 2348 2340 2380 "ﬁt"
2400 2348 2407 2349 κ
2450 2348 2466 2363 ι
2620 2359 2632 2371 ,
2829 2355 2841 2366 ,
3195 2350 3205 2361 ,
3272 2350 3283 2361 ,

579 2405 665 2461 vel
699 2404 791 2474 qui
828 2403 1118 2474 mittuntur
1158 2398 1223 2452 ad
1276 2395 1489 2468 negotia
1514 2389 1660 2446 sedis
1691 2378 2049 2455 Apostolicaa,
2090 2372 2178 2430 vel
2213 2386 2306 2440 qui
2352 2366 2594 2433 redeunt,
2619 2375 2676 2415 in
2700 2365 2967 2430 patriam,
3008 2359 3133 2423 post
3169 2350 3359 2405 limina
3410 2348 3794 2420 Apostolorum

586 2478 691 2532 rite
713 2472 971 2540 salutata,
996 2472 1364 2527 instruuntur.

1120 2580 1423 2643 TITULUS
1455 2580 1497 2635 l.

514 2694 841 2763 Praeceptum
880 2683 1090 2760 quando
1137 2684 1318 2764 laicus.
1355 2679 1761 2754 tonsuraturtet
1809 2669 1871 2739 ﬁt
1910 2665 2102 2738 Regio—

1203 2768 1406 2809 nanus.

586 2881 733 2948 Quos
760 2877 915 2934 bonae
952 2874 1083 2930 vitae
1121 2870 1303 2943 opinio
1350 2874 1406 2923 et
1435 2865 1651 2938 optima:
1674 2854 2104 2916 conversationis

514 2974 773 3030 meritum
790 2967 1156 3031 commendat,
1179 2966 1280 3021 hos
1301 2971 1356 3018 et
1380 2975 1477 3015 nos
1494 2959 1638 3013 intra
1657 2948 2104 3010 Ecclesiasticum

516 3067 658 3124 ovile
688 3076 983 3137 aggregare
1018 3076 1126 3115 non
1154 3056 1503 3127 despicimus.

587 3160 657 3216 Et
700 3135 827 3229 quia
864 3172 933 3212 ex
982 3153 1291 3210 narratione
1339 3147 1577 3219 plurium
1603 3156 1792 3199 sumus
1838 3135 2107 3195 satisfacti

519 3256 585 3313 dc
613 3251 1043 3311 conversationis
1077 3258 1181 3303 tuae
1209 3243 1493 3305 modestia,
1523 3239 1665 3311 quod
1691 3234 1953 3307 elegantis
1983 3231 2107 3285 vita:

519 3351 613 3417 sis,
666 3348 888 3417 dignum
917 3342 1228 3399 censuimus
1271 3337 1413 3391 inter
1445 3333 1665 3389 Clerum
1695 3327 1855 3397 hujus
1883 3325 2111 3395 Aposto-

519 3440 639 3496 licte
680 3416 777 3493 Dei
799 3433 1053 3490 Ecclesiae
1078 3441 1131 3486 te
1158 3424 1541 3485 connumerari
1561 3464 1576 3489 ,
1603 3438 1666 3477 ac
1688 3420 1830 3475 inter
1856 3416 2109 3471 Notarios

521 3529 877 3601 Regionarios
903 3568 917 3593 ,
955 3541 1053 3597 per
1080 3522 1241 3592 hujus
1285 3515 1665 3592 prmceptionis
1712 3511 1995 3583 paginam,
2032 3523 2110 3601 rex

523 3600 849 3683 auctoritate
874 3620 1017 3677 beati
1048 3618 1194 3674 Petri
1219 3613 1601 3687 Apostolorum
1623 3606 1914 3676 Principis,
1954 3600 2112 3671 cujus

523 3717 930 3793 licetimpares
979 3712 1188 3767 meritis
1216 3750 1231 3775 ,
1270 3710 1383 3764 Deo
1417 3714 1598 3761 tamen
1630 3703 1920 3773 dignantc,
1965 3696 2114 3752 vices

525 3808 786 3883 gerimus,
821 3807 888 3861 ab
921 3806 1024 3860 bac
1048 3805 1134 3859 die
1164 3802 1382 3857 noveris
1410 3808 1462 3853 te
1489 3812 1609 3852 esse
1635 3794 1951 3864 ascriptum,
1987 3807 2116 3860 qua-

527 3910 685 3957 tenus
701 3899 823 3954 talis
843 3895 1095 3953 beneﬁcii
1123 3892 1211 3948 vel
1234 3887 1590 3961 promotionis
1617 3899 1827 3940 memor
1848 3883 2111 3947 existens,

532 3990 691 4065 104
722 3991 912 4046 diebus
940 3988 1066 4042 vita:
1094 3993 1220 4049 tum,
1250 3983 1303 4036 in
1330 3982 1415 4036 his
1442 3995 1563 4049 quae
1590 3977 1827 4048 injuncta
1852 3974 2054 4027 fuerint
2082 3988 2113 4027 a

528 4083 846 4156 proceribus
866 4081 997 4145 tuis,
1012 4077 1241 4134 ﬁdeliter
1262 4090 1327 4129 ac
1352 4071 1640 4128 sinceriter
1661 4066 1955 4129 deservias,
1973 4073 2029 4120 et
2058 4066 2114 4119 in

530 4178 740 4234 cunctis
786 4173 1148 4233 obedientiam
1198 4179 1254 4226 et
1290 4166 1670 4224 rectitudinem
1716 4162 2015 4227 exhibeas,
2056 4166 2118 4214 ut

532 4272 642 4328 Deo
692 4258 961 4341 beatoque
984 4266 1147 4322 Petro
1185 4262 1447 4335 Apostolo
1489 4258 1699 4315 auctori
1741 4265 1795 4311 et
1819 4253 2117 4327 protectori

532 4373 721 4419 nostro
750 4371 1004 4431 acceptus
1028 4375 1312 4430 apparens,
1332 4368 1386 4413 et
1409 4355 1550 4428 apud
1574 4370 1671 4409 nos
1693 4351 2119 4408 commendatior

535 4455 602 4510 de
630 4452 772 4506 ﬁdeli
796 4450 1047 4515 servitio,
1080 4459 1242 4519 atque
1269 4449 1425 4503 laude
1449 4448 1643 4517 dignus
1669 4442 1935 4512 proberis.

1128 4559 1428 4617 TITULUS
1462 4558 1523 4614 ll.

540 4660 894 4733 Pra’ceptum,
922 4655 1136 4731 quando
1165 4654 1348 4735 absens
1378 4647 1819 4721 Subregionarius
1845 4644 1907 4712 ﬁt
1936 4643 2123 4712 Regio-

742 4776 753 4787 .
1212 4740 1412 4779 narms.

614 4846 715 4916 Qui
754 4846 809 4900 in
843 4840 1149 4900 commissis
1173 4839 1458 4894 sinceriter
1485 4837 1643 4892 ﬁdem
1673 4851 1827 4891 suam
1863 4834 2124 4889 illibatam

541 4944 779 5006 exhibet,
805 4937 948 4993 unde
966 4933 1341 5005 Apostolorum
1363 4930 1618 5000 Priucipi,
1644 4930 1867 5001 ejusque
1890 4929 2124 4994 Vicario,

544 5034 716 5108 possit
756 5044 880 5088 esse
917 5038 1197 5097 acceptus,
1245 5025 1442 5080 merito
1471 5025 1539 5079 ad
1568 5023 1964 5079 incrementum
2003 5027 2123 5093 pro-

546 5131 762 5185 vehitur
789 5126 1091 5200 dignitatis,
1140 5132 1195 5179 et
1225 5123 1433 5179 fortiori
1458 5164 1473 5187 ,
1501 5124 1689 5179 nostro
1734 5122 2127 5177 interveniente

546 5218 927 5293 pnecep'ionis
963 5216 1178 5282 annisu,
1203 5215 1406 5270 ditatur
1439 5215 1661 5269 honore.

2132 2563 2181 2623 B
2206 2551 2457 2613 beneﬁcii
2487 2548 2728 2605 existens
2754 2556 2991 2605 memor,
3032 2548 3089 2594 tu
3117 2550 3334 2608 quoque
3362 2534 3583 2593 meliora
3613 2533 3796 2592 valeas

2207 2663 2272 2704 ac
2304 2646 2530 2704 festines
2551 2642 2924 2697 demonstrare
2949 2631 3193 2689 servitia.

2791 2744 3092 2804 TITULUS
3113 2744 3198 2799 III.

2313 2853 2671 2921 Prwceptum,
2703 2851 2855 2898 eunte
2884 2839 3186 2894 ordinatore
3212 2837 3267 2891 in
3290 2834 3686 2908 patrimonium.

2276 2964 2490 3022 Salubri
2515 2957 2883 3035 providentia,
2915 2951 3177 3024 quidquid
3204 2948 3589 3006 EcclesiaStica
3612 2945 3797 3017 requi-

2208 3060 2283 3114 rit
2308 3056 2537 3119 utilitas,
2564 3052 2668 3107 illis
2690 3046 3137 3105 committendum
3164 3044 3437 3100 credimus
3459 3057 3579 3099 esse
3601 3054 3791 3111 perso-

2208 3151 2310 3214 nis,
2342 3163 2479 3219 quas
2520 3143 2641 3199 ﬁdei
2671 3142 2897 3213 paritas,
2941 3137 3023 3192 vel
3050 3136 3261 3208 placitae
3291 3134 3518 3189 actionis
3558 3132 3800 3188 studium

2210 3238 2468 3296 laudabili
2504 3230 2759 3306 opinione
2784 3232 3128 3287 commendat
3170 3249 3182 3284 :
3225 3237 3557 3299 quapropter
3592 3225 3687 3281 tibi
3715 3224 3799 3280 Ill.

2208 3335 2353 3407 quod
2377 3332 2552 3388 divina
2569 3329 2740 3401 gratia
2756 3325 3088 3396 suil‘ragante
3101 3326 3304 3379 dictum
3330 3324 3423 3389 sit,
3448 3336 3609 3376 omne
3629 3336 3688 3390 p2
3702 3319 3803 3374 tri-

2210 3421 2600 3495 mouiumjuris
2612 3428 2815 3475 sanctae
2835 3418 3116 3482 Romanae,
3138 3416 3224 3471 cui
3248 3416 3358 3469 Deo
3379 3423 3599 3468 auctore
3620 3414 3807 3468 deser-

2209 3517 2409 3581 vimus,
2431 3511 2710 3577 Ecclesiae,
2743 3525 2842 3581 per
2863 3508 3092 3564 insulam
3130 3504 3285 3575 105
3306 3504 3385 3557 ιιι.
3414 3503 3804 3568 constitutum,

2211 3606 2470 3681 praesenti
2514 3602 2883 3677 praeceptione
2923 3598 3342 3672 peraequaudum
3362 3637 3378 3663 ,
3407 3597 3520 3650 sive
3547 3594 3811 3650 ordinan-

2215 3702 2342 3757 dum
2373 3699 2765 3757 committimus
2796 3715 2808 3750 :
2843 3693 3187 3764 injungentes
3216 3699 3276 3745 ut
3301 3689 3611 3746 colonorum
3641 3687 3808 3753 vires,

2217 3794 2318 3848 sub
2334 3791 2703 3862 divinijudicii
2718 3787 3194 3857 contemplatione,
3218 3783 3550 3844 consideres,
3574 3788 3628 3833 et
3639 3794 3808 3849 quan-

2218 3895 2333 3940 tum
2377 3884 2655 3955 pensionis
2698 3882 2918 3934 nomine
2943 3919 2958 3943 ,
3004 3895 3036 3931 a
3077 3877 3332 3947 praesenti
3370 3874 3448 3927 Ill.
3488 3872 3807 3940 indictione,

2218 3976 2420 4033 inferre
2456 3975 2709 4035 debeant,
2756 3970 2985 4025 sollicita
3033 3967 3344 4037 provisione
3393 3965 3672 4034 disponas,
3738 3980 3809 4021 ne

2217 4068 2501 4139 quisquam
2524 4077 2712 4120 eorum
2732 4061 2875 4115 ultra
2901 4073 3062 4128 quam
3078 4055 3295 4122 suﬁicit,
3311 4055 3452 4125 exigi
3474 4070 3567 4109 coa
3577 4063 3807 4123 rotetur,

2218 4168 2314 4216 aut
2350 4158 2580 4229 amplius
2604 4170 2767 4226 quam
2794 4150 2995 4207 inferre
3023 4148 3297 4214 convenit,
3330 4148 3576 4203 minusve
3605 4146 3811 4216 persul-

2218 4259 2342 4318 vat;
2373 4259 2424 4306 ct
2454 4247 2713 4319 quidquid
2745 4246 2863 4311 tibi,
2899 4259 3024 4299 cum
3050 4242 3143 4297 Dei
3182 4242 3400 4305 timore,
3425 4240 3650 4311 provida
3674 4240 3808 4295 deli-

2220 4343 2505 4402 beratione
2541 4340 2867 4403 constiterit,
2910 4336 3153 4406 ejusdem
3181 4333 3444 4389 creatoris
3476 4332 3649 4386 nostri
3686 4332 3812 4386 dex-

2221 4446 2339 4493 tera
2369 4440 2713 4505 protegente,
2738 4432 2995 4500 disponas
3024 4443 3038 4482 :
3070 4434 3131 4483 ut
3150 4427 3235 4482 cui
3266 4425 3578 4497 praevideris
3608 4423 3813 4494 aliquid

2224 4526 2581 4584 relaxandum
2610 4523 2907 4595 peusionis,
2933 4522 3314 4593 levigationem
3341 4520 3611 4582 inveniat;
3643 4529 3697 4574 et
3722 4518 3810 4574 cui

2225 4619 2532 4678 addendum
2565 4634 2685 4674 esse
2711 4617 3027 4679 credideris,
3057 4618 3200 4685 quod
3222 4615 3428 4684 justum
3453 4622 3558 4679 est,
3589 4621 3815 4684 cogatur

2224 4713 2503 4771 exsolvere
2538 4731 2549 4766 :
2589 4713 2715 4783 quia
2746 4711 2799 4766 id
2827 4711 2970 4781 quod
2993 4708 3322 4780 pauperibus
3347 4714 3619 4776 erogatur,
3656 4704 3813 4775 longe

2228 4808 2291 4863 ﬁt
2317 4823 2347 4862 a
2375 4806 2647 4871 mercede,
2680 4805 2726 4862 si
2754 4806 2809 4860 in
2836 4804 2939 4869 his,
2968 4820 2998 4858 a
3025 4802 3221 4874 quibus
3244 4800 3494 4865 infertur,
3519 4813 3628 4854 non
3651 4795 3817 4853 fuerit

2223 4900 2370 4972 juste
2407 4916 2472 4955 ac
2496 4898 2921 4955 misericorditer
2954 4895 3348 4967 dispensatum.

2825 5007 3126 5065 TITULUS
3158 5005 3246 5062 IV.

2625 5103 2758 5158 Item
2787 5102 2957 5166 aliud,
2980 5101 3134 5171 fundi
3163 5098 3390 5154 Rectori.

2305 5216 2563 5283 Quoniam
2589 5217 2640 5270 in
2661 5214 2986 5279 ordinando,
3014 5214 3130 5269 sive
3179 5211 3513 5268 discutiendo
3559 5211 3820 5282 patrimo-

618 5315 683 5370 Et
721 5315 926 5370 idcirco
961 5312 1028 5367 de
1072 5310 1177 5365 tuis
1219 5308 1465 5364 ﬁdelibus
1505 5306 1778 5370 servitiis,
1816 5320 2126 5376 quanquam
2154 5315 2206 5374 D
2232 5310 2323 5364 nio
2349 5316 2550 5363 sanctae
2593 5306 2869 5369 Romanae,
2925 5306 3013 5360 cui
3067 5306 3176 5360 Deo
3219 5313 3411 5360 autore
3458 5304 3816 5373 deservimus,

551 5408 750 5463 dudum
768 5447 782 5470 ,
816 5415 995 5461 tamen
1025 5419 1083 5460 et
1111 5404 1165 5457 in
1189 5401 1442 5472 praesenti
1468 5416 1532 5455 ex
1572 5400 1918 5471 suggestione
1940 5399 2017 5453 lll.
2044 5413 2130 5454 sa-

554 5499 777 5565 tisfacti,
798 5498 1152 5568 promotionis
1171 5493 1594 5551 muniﬁcentiam
1624 5493 1718 5548 ti;i
1743 5494 2089 5549 concedimus
2113 5509 2126 5546 :

554 5601 609 5647 et
633 5590 755 5646 ideo
783 5604 851 5642 cx
884 5587 1170 5642 autoritate
1202 5587 1345 5642 beati
1375 5584 1519 5640 Petri
1544 5583 1811 5654 Principis
1845 5583 2130 5654 Apostolo-

558 5699 700 5747 rum,
732 5680 886 5751 cujus
902 5678 1030 5733 licet
1059 5678 1294 5748 impares
1315 5679 1545 5743 meritis,
1576 5678 1685 5732 Deo
1710 5686 1887 5731 tamen
1909 5676 2136 5747 dignan-

558 5784 631 5841 te,
673 5774 821 5829 vices
866 5771 1135 5847 gerimus,
1163 5772 1381 5826 noveris
1417 5780 1470 5826 te
1497 5771 1564 5825 ab
1594 5771 1697 5825 hac
1730 5769 1816 5824 die
1841 5769 1983 5823 inter
2034 5768 2137 5825 lle-

560 5868 834 5941 gionarios
868 5863 1119 5923 Notarios
1154 5877 1276 5920 esse
1319 5862 1685 5933 adscriptum,
1717 5870 1984 5931 quatenus
2013 5860 2136 5918 talis

2236 5399 2513 5465 Ecclesiae,
2543 5399 2595 5453 in
2631 5397 2907 5468 provincia
2939 5396 3018 5451 Ill.
3077 5397 3386 5462 constituto,
3434 5396 3689 5468 praesenti
3734 5394 3816 5452 lll.

2238 5492 2551 5557 indictione,
2568 5487 2822 5558 iubemus
2852 5498 2905 5546 te
2938 5498 3202 5545 rectorem
3230 5490 3519 5544 accedere:
3550 5497 3603 5544 te
3630 5487 3822 5544 videli-

2238 5595 2325 5639 cet
2360 5584 2497 5638 bene
2530 5590 2742 5655 agente,
2788 5590 2845 5637 et
2882 5581 3087 5652 absque
3134 5580 3449 5636 colonorum
3504 5579 3822 5652 gravamine

2238 5685 2613 5739 conversante,
2641 5682 2701 5729 ut
2727 5672 2894 5727 divini
2918 5670 3349 5727 consideratione
3368 5670 3578 5742 judicii,
3621 5677 3823 5725 nostra

2238 5782 2453 5839 quoque
2478 5765 2914 5824 commonitionis
2952 5780 3176 5831 memor,
3222 5763 3298 5818 ita
3344 5771 3397 5821 te
3437 5763 3729 5820 efﬁcaciter
3766 5768 3824 5819 et

2237 5860 2469 5918 ﬁdeliter
2513 5860 2797 5927 exhibeas,
2822 5868 2884 5916 ut
2907 5857 3106 5916 nullius
3123 5857 3422 5930 neglectus,
3459 5857 3545 5916 vel
3580 5855 3813 5922 fraudis.
