4062 6456
284 382 354 440 97
1238 373 1682 433 ROMANORUM
1721 370 2440 432 PONTIE1CUM.‘-—CAP.
2483 367 2568 426 VI.
3481 364 3550 420 98

279 498 422 570 quod
449 494 612 560 absit,
635 491 864 563 alicujus
893 477 1184 549 inveniaris
1209 493 1477 570 sustinere
1510 491 1807 561 periculum
1837 507 1851 544 :
1883 493 1937 555 Α

280 565 453 662 magis
480 597 660 644 autem
682 588 736 644 id
761 603 906 656 agas,
938 595 1200 658 quatenus
1232 587 1297 641 de
1339 565 1442 642 ﬁde
1494 595 1548 642 et
1592 586 1858 642 industria

280 696 372 741 tua
410 685 604 738 divina:
631 684 806 754 possis
840 683 1025 754 gratiae
1074 683 1461 738 commendari.
1503 682 1583 734 Ad
1628 681 1858 735 familias

279 793 495 852 quoque
522 775 759 845 ejusdem
789 774 1121 845 patrimonii,
1146 774 1440 828 secundum
1469 787 1698 837 morem,
1723 787 1860 842 pra:-

279 881 434 942 cepta
466 870 776 934 direximus,
824 879 882 923 ut
919 869 1068 930 nihil,
1117 868 1260 938 quod
1306 868 1373 923 ad
1417 867 1721 938 peragenda
1772 881 1855 932 ea,

278 978 399 1036 qua:
428 963 522 1019 tibi
545 962 786 1033 injuncta
813 973 958 1028 sunt,
991 963 1047 1016 in
1081 962 1258 1033 aliquo
1309 961 1526 1016 valeant
1573 961 1854 1030 impedire.

855 1099 1013 1170 ιοε
1044 1097 1341 1154 TlTULUS
1375 1097 1438 1152 v.

278 1189 516 1256 Colonis,
563 1200 613 1246 et
653 1187 899 1244 Familia:
963 1207 1257 1244 massarum
1317 1190 1422 1244 sive
1469 1189 1754 1258 fundorum
1805 1189 1860 1242 in

774 1259 1053 1314 Provincia
1081 1262 1395 1315 constitutis.

349 1384 376 1412 ι
402 1374 483 1428 Ad
515 1373 926 1429 sollicitudinem
953 1390 1049 1429 vos
1068 1373 1146 1427 Ill.
1187 1374 1330 1429 sedis
1353 1383 1550 1428 nostra:
1579 1371 1783 1427 Notarii
1808 1379 1862 1427 et

277 1467 530 1524 Rectoris
553 1467 835 1537 dispositio
859 1475 1045 1520 nostra
1072 1467 1342 1536 pertinere
1368 1464 1666 1520 constituit.
1700 1463 1862 1518 Jube-

277 1576 398 1614 mus
420 1559 587 1624 enim,
614 1568 671 1614 ut
691 1558 826 1627 ejus,
853 1574 950 1628 pro
977 1559 1230 1613 Ecclesiae
1257 1558 1576 1612 utilitatibus
1596 1564 1650 1610 et
1689 1555 1862 1611 cultu-

276 1667 334 1704 ra
374 1666 652 1722 agrorum,
697 1651 966 1705 mandatis
1008 1666 1197 1720 parere
1242 1649 1564 1718 properetis,
1607 1656 1662 1703 et
1719 1647 1864 1702 saltt-

201 1732 214 1744 ’
276 1743 550 1798 brioribus
571 1743 791 1796 obedire
813 1743 1097 1811 praeceptis
1125 1756 1138 1795 :
1164 1742 1249 1795 cui
1276 1741 1437 1796 talem
1480 1741 1724 1794 dedimus
1771 1755 1864 1810 po-

276 1843 547 1902 testatem,
570 1847 630 1891 ut
650 1853 765 1901 eos,
787 1839 876 1906 qui
907 1846 1254 1891 contumaces
1268 1838 1597 1902 exstiterint,
1616 1837 1862 1891 districta
1891 1860 1939 1919 B
2611 1837 2989 1944 p'mvéce‘mur,

275 1931 566 1985 severitate
590 1931 867 2000 corripiat.
896 1929 1165 1984 Noveritis
1196 1931 1338 1985 enim
1389 1930 1488 1984 sub
1530 1932 1630 1985 hac
1675 1930 1860 1984 condi-

277 2020 418 2075 tione
445 2036 543 2075 vos
579 2037 698 2074 esse
735 2021 1072 2086 commissos,
1103 2029 1159 2074 ut
1185 2021 1470 2090 mancipia,
1510 2020 1553 2075 si
1577 2036 1682 2090 qua
1726 2019 1860 2076 foris

271 2113 509 2178 latitant,
534 2114 616 2169 vel
651 2114 782 2169 ﬁnes
808 2131 1085 2183 pervasos,
1116 2131 1210 2169 sua
1238 2115 1493 2169 instantia
1529 2113 1641 2183 jnri
1671 2115 1860 2169 Eccle-

271 2206 493 2261 siastieo
519 2221 771 2261 revocare
795 2222 899 2260 non
927 2205 1140 2260 diﬁ‘erat
1159 2224 1171 2260 :
1190 2207 1392 2276 pariter
1420 2207 1583 2262 etiam
1621 2207 1860 2278 periculo

272 2315 372 2355 suo
427 2300 594 2356 fuisse
646 2301 1054 2364 commonitum,
1107 2315 1174 2354 ne
1213 2300 1501 2371 aliquando
1551 2300 1858 2355 violentiam

270 2392 438 2466 rebus
454 2391 662 2458 alienis,
693 2392 776 2446 vel
803 2402 1015 2463 raptum
1038 2391 1286 2458 forsitan,
1303 2393 1478 2448 facere
1494 2392 1856 2464 prmsumatis.

842 2528 1141 2584 TlTULUS
1163 2528 1248 2582 Vl.

272 2618 602 2692 Pra’ceptum
646 2621 715 2674 ad
771 2621 1272 2692 commendationem
1311 2619 1480 2692 euntis
1531 2617 1766 2692 Hectoris
1809 2618 1863 2672 itt

519 2691 1010 2762 patritnmtiunt,'ud
1036 2691 1276 2744 Iudicem
1310 2687 1626 2743 Provinciw.
1709 2728 1716 2735 .

345 2806 372 2846 δ
396 2806 499 2874 Qui
534 2807 590 2860 in
619 2806 831 2861 actione
853 2806 1058 2875 positus
1085 2805 1240 2859 bonis
1263 2819 1321 2860 se
1361 2803 1719 2873 omnipotenti
1753 2803 1864 2858 Deo

271 2902 656 2958 commendare
708 2901 888 2956 studet
936 2901 1208 2971 operibus,
1266 2902 1409 2955 viam
1469 2899 1571 2954 sibi
1621 2899 1864 2970 profecto

270 2992 487 3054 sternit,
514 3007 613 3060 per
641 3007 803 3060 quam
831 2991 1119 3047 salubriter
1135 2993 1203 3046 ad
1223 2991 1531 3047 desiderata
1557 2992 1859 3061 perveniat,

271 3089 329 3135 et
357 3082 422 3135 ad
441 3081 643 3151 majora
675 3098 906 3154 semper,
943 3083 1162 3138 Christo
1187 3082 1493 3151 adjuvanle,
1521 3084 1791 3153 proﬁciat.

345 3173 527 3244 Itaque
546 3176 823 3246 praemisso
858 3176 1196 3232 salutationis
1221 3177 1472 3246 alloquio,
1489 3175 1864 3231 lll.Notarium

268 3269 588 3340 portitorem
614 3269 978 3340 praesentium,
1003 3285 1162 3340 quem
1185 3270 1253 3324 ad
1280 3269 1516 3341 regimen
1556 3270 1866 3340 patrimonii

270 3357 641 3416 Ecclesiastici
676 3361 731 3416 in
776 3360 856 3414 Ill.
896 3361 1069 3416 insula
1115 3362 1394 3416 constituti
1437 3362 1863 3427 transmisimus,

270 3461 468 3506 vestra:
485 3454 839 3525 magnitudini
869 3455 1023 3525 107
1053 3457 1866 3522 commendamus,utbonitatis

270 3554 471 3599 vestrm
502 3546 578 3600 illi
606 3545 857 3601 allectum
905 3556 959 3601 et
1013 3548 1245 3616 gratiam
1272 3548 1326 3602 in
1350 3549 1529 3603 causis
1567 3564 1866 3619 pauperum

267 3637 633 3694 libentissime
666 3644 1052 3698 commendetis
1078 3661 1090 3695 :
1121 3653 1283 3712 atque
1309 3644 1382 3698 ita
1415 3660 1558 3707 eum,
1603 3646 1742 3699 sicut
1779 3661 1869 3700 re-

263 3744 405 3782 vera
435 3729 760 3783 christianos
781 3731 953 3792 decet,
1009 3733 1064 3785 in
1104 3733 1356 3787 omnibus
1407 3733 1868 3804 adjuvetiszqua-

269 3825 434 3873 tenus
463 3818 608 3880 dum,
659 3820 812 3874 vobis
867 3822 1332 3887 concurrentibus,
1381 3824 1665 3878 utilitatem
1721 3841 1868 3882 como

269 3910 496 3965 missam
535 3912 824 3980 peregerit,
860 3922 987 3968 ante
1013 3914 1396 3984 omnipotentis
1428 3916 1520 3970 Dei
1552 3917 1759 3984 oculos,
1784 3920 1867 3973 in-

273 4001 582 4057 tercedente
608 4001 765 4057 beato
798 4002 959 4058 Petro
988 4004 1366 4074 Apostolorum
1391 4007 1660 4080 Principc,
1698 4013 1867 4068 actio-

275 4109 402 4150 num
452 4103 752 4149 vestrarum
794 4097 1096 4151 mercedem
1130 4098 1392 4165 invenire,
1416 4109 1472 4155 et
1500 4102 1616 4173 ejus
1651 4119 1865 4176 semper

277 4195 590 4250 debitricem
623 4196 823 4250 habere
852 4195 1148 4250 Ecclesiam
1178 4196 1422 4254 valeatis.

346 4343 370 4371 α
397 4329 477 4382 Ad
500 4329 923 4402 solicitudinem,
942 4339 1045 4402 etc.
1066 4329 1340 4402 Descripta
1367 4339 1465 4392 est,
1485 4332 1668 4402 paucis
1683 4334 1866 4390 admo-

277 4401 403 4456 dum
457 4403 771 4462 immutatis,
799 4416 864 4454 ex
891 4400 982 4456 lib.
1015 4401 1066 4453 7.
1119 4401 1366 4472 Gregorii
1413 4400 1636 4470 epistola
1676 4403 1764 4468 5:2,
1796 4409 1862 4462 ad

275 4473 494 4528 colonos
518 4472 887 4542 Syracusanos
911 4490 923 4525 :
950 4472 1178 4527 habetur
1199 4488 1328 4529 vero
1357 4475 1578 4529 totidem
1605 4477 1785 4532 verbis
1806 4478 1861 4532 in

275 4544 458 4598 codice
485 4543 777 4597 Thuaumo.

346 4615 372 4653 ι)
407 4614 510 4679 Qui
542 4616 594 4667 in
621 4616 841 4668 actione.
876 4614 1112 4670 [labetur
1134 4615 1187 4668 in
1213 4615 1399 4671 codice
1440 4617 1712 4672 Thuanzeo
1763 4619 1864 4674 hac

276 4685 658 4755 inscriptione:
687 4685 776 4738 Ill.
809 4685 1116 4755 Episc0pus,
1142 4703 1318 4740 servus
1343 4704 1606 4740 servarunt
1636 4688 1859 4753 Dei,lll.

274 4753 475 4830 Insula?
504 4755 593 4808 lll.
617 4753 1062 4830 gloriosoIttdt'ci.
1109 4759 1162 4810 lu
1196 4758 1299 4830 line
1348 4759 1616 4830 adduntur
1663 4759 1866 4830 aliquot

272 4824 448 4889 lineae,
487 4824 682 4897 qumin
715 4828 939 4880 lormula
990 4828 1232 4897 sequenti
1287 4829 1508 4883 totidem
1564 4824 1864 4884 verbis-le-

273 4906 494 4965 guntur,
527 4908 585 4951 ut
613 4899 874 4967 suspicari
911 4901 1101 4953 merito
1137 4899 1313 4964 liceat,
1348 4899 1736 4967 exscriptorem
1772 4917 1861 4956 (τοι

271 4968 406 5021 uicis
438 4969 691 5022 'l‘huamei
723 4970 980 5024 formulas
1028 4971 1161 5024 duas
1211 4970 1264 5023 in
1313 4985 1475 5023 uuam
1524 4971 1861 5028 contraxisse

270 5053 382 5108 prae
407 5041 712 5094 oscitantia.

345 5122 366 5182 ς
402 5113 483 5164 Ad
507 5109 815 5165 Patricium.
841 5110 1128 5166 Pnel‘ectos
1148 5111 1443 5165 Provineim
1477 5111 1711 5182 intellige
1743 5113 1856 5168 sive

269 5181 360 5251 qui
390 5185 890 5252 ablmperatorious
932 5183 1540 5251 Constantinopolilanis
1574 5181 1856 5238 mitteban-

269 5261 358 5304 tur
403 5254 456 5308 in
504 5254 865 5316 Occidentem,
923 5253 986 5306 ad
1033 5255 1294 5324 regendas
1343 5253 1678 5318 Provincias;
1721 5271 1855 5324 quas

269 5339 383 5397 non
403 5327 510 5377 lntn
538 5325 625 5379 alii
667 5325 837 5397 Reges
868 5335 1217 5397 occuparant
1243 5342 1256 5397 ξ
1281 5325 1392 5377 sive
1445 5326 1533 5394 qui
1562 5327 1856 5397 allegius

269 5393 565 5449 Gallorum
584 5397 634 5449 in
657 5398 771 5450 suis
785 5395 1076 5448 ditionihns
1090 5393 1572 5448 constituebantur.
1594 5396 1686 5449 Est
1705 5393 1855 5462 apud

268 5463 589 5535 Gregorium
621 5484 725 5520 non
754 5483 858 5519 una
884 5465 1105 5534 epistola
1154 5465 1218 5517 ad
1266 5465 1555 5519 Patricium
1606 5467 1802 5521 Sicilia:
1836 5485 1849 5521 :

269 5548 471 5592 suntet
497 5538 735 5606 epistola
761 5539 942 5608 plures
969 5537 1034 5608 al
1082 5536 1340 5588 Patricius
1387 5537 1681 5608 Galliarum
1733 5537 1858 5592 Ari-

269 5608 439 5676 ginm,
469 5607 806 5679 Dynaminm,
835 5616 942 5661 etc.
969 5607 1105 5660 Sunt
1137 5614 1313 5658 autem
1359 5607 1597 5675 epistola:
1624 5607 1724 5662 illa:
1782 5609 1855 5662 ita

270 5683 476 5738 similes
500 5684 642 5745 huic,
675 5690 732 5734 ut
759 5696 922 5734 unum
965 5693 1153 5731 oinnes
1201 5685 1438 5729 antorem
1489 5679 1686 5734 habere
1743 5695 1855 5734 me-

271 5764 377 5810 rito
401 5755 506 5811 dici
533 5761 749 5824 queant.

340 5827 366 5867 ἀ
402 5818 647 5881 Notario.
673 5825 730 5882 lu
757 5823 941 5879 codice
969 5821 1238 5876 Thuanmo
1267 5818 1494 5873 habetur
1527 5819 1640 5877 liter.
1661 5821 1851 5877 inscri-

245 5901 381 5960 ‘otio
405 5910 420 5952 :
443 5897 533 5955 Ill.
558 5895 868 5963 Episcopus,
904 5909 1079 5950 servus
1108 5903 1370 5949 servorum
1422 5889 1537 5959 Dei,
1589 5891 1678 5947 Ill.
1721 5892 1850 5965 Ερε-

2526 486 2824 542 TlTULUS
2855 485 2960 540 Vll.

2312 591 2335 619 ο
2375 579 2454 634 Ad
2487 579 2775 633 Patricium
2802 575 3115 632 Provincice.

2029 673 2131 742 Qui
2179 673 2266 727 illa
2306 672 2560 744 protegit,
2609 671 2749 725 unde
2802 669 3003 739 aliquid
3060 682 3318 724 acce-ere
3351 681 3551 738 cogno-

1961 765 2130 820 scitur
2157 766 2482 836 pauperibus
2506 763 2844 829 alimentum,
2865 762 2992 832 quid
3021 761 3163 817 aliud
3215 760 3345 832 agit,
3385 773 3547 830 quam

1961 856 2027 911 de
2083 857 2304 927 proprio
2357 857 2634 928 egentibus
2682 855 3080 925 eleemosynam
3147 849 3556 908 subministrat?

1962 947 2115 1016 Quod
2151 959 2205 1002 et
2230 950 2354 1018 quia
2377 950 2450 1003 ita
2496 964 2614 1004 esse
2665 946 2999 1002 excellentia:
3055 953 3249 1000 vestrae
3295 943 3553 998 indicium

1963 1053 2070 1093 non
2122 1037 2268 1103 latet,
2315 1040 2546 1095 libenter
2592 1039 2879 1095 scribimus
2920 1053 3006 1104 ea,
3061 1053 3182 1108 qua:
3230 1034 3412 1092 facere
3456 1049 3554 1089 vos

1962 1139 2152 1200 sponte
2176 1131 2512 1187 conﬁdimus.

2035 1225 2284 1287 Proinde,
2311 1226 2514 1281 honore
2551 1227 2734 1282 debito
2770 1226 3083 1290 salutantes,
3145 1225 3370 1281 latorem
3408 1239 3548 1296 prte—

1964 1316 2298 1373 sentiumlll.
2325 1317 2407 1371 cui
2431 1318 2742 1387 patrimonii
2773 1316 3132 1372 Eeelesiastiei
3173 1317 3224 1371 in
3274 1315 3381 1370 illis
3424 1330 3549 1386 par-

1965 1410 2110 1466 tibus
2131 1410 2407 1465 constituti
2433 1426 2562 1465 cura
2589 1412 2878 1466 commissa
2905 1418 3006 1476 est,
3031 1409 3247 1478 scriptis
3276 1407 3553 1479 prtesenti-

1966 1504 2068 1558 bus
2087 1503 2548 1565 commendantes,
2578 1502 2833 1570 petimus,
2860 1509 2919 1554 ut
2958 1501 3007 1555 ei
3043 1500 3226 1554 auxilii
3261 1499 3427 1554 vestri
3467 1513 3556 1553 sa-

1971 1597 2057 1654 lus
2080 1600 2364 1668 dignanter
2377 1598 2616 1664 assistat,
2643 1608 2805 1668 atque
2831 1597 3000 1663 illum,
3020 1611 3371 1668 qumcumque
3388 1611 3552 1651 causa

1966 1691 2293 1762 poposcerit,
2320 1691 2534 1760 adjuvet
2564 1709 2575 1744 :
2607 1698 2872 1760 quatenus
2905 1706 3005 1761 pro
3038 1690 3295 1760 impensis
3318 1688 3553 1758 patroci-

1969 1785 2179 1840 niorum
2211 1786 2386 1851 bonis,
2419 1794 2473 1839 et
2503 1802 2600 1841 nos
2622 1799 2779 1840 orare
2833 1800 2932 1854 pro
2982 1782 3311 1839 excellentia:
3360 1791 3553 1837 vestra:

3021 1881 3076 1928 et
3116 1874 3308 1927 beatus
3357 1872 3553 1926 Petrus

1962 1967 2340 2037 Apostolorum
2367 1967 2648 2037 Princeps,
2676 1966 2761 2021 cui
2796 1975 3032 2019 vestrum
3067 1965 3384 2033 obsequium
3409 1979 3556 2018 com-

1962 2059 2213 2124 modatis,
2244 2057 2459 2129 dignam
2488 2059 2642 2114 vobis
2675 2067 2730 2113 et
2757 2058 2975 2112 hicetin
2991 2057 3231 2112 futurum
3248 2057 3560 2112 retributio—

1962 2169 2086 2207 nem
2110 2163 2442 2223 compeuset.
2470 2150 2579 2206 Nec
2625 2153 2769 2207 enim
2817 2167 3015 2205 novum
3067 2150 3221 2205 vobis
3279 2158 3381 2216 est,
3432 2149 3557 2216 ista,

1962 2262 2082 2316 qua:
2107 2248 2404 2316 poscimus,
2431 2262 2627 2317 agere:
2664 2262 2787 2300 nam
2833 2244 2987 2299 multi
3035 2244 3228 2298 exinde
3285 2243 3563 2300 venientes

1961 2345 2114 2392 tanta
2137 2339 2200 2392 de
2224 2339 2376 2392 vobis
2405 2338 2582 2392 testati
2617 2347 2762 2402 sunt,
2804 2345 2864 2391 ut
2911 2335 3170 2405 majorem
3219 2337 3283 2391 de
3321 2335 3565 2392 sublimi-

1966 2431 2090 2485 tatis
2116 2439 2311 2485 vestrae
2342 2432 2585 2486 bonitate
2634 2430 2887 2485 ﬁduciam
2936 2445 3152 2499 capere,
3216 2445 3378 2499 quam
3425 2430 3555 2485 olim

1962 2523 2271 2588 habuimus,
2299 2525 2619 2579 debeamus:
2661 2525 2820 2594 108
2848 2524 3101 2593 quoniam
3129 2523 3431 2593 postulatus
3462 2538 3555 2577 ra-

1964 2615 2096 2671 tioni
2113 2617 2229 2672 sine
2244 2617 2407 2672 dubio
2420 2618 2658 2672 creditur
2671 2617 2947 2681 exhibere,
2966 2631 3085 2686 qua!
3100 2616 3378 2672 consuevit
3393 2615 3558 2672 etiam

1965 2726 2072 2766 non
2108 2711 2408 2782 postulatus
2435 2718 2712 2782 prtestare.

2039 2804 2392 2875 Omnipotens
2415 2805 2556 2859 Dens
2596 2805 2664 2858 ab
2701 2802 2848 2858 omni
2894 2817 3038 2857 mata
3070 2818 3167 2858 vos
3204 2809 3472 2874 protegat,
3507 2810 3564 2858 et

1965 2897 2034 2954 de
2071 2905 2251 2952 vestra
2274 2913 2373 2954 nos
2403 2913 2616 2968 semper
2641 2896 2806 2951 faciat
2833 2896 3009 2951 salute
3031 2895 3284 2968 gaudere.

2500 3010 2802 3067 TlTULUS
2839 3009 2970 3066 Vlll.

2467 3083 2602 3137 Item
2626 3083 2694 3136 ad
2718 3081 3024 3154 EpiscOpos.

2042 3173 2068 3215 δ
2100 3175 2326 3231 Notario
2341 3175 2421 3230 lll.
2445 3184 2648 3230 sancta:
2670 3185 2870 3230 nostra:
2897 3175 3151 3232 Ecclesize
3173 3176 3559 3246 patrimonium

1971 3271 2025 3326 in
2049 3271 2221 3326 insula
2242 3270 2320 3324 lll.
2352 3286 2382 3324 a
2403 3271 2654 3341 prtesenti
2677 3269 2755 3323 ιιι.
2782 3269 3094 3335 indictione,
3124 3271 3234 3325 Deo
3247 3272 3561 3337 auxiliante,

1967 3365 2332 3435 peragendum
2373 3364 2632 3419 noveritis
2677 3378 2800 3418 esse
2852 3363 3200 3418 commissum
3227 3379 3241 3418 :
3268 3380 3436 3435 quare
3481 3365 3563 3420 di-

1967 3459 2126 3514 lectio
2158 3465 2332 3512 vestra
2384 3466 2680 3513 memorato
2712 3455 2952 3521 Notario,
2993 3457 3300 3527 ubicunque
3341 3473 3564 3513 necesse

1967 3552 2237 3616 habuerit,
2289 3551 2478 3606 solatia
2523 3551 2740 3606 festinet
2776 3550 3416 3620 impenderezquatenus
3465 3550 3560 3604 ad-

1961 3644 2114 3714 jutus
2137 3652 2321 3698 vestro
2350 3644 2570 3707 auxilio,
2607 3659 2726 3713 quae
2743 3645 2790 3698 ei
2825 3644 3177 3712 injunximus,
3224 3644 3341 3698 sine
3391 3643 3559 3714 impc-

1969 3736 2213 3790 dimento
2233 3735 2410 3789 valeat
2439 3734 2708 3804 explicare
2732 3753 2744 3787 :
2771 3744 2830 3789 ut
2854 3735 2980 3789 dum
3007 3735 3161 3791 nobis
3177 3735 3242 3791 de
3255 3735 3564 3791 obedientia

1966 3836 2148 3883 vestra
2179 3825 2442 3892 retulerit,
2476 3827 2617 3898 apud
2644 3809 2861 3882 nostros
2903 3827 3113 3884 animos
3154 3827 3400 3898 possitis,
3449 3827 3560 3885 Deo

1965 3923 2220 3995 propitio,
2249 3923 2445 3979 melius
2484 3922 2873 3978 commendari.

2535 4013 2833 4071 TlTULUS
2864 4013 2933 4070 IX

2574 4117 2597 4146 °
2622 4105 2913 4160 Tractoria.

2035 4200 2436 4256 Ecclesiasticae
2465 4215 2642 4255 causa:
2663 4215 2767 4254 nou
2791 4199 3213 4270 recepitutilitas
3228 4201 3557 4267 tarditatem,

1965 4338 2134 4405 scopis
2160 4353 2191 4387 a
2219 4334 2453 4405 paribus.
2481 4333 2546 4386 Et
2569 4339 2754 4405 postea
2790 4350 2802 4385 :
2831 4329 3437 4405 Notariusilllisanctm
3460 4350 3556 4405 no-

1965 4402 2088 4463 stra:
2144 4402 2394 4458 Ecclesia:
2441 4403 2815 4473 patrimonium
2867 4402 2942 4473 in_
2970 4403 3144 4456 insula
3175 4402 3262 4456 Ill.
3299 4403 3455 4457 situm
3490 4402 3554 4458 ab

1964 4480 2061 4533 hoc
2109 4476 2354 4547 prtrsenti
2399 4471 2538 4547 anno
2583 4474 2856 4547 dominica:
2916 4471 3306 4547 Incurnationis
3355 4474 3432 4528 M.
3463 4474 3554 4528 Ill.

1968 4549 2076 4602 Deo
2105 4544 2415 4607 auxiliante,
2440 4545 2836 4614 gubernandum
2871 4544 3112 4598 noveritis
3157 4561 3267 4600 esse
3314 4548 3556 4601 commis—

1892 4598 1942 4657 D
1967 4598 2248 4682 Emend
2275 4617 2339 4669 de
2366 4598 2566 4680 diem.

2042 4701 2064 4728 ε
2100 4687 2394 4741 Tractoria.
2420 4689 2557 4740 Ante
2583 4703 2773 4742 novem
2800 4703 2988 4750 annos,
3038 4703 3160 4743 cum
3198 4688 3264 4742 ad
3302 4688 3371 4742 M.
3412 4689 3553 4744 Mer-

1965 4761 2166 4815 eatoris
2219 4758 2701 4812 Commonitorium
2749 4768 2904 4813 notas
2944 4759 3221 4822 adderem,
3269 4768 3553 4828 utramque

1964 4831 2127 4894 edidi,
2153 4831 2436 4883 occasione
2467 4830 2706 4897 epistola:
2737 4829 2894 4889 illius,
2929 4845 3089 4900 quam
3125 4831 3375 4885 Zozimns
3404 4831 3552 4899 Papa

1965 4902 2031 4956 ad
2061 4918 2248 4954 omnes
2273 4901 2420 4954 orbis
2462 4900 2755 4969 Episcopos
2779 4901 2845 4971 de
2874 4901 3320 4956 eundemnatione
3350 4901 3552 4971 Pelagii

1965 4982 2016 5027 et
2051 4972 2284 5026 C(Blestii
2316 4971 2480 5032 misit,
2508 4985 2650 5038 quan
2674 4986 2778 5039 que
2801 4970 3068 5026 Mercator
3100 4973 3433 5027 Tractoriam
3473 4970 3553 5023 di-

1965 5052 2106 5098 ctam
2136 5042 2317 5095 tradit.
2350 5041 2425 5094 Eo
2455 5041 2553 5094 loci
2600 5039 2856 5095 Iacobum
2904 5041 3288 5097 Gothofrednm
3344 5040 3548 5095 colicis

1967 5113 2322 5166 Theodosiani
2359 5121 2836 5167 eommentatorem
2870 5115 3070 5178 notavi,
3111 5114 3252 5178 quod
3293 5110 3379 5163 ubi
3416 5109 3548 5163 Ber-

1963 5184 2248 5255 nardinum
2278 5181 2580 5236 Ferrarium
2610 5184 3056 5255 arguerevoluit,
3099 5181 3391 5255 Episcopos
3407 5181 3545 5255 scri-

1962 5254 2181 5324 psisset,
2236 5250 2699 5325 cnm‘tractoriis'
2727 5257 2792 5308 ad
2840 5250 3548 5325 Synotluma_Poutiﬁeibus

1962 5321 2336 5388 evincarentur,
2367 5322 2533 5380 fuisse
2554 5326 2768 5394 quidem
2799 5341 2826 5378 a
2857 5321 3110 5394 ﬁdelibus
3135 5321 3428 5376 christiana
3457 5338 3547 5378 ca-

1963 5397 2121 5449 ritate
2151 5405 2398 5463 acceptos
2434 5397 2485 5449 in
2517 5391 2598 5448 via
2627 5415 2638 5449 :
2667 5395 2760 5450 sed
2789 5396 2839 5448 id
2874 5391 3144 5447 tractoriis
3178 5408 3350 5462 neque
3402 5409 3540 5463 prae--

1967 5477 2203 5536 ceptum,
2235 5481 2406 5535 neque
2428 5467 2895 5536 comprehensum,
2934 5465 3041 5536 imo
3076 5478 3175 5536 nec
3207 5463 3270 5536 id
3317 5480 3382 5520 ex
3436 5464 3546 5520 ullo

1966 5532 2140 5591 adhuc
2169 5537 2286 5592 loco
2312 5532 2698 5607 probariCDixi
2719 5535 2862 5607 enim
2879 5549 2944 5607 ex
2980 5532 3063 5607 his
3086 5534 3305 5607 duabus
3343 5544 3546 5607 tracto-

1966 5609 2077 5673 riis,
2096 5609 2290 5678 quihns
2306 5603 2574 5662 inferioris
2587 5603 3183 5678 dignitatishominibus
3203 5606 3539 5678 providctur,

1959 5673 2335 5733 exhortatione
2361 5688 2413 5731 et
2444 5684 2719 5747 praecepto
2746 5673 2812 5728 ad
2843 5675 3044 5742 ﬁdeles,
3070 5693 3173 5732 non
3205 5673 3540 5747 improbahia

1960 5748 2084 5804 liter
2119 5750 2296 5820 colligi
2337 5745 2514 5817 possie,
2537 5746 2663 5814 quid
2691 5746 2756 5820 de
2784 5749 2988 5803 vocatis
3013 5749 3078 5820 ad
3109 5745 3380 5817 Synodum
3410 5745 3538 5818 Epi-

1956 5822 2140 5899 scopis
2167 5817 2366 5899 sentire
2401 5817 2813 5899 oporteret_.l‘_ion
2853 5819 3098 5899 probavit
3133 5826 3295 5899 autor
3313 5820 3540 5899 ‘dis‘serf

1953 5887 2174 5952 tatibnis
2186 5891 2253 5948 de
2261 5887 2481 5948 Litteris
2491 5890 2785 5961 canonicis,
2799 5887 2973 5948 notari
2983 5905 3015 5946 a
3028 5904 3113 5948 me
3128 5887 3540 5946 Gothofredum:
