4062 6472
283 398 386 457 101

280 604 430 666 mine
452 607 867 679 Ill.nutrivisse,
910 613 1194 685 ipsumque
1242 616 1297 671 in
1343 617 1704 674 ministerium
1761 626 1866 675 tuae

283 702 475 757 domus
494 716 593 771 per
615 710 694 759 tot
718 716 888 761 annos
921 707 1083 761 etiam
1112 698 1385 777 habuisse,
1406 722 1580 781 quam
1602 717 1710 767 tum
1732 721 1870 768 stre-

282 794 477 851 nuitati
498 803 751 865 precatus
771 813 833 853 es
857 814 957 855 nos
981 802 1340 867 commutare,
1393 805 1462 859 ad
1493 802 1646 873 cujus
1691 804 1865 860 vicem

280 883 362 939 Ill.
389 888 857 956 puerumnatione
880 890 959 945 Ill.
988 892 1239 962 juvenem
1268 894 1505 950 tribuere
1551 898 1861 967 poposcisti.

353 976 486 1033 Tuis
505 979 735 1051 denique
753 982 1003 1051 precibus
1026 983 1167 1047 flexi,
1199 1000 1294 1057 per
1315 985 1473 1055 hujus
1500 996 1699 1044 nostra:
1730 1005 1867 1059 prte-

279 1072 546 1142 ceptionis
567 1080 732 1143 atque
776 1077 1211 1132 commutationis
1253 1078 1522 1148 paginam,
1565 1080 1864 1136 antefatum

278 1178 508 1234 puerum
537 1162 593 1217 in
610 1163 732 1233 jura
756 1163 955 1221 nostrae
981 1175 1180 1223 sanctae
1200 1162 1455 1223 Ecclesiae
1487 1171 1863 1242 suscipientes,

280 1255 385 1311 sibi
413 1256 503 1327 qui
534 1271 698 1329 supra
730 1256 809 1312 Ill.
832 1273 863 1312 a
886 1261 1138 1329 praesenti
1166 1259 1247 1314 Ill.
1273 1261 1591 1328 indictione,
1633 1270 1863 1334 puerum

279 1354 408 1403 ante
438 1348 641 1405 dictum
665 1349 743 1407 lll.
766 1350 885 1409 iure
920 1352 1258 1408 irrevocabili
1290 1354 1659 1422 concedimus,
1702 1364 1866 1426 atque

278 1438 565 1505 donamus,
589 1440 788 1496 nullam
805 1442 1201 1513 jurisdictionis
1222 1453 1430 1514 partem
1452 1455 1653 1502 sanctae
1667 1456 1866 1505 nostra:

276 1529 533 1586 Ecclesia
563 1532 618 1586 in
643 1544 769 1588 eum
792 1534 861 1589 de
882 1542 1080 1591 caetero
1107 1534 1305 1592 habere
1324 1537 1698 1595 decernentes.

331 1620 390 1674 In
411 1634 569 1692 cujus
596 1621 755 1679 ﬁdem
790 1625 1171 1695 pmceptionis
1212 1634 1376 1698 atque
1427 1629 1865 1687 commutationis

271 1712 527 1782 paginam
545 1730 718 1770 manu
755 1724 940 1771 nostra
962 1717 1269 1772 roboratam
1294 1719 1389 1773 tibi
1419 1719 1756 1778 tradidimus.

838 1807 1140 1865 TITULUS
1159 1810 1275 1865 XV.

513 1896 653 1952 Item
683 1896 850 1964 aliud,
882 1899 947 1954 de
970 1902 1338 1957 commutando
1370 1904 1647 1974 mancipio.

340 1985 529 2044 Abbas
549 1987 861 2045 Monasterii
889 1990 971 2045 Ill.
996 1992 1214 2061 propria
1237 1993 1392 2047 nobis
1439 1994 1702 2051 relatione
1739 2011 1865 2069 sug-

270 2078 461 2150 gessit,
485 2082 770 2136 memorati
791 2081 1100 2137 Monasterii
1123 2085 1408 2153 quemdam
1433 2100 1649 2142 servum
1668 2089 1722 2142 in
1743 2104 1865 2160 pos-

268 2174 511 2230 scssionc
521 2173 604 2229 Ill.
617 2172 873 2231 famulam
886 2183 1089 2231 nostrm
1101 2175 1353 2231 Ecclesia:
1366 2177 1530 2233 fuisse
1544 2191 1569 2219 ι
1585 2180 1855 2237 sortitum.

344 2266 505 2338 lla
558 2266 667 2324 Pro
707 2268 954 2339 quibqu
997 2277 1103 2323 tute
1153 2270 1525 2340 experientite,
1571 2275 1862 2344 praesentis

268 2356 650 2428 praeceptionis
677 2365 879 2413 nostra:
907 2358 1199 2415 autoritate
1222 2359 1578 2432 injungimus,
1614 2360 1673 2418 ut
1698 2379 1857 2420 acce-

269 2444 593 2518 dens‘apnd
638 2448 817 2505 locum
859 2449 941 2504 111.
984 2450 1041 2505 in
1087 2452 1419 2521 patrimonio
1458 2453 1538 2508 111.
1580 2455 1677 2509 tibi
1717 2470 1860 2510 com-

269 2541 468 2607 misso,
489 2557 588 2613 pro
611 2544 870 2614 pmdicta
895 2544 1152 2599 Ecclesiae
1179 2544 1381 2599 famula
1404 2546 1663 2601 vicariam
1693 2549 1858 2603 susci-

264 2635 393 2707 pias
430 2651 459 2690 a
488 2637 729 2706 praedicti
755 2636 1069 2693 Monasterii
1105 2639 1436 2705 hominibus,
1469 2647 1523 2695 et
1552 2647 1857 2695 commuta-

266 2725 418 2781 tione
455 2729 728 2798 propriam
766 2728 1023 2784 Ecclesia
1056 2730 1293 2795 emittas,
1337 2745 1405 2785 eo
1430 2732 1573 2800 quod
1604 2732 1853 2787 colonum

264 2818 576 2876 Monasteril
621 2831 711 2878 est
744 2822 959 2889 sortita,
998 2830 1059 2877 ut
1103 2824 1359 2893 deinceps
1404 2824 1459 2878 in
1508 2825 1854 2894 possessione

264 2910 581 2969 llouasterii
612 2915 819 2984 absque
847 2914 955 2969 ulla
978 2916 1295 2984 repetitione
1326 2916 1518 2971 debeat
1547 2918 1860 2973 deservire-

333 3002 441 3060 Pro
498 3004 655 3075 cujus
706 3006 788 3062 rei
832 3008 1152 3078 peragendae
1201 3006 1480 3073 ﬁrmitate,
1528 3018 1857 3079 prtesentem

257 3099 682 3169 [inceptionem
730 3108 975 3156 nostram
1022 3102 1351 3157 intervenire
1399 3104 1731 3171 censuimus,
1789 3112 1850 3158 ut

255 3192 520 3262 pmdicta
548 3194 902 3249 commutatio
930 3208 1093 3250 omne
1135 3195 1189 3249 in
1214 3202 1494 3266 posterum
1536 3197 1846 3254 stabilitatis

255 3284 428 3343 robur
449 3288 714 3345 obtineat.

808 3380 1109 3438 TITULUS
1150 3380 1290 3436 XVI.

570 3488 593 3517 ε
621 3475 949 3549 Praeceptum
980 3478 1045 3533 de
1078 3477 1325 3532 donando
1350 3493 1534 3549 puero.

326 3567 472 3624 Nihil
495 3569 598 3625 sibi
626 3569 919 3633 subtrahit,
942 3570 1034 3637 qui
1058 3569 1241 3623 sedule
1269 3568 1373 3623 sibi
1407 3567 1842 3624 ministrantibus

247 3658 464 3729 aliquid
498 3660 746 3730 largitur,
778 3659 1008 3714 Domino
1044 3660 1156 3715 Deo
1192 3667 1381 3714 nostro
1434 3659 1685 3715 dicente:
1712 3660 1845 3716 Bea-

246 3762 340 3806 tus
367 3767 550 3806 senius
579 3749 688 3817 ille,
716 3768 868 3823 quem
903 3767 1020 3805 cum
1053 3751 1245 3805 venerit
1286 3750 1564 3817 Dominus,
1589 3752 1841 3806 invenerit

247 3842 558 3914 vigilantem
594 3842 744 3915 (Luc.
770 3859 866 3907 an,
908 3860 960 3897 v.
991 3841 1103 3913 57).

327 3934 556 4005 Ideoque
591 3947 659 3988 ex
685 3934 991 4004 Apostolica
1031 3934 1450 3999 autoritatcxtibi
1478 3947 1706 4002 puerum
1737 3950 1836 3988 no-

247 4028 401 4085 mine
440 4026 521 4083 lll.
562 4044 631 4083 cx
662 4028 783 4099 jure
828 4028 1167 4084 Xenodochii
1204 4029 1284 4084 lll.
1318 4029 1583 4099 largimur
1616 4030 1682 4084 ad
1725 4047 1836 4086 scr-

245 4121 532 4187 viendum,
560 4121 955 4192 compassionis
996 4122 1155 4177 modo
1185 4139 1214 4176 a
1246 4122 1402 4179 nobis
1434 4122 1532 4177 tibi
1566 4122 1850 4192 impenso,

245 4227 355 4284 pro
386 4214 805 4283 gratitudinibus
855 4214 976 4278 tuis,
1021 4224 1183 4283 atque
1228 4214 1371 4268 ﬁdeli
1423 4214 1647 4268 servitio
1682 4216 1835 4270 nobis

246 4306 520 4372 exhibito,
566 4308 810 4376 quemin
854 4315 947 4361 tuo
976 4307 1238 4371 dominio,
1294 4310 1394 4361 sub
1425 4322 1491 4360 ca
1523 4307 1833 4362 conditione

242 4397 542 4454 statuimus
588 4414 727 4466 esse,
770 4407 833 4454 ut
876 4406 997 4468 post
1040 4399 1119 4453 tui
1171 4398 1314 4453 diem
1358 4398 1558 4462 obitus,
1610 4398 1654 4451 si
1697 4397 1835 4453 bene

241 4490 522 4558 servierit,
561 4490 690 4563 jugo
719 4493 998 4547 servitutis
1041 4491 1375 4560 absolvatur,
1423 4489 1676 4545 libertate
1720 4498 1834 4545 ate

241 4583 517 4638 munitus.

321 4676 496 4744 Quam
523 4685 763 4733 nostram
794 4677 1134 4734 auctoritatis
1152 4677 1568 4747 praeceptionem
1597 4677 1827 4746 quicun-

240 4784 354 4840 que
380 4770 630 4825 maluerit
648 4770 876 4837 violare,
912 4772 983 4826 sit
1003 4778 1218 4825 aeterna:
1244 4770 1713 4826 condemnationis
1746 4771 1828 4825 in—

240 4865 481 4919 nodatus
508 4865 745 4920 vinculo.

322 5033 350 5064 ι
375 5019 653 5091 Sortitum.
683 5019 779 5075 Vel
804 5028 1014 5091 optare,
1034 5020 1118 5076 vel
1140 5021 1306 5075 etiam
1332 5020 1553 5076 duxisse
1572 5037 1821 5076 uxorem.

321 5092 350 5133 b
376 5086 502 5147 Tua:
548 5086 895 5165 experientia}.
936 5086 1015 5145 Ad
1054 5091 1372 5165 Curatorem
1403 5093 1711 5165 patrimonii
1747 5093 1827 5146 (li—

240 5165 346 5235 rigi
372 5174 724 5246 pra-ceptum,
755 5171 961 5245 constat
1086 5164 1465 5246 appellatione,
1490 5180 1592 5246 qua
1626 5164 1825 5246 aliqua

239 5233 445 5307 passim
473 5234 615 5305 apud
655 5233 974 5306 Gregorium
998 5234 1060 5288 Ill
1086 5234 1376 5290 Curatores
1397 5235 1708 5306 patrimonii
1732 5251 1826 5303 ap-

236 5306 533 5378 pellantur.

316 5389 338 5416 c
368 5376 698 5449 Pra'ceptum
727 5378 791 5432 de
819 5375 1099 5449 donando,
1141 5384 1243 5431 etc.
1287 5375 1501 5431 Similes
1518 5376 1649 5449 dum
1677 5383 1822 5449 sunt,

237 5457 337 5503 aut
378 5457 530 5503 certe
556 5447 673 5502 non
711 5448 997 5503 admodum
1036 5447 1276 5510 diversae,
1321 5448 1459 5516 apud
1499 5447 1814 5516 Gregorium

238 5519 752 5592 Magnumtaitera,
808 5519 900 5572 lib.
950 5516 1001 5569 ἓν..
1034 5517 1190 5585 epist.
1238 5518 1330 5592 57,
1383 5532 1489 5592 qua
1535 5517 1820 5592 Tlieodoro

236 5588 566 5646 Corisiliario
593 5590 903 5646 Acosimum
927 5603 1151 5657 puerum
1173 5628 1186 5651 ,
1218 5588 1408 5652 altera,
1439 5588 1529 5640 lib.
1556 5588 1637 5651 10,
1659 5588 1818 5655 epist.

235 5661 330 5726 52,
361 5678 472 5733 qua
505 5660 768 5718 Joannem
790 5676 1023 5733 puerum
1051 5658 1212 5713 Felici
1238 5658 1524 5713 Portucnsi
1555 5659 1822 5728 Episcopo

235 5748 337 5804 per
360 5729 652 5804 epistolam
682 5729 823 5789 dono
852 5729 963 5804 dat.

310 5803 336 5844 ιι
366 5798 736 5870 Prtereptum,
788 5812 895 5858 etc.
949 5799 1076 5857 Haec
1134 5810 1189 5855 et
1235 5798 1338 5853 alia
1402 5814 1740 5870 consequens
1790 5816 1821 5854 a

235 5874 422 5946 prim
459 5871 661 5945 dilicti,
687 5875 831 5947 quod
875 5874 1027 5944 prior
1058 5871 1349 5943 largiendm
1390 5878 1713 5927 testamento
1756 5871 1824 5924 li-

1245 408 1689 469 aomuonuu
1724 408 2166 474 ponmcuu.
2206 364 2275 459 λέ
2313 416 2465 474 CAP.
2503 412 2593 474 vt.

281 513 392 581 cui,
417 513 764 585 Deuautore,
793 517 1129 577 deuenimus
1170 519 1447 591 Ecclesiae,
1493 540 1723 595 puerum
1769 540 1868 581 no-
1892 531 1947 590 Α

1854 4638 1909 4701 D

3441 418 3544 477 102

2400 526 2563 601 ιιι
2610 525 2910 585 TITULIJS
2952 526 3114 584 xvn.

2161 620 2295 676 Item
2315 620 2344 662 ἀ
2378 629 2693 692 praereptum
2723 621 2789 675 de
2814 621 3143 676 concedendo
3163 628 3345 693 puere.

2039 714 2299 784 Exemplo
2326 715 2615 785 pastoralis
2648 714 2997 785 benignitatis
3020 717 3396 777 accenduntur
3421 718 3553 775 ﬁde-

1968 804 2097 861 lium
2135 808 2349 873 animae,
2389 815 2446 862 et
2478 807 2714 862 maxime
2756 807 3128 867 ministrorum
3154 809 3551 871 Ecclesiasticte
3622 870 3627 875 ,

1968 899 2272 968 dignitatis;
2317 906 2380 954 ut
2411 899 2588 955 ﬁdelia
2611 899 2831 955 servitia
2873 901 2928 955 in
2954 902 3280 969 commissis,
3312 918 3424 961 non
3457 916 3551 962 so-

1966 986 2077 1041 lum
2107 988 2208 1057 ipsi
2253 998 2563 1058 exerceant,
2593 979 2782 1046 verum
2830 990 2968 1049 alios
3010 992 3275 1049 adhibere
3310 1008 3551 1052 conne-

1967 1088 2201 1133 morent.

2036 1168 2379 1240 Quapropter
2417 1171 2669 1230 ﬁdelibus
2702 1175 2941 1231 servitiis
2972 1175 3085 1231 tuis
3136 1175 3428 1244 satisfacti,
3461 1176 3551 1234 di-

1966 1262 2186 1318 lectioni
2223 1272 2329 1319 tuae
2356 1264 2438 1319 Ill.
2470 1280 2718 1335 puerum,
2761 1267 2853 1337 qui
2879 1280 2948 1323 ex
2976 1267 3230 1325 colonitu
3256 1282 3451 1328 massa
3476 1266 3554 1326 ill.

1964 1355 2279 1423 patrimonii
2316 1356 2397 1410 Ill.
2424 1355 2568 1425 juris
2613 1367 2816 1414 sanctte
2857 1359 3140 1429 Romanas,
3171 1361 3279 1430 cui,
3325 1363 3558 1419 Decan-

1969 1454 2105 1515 tore,
2171 1448 2506 1505 deservimus
2560 1450 2818 1506 Ecclesia
2867 1454 3232 1525 cognoscitur,
3286 1455 3553 1511 collocata

1967 1540 2064 1596 tibi
2117 1542 2511 1608 muniﬁcentia,
2558 1543 2868 1613 Apostolica
2913 1547 3208 1602 autoritate
3264 1547 3551 1614 donamus,

1967 1633 2229 1699 cedimus,
2257 1643 2421 1704 atque
2463 1632 2747 1705 largimur,
2783 1643 2840 1691 et
2865 1634 2971 1694 iuri
3000 1648 3161 1708 atque
3187 1639 3426 1696 dominio
3458 1647 3553 1696 tuo

1966 1725 2214 1779 eumdem
2242 1724 2323 1778 lll.
2355 1740 2584 1794 puerum
2612 1725 2963 1783 conferimus.
2989 1729 3069 1784 Ita
3099 1739 3181 1796 ut,
3222 1730 3290 1786 ab
3321 1731 3425 1785 hac
3465 1732 3554 1785 die

1966 1826 2026 1871 ut
2053 1819 2306 1887 proprius
2331 1818 2601 1885 dominus,
2633 1821 2750 1889 ejus
2778 1822 3003 1878 servitio
3026 1822 3291 1892 potiaris;
3320 1829 3376 1878 et
3396 1820 3553 1893 quid-

1890 1900 1940 1959 B
1967 1908 2096 1977 quid
2121 1908 2188 1963 de
2216 1922 2282 1962 eo
2320 1907 2503 1965 facere
2528 1910 2784 1976 volueris,
2827 1910 3056 1968 liberam
3082 1924 3152 1967 ex
3180 1921 3368 1968 nostra
3397 1920 3557 1969 auto-

1964 1998 2128 2054 ritate
2181 2000 2387 2055 habeas
2431 2000 2745 2055 facultatem
2774 2019 2787 2056 :
2817 2012 3085 2073 quatenus
3140 2003 3245 2059 hoc
3286 2002 3557 2059 beneﬁcio

1960 2091 2188 2160 potitus,
2223 2092 2389 2146 etiam
2424 2091 2649 2148 meliora
2694 2091 2852 2149 nobis
2900 2108 2969 2151 ae
3006 2091 3251 2152 ﬁdeliora
3289 2094 3553 2166 obseun

1961 2185 2224 2240 exhibere
2245 2184 2510 2241 inviteris.

2490 2274 2793 2332 TITULUS
2832 2275 3020 2332 XVIII.

2274 2363 2410 2419 Item
2447 2374 2763 2436 prwceptum
2791 2364 2856 2420 de
2877 2364 3228 2421 concedendo.

2028 2457 2313 2514 Credimus
2352 2459 2421 2513 ad
2468 2466 2817 2528 augmentum
2851 2466 2907 2513 et
2946 2458 3161 2514 laudem
3202 2466 3409 2515 sanctis
3443 2459 3552 2516 Ec-

1958 2547 2136 2605 clesia:
2156 2549 2454 2617 pertinere,
2487 2547 2533 2603 si
2558 2563 2626 2601 ex
2649 2547 2806 2601 donis
2829 2547 2974 2601 beati
3003 2546 3149 2601 Petri
3162 2546 3545 2617 Apostolorum

1955 2639 2246 2708 Principis,
2276 2637 2452 2707 cujus,
2477 2638 2607 2693 licet
2630 2638 2865 2707 impares
2898 2637 3129 2703 meritis,
3154 2639 3304 2694 vices
3336 2648 3541 2707 tamen,

1954 2731 2051 2788 Dei
2108 2730 2441 2800 dignatione,
2502 2729 2759 2800 gerimus,
2806 2726 2923 2797 ejus
2989 2728 3320 2785 utilitatibus
3367 2729 3546 2787 ﬁdelia

1953 2825 2337 2881 exbibcntibus
2362 2823 2604 2888 servitia,
2636 2821 2841 2892 aliquid
2880 2820 3178 2892 largiamur
3208 2837 3222 2874 ε
3255 2834 3364 2877 non
3395 2822 3543 2878 enim

1951 2917 2175 2987 respicit
2219 2916 2288 2971 ad
2331 2914 2695 2985 dispendium,
2744 2913 2891 2983 quod
2932 2913 3014 2968 eis
3061 2913 3353 2985 irrogatur,
3412 2914 3542 2988 dum

1949 3008 2219 3079 largitatis
2241 3007 2567 3078 Apostolicee
2610 3003 2981 3060 muniﬁcentia
3012 3003 3317 3061 invitantur
3346 3004 3542 3076 majori

1949 3102 2130 3157 studio
2159 3109 2323 3171 atque
2347 3100 2633 3156 alacritate
2660 3098 2716 3153 in
2743 3097 3050 3153 commissis
3075 3096 3357 3168 invigilare
3381 3098 3542 3153 mini-

1950 3195 2155 3260 steriis,
2186 3201 2242 3248 et
2270 3192 2457 3247 solerti
2482 3205 2615 3246 cura
2638 3204 2767 3261 erga
2794 3188 3032 3244 creditas
3051 3187 3315 3244 utilitates
3333 3187 3542 3260 impen-

1872 3261 1919 3326 Ο
1950 3288 2295 3345 deredevota
2321 3293 2503 3342 mente
2530 3284 2852 3340 certamina.

2023 3381 2181 3453 ns
2202 3380 2370 3452 Igitur
2391 3379 2499 3434 tuis
2526 3376 2776 3433 ﬁdelibus
2801 3383 2963 3445 atque
2991 3374 3222 3431 sinceris
3247 3373 3531 3446 provocati

1947 3475 2209 3541 servitiis,
2250 3473 2320 3529 ad
2349 3470 2741 3542 aliquantulam
2786 3477 2890 3525 tuae
2915 3468 3169 3539 puritatis
3219 3466 3537 3525 remunera-

1948 3567 2173 3630 tionem,
2198 3581 2266 3619 ex
2292 3564 2547 3634 largitate
2580 3562 2727 3617 beati
2756 3559 2905 3621 Petri
2928 3560 3305 3630 Apostolorum
3326 3559 3537 3614 Princi-

1946 3661 2049 3729 pis,
2084 3660 2140 3713 in
2168 3658 2426 3728 prmsenti
2468 3657 2551 3712 lll.
2581 3656 2897 3721 indictione,
2940 3655 3204 3710 donamus
3231 3652 3328 3709 tibi
3368 3658 3532 3723 atque

1946 3751 2210 3822 largimur
2240 3764 2470 3820 puerum
2508 3750 2727 3806 nomine
2747 3748 2830 3805 Ill.
2864 3747 3084 3803 natione
3111 3740 3194 3802 Ill.
3230 3761 3298 3801 ex
3326 3742 3532 3801 familia

1946 3851 2147 3899 sancta:
2173 3844 2454 3909 Romanae,
2509 3843 2617 3909 cui,
2648 3842 2760 3897 Deo
2803 3851 3012 3906 autore,
3047 3837 3387 3896 deservimus
3425 3837 3530 3893 Ec-

1942 3937 2142 4003 clesiae,
2178 3936 2231 3991 in
2261 3946 2352 3991 tua
2378 3935 2774 3991 transferentes
2798 3932 2947 4004 jura,
2981 3934 3057 3989 ita
3087 3940 3146 3987 ut
3171 3933 3225 3988 in
3252 3946 3320 3987 eo
3335 3928 3425 4000 jus
3451 3937 3534 3984 at-

1941 4044 2048 4100 que
2098 4028 2417 4093 dominium,
2465 4034 2527 4081 ut
2565 4027 2621 4081 in
2660 4026 2896 4098 propriis
2931 4023 3152 4080 famulis
3194 4020 3398 4079 habere
3440 4019 3531 4076 dc-

1938 4122 2071 4177 bcas
2096 4138 2109 4176 ί
2141 4136 2243 4179 nec
2267 4120 2488 4176 licentia
2530 4118 2602 4177 sit
2631 4118 2874 4187 cuilibet,
2914 4134 2946 4173 a
2976 4126 3070 4173 tuo
3098 4114 3390 4186 aliquando
3408 4112 3532 4183 jure

1940 4214 2175 4279 auferre,
2223 4213 2484 4284 quidquid
2530 4221 2744 4266 tuorum
2774 4212 2843 4265 ad
2888 4209 3276 4280 aliquantulam
3322 4222 3530 4263 recom—

1938 4306 2312 4376 pensationcm
2358 4302 2707 4357 servitiorum
2749 4301 2891 4356 bona
2933 4298 3209 4355 voluntate
3257 4297 3528 4369 dignosci-

1938 4412 2063 4453 mur
2100 4394 2415 4451 contulisse.

2010 4489 2182 4558 Quam
2216 4486 2523 4543 donationis
2559 4479 2811 4557 paginam
2854 4482 3104 4539 manibus
3143 4481 3342 4538 nostris
3364 4481 3522 4537 robo-

1936 4591 2114 4641 ratam
2142 4591 2246 4639 tute
2274 4579 2551 4640 dilectioni
2591 4578 2913 4661 tradidimus
2940 4592 3040 4648 pro
3066 4575 3253 4635 futura
3282 4575 3516 4634 cautela.

2486 4669 2785 4726 TITULUS
2822 4669 2962 4725 XIX.

2560 4776 2582 4803 ε
2613 4763 2903 4819 Securitas.

2004 4861 2235 4916 Justitite
2292 4866 2716 4915 consentaneum
2768 4871 2890 4911 esse
2937 4854 3288 4927 dignoscitur,
3337 4860 3399 4908 ut
3454 4849 3514 4916 ii,

1927 5018 2156 5075 bcrtatis
2184 5016 2546 5073 conditionem
2581 5022 2834 5086 apponat,
2862 5015 3192 5085 posteriores
3217 5014 3438 5086 nullam.

2004 5102 2026 5129 ε
2057 5089 2345 5143 Securitas.
2388 5088 2502 5141 Non
2534 5085 2629 5141 est
2656 5085 2864 5141 tantum
2901 5087 3244 5156 acceptilatio
3275 5085 3356 5137 vel
3384 5097 3514 5150 apo-

1929 5162 2047 5223 clia,
2081 5161 2174 5214 sed
2202 5160 2467 5213 rationum
2497 5159 2597 5213 rite
2622 5158 2954 5213 redditurum
2989 5156 3373 5215 testimonium,
3398 5166 3508 5221 quo

1929 5232 2121 5286 muniti
2152 5229 2540 5284 Procuratores
2561 5244 2740 5283 rerum
2782 5228 3286 5283 Eccl‘esiasticarum
3327 5226 3508 5279 securi

1927 5303 2200 5357 vivebant.
2250 5300 2364 5353 Vox
2406 5300 2505 5354 ista
2552 5301 2631 5356 sic
2684 5301 2952 5369 accipitur
2974 5297 3134 5367 epist.
3187 5293 3275 5357 42,
3325 5294 3418 5348 lib.
3456 5296 3502 5361 1,

1928 5372 2175 5445 Gregorii
2206 5371 2402 5442 Magni.

2001 5435 2282 5514 suspicor,
2294 5435 2616 5517 securitatis
2636 5440 2897 5496 formulas
2918 5435 3224 5517 istasudnas.
3239 5436 3303 5517 ad
3330 5444 3511 5508 poste-

1926 5506 2337 5588 riora_t'empora
2370 5515 2670 5588 pertinere:
2700 5524 2823 5565 nam
2854 5506 3239 5588 subscribendi.
3257 5506 3508 5588 formam,

1927 5603 2033 5657 qua
2066 5578 2273 5640 Nolui-ii
2299 5578 2495 5639 nomen
2528 5585 2581 5637 in
2602 5578 3159 5657 utraqueapponitur,
3188 5578 3288 5657 vix_
3310 5580 3508 5650 reperi-

1926 5648 2017 5712 titr
2060 5666 2185 5711 ante
2228 5672 2454 5721 nonum,
2486 5661 2583 5707 aut
2619 5653 2782 5721 etiam
2816 5648 3084 5721 decimum
3129 5648 3423 5721 saaculuni;
3453 5656 3509 5703 et

1929 5727 2223 5784 actionaria
2264 5718 2540 5798 portarum
2571 5720 2745 5797 urbis,
2781 5718 2932 5791 cujus
2974 5720 3176 5798 mentio
3216 5719 3297 5798 ﬁt,
3338 5721 3510 5798 in-po-

1929 5799 2160 5853 steriore
2190 5789 2676 5867 spéctat_tcmpus_,
2716 5789 3369 5867 quosmnmiPontiﬁces
3391 5789 3506 5867 jam

1929 5860 2353 5926 dominabantur
2400 5864 2600 5917 Romus.
2646 5860 2890 5931 Accedit,
2925 5863 3072 5931 quod
3108 5860 3374 5918 terribilis
3412 5860 3507 5917 illa
3552 5894 3561 5899 ι
