4062 6448
497 388 598 445 103

1839 380 2047 438 LIBER
2082 378 2393 438 DIURNUS

3647 380 3748 439 I04

492 510 585 583 qui
609 503 1005 564 Eeclesiastieis
1037 501 1359 558 utilitatibus
1396 499 1625 556 fideliter
1651 498 1915 562 serviunt,
1940 513 2067 569 per-
2091 495 2146 557 Α
2169 493 2303 583 riam
2348 493 2707 583 securitatem
2744 491 2996 583 duximus
3047 488 3420 583 muniendam,
3449 461 3616 583 quam
3670 490 3732 547 Ill

493 605 635 660 lecta
682 600 914 656 debeant
967 594 1259 653 securitate
1303 592 1525 657 muniri,
1556 598 1824 662 quatenus
1862 590 2070 647 nullam

493 695 848 764 imposterum
873 706 905 745 a
931 703 1202 761 quoquam
1225 687 1502 758 patiantur
1524 685 1817 756 jacturam.

565 784 634 840 Et
657 783 910 853 quoniam
939 779 1325 852 patrimonium
1356 778 1433 833 Hl.
1461 777 1601 848 juris
1637 786 1840 832 sanct:e
1867 777 2073 833 Roma-

493 888 600 941 nae,
627 873 732 936 cui,
759 873 870 928 Deo
891 881 1097 938 autore,
1129 871 1464 927 deservimus
1492 869 1768 935 Ecclesia,
1795 885 1941 925 curae
1972 879 2078 925 tua:

496 966 845 1022 commissum
886 973 996 1027 est,
1046 964 1202 1035 cujus
1248 964 1608 1030 exactionem,
1666 977 1767 1034 per
1828 970 2075 1018 nostrum

496 1056 840 1126 dispositum,
891 1055 1084 1111 fecisse
1128 1054 1477 1125 dignosceris,
1509 1053 1761 1123 praesenti
1803 1052 1880 1107 Ill.
1931 1052 2078 1107 indi-

494 1148 676 1204 ctione
704 1148 769 1204 de
817 1148 1136 1213 nuntiatica,
1182 1148 1266 1202 vel
1306 1147 1372 1203 de
1398 1148 1520 1204 aliis
1551 1150 1923 1205 accidentibus
1948 1163 2078 1202 cau-

497 1237 595 1303 sis,
623 1239 881 1307 praedicta
910 1238 991 1293 Ill.
1021 1238 1331 1303 indictione,
1355 1254 1456 1309 pro
1484 1253 1593 1308 quo
1619 1237 1886 1293 tradidisti
1920 1236 2078 1291 nobis

503 1331 569 1386 de
596 1332 961 1401 suprascripto
982 1330 1308 1401 patrimonio
1336 1331 1389 1384 in
1415 1347 1549 1385 auro
1569 1331 1775 1385 scilicet
1807 1330 2010 1385 solidos
2042 1344 2080 1383 ι

499 1421 666 1477 boves
706 1437 933 1477 numero
967 1422 1084 1491 pari
1111 1439 1166 1487 ι,
1196 1416 1433 1478 caballos
1477 1437 1529 1486 χ,
1573 1414 1769 1478 vaccas
1801 1438 1856 1489 ι,
1885 1437 2081 1492 porcos

499 1510 776 1581 accepturi
805 1510 880 1564 tui
906 1518 1171 1566 tenorem.

969 1602 1129 1673 ne
1165 1602 1464 1659 TITULUS
1501 1603 1620 1659 xx.

1151 1692 1441 1749 Securitas.

572 1780 799 1839 Constat
827 1798 927 1838 nos
950 1785 1304 1855 magnitudini
1335 1794 1528 1841 vestrae
1547 1787 1885 1842 commisisse
1914 1794 2086 1841 aetio-

2173 581 2394 637 Notario
2419 590 2473 637 et
2502 581 2796 638 Scriniario
2834 582 2978 637 sedis
3003 590 3201 637 nostrae
3238 579 3585 636 scribendam
3611 594 3749 649 prte-

2173 675 2419 745 cipimus,
2443 675 2635 743 cuique
2656 690 2817 729 manu
2839 682 3023 728 nostra
3054 671 3495 741 subscripsimus,
3523 679 3581 726 et
3602 672 3756 731 vobis

2174 767 2624 834 contradidimus,
2651 766 2754 822 sub
2781 766 2867 822 die
2893 765 2976 821 ιιι.
3007 766 3202 835 Imper.
3227 764 3476 831 Domino,
3514 762 3735 836 ﬁlioque

2175 867 2233 914 ει
2252 868 2471 915 caetera.

2725 980 3027 1038 TITULUS
3066 978 3208 1037 XXI.

2619 1092 2650 1133 ι)
2682 1092 3009 1165 Prteceptum
3034 1091 3306 1151 libertatis.

2250 1234 2478 1280 nommo
2500 1226 2773 1282 credimus
2801 1227 2920 1282 Deo
2945 1235 3131 1282 nostro
3160 1226 3390 1296 placere,
3421 1227 3567 1297 quod
3594 1229 3762 1299 pieta-

2181 1316 2251 1370 tis
2295 1316 2492 1371 intuitu
2539 1317 2769 1373 discreta
2815 1320 3162 1389 prosequitur
3202 1319 3527 1389 compassin,
3570 1335 3638 1375 eo
3687 1321 3771 1378 di-

2180 1414 2335 1462 cente
2365 1407 2522 1476 117
2549 1424 2564 1461 :
2600 1408 3020 1463 Misericordiam
3050 1408 3187 1473 volo,
3233 1419 3282 1462 et
3312 1425 3416 1463 non
3445 1411 3772 1479 sacriﬁcium

2183 1494 2328 1567 (Ose.
2355 1511 2429 1560 vi,
2458 1497 2520 1561 6;
2566 1496 2755 1552 Matth.
2792 1514 2867 1563 ix,
2904 1492 3010 1569 l3)'.
3041 1499 3159 1568 Ipse
3186 1515 3420 1568 namque
3461 1500 3513 1554 in
3544 1501 3660 1556 suis
3691 1501 3774 1557 le-

2184 1590 2329 1660 gitur
2377 1588 2608 1660 eloquiis
2664 1592 2944 1648 conductis
2991 1592 3258 1661 operariis
3304 1592 3561 1648 tribuisse
3619 1608 3756 1650 mer.

2186 1679 2394 1735 cedem.

2256 1772 2338 1827 Ad
2374 1773 2527 1843 cujus
2555 1774 2931 1842 imitationem,
2969 1792 3090 1842 nos,
3119 1778 3211 1847 qui
3239 1780 3471 1848 pastoris
3502 1780 3668 1845 vices,
3701 1795 3768 1837 eo

501 1877 655 1930 naria
678 1875 745 1932 de
768 1876 995 1930 diversis
1024 1878 1195 1946 portis
1223 1878 1381 1948 hujus
1412 1878 1670 1934 Romana:
1694 1880 1843 1934 urbis
1872 1880 1938 1934 ad
1960 1895 2082 1950 per—

2193 1862 2553 1932 dispensante,
2587 1865 2845 1936 gerimus,
2879 1866 3055 1922 lidelia
3095 1867 3475 1924 exhibentibus
3512 1871 3760 1938 servitia,

500 1966 767 2037 agendum
824 1966 879 2020 in
930 1966 1036 2020 ﬁde
1080 1978 1106 2008 α
1150 1968 1495 2033 dominicale,
1534 1968 1601 2024 de
1654 1970 1755 2025 hac
1807 1979 2084 2026 transacta

501 2054 817 2119 indictione,
864 2057 1019 2127 cujus
1048 2060 1329 2114 exactione
1362 2057 1557 2116 fecisse
1586 2061 1920 2132 dignosceris
1962 2062 2090 2119 ﬁde-

504 2143 652 2211 liter,
689 2145 1049 2219 quodcuuque
1074 2149 1271 2205 exinde
1307 2151 1600 2207 abstollere
1637 2153 1962 2223 exigereque
1999 2168 2091 2207 va-

502 2235 703 2300 luistis,
735 2237 853 2291 sine
880 2237 985 2291 ulla
1017 2238 1207 2295 fraude
1233 2250 1563 2310 praesentare
1607 2251 1769 2312 atque
1800 2243 2088 2314 adsignare

507 2326 564 2382 in
589 2327 801 2399 integro
830 2328 928 2384 visi
952 2330 1107 2395 estis,
1137 2339 1193 2386 et
1234 2332 1287 2385 in
1316 2334 1569 2389 omnibus
1595 2349 1626 2387 a
1653 2335 1807 2390 vobis
1836 2335 2090 2406 completi

512 2435 700 2477 sumus
725 2423 791 2477 de
818 2424 1007 2479 eadem
1055 2425 1352 2481 actionaria
1382 2445 1394 2480 :
1420 2428 1661 2497 nihilque
1692 2428 1835 2499 apud
1880 2444 1977 2484 vos
2004 2443 2091 2482 re-

511 2518 779 2569 mansisse
800 2514 1145 2570 manifestum
1172 2526 1277 2582 est,
1302 2518 1427 2573 dum
1457 2519 1638 2574 omnia
1673 2520 1880 2589 puriter
1922 2520 2096 2575 ﬁdeli—

508 2611 699 2676 terque
746 2622 870 2661 cum
923 2609 1070 2663 omni
1126 2609 1436 2680 integritate
1484 2612 1834 2669 manifestum
1878 2622 1964 2670 est
1998 2628 2094 2669 vos

507 2705 889 2766 prmsentasse.

580 2785 898 2844 Statuentes
927 2789 1235 2860 Apostoliea
1266 2810 1520 2861 censura,
1548 2803 1604 2850 et
1631 2797 1921 2851 autoritate
1949 2796 2093 2851 beati

510 2878 659 2936 Petri
700 2878 968 2952 Principis
995 2884 1398 2955 Apostolorum,
1445 2897 1505 2943 ut
1530 2889 1708 2944 nullus
1736 2905 1994 2960 unquam,
2024 2889 2096 2944 sit

508 2968 641 3025 licet
686 2986 877 3043 magna
926 2990 1201 3046 parvaque
1241 2993 1492 3047 persona,
1538 2987 1832 3048 pnesumat
1880 2994 2094 3049 quoquo

511 3061 675 3116 modo
703 3077 799 3117 vos
830 3062 1178 3135 haeredesque
1203 3078 1411 3123 vestros
1440 3084 1537 3138 pro
1576 3069 1763 3125 eadem
1795 3070 2095 3124 actionaria

512 3151 826 3218 molestare,
870 3162 964 3209 aut
1018 3158 1315 3227 quamlibet
1365 3160 1732 3229 requisitionis
1781 3168 2095 3215 controver-

2185 1957 2407 2026 prremia
2433 1956 2678 2012 laborum
2709 1958 2933 2013 reddere
2974 1960 3252 2025 debemus,
3282 1969 3342 2015 ut
3367 1960 3462 2025 illi,
3491 1964 3636 2033 quod
3666 1963 3770 2019 mi-

2188 2049 2423 2105 sereudo
2444 2049 2753 2118 fecerimus,
2778 2052 2847 2105 sit
2884 2052 3232 2121 acceptabile.

2259 2138 2427 2209 Igitur
2474 2140 2709 2195 servitiis
2737 2141 3013 2205 exhibitis,
3066 2158 3257 2211 prona,
3303 2144 3359 2198 in
3389 2153 3649 2215 quantum
3684 2162 3789 2203 veo-

2189 2227 2358 2291 luisti,
2385 2238 2587 2295 mente,
2612 2231 2811 2301 quibus
2843 2240 3031 2287 nostro
3074 2233 3128 2286 in
3158 2235 3463 2291 commissis
3489 2237 3671 2293 animo
3694 2252 3779 2294 sa-

2192 2322 2466 2390 tisfecisli,
2497 2333 2549 2380 te
2577 2324 2656 2378 Ill.
2707 2334 2928 2404 sancte,
2966 2327 3076 2392 cui,
3118 2327 3227 2383 Deo
3256 2336 3465 2395 autore,
3507 2332 3781 2388 servimus

2191 2417 2468 2482 Ecclesiae,
2502 2416 2783 2484 famulum,
2807 2419 3097 2474 autoritate
3134 2420 3279 2475 beati
3312 2420 3458 2477 Petri
3485 2424 3779 2492 Apostolo-

2192 2524 2312 2563 rum
2341 2508 2627 2579 Priucipis,
2658 2525 2754 2580 per
2784 2510 2941 2579 hujus
2973 2522 3172 2566 nostra!
3209 2514 3585 2583 praeceptionis
3616 2516 3777 2585 pagi-

2192 2615 2339 2663 nam,
2366 2602 2882 2671 recompensationis
2912 2618 3156 2663 munere.
3189 2618 3219 2657 a
3249 2605 3500 2672 persenti
3529 2604 3608 2658 lll.
3634 2605 3783 2660 indi—

2194 2694 2394 2757 ctione,
2426 2705 2448 2731 ο
2477 2693 2692 2748 cumulo
2735 2694 3004 2748 libertatis
3052 2694 3264 2765 largito,
3304 2696 3372 2749 ab
3396 2696 3544 2750 omni
3590 2694 3783 2751 servili

2193 2784 2412 2841 fortuna
2439 2794 2493 2840 et
2517 2786 2826 2841 conditione
2849 2786 3075 2840 liberum
3098 2801 3218 2841 esse
3238 2802 3540 2850 censemus,
3566 2788 3783 2844 civem-

2194 2897 2300 2952 que
2340 2881 2643 2937 Romanum
2691 2882 2927 2938 solutum
2969 2883 3037 2937 ab
3064 2885 3212 2939 omni
3253 2882 3604 2953 subiectionis
3632 2896 3789 2937 noxa

2196 2958 2540 3027 decernimus
2565 2990 2578 3026 :
2608 2987 2709 3028 nec
2738 2972 2883 3027 aliud
2905 2975 3134 3039 cunctis,
3165 2976 3268 3029 nisi
3300 2976 3470 3029 solam
3493 2973 3777 3029 salutatio-

2196 3082 2321 3121 nem
2351 3066 2569 3133 debere,
2595 3075 2657 3121 ut
2675 3066 2936 3138 perfecto,
2976 3069 3257 3123 absolutus
3276 3068 3406 3139 jugo
3435 3068 3640 3130 servili,
3666 3067 3782 3121 ritu

2198 3158 2374 3229 possis
2403 3159 2622 3229 degere,
2649 3159 2846 3228 quibus
2888 3159 3160 3215 advixeris
3186 3160 3395 3225 diebus,
3434 3167 3489 3216 et
3534 3171 3685 3213 more
3714 3157 3785 3212 li-

509 3244 647 3301 siam
677 3245 830 3301 vobis
857 3248 1160 3319 vestrisque
1192 3251 1497 3307 hmredibus
1520 3253 1721 3308 inferre
1750 3273 1762 3307 :
1795 3254 1937 3309 unde
1964 3269 2092 3308 am-
2121 3226 2166 3289 (ἶ
2197 3251 2475 3315 berorum,
2507 3251 2618 3306 Deo
2642 3266 2807 3321 agens
2824 3252 3048 3322 gratias,
3082 3268 3181 3323 pro
3204 3250 3357 3321 cujus
3383 3251 3487 3307 hoc
3512 3264 3696 3304 amore
3719 3254 3784 3302 et

508 3336 754 3408 plissima
789 3338 945 3395 vobis
980 3342 1392 3413 bteredibusque
1417 3346 1616 3401 vestris
1657 3346 1870 3401 cautela
1905 3346 2092 3417 plena-

511 3468 882 3551 commipatio,
922 3488 1042 3544 quae
1074 3474 1246 3551 eiiem
1269 3478 1555 3551 posteriori
1594 3478 1844 3551 formula:
1872 3479 2095 3551 subjun-

512 3541 676 3632 ἕξξιξν,
708 3541 973 3632 fervorem
1010 3546 1147 3632 noni.
1171 3541 1375 3613 Saec'tlll,
1413 3549 1715 3632 decimique
1751 3541 2094 3632 genium'sn-

511 3610 626 3680 piat
645 3610 847 3692 indie,-
870 3614 1201 3692 si_volueris,
1226 3610 2017 3692 corruptiorem'Latiiiitatem.

587 3692 611 3719 ει
635 3679 982 3739 Dominicale.
1015 3685 1111 3742 Jus
1144 3679 1367 3744 donini.

572 3748 613 3828 ,ι’
642 3748 969 3833 Prwceptum
1010 3756 1284 3833 libertatis.
1354 3762 1644 3832 Desumpta
1690 3763 1858 3817 videri
1916 3769 2095 3833 potest

516 3816 873 3900 aliquatenus.
902 3825 1028 3900 huic
1056 3826 1286 3900 formula
1327 3847 1393 3885 ex
1424 3816 1586 3900 episi.
1620 3833 1705 3895 12,
1740 3816 1830 3886 lib.
1862 3816 2093 3898 δίδη-

517 3849 859 3900 «unumunum
902 3849 1016 3879 unus
1057 3849 1286 3884 lOl'lllllla
1327 3849 1393 3885 ex
1424 3849 1454 3885 (ἓ
1497 3849 1586 3885 Isl.
1620 3849 1705 3895 ‘12,
1741 3849 1830 3886 IlI).
1862 3849 1914 3898 ἑ),
1954 3849 2093 3887 ure-

517 3900 658 3957 gern
701 3888 901 3962 Magni,
940 3895 1030 3949 ubi
1080 3896 1329 3955 Montana
1350 3909 1405 3955 et
1455 3849 1690 3956 ghomas
1728 3902 1974 3957 libertate
2002 3903 2096 3956 do-

518 3966 740 4034 nagtur,
773 3963 1013 4034 tinnujue
1041 3966 1186 4022 cives
1215 3968 1462 4024 Romani.

590 4023 759 4111 Porro
791 4023 972 4111 autem
1003 4035 1183 4111 plures
1211 4047 1338 4111 sunt
1385 4023 1438 4095 in
1464 4039 1798 4111 collectione
1821 4043 1886 4098 ν.
1917 4042 1979 4098 C.
2010 4042 2097 4097 Bi-

519 4105 702 4169 gnonii
726 4105 1076 4173 ingenuitatis
1106 4107 1349 4165 iormuke
1380 4125 1395 4165 :
1421 4110 1603 4181 plures
1629 4127 1842 4185 quoque
1869 4114 2097 4169 eruditas

539 4248 1194 4277 ——'——————

2194 3343 2449 3398 mandato
2483 3350 2536 3398 te
2565 3352 2780 3399 constat
2811 3345 3198 3414 promeruisse.

2196 3479 2263 3532 ad
2292 3491 2407 3540 eas,
2438 3475 2552 3530 sive
2581 3491 2701 3545 quae
2741 3477 2879 3544 apud
2915 3475 3252 3538 Marculfum,
3289 3475 3401 3529 sive
3432 3489 3551 3545 qum
3576 3471 3785 3545 intri-

2196 3548 2297 3601 lillS
2325 3547 2447 3602 aliis
2466 3544 2710 3601 veterum
2750 3547 3101 3602 formularum
3130 3544 3535 3600 collectionibus
3571 3544 3789 3598 haben-

2199 3626 2305 3682 tur,
2337 3629 2496 3672 notua.
2524 3617 2676 3672 Nulla
2705 3628 2883 3673 tamen
2911 3617 3032 3673 huic
3062 3626 3260 3672 nostrte
3287 3615 3635 3677 cnnfcren.ia,
3659 3628 3793 3683 quae

2200 3690 2282 3759 cui
2314 3688 2881 3759 cumulumilibertatis,
2914 3687 3160 3759 largitur,
3185 3689 3343 3759 civem
3376 3683 3794 3759 Romununrdeo

2201 3758 2402 3824 clarat;
2448 3776 2546 3815 nec
2578 3758 2702 3828 jure
2734 3751 3209 3828 cuiquam'debere
3256 3756 3424 3823 aliud,
3470 3757 3571 3809 nisi
3612 3751 3790 3828 solum.

2199 3824 2594 3894 salutationem,
2636 3824 2963 3899 perfectaque
2996 3832 3100 3883 ritu
3142 3828 3517 3899 possegdegere
3539 3841 3557 3877 :
3587 3824 3795 3894 quibus

2201 3899 2383 3979 omnia
2424 3897 2774 3979 ingenuitatis
2797 3897 3353 3979 jura_comp‘rehendi.
3384 3897 3628 3979 apertum
3677 3902 3789 3979 est.

2204 3969 2394 4039 Merito
2428 3965 2739 4039 igiturth
2780 3965 3279 4039 singularis‘forma
3305 3965 3645 4039 observanda
3676 3972 3786 4016 est.

2278 4051 2299 4078 ε
2321 4034 2542 4092 Cumulo
2559 4037 2834 4091 libertatis.
2858 4034 2915 4091 Ill
2935 4045 3036 4099 est,
3060 4036 3371 4107 plenissima
3398 4034 3486 4088 illa
3510 4035 3785 4107 libertate,

2204 4124 2325 4181 quae
2345 4117 2493 4178 justa
2524 4107 2848 4177 appellatur,
2878 4103 3154 4161 InstitIde
3176 4107 3455 4172 libertinis,
3483 4105 3565 4160 tit.
3592 4103 3646 4158 5.

1852 4389 2186 4467 CAPUT
2261 4385 2442 4467 VII.

696 4567 957 4618 DIVBRSA
1002 4574 1361 4623 PRIVILEGIA
1404 4577 1797 4625 APOSTOLICE
1839 4578 2299 4623 AUCTORITATIS
2343 4577 2653 4622 CONCESSA
2695 4575 3136 4633 MONASTEBIIS,
3181 4573 3498 4619 DIACONIIS
3539 4573 3620 4617 ΕΤ

1932 4677 2384 4725 IENODOCEIIS.

528 4895 905 4978 Ancugssruu
926 4934 1015 4978 ,ἡ
1027 4903 1572 4978 Comprehenduntur
1586 4905 1881 4978 hoe_capite
1896 4902 2106 4959 diversa
2124 4906 2406 4978 privilegia
2422 4904 2743 4976 Apostolicte
2760 4904 3099 4978 auctoritatis
3120 4900 3478 4978 Monasteriis,
3496 4902 3792 4978 Diaconiis,

603 4981 660 5028 et
691 4971 1327 5048 Xenodochiis,_aliisque
1373 4976 1476 5048 pLis
1508 4975 1653 5048 locis
1682 4971 1843 5046 118
1876 4971 2172 5042 concessa;
2208 4971 2382 5048 neque
2409 4971 2558 5032 visus
2601 4988 2686 5032 est
2715 4979 2914 5031 debere
2957 4977 3098 5048 ullus
3125 4974 3262 5028 alius
3298 4975 3453 5048 ordo‘
3470 4977 3792 5030 statuendus

604 5059 766 5112 quam
781 5046 885 5119 qui
913 5045 1180 5119 reperitur
1206 5046 1274 5119 ili
1289 5043 1471 5119 codice
1504 5043 1830 5119 MS._in_q7n3
1855 5048 2167 5119 perturbate
2200 5043 2381 5103 munia
2414 5050 2857 5119 permiscentur:
2887 5046 3107 5119 ponitur
3138 5054 3315 5119 tamen
3345 5045 3397 5097 in
3430 5043 3628 5119 fronte,
3662 5060 3793 5115 pro—

600 5124 722 5189 ptet'
750 5112 1198 5189 singularitatem,
1225 5112 1489 5189 Prologus
1528 5119 1581 5189 in
1608 5112 1932 5189 Judicatu‘m.
1957 5148 2028 5158 —-
2057 5118 2169 5173 Non
2201 5112 2637 5189 prtesto'zetatcm
2684 5112 3217 5189 omniunejusmodi
3266 5114 3621 5189 formularum
3655 5112 3795 5189 {su-

603 5184 783 5254 spicor
808 5184 952 5240 enim
987 5184 1037 5237 id
1074 5186 1348 5257 {ICCCtIISSB
1371 5186 1672 5241 collectioni
1704 5188 1811 5251 isti,
1841 5189 1981 5257 quod
2013 5184 2213 5245 Ordini'
2232 5189 2496 5253 Romano,
2524 5189 2617 5256 qui
2649 5202 2769 5240 cum
2797 5185 3095 5257 simplicior
3122 5195 3263 5238 esset
3287 5185 3520 5254 primum
3551 5185 3800 5242 brevior-

606 5270 733 5323 que,
762 5256 1144 5311 atlditamentis
1170 5266 1360 5311 auctus
1393 5267 1493 5311 est.
1535 5259 1737 5327 Opinor
1758 5262 1827 5314 ab
1862 5255 2063 5315 audaci
2107 5274 2268 5313 manu
2295 5259 2498 5313 inserta
2546 5255 2695 5327 esse“
2717 5257 2840 5310 huic
2878 5255 3017 5324 parti
3066 5271 3185 5324 qua:
3208 5260 3310 5309 lam
3352 5257 3620 5325 sequioris
3642 5257 3788 5327 uezi:

605 5339 780 5401 neque
803 5329 947 5381 enim
975 5327 1527 5401 praecedentisteLatis
1551 5326 1737 5383 leniori
1766 5330 1958 5399 spiritu
1989 5332 2142 5401 plena
2180 5337 2323 5391 sunt,
2352 5329 2447 5401 sed
2471 5326 2790 5401 terribiliter
2818 5337 3124 5401 minantur;
3160 5328 3253 5398 qui
3276 5329 3466 5401 genius
3492 5328 3613 5382 novi
3651 5326 3801 5401 deci-

614 5396 1038 5469 miquesazculi.
1088 5428 1155 5438 —
1195 5398 1522 5453 Paucissima
1566 5396 1810 5469 qmetlam
1857 5396 2265 5455 observavimus
2313 5399 2379 5451 ad
2440 5396 2676 5467 singulas
2717 5396 3009 5469 formulas,
3031 5396 3284 5469 quoniam
3331 5396 3471 5469 nihil
3494 5397 3798 5469 admodum

607 5463 1002 5523 Ecclesiasticze
1030 5471 1311 5524 vetustatis
1342 5470 1563 5540 habent,
1584 5463 1727 5525 'nihil
1767 5472 2145 5525 reconditioris
2181 5469 2438 5540 doctrinae
2465 5463 2661 5522 :vbces
2700 5477 2878 5523 autem
2907 5463 3179 5524 inclinatae
3224 5467 3553 5533 Latimtatis,
3580 5468 3641 5540 ⁴εἰ
3672 5480 3796 5537 qua)

606 5548 913 5603 occurrant,
953 5555 1019 5594 ex
1060 5540 1331 5596 Glossario
1362 5539 1419 5594 ν.
1458 5541 1600 5595 Clar.
1630 5542 1840 5610 Caugaei
1874 5541 2029 5593 facile
2060 5539 2447 5608 intelligentur.

867 5650 1233 5708 PROLOGUS
1271 5652 1339 5707 IN
1375 5648 1784 5710 JUDICATUM.

614 5740 748 5797 Cum
790 5758 889 5815 pro
930 5746 1259 5813 exequendis
1288 5743 1515 5812 justitiuz
1542 5740 1892 5813 profectibus,
1949 5747 2004 5795 et
2037 5739 2115 5794 al-

548 5830 875 5890 tercantium'
918 5834 1191 5906 sopiendis
1232 5832 1787 5906 tergiversatiouibus,
1823 5832 2111 5903 pastoralis

2138 5654 2193 5715 D
2217 5666 2315 5705 nos
2357 5651 2704 5707 vehementer
2750 5668 3046 5722 provocare
3096 5653 3449 5723 dignoscatur
3494 5650 3800 5707 sollicitudo

2220 5757 2364 5798 cura:
2395 5759 2408 5796 :
2439 5743 2642 5800 idcirco
2668 5744 2978 5818 vigilantius
3002 5746 3324 5810 insistimus,
3352 5755 3433 5811 nt,
3459 5747 3503 5801 si
3529 5762 3632 5816 qua
3660 5745 3803 5799 inter

2217 5844 2399 5908 partes
2427 5836 2670 5912 deceptio
2710 5840 2974 5908 exoritur,
3021 5839 3224 5912 liquida
3268 5839 3519 5912 ptotittus
3547 5837 3803 5904 indagine
