4062 6486
277 416 366 479 108
1210 392 1649 463 ROMANORUM
1685 395 2124 461 PONTlFlCUM.
2162 428 2232 445 —-
2266 396 2395 456 LIB.
2438 392 2543 456 ΥΠ.

3401 393 3505 458 106

279 534 356 607 ius
388 514 740 600 perscrutari,
768 522 846 578 'et
892 517 1161 592 aequitatis
1216 519 1609 587 moderamine,
1652 517 1833 591 quoad
1857 528 1911 591 Α
1935 527 2222 607 parvaque
2242 526 2487 607 persona:
2508 509 2831 607 auferre,_u_t
2851 501 3109 607 profecto
3136 506 3309 607 isdem
3341 523 3512 569 vene-

286 627 459 679 cuncta
484 622 800 689 congruant,
811 612 1004 669 °limari
1027 618 1209 685 queat.

346 712 407 768 Et
426 708 676 782 quoniam
700 712 927 771 constat,
962 712 1067 761 etc.

1023 795 1065 851 ι.

861 886 1225 961 Privilegium.

343 1002 366 1031 ι
393 986 648 1056 Quoniam
691 996 906 1055 semper
938 992 1065 1040 sunt
1106 981 1471 1048 concedenda,
1507 996 1627 1053 qua:
1677 978 1839 1035 ratio-

279 1078 530 1139 nabilibus
577 1086 882 1150 congruunt
925 1076 1227 1143 desideriis,
1273 1083 1485 1147 oportet
1526 1082 1589 1130 ut
1620 1074 1837 1130 devotio

278 1173 527 1231 conditori
573 1172 676 1244 pia:
724 1169 1145 1226 constructionis
1189 1168 1393 1225 oraculi
1437 1166 1496 1223 in
1538 1164 1837 1237 privilegiis

272 1265 576 1340 praestandis
604 1264 828 1320 minime
852 1263 1167 1335 denegetur.

332 1355 492 1428 Igitur
517 1355 645 1425 quia
670 1353 962 1425 postulasti
988 1370 1020 1410 a
1050 1353 1229 1421 nobis,
1260 1358 1530 1423 quatenus
1568 1348 1838 1407 Monaste-

269 1447 396 1509 rium
427 1446 617 1501 Sancti
654 1444 736 1500 lll.
780 1446 944 1502 situm
974 1446 1031 1501 in
1078 1444 1200 1500 loco
1227 1443 1309 1499 Ill.
1356 1442 1654 1514 privilegiis
1694 1442 1839 1498 sedis

266 1535 580 1608 Apostolicae
602 1536 907 1602 decoretur,
940 1534 1100 1606 119
1119 1541 1178 1590 ut
1203 1532 1331 1603 subj
1339 1534 1688 1590 urisdictione
1710 1547 1838 1589 san-

264 1635 377 1694 ctae,
406 1627 518 1694 cui,
571 1626 683 1682 Deo
714 1636 925 1692 autore,
957 1619 1600 1692 deservimus'Ecciesize,
1640 1625 1841 1680 consti-

265 1727 426 1797 tutum
450 1757 466 1780 ,
524 1717 724 1775 nullius
775 1717 1001 1775 alterius
1057 1717 1316 1774 Ecclesiae
1371 1715 1840 1787 iurisdictionibus

259 1810 623 1867 submittatur.

1940 604 2131 661 rabilis
2160 603 2311 658 locus
2351 600 2507 671 juxta
2534 600 2587 656 id
2626 600 2769 671 quod
2794 599 2953 670 120
2981 595 3257 668 subjectus
3280 600 3515 672 Aposto—

1936 695 2029 751 lici
2060 694 2338 751 constituti
2369 700 2533 762 atque
2556 690 2822 763 privilegii
2849 699 3003 747 tenor
3024 689 3299 758 consistit,
3330 689 3515 745 incon-

1937 800 2093 843 cusse
2111 785 2375 842 dotandus
2401 772 2733 855 permaneat.

2008 880 2067 935 Si
2092 881 2214 952 quis
2260 887 2463 946 autem,
2489 879 2632 950 quod
2674 893 2782 935 non
2816 884 3089 948 optamus,
3127 873 3339 933 nefario
3375 891 3513 933 ausu

1935 974 2367 1045 praesumpserit,
2408 973 2525 1028 haec
2553 986 2674 1043 qua:
2701 987 2732 1027 a
2760 972 2917 1027 nobis
2938 971 3007 1027 ad
3040 970 3252 1026 laudem
3290 970 3387 1025 Dei
3413 984 3516 1040 pro

1936 1064 2235 1119 stabilitate
2253 1062 2368 1132 jam
2397 1064 2527 1120 dicti
2564 1063 2873 1118 Monasterii
2914 1070 3118 1118 statuta
3159 1069 3305 1128 sunt,
3338 1060 3515 1116 refra-

1939 1156 2078 1227 gari,
2108 1163 2201 1209 aut
2225 1155 2281 1209 in
2308 1170 2582 1225 quoquam
2607 1154 2933 1225 transgredi,
2955 1154 3093 1209 sciat
3118 1169 3177 1208 se
3204 1153 3520 1207 anathema-

1940 1245 2010 1301 tis
2035 1244 2254 1300 vinculo
2279 1246 2619 1313 innodatum,
2651 1254 2853 1302 etcum
2891 1246 3116 1301 Diabolo
3145 1253 3199 1300 et
3225 1245 3344 1314 ejus
3376 1253 3522 1299 atro-

1938 1335 2173 1391 cissimis
2206 1346 2228 1374 ε
2255 1335 2498 1407 Pompis,
2528 1346 2691 1408 atque
2721 1336 2857 1392 Juda
2889 1339 3151 1393 traditore
3180 1336 3391 1391 Domini
3419 1352 3520 1391 no-

1940 1429 2041 1484 stri
2081 1427 2209 1484 Jesu
2238 1427 2464 1495 Christi,
2504 1429 2691 1483 aeterni
2737 1428 2968 1483 incendii
2999 1427 3261 1499 supplicio
3296 1441 3519 1482 concre-

1939 1522 2196 1577 mandum
2223 1521 2490 1593 deputari.
2518 1520 2589 1576 At
2609 1537 2741 1577 vero
2754 1523 2847 1592 qui
2866 1523 2956 1593 pio
2982 1522 3179 1577 intuitu
3199 1522 3518 1576 observator

1940 1612 1998 1667 in
2024 1613 2275 1667 omnibus
2291 1613 2549 1679 extiterit,
2572 1614 2894 1669 custodiens
2914 1611 3072 1682 hujus
3093 1615 3262 1669 nostri
3288 1613 3519 1683 Aposto—

1940 1701 2031 1758 lici
2066 1704 2349 1759 constituti
2379 1705 2446 1759 ad
2469 1704 2672 1760 cultum
2703 1704 2800 1760 Dei
2834 1705 3178 1775 respicientis
3202 1705 3519 1775 praeceptio-

1946 1808 2091 1860 nem,
2122 1795 2512 1851 benedictionis
2540 1795 2771 1867 gratiam
2794 1811 2827 1849 a
2868 1795 3377 1852 misericordissimo
3408 1796 3517 1851 Do-

320 1899 422 1956 Pro
467 1918 582 1972 qua
622 1916 683 1957 re
720 1900 827 1973 piis
870 1901 1155 1958 desideriis
1198 1898 1464 1969 faventes,
1509 1901 1613 1957 hac
1652 1909 1840 1957 nostra

1945 1883 2089 1939 mino
2115 1892 2300 1939 nostro
2323 1883 2695 1955 multipliciter
2720 1894 3103 1956 consequatur,
3125 1895 3181 1942 et
3207 1887 3332 1942 vita:
3355 1893 3517 1942 aeter-

259 1992 572 2059 autoritate,
603 1992 659 2048 id
678 1994 822 2064 quod
843 1994 1171 2065 exposcitur,
1194 1992 1408 2050 effectui
1431 1994 1833 2065 mancipamus:

258 2085 472 2153 etideo
526 2100 743 2140 omnem
778 2086 1066 2157 cujuslibet
1103 2086 1381 2143 Ecclesiae!
1397 2086 1747 2145 Sacerdotem
1782 2089 1839 2144 in

252 2177 471 2249 praafato
509 2177 842 2235 Monasterio
881 2180 1139 2236 ditionem
1167 2179 1464 2250 quamlibet
1505 2182 1725 2249 habere,
1751 2162 1840 2238 vel

252 2271 623 2337 autoritatem,
686 2278 884 2341 praeter
928 2271 1113 2327 sedem
1159 2270 1548 2343 Apostolicam,
1586 2272 1841 2344 prohibe-

252 2374 408 2417 mus:
440 2361 523 2416 ita
546 2368 605 2416 ut
641 2361 748 2416 nisi
776 2361 845 2417 ab
871 2361 1081 2418 Abbate
1113 2360 1428 2417 Monasterii
1458 2362 1624 2417 fuerit
1646 2361 1842 2417 invita-

249 2460 355 2521 tus,
390 2467 496 2510 nec
551 2452 837 2509 Missarum
886 2454 1087 2510 ibidem
1130 2453 1533 2510 solemnitatem
1569 2454 1841 2525 quispiam

246 2551 554 2616 praesumat
596 2545 893 2614 celebrare,
943 2546 1256 2602 omnimodo
1306 2548 1699 2604 constituentes
1744 2563 1844 2619 per

247 2634 410 2706 hujus
442 2637 654 2694 decreti
704 2638 877 2695 nostri
919 2639 1193 2711 paginam,
1245 2648 1409 2711 atque
1460 2639 1844 2695 interdicentes

247 2728 501 2797 omnibus
526 2730 748 2786 omnino
776 2729 1068 2800 cujuslibet
1092 2729 1352 2786 Ecclesiae
1378 2730 1728 2799 Praesulibus,
1757 2731 1843 2786 vel

247 2821 647 2893 cujuscumque
672 2823 951 2895 dignitatis
979 2830 1251 2896 potestate
1287 2823 1551 2897 praeditis,
1582 2824 1683 2879 sub
1711 2839 1844 2879 ana-

250 2913 510 2971 thematis
544 2915 954 2988 interpositione
980 2934 993 2971 :
1024 2916 1116 2988 qui
1142 2917 1571 2989 praesumpserit,
1599 2930 1842 2989 prasen-

247 3004 318 3062 tis
360 3006 655 3066 constituti
694 3025 727 3065 a
768 3010 924 3066 nobis
974 3009 1202 3083 praefato
1248 3009 1578 3069 Monasterio
1624 3010 1839 3080 indulti,

246 3098 494 3169 quolibet
524 3100 690 3158 modo
716 3101 956 3160 existere
982 3111 1296 3172 temerator,
1323 3111 1433 3160 etc.

866 3216 1235 3383 Pritigigiunt.

313 3399 343 3441 1³
367 3401 651 3469 Quoniam
677 3417 912 3476 semper,
949 3412 1007 3458 ut
1026 3420 1187 3477 supra
1225 3418 1389 3478 usque
1427 3401 1500 3459 ad
1526 3402 1639 3460 luto
1664 3402 1842 3473 verba,

238 3493 493 3551 existere
525 3504 841 3553 temerator.

307 3588 645 3647 Statuentes
682 3592 901 3662 insuper
918 3590 1229 3665 Apostolica
1257 3606 1511 3659 censura,
1543 3591 1646 3648 sub
1676 3590 1845 3649 divini

231 3677 441 3756 judicii
489 3686 876 3754 obtestatione,
941 3696 995 3743 et
1034 3688 1227 3744 validis
1277 3696 1441 3757 atque
1487 3687 1848 3743 atrocioribus

232 3775 629 3832 anathematis
667 3776 1154 3847 interdictionibus,
1181 3789 1243 3834 ut
1272 3793 1449 3849 neque
1484 3779 1626 3834 ullus
1655 3777 1859 3836 Sacer-

235 3868 336 3925 dos
367 3883 629 3940 unquam
661 3879 977 3941 praasumat,
1022 3870 1110 3928 vel
1142 3864 1410 3943 quispiam
1450 3871 1610 3939 alius,
1638 3886 1759 3943 qua:
1792 3872 1849 3929 in

235 3959 439 4015 eodem
491 3966 689 4014 sancto
722 3958 843 4016 loco
874 3959 1068 4032 largita
1102 3969 1266 4033 atque
1289 3962 1469 4018 oblata
1514 3971 1659 4029 sunt,
1703 3971 1759 4019 et
1790 3963 1847 4020 in

237 4049 606 4118 postmodum
646 4049 759 4107 illic
811 4056 1069 4109 conceséa
1122 4052 1346 4121 fuerint,
1388 4053 1689 4122 vindicare,
1751 4054 1848 4110 sed

238 4143 404 4199 firma
435 4143 765 4210 stabilitate,
787 4143 927 4216 juris
946 4146 1116 4217 ipsius
1138 4147 1347 4218 praelati
1383 4146 1698 4205 Monasterii
1725 4148 1845 4205 exi-

240 4236 467 4303 stenda,
517 4242 686 4306 atque
732 4237 789 4291 in
828 4245 1088 4308 perpetuo
1123 4240 1492 4309 permanenda
1534 4240 1843 4294 statuimus.

241 4320 353 4381 Nec
381 4325 621 4382 licentia
651 4324 744 4393 sit,
784 4333 842 4380 ut
876 4326 1078 4382 dictum
1103 4336 1209 4393 est,
1232 4343 1300 4382 ex
1330 4325 1450 4396 ejus
1475 4327 1564 4382 vel
1596 4328 1851 4382 omnibus

241 4414 423 4473 eidem
474 4416 817 4474 Monasterio
861 4418 1282 4488 pertinentibus,
1333 4418 1583 4488 cuiquam
1640 4433 1851 4491 magnae

311 4560 344 4627 ἦ
365 4548 804 4627 Quoniametc.
825 4552 1121 4627 zacharias
1138 4552 1282 4627 Papa
1304 4554 1405 4611 hac
1433 4554 1664 4611 formula
1684 4556 1849 4627 privi-

241 4618 448 4691 legium
516 4622 807 4679 Bonifacio
856 4624 1128 4680 fundatori

243 4693 531 4748 concessit
572 4710 719 4749 anno
741 4695 960 4751 circiter
990 4695 1112 4750 750.

271 4832 280 4840 _
314 4764 343 4803 b
368 4762 960 4840 Quoniamhetcrﬂac
1000 4766 1254 4840 formula,
1287 4767 1534 4840 pluribus
1560 4768 1850 4840 interpola-

245 4833 511 4919 pansus
550 4844 639 4919 est
685 4833 991 4919 Stephanus
1028 4837 1093 4903 ll,
1124 4833 1266 4919 anno
1288 4833 1417 4919 '757_,
1449 4855 1572 4919 cum
1611 4833 1845 4919 Fulr_a_do

240 4903 451 4979 Abbati
475 4904 542 4960 S.
572 4903 816 4979 Dionysii
841 4907 1075 4979 diploma
1098 4910 1338 4965 mitteret
1362 4903 1430 4965 de
1459 4910 1707 4966 libertate
1735 4912 1846 4966 Mo«

242 4976 654 5056 nasterioruin,
679 4976 800 5056 qua:
820 4976 911 5033 vel
930 4980 1064 5049 ipse,
1090 4979 1174 5035 vel
1197 4996 1543 5037 successores
1566 4996 1663 5054 per
1675 4981 1847 5036 Fran-

244 5048 389 5099 ciam
416 5048 708 5104 condituri
740 5057 942 5105 essent.

316 5116 646 5194 ¢__lfompis.
686 5120 797 5194 Leo
823 5121 913 5185 ιχ,
953 5122 1239 5180 undecimo
1264 5123 1462 5180 saaculo
1494 5122 1718 5194 epistola
1754 5123 1845 5188 ll,

243 5186 686 5268 ad.Episcopum
711 5191 1109 5268 Salernitanum
1141 5212 1153 5249 :
1185 5213 1211 5268 c_
1234 5194 1435 5268 Siquis
1456 5186 1636 5250 autem
1657 5186 1849 5251 contra

243 5256 411 5327 hujus
438 5256 657 5338 nostra:
700 5264 1097 5338 praeceptionis
1132 5256 1477 5338 privilegium
1515 5281 1675 5338 agere
1705 5282 1848 5338 pra:-

242 5331 1189 5415 sumpserit,aut—praesumentibus
1215 5331 1576 5415 consenserit,
1610 5331 1851 5415 autlfau:

243 5408 333 5473 tor
369 5406 660 5473 extiterit,
703 5416 834 5472 etc.,
885 5406 1023 5461 sciat
1078 5422 1138 5462 se
1187 5409 1476 5463 autoritate
1527 5408 1671 5463 beati
1702 5408 1851 5464 Petri

241 5471 666 5550 Apostolorum
679 5471 968 5550 Principis,
990 5477 1246 5550 caelorum
1273 5480 1423 5549 regni
1446 5479 1720 5550 clavigeri,
1760 5494 1856 5533 no-

243 5552 484 5620 stroque
519 5548 887 5604 anathematis
911 5548 1127 5605 vinculo
1159 5548 1496 5615 innodatum,
1527 5548 1648 5605 et'a
1688 5564 1854 5620 regno

245 5613 347 5691 Ι)ᾳί
370 5613 709 5691 alienatum,
742 5628 902 5689 atque
923 5636 1047 5676 cum
1081 5620 1328 5685 Diabolo,
1355 5629 1411 5674 et
1438 5613 1555 5691 ejus
1580 5613 1857 5675 atrocissi-

245 5687 625 5762 misPompis
647 5687 1113 5762 transgressorum
1143 5687 1482 5746 Sanctorum'
1509 5690 1730 5746 Patrum
1762 5708 1853 5748 ca-

245 5761 458 5834 nonica
488 5761 791 5834 traditione
817 5761 1156 5834 deputatum,
1187 5771 1295 5819 etc.
1326 5783 1346 5817 ι

316 5830 585 5907 Joannes
608 5832 747 5907 vui,
796 5830 1223 5907 anteducentos
1269 5848 1441 5890 annos
1474 5834 1527 5907 in
1571 5835 1853 5907 privilegio

244 5905 592 5967 lonasterii
607 5903 982 5963 Tornutiensis
1001 5920 1102 5977 pro
1116 5906 1334 5981 Pompis
1356 5903 1590 5980 Angelos
1610 5903 1849 5964 dixerat:

674 5998 951 6069 Ρηιοι..
984 5996 1125 6086 ονη

1870 3272 1916 3338 C

1939 1992 2023 2033 na:
2060 1978 2335 2049 particeps
2368 1977 2506 2035 efﬁci
2534 1985 2833 2034 mereatur.

2376 2091 3078 2258 Privilegimftndlonauerii.

2010 2298 2246 2356 Credita:
2302 2299 2691 2370 speculationis
2758 2300 3085 2372 impellimur
3144 2317 3307 2359 cura.
3360 2314 3523 2377 atque

1939 2394 2106 2451 etiam
2147 2393 2343 2449 ardore
2372 2394 2683 2450 christiana:
2726 2395 3023 2467 religionis,
3052 2406 3108 2453 et
3149 2400 3327 2455 studio
3354 2400 3524 2458 divini

1941 2483 2118 2540 cultus
2137 2486 2511 2555 promovendi,
2542 2500 2642 2555 pro
2673 2489 3065 2544 venerabilium
3088 2490 3333 2547 locorum
3360 2504 3526 2564 atque

1942 2572 2056 2629 Deo
2084 2574 2457 2639 servientium,
2498 2576 2737 2647 cogitare
2764 2577 3081 2645 stabilitate,
3114 2589 3176 2634 ut
3205 2581 3309 2636 hoc
3331 2599 3526 2653 prove-

1941 2666 2124 2723 niente
2139 2668 2229 2738 pio
2249 2666 2435 2724 labore
2456 2676 2513 2726 et
2538 2669 2734 2725 animae
2755 2669 2971 2727 Christo
3005 2673 3215 2740 dicatae,
3246 2690 3367 2745 qua:
3388 2692 3447 2733 se
3469 2678 3527 2734 in

1942 2759 2051 2815 illis
2097 2760 2288 2817 diebus
2338 2761 2461 2815 vitae
2515 2775 2727 2828 earum,
2784 2763 3083 2820 servituras
3143 2766 3528 2837 decreverunt,

1941 2859 2293 2925 perseverent
2340 2851 2779 2923 imperturbata,
2823 2854 2978 2926 12],
3012 2870 3223 2913 necnon
3268 2859 3359 2914 illa
3402 2875 3522 2915 ma-

1942 2944 2245 3014 neantgfine
2276 2952 2429 3000 tenus
2456 2944 2636 3012 firma,
2659 2960 2781 3017 quae
2802 2960 2836 3001 a
2864 2948 3178 3005 christianis
3207 2948 3265 3006 in
3289 2949 3386 3006 Dei
3406 2950 3523 3006 lau-

1940 3038 2065 3096 dem
2092 3045 2406 3095 constructa
2433 3046 2580 3095 sunt.

2015 3132 2153 3201 Quia
2177 3131 2343 3204 igitur
2373 3131 2765 3190 monasterium
2807 3134 2981 3191 sancti
3028 3135 3230 3193 Christi
3270 3138 3527 3209 martyris

1943 3228 1972 3270 ει
1999 3227 2281 3300 Stephani,
2311 3227 2455 3298 quod
2497 3226 2644 3283 intra
2678 3228 2878 3284 atrium
2921 3228 3066 3284 beati
3090 3230 3337 3301 Apostoli
3373 3230 3529 3285 Pauli

1945 3322 2231 3380 fundatum
2256 3328 2360 3387 est,
2386 3320 2608 3378 omnino
2629 3331 2867 3388 constat,
2898 3321 3013 3394 jam
3041 3322 3224 3393 elapso
3257 3331 3525 3393 tempore,

1944 3415 2364 3488 congregatione
2389 3430 2672 3471 servorum
2708 3422 2802 3469 aut
2846 3414 3164 3471 ancillarum
3215 3415 3331 3482 Dei,
3360 3416 3532 3470 nuda-

1945 3520 2065 3567 tum
2090 3518 2146 3565 et
2170 3507 2468 3573 solitudini,
2514 3506 2661 3562 nullo
2699 3505 2997 3577 Praeposito
3050 3508 3106 3561 in
3138 3521 3204 3562 eo
3231 3515 3325 3561 aut
3344 3522 3532 3560 mona-

1946 3604 2066 3661 chis
2112 3601 2505 3666 habitantibus,
2538 3599 2834 3654 traditum:
2870 3598 3103 3670 permoti
3127 3598 3353 3668 proinde
3383 3612 3535 3652 com-

1947 3692 2204 3765 passione
2234 3689 2369 3744 tanti
2417 3687 2637 3759 piaculi,
2665 3702 2729 3743 ac
2754 3687 3018 3759 compulsi
3073 3687 3278 3753 dolore,
3312 3695 3530 3757 aposto-

1949 3781 2056 3838 lica
2103 3779 2395 3836 autoritate
2420 3818 2437 3845 ,
2490 3776 2826 3848 providimus
2881 3776 3214 3832 monasterio
3250 3776 3347 3832 tibi
3385 3791 3536 3833 com-

1950 3873 2119 3930 misso
2156 3873 2301 3929 idem
2347 3869 2735 3927 monasterium
2767 3868 3000 3935 sociare,
3034 3876 3301 3939 quatenus
3336 3885 3367 3924 a
3388 3884 3531 3939 prse-

1950 3965 2093 4022 senti
2115 3963 2194 4020 lll.
2228 3962 2525 4019 indictione
2549 3969 2712 4033 atque
2734 3961 2789 4017 in
2813 3967 3158 4033 perpetuum,
3183 3969 3293 4015 ate
3320 3962 3535 4032 tuisque

1949 4056 2376 4123 successoribus,
2415 4070 2538 4112 cum
2569 4054 2673 4111 sibi
2727 4054 2978 4110 omnibus
3014 4050 3439 4121 subjacentibus,
3477 4053 3534 4109 in

1950 4151 2164 4221 integro
2218 4148 2559 4220 disponatur,
2597 4156 2762 4217 atque
2788 4162 2914 4203 cum
2944 4146 3041 4203 Dei
3069 4149 3264 4203 timore
3289 4155 3533 4216 regatur,

1950 4252 2014 4299 ut
2052 4250 2237 4298 vestro
2272 4239 2623 4309 conjunctum
2647 4240 2910 4294 subsistat
2952 4240 3287 4295 monasterio
3318 4257 3331 4293 :
3363 4238 3437 4291 ita
3475 4247 3538 4292 ut

1948 4337 2010 4391 in
2040 4334 2232 4390 eodem
2254 4332 2554 4388 venerabili
2580 4331 2701 4385 loco
2721 4330 2950 4385 Domino
3000 4330 3113 4385 Deo
3133 4338 3322 4385 nostro
3350 4327 3536 4383 laudes

1951 4425 2231 4484 exsolvere
2265 4423 2528 4490 debeatis,
2576 4422 2779 4479 nullam
2800 4436 2897 4479 vos
2933 4421 3198 4479 rationem
3227 4422 3424 4478 exinde
3448 4421 3536 4478 vel

1954 4574 2106 4617 more
2144 4559 2441 4631 Scriptura:
2473 4576 2487 4612 :
2519 4555 2661 4631 Cumg
2684 4556 2906 4613 Diabolo
2934 4566 2983 4613 et
3015 4556 3227 4629 Angelis
3266 4558 3382 4628 ejus
3423 4575 3537 4629 per-

1242 4627 1505 4683 onasterii
1559 4626 1847 4685 Fuldensis
1871 4626 1925 4689 D
1948 4642 2104 4705 petua
2142 4626 2383 4686 incendio
2414 4628 2773 4705 cremandum.

2024 4703 2081 4758 Si
2118 4710 2396 4774 pateretur
2435 4701 2538 4774 hic
2566 4699 2715 4755 locus
2750 4700 3126 4774 reconditioris
3147 4699 3407 4774 doctrina:
3436 4700 3537 4774 ali-

1950 4774 2081 4846 quid
2110 4771 2470 4846 comminisci,
2491 4771 2761 4846 diceretur
2783 4771 2967 4846 forsan
2991 4771 3325 4846 emendanda
3346 4772 3530 4846 lectio,

1949 4841 2342 4918 legendumque
2363 4842 2644 4918 Pompceis.
2676 4842 2815 4918 sunt
2840 4841 3251 4918 enim__Pompaei
3274 4843 3534 4918 deducto-

1952 4910 2042 4972 res
2058 4910 2363 4970 animorum
2386 4913 2455 4968 ad
2483 4910 2703 4983 inferos,
2725 4910 2931 4983 fuitque
2949 4911 3080 4966 olim
3100 4910 3368 4983 πόμπαῐος
3392 4912 3533 4967 Mer-

1951 4987 2091 5044 curii
2129 5000 2428 5056 cognomen
2468 4982 2609 5052 apud
2656 4981 2977 5056 Sophoclem
3016 4984 3069 5037 in
3109 4981 3317 5056 Ajace:
3350 4998 3535 5056 quam.

1952 5072 2116 5141 quam
2147 5050 2370 5141 retineri
2385 5050 2566 5141 potest
2591 5069 2696 5141 vox
2723 5050 2958 5141 Pompis,
2988 5065 3050 5141 ut
3075 5050 3341 5141 signiticet
3366 5050 3535 5141 satel-

1948 5121 2096 5193 lites,
2147 5135 2203 5182 et
2238 5135 2299 5181 ut
2348 5121 2589 5194 loquitur
2637 5121 2938 5196 Scriptura,
2988 5121 3198 5180 Diaboli
3246 5121 3529 5191 Angelos:

1949 5214 2077 5255 nam
2099 5197 2315 5267 Pompa:
2343 5197 2575 5267 nomine
2596 5196 2978 5252 intellexerunt
3009 5203 3242 5257 veteres,
3275 5208 3381 5246 non
3412 5206 3536 5259 spe-

1951 5269 2162 5327 ctacula
2211 5266 2438 5333 tantum,
2487 5266 2583 5322 sed
2610 5277 2666 5323 et
2708 5269 2998 5333 stipatores
3027 5274 3207 5333 atque
3233 5269 3536 5333 gestatores

1952 5339 2330 5412 spectabilium
2385 5352 2568 5393 rerum
2611 5356 2625 5393 :

1950 5427 2215 5484 ροηιριεηι-

2026 5476 2383 5550 δ’διεριιαηὶ.
2449 5480 2562 5537 Leo
2626 5481 2719 5546 IV,
2768 5479 2860 5550 qui
2915 5482 3140 5550 creatus
3179 5484 3264 5532 est
3287 5476 3535 5550 pontifex

1956 5570 2086 5610 ann.
2146 5546 2271 5621 847,
2322 5554 2618 5624 collapsum
2673 5552 2732 5607 S.
2786 5546 3052 5624 Stephani
3108 5546 3536 5618 Protomartyris

1956 5626 2347 5682 monasterium
2386 5620 2689 5697 restituisse
2730 5620 2988 5697 scribitur
3015 5639 3027 5676 :
3057 5635 3397 5697 verum_cum
3427 5632 3537 5697 mo:

1957 5700 2254 5753 nasterium
2288 5697 2417 5751 illud
2464 5696 2701 5750 vicinum
2750 5690 2986 5747 basilica:
3044 5693 3218 5749 sancti
3252 5689 3535 5745 Laurentii

1956 5769 2123 5825 fuisse
2154 5769 2402 5831 dicatur;
2433 5766 2575 5819 istud
2600 5778 2749 5828 vero,
2774 5764 2841 5818 de
2894 5778 3001 5833 quo
3022 5765 3111 5820 hic
3147 5763 3345 5833 agitur,
3392 5760 3536 5813 intra

1957 5842 2130 5899 sancti
2158 5839 2311 5895 Pauli
2345 5837 2559 5903 atrium,
2595 5848 2819 5894 necesse
2843 5844 3007 5892 estut
3035 5836 3110 5891 sit
3131 5834 3424 5902 diversum.

2987 5991 3030 6055 lt»

2680 5330 2822 5395 unde
2872 5337 3063 5394 Cicero
3102 5330 3257 5387 dixit
3289 5330 3535 5388 lictorum
