4062 6430
514 413 635 481 107.

1882 389 2082 469 LIBER
2120 393 2427 470 bIUli'N‘Us

3649 355 3766 482 me,

513 519 1001 606 eipertinentibus,
1029 522 1135 587 nisi
1171 515 1272 587 soli
1298 522 1445 596 Deo,
1474 520 1702 595 solvere,
1755 523 1862 585 hac
1894 533 2080 582 nostra
2107 523 2161 594 Α
2189 513 2343 592 123
2374 515 2546 589 gloria
2575 503 2690 588 ejus
2727 505 2920 604 divinae
2973 501 3292 599 maiestatis,
3349 493 3753 606 venerabilibus

515 625 803 684 autoritate
847 623 1178 680 statuimus:
1223 621 1428 677 fabrica
1477 615 1656 676 autem
1709 635 1801 675 seu
1850 617 2082 673 lumina-

513 713 744 777 riorum'
779 711 1118 774 concinnatio
1163 713 1549 782 indifferenter,
1597 715 1748 769 vobis
1774 713 1892 768 sine
1920 712 2083 768 dubio

513 810 950 883 procurantibus,
982 807 1263 862 efiiciatur.
1305 798 1311 803 ’
2061 812 2069 820 ·

583 899 738 958 Nulla
761 900 984 970 proinde
1028 900 1081 954 in
1113 893 1450 952 exsolvendis
1489 893 1598 950 Deo
1626 893 1896 957 laudibus,
1922 890 2005 946 vel
2027 891 2084 945 in

512 984 818 1054 luminariis
845 989 1230 1048 concinnandis
1252 1003 1401 1041 mora
1431 985 1711 1054 proveniat
1737 1003 1748 1036 :
1779 983 1872 1038 sed
1893 981 2084 1037 devota

513 1086 826 1144 sinceritate
873 1097 1130 1152 peragere
1177 1079 1449 1142 festinate,
1508 1092 1570 1131 ac
1615 1091 1682 1130 ne
1713 1090 1811 1145 per
1854 1073 2084 1127 incautae

511 1165 732 1232 desidia:
757 1171 969 1243 culpam
997 1169 1186 1240 judicii
1231 1185 1327 1223 vos
1360 1165 1526 1221 futuri
1555 1175 1730 1220 metus
1783 1161 2079 1226 concutiat,

510 1269 691 1339 potius
742 1264 1022 1320 elaborare
1050 1262 1279 1326 studete,
1328 1265 1388 1313 ut
1413 1257 1592 1313 divina
1627 1256 1870 1326 placetur
1903 1260 2084 1307 vestro

511 1369 707 1417 conatu
747 1351 1057 1423 'clementia,
1094 1356 1372 1428 possitque
1418 1368 1638 1408 manere
1702 1353 1826 1415 hoc,
1875 1345 2017 1434 quod
2053 1361 2085 1402 a

513 1453 668 1509 nobis
698 1451 840 1522 iusta
895 1449 1280 1506 deliberatione
1334 1447 1612 1502 decretum
1639 1451 1741 1512 est,
1777 1437 1974 1497 futuris
2002 1439 2084 1496 in-

512 1544 765 1601 convulse
787 1542 1163 1614 perpetuisque
1190 1538 1539 1611 temporibus.

1108 1633 1468 1773 Priviggium.

583 1798 951 1870 Spiritualium
977 1795 1324 1866 prmmiorum
1347 1791 1776 1847 munificentiam
1815 1785 2082 1861 religiosis

2183 629 2282 668 nos
2311 621 2518 667 certum
2548 618 2632 665 est
2664 600 2955 665 contulisse
2979 607 3141 673 locis,
3175 597 3243 664 sit
3280 593 3631 675 acceptabile,
3657 595 3763 660 ηοξ

2182 702 2373 771 bisque
2396 703 2463 756 ab
2491 700 2608 769 ejus
2629 690 3049 770 locupletissima
3080 699 3243 752 manu
3269 696 3427 768 digna
3449 687 3754 764 bujusmodi

2181 794 2256 864 pii
2292 793 2476 864 operis
2525 793 2582 848 in
2609 792 2835 848 sidereis
2867 781 3183 846 conferatur
3235 788 3452 844 arcibus
3504 803 3755 844 remune-

2185 885 2341 940 ratio.

2251 973 2419 1044 igitur
2448 965 2576 1045 quia
2610 971 2846 1045 petiistis
2869 969 2900 1028 a
2935 969 3116 1038 nobis,
3145 969 3411 1041 quatenus
3455 966 3651 1026 fundos
3673 972 3752 1026 Ill.

2185 1070 2347 1132 atque
2399 1061 2478 1118 lll.
2531 1064 2664 1120 sitos
2699 1063 2754 1119 in
2796 1063 2917 1118 Ιοὸο
2948 1059 3030 1117 Ill.
3066 1070 3170 1117 tua:
3207 1051 3549 1136 religiositati
3577 1062 3645 1117 ad
3679 1071 3760 1117 te-

2187 1156 2444 1222 nendum,
2472 1156 2670 1211 emiSsa
2698 1156 3083 1226 praeceptione,
3133 1155 3201 1210 im
3214 1161 3541 1226 perpetuum
3567 1169 3761 1211 conce-

2186 1246 2313 1301 dere
2340 1248 2658 1302 deberemus
2687 1265 2698 1301 :
2733 1248 2808 1302 ita
2841 1246 2969 1301 sane
3006 1246 3065 1300 ut
3093 1262 3124 1300 a
3152 1245 3324 1311 vobis,
3350 1253 3455 1300 etc.

2257 1335 2565 1392 Statueutes
2603 1336 2897 1406 apostolica
2948 1333 3178 1392 censura
3210 1377 3226 1402 ,
3283 1335 3575 1390 autoritate
3614 1334 3761 1391 beati

2187 1427 2551 1499 apostolorum
2602 1427 2887 1498 prinéipis,
2921 1428 3020 1482 'sub
3077 1426 3244 1483 divini
3299 1423 3490 1495 judicii
3525 1421 3784 1483 obtesta-‘

2185 1519 2333 1574 tione
2383 1517 2437 1574 et
2489 1519 2847 1574 anathematis
2904 1509 3210 1585 interdicto,
3271 1527 3331 1574 ut
3362 1519 3492 1573 nulli
3523 1535 3792 1596 unquam.

2093 1612 2096 1616 ί
2189 1621 2501 1667 nostrorum
2539 1627 2914 1666 successorum
2944 1609 3278 1680 pontificum,
3304 1607 3386 1664 vel
3417 1607 3509 1664 alii
3543 1609 3788 1675 cuilibet.

2185 1717 2394 1773 magum
2415 1710 2702 1772 parvaeque
2745 1705 3012 1772 personae,
3061 1701 3178 1769 ipsa
3229 1694 3794 1770 przenominataloca,

2187 1809 2217 1848 a
2253 1802 2521 1864 potestate
2582 1800 2638 1848 et
2690 1792 2894 1847 ditione
2934 1789 3045 1859 jam
3081 1788 3296 1860 praefati
3326 1788 3646 1846 monasterii
3671 1805 3769 1844 au-

509 1865 643 1945 viris
673 1865 1173 1956 castamquevitam
1195 1883 1528 1950 degentibus,
1552 1896 1675 1936 cum
1698 1879 1862 1935 mittit
1882 1896 2084 1950 prazsu-
2110 1865 2159 1941 Β
2186 1882 2330 1940 ferre
2356 1884 2440 1939 vel
2469 1883 2708 1939 alienare
2751 1882 2824 1938 sit
2852 1882 3082 1948 licitum,
3110 1881 3205 1938 sed
3231 1881 3411 1954 potius
3456 1881 3513 1936 in
3541 1879 3765 1953 proprio

510 1980 640 2033 laris
665 1977 822 2047 122
857 1975 1120 2030 autoritas
1141 1970 1434 2026 adfutura:
1457 1986 1679 2040 prorsus
1699 1969 2086 2025 vicissitudinis

512 2073 787 2128 cumulum
837 2067 1143 2140 proficiens,
1171 2064 1426 2120 laudabili
1453 2064 1652 2134 poterit
1675 2062 1816 2133 apud
1841 2061 2084 2127 omnium

511 2167 844 2223 conditorem
902 2161 1254 2220 mercimonio
1293 2168 1550 2216 aaternam
1593 2159 1845 2216 obtinere
1880 2173 2085 2214 memo—

512 2260 669 2314 riam.

591 2348 729 2403 Hinc
765 2347 988 2418 proinde
1019 2352 1223 2402 certam
1268 2343 1530 2401 habentes
1572 2341 1948 2400 sollicitudinis
1978 2349 2086 2398 tua

510 2440 777 2510 religiosas
825 2438 1206 2504 constantiam,
1254 2437 1360 2506 piis
1409 2450 1621 2505 semper
1672 2435 1870 2491 studiis
1917 2435 2087 2490 iubat-

510 2533 702 2596 reutis,
741 2538 796 2586 et
826 2529 1008 2584 sobria
1061 2527 1477 2582 conversatione
1535 2525 1808 2595 pollentis,
1858 2523 2108 2595 praefata.

507 2620 837 2676 venerabilia
891 2619 1008 2674 loca
1062 2618 1142 2672 lll.
1181 2617 1464 2672 beatorum
1514 2616 1593 2672 Ill.
1633 2616 1808 2688 posita
1858 2616 1914 2670 in
1967 2615 2086 2672 loco

509 2712 588 2768 Ill.
619 2712 788 2786 nimia
841 2714 1082 2782 egestate
1129 2709 1286 2779 obrui
1335 2717 1570 2779 reperta,
1625 2708 2118 2780 pratdecessorum_

508 2805 722 2861 incuria
751 2844 766 2868 ,
807 2803 907 2858 tibi
957 2818 1056 2873 per
1109 2801 1296 2873 hujus
1334 2809 1533 2856 nostrae
1563 2799 1939 2871 praeceptionis
1991 2813 2089 2870 pa-

507 2897 689 2969 ginam
737 2893 988 2949 omnibus
1022 2891 1211 2947 diebus
1258 2879 1384 2946 vitae
1429 2898 1555 2957 tuae,
1605 2890 1673 2944 ad
1704 2889 1997 2960 regendum
2022 2901 2088 2943 ac

509 2987 928 3056 dispensandum
951 2984 1364 3050 committimus,
1397 2990 1504 3038 tuas
1527 2981 1864 3053 religiositati
1886 2988 1942 3036 et
1963 2995 2088 3036 suc-

511 3079 821 3136 cessoribus
879 3080 986 3133 tuis
1037 3078 1094 3132 in
1125 3085 1447 3148 perpetuum
1507 3077 1770 3132 donantes
1811 3082 2085 3131 monaste-

513 3171 656 3226 rium
679 3169 758 3225 lll.
795 3154 956 3224 situm
988 3169 1040 3223 in
1086 3167 1202 3224 loco
1233 3168 1313 3223 Ill.
1366 3185 1488 3224 cum
1515 3184 1623 3239 quo
1658 3168 1862 3240 pariter
1895 3183 2088 3225 conso-

2189 1991 2286 2033 suo
2310 1975 2628 2032 consistant.
3688 2019 3692 2024 ,

2259 2067 2453 2137 Siqua
2503 2076 2682 2122 autem
2717 2066 3010 2122 temerario
3061 2081 3196 2121 ausu
3249 2073 3415 2138 parva
3461 2060 3798 2139 magnaque.

2187 2160 2418 2236 persona
2443 2172 2634 2218 contra
2669 2162 2773 2218 hoc
2821 2169 3070 2218 nostrum
3101 2162 3454 2233 apostolicum
3490 2163 3768 2218 decretum

2189 2267 2348 2325 agere
2383 2253 2811 2324 prasumpserit,
2868 2253 3006 2308 sciat
3042 2267 3102 2308 se
3152 2250 3509 2308 anathematis
3553 2243 3803 2317 vinculo'

2189 2360 2310 2402 esse
2361 2346 2697 2414 innodatam,
2750 2353 2858 2402 eta
2905 2349 3074 2419 regno
3121 2343 3217 2402 Dei
3271 2345 3521 2412 alienam,
3561 2352 3617 2400 et
3641 2337 3801 2416 cum;

2189 2441 2439 2497 omnibus
2488 2440 2668 2511 impiis
2696 2448 2900 2497 aat'erno
2963 2439 3207 2496 incendic
3238 2450 3293 2496 et
3341 2439 3604 2511 supplicio
3634 2455 3771 2495 con-

2190 2536 2499 2592 demnatam
2529 2553 2543 2590 :
2577 2543 2634 2590 at
2676 2549 2807 2590 vero
2838 2534 2930 2605 qui
2955 2535 3276 2591 observator
3323 2532 3595 2589 exstiterit
3624 2547 3771 2602 prae-

2190 2627 2351 2697 cepti,
2424 2629 2653 2699 gratiam
2731 2635 2896 2698 atque
2971 2626 3422 2694 misericordiam,
3491 2627 3802 2697 vitamque-

2190 2727 2449 2773 :eternam
2482 2731 2515 2774 a
2556 2717 3068 2776 misericordissima
3115 2715 3227 2774 Deo
3275 2713 3467 2779 nostro
3507 2705 3772 2789 consequi
3803 2701 3808 2706 ’

2189 2813 2486 2864 mereatur.

2941 2877 3030 2934 Vl.

2804 2969 3166 3027 Prlviteaiu‘m.

2804 2989 3166 3044 rumtegtum.

2264 3075 2289 3104 ι
2307 3062 2571 3120 Convenit
2587 3063 2882 3134 apobtolieo
2901 3062 3254 3120 ‘modera‘mini
3275 3062 3367 3136 pia
3385 3055 3645 3136 religione
3666 3061 3777 3134 pb-

2192 3156 2466 3212 scentibus
2519 3156 2779 3213 benevola
2819 3157 3190 3226 compastione
3224 3173 3558 3224 succurrere,
3585 3165 3640 3213 et
3666 3171 3774 3228 po-

511 3262 722 3318 ciantes
764 3261 814 3317 ei
838 3268 893 3316 et
943 3260 1086 3315 dicto
1112 3259 1190 3313 lll.
1228 3260 1320 3329 qui
1353 3261 1572 3330 ponitur
1599 3261 1655 3315 in
1702 3259 1822 3315 loco
1847 3260 2085 3328 mcum
2113 3273 2160 3339 ο
2189 3250 2459 3306 Scentium
2498 3250 2695 3304 animis
2717 3249 2884 3304 alacri
2930 3249 3216 3306 devotione
3267 3250 3530 3323 impertiri
3581 3265 3779 3305 assen-

509 3354 759 3410 omnibus
809 3351 874 3407 ad
901 3351 1091 3407 eadem
1133 3351 1464 3408 venerabilia
1517 3351 1635 3407 loca
1689 3352 2087 3422 pertinentibus

509 3449 737 3505 urbanis
769 3447 855 3504 vel
886 3448 1104 3503 rusticis
1152 3447 1370 3519 praediis
1410 3447 1465 3501 in
1492 3447 1760 3520 integrum
1782 3465 1804 3518 .z
1843 3463 1906 3503 ea
1931 3463 2087 3520 pror-

509 3554 601 3594 sus
633 3535 861 3603 ratione,
895 3544 954 3591 ut
977 3552 1217 3603 omnem,
1245 3551 1350 3607 qua
1383 3536 1628 3608 indigent
1648 3536 1894 3608 praefata,
1925 3537 2091 3594 fabri-

511 3645 631 3704 cam
659 3643 722 3684 ac
761 3628 1234 3694 restaurationem,
1297 3642 1391 3682 seu
1417 3627 1842 3701 luminariorum,
1869 3630 2090 3686 concin-

511 3721 807 3787 nationem,
839 3721 986 3776 omni
1005 3722 1244 3793 seposito
1264 3722 1531 3793 neglectu,
1561 3723 1826 3794 perficere
1849 3724 2089 3794 studeas,

510 3825 568 3870 ut
600 3817 715 3872 huic
756 3817 1045 3888 perficiens
1098 3816 1247 3871 nullo
1297 3815 1457 3872 modo
1482 3833 1513 3871 a
1539 3817 1794 3887 quopiam
1823 3817 1972 3888 ejici,
1996 3827 2092 3874 aut

512 3915 736 3969 alienari
769 3914 1000 3969 dubites.
1038 3912 1153 3968 lmo
1181 3912 1358 3982 magis
1381 3912 1626 3966 omnium
1655 3912 1972 3975 eorumdem
1997 3926 2092 3966 ve-

513 4008 838 4064 nerabilium
886 4007 1151 4073 locorum,
1186 4014 1246 4060 ut
1289 4005 1573 4075 praefatum
1600 4012 1701 4070 est,
1742 4013 2091 4075 augmentum

513 4112 568 4159 et
591 4103 995 4174 compendium,
1041 4100 1305 4157 fabricam
1355 4116 1421 4155 ac
1451 4101 1882 4156 meliorationem
1928 4099 2092 4171 perfi-

513 4209 638 4251 cere
663 4195 896 4257 studeas,
927 4194 1027 4248 sub
1053 4193 1250 4248 divinze
1297 4191 1676 4250 retributionis
1712 4191 1931 4246 intuitu.
1984 4191 2093 4252 Nos

514 4293 694 4340 autem
722 4284 974 4338 omnibus
998 4285 1221 4340 omnino
1274 4285 1569 4341 indicimus
1613 4283 1816 4341 nostris
1856 4284 2092 4356 posteris

515 4391 579 4431 ac
607 4375 1018 4430 successoribus
1052 4374 1210 4444 hujus
1252 4377 1357 4448 piae
1406 4376 1776 4446 dispositionis
1805 4391 2092 4433 censuram

517 4468 622 4522 fine
653 4475 809 4523 tenus
844 4466 1157 4522 inviolatam
1185 4483 1429 4522 servare.

1111 4555 1472 4698 Privilggjium.

586 4715 721 4775 Cum
755 4732 948 4789 magna
984 4717 1139 4773 nobis
1190 4715 1551 4772 sollicitudine
1577 4716 1796 4774 insistat
1827 4733 1960 4774 cura
1989 4735 2091 4790 pro

516 4810 782 4866 universis
832 4808 1085 4865 Ecclesii's
1110 4825 1175 4865 ac
1221 4809 1326 4880 piis
1375 4807 1509 4864 locis
1554 4808 1837 4879 vigilandi,
1887 4823 1956 4864 ne
1992 4811 2092 4866 ali-

517 4915 680 4971 quam
737 4897 1373 4968 necessitatisjacturam
1413 4899 1732 4973 sustineant,
1785 4899 1877 4955 sed
1919 4901 2092 4973 magis

520 4991 737 5063 propria
764 4992 1015 5048 utilitatis
1046 4991 1312 5063 stipendia
1351 5001 1753 5062 consequantur
1780 5009 1794 5045 :
1823 4991 1944 5046 ideo
1968 5007 2094 5047 con-

523 5087 670 5142 venit
690 5101 789 5142 nos
807 5085 1064 5156 pastorali
1089 5093 1201 5140 tota
1221 5085 1419 5141 mentis
1441 5085 1751 5155 integritate
1777 5084 2091 5141 eorumdem

519 5177 906 5234 venerabilium
942 5177 1181 5231 locorum
1223 5176 1475 5231 maximat
1505 5175 1816 5232 stabilitatis
1869 5175 2094 5246 integri-

519 5277 687 5324 tatem
711 5281 1025 5339 procurare,
1071 5274 1125 5322 et
1156 5267 1340 5322 sedule
1370 5281 1558 5322 eorum
1589 5267 1884 5322 utilitatum
1915 5263 2110 5320 subsi-'

518 5361 605 5416 dia
644 5359 891 5418 conferre
919 5382 931 5418 :
964 5372 1022 5416 ut
1074 5359 1184 5417 Deo
1227 5369 1415 5416 nostro
1453 5351 1828 5430 omnipotenti,
1869 5358 1922 5413 id
1949 5357 2094 5428 quod

520 5468 619 5524 pro
643 5452 760 5521 ejus
788 5455 1183 5518 sanctimoniis,
1215 5454 1420 5508 honore
1456 5454 1621 5508 etiam
1654 5461 1710 5507 et
1736 5450 1896 5506 laude
1932 5459 2093 5518 atque

595 5603 620 5629 α
680 5591 965 5655 Convenit,
1033 5601 1139 5647 etc.
1214 5591 1490 5662 Agapetus
1540 5588 1796 5662 ll_hujus
1851 5584 2095 5662 formhula:

519 5662 803 5716 exordium
845 5663 1144 5731 usurpavit,
1189 5654 1481 5718 cum-ann.
1531 5659 1634 5731 949
1667 5654 1936 5728 Aymardo
1965 5654 2092 5731 Clu-

524 5732 766 5802 niacensi
799 5726 991 5788 abbati
1027 5733 1364 5802 privilegium
1404 5726 1762 5802 concederet;
1813 5726 2094 5802 usurpavit

524 5749 766 5786 maceusi
799 5749 978 5788 auuau
1066 5749 1364 5802 rivuegium
1404 5749 1762 5786 concederet:
1814 5749 2094 5793 usurpavit

522 5803 686 5859 etiam
713 5801 949 5859 Joannes
969 5749 1102 5868 Xﬁl,
1134 5819 1254 5856 cum
1286 5800 1608 5871 Bereugario
1638 5797 1955 5871 Virdun_ensi
1987 5796 2098 5865 cpi-

520 5884 688 5945 ICOpo
715 5873 978 5931 scriberet
1003 5874 1068 5926 de
1097 5871 1447 5933 monasterio,
1469 5869 1618 5937 quod
1663 5871 1800 5924 idem
1827 5869 2094 5935 Bst-enga-

2191 3356 2312 3398 sum
2339 3359 2353 3396 :
2393 3350 2525 3396 tunc
2545 3340 2692 3397 enim
2715 3340 3057 3415 potissimum
3085 3342 3364 3412 pratulum
3409 3341 3548 3413 apud
3579 3337 3780 3396 eundi-

2189 3440 2365 3487 torem
2391 3431 2632 3486 omnium
2658 3431 2936 3502 reponitur
2962 3430 3153 3498 Deum,
3195 3432 3410 3502 quando
3435 3430 3780 3487 venerabilia

2190 3525 2308 3582 loca
2339 3532 2640 3596 opportune
2685 3523 2934 3580 ordinata
2966 3522 3128 3597 1“
3169 3523 3238 3580 ad
3259 3523 3543 3581 meliorem
3563 3521 3784 3578 fuerint

2193 3613 2314 3670 sine
2341 3613 2506 3670 dubio
2532 3620 2732 3669 statum
2768 3614 3050 3684 perducta.
3337 3628 3340 3674 ξ

2261 3691 2432 3777 Igitur
2479 3704 2608 3777 quia
2665 3705 2901 3777 petiistis
2933 3719 2971 3776 _a
2990 3703 3166 3774 nobis,
3210 3712 3487 3776 quatenus
3539 3701 3778 3758 fundum

2190 3795 2270 3851 lll.
2299 3807 2407 3852 etc.
3827 3845 3829 3848 ,

2266 3879 2578 3943 Statuentes
2603 3889 2745 3944 beati
2785 3879 2934 3943 Petri
2978 3887 3641 3959 principisapostolorum
3667 3901 3776 3942 au-

2193 3979 2434 4043 toritate,
2462 3976 2615 4046 cujus
2650 3993 2750 4033 nos
2795 3978 2899 4033 etsi
2927 3979 3161 4048 impares
3204 3977 3432 4044 meritis,
3464 3975 3649 4032 divina
3680 3985 3778 4032 ta-

2193 4086 2317 4128 men
2345 4071 2516 4143 gratia
2566 4069 2912 4143 suffragante,
2947 4070 3094 4126 vices
3131 4071 3388 4142 gerimus,
3418 4070 3518 4126 sub
3547 4071 3781 4128 anathe-

2192 4168 2356 4221 matis
2410 4163 2789 4220 interdictione
2837 4171 2892 4219 et
2941 4163 3110 4218 divini
3139 4163 3328 4236 judicii
3375 4162 3771 4230 obtestatione,

2192 4261 2310 4318 haec
2349 4275 2468 4330 quae
2491 4275 2522 4314 a
2545 4258 2700 4315 nobis
2735 4258 3126 4330 compassiouis
3152 4258 3310 4314 modo
3346 4258 3574 4318 decreta
3617 4264 3772 4322 sunt,

2193 4350 2501 4423 quempiam
2529 4349 2584 4403 in
2609 4346 2881 4419 quoquam
2909 4349 3232 4424 convellere,
3261 4347 3355 4405 sed
3391 4348 3574 4419 potius
3609 4346 3769 4401 firma
3825 4379 3831 4390 ρ

2193 4439 2484 4519 stabilitate
2511 4439 2826 4495 iuconvulsa
2864 4441 3140 4512 perpetuis
3189 4455 3512 4510 permanere
3561 4447 3770 4509 tempo-

2192 4535 2344 4591 ribus
2372 4525 2677 4587 definimus.

2926 4611 3033 4681 ΥΠ.

2798 4713 3158 4786 Prim'legt'um.

2263 4805 2438 4865 Tanto
2477 4805 2598 4878 plus
2629 4793 3012 4862 coelesiasticae
3057 4821 3145 4862 res
3197 4805 3527 4876 proteusiori
3583 4798 3764 4860 incre-

2195 4913 2376 4958 mento
2400 4901 2709 4975 proficiunt,
2746 4909 3010 4973 quantum
3059 4916 3122 4954 ex
3150 4899 3251 4965 eis,
3290 4899 3470 4954 studio
3521 4897 3764 4968 pietatis,

2195 4994 2474 5064 egentibus
2524 4993 2728 5064 aliquid
2759 4993 2945 5057 fuerit,
2989 4990 3073 5046 vel
3119 4987 3335 5045 Christo
3381 4987 3764 5052 servientibus,

2196 5097 2288 5142 aut
2343 5086 2478 5141 locis
2526 5077 2928 5140 venerabilibus
2971 5081 3388 5137 commodatum.
3443 5075 3594 5136 Unde
3621 5079 3770 5134 enim

2194 5176 2419 5243 credita,
2443 5175 2739 5230 miserante
2761 5173 2894 5238 Deo,
2934 5169 3290 5242 suscepimus,
3324 5171 3524 5242 optima
3555 5167 3767 5236 dispen-

2195 5267 2405 5323 satione
2428 5266 2544 5337 ejus
2578 5265 2828 5337 potentia:
2854 5264 3066 5320 restitui
3098 5279 3204 5319 non
3249 5262 3579 5326 dubitamus,
3603 5268 3768 5328 atque

2144 5431 2149 5437 ἡ
2193 5373 2294 5414 nos
2346 5358 2620 5425 ﬁduciam,
2697 5358 2766 5415 de
2817 5357 3112 5415 obtinendo
3145 5357 3368 5429 praemio
3418 5353 3628 5421 futuro,
3687 5361 3766 5406 tc-
3815 5421 3824 5427 κ

2194 5464 2406 5506 nemus.

2197 5583 2311 5637 rius
2339 5582 2394 5634 in
2422 5594 2520 5636 suo
2543 5579 2815 5650 episcopio
2859 5587 3260 5645 construxerat,
3317 5575 3612 5650 privilegiis
3639 5585 3765 5650 apo-

2196 5652 2404 5708 stolicis
2459 5643 2828 5734 confirmando
2853 5669 2867 5705 :
2896 5651 3184 5734 usurpavit
3232 5643 3462 5733 denique
3511 5643 3759 5734 Leodllg,

2195 5739 2328 5848 funi.
2365 5737 2504 5846 εἶιηο
2542 5721 2677 5778 1049
2728 5721 2936 5794 Hugoni
2981 5721 3321 5778 Cluniacensi
3369 5721 3768 5775 immunitatem

2217 5808 2395 5864 argire
2421 5808 2505 5847 ur.
