4062 6446
261 423 373 487 109

1110 431 1551 497 ROMANORUM
1586 430 2029 498 PONTIFIGUM.
2065 457 2139 480 -ι
2169 431 2299 497 LIB.
2340 437 2450 499 VII.

3420 431 3526 496 HO

329 548 500 620 lgltnr
534 545 665 619 Quia
714 548 951 621 petiistis
995 563 1026 605 a
1071 553 1254 622 nobis,
1303 555 1576 627 quatenus
1610 553 1838 613 fundum
1862 557 1920 620 Α
1938 552 2088 610 tibus
2105 553 2192 611 vel
2216 553 2484 612 universis
2520 551 2626 610 sibi
2653 549 3073 624 pertinentibus,
3100 553 3414 626 apostolicae
3442 569 3526 612 se-

254 641 338 698 Ill.
364 650 472 697 etc.

1885 702 1900 718 ,
1941 647 2026 704 dis
2059 647 2356 720 privilegiis
2394 648 2689 719 poposcitis
2735 647 3061 705 confirmare
3087 647 3395 714 detinenda,
3424 648 3528 704 sic-

331 733 645 790 Statuentes
681 739 1007 808 Quapropter
1039 741 1331 812 apostolica
1371 745 1681 812 autoritate,
1734 748 1804 804 sui

1938 740 2020 794 uti
2063 740 2292 797 inferius
2336 741 2596 812 ascripta,
2664 743 2856 798 eadem
2898 741 3017 797 loca
3064 750 3227 812 atque
3271 755 3526 812 agrorum

254 825 694 884 interminatione
720 828 887 886 futuri
923 831 1133 901 judicii,
1165 835 1296 892 nulli
1326 837 1491 895 licere
1523 847 1804 898 nostrorum

1935 835 2140 905 praedia
2175 834 2454 892 continere
2491 844 2849 904 monstratur,
2876 835 3107 902 scilicet,
3135 842 3244 891 etc.

253 917 653 988 successorum,
679 922 764 978 v‘el
797 924 888 980 alii
914 927 1159 996 cuilibet,
1209 929 1326 986 hmc
1349 948 1471 1003 quas
1494 947 1525 988 a
1553 936 1712 990 nubis
1744 936 1831 1012 ip—

250 1010 494 1066 tention'e
531 1012 746 1069 decreta
779 1024 906 1070 sunt
928 1018 1040 1087 pla,
1093 1020 1148 1074 in
1173 1030 1448 1092 quoquam
1499 1010 1827 1095 convellere,

246 1102 433 1172 potius
477 1103 631 1159 firma
679 1103 975 1164 stabilitate
1010 1111 1327 1169 inconvulsa
1386 1124 1628 1185 manere,
1667 1125 1832 1189 atque

2439 1058 2444 1062 -
2531 927 2894 1091 Privilxegium.

2005 1108 2273 1167 ConVenit
2293 1112 2595 1182 apostolico
2624 1112 3006 1181 moderamini,
3037 1111 3126 1184 pia
3151 1113 3410 1186 religione
3428 1129 3522 1186 po-

245 1195 352 1250 sub
385 1197 748 1256 anathematis
798 1201 1012 1262 vinculo
1049 1208 1326 1278 perpetuis
1357 1211 1695 1282 temporibus
1730 1213 1828 1270 ob-
1934 1205 2245 1274 scentibus.
2279 1207 2544 1264 benevola
2571 1210 2949 1280 conpassione
2982 1224 3325 1276 succurrere.
3351 1218 3409 1264 et
3432 1225 3544 1280 90--

246 1289 515 1346 servanda
542 1291 847 1351 deﬁnimus.

1003 1387 1135 1443 VIII.

849 1475 1213 1550 Privile'gium.

314 1556 505 1615 Divina
527 1573 628 1620 nos
673 1577 738 1621 ac
768 1565 1126 1625 saluberrima
1184 1577 1477 1645 praecepta,
1520 1583 1576 1634 et
1601 1590 1819 1638 sancto-

236 1664 364 1706 rum
397 1651 679 1712 Canonum
713 1675 779 1714 ac
827 1664 1217 1720 venerabilium
1272 1667 1496 1726 Patrum
1545 1672 1823 1732 instruunt

235 1742 533 1802 ellicaciter
583 1748 932 1820 documenta,
993 1758 1236 1814 omnium
1285 1763 1645 1820 ecclesiarum
1697 1766 1819 1834 Dei,

233 1833 324 1904 pio
352 1837 802 1897 considerationis
851 1844 1073 1913 intuitu,
1102 1849 1214 1905 imo
1251 1860 1306 1907 et
1331 1855 1611 1924 apostolici
1638 1833 1820 1916 mode?

1931 1297 2198 1354 scentium
2243 1299 2442 1356 animis
2487 1301 2656 1356 alacri
2706 1301 2990 1358 devotione
3024 1301 3304 1375 impertire
3331 1313 3518 1356 asseno

1930 1403 2093 1444 sum:
2151 1406 2218 1445 ex
2249 1391 2354 1446 hoc
2404 1391 2551 1446 enim
2587 1392 2729 1447 lucri
2765 1394 3114 1463 potissimum
3164 1395 3448 1466 praemium
3487 1409 3518 1451 a

1929 1480 2212 1537 conditore
2240 1485 2485 1538 omnium
2535 1483 2645 1540 Deo
2669 1485 2863 1556 procul
2898 1481 3062 1542 dubio
3111 1503 3516 1557 promeremur,

1930 1573 2058 1629 dum
2095 1575 2425 1634 venerabilia
2459 1576 2577 1636 loca
2614 1588 2918 1651 opportune
2950 1583 3199 1640 ordinata
3235 1583 3304 1638 ad
3328 1583 3515 1639 melio-

1925 1678 2043 1719 rem
2075 1666 2282 1723 fuerint
2304 1669 2422 1724 sine
2451 1670 2617 1726 dubio
2645 1679 2848 1728 statum
2873 1673 3160 1744 perducta.

1997 1755 2171 1825 Igitur
2219 1759 2346 1828 quia
2401 1762 2606 1830 petiisti
2634 1779 2666 1817 a
2695 1765 2877 1832 nobis,
2930 1773 3202 1836 quatenus
3235 1776 3517 1824 monaste-

1928 1848 2072 1904 rium
2127 1850 2314 1908 Sancti
2361 1853 2441 1909 Ill.
2495 1858 2734 1926 positum
2764 1859 2965 1914 inloco
2995 1860 3076 1914 Ill.
3119 1859 3263 1930 juris
3307 1873 3511 1919 sancta:

234 1925 464 1980 raminis
529 1931 750 1998 annisu,
805 1934 1101 1994 utilitatum
1135 1944 1598 2013 commoditatem,
1654 1958 1821 2020 atque
1851 1927 1900 1987 B
1927 1931 2205 2010 Romanae.
2253 1945 2340 1998 cui
2369 1985 2385 2011 ο
2427 1946 2537 2002 Βθο
2570 1956 2781 2015 autore,
2848 1948 3190 2005 ἀθεεηίηιιιε
3234 1949 3512 2019 Eulalia!»

233 2014 516 2073 firmitatis
566 2021 831 2089 perficere
884 2028 1040 2099 125
1094 2031 1484 2104 integritatem,
1551 2014 1820 2109 quatenus

227 2117 524 2178 procurata
549 2127 736 2168 earum
761 2116 1058 2175 utilitatum
1080 2123 1322 2180 subsidia
1349 2128 1609 2198 existunt,
1634 2131 1819 2189 incon-

229 2212 388 2253 cussa
418 2215 795 2274 permaneant,
825 2216 987 2280 atque
1024 2227 1271 2282 personae
1313 2217 1500 2274 divino
1528 2221 1696 2278 cultui
1728 2224 1817 2280 de-

228 2290 424 2385 dicata:
454 2294 508 2350 in
534 2295 784 2356 laudibus
819 2303 916 2360 Dei
961 2306 1267 2367 diutissime
1313 2315 1691 2385 persolvendis
1721 2327 1816 2377 va-

224 2380 378 2441 leant
400 2387 685 2457 proficere.

297 2475 437 2533 Nam
494 2481 737 2552 proftacto
792 2485 937 2544 inter
987 2499 1189 2549 caetera
1239 2497 1529 2565 pastoralis
1555 2503 1810 2574 Congrum

219 2571 559 2639 operationis
601 2579 924 2648 certamina,
953 2597 1075 2653 quae
1123 2585 1502 2648 indeficienter
1528 2571 1812 2656 studemus

220 2676 543 2732 procurare,
592 2668 696 2726 hoc
731 2673 922 2741 procul
959 2675 1122 2732 dubio
1152 2683 1443 2740 commissa
1500 2689 1808 2750 sollicitudo

221 2766 326 2809 nos
356 2769 634 2826 provocat,
660 2761 750 2832 pia
776 2765 1231 2840 consideratione,
1255 2777 1488 2846 sancire,
1520 2789 1580 2835 ut
1601 2783 1808 2839 nullam

223 2845 536 2918 indigentiae
567 2853 828 2926 inopiam,
875 2875 1211 2935 quaecunque
1258 2869 1506 2938 ecclesia,
1548 2889 1669 2944 quae
1699 2878 1801 2934 sub

222 2940 517 3012 episcopali
579 2946 840 3018 regimine
897 2954 1193 3011 constituta
1248 2967 1354 3028 est,
1414 2940 1804 3035 quoquomodo

219 3034 432 3127 perpeti
463 3036 678 3127 debeat.
715 3041 781 3096 Et
814 3043 934 3101 ideo
959 3047 1054 3118 ‘fas
1090 3053 1257 3124 exigit
1297 3034 1674 3127 aequanimiter
1703 3078 1806 3120 nos

219 3122 648 3199 uniuscujusque
674 3133 918 3192 ecclesia:
942 3122 1240 3214 privilegia,
1269 3147 1502 3220 juraque
1522 3156 1804 3222 parochia-

220 3227 367 3282 rum,
411 3233 476 3274 ac
512 3220 842 3294 dimceseon,
897 3239 953 3285 et
986 3234 1441 3297 monasteriorum
1499 3220 1798 3317 apostolica

1925 2035 2023 2091 tibi
2052 2035 2119 2089 ad
2142 2039 2457 2107 regendum,
2484 2057 2548 2097 ac
2569 2049 2693 2098 cum
2719 2040 2816 2098 Dei
2842 2043 3041 2100 timore
3059 2043 3511 2116 dispensandum,

1922 2129 2122 2185 emissa
2160 2135 2546 2204 praeceptione,
2599 2139 2899 2193 concedere
2951 2139 3276 2196 deberemus
3306 2159 3319 2196 :
3356 2141 3512 2198 incli-

1919 2221 2035 2276 nati
2065 2225 2320 2292 precibus
2342 2227 2473 2294 tuis,
2506 2242 2602 2299 per
2626 2229 2788 2298 hujus
2816 2232 3075 2302 praecepti
3097 2233 3315 2299 seriem,
3341 2248 3508 2304 supra

1919 2313 2183 2384 scriptum
2213 2321 2609 2377 monasterium
2641 2323 2914 2394 integrum
2943 2339 3070 2380 cum
3093 2326 3348 2383 omnibus
3375 2341 3506 2398 per-

1919 2394 2239 2478 tinentibus,
2269 2427 2299 2467 a
2320 2415 2576 2483 praesenti
2623 2414 2704 2469 ιιι.
2737 2416 3055 2486 indictione,
3091 2425 3147 2474 et
3168 2418 3360 2487 donec,
3376 2394 3509 2476 Deo

1909 2496 2160 2567 jubente,
2211 2503 2504 2573 advixeris,
2539 2506 2638 2562 tibi
2665 2507 3036 2574 concedimus,
3074 2524 3199 2565 cum
3225 2509 3321 2566 Dei
3351 2511 3507 2568 timo-

1917 2604 1979 2646 re
2010 2593 2309 2664 regeudum
2359 2603 2522 2666 atque
2583 2597 3048 2667 dispensandum:
3105 2613 3170 2655 ea
3222 2599 3507 2657 dumtaxat

1918 2682 2153 2749 ratione,
2180 2692 2240 2738 ut
2277 2700 2465 2742 servos
2494 2687 2591 2744 Dei
2621 2690 2938 2758 monachos,
2969 2693 3060 2763 qui
3091 2692 3147 2747 in
3170 2693 3361 2748 eodem
3393 2709 3505 2749 mo-

1915 2775 2162 2831 nasterio
2185 2783 2334 2844 sunt,
2367 2778 2454 2834 vel
2478 2771 2616 2850 quos
2642 2796 2943 2854 aggregare
2971 2784 3235 2854 potueris,
3273 2787 3376 2842 sub
3411 2801 3504 2842 ca-

1915 2868 2100 2924 stitate
2127 2876 2182 2925 et
2236 2873 2525 2941 modestia,
2577 2875 2677 2931 sub
2728 2877 2961 2948 regulari
2992 2886 3156 2950 atque
3182 2880 3502 2937 monachica

1913 2958 2217 3029 disciplina,
2247 2971 2306 3018 ut
2347 2964 2761 3036 paterfamilias,
2799 2968 2984 3026 foVeas
3019 2979 3074 3026 et
3098 2973 3390 3042 gubernes,
3422 2975 3500 3028 ita

1910 3059 1971 3106 ut
2005 3054 2336 3125 quotidianis
2367 3059 2556 3115 diebus
2587 3075 2652 3116 ac
2689 3063 2942 3119 noctibus
2965 3063 3123 3137 juges
3172 3065 3284 3121 Deo
3306 3065 3503 3130 laudes,

1910 3158 2108 3200 canere
2141 3147 2412 3203 debeant:
2451 3159 2508 3206 et
2541 3158 2603 3206 ut
2657 3151 3072 3210 luminariorum
3125 3156 3498 3212 concinnatio—

1909 3251 2036 3291 nem
2083 3245 2248 3309 atque
2298 3243 2752 3299 restaurationem
2790 3261 3005 3302 omnem
3035 3248 3155 3305 sine
3193 3259 3344 3305 mora
3369 3263 3497 3322 pro—

1577 3298 1798 3306 ------._
2158 3298 2176 3309 .
2609 3298 2612 3299 ν
3036 3298 3153 3305 --_-
3193 3298 3467 3322 _---_,--

216 3321 450 3364 censura
499 3316 845 3388 promulgare
894 3326 1240 3399 possidenda,
1271 3341 1334 3389 ιιι
1363 3351 1428 3391 εχ
1457 3298 1563 3393 ho;
1593 3348 1648 3396 ει
1675 3357 1800 3398 san-
1831 3298 1876 3361 Ο
1910 3343 2089 3385 cures.
2137 3330 2282 3386 Loca
2315 3334 2481 3389 etiam
2530 3337 2848 3392 monasterii
2907 3339 3118 3394 urbana
3147 3339 3231 3396 vel
3262 3341 3490 3413 rustica,

273 3676 477 3749 Igitur,
507 3691 614 3738 etc.

1001 3783 1092 3840 IX.

826 3869 1189 3947 Privilegium.

277 3948 417 4005 Cum
442 3949 548 4021 piat
595 3953 924 4014 desiderium
954 3963 1270 4034 voluntatis,
1324 3976 1381 4026 et
1427 3971 1696 4033 laudanda
1722 3980 1791 4036 de

203 4040 366 4099 bonis
388 4045 615 4102 intentio
641 4052 951 4119 apostolicis
971 4056 1042 4111 sit
1066 4072 1282 4130 semper
1308 4064 1503 4121 studiis
1527 4064 1789 4139 adjuvan-

205 4135 300 4202 da,
333 4151 462 4193 cura
487 4147 571 4196 est
597 4142 974 4204 sollicitudinis
1020 4151 1348 4223 adhibenda,
1375 4166 1436 4212 ut
1465 4175 1532 4214 ea
1561 4135 1683 4231 quae
1710 4164 1788 4218 le-

205 4227 406 4298 galiter
449 4242 730 4302 geruntur,
771 4245 826 4290 et
866 4241 1137 4309 aequitatis
1190 4243 1380 4304 formae
1433 4227 1782 4321 conveniunt,

203 4319 353 4375 nulla
379 4322 589 4379 valeant
612 4325 974 4400 refragatione
998 4335 1331 4403 perturbari,
1373 4341 1468 4394 sed
1493 4319 1786 4415 irrefragae

199 4409 301 4464 bili
345 4409 488 4480 jure,
537 4415 649 4470 Deo
700 4426 921 4486 autore,
972 4420 1204 4479 debeant
1232 4442 1594 4496 permanere:
1629 4409 1784 4491 et-ob

1907 3420 1954 3476 si
1981 3420 2208 3476 forsitan
2235 3425 2304 3479 ab
2338 3425 2610 3495 aliquibus
2661 3427 2841 3484 ablata
2870 3430 2955 3484 vel
2988 3445 3245 3502 perversa
3295 3447 3494 3504 cogno-

1904 3515 2076 3582 veris,
2105 3504 2223 3572 haec
2251 3527 2345 3573 tuo
2389 3520 2569 3575 studio
2607 3521 2717 3591 juri
2757 3513 2916 3595 127
2948 3526 3278 3582 venerabilis
3302 3534 3493 3583 mona-

1903 3605 2060 3661 sterii
2089 3606 2336 3664 elabores
2379 3611 2674 3668 reducere:
2708 3623 2770 3670 ut
2800 3615 2958 3684 juxta
2997 3617 3143 3688 quod
3180 3634 3212 3673 a
3246 3618 3405 3675 nobis
3432 3633 3493 3677 es

1902 3696 2211 3765 institutus,
2240 3700 2295 3753 in
2350 3701 2606 3760 omnibus
2661 3715 2717 3761 et
2743 3713 2875 3779 erga
2903 3721 3117 3776 omnes,
3169 3707 3490 3768 sollicitudi-

1902 3803 2030 3844 nem
2064 3789 2138 3860 pii
2186 3792 2348 3847 studii
2388 3807 2603 3865 gerens,
2634 3799 2811 3870 possis
2836 3815 2866 3854 a
2894 3799 3006 3856 Deo
3059 3803 3367 3859 mercedem
3395 3820 3488 3860 su-

1898 3879 2132 3949 scipere,
2161 3889 2323 3952 atque
2353 3883 2407 3940 id
2430 3889 2574 3956 quod
2603 3905 2634 3944 a
2658 3890 2814 3948 nobis
2836 3892 3112 3950 decretum
3137 3903 3237 3959 est,
3271 3899 3483 3954 cunctis

1897 3971 2090 4030 diebus
2118 3974 2244 4030 vita:
2281 3984 2387 4033 tum
2455 3979 2778 4040 inconcussa
2822 3983 3080 4044 firmitate
3132 3985 3315 4044 valeat
3347 3991 3484 4049 sub:

1895 4065 2114 4123 sistere.

2647 4167 2740 4224 XI.

2491 4255 2836 4329 Pritrt'legium
2847 4300 2860 4315 .

1963 4337 2193 4410 Semper
2215 4339 2483 4414 religiosis
2511 4357 2828 4420 castamque
2868 4351 3036 4408 vitam
3070 4354 3380 4424 viventibus
3405 4360 3481 4420 li-

1889 4429 2084 4488 benter
2119 4433 2172 4488 in
2222 4436 2327 4504 his,
2362 4453 2482 4509 qua:
2528 4443 2823 4512 postulant,
2854 4451 3144 4509 annuimus
3173 4472 3186 4509 :
3244 4457 3477 4534 ideoque

199 4504 310 4560 hoc
361 4507 671 4576 apostolicis
717 4513 1075 4586 promulgatis
1123 4519 1512 4589 sanctionibus,
1560 4525 1780 4597 prOpria
1887 4531 2103 4594 petente
2129 4534 2183 4582 te
2210 4543 2240 4583 a
2275 4504 2450 4599 nobis,
2488 4504 2614 4589 cum
2654 4543 2742 4594 tua
2794 4545 3232 4616 congregatione,
3272 4504 3467 4611 monia-

194 4597 514 4667 unicuique,
545 4615 665 4671 qua;
688 4612 999 4675 suppetunt,
1042 4609 1267 4666 rationis
1311 4610 1394 4668 fas
1423 4614 1611 4687 exigit,
1642 4633 1772 4688 pos-
1807 4657 1861 4718 D
1888 4615 2115 4670 sterium
2146 4619 2291 4674 beati
2322 4621 2404 4676 Ill.
2431 4597 2573 4691 juris
2599 4635 2801 4684 sancta:
2837 4597 3040 4688 ιιοέιῶ
3071 4597 3325 4698 Ecclesiae
3341 4660 3469 4703 con-

194 4689 419 4718 ρῖΑΔ-ιιιι
445 4691 754 4718 ,ιιι-Ω-...-..ε
785 4709 806 4718 -
1941 4710 1951 4718 .
2165 4713 2176 4718 -
2252 4715 2265 4718 -
2378 4715 2407 4718 _

188 4689 422 4744 summa
443 4691 757 4750 conﬁrmari
782 4709 831 4751 ⁸ο
1807 4689 1861 4718 υ
1886 4710 2132 4769 stitutum
2163 4713 2217 4768 in
2251 4715 2351 4771 hac
2378 4715 2622 4776 Romana
2646 4723 2885 4793 civitate,
2920 4729 3143 4799 regione
3167 4732 3248 4789 Ill.
3276 4749 3466 4810 quate-

266 4777 336 4810 ις’.
365 4779 486 4810 :AM
535 4784 788 4810 -......:......
830 4795 1038 4810 ...ι--.-ι
1107 4791 1329 4810 ---μιιη
1348 4793 1409 4810 ,εγ
1637 4805 1647 4810 -
2027 4803 2059 4810 .-
2084 4805 2094 4810 -
2118 4804 2132 4810 -

263 4777 338 4833 Et
364 4779 503 4844 ideo,
534 4784 791 4852 quoniam
827 4795 1060 4856 constat,
1102 4791 1480 4849 excellentiam
1534 4805 1774 4855 vestram
1884 4819 1988 4858 nus
2026 4803 2224 4860 ibidem
2277 4821 2707 4884 commanentes,
2739 4825 2795 4872 et
2822 4777 3028 4890 jugiteor
3066 4825 3172 4895 piis
3209 4777 3467 4899 operibus

185 4870 429 4942 plurima
456 4878 785 4932 monasteria
818 4887 927 4934 tam
973 4885 1370 4951 construxisse,
1399 4903 1562 4957 quam
1589 4894 1776 4961 acqui-
1883 4902 2162 4962 vacantes,
2193 4900 2431 4968 quotidie
2454 4903 2564 4960 Deo
2589 4870 2777 4965 laudes
2803 4870 3099 4976 decantare,
3123 4870 3388 4987 debeatis.

2209 4963 2226 4968 “
2728 4963 2771 4965 V‘
2808 4963 3094 4976 “""""‘V
3123 4963 3388 4987 υνυυαιιδ.

187 4963 404 5028 siviss'e,
437 4973 493 5020 et
529 4978 724 5026 cuncta
770 4971 825 5027 in
852 4975 1056 5031 honore
1086 4984 1142 5032 et
1166 4980 1384 5035 nomine
1408 4979 1637 5040 fautoris
1678 5001 1774 5041 ve-
1954 4986 2034 5044 Ob
2065 4991 2188 5060 hoc,
2229 5009 2328 5064 per
2361 4995 2520 5066 hujus
2567 5009 2769 5060 nostra:
2816 5014 3194 5084 praeceptionis
3239 5023 3461 5092 seriem,

187 5053 292 5092 είνὶ
326 5054 466 5092 1169θὶ
497 5056 639 5092 Dni’:
668 5063 1013 5092 mal:ln:nnn
1061 5067 1307 5092 J‘Jin---
1338 5088 1348 5092 -
1389 5073 1574 5092 ---ξι-η-
1615 5083 1653 5092 ι.
1706 5076 1738 5092 ιι
1888 5079 1942 5092 ,οι
1967 5080 1978 5092 ο
2030 5087 2040 5092 -

187 5053 294 5107 stri
325 5054 468 5110 beati
495 5056 642 5114 Petri
668 5063 1014 5120 constituisse
1058 5067 1348 5124 dedicare:
1384 5073 1578 5141 quibus
1604 5083 1658 5130 et
1688 5076 1771 5130 di-
1884 5079 1980 5134 tibi
2027 5053 2247 5152 tumque
2288 5053 2693 5162 congregationi
2724 5053 2900 5168 ipsum
2949 5053 3461 5183 ﬁngam“;

188 5158 350 5183 vortn
379 5161 631 5183 gum-mm
681 5153 881 5183 h-ml':n
916 5172 980 5183 ..ιι
1009 5162 1381 5183 ..-ω----2-μ--
1445 5172 1492 5183 -λ
1542 5165 1568 5183 ιι
1633 5182 1639 5183 ,
1695 5168 1708 5183 ι
2018 5172 2054 5183 ..
2381 5181 2388 5183 Α

188 5158 352 5199 versa
378 5161 633 5217 agrorum
681 5153 882 5223 praedia
916 5172 981 5212 ac
1009 5162 1405 5229 possessiones,
1438 5172 1494 5219 et
1537 5165 1773 5224 famulo-
1878 5172 2124 5229 renniter
2149 5181 2538 5251 concessimus,
2563 5153 2813 5245 videlicet
2833 5202 2893 5248 ut
2917 5211 3197 5269 nunquam
3220 5207 3274 5256 te
3297 5153 3460 5260 [legat

188 5241 313 5269 nam
344 5239 740 5269 mals:o...l:..-...
773 5247 1030 5269 _:.I____:_.:
1069 5261 1181 5269 _-_.
1228 5252 1261 5269 ιο
1489 5266 1494 5269 .
1721 5260 1732 5269 .

186 5241 314 5290 rum
344 5239 743 5300 multitudinem
773 5247 1032 5302 videmini
1061 5252 1396 5310 contulisse:
1444 5266 1564 5326 quae
1587 5260 1771 5315 omnia
1878 5271 2135 5336 tuamque
2185 5239 2659 5345 congregationem
2710 5284 2908 5343 exinde
2945 5239 3148 5361 egredi,
3183 5294 3280 5350 sed
3313 5311 3457 5354 sem-

186 5326 291 5361 ειιιι
343 5334 444 5361 mm
493 5333 822 5361 ηνηιιιιΑ-ιε..
881 5339 1076 5361 Anz---
1135 5343 1217 5361 ..-ι
1361 5344 1371 5356 ο
1453 5347 1492 5359 ..
1557 5357 1566 5361 _
1685 5352 1743 5361 -..
2008 5359 2034 5361 η

185 5326 291 5380 sub
342 5334 444 5384 tua:
491 5333 826 5392 excellentiae
877 5339 1103 5406 ditione,
1134 5343 1220 5397 vel
1253 5344 1499 5420 conjugis
1553 5357 1657 5406 tua:
1684 5352 1766 5407 Ill.
1873 5373 1974 5428 per
2001 5326 2204 5418 ibidem
2642 5326 3280 5455 qui;:‘u‘tvdi:tt:;,
3298 5326 3458 5449 ΕΞ.

185 5418 392 5455 ..ρης-η.
421 5429 470 5455 αι
499 5435 748 5455 .......-.....
794 5437 1095 5455 ..,..._-_-__.
1129 5436 1338 5455 --μμμ
1387 5439 1399 5451 .
1501 5440 1513 5452 .
1874 5451 1924 5455 __
2026 5453 2034 5455 -

185 5418 392 5485 reginae
421 5429 475 5477 et
499 5435 750 5482 natorum
794 5437 1098 5486 vestrorum
1125 5418 1470 5510 genealogire,
1499 5440 1554 5495 in
1579 5457 1772 5512 perpe-

185 5515 343 5558 tuum
370 5515 556 5558 parum
609 5522 938 5558 manucla-uin
990 5531 1044 5558 nl
1073 5541 1322 5558 ...πη-..πη
1371 5534 1742 5558 ..Μηληεημ

2280 5418 2566 5428 ____--_--..--
2595 5418 2606 5428 .
2683 5418 2789 5444 um,
2822 5418 2881 5434 ιη
2916 5418 3122 5438 υιυιυω
3167 5418 3253 5443 cae
3298 5418 3330 5445 ει
3356 5418 3456 5449 uu-

1910 5453 1957 5508 is
1983 5453 2202 5524 pietatis
2236 5459 2432 5519 intuitu
2469 5418 2926 5540 compatientibus
2974 5485 3171 5536 vestrae
3219 5428 3456 5558 peregri-

1985 5515 2001 5524 ¹
2326 5515 2333 5516 ί
2356 5515 2432 5519 ”“-
2474 5515 2587 5522 ⁷⁷⁸⁵⁵
2630 5515 2926 5528 “”“¹ν’⁸*⁸⁸¹“⁵υ
2985 5515 3170 5536 ννυιιιω
3292 5515 3307 5538 ι
3387 5515 3443 5543 ιἰ·

184 5515 344 5564 tuum
370 5515 557 5571 eadem
608 5522 940 5578 monasteria
990 5531 1047 5579 et
1070 5541 1323 5597 agrorum
1371 5534 1764 5602 possessiones,
1869 5546 2098 5614 nationi,
2149 5549 2325 5621 ipsum
2354 5515 2746 5615 monasterium
2780 5561 2934 5621 vobis
2967 5573 3053 5624 est
3098 5515 3443 5634 οοηίζεζεῖιῦηι,

184 5616 310 5634 num
348 5606 510 5634 ’ΔΑ
541 5615 782 5634 -..Α-ειᾼκ,
828 5633 842 5634 γ
866 5618 921 5634 ,c,
943 5618 975 5634 0,
1033 5619 1086 5634 ιιι
1133 5623 1136 5626 ~
1202 5620 1226 5634 ρ
1349 5624 1384 5634 ι.

2085 5606 2095 5614 ,
2168 5606 2186 5621 ι
2295 5606 2325 5608 η
2355 5606 2746 5615 ,-----...,-ν.-...--
2791 5606 2934 5621 νν-ηυ
2967 5606 3053 5624 νοι-
3098 5606 3443 5634 wuucaauut.

179 5616 310 5660 cum
347 5606 510 5682 126
536 5615 788 5672 omnibus
817 5618 1172 5691 originalibus
1196 5620 1416 5681 famulis
1438 5642 1505 5682 ac
1548 5644 1768 5687 manen-
1940 5635 2048 5693 Sed
2078 5639 2218 5697 sicut
2259 5647 2551 5703 statuimus
2597 5647 2692 5703 vos
2718 5651 2917 5712 exinde
2968 5661 3194 5720 minime
3235 5667 3445 5737 egredi,

262 5773 291 5802 ι
324 5761 604 5858 Paschalis
690 5771 758 5858 ad
789 5770 1175 5858 .Petrtmaciu‘m
1225 5777 1600 5858 Ilavennatem
1649 5790 1763 5858 epi-

181 5841 409 5924 scopum
437 5837 611 5920 utitur
649 5849 758 5895 toto
787 5843 887 5897 hoc
917 5848 1136 5924 exordio
1171 5849 1239 5902 ad
1265 5864 1327 5924 ea
1376 5837 1758 5924 usqueivervba,

178 5909 233 5958 et
269 5903 408 5976 ideo,
448 5909 697 5981 quoniam
724 5924 923 5987 ερηείαι
952 5919 1097 5996 {sed
1123 5935 1284 5979 voces
1310 5921 1364 5977 in
1384 5903 1768 6004 adluxerit};

1865 5791 2206 5883 generalium
2221 5803 2372 5883 torno
2400 5795 2508 5883 γει,
2539 5813 2660 5883 pag.
2693 5801 2854 5883 isne,
2888 5807 2961 5866 ita
3010 5813 3269 5869 mutilatas
3292 5826 3444 5883 sunt,

1865 5865 2050 5944 itaque
2083 5874 2355 5944 corruptae
2400 5881 2464 5920 ac
2500 5865 2853 5944 perturbatae,
2901 5891 2959 5936 ut
2991 5865 3450 5942 eihEEeiisIIEél

1852 5940 2056 6012 ‘reant;
2090 5934 2218 6016 hinc
2243 5934 2422 6020 tamen
2437 5934 2728 6024 emendari
2753 5934 3002 6022 possunt.
