4062 6438
525 445 624 512 ιιι

1856 424 2056 484 LIBER
2092 419 2397 482 DIURNUS

3670 412 3774 470 1ίῖ

525 567 601 622 ita
654 563 950 623 firmamus,
1014 562 1176 625 atque
1239 549 1600 613 decernimus,
1630 542 1834 600 nullum
1889 541 2093 596 habere
2119 542 2174 603 Α
2195 532 2515 593 obedientiae
2552 530 2695 587 linea
2728 529 2867 584 bene
2908 526 3207 583 servientes
3248 522 3539 580 exhibeant
3567 533 3774 598 tempo-

527 660 593 714 de
614 656 816 713 nostris
858 648 1260 709 successoribus
1286 643 1582 707 licentiam,
1615 653 1711 694 vos
1736 634 1931 692 exinde
1957 632 2095 702 deji-

2199 627 2352 692 ralia,
2395 632 2451 680 et
2486 624 2555 679 ad
2582 621 2775 694 gaudia
2801 619 3032 675 caelestis
3060 618 3252 689 patriae
3291 618 3612 689 perveniant
3635 632 3777 675 sem-

528 746 705 802 ciendi
732 763 747 811 ;
782 708 877 798 sed
903 754 1115 810 semper
1169 728 1289 792 esse
1338 730 1748 793 monasterium,
1778 726 1833 780 in
1855 738 1964 794 quo
1990 723 2097 777 Do-
2194 720 2425 791 piterna.
2453 716 2520 771 Et
2546 715 2662 770 haec
2690 711 2930 782 quidem,
2962 727 3081 781 quae
3108 710 3177 765 ad
3203 708 3621 766 sollicitudinem
3656 726 3776 781 per-

526 838 676 893 mino
722 842 908 889 nostro
956 830 1085 885 Jesu
1109 827 1325 884 Christo
1374 820 1595 878 humani
1637 815 1851 889 generis
1884 813 2096 867 redem-

526 929 669 1001 ptori
696 926 881 982 laudes
910 925 1197 979 decantare
1256 916 1505 973 omnibus
1534 912 1723 969 diebus
1747 904 2098 979 congregatio

528 1030 708 1079 vestra
734 1022 946 1077 debeat.

581 1116 641 1170 In
663 1129 768 1183 qua
814 1108 1190 1182 praeceptionis
1218 1113 1415 1161 nostrae
1442 1101 1652 1171 piaeque
1700 1094 1896 1151 mentis
1919 1093 2100 1164 dispo-

530 1206 726 1263 sitione
762 1199 1286 1270 subterscripsimus,
1323 1202 1378 1249 et
1403 1191 1500 1247 tibi
1528 1186 1753 1261 proinde
1790 1194 1953 1255 atque
1994 1192 2102 1238 tuae

529 1293 935 1369 congregationi
957 1306 1058 1363 pro
1105 1297 1308 1344 aeterno
1345 1281 1645 1340 munimine
1670 1286 1851 1335 vestro
1877 1273 2104 1331 tradidi-

532 1404 677 1447 mus.

1142 1452 1301 1523 128
1341 1447 1455 1502 XII.

689 1546 1027 1617 Privilegium
1056 1539 1361 1598 monasterii
1405 1541 1463 1590 in
1506 1534 1616 1588 alia
1648 1530 1935 1603 provincia.

603 1662 664 1718 Si
698 1673 913 1730 semper
957 1665 1083 1711 sunt
1132 1648 1500 1714 concedenda,
1523 1660 1644 1716 quae
1671 1643 1777 1714 piis
1816 1638 2103 1696 desideriis

2198 811 2393 875 tinent,
2422 807 2625 864 dixisse
2653 803 2905 861 sufﬁciat.

2265 900 2406 954 Anta
2449 898 2630 963 omnia
2672 911 2803 951 vero
2844 893 3219 964 Redemptoris
3261 893 3433 949 nostri
3462 893 3773 949 misericor-

2199 978 2340 1051 diam
2363 1034 2378 1059 ,
2417 994 2505 1049 cui
2537 991 2942 1064 ingemiscimus
2969 990 3397 1060 redemptionem
3420 997 3665 1045 nostram
3689 1006 3781 1045 ex-

2198 1093 2483 1155 pectantes
2511 1124 2527 1150 ,
2585 1082 2800 1139 enixius
2846 1097 2971 1137 cum
3023 1080 3347 1151 singultibus
3399 1088 3453 1136 et
3495 1082 3783 1151 gemitibus

2199 1181 2582 1243 expectemus,
2633 1181 2694 1226 ut
2738 1186 2802 1226 ea
2853 1186 2971 1241 qua!
3007 1171 3183 1239 pietas
3233 1169 3476 1242 ﬂagitat,
3520 1170 3783 1243 fragilitas

2201 1262 2450 1317 humanae
2500 1260 2827 1317 conditionis
2881 1257 3212 1315 sufficienter
3258 1266 3419 1329 atque
3456 1259 3784 1317 confidenter

2204 1355 2270 1410 de
2295 1354 2376 1410 sui
2406 1353 2612 1410 autoris
2642 1351 3050 1427 suffragatione,
3093 1351 3399 1423 adimpleat.

2406 1537 2739 1609 Praeceptum
2764 1537 2829 1591 de
2864 1465 3197 1591 σοξιΙειέἇεηάο
3226 1532 3588 1591 Xenodochio.

2276 1661 2303 1691 ι
2327 1649 2631 1705 Petentium
2658 1646 2939 1705 desideriis
2978 1646 3053 1700 ita
3087 1660 3185 1701 nos
3214 1646 3466 1702 convenit
3511 1645 3788 1717 impertire

529 1760 856 1826 congruunt,
907 1756 1108 1821 quanto
1141 1747 1320 1817 potius
1350 1758 1415 1799 ea
1462 1755 1582 1812 quae
1606 1754 1705 1810 pro
1732 1736 1900 1793 divini
1929 1734 2106 1790 cultus

2215 1762 2508 1814 assensum,
2554 1753 2614 1801 ut
2641 1754 2822 1800 tamen
2858 1742 3207 1814 sequentibus
3232 1742 3590 1813 temporibus,
3629 1742 3788 1797 nullis

529 1842 888 1918 Ρηετοεειιίνε
919 1845 1242 1910 Poscuntur:
1279 1848 1386 1888 "0“
1411 1837 1538 1886 sum
1584 1827 1730 1883 omni
1756 1824 1916 1918 πιοάρ
1949 1824 2107 1879 abne‘
2132 1907 2178 1918 _‘
2206 1843 2584 1899 Ecclesiastica
2605 1842 2810 1896 utilitas
2836 1839 3013 1894 valeat
3032 1837 3274 1894 submitti
3299 1836 3597 1908 dispendiis
3621 1854 3636 1891 :
3668 1851 3791 1892 nam

531 1907 735 2008 ganda:
762 1941 824 1987 ut
870 1907 990 2001 quae.
1041 1921 1601 1993 suntalargitoribus
1659 1933 1765 1973 non
1813 1914 1985 1971 solum
2010 1928 2106 1985 po-

2215 1945 2341 1991 tunc
2364 1937 2659 2006 petitorum
2700 1932 2993 2005 postulatio
3042 1944 3339 2000 congruum
3379 1907 3595 1983 videtur
3624 1927 3794 1983 susci-

530 2006 754 2091 scenda,
793 2022 889 2079 sed
924 2019 1181 2077 etiamvi
1214 2013 1501 2071 charitatis
1560 2009 1747 2081 procul
1779 2008 1943 2064 dubio
1993 2006 2107 2061 exi-

568 2115 731 2171 enda.

568 2131 731 2171 enua.

533 2131 567 2187 8
609 2204 758 2259 Petis
780 2218 879 2258 nos
904 2201 1089 2271 igitur,
1103 2205 1165 2253 ut
1182 2194 1511 2267 monasterio
1528 2191 1608 2247 lll.
1628 2189 1892 2247 sanctilll.
1919 2189 1973 2243 in
1992 2186 2112 2243 loco

482 2316 495 2319 "
530 2294 614 2351 Ill.
638 2294 959 2358 constituto,
980 2293 1035 2346 in
1063 2305 1169 2361 quo
1188 2298 1424 2358 praeesse
1443 2282 1799 2355 dignosceris,
1826 2276 2112 2349 privilegia

534 2388 679 2445 sedis
712 2384 1036 2457 Apostolicze
1084 2380 1381 2451 largiamur
1410 2396 1423 2431 :
1455 2384 1723 2446 quatenus
1767 2372 1866 2427 sub
1890 2367 2112 2438 jurisdi-

532 2480 713 2536 ctione
741 2485 942 2534 sanctae
973 2482 1192 2540 nostras,
1221 2472 1330 2537 cui,
1377 2470 1489 2524 Deo
1533 2474 1743 2531 autore,
1777 2461 2113 2518 deservimus

531 2573 806 2638 Ecclesiae,
840 2570 1215 2633 constitutum,
1265 2564 1466 2620 nullius
1519 2560 1762 2617 ecclesiae
1784 2554 2115 2627 jurisdictio-

531 2667 694 2723 nibus
724 2658 1098 2721 submittatur.
1494 2646 1507 2663 ⁸

605 2757 710 2812 Pro
738 2771 845 2826 qua
873 2770 933 2809 re
959 2754 1067 2823 piis
1097 2751 1241 2807 votis
1282 2748 1525 2804 faventes
1569 2747 1672 2801 hac
1718 2750 1904 2798 nostra
1959 2748 2114 2794 auto-

536 2851 720 2915 ritate,
752 2848 808 2903 id
832 2847 977 2918 quod
1004 2862 1033 2900 a
1064 2828 1158 2899 tua
1211 2842 1476 2912 religione
1520 2837 1855 2925 exposcitur,
1895 2830 2111 2888 effectui

535 2941 951 3011 mancipamus:
1010 2946 1066 2992 et
1099 2936 1220 2991 ideo
1277 2947 1493 2989 omnem
1540 2924 1823 2997 cujuslibet
1869 2924 2113 2980 ecclesiae

536 3032 878 3088 sacerdotem
932 3030 989 3084 in
1015 3026 1297 3098 praefatum
1336 3022 1727 3079 monasterium
1775 3014 2113 3087 jurisdictio-

535 3142 661 3182 nem
715 3122 1047 3194 quamlibet,
1103 3120 1517 3175 autoritatemve
1566 3112 1861 3170 extendere
1886 3151 1900 3177 ,
1951 3118 2112 3179 atque

536 3233 635 3273 sua
681 3216 998 3279 autoritate,
1037 3212 1143 3268 nisi
1183 3227 1216 3267 a
1260 3209 1555 3280 Praeposito
1593 3203 1911 3261 monasterii
1949 3201 2112 3257 fuerit

537 3308 816 3373 invitatus,
851 3307 1138 3362 missarum
1186 3301 1585 3359 solemnitatem
1613 3296 1909 3363 celebrare,
1939 3293 2113 3350 omni-

537 3399 700 3455 modo
725 3398 1052 3453 inhibemus.

606 3488 763 3545 Curae
816 3503 947 3560 ergo
1002 3497 1106 3543 tua:
1152 3489 1246 3555 sit,
1294 3484 1613 3543 monasterii
1662 3482 1881 3547 fratres,
1933 3480 1987 3536 in
2012 3495 2119 3551 quo

533 3594 730 3650 prices,
786 3580 1023 3652 egregiis
1074 3580 1319 3636 moribus
1367 3593 1432 3634 ac
1485 3577 1597 3632 vita
1654 3571 2118 3645 irreprehensibili

535 3685 824 3737 exornare,
857 3680 917 3725 ut
943 3672 1183 3727 charitas
1208 3679 1323 3736 tua,
1354 3683 1490 3739 quos
1516 3665 1776 3737 subjectis
1803 3662 2118 3735 apostolicis

535 3762 837 3833 privilegiis
897 3762 1093 3817 maluit
1141 3762 1465 3818 inconcusse
1504 3757 1785 3821 dotandos,
1825 3754 2117 3821 desideret,

537 3860 633 3906 aut
668 3853 849 3921 potius
902 3853 1140 3918 anhelet,
1178 3850 1476 3909 inviolabili
1538 3848 1777 3904 caelestis
1832 3846 2119 3902 afﬂuentia:

539 3958 788 4011 munere,
824 3944 1034 4000 diurnis
1083 3952 1284 3999 sanctae
1338 3941 1639 4013 disciplinae
1666 3940 1919 4014 precibus
1954 3941 2117 3996 deco-

541 4039 763 4095 randos.
1892 4066 1897 4067 ί
2021 4035 2041 4062 -'

613 4130 697 4186 Sit
719 4128 963 4201 profecto
1008 4130 1310 4187 communis
1340 4136 1396 4186 et
1423 4130 1640 4187 sincera
1665 4129 1799 4195 vita,
1833 4129 1906 4185 sit
1932 4128 2118 4185 sobria

540 4222 936 4277 communionis
962 4222 1269 4287 sinceritas,
1297 4230 1358 4276 ut
1381 4220 1577 4291 quibus
1607 4219 1838 4276 mundus
1863 4227 1948 4274 est
1974 4233 2121 4273 mor-

542 4320 667 4367 tuus
692 4327 757 4367 ac
811 4312 1075 4382 sepultus,
1135 4328 1233 4384 per
1260 4311 1530 4367 incentiva
1584 4308 1949 4366 contentionis
1987 4307 2121 4361 vitia

540 4403 766 4459 minime
807 4404 1099 4458 suscitetur
1131 4423 1144 4458 :
1179 4403 1305 4474 quia
1362 4404 1635 4459 incassum
1681 4401 1804 4470 quis
1837 4407 1892 4455 et
1915 4397 2119 4452 frustra

540 4492 791 4549 laborare
812 4496 1175 4566 cognoscitur,
1205 4497 1248 4551 si
1295 4497 1565 4567 superbia:
1592 4495 1853 4547 vitiorum
1891 4486 2119 4543 auctrici

2141 3261 2188 3327 C

2209 2043 2339 2100 pere
2376 2026 2657 2091 effectum,
2707 2024 2921 2095 quando
2958 2016 3288 2077 venerabilia
3326 2019 3443 2074 loca
3493 2026 3795 2089 opportune

2211 2118 2483 2184 ordinata,
2513 2116 2580 2171 ad
2603 2114 2880 2172 meliorem
2906 2110 3106 2168 fuerint
3131 2110 3248 2167 sine
3272 2109 3434 2166 dubio
3455 2116 3656 2164 statum
3676 2121 3799 2178 per-

2215 2210 2396 2267 ducta.

2282 2304 2454 2376 Igitur
2502 2299 2629 2371 quia
2665 2297 2866 2369 petiisti
2911 2310 2944 2350 a
2986 2294 3175 2358 nobis,
3237 2299 3506 2362 quatenus
3550 2289 3802 2346 Xenodo-

2216 2395 2416 2460 chium,
2454 2389 2597 2463 quod
2624 2388 2922 2461 appellatur
2948 2386 3029 2443 Ill.
3083 2384 3432 2441 constitutum
3460 2383 3516 2438 in
3556 2380 3801 2436 Romana

2214 2484 2435 2556 regione
2460 2482 2538 2537 lll.
2570 2480 2711 2550 juris
2740 2488 2939 2534 sancta:
2982 2477 3258 2540 Romanas,
3301 2474 3413 2540 cui,
3443 2472 3554 2528 Deo
3583 2479 3799 2536 autore,

2215 2577 2553 2634 deservimus
2583 2572 2855 2638 Ecclesiae,
2886 2570 2981 2626 tibi
3009 2570 3078 2624 ad
3103 2568 3416 2639 regendum,
3444 2566 3640 2622 emissa
3660 2580 3802 2635 prm-

2217 2672 2495 2743 ccptione,
2530 2666 2829 2724 concedere
2875 2663 3234 2718 deberemus:
3282 2656 3523 2712 inclinati
3550 2656 3806 2726 precibus

2216 2762 2346 2827 tuis,
2382 2776 2481 2832 per
2507 2759 2667 2829 hujus
2688 2753 2946 2827 praecepti
2977 2752 3194 2817 seriem,
3223 2763 3382 2819 supra
3414 2747 3680 2818 scriptum
3708 2744 3808 2801 Xe-

2216 2852 2562 2916 nodochium,
2611 2863 2735 2904 cum
2777 2845 3029 2900 omnibus
3059 2842 3109 2898 ei
3142 2839 3558 2912 pertinentibus,
3607 2853 3638 2891 a
3670 2852 3810 2909 prm—

2216 2944 2357 3001 senti
2404 2942 2486 2997 Ill.
2539 2938 2835 2995 indictione
2864 2976 2880 3003 ,
2929 2934 3119 2991 diebus
3165 2932 3290 2987 vita:
3339 2940 3479 2997 tum,
3527 2929 3627 2984 sub
3665 2926 3808 2984 infe-

2218 3039 2332 3094 rius
2389 3034 2625 3105 ascripta
2690 3029 3002 3088 conditione
3069 3025 3417 3084 concedimus
3480 3022 3808 3093 dispensan-

2219 3130 2367 3185 dum.

2236 3246 2247 3259 ο
2293 3219 2451 3291 130
2482 3216 2561 3272 Ea
2594 3228 2818 3288 prorsus
2847 3212 3076 3279 ratione,
3110 3220 3170 3266 ut
3198 3210 3253 3266 in
3284 3209 3473 3266 eodem
3507 3205 3831 3263 venerabili-

2222 3309 2340 3365 loco
2364 3307 2486 3362 lecti
2510 3321 2635 3361 cum
2659 3305 2845 3362 stratis
2872 3304 2985 3359 suis
3008 3312 3100 3357 tuo
3137 3300 3313 3356 studio
3335 3304 3731 3369 praeparentur,
3759 3296 3814 3349 in

2221 3400 2419 3472 quibus
2447 3413 2620 3470 aegros
2645 3412 2859 3468 semper
2893 3394 3158 3465 suscipias
3181 3399 3236 3445 et
3259 3404 3476 3460 egenos,
3504 3388 3698 3457 eisque
3728 3401 3816 3443 cu-

2220 3507 2338 3548 ram
2384 3490 2661 3556 adhibeas,
2697 3498 2751 3544 et
2784 3486 3093 3543 necessaria
3134 3484 3363 3546 tribuas,
3412 3480 3816 3537 confectionem

2220 3583 2469 3640 idoneam
2494 3581 2890 3638 infirmantibus
2910 3588 3075 3649 atque
3104 3574 3467 3647 indigentibus
3504 3585 3687 3626 annue
3734 3569 3817 3624 fa-

2221 3678 2354 3745 cias,
2396 3684 2557 3746 atque
2580 3688 2871 3746 praepares,
2919 3672 3003 3729 vel
3032 3670 3230 3736 omnia,
3262 3682 3381 3738 quae
3410 3664 3811 3721 inﬁrmantium

2220 3769 2533 3827 necessitati
2559 3775 2686 3824 sunt
2712 3767 2901 3823 utilia:
2948 3766 3187 3823 medicos
3221 3760 3589 3823 introducens,
3621 3764 3680 3810 et
3711 3771 3812 3811 cu-

2221 3877 2337 3918 ram
2377 3861 2536 3931 aegris
2572 3859 2910 3928 impendens,
2962 3867 3025 3911 ut
3069 3857 3165 3910 tali
3207 3863 3301 3909 tuo
3336 3851 3516 3906 studio
3559 3847 3816 3903 Christus

2220 3952 2363 4009 Deus
2396 3958 2582 4005 noster
2610 3948 2783 4019 possit
2809 3946 3035 4017 placari,
3066 3954 3225 4012 atque
3252 3954 3491 4010 praesens
3516 3938 3817 4008 praeceptio

2164 4050 2167 4053 ’
2221 4043 2430 4101 cunctis
2455 4042 2643 4096 diebus
2667 4040 2792 4093 vita:
2818 4045 2921 4092 tua:
2951 4043 3166 4090 maneat
3190 4029 3601 4103 imperturbata,
3632 4045 3733 4095 ne,
3767 4030 3816 4083 si

2221 4134 2547 4207 neglexeris,
2573 4132 2813 4186 divinam
2833 4127 3257 4197 indignationem
3281 4125 3551 4189 incurras,
3581 4129 3636 4176 et
3656 4120 3813 4191 justa

2222 4226 2471 4284 mercede
2493 4236 2599 4281 tuae
2630 4219 3051 4294 dispensationis
3078 4217 3379 4274 frustreris.

2936 4332 3076 4387 XIV.

2845 4405 2981 4459 Item
3012 4402 3182 4456 aliud.

2294 4506 2396 4573 Qui
2421 4506 2475 4560 in
2503 4500 2807 4558 commissis
2836 4499 2938 4554 sibi
2970 4498 3131 4552 fidem
3174 4492 3452 4565 propriam
3489 4490 3692 4546 illibate
3714 4506 3815 4546 ex-

543 4586 682 4641 colla
722 4586 1037 4643 submittere
1085 4589 1368 4645 sentiatur.
1429 4589 1513 4643 Sit
1551 4584 1765 4642 excelsa
1804 4584 1857 4636 in
1884 4581 1995 4634 Deo
2019 4579 2197 4675 hu-D
2223 4600 2410 4655 bibere
2456 4595 2732 4658 τρειίηεηι,
2769 4590 3004 4647 maxime
3051 4603 3115 4642 ex
3148 4586 3344 4656 quibus
3371 4597 3665 4654 pauperum
3714 4597 3815 4651 po-

542 4676 767 4743 militas,
796 4678 921 4747 quia
956 4694 1053 4750 per
1076 4680 1217 4736 hanc
1243 4681 1402 4736 electi
1436 4692 1618 4733 arcem
1668 4673 1967 4729 cazlestium
1998 4686 2117 4724 mu-

543 4783 737 4825 nerum
771 4772 1140 4842 possidebunt.

616 4861 702 4917 Sit
728 4864 892 4936 igitur
915 4872 1039 4923 ante
1066 4866 1252 4923 oculos
1278 4863 1476 4919 mentis
1506 4867 1561 4914 et
1604 4856 1847 4925 corporis
1872 4854 2117 4910 traditio-

547 4972 678 5012 num
708 4958 890 5029 regula
934 4968 1303 5028 paternarum,
1345 4962 1404 5008 ut
1442 4949 1813 5018 unusquisque
1859 4946 2120 5001 Praelatus

546 5053 784 5120 noverit,
825 5054 1057 5123 qualiter
1093 5051 1252 5120 129
1289 5050 1484 5102 debeat
1524 5047 1792 5116 imperare
1841 5044 2115 5114 subjectis,

548 5159 619 5199 ne
647 5145 773 5199 dum
809 5161 1024 5215 aspera,
1078 5151 1132 5195 ct
1159 5156 1264 5194 non
1290 5138 1580 5207 unicuique
1630 5138 1784 5193 fratri
1815 5139 2115 5209 aptissima,

547 5236 802 5291 videntur
826 5234 1051 5304 imponi,
1082 5244 1251 5297 usque
1280 5230 1348 5284 ad
1372 5237 1736 5300 contemptum
1764 5236 2121 5301 prorumpant

549 5326 615 5382 de
642 5328 956 5397 imperantis
980 5321 1362 5378 indiscretione
1387 5321 1633 5391 subjecti.

619 5417 703 5474 Sit
729 5420 911 5486 itaque
938 5411 1217 5467 moderata
1236 5412 1515 5474 vivacitas.
1530 5413 1601 5467 sit
1625 5414 2004 5471 sollicitudinis
2031 5429 2120 5468 su-

544 5509 883 5579 pereminens
912 5506 965 5559 in
995 5504 1252 5562 fratribus
1290 5507 1582 5562 Strenuitas
1605 5548 1621 5573 ,
1661 5518 1721 5563 ut
1756 5508 1883 5563 dum
1912 5508 2123 5579 regula-

545 5603 683 5657 riter
709 5614 918 5663 omnes,
958 5600 1049 5669 qui
1076 5616 1133 5656 se
1163 5599 1273 5655 Deo
1310 5600 1656 5671 integerrime
1684 5599 1991 5666 conferunt,
2020 5615 2121 5669 pro

617 5758 988 5846 :Petfntium,
1014 5769 1118 5844 etc.
1151 5761 1432 5846 Tota-bace
1465 5761 1797 5846 praefatioad
1821 5760 1924 5846 ista
1952 5775 2121 5831 usque

548 5827 939 5903 verbm-Igitur
979 5834 1101 5903 quia
1128 5833 1339 5901 petiisti,
1380 5827 1573 5903 legitur
1599 5830 1982 5903 indiplomate,
2014 5827 2120 5900 quo

548 5899 854 5973 Stephanus
896 5902 951 5960 ll
991 5899 1227 5963 Fulrado
1270 5899 1463 5961 Abbati
1503 5899 1776 5972 Hospitale
1804 5909 1859 5958 ct
1902 5899 2121 5960 domum

2226 4699 2327 4745 test
2350 4687 2632 4759 provenire
2656 4683 2977 4747 consultum,
3017 4679 3085 4734 ab
3110 4679 3177 4734 iis
3203 4676 3337 4732 nihil
3382 4674 3526 4730 aliud
3568 4673 3655 4744 agi
3683 4688 3813 4728 cre-

2223 4781 2387 4844 ditur,
2434 4793 2598 4847 quam
2634 4777 2680 4831 si
2708 4776 2773 4831 de
2816 4772 3036 4846 proprio
3077 4769 3358 4843 egentibus
3401 4764 3811 4836 eleemosynam

2222 4871 2623 4928 administrent.

2293 4966 2445 5033 Quod
2483 4966 2610 5036 quia
2656 4964 2733 5017 ita
2771 4976 2890 5018 esse
2931 4975 3039 5015 non
3073 4964 3157 5012 est
3192 4954 3539 5025 ambiguum,
3575 4948 3671 5004 tibi
3721 4948 3808 5004 Ill.

2222 5068 2423 5115 sanctae
2467 5064 2666 5112 nostra:
2698 5053 2953 5109 Ecclesiae
2998 5047 3240 5112 Notario,
3281 5060 3404 5100 cum
3438 5042 3534 5098 Dei
3581 5039 3807 5106 auxilio,

2223 5150 2631 5208 Xenodochium
2660 5146 2740 5200 ΙΙΙ.
2792 5144 3043 5199 omnibus
3073 5139 3261 5194 diebus
3284 5137 3409 5191 vita:
3437 5142 3541 5189 tuae
3568 5130 3810 5203 providi-

2222 5258 2343 5297 mus
2368 5236 2815 5295 committendum
2840 5248 2854 5287 :
2905 5247 2969 5286 ea
2993 5228 3245 5285 videlicet
3273 5227 3499 5291 ratione,
3546 5231 3605 5278 ut
3627 5220 3809 5277 omni-

2221 5332 2456 5405 potentis
2496 5330 2593 5385 Dei
2638 5344 2750 5399 prte
2775 5325 2946 5382 oculis
2995 5323 3201 5378 habens
3229 5319 3514 5390 judicium,
3558 5328 3690 5385 pure
3740 5327 3810 5367 ac

2222 5426 2454 5481 ﬁdeliter
2479 5424 2825 5487 conversaris,
2856 5418 3057 5474 nullius
3094 5414 3396 5478 hominum,
3440 5425 3541 5482 pro
3564 5405 3706 5463 fideli
3748 5412 3809 5459 et

2220 5521 2309 5591 pia
2360 5518 2539 5588 operis
2575 5512 2990 5573 conversatione
3013 5551 3030 5579 ,
3080 5507 3241 5577 hujus
3285 5506 3367 5561 rei
3404 5500 3669 5560 cautelam
3699 5495 3806 5551 ha-

2221 5588 2355 5667 bens
2380 5625 2491 5681 prae
2521 5608 2713 5675 oculis,
2744 5607 2820 5662 ita
2845 5612 2899 5662 te
2929 5604 2986 5660 in
3017 5598 3322 5658 commissis
3344 5594 3586 5666 ejusdem
3623 5588 3809 5645 Xeno-

2222 5771 2410 5827 Romae
2442 5766 2710 5836 concedit,
2762 5778 2906 5823 anno
2955 5761 3077 5828 772,
3124 5756 3317 5816 lndict.
3368 5754 3458 5824 10,
3498 5762 3685 5810 mense
3715 5741 3847 5821 Jaﬁ

2222 5841 2433 5900 nuario.

3563 5911 3584 5939 ιν
