4062 6446
268 805 533 875 opiniones
556 805 767 863 laudem
797 812 1079 893 acquiras,
1110 822 1164 869 et
1189 818 1547 889 omnipotenti
1576 824 1687 879 Deo
1713 827 1832 881 nul-

266 896 329 951 lis
384 896 448 951 de
495 899 764 967 neglectu
790 904 1269 974 reprehensionum
1322 913 1548 971 maculis
1602 918 1831 974 submit-

265 991 408 1048 taris.

325 1081 716 1142 Constituentes
736 1087 986 1146 videlicet
1004 1092 1142 1157 haec,
1170 1108 1289 1162 quae
1308 1110 1339 1149 a
1365 1097 1540 1165 nobis,
1568 1114 1667 1168 per
1692 1117 1830 1172 prae-

260 1172 418 1228 sentis
440 1182 642 1256 nostra:
652 1179 1031 1249 praeceptionis
1053 1182 1419 1251 autoritatem,
1441 1186 1655 1267 decreta
1678 1201 1822 1258 sunt,

257 1270 458 1318 nostros
491 1247 654 1320 etiam
690 1267 744 1321 in
773 1247 956 1325 futuro
993 1266 1335 1330 suecessores
1361 1266 1682 1335 inconcuSsa
1709 1296 1826 1336 mo-

253 1357 329 1414 dis
362 1361 614 1418 omnibus
643 1378 981 1435 conservare.

840 1492 841 1495 ‘
959 1478 1076 1535 XV.

527 1545 679 1615 131
721 1543 1049 1619 Prmcepmm
1078 1550 1143 1606 de
1166 1552 1539 1625 Prtepositatu.

307 1629 577 1698 Quantum
615 1637 774 1693 nobis
799 1637 1039 1696 ﬁdelium
1080 1645 1361 1701 moderata
1401 1647 1683 1705 sinceritas
1708 1691 1724 1716 ,
1764 1659 1821 1709 et

245 1720 675 1790 dispensatorum
706 1728 937 1785 discreta
965 1731 1200 1789 laetiﬁcat
1226 1737 1452 1806 puritas,
1484 1746 1692 1795 tantum
1720 1757 1817 1813 pa-

243 1809 443 1866 storalis
491 1816 846 1883 providentiae
874 1835 1005 1877 cura
1042 1839 1141 1879 nos
1166 1826 1443 1895 sollicitat,
1473 1830 1527 1884 in
1556 1809 1814 1901 subjectis

240 1901 551 1959 meritorum
582 1909 856 1966 cumulare
879 1913 1168 1987 suffragia:
1194 1920 1321 1976 hinc
1346 1923 1488 1978 enim
1514 1932 1569 1980 et
1596 1927 1812 1995 pietatis
1838 1926 1887 1987 B

238 1987 516 2061 integritas
554 2001 928 2067 compendium
965 2007 1226 2075 sustinet,
1276 2018 1332 2065 et
1360 1987 1667 2083 Apostolica
1710 2017 1808 2075 Dei

290 2264 503 2323 Idcirco
526 2272 693 2330 certis
728 2277 978 2350 verisque
1005 2280 1221 2341 indiciis
1248 2290 1459 2357 experti
1484 2291 1551 2347 de
1579 2292 1804 2351 sinceri-

230 2353 346 2410 tatis
384 2364 494 2413 tuze
529 2363 832 2423 certissima
861 2369 1095 2428 efﬁcacia
1119 2416 1134 2440 ,
1174 2353 1333 2445 quod-
1346 2379 1515 2437 Deum
1540 2399 1651 2454 prae
1675 2402 1803 2442 ocu-

226 2439 287 2498 lis
325 2447 613 2518 pmferas,
665 2469 763 2524 per
794 2458 954 2530 hujus
1002 2439 1208 2520 nostra:-
1247 2439 1620 2539 praeceptionis
1648 2439 1802 2548 pagi-

223 2548 363 2600 nam,
398 2536 757 2610 Praepositum
789 2555 841 2604 te
880 2550 935 2604 in
972 2563 1274 2612 memorata
1297 2536 1525 2617 Basilica
1546 2536 1695 2620 Beati
1716 2536 1795 2623 ἧι.

222 2635 337 2690 quae
365 2625 464 2681 sita
500 2638 583 2684 est
624 2632 681 2687 in
718 2634 840 2692 loco
883 2638 975 2693 lll.
1007 2657 1126 2699 esse
1174 2649 1384 2704 cunctis
1434 2651 1625 2710 diebus
1674 2658 1798 2714 vitae

220 2720 335 2781 tuae,
366 2732 397 2772 a
422 2725 681 2789 prmsenti
709 2725 789 2781 Ill.
824 2729 1139 2801 indictione,
1172 2738 1533 2798 decernimus.

282 2805 346 2861 Et
395 2825 535 2867 vero
574 2815 784 2873 ratione
813 2832 1025 2880 servata
1051 2866 1066 2892 ,
1113 2835 1173 2883 ut
1201 2830 1246 2884 si
1294 2847 1401 2902 qua
1429 2849 1662 2906 expensa
1700 2848 1795 2897 aut

216 2898 475 2963 mercede,
530 2901 588 2956 in
629 2920 967 2980 quacumque
1002 2930 1063 2971 re
1096 2919 1355 2985 prmdicta
1379 2964 1394 2989 ,
1436 2939 1661 2984 necesse
1695 2931 1792 2987 ha-

215 2982 384 3041 buerit
422 2990 660 3049 Basilica
702 3012 799 3053 seu
828 2999 1236 3065 luminariorum
1275 3015 1709 3086 concinnatione,
1757 3037 1791 3077 a

203 3545 345 3598 nam,
384 3543 441 3589 et
466 3539 566 3593 sub
598 3540 761 3620 divini
801 3544 988 3615 judicii
1019 3553 1377 3612 obtestatione
1405 3539 1775 3632 prohibentes,

201 3620 240 3674 si
266 3623 513 3680 studiose
548 3627 666 3696 ejus
691 3646 721 3685 a
764 3640 816 3688 te
842 3635 1008 3692 fuerit
1050 3641 1104 3694 in
1140 3646 1393 3702 omnibus
1407 3620 1625 3706 utilitas
1653 3669 1778 3721 pro-

198 3723 409 3779 curata,
460 3717 593 3771 nulli
620 3719 781 3777 licere
814 3725 1004 3783 diebus
1048 3730 1175 3786 vitae
1203 3741 1306 3789 tua:
1333 3737 1611 3809 deleodem
1637 3717 1781 3799 Prte-

198 3803 432 3870 positatu
464 3812 517 3862 te
543 3810 770 3867 suadere
789 3853 804 3878 ,
840 3817 1022 3884 potius
1049 3822 1192 3891 quod
1236 3839 1267 3877 a
1296 3806 1451 3883 nobis
1478 3829 1771 3902 decretum,

200 3894 398 3948 servari
435 3896 628 3952 devote
650 3902 958 3959 statuimus.

244 4132 251 4133 ,
279 4071 607 4149 Praeceptum
629 4080 692 4135 de
727 4015 1055 4142 εοηεεάξιγὲδ
1082 4108 1243 4161 puero
1266 4096 1319 4151 in
1344 4105 1679 4160 monasterio.

260 4162 398 4218 Nihil
424 4168 694 4226 credimus
720 4175 890 4230 minui
911 4177 979 4232 ab
1007 4179 1259 4239 Ecclesiae
1276 4185 1423 4254 jure,
1460 4195 1670 4261 quoties
1698 4213 1767 4258 ex

199 4252 342 4310 bonis
368 4256 692 4327 Apostolicis
729 4263 933 4335 aliquid
966 4270 1069 4339 piis
1112 4273 1246 4330 locis
1272 4252 1532 4337 fuerimus
1560 4252 1761 4356 largiti,

198 4344 451 4416 prateipue
483 4356 665 4405 tamen
693 4353 792 4420 eis,
838 4359 1176 4425 providentia
1203 4364 1439 4435 favente,
1465 4372 1555 4440 qui
1584 4344 1767 4431 inuno-

199 4431 327 4487 mine
366 4432 494 4492 Jesu
559 4437 762 4497 Christi
813 4445 907 4501 Dei
956 4452 1127 4505 nostri
1188 4452 1373 4512 laudes
1416 4431 1619 4532 jugiter
1654 4467 1762 4522 sol-

199 4530 335 4575 vunt.

168 5256 541 5325 suprascripta
568 5258 771 5316 familia
800 5265 935 5322 tales
979 5270 1198 5327 natione
1232 5274 1310 5330 ιιι.
1340 5278 1414 5334 ita
1444 5290 1505 5337 ut
1528 5290 1739 5345 cunctis

191 5334 357 5396 diebus
383 5344 510 5400 vitae
535 5362 722 5405 eorum
752 5351 807 5406 in
837 5355 1024 5411 eodem
1051 5359 1355 5421 deserviant
1388 5369 1735 5445 Monasterio,

189 5431 235 5477 et
253 5441 429 5488 omnes
449 5436 809 5496 obedientiam
833 5444 987 5499 vobis
1009 5449 1318 5521 exhibeant,
1350 5458 1433 5513 vel
1453 5464 1543 5531 qui
1564 5478 1630 5519 ex
1657 5469 1737 5525 eis

189 5510 251 5531 ,μί
293 5518 303 5530 .
353 5529 358 5531 Α
650 5530 653 5531 ν

1306 5510 1317 5521 ι
1365 5510 1432 5513 γη
1457 5510 1543 5531 *ι’-⁵
1566 5510 1630 5519 -σ-
1658 5510 1735 5525 Vw

188 5510 366 5574 fuerint
389 5530 657 5593 procreati
675 5570 690 5597 ,
722 5531 860 5588 sicut
888 5544 1036 5593 certe
1064 5542 1205 5597 servi
1237 5548 1467 5618 propriae
1492 5552 1735 5614 domina-

188 5603 350 5666 tionis.
687 5645 689 5649 π

247 5740 510 5831 :Quando
539 5752 740 5813 Lucina
762 5757 1077 5831 :pcrﬁcitur.
1118 5765 1176 5823 Id
1234 5776 1319 5827 est

187 5815 521 5883 complentur.

1929 841 2149 897 servitia
2196 845 2509 904 exhibentes
2531 890 2546 917 ,
2580 851 2635 907 in
2673 856 2866 924 quibus
2892 856 3094 916 fuerint
3139 864 3418 937 imperati,
3449 883 3511 929 et

1926 932 2158 989 ordinati
2207 952 2239 991 a
2292 945 2702 1013 congregatione
2747 948 2858 1006 illic
2885 954 3178 1012 constituta
3194 932 3231 1025 ,—
3260 969 3322 1018 ut
3357 973 3508 1023 certe

1926 1023 2160 1092 propriae
2188 1026 2589 1089 dominationis.

1997 1114 2151 1181 Quod
2177 1119 2223 1173 si
2250 1122 2532 1193 quisquam
2564 1139 2753 1185 contra
2781 1132 2939 1204 hujus
2965 1146 3165 1197 nostrae
3183 1149 3504 1218 praeceptio-

1924 1206 2011 1262 nis
2036 1216 2199 1278 atque
2234 1212 2538 1273 donationis
2585 1222 2835 1294 paginam
2868 1230 3053 1286 venire
3079 1206 3384 1306 teut-averit,
3431 1242 3506 1297 sit

1924 1301 2213 1359 autoritate
2264 1306 2408 1364 beati
2448 1311 2593 1367 Petri
2635 1316 3013 1387 Apostolorum
3055 1325 3324 1399 Principis
3368 1301 3501 1388 ana-

1922 1391 2177 1450 thematis
2214 1398 2429 1455 vinculo
2454 1402 2763 1474 innodatus,
2800 1418 2854 1465 et
2879 1423 3152 1485 perpetuae
3172 1391 3501 1483 condemna-

1920 1480 2055 1539 tioni
2083 1490 2421 1547 summissus.

1991 1572 2161 1639 Quam
2192 1581 2569 1651 praeceptionis
2596 1588 2850 1658 paginam
2886 1608 2917 1648 a
2948 1596 3106 1652 nobis
3134 1601 3496 1675 subscriptam

1919 1662 2016 1719 tibi
2047 1664 2240 1724 Abbati
2284 1671 2363 1725 Ill.
2420 1682 2619 1747 tuoque
2668 1679 2991 1741 Monasterio
3042 1662 3492 1764 contradidiinus,

1914 1767 2014 1823 pro
2034 1753 2215 1815 futura
2240 1763 2467 1819 cautela.

2368 1851 2708 1929 Privilegium
2736 1862 3042 1922 Diaconias.

2619 1950 2780 2008 XVII.

1916 2073 1929 2087 .
1976 2030 2113 2111 Dum
2142 2049 2241 2104 pro
2264 2036 2626 2108 adipiscendis
2653 2046 2892 2105 caelestis
2918 2054 3071 2124 regni
3102 2057 3314 2127 gaudiis
3337 2068 3490 2117 aeter-

1905 2118 1992 2176 nis
2018 2131 2143 2179 sunt
2168 2129 2355 2197 procul
2395 2131 2557 2189 dubio
2602 2137 2670 2191 ad
2708 2139 2911 2196 cultum
2947 2118 3141 2202 divinae
3187 2149 3486 2219 majestatis

1903 2210 2231 2270 conferenda
2257 2218 2540 2288 stipendia,
2573 2227 2796 2284 omnino
2830 2229 2914 2287 fas
2935 2235 3123 2307 exigit,
3148 2253 3236 2305 eo,
3265 2256 3373 2311 quo
3392 2258 3486 2300 va—
3516 2244 3517 2247 “

1900 2298 2093 2370 lemus,
2124 2307 2338 2376 annisu,
2368 2327 2721 2387 quaecumque
2748 2322 2816 2376 ad
2849 2298 3162 2385 stabilitatis
3198 2298 3483 2405 integrita-

1902 2398 2009 2447 tem
2035 2404 2091 2449 et
2114 2398 2415 2465 profectum
2444 2410 2832 2469 venerabilium
2864 2419 3139 2486 pertinere
3180 2439 3483 2486 noscuntur

1898 2479 2163 2552 locorum,
2186 2491 2463 2549 enucleate
2488 2498 2770 2567 perlicere,
2803 2507 3040 2565 maxime
3066 2511 3120 2566 in
3147 2516 3343 2583 quibus
3368 2535 3481 2576 om-

1898 2571 2162 2642 nipotenti
2190 2579 2300 2655 Deo
2329 2582 2515 2642 laudes
2548 2590 2882 2664 referuntur,
2918 2608 2974 2655 et
3000 2571 3182 2658 sedula
3213 2607 3479 2667 fratribus

1897 2666 2098 2722 nostris
2136 2672 2579 2734 subministratur
2605 2682 2887 2755 alimonia,
2938 2702 3205 2762 quatenus
3234 2703 3476 2759 omnium

1894 2753 2248 2827 indigentium
2272 2804 2287 2829 ,
2335 2765 2556 2838 inopum
2598 2776 2761 2831 etiam
2791 2753 3217 2855 proselytorum,
3257 2794 3475 2864 copiosa

1890 2847 2179 2914 proficiant
2217 2855 2495 2914 subsidia:
2546 2870 2600 2917 et
2639 2880 2705 2920 ex
2745 2847 2850 2923 hoc
2891 2847 3239 2946 Redemptori
3286 2847 3474 2942 nostro

1890 2939 1993 2996 hoc
2021 2943 2217 3014 ipsum,
2247 2953 2391 3019 quod
2421 2956 2489 3009 ad
2512 2944 2761 3028 'gloriam
2790 2967 2963 3022 sancti
2991 2939 3225 3029 nominis
3245 2976 3362 3048 ejus
3391 2980 3472 3035 di-

1888 3046 2200 3101 moscimur
2224 3056 2565 3112 procurasse,
2620 3051 2691 3105 sit
2724 3059 3075 3126 acceptabile,
3112 3046 3373 3138 nobisi1ue
3400 3072 3469 3126 ab

1949 3487 2114 3555 Eum,
2146 3507 2176 3546 a
2196 3500 2450 3562 praesenti
2488 3502 2567 3557 Ill.
2599 3505 2911 3578 indictione,
2935 3521 3041 3570 tuac
3076 3520 3456 3590 magnitudini,

1879 3584 1935 3630 et
1967 3593 2065 3645 per
2104 3588 2157 3636 te
2185 3583 2239 3637 in
2266 3588 2453 3643 eadem
2490 3598 2785 3653 venerabili
2823 3600 3111 3671 Diaconia,
3160 3610 3217 3663 in
3256 3626 3455 3683 perpe-

1880 3671 2031 3720 tuum
2061 3672 2409 3731 concedimus
2435 3678 2805 3741 detinendam.
2856 3689 2963 3745 Sed
2989 3671 3323 3765 dispensator
3356 3671 3455 3773 qui

1877 3764 1977 3819 pro
2023 3762 2265 3827 tempore
2309 3762 2475 3823 fuerit
2509 3769 2564 3825 in
2608 3774 2797 3831 eadem
2831 3762 3125 3841 venerabili
3172 3788 3449 3861 Diaconia,

3172 3838 3449 3861 _-_--.....,

1877 3838 1930 3895 id
1960 3852 2064 3931 est,
2098 3859 2124 3887 α
2148 3854 2364 3918 quando
2393 3856 2571 3915 lucina
2600 3866 2901 3937 perficitur,
2947 3874 3002 3928 in
3043 3878 3233 3936 eadem
3260 3883 3454 3943 Diaco-

1873 3931 1964 3985 nia
1992 3948 2093 4003 pro
2132 3942 2452 4003 remissione
2494 3964 2838 4020 peccatorum
2884 3975 3228 4040 nostrorum,
3260 3990 3451 4035 omnes

1876 4018 1984 4040 4.4,
2070 4027 2101 4040 ..

2498 4018 2509 4020 ἡ
2933 4018 3228 4040 ---_--_...,
3262 4018 3446 4035 ν.....ν.,

1870 4018 2169 4085 diaconites
2208 4041 2261 4087 et
2286 4050 2550 4109 pauperes
2591 4045 2830 4119 Christi,
2876 4058 2969 4124 qui
2998 4057 3198 4118 ibidem
3248 4080 3446 4125 conve-

1868 4112 2046 4182 niunt,
2074 4117 2238 4191 Hyrie
2278 4126 2474 4186 eleison
2500 4137 2807 4198 exclamare
2837 4150 3090 4205 studeant
3114 4171 3127 4206 :
3170 4154 3247 4209 ita
3273 4174 3405 4215 sane
3426 4180 3443 4215 :

1867 4210 1928 4257 ut
1968 4207 2194 4277 singulis
2232 4218 2536 4290 quibusque
2571 4227 2958 4291 Indictionibus
2996 4241 3187 4307 pensio
3222 4246 3447 4302 rationi-

1866 4291 1965 4347 bus
1984 4294 2378 4361 Ecclesiasticis
2410 4316 2491 4363 ter
2527 4328 2559 4366 a
2588 4324 2678 4370 tua
2726 4291 3114 4395 magnitudine,

1862 4476 1918 4531 in
1962 4492 2669 4564 perpetuumzpersolvatur,
2722 4476 3004 4577 omnisque
3028 4550 3043 4577 ,
3085 4476 3191 4583 qua
3234 4476 3437 4594 irndiget

1863 4567 2097 4594 ,μοι-Λ-
2191 4593 2203 4594 κ
2417 4584 2450 4594 “·
2580 4590 2591 4594 ‘

2914 4567 2933 4577 -
2977 4567 2989 4570 -
3028 4567 3041 4577 ν
3101 4567 3191 4583 ι⁷⁷“’
3234 4567 3435 4594 κη’-ον’

1860 4567 2103 4628 defensio
2127 4615 2141 4641 ,
2184 4593 2279 4634 seu
2328 4584 2661 4658 melioratio,
2716 4594 3081 4659 indifferenter
3128 4608 3282 4667 vobis
3316 4616 3435 4674 sine

1861 4658 2024 4718 dubio
2067 4674 2505 4749 procurantibus,
2546 4681 2837 4751 elliciatur,
2879 4691 3130 4765 nullaque
3169 4712 3431 4769 praeterea

2824 4749 2829 4751 .
3040 4749 3060 4765 ,
3108 4749 3124 4752 ν
3169 4749 3429 4769 Γ...νιν--

1859 4749 1925 4804 ad
1971 4753 2204 4814 dandam
2258 4778 2440 4822 annue
2485 4774 2798 4840 pensionem
2842 4795 2874 4835 a
2924 4791 3013 4839 tua
3062 4793 3429 4862 magnitudine

1855 4849 2365 4924 successoribusque
2402 4860 2509 4915 tuis
2555 4864 3017 4935 dispensatoribus
3049 4894 3199 4937 mora
3228 4900 3428 4955 prove-

1852 4933 1986 5000 niat,
2030 4940 2125 4993 sed
2162 4943 2304 5002 ultro
2343 4950 2654 5011 actionariis
2698 4969 2900 5020 sanctae
2946 4978 3147 5027 nostra:
3170 4933 3426 5035 Ecclesia:

1851 5033 1977 5094 apto
1998 5035 2238 5100 tempore
2269 5040 2622 5107 persolvatur.

1918 5113 2225 5179 Statuentes
2256 5131 2548 5189 autoritate
2593 5136 2734 5196 beati
2776 5142 2923 5203 Petri
2969 5148 3237 5224 Principis
3272 5156 3416 5227 Apo-

1843 5205 2126 5277 stolorum,
2164 5216 2263 5272 sub
2286 5218 2451 5278 divini
2481 5224 2673 5294 judicii
2699 5234 3074 5307 obtestatione,
3105 5205 3415 5307 ettanatbe-

1842 5298 2003 5353 matis
2048 5302 2370 5377 interdicto,
2418 5323 2479 5369 ut
2508 5320 2638 5376 nulli
2676 5339 2910 5395 unquam
2943 5338 3255 5391 nostrorum
3293 5355 3414 5399 suc-

1843 5400 2119 5447 cessorum
2159 5394 2501 5473 Pontiﬁcum,
2542 5409 2626 5465 vel
2654 5412 2749 5468 alii
2772 5394 3014 5470 cuilibet
3052 5434 3258 5493 magnae
3286 5445 3412 5500 par-

1839 5491 2026 5550 vaeque
2062 5501 2304 5555 personae
2327 5536 2341 5559 ,
2384 5495 2547 5554 liceat
2588 5502 2762 5572 ipsum
2805 5491 3249 5575 prmnominatum
3279 5491 3407 5579 fun-

1840 5567 1965 5625 dum
2012 5586 2387 5649 quoquomodo
2436 5567 2688 5657 auferre,
2744 5567 2827 5648 vel
2884 5597 3169 5661 alienare:
3226 5615 3408 5681 potius

1836 5669 2015 5720 autem
2054 5667 2109 5725 in
2145 5677 2359 5746 propria
2390 5679 2621 5735 utilitate
2645 5720 2660 5745 ,
2690 5697 2792 5741 usu
2817 5697 2873 5744 et
2896 5701 3161 5761 potestate
3184 5667 3405 5760 venera-

1330 5809 1347 5838 ,
1375 5785 1483 5842 (tuo
1523 5762 1765 5852 tempore
1785 5785 2070 5853 luminaria
2119 5804 2501 5871 accenduntur,
2536 5814 2695 5880 atque
2743 5817 2876 5875 adeo
2920 5824 3173 5883 serotinze
3210 5844 3400 5897 preces
