4062 6438
593 396 692 451 HS
741 387 761 394 ’

1926 395 2125 450 LIBER
2161 393 2467 456 DIURNUS

3686 410 3688 412 ⁷
3728 403 3823 459 116

589 505 708 560 bilis
744 483 1044 568 Diaconize,
1079 480 1192 574 pro.
1213 485 1608 564 ,susteutatione
1647 509 1704 570 et
1729 502 2001 560 alimoniis
2044 505 2154 560 fra-
2178 507 2233 575 Α
2256 508 2360 573 cia,
2401 521 2500 578 pro
2530 496 2869 579 impetranda
2887 508 3045 565 venia
3067 478 3413 579 delictorum,
3441 518 3698 572 aeternam
3723 519 3827 590 pie-

584 604 728 651 trum
756 604 1062 654 nostrorum
1090 594 1289 652 Christi
1325 611 1615 666 pauperum
1644 597 1917 668 perpetuis
1940 604 2158 652 maneat

585 688 936 758 temporibus.

653 778 726 834 At
749 794 879 835 vero
918 780 1010 850 qui
1055 778 1426 836 observaverit
1471 779 1577 835 hoc
1616 787 1862 836 nostrum
1887 778 2156 852 Apostoli-

473 865 478 868 “
583 888 708 928 cum
732 874 1324 956 praeceptumnhalmat
1347 875 1571 946 gratiam
1613 872 1926 940 maximam,
1963 874 2156 942 vitam-

583 977 690 1034 que
708 971 966 1020 aaternam
997 980 1026 1018 a
1049 964 1555 1021 misericordissimo
1577 962 1806 1018 Domino
1829 961 1942 1018 Deo
1968 971 2155 1026 nostro

582 1041 842 1126 consequi
866 1063 1162 1111 mereatur.

1287 1148 1468 1204 XVIII.

1087 1239 1243 1328 134
1280 1239 1646 1313 Privilegium.

652 1332 911 1407 Supernae
934 1334 1295 1388 miserationis
1334 1340 1583 1405 respectu
1620 1334 1687 1388 ad
1733 1332 1841 1389 hoc
1879 1334 2157 1405 regiminis

579 1443 766 1484 curam
801 1425 1166 1495 suscepimus,
1219 1423 1458 1492 ut'juste
1502 1416 1842 1494 precantium
1887 1426 2026 1480 votis
2050 1466 2064 1489 ,
2103 1433 2158 1480 et

577 1518 862 1574 libramine
884 1517 1175 1588 aequitatis,
1205 1516 1414 1572 cunctis
1444 1517 1500 1570 in
1525 1515 1940 1570 necessitatibus
1965 1517 2157 1578 subve-

577 1611 696 1666 nire
717 1610 1025 1674 debeamus,
1075 1609 1378 1680 praesertim
1418 1608 1506 1673 iis,
1558 1607 1649 1678 qui
1677 1623 1777 1679 pro
1824 1607 2042 1662 nomine
2071 1623 2158 1664 re-

576 1700 874 1771 demptoris
920 1683 1134 1755 Domini
1168 1697 1296 1754 Iesu
1337 1698 1560 1764 Christi,
1612 1698 1742 1754 totis
1778 1712 1836 1754 se
1865 1699 1992 1760 vita:
2021 1687 2158 1764 tem-

2258 605 2421 654 tatem
2453 598 2715 664 audemus
2739 599 3050 670 implorare.

2322 687 2496 760 Igitur
2535 690 2879 762 improbitate
2911 693 3268 762 quorumdam
3313 696 3616 764 petentium
3663 701 3827 756 couti-

2255 783 2356 858 git,
2383 784 2582 854 elapsis
2612 783 2724 852 jam
2748 785 2940 849 annis,
2984 793 3045 842 ut
3089 786 3193 844 loci
3231 789 3490 844 antedicti
3536 788 3828 862 Praeposito

2257 875 2486 938 avaritia
2508 876 2742 943 devicto,
2790 876 2987 940 fundus
3014 877 3096 934 Ill.
3127 887 3183 952 et
3226 879 3308 936 Ill.
3353 880 3699 950 pupillorum,
3727 901 3828 955 quo

2255 965 2468 1021 illorum
2514 967 2892 1023 alimentorum
2931 971 3228 1026 necessitas
3271 974 3710 1040 sustentabatur,
3757 975 3829 1030 lo-

2255 1068 2510 1127 caretur;
2542 1061 2765 1130 ipsaque
2792 1061 2916 1124 dum
2946 1063 3256 1124 extenditur
3283 1079 3548 1122 annorum
3573 1068 3824 1134 conditio,

2257 1166 2405 1210 mors
2431 1151 2713 1218 acciderit,
2763 1161 2820 1212 et
2847 1169 2876 1208 a
2899 1151 3025 1221 jure
3059 1153 3173 1224 jam
3219 1155 3351 1212 dicti
3379 1156 3829 1229 Orphanotrophii

2254 1242 2534 1314 prtemissa
2564 1241 2930 1302 alienarentur
2966 1243 3104 1310 loca,
3137 1251 3193 1300 et
3220 1245 3450 1301 Domino
3476 1248 3698 1316 proprio
3725 1247 3832 1301 fru-

2256 1339 2576 1398 strarentur,
2599 1335 2831 1402 dumque
2860 1335 3180 1399 necessitate
3205 1336 3381 1398 vietus
3398 1344 3640 1397 arctatur
3665 1338 3828 1406 locus,

2257 1423 2556 1493 frequentia
2601 1426 2835 1480 cessavit
2879 1426 3165 1488 infantium
3190 1468 3205 1494 ,
3252 1427 3450 1498 quibus
3502 1429 3691 1484 deerat
3745 1445 3833 1484 ex-

2255 1528 2436 1584 pensas
2459 1517 2821 1585 providentia.

2329 1604 2408 1660 Ne
2431 1621 2562 1678 ergo
2585 1618 2611 1650 ι
2642 1606 2936 1664 Cautorum
2984 1607 3240 1668 deﬁceret
3279 1609 3447 1677 ordo,
3498 1619 3664 1682 atque
3711 1613 3833 1670 hinc

2258 1699 2355 1760 Dei
2378 1699 2635 1768 Ecclesia:
2661 1701 2984 1758 contumelia
3018 1703 3351 1775 irrogaretur
3369 1745 3386 1770 ,
3415 1707 3606 1763 eadem
3631 1707 3835 1762 curiose

573 1795 820 1866 poribus,
859 1794 928 1848 ad
961 1793 1265 1850 exhibenda
1296 1791 1482 1848 sedula
1514 1785 1735 1846 servitia
1755 1832 1769 1856 ,
1801 1800 1854 1845 et
1883 1790 2154 1846 cauendas
2182 1863 2221 1868 _
2259 1795 2595 1866 inquirentes
2629 1796 2762 1862 loca,
2791 1812 2820 1852 a
2842 1799 3036 1868 quibus
3057 1800 3200 1856 ultra
3220 1802 3484 1858 rationem
3525 1803 3836 1864 detineban-

573 1863 844 1957 potentias
882 1883 1030 1954 ejus,
1081 1885 1179 1940 sub
1207 1884 1484 1955 religionis
1513 1874 1724 1950 habitu,
1771 1884 1938 1953 septis
1968 1898 2157 1938 mona-
2181 1863 2230 1924 Β
2259 1863 2366 1956 tur,
2408 1892 2783 1962 praecipientes
2827 1863 3125 1952 venerabili
3175 1899 3510 1955 τεειίιυίιηυε
3536 1863 3699 1956 loco;
3751 1900 3835 1972 ju-

574 1981 883 2037 sterialibus
905 1974 1287 2037 contulerunt:
1339 1995 1464 2034 nam
1493 1979 1898 2050 pontiﬁcalibus
1945 1981 2156 2038 meritis
2257 1990 2403 2038 stum
2430 1981 2550 2038 fore
2575 1992 2884 2050 cernentes,
2925 1993 2984 2041 ut
3022 2002 3124 2057 pro
3151 1987 3307 2044 laude
3345 1989 3441 2048 Dei
3483 1991 3716 2061 pupillos
3745 2009 3839 2047 nu-

573 2074 899 2130 decoramur
922 2113 938 2140 ,
970 2071 1098 2128 dum
1128 2086 1196 2126 ex
1236 2072 1490 2127 mandato
1519 2071 1730 2139 divino,
1775 2072 2025 2142 exigente
2068 2088 2156 2138 ra-

571 2165 739 2230 tione,
775 2162 900 2233 jure
927 2163 1256 2234 pertinentia
1291 2163 1488 2234 cuique
1529 2163 1882 2230 restituimus,
1929 2171 1984 2220 et
2007 2180 2155 2224 com-

555 2252 827 2331 passioue
859 2255 1142 2328 pastorali,
1192 2255 1238 2312 si
1285 2269 1421 2326 quos
1449 2262 1626 2311 arctat
1653 2255 1973 2323 necessitas,
2020 2270 2154 2312 con-

572 2351 831 2408 solamur.

643 2446 782 2514 Quia
803 2460 934 2501 vero
957 2444 1204 2516 plurimis
1224 2442 1514 2502 transactis
1540 2441 1720 2508 anuis,
1743 2441 2150 2510 Monasterium,

569 2538 658 2596 cui
689 2545 884 2609 praeest
907 2545 1000 2592 tua
1041 2537 1252 2607 religio,
1297 2535 1378 2591 Ill.
1425 2533 1632 2600 Abbas,
1680 2549 1862 2590 coram
1911 2534 2153 2606 synodali

568 2628 826 2701 Collegio,
860 2637 1112 2700 porrecta
1138 2627 1435 2699 petitione,
1484 2625 1798 2692 innotuisti,
1849 2626 2154 2697 possedisse

566 2722 686 2794 jure
711 2723 1032 2777 inconcusso
1059 2719 1282 2776 fundum
1309 2719 1392 2776 ιιι.
1440 2727 1497 2778 et
1517 2718 1597 2774 Ill.
1630 2726 1685 2772 et
1715 2718 1860 2789 quod
1881 2717 2004 2773 talis
2030 2733 2155 2783 san-

569 2823 671 2870 ctae
697 2810 1089 2869 recordationis
1129 2825 1426 2884 praeessor
1459 2824 1621 2888 supra
1643 2808 1905 2879 scriptum
1929 2807 2153 2876 fundum

568 2918 676 2964 tum
701 2905 1104 2979 congregationi
1149 2903 1477 2964 restituisset
1511 2920 1522 2955 :
1575 2900 1781 2970 justum
1820 2899 1938 2956 fore
1966 2901 2155 2956 decer-

567 3000 784 3065 nimus,
837 2997 1131 3053 autoritate
1175 2996 1322 3052 beati
1351 2994 1501 3051 Petri
1529 2992 1916 3064 Apostolorum
1945 2991 2156 3060 Princiu

567 3091 680 3164 pis,
730 3086 882 3159 cujus
910 3090 1036 3146 licet
1063 3088 1271 3144 meritis
1301 3088 1537 3157 impares
1559 3128 1576 3153 ,
1625 3087 1939 3158 dignatione
1968 3094 2152 3144 tamen

569 3185 772 3249 divina,
803 3184 950 3238 vices
976 3183 1241 3254 gerimus,
1283 3189 1344 3236 ut
1375 3197 1407 3237 a
1449 3180 1701 3251 praesenti
1742 3179 1821 3235 Ill.
1863 3179 2156 3244 indictione

567 3284 732 3346 atque
757 3264 1034 3347 perpetuis
1077 3274 1425 3341 temporibus,
1470 3272 1718 3328 eumdem
1747 3269 1970 3327 fundum
1992 3269 2072 3338 Ill.
2101 3279 2158 3325 et

565 3367 648 3424 Ill.
681 3367 1067 3423 Monasterium
1103 3375 1270 3431 tuum,
1307 3375 1504 3434 tuaque
1535 3364 1909 3435 congregatio,
1950 3361 2157 3431 absque

567 3461 811 3533 qualibet
858 3458 1072 3515 auuuali
1113 3458 1388 3528 possideat
1432 3455 1737 3520 iunctione,
1783 3469 1989 3524 suoque
2031 3451 2158 3522 jure

567 3551 842 3628 defendat,
873 3551 1215 3624 propriisque
1261 3551 1448 3605 usibus
1481 3549 1740 3614 vindicet,
1772 3547 2056 3616 nullusque
2080 3553 2160 3605 tes

565 3645 832 3709 meritatis
859 3659 996 3702 ausu
1022 3659 1052 3700 a
1099 3643 1252 3700 vobis
1281 3642 1496 3699 auferre
1515 3683 1528 3706 ,
1584 3643 1776 3714 quovis
1815 3640 2031 3710 ingenio
2063 3648 2157 3698 aut

566 3740 879 3806 occasione,
917 3746 1090 3795 tentet
1129 3738 1216 3794 vel
1242 3746 1493 3804 temeret,
1525 3738 1622 3796 sed
1650 3745 1912 3808 perpetuo
1932 3738 2060 3808 jure
2099 3743 2156 3794 et

566 3830 900 3903 proprietate
927 3839 1183 3885 maneant
1206 3830 1533 3894 venerabilis
1559 3830 1682 3886 loci.

642 3922 704 3979 Si
739 3923 862 3995 quis
889 3930 1092 3988 autem,
1141 3925 1282 3992 quod
1329 3937 1436 3978 non
1465 3931 1732 3992 Optamus,
1786 3918 1948 3989 hujus
1976 3914 2153 3972 nostri

569 4013 734 4070 fuerit
760 4029 925 4069 ausus
953 4013 1155 4069 decreti
1200 4014 1455 4086 paginam
1498 4022 1690 4070 contra
1721 4012 1821 4075 ire,
1866 4009 1950 4064 vel
1979 4008 2153 4063 mole-

567 4108 733 4163 stiam
780 4105 982 4180 inferre
1024 4113 1248 4166 conatus
1290 4106 1454 4163 fuerit
1499 4106 1637 4175 parti
1671 4113 1885 4168 vestrae,
1935 4099 2154 4158 vinculo

567 4202 930 4258 anathematis
949 4201 1234 4272 innodetur
1257 4242 1272 4268 ,
1302 4207 1359 4255 et
1385 4198 1537 4256 Iudae
1576 4195 1904 4268 percellatur
1933 4194 2156 4251 maledi-

567 4297 749 4358 ctione
776 4295 1090 4363 traditoris;
1143 4305 1200 4373 at
1247 4309 1375 4351 vero
1416 4294 1789 4356 observantes,
1833 4304 1902 4344 ex
1943 4287 2155 4344 meritis

568 4395 736 4460 atque
778 4388 1032 4460 precibus
1071 4387 1478 4458 Apostolorum,
1520 4399 1733 4441 necnon
1781 4381 1986 4438 Christi
2014 4379 2154 4434 Con-

565 4479 792 4548 fessoris
817 4480 1055 4552 Martini,
1079 4483 1205 4538 vitae
1231 4480 1427 4538 futura
1447 4479 1686 4549 prmmiis
1705 4472 2076 4546 perfruantur.

1297 4592 1421 4650 XIX

1093 4685 1248 4759 135
1289 4683 1648 4755 Privilegt'um.

639 4780 920 4842 Summam
945 4789 1194 4853 gerentes
1214 4775 1631 4832 sollicitudinem
1656 4771 2043 4828 venerabilium
2072 4771 2150 4826 lo-

567 4893 796 4945 corum,
849 4882 1108 4946 quantum
1155 4885 1222 4924 ex
1271 4868 1455 4922 divino
1510 4865 1776 4934 adiutorio
1818 4864 2148 4935 possibilitas

567 4970 749 5037 datur,
777 4969 843 5024 de
883 4978 1068 5021 eorum
1097 4958 1389 5016 stabilitate
1416 4966 1661 5029 satagere
1691 4957 1968 5011 studemus
1999 4975 2011 5010 :
2045 4957 2148 5012 hoc

564 5075 804 5134 namque
825 5057 1021 5117 studio,
1052 5061 1107 5107 et
1133 5052 1312 5106 divina
1340 5052 1586 5122 placatur
1612 5051 1920 5117 clementia,
1945 5060 2000 5106 et
2027 5051 2146 5107 laus

566 5152 770 5210 Christi
794 5163 862 5203 ac
882 5143 1136 5199 Ecclesia:
1176 5151 1532 5212 procuratur,
1562 5153 1615 5199 et
1646 5159 1747 5200 nos
1783 5143 1980 5214 potiori
2010 5143 2146 5212 ﬁdu-

639 5295 667 5324 ι
691 5281 977 5348 (lautorum
992 5276 1142 5348 ordo.
1171 5274 1300 5348 Inde
1322 5276 1650 5348 addiscimus
1668 5273 1964 5348 Cantatum
1985 5276 2147 5348 scho-

566 5353 678 5409 lam
705 5341 1293 5420 ex_0rphanotrophiis
1323 5341 1490 5420 fuisse
1505 5346 1852 5420 _suppletam.
1901 5345 2147 5420 Sancivit

565 5417 817 5503 poer
849 5412 1234 5503 Gregorio-sin.
1262 5412 1479 5503 Synodo
1505 5412 1778 5503 Romana,-
1804 5432 1872 5503 πλε
1895 5412 2142 5503 _P‘resb'y..

567 5486 675 5548 teri
709 5486 1000 5547 Diacouive
1031 5491 1085 5546 in
1112 5486 1355 5554 Ecclesia
1382 5498 1662 5554 canerent,
1686 5489 1781 5544 sed
1816 5486 2147 5545 Subdiaconi

567 5570 802 5630 tantum,
845 5561 1191 5630 minoresque
1230 5559 1460 5626 Ordines
1494 5576 1559 5616 ac
1578 5560 1731 5630 pueri
1769 5569 1998 5614 tantum.
2031 5558 2145 5614 Non

569 5579 802 5624 untum,
845 5579 1081 5616 minores
1124 5579 1191 5617 ue
1230 5579 1460 5626 urqmes
1494 5579 1559 5616 ac
1578 5579 1731 5630 puert
1769 5579 1998 5614 tantum.
2031 5579 2145 5614 non

569 5629 662 5706 diu
683 5632 916 5706 obtinuit
941 5647 1058 5688 mos
1082 5579 1522 5706 ﬂle,_quam\'is__a
1550 5639 1737 5706 sancto
1757 5630 2016 5706 Pontiiioe
2038 5645 2146 5706 non

567 5701 786 5760 inﬁma
815 5702 1023 5758 ratione
1051 5699 1321 5758 stabilitas
1350 5722 1363 5755 :
1415 5703 1519 5757 alia
1557 5701 1680 5758 aliis
1705 5699 2038 5772 temporibus
2066 5701 2144 5755 di-

567 5772 1080 5885 sciplgiigcclesite
1104 5781 1206 5832 est.

865 5861 1033 5885 ρηυηη
1084 5843 1206 5885 ﬁrmi

702 5807 799 5834 una
821 5807 1080 5831 ιυιυιῠδιιῦ
1104 5807 1206 5832 est.
1873 5807 1882 5818 ι

702 5843 1053 5917 Ρήνὶιεθὶαηις
1079 5843 1412 5914 ﬁrmationia.
1482 5844 1774 5916 Episcopus
1835 5842 2149 5900 condiderat

2257 2073 2550 2136 trientibus
2599 2075 3006 2142 ministrarent,
3060 2093 3182 2148 quae
3225 2079 3414 2135 usibus
3454 2082 3840 2138 excolebamur

2257 2175 2593 2222 exterorum.

2326 2258 2681 2330 Praecipimus
2715 2260 2960 2329 proinde,
2990 2267 3050 2316 ut
3082 2277 3114 2316 a
3140 2262 3395 2332 praesenti
3415 2262 3495 2318 Ill.
3525 2263 3838 2330 indictione,

2257 2361 2312 2418 et
2348 2352 2545 2409 futuris
2590 2354 2978 2425 perpetuisque
3026 2356 3392 2424 temporibus,
3433 2372 3499 2411 ex
3551 2359 3843 2413 autoritate

2256 2447 2403 2508 beati
2426 2446 2576 2504 Petri
2600 2446 2983 2518 Apostolorum
3006 2447 3292 2519 Principis,
3325 2451 3496 2522 cujus,
3520 2451 3646 2505 licet
3682 2453 3845 2507 meri-

2257 2541 2330 2596 tis
2355 2541 2610 2612 impares,
2652 2540 2800 2596 vices
2839 2550 3022 2596 tamen
3065 2542 3332 2611 gerimus,
3372 2543 3480 2598 Deo
3524 2543 3841 2609 miserante,

2248 2631 2366 2702 jam
2393 2633 2572 2689 dictus
2599 2631 2825 2697 fundus,
2859 2649 2982 2688 cum
3009 2634 3260 2690 omnibus
3307 2634 3423 2704 ejus
3444 2633 3662 2705 jurihus
3691 2637 3844 2692 redo-

2257 2731 2439 2790 natus,
2487 2723 2943 2796 Orphauotmphii
2974 2727 3170 2795 saepius
3201 2726 3330 2782 dicti
3356 2735 3678 2796 permaneat
3726 2741 3846 2798 pro-

2254 2815 2408 2885 prius
2433 2816 2532 2872 sub
2557 2815 2878 2871 inconcussa
2899 2815 3178 2883 ﬁrmitate,
3194 2817 3415 2872 utilitati
3446 2817 3564 2888 ejus
3589 2799 3848 2889 136ml

2258 2906 2546 2965 infantium
2573 2907 2979 2966 ministraturus
3005 2927 3018 2963 :
3047 2924 3150 2965 nec
3171 2908 3332 2967 liceat
3359 2911 3610 2982 cuiquam
3647 2924 3848 2981 magno

2255 3009 2343 3056 vel
2365 3014 2532 3071 parvo
2558 3016 2683 3056 eum
2720 3002 3045 3067 conducere,
3086 3011 3180 3058 aut
3208 3004 3274 3060 ab
3301 3002 3536 3059 utilitate
3572 3005 3694 3076 ejus
3724 3003 3850 3059 alie-

2258 3107 2423 3160 nare,
2465 3093 2560 3148 sed
2604 3101 2660 3148 et
2685 3109 2897 3165 semper
2925 3095 3112 3152 usibus
3155 3095 3261 3152 loci
3302 3096 3626 3152 venerabilis
3661 3105 3728 3152 et
3761 3111 3852 3151 ne-

2259 3186 2602 3242 cessitatibus
2633 3198 3006 3245 conservetur.

2336 3277 2395 3334 Si
2439 3280 2560 3349 quis
2598 3281 2784 3350 itaque
2845 3283 3088 3338 extiterit
3132 3290 3467 3350 temerator,
3518 3281 3604 3338 vel
3639 3290 3852 3339 contra

2259 3370 2420 3442 hujus
2467 3373 2669 3428 decreti
2717 3375 2966 3446 paginam
3020 3377 3207 3431 venire
3238 3377 3564 3441 tentaverit,
3615 3379 3851 3432 anathe-

2259 3463 2422 3516 matis
2467 3464 2683 3518 vinculo
2726 3465 3083 3520 insolabiliter
3128 3466 3438 3533 innodetur,
3482 3474 3645 3536 atque
3699 3465 3854 3521 Judzu

2257 3558 2536 3614 traditoris
2561 3559 2940 3615 maledictione
2971 3560 3378 3614 condemnetur.

2990 3671 3110 3727 XX.

2611 3762 2995 3836 bPrivilegium
3021 3764 3338 3836 ﬁrmationis
3367 3763 3491 3820 loci.

2325 3856 2687 3924 Quaecumque
2713 3856 2911 3908 intuitu
2938 3856 3156 3924 pietatis
3185 3855 3480 3926 geruntur,
3525 3854 3854 3910 incouvulsa

2255 3946 2453 4000 debent
2495 3945 2749 3998 ﬁrmitate
2796 3959 3056 3998 manere:
3105 3954 3266 4010 atque
3313 3945 3387 3997 ita
3427 3946 3683 3998 convenit
3742 3956 3853 4002 stu-

2255 4040 2404 4102 dere,
2442 4042 2517 4091 ‘ut
2559 4036 2801 4090 omnium
2835 4034 2960 4104 jura
3010 4037 3235 4106 perenni
3271 4035 3572 4094 subsistant
3604 4039 3851 4094 stabilita

2255 4137 2516 4199 tempore,
2563 4127 2863 4198 praesertim
2895 4142 3018 4181 cum
3044 4142 3144 4200 pro
3186 4127 3344 4184 laude
3372 4129 3586 4184 Domini
3628 4129 3734 4185 Dei
3763 4147 3853 4186 no-

2253 4221 2350 4278 stri
2384 4221 2577 4276 devota
2617 4220 2928 4276 sinceritate
2956 4207 3286 4302 pauperibus
3313 4219 3516 4276 Christi
3560 4221 3852 4290 providen-

2257 4320 2342 4369 tur
2370 4312 2608 4369 subsidia
2644 4313 2786 4379 vitae,
2817 4328 2882 4369 eo
2920 4328 3115 4384 nempe
3138 4312 3356 4368 dicente
3389 4330 3402 4365 :
3454 4310 3606 4376 Beati
3640 4313 3852 4368 miseri-

2254 4407 2468 4477 cordes,
2533 4407 2781 4478 quoniam
2838 4405 2938 4475 ipsi
2994 4405 3408 4478 misericordiam
3462 4415 3850 4475 consequentur

2253 4497 2470 4568 (Matth.
2499 4496 2552 4551 5.
2585 4514 2632 4550 v.
2676 4497 2728 4569 7)
2757 4514 2772 4562 ;
2803 4505 2965 4566 atque
2995 4496 3051 4550 in
3104 4511 3163 4551 se
3206 4496 3422 4552 dicente
3463 4495 3652 4566 redigi,
3697 4496 3849 4565 quod

2179 4602 2236 4664 1]
2258 4592 2351 4647 uni
2383 4591 2544 4656 fuerit
2567 4606 2636 4646 ex
2663 4586 2904 4651 minimis
2934 4590 3156 4646 factum.

2331 4686 2443 4742 Hac
2473 4701 2564 4755 spe
2594 4685 2787 4751 fretus,
2825 4685 3132 4757 condidisse
3153 4683 3465 4750 Diaconiam
3495 4684 3551 4738 in
3577 4684 3847 4742 honorem

2259 4789 2459 4838 sancta:
2483 4779 2581 4834 Dei
2617 4777 2898 4849 genitricis
2923 4792 3246 4848 semperque
3273 4777 3501 4848 virginis
3530 4775 3713 4837 Mariae
3741 4777 3847 4832 Do-

2256 4873 2417 4934 mina:
2455 4881 2674 4934 nostrae,
2707 4871 2760 4926 in
2789 4870 2907 4926 loco
2929 4868 3010 4924 Ill.
3038 4868 3363 4928 venerabilis
3405 4866 3606 4933 frater,
3645 4867 3842 4937 dignos

2255 4964 2442 5030 sceris,
2473 4969 2774 5034 opportune
2805 4971 3005 5026 certus,
3033 4961 3178 5032 quod
3200 4959 3466 5028 mercedis
3497 4959 3722 5028 praemia
3745 4958 3846 5014 ob-.

2256 5058 2429 5112 tineas
2459 5055 2513 5110 in
2556 5054 2770 5112 futuro:
2809 5054 2993 5122 ibique
3019 5054 3087 5118 ob
3122 5052 3176 5120 id
3205 5050 3506 5114 contulisti,
3556 5057 3720 5117 atque
3749 5047 3842 5106 alii

2248 5163 2348 5220 pro
2373 5160 2559 5202 amore
2584 5143 2972 5216 omnipotentis
2997 5142 3094 5210 Dei
3122 5141 3317 5206 nostri,
3350 5139 3592 5206 ﬁdelium
3619 5135 3837 5198 offerre,

2249 5277 2585 5339 Diaconiam,
2614 5282 2670 5329 et
2695 5274 2934 5346 quidem,
2967 5281 3028 5346 ut
3055 5270 3311 5346 credibile
3342 5278 3447 5346 est,
3487 5267 3540 5322 in
3566 5263 3844 5346 fundoldi-

2248 5348 2413 5404 tionis
2437 5362 2585 5404 suae:
2625 5341 2765 5416 pet—it
2791 5345 2848 5420 id
2881 5343 3027 5420 quod
3072 5341 3374 5420 contulerat
3404 5341 3844 5420 insust‘eutatio-

2248 5434 2372 5476 nem
2403 5407 2722 5489 pauperum,
2765 5407 3052 5489 privilegio
3083 5413 3226 5478 sedis
3249 5410 3570 5489 Apostoliﬂege
3591 5407 3838 5489 “ﬁrmari.

2253 5434 2372 5476 nem
2403 5432 2722 5489 pauperum,
2770 5431 2963 5488 pnvue
3001 5431 3052 5468 ιο
3083 5431 3226 5478 seats
3249 5431 3570 5482 Apostouue
3606 5431 3838 5488 υςιιιειι-ε,

2253 5505 2322 5546 ne
2348 5487 2819 5563 quisJaliquando
2843 5431 3119 5563 {laniaret
3144 5497 3435 5563 pauperes;
3586 5475 3846 5563 (uitligi-

2254 5543 2449 5631 scapus
2478 5559 2576 5631 ille,
2591 5543 2946 5631 ordinationis
2980 5543 3339 5631 A_p0_slb_lipte_._
3527 5548 3653 5604 inde
3688 5543 3842 5631 collif

2253 5621 2433 5705 gitur,
2479 5630 2590 5705 nisi
2620 5631 2762 5705 quod
2812 5621 3134 5683 arctissimis
3163 5624 3266 5705 fuit
3301 5621 3567 5705 limitibus
3600 5621 3840 5705 coerqita

2253 5691 2518 5772 Ejusmodi
2557 5691 2879 5772 PriesulumA
2901 5704 3159 5772 potestas.
3211 5693 3268 5747 Si
3297 5691 3528 5772 forensis
3542 5691 3842 5772 gratuiti:

2253 5753 2670 5845 sitim-aias;
2681 5753 2697 5755 "
2712 5753 3020 5845 quaesierit
3047 5767 3166 5845 illis
3177 5753 3522 5845 temporibus
3538 5753 3842 5830 metum

2254 5845 2321 5900 de
2349 5835 2578 5899 Homani
2616 5835 2888 5913 pontiﬁcis
2915 5837 3208 5892 autoritate
3226 5835 3429 5906 opinio.
