4062 6448
518 388 620 447 119

1765 384 1858 440 ΑΙ)
1897 382 2160 442 LIBRUM
2198 381 2511 442 DlURNllM

3657 401 3756 459 ηο

516 502 717 573 ptionis
742 502 1042 569 extiterint,
1063 500 1450 558 benedictionis
1481 498 1732 571 gratiam,
1759 511 1814 555 et
1849 500 2086 555 caelestis
2112 508 2166 568 Α
2188 502 2267 557 Ill.
2295 512 2351 558 et
2376 503 2457 557 Ill.
2488 503 2656 561 fuisse
2681 502 2866 561 illicite
2905 504 3171 571 invasum,
3199 514 3253 561 et
3276 490 3468 577 ‘usque
3495 508 3759 572 hactenus

516 591 892 649 retributionis
927 600 1128 647 aeterna
1172 591 1369 662 gaudia
1413 606 1444 643 a
1466 590 1615 660 justo
1639 589 1827 661 judice
1854 589 2085 646 Domino

516 682 627 741 Deo
653 692 843 741 nostro
876 684 1136 757 consequi
1163 689 1495 739 mereantur.
1792 700 1797 701 ί

1204 827 1389 885 XXIII.

521 940 680 1015 ιω
712 942 1076 1028 Pn’vilegiunt,
1116 944 1328 1015 quando
1352 950 1469 1028 {ora
1506 960 1623 1014 qua:
1649 944 1990 1028 nhlata‘sunt
2032 944 2090 1000 in

583 1059 607 1069 -
658 1023 998 1082 monasterio,
1040 1023 1097 1071 in
1138 1032 1265 1070 usus
1298 1023 1542 1087 pristinos
1578 1023 1943 1078 restituuntur,

586 1126 793 1182 Divinas
829 1128 1207 1199 pmceptionis
1232 1135 1455 1184 monent
1492 1134 1717 1183 cunctos
1753 1127 1984 1198 eloquia,
2028 1134 2090 1183 ut

517 1219 729 1289 quoties
768 1234 859 1274 res
883 1218 1059 1275 aliena
1108 1228 1296 1275 contra
1328 1218 1557 1275 rationis
1586 1218 1830 1274 ordinem
1875 1233 1908 1272 a
1953 1233 2089 1289 quo-

515 1326 680 1382 quam
729 1311 1029 1379 detinetur,
1095 1312 1352 1383 mquitate
1405 1310 1598 1369 debeat
1644 1309 1959 1365 imminente
2001 1326 2088 1367 re-

516 1403 689 1459 stitui.

585 1513 812 1572 Constat
837 1516 1102 1586 siquidem
1123 1515 1347 1573 fundum
1372 1515 1454 1571 ill.
1487 1515 1541 1570 in
1571 1513 1689 1572 loco
1716 1513 1799 1570 Ill.
1825 1514 2087 1571 constitu-

514 1608 652 1670 tum,
684 1606 776 1675 qui
805 1606 1005 1662 dudum
1048 1622 1097 1674 a,
1124 1614 1218 1662 tuo
1256 1607 1586 1662 monasterio
1632 1605 1973 1662 detinebatur
2014 1605 2083 1663 ab

2197 595 2494 651 detentum.

2264 686 2418 743 Nunc
2462 687 2649 759 igitur,
2702 688 2985 759 quoniam,
3033 704 3280 762 supernas
3329 690 3547 761 pietatis
3588 696 3755 764 gratia

2191 778 2541 850 suffragante,
2571 779 2889 849 praedictum
2929 781 3313 836 monasterium
3344 788 3518 849 tuum,
3551 798 3653 840 nos
3680 786 3745 841 εἰ·

2192 880 2285 928 cut
2311 887 2380 927 ex
2407 872 2704 942 antiquitus
2733 870 2857 938 fuit,
2893 872 3068 928 denuo
3112 871 3521 941 conﬁrmamus,
3563 875 3760 930 statui-

2192 980 2337 1032 mus,
2370 973 2432 1020 ut
2470 966 2591 1032 hoc,
2623 965 2765 1036 quod
2807 980 2963 1021 suum
2991 974 3094 1034 est,
3144 965 3336 1023 debeat
3374 968 3496 1024 sine
3535 976 3760 1025 cuncta-

2189 1056 2336 1112 tione
2356 1057 2619 1128 recipere.
2842 1078 2847 1081 λ

2260 1148 2338 1203 Ea
2366 1150 2433 1205 de
2458 1165 2517 1205 ne
2547 1149 2707 1219 hujus
2742 1150 3011 1223 privilegii
3036 1151 3328 1208 autoritate
3354 1151 3759 1217 conﬁrmantes,

2188 1247 2314 1294 ante
2339 1240 2541 1296 dictum
2573 1240 2753 1297 locum
2801 1241 2858 1296 in
2903 1239 3129 1312 praefato
3177 1242 3510 1299 monasterio
3558 1244 3762 1299 consti-

2184 1331 2404 1396 tuimus,
2429 1339 2696 1401 quatenus
2719 1331 2789 1387 ad
2804 1330 2896 1400 jus
2919 1331 3163 1400 ejusdem
3189 1332 3528 1397 monasterii,
3559 1333 3627 1388 de
3648 1348 3761 1402 quo

2191 1422 2431 1478 ablatum
2474 1422 2673 1489 fuerat,
2726 1432 3051 1490 revertatur,
3098 1432 3158 1481 et
3204 1424 3262 1481 in
3310 1425 3481 1496 ipsius
3524 1423 3765 1481 dominio

2190 1514 2307 1571 sine
2331 1515 2681 1587 ambiguitate
2700 1524 3037 1589 permaneat.

2260 1604 2599 1675 Statuentes,
2628 1618 2735 1665 etc.

518 1733 3760 1798 Μ

930 1895 1889 2058 DISSERTATIONES
1992 1896 2155 2054 ΑΙ)
2254 1900 2693 2060 LIBRUM
2796 1906 3363 2063 DIURNUM.

1499 2287 2276 2380 DISSERTATIO
2350 2293 2782 2412 PRIMA.

958 2486 1273 2534 APPENDIX
1314 2486 1401 2531 an
1440 2485 1638 2531 noras
1680 2486 1919 2531 CAPITIS
1961 2485 2165 2545 PRIMI,
2211 2466 2284 2530 de
2328 2457 2623 2535 Iddiculo
2658 2470 2992 2537 scribmdw
3025 2474 3316 2555 epistolis.

587 2705 745 2779 15,3
774 2704 816 2759 ι.
855 2701 1120 2758 Dubitare
1164 2713 1276 2755 non
1322 2696 1473 2764 licet,
1523 2696 1735 2753 litteras
1786 2697 2091 2768 pontiﬁcias
2116 2700 2166 2761 B
2193 2709 2414 2771 repente
2440 2702 2689 2758 inductus
2725 2711 2828 2769 est,
2870 2705 2965 2761 sed
3000 2706 3277 2776 paulatim,
3314 2708 3434 2767 aliis
3459 2710 3617 2771 aliter
3640 2718 3769 2788 epi-

508 2801 588 2857 ita
622 2795 909 2867 aliquando
937 2791 1226 2862 inscriptas
1258 2788 1447 2855 fuisse,
1468 2796 1529 2845 ut
1560 2804 1756 2845 nomen
1780 2805 1935 2844 suum
1956 2804 2090 2860 pon-

506 2888 642 2945 tifex
667 2890 1019 2957 postponeret
1050 2879 1256 2936 nomini
1284 2878 1446 2945 illius,
1477 2880 1544 2934 ad
1578 2894 1740 2949 quem
1780 2880 2043 2935 scriberet
2068 2893 2084 2933 :

507 2979 564 3035 id
600 2978 742 3033 enim
768 2967 1014 3047 plurimae
1041 2970 1355 3042 pontiﬁcum
1381 2969 1621 3040 epistolas
1654 2976 1838 3040 aperte
1869 2969 2083 3025 docent.

580 3067 644 3122 ll.
686 3066 803 3133 Quo
830 3063 1066 3134 primum
1098 3068 1339 3129 tempore
1366 3075 1499 3115 usus
1538 3056 1639 3114 iste
1678 3058 1922 3129 cmperit,
1955 3058 2087 3114 deﬁ-
2148 3064 2174 3083 "

505 3160 614 3214 niri
640 3173 748 3213 non
788 3162 988 3226 potest,
1036 3152 1252 3223 quando
1294 3151 1509 3223 quidem
1549 3150 1807 3222 epistolae,
1839 3166 1960 3221 quae
1980 3151 2087 3207 cir-

460 3288 461 3291 η
506 3251 883 3308 cumferuntur
923 3248 1058 3303 datte
1106 3255 1232 3301 ante
1268 3247 1482 3301 Damasi
1527 3246 1817 3316 Siriciique
1843 3253 2082 3312 aetatem,

504 3351 596 3398 aut
638 3342 810 3397 dubiae
850 3347 995 3402 sunt,
1026 3344 1119 3392 aut
1142 3344 1295 3392 certo
1321 3337 1696 3406 supposititise,
1725 3345 1924 3405 prater
1950 3352 2084 3407 pau-

501 3450 619 3499 cas,
652 3449 771 3504 quae
804 3432 1153 3501 probatorum
1184 3426 1522 3497 Scriptorum
1568 3427 1721 3481 libris
1746 3427 2080 3482 inseruntur.

574 3523 659 3580 ill.
701 3521 966 3590 Quamdiu
990 3518 1272 3583 manserit,
1299 3532 1367 3572 ex
1398 3532 1463 3572 eo
1492 3524 1724 3582 constat,
1749 3517 1892 3587 quod
1921 3532 1953 3571 a
1977 3518 2083 3572 Da-

500 3617 639 3671 masi
671 3614 961 3684 Siriciique
1001 3610 1335 3682 temporibus
1362 3609 1552 3665 deduci
1579 3617 1757 3680 potest
1782 3610 1853 3665 ad
1877 3626 2083 3667 nonum

502 3708 759 3764 saeculum
785 3703 1026 3769 traditio,
1069 3717 1176 3772 qua
1199 3709 1309 3757 tam
1336 3700 1429 3755 diu
1455 3708 1701 3757 servatus
1725 3701 2048 3757 ostenditur.

574 3799 663 3852 IV.
711 3795 954 3851 Traditio
998 3808 1063 3849 eo
1106 3792 1309 3849 certior
1344 3798 1449 3855 est,
1482 3806 1590 3860 quo
1628 3791 1927 3846 inﬁrmiora
1956 3798 2083 3847 sunt

504 3894 818 3959 argumenta
846 3887 970 3951 duo,
1022 3898 1142 3953 quae
1171 3883 1225 3937 in
1257 3880 1589 3937 contrarium
1630 3879 1811 3933 aﬁ‘erri
1854 3887 2076 3948 queunt.

500 3979 739 4034 Primum
762 3985 864 4041 est,
892 3974 1091 4032 referri
1108 3970 1364 4041 epistolas
1378 3970 1540 4024 unius
1552 3967 1898 4039 ejusdemque
1923 3984 2077 4038 papae

2191 2792 2345 2848 stolis
2393 2792 2633 2861 ejusdem
2680 2794 2953 2865 pontiﬁcis
3009 2796 3302 2870 inscriptis,
3351 2802 3522 2860 donec
3572 2807 3769 2875 quinto

2190 2884 2408 2939 tandem
2455 2883 2651 2939 saeculo
2706 2884 2922 2955 penitus
2970 2886 3301 2944 invaluerit:
3346 2891 3489 2947 idem
3549 2893 3772 2951 videtur

2187 2971 2356 3028 fuisse
2381 2973 2681 3038 desinendi,
2719 2974 2811 3043 qui
2852 2973 3143 3045 incipiendi
3171 2981 3382 3035 modus.

2260 3061 2529 3119 Secunda.
2580 3062 2699 3119 Non
2750 3071 2895 3129 sunt,
2941 3074 3001 3120 ut
3028 3066 3142 3136 jam
3189 3069 3394 3136 monui,
3437 3070 3774 3129 consulenda

2187 3168 2350 3226 super
2370 3170 2435 3212 ea
2457 3155 2753 3226 quaestione
2791 3167 3003 3227 regesta
3021 3158 3356 3227 pontiﬁcum,
3387 3160 3481 3231 qui
3507 3177 3537 3216 a
3567 3171 3773 3231 quarto

2186 3246 2385 3303 saeculo
2414 3246 2481 3302 ad
2506 3262 2705 3302 nonum
2738 3247 2994 3303 sederunt
3019 3268 3033 3302 :
3055 3250 3376 3307 collectores
3400 3254 3545 3309 enim
3566 3255 3771 3310 solem-

2185 3351 2287 3390 nes
2309 3335 2684 3405 inscriptiones
2709 3335 3244 3408 subscriptionesque
3270 3342 3767 3409 praetermiserunt.

2185 3425 2437 3497 Epistolae
2463 3426 2627 3496 igitur
2652 3425 2709 3481 S.
2734 3425 2951 3492 Leonis,
2979 3442 3101 3496 qua:
3127 3428 3181 3484 in
3211 3430 3498 3486 recentiori
3524 3432 3779 3489 editione

2185 3515 2423 3589 Operum
2466 3517 2762 3573 solemnem
2821 3516 3103 3574 famulam
3149 3518 3478 3601 sinterunt,
3547 3521 3783 3580 aliunde

2186 3618 2421 3681 acceptae
2442 3616 2569 3664 sunt
2582 3609 2651 3665 ab
2664 3608 2871 3665 editore
2891 3622 3119 3687 nupero,
3132 3616 3189 3665 et
3209 3606 3432 3677 adjectae
3456 3607 3779 3668 collectioni

2184 3704 2374 3762 veteri.

2256 3793 2458 3850 Tertia.
2512 3792 2753 3860 Quorum
2779 3792 3095 3865 pontiﬁcum
3115 3791 3357 3862 epistolae
3376 3792 3491 3849 suis
3527 3808 3559 3848 a
3584 3791 3768 3850 colle-

2184 3882 2421 3937 ctoribus
2451 3880 2781 3936 detruncata:
2822 3888 2968 3945 sunt,
3015 3882 3342 3949 minutasque
3381 3882 3535 3949 quasi
3579 3882 3776 3953 capite

2184 3981 2241 4027 et
2264 3971 2507 4041 pedibus,
2539 3971 2643 4025 illae
2691 3970 2738 4025 si
2783 3969 2998 4038 quando
3042 3971 3182 4037 apud
3238 3969 3493 4040 probatos
3542 3980 3778 4032 autores

498 4080 732 4143 utroque
761 4038 919 4127 modo
973 4038 1282 4133 inscriptas.
1329 4062 1595 4127 Alterum,
1629 4070 1840 4133 regesta
1884 4061 2081 4117 Leonis
2110 4038 2153 4101 (ἶ
2185 4038 2305 4116 aliis
2330 4060 2545 4115 inserta:
2586 4059 2801 4130 scriptis
2844 4058 3206 4129 reperiuntur,
3240 4038 3479 4129 integra:
3523 4070 3674 4128 sunt,
3699 4072 3773 4119 ut

500 4163 700 4234 Magni,
735 4160 1084 4230 Gregoriique
1108 4155 1315 4227 pariter
1336 4152 1530 4223 Magni,
1562 4152 1757 4221 quibus
1782 4150 1928 4205 nulla
1958 4150 2078 4206 {ue--

496 4262 629 4309 runt
656 4252 847 4325 primis
873 4248 1084 4305 saeculis
1108 4244 1501 4307 numerosiora,
1544 4242 1701 4314 plena
1728 4256 1849 4298 esse
1883 4243 2080 4314 episto-

497 4345 588 4408 lis,
617 4346 671 4397 in
701 4343 896 4410 quibus
934 4353 1130 4394 nomen
1157 4335 1427 4407 pontiﬁcis
1454 4334 1635 4405 priore
1676 4334 1794 4390 loco
1838 4333 2075 4403 ponitur.

572 4432 636 4486 γ.
672 4427 973 4483 Fatendum
1000 4434 1085 4480 est
1112 4426 1211 4479 sub
1239 4425 1402 4479 ﬁnem
1451 4422 1629 4491 quarti
1677 4421 1880 4485 muli,
1923 4421 2081 4490 quin-

496 4526 647 4593 tique
679 4520 913 4581 initium,
949 4516 1230 4584 utriusque
1258 4513 1402 4569 modi
1434 4504 1814 4579 inscriptiones
1848 4511 2079 4566 usitatas

496 4628 654 4670 esse:
679 4609 773 4665 sed
800 4606 1078 4663 fatendum
1102 4604 1278 4667 simul,
1305 4619 1338 4658 a
1368 4602 1547 4657 Leone
1574 4600 1784 4671 Magno,
1813 4600 1903 4671 qui
1936 4615 2077 4657 anno

495 4703 604 4759 440
635 4698 1015 4756 Pontiﬁcatum
1042 4695 1215 4758 inivit,
1242 4710 1413 4764 usque
1435 4693 1503 4748 ad
1534 4690 1796 4747 Joannem
1820 4690 1952 4757 Vlll,
1983 4693 2076 4763 qui

497 4810 627 4850 ann.
665 4790 770 4847 8‘72
808 4788 997 4844 sedere
1021 4786 1202 4855 erepit,
1248 4784 1468 4840 unicum
1514 4797 1720 4839 morem
1760 4781 2077 4847 invaluisse,

493 4880 848 4956 postponendi
874 4894 1066 4948 nempe
1091 4877 1324 4933 nominis
1350 4874 1638 4946 pontiﬁcis.

567 4976 656 5031 Vl.
695 4974 880 5045 Neque
898 4970 1224 5027 credendum
1250 4969 1476 5041 regestis
1488 4968 1688 5024 Leonis
1700 4966 2071 5040 Gregoriique,

496 5074 781 5140 propterea
804 5064 946 5135 quod
975 5080 1003 5117 a
1033 5062 1411 5118 collectoribus
1440 5061 1698 5132 neglecta:
1732 5061 1845 5115 sint
1877 5060 2073 5115 solem-

495 5179 594 5219 nes
638 5160 988 5233 epistolarum
1042 5156 1420 5227 inscriptiones
1494 5170 1558 5209 ac
1624 5155 2069 5223 subscriptiones,

495 5269 634 5322 quas
655 5250 868 5323 probati
900 5256 1150 5305 auctores
1178 5247 1269 5301 alii
1317 5246 1428 5301 suis
1455 5245 1670 5315 scriptis
1703 5245 2066 5300 inseruerunt.

496 5345 630 5399 Cum
658 5345 802 5398 enim
828 5343 1144 5399 collectores
1165 5338 1364 5394 vellent
1403 5351 1627 5408 parcere
1656 5336 1872 5391 fastidio
1898 5336 2067 5392 lecto-

496 5451 641 5499 rum,
672 5435 815 5504 quod
843 5443 1099 5505 perpetua
1136 5430 1375 5499 ejusdem
1412 5428 1653 5485 formulae
1695 5429 1946 5498 repetitio
1975 5444 2071 5499 pa-

495 5531 659 5586 reret,
694 5523 932 5576 contenti
962 5530 1086 5577 sunt
1136 5522 1338 5585 dicere,
1382 5520 1525 5588 quis,
1565 5520 1651 5575 cui
1693 5521 1979 5584 scriberet,
2015 5526 2069 5574 et

494 5633 600 5687 qua
625 5617 688 5670 de
723 5630 782 5668 re
806 5632 819 5667 :
846 5612 939 5667 scd
974 5614 1087 5667 haec
1126 5621 1315 5682 postea
1346 5611 1626 5682 prolixius.
1658 5610 1812 5665 Nunc
1839 5609 2066 5664 texenda

494 5706 773 5761 traditioni
814 5704 1001 5767 series,
1048 5704 1340 5771 praemissis
1377 5711 1559 5756 tamen
1587 5702 1924 5756 cautionibus
1946 5714 2062 5754 sex.

558 5796 728 5865 146.
764 5795 873 5854 V'll.
906 5795 1105 5852 Prima.
1135 5793 1249 5857 Mos
1277 5795 1389 5860 ille,
1422 5795 1488 5849 de
1514 5809 1621 5863 quo
1644 5794 1934 5863 loquimur,
1957 5808 2064 5849 non

2093 5389 2147 5447 D

2180 4152 2491 4222 plurimum,
2520 4157 2575 4205 et
2599 4150 2726 4204 hinc
2762 4148 2966 4203 idcirco
2992 4150 3258 4220 petendae.

2254 4242 2471 4311 Quarta.
2520 4242 2653 4296 Cum
2682 4239 2965 4311 pontiﬁces
2994 4239 3079 4295 vel
3128 4240 3424 4297 sententias
3460 4242 3767 4299 damnatio-

2182 4334 2266 4390 nis
2291 4333 2345 4387 in
2373 4331 2603 4401 aliquos,
2644 4338 2703 4385 ut
2724 4329 2950 4401 Vigilius
2993 4328 3048 4383 in
3075 4330 3358 4387 Rusticum
3389 4338 3446 4387 et
3473 4330 3757 4388 Sebastia-

2180 4438 2334 4487 num,
2362 4422 2448 4478 vel
2473 4421 2542 4476 ad
2571 4420 2819 4476 homines
2861 4418 3239 4477 communione
3265 4422 3528 4491 privatos,
3556 4431 3617 4477 ut
3651 4422 3759 4477 Fe-

2180 4511 2253 4565 lix
2280 4512 2347 4566 ad
2377 4511 2654 4577 Acacium,
2692 4510 2959 4575 scribunt,
3006 4518 3134 4565 tunc
3154 4525 3357 4581 nomen,
3379 4527 3535 4567 suum
3563 4509 3760 4581 praefe-

2179 4610 2328 4669 runt,
2351 4602 2494 4671 quod
2516 4602 2653 4656 ratio
2679 4610 2734 4657 et
2754 4599 2965 4671 judicii,
2999 4608 3056 4656 et
3085 4600 3209 4656 ﬁdei
3233 4586 3409 4669 jubet.

2249 4693 2471 4762 Quinta.
2512 4692 2791 4747 Nonnullis
2823 4691 3075 4762 videntur
3112 4691 3414 4763 pontiﬁces,
3453 4707 3575 4747 cum
3615 4707 3757 4763 pra:-

2178 4786 2496 4844 cellentibus
2522 4784 2842 4855 quibusdam
2888 4784 3136 4855 personis
3182 4784 3502 4850 scriberent,
3553 4800 3750 4843 nomen

2176 4895 2333 4935 suum
2371 4876 2768 4950 postposuisse;
2804 4890 2928 4930 cum
2971 4873 3335 4940 inferioribus,
3366 4877 3748 4947 praeposuisse.

2170 4971 2232 5026 'ld
2252 4980 2364 5027 uta
2388 4985 2517 5025 vero
2547 4970 2741 5024 abesse
2766 4967 3218 5033 demonstremus,
3244 4968 3299 5023 in
3326 4969 3555 5023 texenda
3576 4968 3752 5023 tradi-

2175 5064 2337 5121 tionis
2360 5063 2518 5128 scrie,
2546 5060 2807 5130 exemplis
2850 5066 3067 5113 utemur
3101 5060 3450 5129 epistolarum
3480 5061 3549 5115 ad
3575 5061 3750 5130 impe-

2174 5164 2403 5220 ratores,
2439 5153 2813 5222 episcoporum
2856 5156 3053 5215 coetus,
3104 5158 3161 5203 et
3204 5150 3444 5220 privatas
3489 5164 3752 5220 personas

2173 5248 2444 5303 datarum.

2244 5337 2428 5392 Sexta.
2480 5334 2541 5389 In
2578 5330 2885 5388 traditionis
2908 5330 3051 5386 serie
3077 5332 3379 5388 servabitur
3402 5332 3536 5387 ordo
3564 5346 3750 5388 succe-

2173 5430 2412 5485 dentium
2454 5425 2557 5482 sibi
2584 5423 2930 5495 pontiﬁcum;
2968 5438 3067 5478 nec
3095 5423 3235 5479 ullus
3267 5424 3567 5490 omittetur,
3593 5424 3747 5494 cujus

2171 5521 2472 5575 habeantur
2495 5516 2755 5587 epistolae,
2796 5514 2881 5569 vel
2927 5529 3213 5585 germanae,
3260 5514 3344 5569 vel
3391 5514 3746 5571 honoriﬁcam

2170 5612 2576 5682 inscriptionem
2612 5608 3171 5677 subscriptionemque
3207 5607 3565 5665 continentes.
3617 5605 3744 5661 Haec

2169 5704 2314 5759 enim
2334 5710 2461 5757 nota
2484 5702 2639 5755 docet
2667 5698 2921 5768 epistolas
2945 5714 2976 5753 a
2996 5698 3378 5755 collectoribus
3392 5698 3744 5756 relator-ibus-

2132 5798 2137 5801 '
2166 5808 2272 5864 que
2300 5807 2405 5849 non
2426 5791 2593 5849 fuisse
2619 5788 2913 5845 mutilatas.
