4062 6450
300 411 404 471 ﬂ!

876 516 1168 578 SECULO
1204 518 1295 576 IV.

376 616 637 672 Damasus
664 614 852 672 sedere
876 614 1040 685 accpit
1062 627 1188 667 ann.
1216 611 1341 667 567.

375 704 733 761 Dilectissimis
763 703 1010 772 fratribus
1038 699 1276 767 Acha'lia,
1322 699 1615 773 Eurydica,
1658 698 1869 765 Seuero,

302 794 525 862 Urania,
554 793 798 865 Philippo
821 802 872 848 et
898 792 1119 858 Joanni,
1141 792 1423 849 Damasus.

372 886 719 941 Dilectissimo
746 886 900 955 fratri
937 884 1175 951 Achalio,
1202 883 1484 941 Damasus.

373 976 600 1033 Siricius
619 992 745 1031 ann.
770 975 897 1034 585.

372 1069 717 1126 Dilectissimo
752 1068 907 1139 fratri
933 1065 1146 1139 Anysio,
1180 1067 1423 1123 Siricius.

888 1159 1183 1218 SECULO
1216 1160 1285 1217 V.

368 1250 711 1308 Innocentius
744 1266 871 1307 ann.
898 1250 1026 1307 402.

367 1344 715 1398 Dilectissimo
746 1342 901 1412 fratri
924 1342 1140 1414 Anysia,
1161 1342 1518 1398 Innocentius.

372 1433 528 1506 145
566 1433 917 1488 Dilectissimo
946 1434 1102 1503 fratri
1126 1431 1286 1502 Rufo,
1314 1430 1677 1486 Innocentius.

364 1525 671 1581 Bonifacius
703 1525 746 1580 Ι.
770 1540 896 1580 ann.
927 1522 1057 1580 418.

360 1615 714 1675 Dilectissimo
759 1616 916 1686 fratri
969 1614 1133 1685 Rufa,
1191 1612 1522 1684 Bonifacius.
1554 1611 1759 1669 Eadem
1783 1610 1868 1667 in-

289 1708 584 1778 scriptione
632 1707 752 1765 alize
788 1708 907 1766 dua:
946 1702 1078 1763 sunt
1113 1704 1453 1776 ejusdem‘ad
1478 1704 1725 1761 eumdem
1748 1703 1864 1774 epi-

286 1799 459 1855 stolas.

284 1978 475 2035 saliam
500 1980 813 2044 constitutis,
840 1976 1175 2050 Bonifacius.

361 2068 731 2127 Dilectissimis
775 2069 1029 2140 fratribus
1062 2068 1223 2139 Rufo,
1274 2076 1323 2123 et
1362 2067 1561 2124 caeteris
1609 2067 1862 2141 episcopis

1274 404 1883 467 DISSERTATIONES.
1924 435 1993 448 —
2026 403 2483 462 DISSERTATIO
2521 406 2561 461 Ι.

1894 522 1950 582 Α
2042 518 2191 574 Felix
2220 528 2348 584 ann.
2380 520 2502 576 485.

3430 403 3544 456 19⁸8

2046 611 2205 683 146
2223 611 2611 667 Glariosissimo
2658 628 2721 667 ac
2766 610 3092 667 serenissima
3137 609 3250 681 ﬁlio
3303 608 3545 679 Zenoni,

1968 701 2126 756 Felix
2153 704 2442 773 episcopus,
2474 704 2529 757 in
2551 702 2779 757 Domino
2803 701 3047 757 salutem.

2036 794 2387 849 Dilectissimo
2413 792 2597 849 Fratri
2626 792 2849 860 Zenoni,
2879 791 3050 849 Felix.

2038 883 2288 941 Gelasius
2311 902 2437 941 ann.
2469 885 2595 941 492.

2037 972 2386 1033 Dilectissimo
2416 976 2571 1045 fratri
2598 973 2961 1045 Euphemiano
2988 1014 3004 1041 ,
3044 971 3304 1030 Gelasius.
3338 974 3542 1031 Eadem

1969 1061 2319 1134 inscriptione
2348 1065 2433 1119 bis
2459 1065 2527 1119 ad
2554 1064 2850 1120 Honbrium
2872 1063 3152 1120 Dalmatia:
3179 1065 3490 1136 episcopum
3520 1104 3538 1130 ,

1968 1151 2133 1207 semel
2175 1153 2244 1206 ad
2273 1151 2531 1210 Eonium
2553 1154 2925 1213 Arelatensem
2950 1195 2968 1222 ,
3005 1155 3173 1231 semel
3220 1156 3436 1227 pariter
3472 1155 3544 1211 ad

1966 1241 2251 1297 Rusticum
2276 1242 2708 1315 Lugdunensem.

2034 1332 2399 1389 Dilectissimis
2429 1335 2681 1404 fratribus
2713 1336 2968 1393 uniuersis
2997 1336 3250 1408 episcopis
3274 1353 3366 1407 per
3400 1336 3550 1391 Dar—

1964 1423 2181 1479 daniam
2204 1425 2516 1492 constitutis,
2547 1424 2787 1482 Gelasius
2810 1428 3097 1498 episcopus.
3120 1427 3323 1501 Eadem
3344 1426 3546 1482 inscri—

1961 1517 2148 1587 ptione
2173 1516 2240 1572 ad
2270 1517 2551 1589 episcOpos
2574 1534 2670 1589 per
2696 1519 2991 1576 Lucaniam
3014 1559 3031 1587 ,
3058 1518 3275 1576 Brutios
3299 1528 3357 1576 et
3394 1518 3543 1576 Sici—

1965 1604 2116 1673 liam,
2140 1615 2198 1663 et
2223 1609 2291 1663 ad
2317 1608 2636 1666 Orientales.

2032 1697 2353 1756 Anastasius
2378 1717 2507 1757 anu.
2538 1701 2663 1772 496.

2037 1788 2379 1847 Gloriossimo
2416 1802 2467 1848 et
2507 1793 2907 1850 clementissima
2955 1794 3069 1864 filio
3101 1793 3384 1851 Anastasio
3423 1791 3539 1847 Au-

354 1889 724 1945 Dilectissimis
753 1889 1005 1960 fratribus
1028 1889 1285 1944 universis
1309 1886 1560 1958 episcopis
1583 1901 1677 1956 per
1711 1883 1865 1940 Thes-
1888 1864 1939 1927 Β
1964 1889 2135 1952 gusto,
2164 1883 2477 1940 Anastasius
2509 1888 2797 1957 episcopus.

2035 1972 2391 2045 Symmachus
2414 1991 2545 2033 ann.
2574 1974 2700 2032 £98.

2031 2062 2382 2121 Dilectissimo
2412 2066 2569 2137 fratri
2606 2066 2806 2123 rEonio
2836 2065 3197 2139 Symmachus.
3230 2066 3329 2123 Est
3352 2072 3416 2121 et
3435 2067 3542 2122 alia

279 2176 376 2231 per
402 2159 771 2216 Macedoniam
793 2199 810 2227 ,
839 2156 1116 2226 Achaiam,
1143 2157 1467 2215 Thessaliam
1493 2198 1509 2225 ,
1531 2157 1753 2230 Epirum
1778 2176 1863 2215 re-
1961 2154 2031 2211 ad
2058 2146 2290 2211 eundem
2317 2156 2507 2213 eadem
2534 2157 2905 2227 inscriptione.
2943 2156 3082 2213 Sunt
3111 2157 3233 2212 aliae
3255 2157 3375 2212 dua:
3399 2154 3549 2225 ejus-

282 2260 465 2319 terem,
492 2252 715 2324 Epirum
744 2268 934 2308 novam
950 2292 968 2319 ,
994 2250 1306 2320 Prteaalem,
1335 2260 1384 2308 et
1410 2250 1637 2307 Daciam
1663 2251 1858 2307 consti-

280 2344 429 2409 tutis,
455 2342 787 2413 Bonifacius.

352 2435 659 2492 Celestinus
682 2451 810 2491 ann.
840 2433 968 2493 425.

357 2525 718 2600 Dilectissimis
746 2525 1000 2596 fratribus
1020 2522 1289 2596 Perigeni,
1324 2521 1558 2595 Dynato,
1586 2532 1693 2581 etc.
1725 2522 1860 2596 Epi-

278 2620 537 2690 spiscopis
564 2635 654 2690 per
684 2617 982 2689 Illyricum,
1020 2616 1330 2673 Celestinus.

356 2709 703 2765 Dilectissimo
726 2707 885 2778 fratri
927 2706 1194 2785 Nestorio,
1234 2705 1547 2763 Celestinus.

355 2800 556 2871 Xystus
583 2801 667 2857 ill.
694 2817 822 2857 ann.
846 2800 976 2856 452.

351 2892 714 2950 Dilectissimis
758 2892 1007 2963 fratribus
1046 2892 1300 2948 universis
1345 2889 1594 2963 episcopis
1644 2887 1859 2961 Synado

275 2983 423 3054 apud
450 2982 873 3038 Thessalonicam
900 2982 1298 3055 congregandis,
1319 2980 1541 3053 Xystus.

352 3073 706 3129 Dilectissimo
732 3073 886 3142 fratri
913 3071 1127 3139 Proclo,
1152 3070 1372 3143 Xystus.

1961 2248 2086 2303 dem
2109 2246 2480 2318 inscriptionis
2502 2247 2568 2303 ad
2590 2245 2888 2304 Caesarium
2911 2247 3307 2304 Arelatensem.
3366 2276 3369 2279 λ

2030 2336 2381 2409 Dilectissimo
2401 2346 2559 2408 atque
2586 2338 2895 2393 charissima
2921 2338 3076 2408 fratri
3104 2337 3388 2393 Laurentio
3426 2336 3550 2392 Me-

1958 2429 2281 2486 diolanensis
2310 2429 2565 2486 Ecclesia:
2593 2432 3002 2503 archiepiscopo,
3046 2428 3392 2501 Symmachus
3432 2428 3544 2499 epi-

1958 2535 2168 2590 scopus,
2198 2521 2256 2574 in
2279 2519 2506 2575 Domino
2533 2519 2776 2575 salutem.

2028 2610 2396 2666 Dilectissimis
2426 2610 2677 2680 fratribus
2704 2612 2956 2682 episcopis
2980 2611 3147 2681 Afris,
3174 2608 3537 2681 Symmachus.

1959 2702 2164 2758 Eadem
2188 2702 2543 2775 inscriptione
2569 2704 2640 2759 ad
2682 2702 2980 2776 Episcopos
3012 2717 3111 2774 per
3139 2700 3378 2758 Galliam
3410 2714 3542 2757 eon-

1957 2790 2235 2851 sistentee.
2287 2813 2303 2861 ί
2337 2863 2441 2877 "9

2370 2874 2383 2881 ’⁴
2526 2883 2830 2944 δέεαι]ιο
2867 2884 2961 2941 Vl.

2028 2976 2345 3037 Hormisdas
2371 2993 2498 3035 ann.
2530 2978 2657 3035 5H.
2709 2979 2729 3000 ⁸
2832 2986 2840 2996 ‘

2028 3069 2374 3128 Dilectissimo
2422 3072 2578 3141 fratri
2626 3070 2878 3143 Remigio,
2938 3069 3248 3145 Hormisda.
3297 3069 3539 3126 Eandem

354 3165 717 3221 Dilectissimis
751 3165 1003 3235 fratribus
1026 3166 1282 3221 universis
1329 3162 1580 3235 episcopis
1606 3178 1699 3235 per
1723 3161 1857 3233 Illy—
1881 3207 1926 3271 Ο
1958 3158 2364 3271 inscriptionem
2416 3161 2710 3232 praeferunt
2772 3161 3011 3232 epistolae
3056 3163 3125 3217 ad
3169 3161 3498 3217 Dorotheum
3520 3198 3539 3226 ,

271 3256 449 3311 risum
475 3254 891 3323 consistentibus,
920 3255 1139 3326 Xystus.

351 3347 462 3403 Leo
480 3346 522 3402 Ι.
554 3363 683 3403 ann.
710 3348 835 3404 M0.

349 3439 703 3494 Dilectissimo
730 3439 888 3507 fratri
917 3438 1196 3505 Anatolio,
1242 3437 1366 3494 Leo.
1405 3436 1606 3494 Eadem
1654 3436 1852 3494 inscri-

256 3531 462 3603 ptione
489 3530 608 3586 aliae
634 3530 752 3585 dua:
780 3540 907 3585 sunt
932 3528 1173 3598 ejusdem
1193 3529 1435 3600 epistolae
1456 3530 1524 3585 ad
1544 3529 1812 3584 eumdem.

347 3620 716 3674 Dilectissimis
742 3619 992 3689 fratribus
1030 3620 1281 3691 episcopis
1325 3618 1744 3688 Metropolitanis
1766 3633 1858 3688 per

250 3711 562 3782 Illyricum
584 3710 911 3774 constitutis,
964 3710 1088 3765 Leo.
1127 3710 1330 3764 Eadem
1381 3709 1737 3779 inscriptione
1773 3714 1859 3762 est

253 3802 384 3860 alia
410 3800 481 3856 ad
508 3798 950 3871 Metropolitanos
974 3814 1073 3870 per
1095 3798 1374 3854 Achaiam.

350 3892 737 3948 Gloriasissimo
769 3902 820 3948 et
854 3893 1249 3949 clementissimo
1283 3890 1571 3947 Theodosio
1598 3892 1854 3963 Augusto,

260 3988 385 4045 Leo
413 3988 703 4057 episcopus,
728 3996 777 4041 et
807 3995 991 4042 sancta
1022 3984 1264 4056 Synadus
1286 3984 1467 4040 Romae
1492 3982 1728 4039 collecta.

350 4076 753 4133 Gloriosissima:
775 4086 823 4131 et
843 4076 1253 4132 clementissima:
1275 4074 1403 4144 ﬁlice
1422 4072 1719 4130 Pulcheriw
1742 4076 1854 4130 Au-

266 4180 467 4243 gustae,
498 4169 603 4225 Leo
634 4169 901 4240 episcopus
925 4208 940 4234 ,
966 4176 1075 4225 etc.

350 4259 714 4317 Dilectissimis
745 4258 998 4328 fratribus
1022 4258 1277 4314 universis
1301 4256 1553 4329 episcopis
1578 4272 1671 4327 per
1699 4256 1856 4311 Vien-

268 4367 488 4409 nensem
517 4351 857 4422 prouinciam,
890 4348 1016 4405 Leo.

351 4443 713 4501 Dilectissimis
743 4441 996 4512 fratribus
1023 4438 1365 4496 Constantino
1386 4475 1404 4505 ,
1440 4436 1724 4505 Audentio,
1745 4443 1852 4493 etc.

274 4537 390 4594 Leo
413 4553 568 4607 papa.

350 4628 699 4684 Dilectissimo
731 4626 889 4698 fratri
918 4623 1207 4690 Rauennio,
1231 4620 1357 4677 Leo.

350 4718 567 4775 Hilarus
604 4734 729 4774 ann.
768 4716 893 4796 46L

348 4812 701 4868 Dilectissimo
766 4810 921 4880 fratri
980 4808 1227 4873 Ascanio,
1274 4803 1497 4860 Hilarus
1561 4804 1848 4875 episcopus.

271 4903 479 4960 Eadem
520 4901 869 4972 inscriptione
915 4905 1042 4955 sunt
1074 4898 1195 4953 alia:
1222 4901 1454 4967 quatuor
1479 4894 1545 4950 ad
1573 4893 1856 4951 Leontium

274 4994 674 5050 Arelatensem.

348 5085 714 5142 Dilectissimis
764 5083 1017 5155 fratribus
1067 5082 1321 5154 episcopis
1368 5081 1648 5153 provincia:
1703 5077 1859 5135 Vien-

278 5181 481 5245 nensis,
512 5179 896 5251 Lugdunensis,
927 5175 1286 5233 Narbonensis
1316 5177 1500 5246 prima
1520 5182 1568 5228 et
1593 5172 1855 5237 secundis,

278 5282 329 5326 et
358 5269 570 5341 Alpium
619 5267 1000 5332 Penninarum,
1053 5266 1277 5321 Hilarus
1312 5266 1602 5337 episcopus.
1649 5264 1745 5319 Est
1790 5261 1861 5317 ad

279 5362 503 5417 eosdem
529 5360 719 5416 eadem
750 5357 1103 5427 inscriptione
1135 5356 1299 5412 altera
1331 5356 1575 5426 epistola.

351 5450 715 5506 Dilectissimis
748 5446 1000 5519 fratribus
1031 5444 1266 5511 Victuro,
1308 5444 1567 5517 Ingenua,
1602 5452 1730 5511 etc.,
1762 5442 1862 5497 Hi-

281 5541 450 5597 larus.

358 5634 670 5707 Simplicius
696 5650 825 5693 ann.
856 5631 980 5689 467,

358 5725 708 5781 Dilectissimo
735 5724 891 5795 fratri
918 5720 1137 5787 Zenoni,
1177 5718 1500 5789 Simplicius.
1532 5720 1732 5779 Eadem
1781 5720 1863 5778 in-

290 5816 585 5880 scriptione
608 5816 678 5873 ad
704 5814 963 5873 Acacium
992 5813 1145 5869 binas
1180 5811 1387 5869 litteras
1411 5809 1576 5867 dedit.

1812 6115 1864 6144 κ

1952 3250 2239 3319 Joannem,
2268 3253 2606 3311 Sallustium.

2023 3344 2389 3400 Dilectissimis
2416 3346 2668 3416 fratribus
2693 3346 2946 3401 universis
2969 3344 3222 3415 episcopis
3243 3361 3335 3416 per
3349 3342 3543 3413 Hispa-

1955 3437 2099 3492 niam
2120 3439 2415 3493 constitutis
2441 3478 2457 3505 ,
2489 3438 2801 3493 Hormisda.
2843 3436 3098 3507 Ejusdem
3138 3436 3287 3493 modi
3311 3442 3395 3491 est
3421 3434 3539 3504 cpi-

1957 3528 2093 3584 stola
2117 3530 2186 3584 ad
2206 3531 2489 3600 episcopos
2511 3545 2608 3599 per
2632 3531 2916 3585 Baeticam.

2024 3620 2375 3674 Dilectissimo
2430 3620 2585 3689 fratri
2630 3619 2861 3674 Ctesario
2884 3658 2900 3684 ,
2947 3618 3023 3673 vel
3057 3618 3140 3671 his
3166 3617 3257 3686 qui
3283 3616 3377 3671 sub
3404 3613 3541 3670 dile-

1958 3708 2146 3763 ctionis
2173 3718 2277 3763 tute
2305 3708 2633 3764 ordinatione
2668 3709 2978 3775 consistunt,
3010 3706 3319 3763 Hormisda.

2025 3797 2180 3853 Felix
2203 3797 2271 3852 1V
2296 3814 2423 3853 anu.
2451 3798 2575 3853 526.

2023 3887 2376 3943 Dilectissimo
2405 3889 2563 3959 fratri
2592 3888 2844 3956 Ctesario,
2878 3887 3052 3944 Felix.

2022 3975 2331 4032 Bonifacius
2357 3976 2403 4032 ll
2427 3993 2556 4033 ann.
2582 3978 2707 4033 550.

2021 4069 2378 4125 Dilectissimo
2408 4070 2566 4139 fratri
2596 4070 2846 4136 Casario,
2886 4070 3219 4141 Bonifacius.
3260 4094 3284 4141 7.-

2022 4157 2260 4214 Joannes
2284 4158 2329 4213 ιι
2359 4174 2487 4214 ann.
2517 4160 2645 4218 535.
3258 4140 3267 4157 '

2025 4246 2416 4303 Gloriosissimo
2445 4257 2494 4303 et
2528 4249 2930 4305 clementissimo
2959 4249 3073 4317 filio
3099 4246 3404 4301 Iustiniano
3430 4247 3541 4301 Au-

1954 4347 2127 4409 gusto,
2155 4337 2392 4393 Joannes
2426 4340 2696 4411 episcopus
2722 4340 2868 4393 urbis
2894 4339 3097 4394 Romen.

2027 4427 2394 4483 Dilectissimis
2424 4427 2678 4498 fratribus
2708 4428 2963 4483 universis
3012 4428 3264 4502 episcopis
3297 4444 3390 4501 per
3413 4426 3542 4485 Gal-

1878 4546 1935 4608 Β
1958 4516 2059 4575 lias
2084 4520 2401 4586 constitutis,
2428 4520 2679 4575 Joannes.

2027 4610 2382 4666 Dilectissimo
2415 4609 2580 4679 fratri
2602 4607 2855 4676 Gtesario,
2883 4610 3139 4666 Ioannes.

2021 4708 2293 4779 Agapetus
2321 4721 2446 4761 ann.
2472 4705 2595 4761 555.

2029 4797 2185 4869 147
2223 4796 2573 4852 Dilectissimo
2611 4795 2766 4865 fratri
2794 4792 3050 4861 Ctzsaria,
3076 4794 3358 4867 Agapetus.

2025 4889 2227 4943 Dilecto
2250 4888 2407 4958 fratri
2432 4886 2617 4952 Petra,
2642 4887 2924 4957 Agapetus.
3326 4870 3352 4885 ’

2027 4980 2260 5051 Vigilius
2283 4996 2410 5035 ann.
2442 4978 2569 5032 5i0.

2027 5070 2376 5125 Dilectissimo
2425 5068 2583 5139 fratri
2629 5067 2862 5124 Ctesario
2888 5109 2903 5135 ,
2944 5065 3428 5140 Vigilius.Eadem
3457 5072 3538 5119 est

1958 5160 2239 5229 inscriptio
2265 5160 2333 5215 ad
2359 5159 2698 5226 Eutherium,
2730 5167 2786 5215 et
2807 5160 3001 5216 iterum
3028 5160 3097 5215 ad
3115 5158 3427 5215 Caesarium.

2030 5252 2422 5311 Gloriosissima
2446 5261 2495 5309 et
2525 5252 2926 5309 clementissimo
2949 5252 3061 5321 ﬁlia
3088 5248 3417 5312 Iustiniano,
3448 5246 3537 5301 Vi-

1958 5348 2135 5420 gilius.

2028 5439 2378 5496 Dilectissimo
2405 5438 2562 5509 fratri
2592 5438 2800 5493 Menna:
2837 5434 3107 5504 episcopo,
3170 5429 3387 5503 Vigilius
3423 5436 3534 5503 epi-

1959 5548 2168 5602 scopus.
2196 5530 2399 5585 Eadem
2428 5528 2711 5599 inscriptio
2751 5532 2836 5579 est
2882 5521 3044 5576 trium
3084 5522 3433 5593 epistolarum
3465 5522 3531 5576 ad

1958 5622 2265 5679 Auxanium
2292 5622 2661 5678 Arelatentem
2685 5657 2700 5683 ,
2732 5616 2919 5672 eadem
2945 5624 3003 5672 et
3028 5616 3095 5672 ad
3118 5614 3493 5671 Aurelianum.

2029 5696 2392 5771 Dilectissimis
2420 5711 2671 5783 fratribus
2716 5710 2964 5766 universis
3012 5710 3261 5782 episcopis
3300 5707 3535 5762 omnium

1960 5807 2349 5877 provinciarum
2368 5818 2461 5874 per
2486 5798 2713 5868 Gallias,
2734 5801 2825 5875 qui
2851 5802 2945 5859 sub
2966 5806 3142 5876 :regno
3172 5796 3250 5855 cel
3283 5804 3530 5869 potestate

1939 6084 2039 6113 ἐπ
