4062 6442
555 378 661 442 ηδ

1811 377 1904 434 AD
1931 373 2200 432 LIBRUM
2237 371 2553 432 DlURNUM

3713 376 3812 442 121

557 499 920 578 gloriosissimi
941 497 1040 570 filii
1073 495 1235 552 nostri
1265 494 1577 550 Childeberti
1617 492 1774 565 Regis
1803 492 2132 546 Francorum
2158 489 2213 552 Α
2306 488 2372 541 Et
2402 489 2467 541 ad
2508 486 2706 558 Regem
2743 484 3386 578 EdilbcrtumgﬂDomino
3437 488 3813 559 gloriosissimo

547 593 824 650 constituti
866 600 988 645 sunt
1027 603 1046 640 :
1071 587 1162 643 sed
1190 595 1239 640 et
1267 587 1368 651 his,
1399 586 1489 657 qui
1516 601 1581 639 ea:
1605 585 1824 654 antiqua
1867 589 2138 636 consuetu-

559 689 680 742 dine
710 687 774 740 ab
799 683 1089 740 Arelatensi
1128 680 1414 735 consecrati
1449 687 1594 745 sunt,
1643 675 1722 732 uel
1766 681 2138 730 consecrantur

560 779 816 850 episcopo,
867 772 1106 844 Vigilius.

631 867 833 924 Eadem
859 864 1140 936 inscriptio
1160 861 1400 935 epistola:
1419 861 1488 917 ad
1505 860 1722 916 eosdem
1742 859 1811 916 de
1823 857 2135 923 Aureliano,

558 959 647 1018 cui
695 972 823 1013 suas
869 958 1018 1013 vices
1061 957 1391 1013 committit:
1419 945 1528 1010 uno
1554 954 1722 1012 verbo
1749 953 1892 1008 nulla
1921 959 2004 1008 est
2039 951 2136 1006 Vi-

561 1051 671 1126 gilii
695 1049 941 1122 epistola,
986 1065 1058 1106 ne
1098 1050 1217 1122 ipso
1263 1049 1479 1121 quidem
1519 1047 1825 1130 Constituto
1863 1039 2092 1115 excepto
2120 1085 2137 1111 ,

560 1158 681 1214 quae
713 1157 820 1196 non
871 1141 1117 1196 eamdem
1163 1139 1532 1210 inscriptionis
1575 1137 1806 1193 formam
1837 1134 2096 1207 praeferat
2119 1175 2135 1201 ,

560 1241 922 1310 praeterquam
952 1248 1071 1312 quae
1090 1229 1666 1314 escom_municationis
1687 1219 2010 1313 sententiam
2040 1227 2140 1282 ad-

561 1339 755 1380 versus
806 1324 1087 1379 Rusticum
1117 1329 1172 1377 et
1201 1322 1578 1378 Sebastianum
1609 1321 1877 1384 continet,
1915 1335 2141 1390 quaeque

564 1416 636 1471 ad
668 1417 974 1471 universam
1003 1412 1297 1469 Ecclesiam
1322 1413 1574 1484 dirigitur
1599 1400 1620 1465 τ’
1649 1412 1705 1465 in
1747 1411 1837 1466 illa
1863 1399 2008 1467 enim
2046 1409 2138 1479 ju-

563 1507 665 1563 dex
695 1507 804 1562 reis
826 1547 840 1571 ,
869 1506 923 1560 in
954 1504 1056 1560 ista
1086 1513 1248 1576 caput
1267 1504 1525 1560 membris
1545 1503 1752 1558 scribit.

630 1598 880 1670 Pelagius
904 1598 926 1652 Ι
953 1613 1080 1652 ann.
1107 1596 1231 1652 555.
1916 1647 1920 1650 .

629 1689 998 1745 Dilectissimis
1025 1689 1281 1760 fratribus
1312 1684 1627 1750 Gaudentio,
1660 1683 2012 1750 Maximiano,
2041 1680 2142 1740 Ge-

559 1781 754 1846 rontio,
777 1778 954 1844 Iusto,
991 1778 1251 1845 Terentio,
1287 1765 1447 1832 Vitali
1477 1785 1524 1831 et
1551 1775 1859 1841 Laurentio,
1885 1791 1978 1846 per
2008 1773 2140 1830 Tus-

561 1871 700 1927 ciam
723 1871 1074 1925 annonariam
1090 1911 1108 1939 ,
1137 1868 1407 1940 Pelagius.

2245 589 2397 649 atque
2426 577 2901 649 prmeellentissimo
2921 577 3033 645 ﬁlio
3056 576 3325 630 Edilberto
3353 578 3642 648 Anglorum
3662 583 3810 656 Regi,

2242 669 2521 742 Gregorius
2569 671 2858 741 episcopus.
2901 671 2971 726 Et
3016 669 3072 726 in
3122 669 3229 728 line
3259 688 3270 724 :
3302 669 3626 736 Incolumem
3650 677 3816 740 mel.

2242 760 2453 815 tentiam
2470 769 2692 815 vestram
2717 760 2890 830 gratia
2909 773 3140 830 superna
3161 759 3446 828 custodiat,
3473 761 3698 828 Domine
3715 765 3812 835 fili.

2809 849 3105 908 SECULO
3143 849 3253 908 γυ.

2313 939 2623 997 Bonifacius
2646 940 2717 997 IV
2745 956 2871 996 ann.
2898 939 3020 994 607.

2312 1033 2538 1087 Domino
2569 1033 3000 1094 excellentissimo
3022 1041 3176 1103 atque
3195 1032 3674 1104 prtlcellettiissimo
3696 1035 3820 1107 Regi

2245 1124 2531 1197 Anglorum
2575 1125 2872 1186 Athelberto
2903 1165 2919 1193 ,
2967 1124 3275 1196 Bonifacius
3309 1127 3602 1198 episcopus,
3645 1144 3820 1182 servus

2244 1235 2513 1274 servorum
2539 1217 2655 1271 Dei.
3449 1237 3452 1240 ~

2317 1308 2626 1366 Bonifacius
2653 1307 2694 1366 ν
2725 1322 2854 1370 ann.
2882 1306 3008 1368 617;

2317 1400 2664 1455 Dilectissimo
2694 1400 2850 1469 fratri
2876 1401 3030 1460 Iusto
3055 1441 3070 1467 ,
3096 1401 3428 1474 Bonifacius.
3615 1472 3618 1474 γ

2324 1490 2450 1545 Viro
2476 1491 2701 1562 glorioso
2731 1491 2951 1548 Edwino
2996 1493 3128 1564 Regi
3165 1495 3488 1568 Anglorum,
3517 1494 3826 1566 Bonifacius

2247 1583 2537 1654 episcopus,
2567 1599 2745 1638 servus
2768 1592 3035 1652 seruorum
3063 1585 3182 1642 Dei.

2317 1673 2556 1730 Dominis
2587 1673 2830 1745 gloriosa:
2863 1675 2991 1744 lilia:
3016 1675 3330 1749 Edelburgae
3371 1678 3588 1752 Regina
3609 1719 3629 1749 .
3665 1680 3826 1743 Boni-

2250 1764 2420 1836 facius
2448 1765 2719 1836 episc0pus
2744 1806 2760 1832 ,
2790 1782 2968 1820 servus
2997 1783 3263 1822 servorum
3285 1769 3404 1823 Dei.

2169 1861 2222 1924 Β
2318 1857 2590 1916 Honorius
2616 1857 2639 1912 Ι
2666 1873 2795 1914 ann.
2823 1856 2947 1914 626.

630 1922 1204 2042 ῥειέξῖέέέὲῆιδξῆἇινί
1223 1922 1476 2044 εὗρααάο
1503 1998 1518 2025 ,
1561 1958 1829 2030 Pelagius.
1858 1957 2001 2045 sunt
2025 1959 2144 2018 aliae

2266 1981 2280 1997 .
2314 1948 2540 2003 Domino
2563 1947 2998 2008 excellentissimo
3029 1958 3186 2022 atque
3212 1949 3700 2021 pracellestissimo
3718 1955 3829 2024 ﬁlio

559 2057 673 2106 tres
699 2049 768 2104 ad
792 2039 1040 2106 eumdem
1068 2051 1256 2106 eadem
1283 2039 1655 2119 inscriptione.

629 2141 855 2198 Domino
905 2142 1018 2213 ﬁlio
1067 2143 1443 2215 gloriosissimo
1481 2152 1636 2209 atque
1664 2128 2143 2213 praecellentissimo

561 2233 888 2290 Childeberto
933 2235 1086 2308 Regi,
1131 2233 1381 2312 Pelagius
1407 2235 1696 2308 episcopus.
1727 2234 1868 2290 Sunt
1890 2235 2009 2312 aliae
2032 2244 2146 2294 tres

557 2331 766 2405 pariter
790 2331 858 2387 ad
884 2331 1133 2388 eumdem
1158 2331 1347 2386 eodem
1372 2331 1532 2387 modo
1563 2330 1859 2404 inscriptae.

628 2421 879 2492 Pelagius
908 2422 952 2478 ll
979 2437 1106 2476 ann.
1139 2421 1264 2477 577.
1685 2419 1690 2425 ’

631 2512 981 2568 Dilectissimo
1025 2513 1183 2590 fratri
1238 2511 1579 2569 Annachario
1603 2553 1624 2588 ,ν
1681 2511 1933 2585 Pelagius
1997 2511 2144 2590 urbis

560 2601 744 2659 Romae
769 2605 1060 2676 episcopus.
1874 2678 1878 2683 ι

629 2693 993 2750 Dilectissimis
1035 2694 1292 2766 fratribus
1341 2694 1479 2750 Elia:
1507 2737 1522 2761 ,
1575 2694 1795 2768 aliisque
1845 2694 2098 2768 episcopis
2125 2736 2140 2764 ,

559 2785 814 2840 universis
840 2784 968 2856 ﬁliis
988 2789 1043 2841 in
1069 2786 1246 2841 Istria:
1266 2786 1502 2858 partibus
1533 2788 1828 2842 constitutis
1847 2829 1864 2855 ,
1893 2787 2143 2858 Pelagius

558 2876 829 2948 episcopus
875 2887 1070 2934 sancta:
1117 2879 1369 2936 Ecclesia:
1421 2879 1705 2935 Catholica:
1747 2882 1892 2958 urbis
1940 2882 2141 2940 Romaz.

561 2965 700 3043 Sunt
732 2968 854 3044 alia:
887 2970 1005 3024 duae
1030 2970 1270 3041 ejusdem
1298 2973 1444 3028 modi
1470 2973 1538 3029 ad
1565 2972 1803 3028 eosdem.

630 3059 928 3132 Gregorius
954 3063 976 3118 Ι
1001 3079 1128 3118 ann.
1156 3064 1282 3120 590.

629 3149 788 3207 Nulla
807 3161 890 3208 est
903 3153 957 3208 in
971 3161 1084 3210 toto
1105 3143 1273 3226 ipSius
1285 3153 1520 3227 Regesto
1533 3157 1781 3234 epistola,
1797 3173 1920 3230 qua:
1940 3174 2048 3215 non
2072 3160 2145 3216 sit

2242 2039 2466 2098 Edwiuo
2493 2041 2625 2113 Regi
2649 2041 2977 2112 Anglorum,
2999 2041 3272 2102 Hortarius
3307 2046 3579 2118 episcopus
3601 2088 3618 2114 ,
3654 2066 3831 2106 seruus

2221 2149 2512 2194 -seruorum
2561 2131 2680 2195 Dei.
2722 2132 2792 2189 Et
2834 2133 2891 2189 in
2919 2132 3027 2196 line
3057 2152 3070 2189 :
3101 2132 3430 2194 Incolumem
3471 2137 3833 2198 excellentiam

2243 2235 2468 2281 vestram
2495 2225 2670 2296 gratia
2699 2241 2927 2296 superna
2956 2224 3239 2286 custodiat.

2313 2320 2665 2375 Dilectissimo
2690 2319 2848 2390 fratri
2864 2319 3126 2388 Honorio,
3155 2320 3444 2378 Honorius.
3471 2320 3832 2396 Subscriptio.

2244 2412 2387 2470 Deus
2415 2422 2464 2467 te
2485 2413 2798 2468 incolumem
2827 2413 3113 2480 custodiat,
3135 2413 3470 2471 dilectissime
3488 2414 3678 2485 frater.

2315 2502 2578 2559 Martinus
2608 2502 2630 2556 Ι
2656 2518 2787 2564 ann.
2813 2501 2946 2560 "649.

2316 2591 2546 2647 Domino
2575 2593 2812 2664 piissimo
2841 2602 2892 2647 et
2935 2593 3268 2652 serenissima
3297 2593 3506 2660 victori,
3538 2595 3836 2664 triumpha-

2246 2684 2370 2749 tori,
2397 2682 2534 2752 ﬁlio,
2558 2682 2801 2754 diligenti
2823 2682 2996 2746 Deum
3031 2692 3081 2738 et
3128 2682 3414 2756 Dominum
3457 2693 3695 2742 nostrum
3742 2684 3839 2739 Je-

2246 2791 2362 2828 sum
2395 2773 2661 2828 Christum
2689 2814 2704 2839 ,
2747 2771 3024 2828 Constanti
3052 2772 3305 2842 Augusta,
3345 2772 3612 2834 Martinus
3639 2776 3838 2846 episco-

2244 2883 2344 2939 pus
2393 2882 2571 2922 seruus
2614 2874 2882 2921 seruorum
2922 2866 3043 2923 Dei.
3116 2865 3475 2937 Subsc‘riptio.
3529 2867 3840 2927 Piissimum

2245 2957 2461 3012 Domini
2493 2956 2784 3028 Imperium
2812 2973 3040 3028 superna
3078 2958 3252 3028 gratia
3290 2957 3550 3018 custodiat
3578 2998 3594 3024 ,
3624 2967 3676 3018 et
3720 2977 3840 3016 om-

2245 3049 2390 3104 nium
2435 3050 2666 3120 gentium
2695 3049 2916 3104 cervices
2935 3049 2990 3112 eis
3009 3047 3219 3104 subdat.

2325 3141 2488 3214 ιω
2516 3140 2698 3195 Electa
2726 3140 2993 3211 spirituali
3035 3156 3290 3196 consensu
3311 3139 3581 3198 catholica:
3612 3140 3844 3202 Cartha-

563 3259 596 3298 a
619 3245 928 3311 collectore,
952 3248 1084 3320 suis,
1108 3263 1244 3318 quas
1264 3251 1511 3322 haberet,
1541 3231 1869 3309 solemnibus
1897 3251 2143 3311 formulis
2171 3231 2216 3295 Ο
2247 3233 2542 3304 θίηεηδίηπι
2572 3231 2824 3322 adesi“
2847 3272 2862 3297 ν
2903 3241 2951 3286 εί
2988 3231 3230 3290 “mw”
3250 3232 3349 3322 9'“
3382 3233 3432 3288 εί
3456 3232 3698 3299 “mum,
3730 3235 3847 3304 ⁸Ρί·

563 3335 830 3406 spoliata:
863 3332 1120 3395 habuisse
1150 3349 1330 3397 tamen
1358 3359 1567 3410 omnes,
1583 3345 1668 3400 vel
1692 3361 1758 3400 ex
1779 3360 1844 3401 eo
1866 3362 1972 3402 uno
1995 3362 2144 3418 aper-

2254 3323 2420 3394 scOpis
2447 3363 2462 3389 ,
2542 3321 2802 3389 Clericis,
2857 3322 3176 3395 Populisque
3230 3321 3427 3382 Christi
3491 3327 3845 3394 amantibus,

563 3433 676 3482 tum
709 3434 814 3494 est,
851 3430 995 3499 quod
1017 3431 1085 3485 ad
1113 3432 1398 3489 smculares
1425 3435 1572 3490 viros
1606 3435 1943 3506 feminasque
1968 3415 2144 3492 multae

2254 3415 2519 3471 Martinus
2545 3431 2722 3470 seruus
2759 3417 3027 3470 servorum
3051 3415 3191 3480 Dei,
3215 3416 3331 3485 ejus
3359 3418 3534 3485 gratia
3565 3419 3851 3488 episcopus

564 3516 704 3572 data:
733 3519 863 3593 sint,
889 3535 993 3576 nec
1014 3522 1122 3577 ulla
1144 3532 1322 3580 tamen
1347 3525 1560 3582 Domini
1582 3528 1930 3601 Dominmque
1952 3546 2144 3587 nomen

2254 3519 2450 3566 sancta:
2475 3508 2748 3564 catholica:
2776 3517 2824 3565 et
2852 3508 3150 3580 apostolica:
3179 3524 3413 3564 romanae
3437 3506 3713 3565 Ecclesia.

562 3607 622 3663 in
644 3610 937 3681 epigraphe
950 3613 1224 3684 prmferat,
1241 3619 1486 3687 quamvis
1501 3619 1555 3673 id
1572 3635 1867 3692 numquam
1889 3622 2144 3678 omissum

2321 3594 2521 3657 Joanni
2547 3601 2785 3672 episcOpo
2815 3598 3214 3671 Philadelphia.
3232 3597 3498 3662 Martinus
3525 3616 3708 3656 seruus
3735 3618 3851 3657 ser-

563 3698 804 3758 Joannes
848 3703 1116 3762 Diaconus
1148 3708 1344 3764 tradat.
1389 3710 1616 3766 Accedit
1637 3751 1652 3779 ,
1700 3691 1844 3782 quod
1873 3729 1996 3769 cum
2023 3713 2155 3771 Gre-
2252 3709 2432 3748 υθηηπ
2471 3693 2594 3759 De"
2639 3701 2836 3747 “me”
2864 3691 2977 3762 ej"
3011 3691 3284 3747 εαυιολίω
3323 3701 3378 3747 ⁸⁸
3412 3691 3712 3764 “imum”
3737 3694 3851 3750 Ec’

567 3794 754 3862 εογίυε
787 3794 841 3848 in
872 3797 1148 3866 epistolis,
1175 3803 1364 3856 eodem
1390 3803 1626 3857 Βερροηο
1665 3812 1820 3870 teste,
1846 3814 1967 3875 post
1993 3805 2154 3860 ιοαη,
2253 3785 2425 3840 clesiw
2453 3784 2816 3840 Romanorum
2856 3787 3149 3856 episcopus.
3189 3783 3396 3840 Eadem
3437 3784 3612 3842 forma
3647 3785 3852 3842 inscri-

565 3882 652 3936 nis
684 3881 1265 3956 Constantinopolitani
1312 3891 1634 3948 insolentem
1676 3897 2063 3965 arrogantiam,
2094 3913 2144 3953 se

2254 3877 2401 3935 bitur
2428 3876 2658 3950 epistola
2685 3878 2753 3932 ad
2787 3878 3128 3934 Theodorum
3159 3917 3176 3943 ,
3214 3878 3590 3932 Esbrutiorum
3630 3881 3852 3950 episco-

567 3985 785 4043 semper
829 3989 1048 4032 servum
1097 3993 1377 4035 servorum
1431 3983 1527 4036 Del
1588 3983 1952 4051 inscriberet,
1997 3985 2144 4042 nulla:

2254 3987 2402 4043 pum,
2426 3972 2722 4028 Antonium
2748 3969 3135 4035 Bocatborum,
3159 3967 3387 4030 Paulum
3417 3967 3848 4029 Thessalonicae.

568 4071 771 4129 tamen,
805 4073 866 4121 ut
895 4084 1039 4124 nunc
1068 4070 1358 4139 habentur,
1394 4073 1556 4146 158
1580 4075 1721 4131 hanc
1746 4076 2152 4148 inscriptionem

567 4156 891 4226 prmferant;
931 4161 1125 4218 deinde
1153 4178 1274 4231 cum
1310 4166 1566 4236 epistolas
1595 4166 1798 4240 Pelagii
1822 4169 1865 4223 ll
1887 4171 1955 4225 ad
1981 4172 2155 4230 lstrize

567 4246 850 4318 episcopos
885 4252 1185 4322 scripserit,
1221 4254 1587 4328 usitatamque
1616 4256 1845 4314 formam
1870 4260 1925 4315 in
1949 4261 2017 4317 iis
2041 4279 2156 4318 ser-

564 4339 797 4404 vaverit,
825 4343 1087 4399 credibile
1113 4360 1223 4399 non
1252 4353 1336 4411 est
1384 4363 1506 4402 eum
1541 4363 1572 4402 a
1602 4363 1754 4404 more
1796 4351 2157 4420 praedecesso-

568 4428 646 4483 ris
674 4432 986 4488 recessisse.
1019 4434 1159 4502 Quid
1186 4439 1328 4506 quod
1359 4439 1592 4494 alienum
1628 4457 1658 4495 a
1689 4444 1898 4506 ratione
1921 4446 2150 4512 videtur,

566 4538 713 4589 eum,
741 4525 835 4594 qui
866 4541 925 4581 se
965 4542 1079 4598 pra:
1120 4529 1428 4590 humilitate
1472 4548 1689 4591 servum
1735 4517 2013 4604 servorum
2053 4537 2152 4593 Dei

568 4613 786 4680 dixerit,
809 4630 1005 4671 nomen
1032 4632 1212 4683 suum,
1229 4627 1322 4674 aut
1342 4618 1584 4689 iubentis
1606 4611 1953 4696 Imperatoris
1972 4642 2142 4692 more,

569 4711 664 4757 aut
688 4703 952 4770 edicentis,
979 4705 1236 4764 Praetoris
1267 4709 1444 4782 modo,
1492 4717 1870 4785 praeposuisse.
1906 4704 2145 4782 Denique

567 4793 792 4862 epistola
833 4795 902 4850 ad
943 4793 1226 4851 Etherium
1266 4797 1638 4860 Arelatensem
1706 4803 2145 4861 commendatitia

566 4887 854 4960 Augustini
911 4890 967 4945 in
1014 4890 1263 4963 Angliam
1299 4884 1699 4966 proﬁciscentis
1725 4940 1739 4963 ,
1783 4913 1903 4967 qua:
1951 4897 2006 4950 in
2049 4896 2150 4953 Re-

568 4989 721 5053 gesto
743 4989 892 5036 caret
937 4984 1082 5044 omni
1117 4982 1310 5054 forma,
1344 4991 1578 5053 refertur
1599 5007 1629 5046 a
1649 4989 1793 5044 Beda
1831 4988 1925 5042 lib.
1958 5005 1976 5043 r
2003 4989 2144 5046 Hist.

569 5095 689 5150 cap.
715 5079 807 5148 25,
839 5095 962 5136 cum
991 5080 1182 5156 idonea
1225 5085 1576 5158 inscriptione
1615 5094 1670 5140 et
1708 5085 2106 5158 subscriptione
2130 5130 2146 5157 ,

571 5173 1017 5234 Rererendissimo
1051 5187 1102 5244 et
1131 5183 1461 5237 sanctissimo
1509 5181 1664 5250 fratri
1695 5181 1911 5239 Etherio
1967 5181 2151 5259 Coepi-

570 5279 763 5334 scopo,
802 5263 1079 5338 Gregorius
1125 5287 1304 5324 servus
1342 5286 1608 5324 servorum
1643 5269 1760 5326 Dei.
1799 5271 1866 5328 Et
1890 5275 1944 5330 in
1990 5275 2097 5334 ﬁne
2131 5296 2147 5334 :

572 5358 714 5413 Deus
746 5369 793 5413 te
820 5361 1129 5418 incolumem
1181 5362 1484 5429 custodiat,
1517 5366 1938 5424 reverendissime
1960 5369 2146 5442 frater.

573 5448 822 5520 Ejusdem
850 5453 1039 5520 formae
1077 5454 1306 5527 epistola
1342 5456 1410 5511 ad
1449 5456 1732 5530 Virgilium
1781 5461 1989 5517 Etherii
2024 5476 2148 5530 suc-

574 5558 842 5606 cessorem
865 5589 879 5616 ,
911 5556 966 5604 et
1004 5549 1071 5606 ad
1108 5549 1466 5623 Augustinum
1514 5551 1908 5609 Eboracencem
1940 5553 2151 5623 episco-

571 5651 701 5712 pum
743 5640 813 5696 ab
857 5642 1045 5702 eodem
1097 5641 1251 5708 Beda.
1277 5639 1512 5702 refertur
1551 5659 1668 5713 cap.
1715 5643 1784 5698 28
1811 5648 1865 5696 et
1892 5642 1981 5696 29.
2007 5638 2150 5708 Quin

575 5731 744 5789 etiam
777 5747 895 5804 cap.
929 5733 1018 5798 50,
1052 5735 1120 5798 ad
1167 5733 1425 5796 Mellitum
1459 5734 1723 5790 Abbatem
1746 5773 1761 5800 ,
1799 5731 2151 5788 Dilectissimo

578 5821 692 5892 ﬁlio
719 5822 918 5878 Mellito
951 5822 1148 5889 abbati,
1176 5821 1456 5895 Gregorius
1486 5841 1662 5880 servus
1699 5841 1964 5880 servorum
1992 5823 2112 5880 Dei.

2326 4061 2548 4135 Georgio
2587 4059 3032 4116 Archimandritts.
3056 4099 3074 4128 ,
3129 4057 3396 4115 Martinus
3429 4077 3643 4131 seruus,
3706 4074 3850 4135 etc.,

2255 4164 2316 4210 ut
2340 4170 2522 4226 supra.

2323 4249 2525 4304 Eodem
2549 4245 2711 4304 modo
2739 4243 3056 4300 inscribitur
3076 4242 3308 4314 epistola
3335 4244 3405 4299 ad
3430 4243 3845 4316 Pantaleonem,

2254 4343 2415 4398 Petro
2440 4341 2657 4406 illustri,
2689 4339 2955 4394 Martinus
2985 4356 3162 4394 servus
3187 4355 3454 4394 servorum
3479 4341 3604 4411 Dei,
3621 4351 3728 4397 etc.

2323 4433 2542 4486 Dilectis
2573 4432 2830 4502 fratribus
2855 4432 2948 4502 qui
2996 4440 3194 4486 sancite
3225 4431 3423 4492 Christi
3447 4431 3546 4486 Dei
3573 4433 3740 4487 nostri
3767 4436 3849 4488 ci-

2253 4525 2403 4579 vitati
2429 4563 2446 4589 ,
2498 4539 2681 4594 nempe
2738 4521 3237 4594 Hierosolymitanre
3282 4503 3395 4577 sedi
3443 4523 3849 4588 sacerdotaliter

2250 4616 2468 4671 subsunt
2493 4656 2508 4679 ,
2551 4615 2858 4670 orthodoxis
2887 4615 3166 4688 episcopis,
3186 4613 3498 4684 presbyteris
3519 4654 3534 4677 ,
3561 4613 3842 4680 Diaconis,

2251 4705 2524 4776 Prrrfcctis
2563 4705 3048 4772 Monasteriorum,
3097 4705 3406 4769 Monachis,
3451 4703 3674 4769 Ascetis,
3733 4702 3847 4758 Po-

2249 4797 2389 4872 pulis
2429 4797 2697 4854 Christum
2726 4799 3064 4870 diligentibus
3092 4811 3110 4849 :
3137 4795 3379 4852 similiter
3403 4803 3455 4850 et
3490 4796 3556 4850 iis
3579 4797 3673 4866 qui
3715 4813 3844 4852 cen-

2251 4901 2434 4947 sentur
2470 4892 2568 4947 sub
2595 4892 2925 4948 Antiochena
2951 4891 3092 4953 sede,
3121 4887 3414 4951 Martinus,
3445 4895 3550 4942 etc.

2327 4985 2593 5044 Christum
2616 4987 2854 5058 diligenti
2879 4982 3030 5038 Clero
3065 4991 3112 5035 et
3140 4980 3347 5052 Papulo
3381 4990 3578 5036 sancta
3613 4978 3720 5034 Dei
3760 4998 3844 5035 ca-

2253 5085 2462 5141 tholica:
2499 5078 3043 5138 Thessalonicensium
3085 5069 3338 5134 Ecclesiae
3359 5115 3376 5140 ,
3416 5073 3702 5139 lartinus,
3731 5082 3840 5129 etc.

2323 5176 2621 5234 Vitalianus
2652 5187 2778 5226 ann.
2815 5167 2940 5223 655.

2320 5269 2546 5324 Domino
2575 5260 3010 5319 excellentissimo
3047 5257 3160 5329 ﬁlio
3184 5256 3358 5313 0sin
3383 5254 3518 5327 Regi
3542 5253 3841 5322 Saeuum,

2258 5361 2554 5416 Vitalianus
2575 5357 2868 5429 episcopus,
2909 5343 3086 5409 servus
3121 5364 3389 5406 seruorum
3416 5346 3535 5402 Dei.

2319 5453 2631 5510 Adeodatus
2659 5465 2787 5505 ann.
2818 5446 2943 5502 667.

2324 5541 2688 5599 Dilectissimis
2717 5538 2973 5611 fratribus
2999 5533 3254 5591 universis
3296 5529 3550 5603 episcopis
3568 5529 3629 5585 in
3647 5525 3836 5584 Gallice

2253 5636 2490 5709 partibus
2513 5631 2980 5696 commorantibus,
3009 5624 3333 5708 Adeodatus.

2324 5726 2536 5798 Agatho
2563 5741 2690 5780 ann.
2723 5725 2848 5780 678.

2329 5822 2566 5878 Dominis
2613 5822 2864 5893 piissimis
2907 5828 2970 5879 ,α
3019 5813 3398 5883 serenissimis,
3447 5808 3732 5868 mm
3768 5819 3835 5862 ac
