4062 6452
295 369 405 456 123

1268 382 1883 443 DISSERTATIONES.
1923 411 1996 426 --
2029 382 2489 444 DISSERTATIO
2517 385 2559 444 Ῑ.

3413 391 3420 394 ’
3441 391 3548 453 £26

304 505 780 580 triumphatum,
811 507 1130 564 charissimis
1163 507 1312 576 ﬁliis,
1342 508 1665 564 amatoribus
1693 507 1792 560 Dei
1818 513 1866 562 et
1893 507 1946 568 Α
2043 505 2349 576 Stephanus
2382 506 2445 561 ll.
2478 522 2604 562 ann.
2640 508 2762 564 752.

304 600 506 664 Domini
535 601 699 658 nostri
727 598 855 656 Iesu
892 597 1119 663 Christi,
1154 597 1498 660 Constantino
1531 597 1730 668 Δία]οή
1757 597 1864 651 Im-

301 690 560 762 peratori.
610 689 859 748 Heraclio
895 698 944 744 et
986 688 1189 744 Tiberio
1219 689 1488 759 Augustis,
1532 689 1736 760 Agatho
1757 692 1866 761 epi—

302 797 502 851 scopus,
524 796 700 842 servus
731 796 996 838 servorum
1196 778 1550 849 Subscriptio.
1595 777 1867 834 Piissimo—

303 889 412 928 rum
442 871 786 931 Dominarum
820 871 1109 942 Imperium
1136 872 1306 942 gratia
1333 883 1560 942 superna
1581 871 1861 936 custodiat,

299 965 440 1033 eique
488 963 720 1024 omnium
779 963 1012 1034 gentium
1054 961 1189 1018 salta
1243 961 1558 1022 substernat.
1610 959 1866 1032 Ejusdem

239 1134 244 1138 ι
297 1059 437 1115 modi
464 1065 551 1117 est
571 1073 806 1128 sequens
841 1058 1014 1116 altera
1041 1056 1269 1128 epistola
1297 1057 1370 1124 ad
1391 1057 1632 1113 eosdem.

362 1150 470 1208 Leo
497 1151 541 1208 ll
567 1167 696 1214 ann.
718 1150 843 1208 685.
1084 1155 1088 1159 '

361 1242 609 1302 Piissimo
657 1253 707 1299 et
752 1240 1182 1312 tranquillissimo
1239 1240 1466 1296 Domino
1496 1281 1512 1308 ,
1581 1240 1766 1296 uictori
1815 1248 1867 1297 et

291 1335 694 1405 triumphatori,
732 1334 845 1400 ﬁlio
874 1374 889 1399 ,
928 1334 1120 1388 dilecto
1170 1332 1271 1388 Dei
1328 1333 1377 1387 et
1423 1329 1555 1388 Iesu
1584 1329 1866 1394 salvatoris

291 1426 448 1480 nostri
493 1424 623 1483 Iesu
673 1424 878 1482 Christi
899 1466 914 1491 ,
953 1423 1314 1480 Constantino
1344 1421 1663 1493 Imperatori
1686 1463 1702 1488 ,
1762 1421 1866 1478 Leo

287 1518 577 1589 episcopus,
601 1534 778 1572 seruus
823 1533 1092 1572 servorum
1131 1515 1250 1571 Dei.
1286 1514 1644 1586 Subscriptio.
1685 1513 1871 1576 Piissi—

288 1623 422 1660 mum
447 1607 665 1662 Domini
687 1607 975 1679 Imperium
997 1609 1172 1680 gratia
1192 1623 1420 1679 superna
1433 1607 1864 1674 custodiat,ete.,

286 1705 342 1755 ut
362 1714 549 1770 supra.

347 1789 723 1848 Dilectissimis
756 1793 1009 1863 fratribus
1037 1793 1297 1848 universis
1318 1790 1678 1848 Ecclesiarum
1723 1792 1868 1847 Prte-

2037 598 2260 653 Domino
2285 598 2719 654 excellentissimo
2749 599 2860 671 filio
2890 599 3081 674 Pipino
3103 602 3548 678 regi,Stephanus

1965 707 2124 761 papa.
2156 689 2408 760 Ejusdem
2431 691 2619 747 formae
2642 700 2726 749 est
2753 692 3038 764 inscriptio
3059 694 3288 753 alterius
3311 697 3550 768 epistolae

1967 783 2036 836 ad
2058 781 2330 853 Pipinum,
2367 782 2619 842 Carolum
2654 783 3215 854 ctCarolomannum,
3257 789 3362 845 nisi
3406 793 3552 863 quod

1964 870 2217 942 Pipinum
2255 881 2415 931 vocat
2455 889 2614 930 suum
2642 874 2976 946 spirituslem
3018 887 3369 950 compatrem.

2037 963 2238 1022 Paulus
2264 965 2287 1020 Ι
2319 982 2447 1021 ann.
2479 966 2601 1022 757.

2041 1053 2264 1112 Domino
2316 1059 2745 1116 excellentissimo
2795 1061 2930 1131 ﬁlio,
2979 1070 3029 1116 et
3073 1071 3252 1118 nostro
3285 1066 3552 1136 spirituali

1966 1151 2265 1221 cornpatri,
2329 1150 2522 1224 Pipino
2578 1153 2708 1225 Regi
2777 1154 3149 1224 Francorum,
3210 1167 3259 1212 et
3316 1158 3551 1214 Patricio

1968 1239 2328 1296 Romanorum
2352 1283 2367 1308 ,
2419 1241 2624 1299 Paulus
2674 1260 2831 1316 papa.
2882 1245 3015 1301 Alite
3055 1261 3152 1302 sex
3201 1247 3443 1318 epistolae
3484 1248 3552 1302 ad

1967 1334 2218 1390 eumdem
2260 1339 2506 1390 eamdem
2553 1327 2848 1406 praeierunt
2889 1339 3298 1410 inscriptionem
3329 1380 3344 1406 ,
3390 1347 3553 1410 atque

1967 1424 2133 1478 etiam
2182 1425 2652 1496 subscriptionem.
2704 1427 3028 1485 Incolumem
3069 1427 3428 1486 excellentia'm
3470 1446 3554 1485 ve—

1968 1526 2133 1572 stram
2173 1521 2346 1589 gratia
2385 1535 2611 1590 superna
2644 1521 2927 1576 custodiat.

2047 1609 2199 1679 151
2236 1608 2544 1680 Stephanus
2574 1609 2641 1664 lli
2672 1626 2800 1665 ann.
2841 1610 2964 1665 767.

2039 1701 2263 1758 Domnte
2309 1702 2585 1775 Religiosaz
2625 1704 2752 1773 ﬁlia!
2802 1703 3110 1773 Bertradte,
3141 1705 3253 1761 Deo
3286 1716 3510 1762 sacrata:
3539 1748 3554 1774 ,

1971 1811 2062 1850 seu
2092 1794 2298 1850 Damno
2323 1794 2436 1863 filio
2458 1797 2565 1864 regi
2609 1782 2982 1862 Francorum,
3023 1806 3073 1852 et
3107 1781 3336 1868 patricio
3361 1796 3558 1852 Roma-

281 1880 478 1940 sulibus
524 1901 617 1954 per
654 1883 971 1954 Hispaniam
997 1885 1314 1949 constitutis,
1341 1883 1466 1938 Leo.
1500 1883 1862 1955 Subscriptio.
1892 1873 1942 1934 B
1969 1904 2193 1954 norum,
2263 1886 2564 1958 Stephanus
2610 1905 2766 1958 papa.
2823 1887 3181 1958 Subscriptio.
3233 1889 3558 1945 Incolumem

284 1975 418 2028 Deus
447 1991 544 2030 vos
570 1975 857 2031 incolumes
883 1977 1164 2042 custodiat,
1187 1975 1512 2032 dilectissimi
1546 1977 1755 2048 fratres.

345 2066 709 2121 Dilectissimo
748 2068 908 2137 fratri
934 2067 1194 2134 Quiricio,
1219 2067 1346 2121 Leo.

343 2156 578 2214 Domino
602 2159 830 2230 glorioso
861 2158 974 2229 ﬁlio
1017 2157 1289 2230 Simplicio
1314 2157 1528 2226 Comiti,
1553 2158 1659 2215 Leo
1686 2177 1867 2216 servus

285 2268 554 2306 servorum
580 2251 697 2306 Dei.

320 2342 577 2397 Domino
619 2342 1054 2399 exceltentissimo
1088 2342 1202 2412 ﬁlio
1235 2341 1450 2415 Ervigio
1485 2383 1502 2410 ,
1544 2342 1670 2401 Leo.
1720 2347 1864 2403 Sub-

279 2431 527 2501 scriptio.
589 2431 914 2498 Incolumem
991 2431 1156 2504 150,
1210 2431 1573 2489 excellentiam
1638 2445 1866 2502 vestram

281 2523 446 2594 gratia
483 2539 716 2594 superna
753 2524 1035 2580 custodiat.

845 2615 1145 2674 διελαυιο
1182 2616 1316 2684 Vill.

346 2706 589 2766 Joannes
611 2709 702 2766 Vi!
737 2725 867 2766 ann.

345 2803 591 2858 Dominis
615 2805 1037 2860 eminentissimis
1066 2804 1315 2861 Etelredo
1338 2804 1474 2876 Regi
1496 2802 1820 2861 Merciorum
1845 2844 1861 2875 ,

279 2903 326 2949 et
359 2893 574 2965 Alfrido
620 2893 752 2966 Regi
779 2895 1070 2952 Deererum
1094 2905 1145 2953 et
1188 2897 1574 2966 Berniciorum,
1627 2897 1864 2954 Joannes

279 3003 430 3059 uara-

343 3081 644 3154 Gregorius
669 3081 714 3137 Il
742 3097 869 3138 ann.
903 3081 1026 3138 7M.

345 3171 579 3236 Domino
615 3172 846 3245 glorioso
909 3173 1022 3244 ﬁlio
1069 3170 1266 3230 Carolo
1330 3171 1473 3230 Duei
1499 3213 1514 3241 ,
1580 3171 1864 3248 Gregorius

279 3283 434 3338 ριραο
1685 3264 1698 3276 “

346 3358 783 3418 Reuerentissimo
823 3369 874 3416 et
896 3361 1228 3417 sanctissimo
1260 3361 1420 3432 fratri
1460 3361 1738 3434 Bonifacio
1779 3380 1864 3419 co-

278 3451 540 3524 episcopo,
588 3451 871 3524 Gregorius
899 3472 1074 3510 serous
1108 3472 1376 3512 servorum
1406 3455 1522 3512 Dei.
1606 3443 1610 3448 λ

307 3538 313 3544 ’
349 3545 652 3617 Gregorius
677 3548 742 3602 lll
771 3565 900 3604 ann.
933 3549 1058 3605 751.

349 3639 794 3695 Reuerentissimo
832 3653 880 3697 et
905 3643 1236 3699 sanctissimo
1265 3645 1423 3715 fratri
1450 3645 1731 3717 Bonifacio
1775 3663 1865 3701 co-

274 3729 548 3799 episcopo,
578 3730 646 3782 ad
669 3730 1108 3787 illuminationem
1120 3735 1288 3804 gentis
1317 3717 1632 3798 Germaniae,
1658 3735 1738 3790 vel
1767 3719 1870 3789 cir-

275 3836 614 3890 cumquaque
644 3821 699 3875 in
725 3821 912 3877 umbra
959 3826 1143 3879 mortis
1187 3824 1512 3880 morantibus
1549 3826 1786 3896 gentibus
1812 3827 1870 3881 in

276 3924 457 3962 errore
488 3910 786 3965 constitutis
820 3953 834 3978 ,
887 3913 952 3966 ab
997 3915 1097 3967 hac
1127 3915 1428 3988 Apostolica
1454 3917 1574 3971 sede
1621 3916 1817 3973 directo
1849 3958 1865 3986 ,

281 3999 571 4072 Gregorius
597 4019 774 4058 servus
803 4021 1068 4059 servorum
1097 3991 1214 4062 Dei.

350 4094 725 4151 Dilectissimis
757 4098 903 4152 nobis
928 4099 1177 4182 episc0pis
1228 4101 1284 4155 in
1340 4093 1624 4176 Provincia
1669 4098 1868 4178 Baioa-

281 4187 478 4240 riorum
507 4195 558 4241 et
601 4188 918 4245 Alamannia
969 4193 1264 4247 constitutis
1318 4192 1550 4262 Wigoni,
1588 4192 1819 4266 Lindoni
1849 4235 1866 4262 ,

284 4274 582 4360 Rodulplto,
617 4279 794 4334 Vinilo
822 4297 912 4335 seu
937 4281 1122 4348 Addat,
1153 4282 1434 4354 Gregorius
1461 4303 1618 4358 papa.

350 4369 584 4425 Domino
636 4370 1068 4450 excellentissimo
1121 4372 1234 4443 ﬁlio
1297 4373 1488 4429 Carolo
1527 4373 1817 4448 Subregulo
1849 4415 1866 4445 ,

284 4460 569 4534 Gregorius
594 4480 748 4534 papa.
790 4462 1044 4533 Ejusdem
1089 4465 1234 4540 modi
1260 4473 1342 4520 est
1372 4465 1561 4539 altera.

351 4552 788 4609 Reuerentissimo
818 4563 866 4608 et
890 4555 1222 4630 sanctissimo
1245 4555 1403 4627 fratri
1430 4556 1712 4628 Bonifacio
1744 4554 1870 4613 Gre-

284 4647 454 4718 gorius
482 4663 664 4703 servus
691 4664 960 4702 servorum
990 4647 1106 4702 Dei.

352 4739 648 4795 Zacharias
677 4753 800 4792 ann.
839 4739 962 4794 741.

356 4828 793 4885 Reuerentissimo
824 4840 871 4884 et
899 4831 1230 4886 sanctissimo
1261 4834 1417 4904 fratri
1443 4833 1745 4907 Bonifacio,
1767 4834 1870 4904 Za-

291 4919 494 4975 charias
542 4937 720 4975 servus
764 4937 1030 4975 servorum
1064 4921 1181 4976 Dei.
1239 4923 1377 4978 Sunt
1417 4932 1471 4980 et
1500 4925 1617 4981 alite
1660 4935 1866 4998 septem

292 5011 526 5082 ejusdem
559 5010 627 5065 ad
654 5013 902 5067 eumdem
926 5012 1043 5083 pari
1070 5013 1438 5084 inscriptione.

323 5089 709 5159 ~Dilectissimo
764 5104 912 5160 nobis
971 5103 1281 5162 Burchardo
1351 5117 1544 5162 sancta:
1611 5107 1864 5165 Ecclesia:

295 5193 751 5265 Wirtziburgensis
780 5197 1041 5267 episcOpo,
1077 5194 1366 5253 Zacharias
1395 5216 1551 5270 papa.

360 5284 726 5342 Dilectissimis
770 5286 918 5340 nobis
968 5285 1274 5357 Reginfrido
1329 5289 1704 5361 Rotomagensi
1755 5292 1865 5362 epi-

295 5391 474 5444 sc0po,
529 5376 666 5450 (tum
722 5378 1006 5432 recensitis
1062 5379 1182 5434 aliis
1235 5380 1506 5455 undecim)
1557 5393 1606 5438 et
1667 5387 1868 5439 steteris

297 5470 668 5526 amantissimis
696 5471 1010 5542 coepiscopis
1037 5514 1050 5537 ,
1076 5474 1386 5546 presbyteris
1414 5479 1607 5544 etiam,
1645 5489 1693 5533 et
1734 5480 1865 5546 Dia-

297 5561 457 5626 conis,
483 5563 781 5632 cunctisque
809 5562 1112 5618 orthodoxis
1157 5564 1493 5622 ecclesiarum
1525 5568 1620 5624 Dei
1650 5567 1866 5627 Ctericis

299 5651 629 5720 apostolicam
658 5653 953 5708 doctrinam
992 5655 1280 5710 tenentibus
1306 5697 1319 5722 ,
1367 5655 1657 5732 Zacharias
1687 5663 1868 5718 divina

299 5743 464 5810 gratia
492 5746 761 5815 prwditus,
808 5746 1108 5818 apostolica:
1154 5748 1293 5826 sedis
1356 5746 1626 5830 Pontifex,
1691 5770 1866 5810 servus

299 5841 471 5889 autem
501 5831 765 5894 servorum
793 5838 929 5904 Dei,
957 5838 1010 5894 in
1041 5838 1266 5896 Domino
1299 5837 1524 5895 salutem
1549 5843 1699 5898 dicit.

1891 4601 1946 4662 D

1969 1979 2361 2051 religiositatem
2389 1989 2612 2034 vestram
2639 2018 2656 2046 ,
2692 1987 2848 2058 atque
2882 1978 3244 2036 excellentiam
3269 1989 3415 2056 tuam
3437 1997 3559 2058 gra-

1967 2073 2045 2126 tia
2077 2088 2305 2142 superna
2330 2071 2612 2126 custodiat.
2741 2056 2746 2062 ’

2039 2163 2280 2218 Dominis
2329 2163 2778 2219 excellentissimis
2823 2163 2952 2234 ﬁliis
2998 2163 3192 2218 Carolo
3241 2173 3289 2219 et
3336 2163 3557 2218 Carolo-

1968 2271 2164 2310 manno
2189 2254 2416 2326 Regibus
2442 2253 2796 2322 Francorum,
2820 2265 2867 2310 et
2891 2253 3143 2311 Patriciis
3170 2255 3553 2319 Romanorum,

1967 2345 2268 2418 Stephanus
2295 2335 2460 2417 papa.
2487 2335 2849 2418 SubScriptio.
2874 2345 3224 2414 Incolumem,
3255 2353 3360 2401 etc.

2039 2438 2349 2494 Hadrianus
2386 2437 2407 2492 l
2437 2454 2564 2492 ann.
2597 2438 2724 2492 770.

2039 2527 2266 2582 Domino
2309 2526 2746 2585 excellentissimo
2793 2525 2907 2597 ﬁlio
2951 2525 3145 2581 Carolo
3170 2528 3280 2598 regi
3314 2524 3557 2579 Franco-

1962 2635 2088 2675 rum
2109 2627 2158 2672 et
2179 2618 2673 2689 Longobardorum,
2706 2625 2860 2689 atque
2887 2614 3126 2671 Patricio
3152 2616 3514 2670 Romanorum
3532 2657 3548 2679 ,

1968 2707 2287 2764 Hadrianus
2306 2726 2466 2780 papa.
2501 2707 2860 2779 Subscriptio.
2890 2706 3237 2773 Incolumem,
3265 2715 3369 2763 etc.
3420 2708 3561 2764 Sunt

1967 2800 2088 2856 aliae
2119 2801 2382 2856 tredecim
2425 2801 2495 2856 ad
2523 2801 2778 2857 eumdem
2825 2802 3016 2857 eadem
3042 2799 3215 2856 forma
3247 2801 3561 2873 inscriptio-

1965 2893 2054 2952 nis
2088 2902 2142 2949 et
2164 2893 2597 2965 subscriptionis.

2037 2988 2240 3044 Dilecto
2303 2989 2461 3059 fratri
2522 2987 2744 3045 Tarasio
2803 2985 3134 3044 Patriarchte
3157 3027 3172 3053 ,
3243 2983 3558 3062 Hadrianus

1965 3097 2146 3139 servus
2172 3098 2441 3138 servorum
2463 3080 2582 3136 Dei.

2038 3174 2148 3230 Leo
2175 3171 2244 3228 Ill
2270 3188 2399 3228 ann.
2433 3171 2557 3228 795.

1892 3239 1939 3305 (ἶ
2044 3265 2270 3321 Domino
2319 3263 2752 3320 excellentissimo
2781 3262 2894 3333 ﬁlio
2932 3261 3239 3337 Kenulpho,
3273 3266 3382 3338 regi
3417 3263 3561 3329 Mer-

1965 3360 2168 3416 ciorum
2198 3357 2480 3430 provincias
2519 3354 2787 3420 Samnite,
2817 3353 2921 3409 Leo
2948 3371 3105 3427 papa.

2038 3454 2266 3508 Domino
2287 3451 2526 3523 piissimo
2542 3460 2589 3505 et
2610 3451 2963 3518 serenissima,
2979 3451 3162 3506 victori
3182 3468 3244 3505 ac
3266 3450 3557 3520 triumpha-

1965 3546 2090 3609 tori,
2117 3545 2250 3614 ﬁlio,
2279 3544 2507 3597 amatori
2533 3543 2628 3596 Det
2657 3559 2719 3596 ac
2751 3541 2964 3595 Domini
2989 3542 3154 3596 nostri
3183 3541 3312 3595 Iesu
3340 3540 3556 3615 Christi,

1967 3636 2160 3691 Carolo
2197 3635 2464 3705 Augusto,
2523 3635 2626 3688 Leo
2693 3635 3002 3706 episcopus,
3049 3651 3226 3689 servus
3287 3632 3558 3688 servorum

1969 3727 2088 3783 Dei.
2119 3727 2478 3797 Subscriptio.
2513 3726 2821 3782 Piissimum
2865 3727 3080 3788 Domini
3109 3726 3418 3798 Imperium,
3447 3733 3557 3782 etc.

1969 3818 2110 3875 Sunt
2140 3820 2260 3897 alite
2288 3833 2482 3874 novem
2511 3819 2580 3875 ad
2608 3821 2861 3886 eumdem
2900 3818 3144 3891 ejusdem
3173 3821 3379 3878 formte.

2039 3908 2334 3980 Gregorius
2360 3909 2430 3964 Π
2459 3926 2586 3966 ann.
2619 3911 2744 3966 827.

2041 4002 2414 4060 Dilectissimis
2462 4003 2716 4074 fratribus
2767 4002 3024 4062 universis
3068 4003 3416 4075 coepiscopis,
3468 4019 3560 4074 per

1968 4092 2222 4162 Galliam,
2272 4093 2644 4162 Germaniam,
2696 4095 2992 4168 Europam,
3041 4103 3089 4150 et
3146 4113 3240 4168 per
3289 4096 3556 4152 universas

1965 4188 2264 4259 provincias
2333 4189 2627 4242 constitutis
2651 4227 2665 4252 ,
2720 4184 3003 4260 Gregorius
3061 4203 3239 4242 servus
3291 4203 3554 4242 servorum

1969 4275 2089 4349 Dei.
2251 4271 2254 4274 ’

2555 4365 2854 4428 SECULO.
2889 4365 2983 4423 IX.

2040 4456 2170 4515 Post
2197 4457 2488 4530 Gregorios
2516 4468 2650 4524 tres,
2678 4459 2742 4526 ll,
2770 4458 2854 4526 Ill,
2886 4465 2940 4514 et
2977 4457 3067 4523 IV,
3109 4457 3201 4529 qui
3241 4463 3554 4514 constantes

1970 4565 2077 4608 non
2106 4552 2328 4608 fuerunt
2364 4553 2419 4607 in
2449 4552 2732 4608 retinendo
2774 4567 2884 4608 uno
2921 4550 3191 4608 scribendi
3234 4551 3416 4615 modo,
3460 4550 3554 4606 sed

1971 4647 2261 4720 aliquando
2311 4647 2476 4714 hunc,
2510 4647 2799 4718 aliquando
2845 4646 3007 4702 istum
3033 4652 3399 4718 usurparunt,
3424 4659 3553 4708 con-

1973 4748 2180 4796 stanter
2215 4739 2325 4796 Leo
2360 4740 2428 4796 Ν
2458 4755 2656 4795 nomen
2697 4755 2852 4800 suum
2886 4738 3216 4809 praeposuit,
3250 4736 3553 4806 Leonisque

1971 4833 2277 4906 exemplum
2295 4840 2683 4904 consequentes
2699 4830 2990 4888 Pontifices
3016 4829 3186 4888 secuti
3207 4837 3351 4884 sunt.
3372 4826 3551 4883 Semel

1971 4933 2154 4980 tamen
2181 4923 2495 4989 Formosus,
2521 4922 2685 4978 semel
2708 4923 2873 4978 etiam
2893 4920 3215 4978 Benedictus
3237 4919 3328 4976 νη
3352 4933 3546 4973 nomen

1969 5032 2127 5079 suum
2168 5015 2479 5086 subjunxit:
2512 5013 2600 5084 ille
2628 5055 2644 5080 ,
2700 5029 2822 5068 cum
2874 5013 2940 5067 ad
2988 5011 3269 5084 episcopos
3310 5005 3550 5078 AnglitB,

1967 5109 2070 5165 iste
2096 5149 2110 5174 ,
2155 5124 2279 5164 cum
2305 5107 2374 5163 ad
2403 5105 2586 5162 Gallos
2609 5112 2663 5160 et
2690 5103 2987 5160 Germanos
3031 5103 3314 5159 scriberet.
3348 5096 3551 5152 Verum

1966 5210 2199 5274 utraque
2225 5201 2449 5272 epistola
2477 5216 2582 5255 non
2609 5214 2859 5272 magnam
2881 5197 3012 5252 facit
3041 5197 3202 5250 ﬁdem
3227 5210 3239 5244 :
3263 5203 3389 5246 nam
3433 5205 3552 5262 quae

1967 5293 2239 5361 Formosi,
2273 5294 2433 5366 vulgo
2463 5294 2660 5350 dicitur
2683 5292 2816 5349 vitio
2845 5305 2953 5344 non
2984 5299 3203 5349 carere;
3235 5295 3352 5352 quae
3387 5281 3553 5338 Bene-

1971 5375 2101 5442 dicti
2131 5412 2146 5453 ,
2177 5401 2285 5441 non
2331 5384 2405 5440 ita
2441 5386 2652 5458 pridem
2675 5399 2706 5440 e
2730 5380 2952 5436 latebris
2983 5373 3184 5456 prodiit
3216 5392 3226 5427 :
3264 5382 3319 5428 et
3346 5390 3473 5430 cum
3503 5373 3554 5428 id

1973 5479 2265 5545 restituat,
2314 5477 2460 5550 quod
2526 5477 2656 5531 olim
2725 5469 3084 5544 Symmachus
3146 5466 3552 5532 constituisset,

1972 5571 2137 5625 etiam
2166 5569 2446 5640 inscriptio
2486 5563 2762 5623 Benedicti
2802 5560 3112 5636 Symmachi
3143 5559 3550 5629 inscriptionem

1973 5661 2184 5718 imitata
2219 5661 2321 5717 dici
2361 5665 2556 5730 potest.
3335 5655 3340 5661 '

2046 5753 2186 5821 Quin
2212 5763 2266 5809 et
2287 5762 2416 5816 tunc
2443 5747 2700 5828 temporis
2734 5747 3112 5805 abstinuerunt
3148 5742 3442 5806 Pontiﬁces
3483 5741 3551 5796 ab

1974 5848 2332 5909 appellatione
2368 5843 2581 5900 Domini
2627 5843 3006 5911 Dominteque,
3041 5855 3163 5895 cum
3206 5833 3553 5890 saecularibus
