4062 6486
488 384 593 443 127

1745 377 1839 433 AD
1874 370 2139 433 LIBRUM
2172 369 2491 430 DIURNUM

3626 379 3733 443 128

488 500 675 555 literas
711 496 925 561 darent,
954 492 1118 550 etiam
1139 491 1558 564 lmperatoribus
1598 497 1759 562 atque
1786 485 2007 557 Reginis
2039 500 2053 537 :
2084 481 2277 552 Ajure
2304 492 2487 555 posset
2517 501 2530 538 :
2562 482 2862 554 przesertim
2890 496 3014 541 cum
3061 484 3132 541 ad
3173 456 3735 565 arbitrium-quisque

486 606 814 662 quamquam
878 588 1113 644 Joannes
1156 587 1268 643 Vill
1315 587 1482 643 semel
1531 585 1812 656 epistolam
1864 581 1934 637 92
1980 580 2057 634 ita

488 683 766 754 inscripsit
819 696 834 736 :
889 680 1253 736 Dilectissimo:
1304 678 1430 748 ﬁlia:
1474 678 1692 732 Domme
1735 672 2057 744 Angelberta:

488 777 818 849 lmperatrici
841 817 856 842 ,
887 777 988 846 pia:
1041 775 1307 830 memoria:
1339 773 1496 844 152
1534 769 1783 827 Ludovici
1820 769 2056 824 invictis-

485 871 605 923 simi
631 868 976 945 Imperatoris
1012 866 1245 936 conjugi,
1276 865 1620 937 serenissima:
1642 860 1911 930 Augustw.

553 961 666 1015 lmo
717 959 969 1014 Nicolaus
1034 958 1056 1012 ι
1119 957 1323 1027 passim
1362 952 1711 1025 praetermisit
1758 952 2056 1007 solemnem

485 1051 938 1121 subscriptionem
970 1089 986 1115 ,
1050 1064 1157 1118 qua
1219 1046 1648 1117 przedecessores
1705 1042 1999 1098 utebantur
2038 1080 2056 1107 ,

485 1157 585 1199 nec
606 1142 720 1211 jam
766 1140 1090 1197 incolumem
1135 1136 1392 1195 custodiri
1417 1152 1449 1189 a
1477 1150 1709 1206 superna
1736 1134 1908 1205 gratia
1933 1148 2058 1190 eum

483 1234 808 1311 precabatur
829 1272 845 1298 ,
876 1232 962 1287 cui
993 1229 1263 1286 scribebat
1299 1245 1312 1281 :
1341 1226 1435 1282 sed
1478 1224 1555 1281 vel
1605 1233 1842 1296 optamus
1866 1264 1883 1289 ,
1926 1232 2055 1289 etc.,

484 1323 734 1394 apposuit
762 1362 777 1388 ,
807 1321 891 1377 vel
915 1321 1040 1374 bene
1060 1316 1173 1372 vale
1200 1356 1215 1381 ,
1240 1315 1327 1371 vel
1354 1315 1500 1369 aliud
1538 1315 1736 1370 simile.
1759 1314 2059 1383 Acceptum

485 1424 668 1471 tamen
696 1429 727 1467 a
756 1412 1050 1483 majoribus
1076 1420 1284 1463 morem
1309 1406 1535 1476 epistola
1556 1405 1626 1460 36
1646 1414 1701 1461 et
1722 1405 1788 1460 6'7
1812 1406 2057 1462 retinuit.

484 1506 765 1563 Nicolaum
786 1500 979 1558 imitati
1010 1507 1139 1568 sunt
1166 1513 1507 1555 successores
1532 1539 1546 1564 ,
1580 1499 1686 1567 nisi
1723 1499 1866 1567 quod
1898 1496 2060 1553 Joan-

483 1611 581 1650 nes
609 1594 722 1650 Vlll
747 1602 986 1647 veterem
1014 1604 1223 1646 morem
1266 1589 1473 1655 semel,
1504 1597 1599 1644 aut
1636 1589 1836 1645 iterum
1872 1589 2059 1645 obser-

480 1683 647 1737 vavit.

550 1773 844 1845 Gregorius
878 1771 977 1843 VII,
1019 1770 1228 1828 induxit
1269 1771 1324 1827 in
1353 1785 1580 1836 morem,
1622 1771 1717 1842 qui
1751 1778 1937 1842 postea
1960 1773 2059 1828 ob-

480 1866 676 1932 tinuit,
704 1874 765 1921 ut
792 1866 1021 1922 salutem
1049 1874 1105 1922 et
1131 1865 1499 1936 Apostolicam
1530 1866 1963 1923 benedictionem
1988 1866 2058 1923 iis

480 1956 849 2026 impertiretur
871 1996 887 2021 ,
920 1956 1114 2026 quibus
1139 1956 1327 2012 literas
1358 1956 1539 2031 'daret.

549 2047 631 2102 Ex
658 2047 745 2103 his
783 2062 902 2117 quae
931 2048 1195 2104 hactenus
1223 2048 1386 2103 allata
1415 2054 1569 2114 sunt,
1608 2056 1835 2119 possunt
1856 2047 2059 2105 condu-

480 2138 663 2194 cibilia
711 2140 955 2211 quaedam
1002 2138 1070 2195 ad
1117 2140 1401 2197 historiam
1436 2140 1877 2197 Ecclesiasticam
1932 2156 2060 2197 con-

481 2230 644 2286 cludi.
1284 2277 1289 2281 .

550 2319 592 2375 Ι.
623 2320 780 2376 Circa
809 2320 937 2376 noni
965 2321 1146 2378 saeculi
1176 2322 1330 2378 initia
1366 2322 1627 2381 formulas
1650 2324 1857 2382 Diurno
1896 2323 2061 2382 Libro

481 2414 900 2484 comprehensas
925 2415 1187 2484 paulatim
1217 2416 1555 2479 desuefactas
1586 2432 1727 2475 esse.

550 2505 613 2559 ll.
644 2505 702 2561 ld
729 2521 794 2562 eo
820 2516 1064 2579 tempore
1090 2509 1411 2580 contigisse,
1452 2526 1559 2581 quo
1598 2526 1807 2583 magnae
1836 2527 2065 2570 conver-

481 2594 662 2649 siones
688 2611 868 2651 rerum
897 2596 1053 2653 factm
1081 2607 1227 2665 sunt,
1243 2600 1756 2671 expulsisqueltalia
1772 2601 2060 2670 Exarcbis,

482 2693 537 2741 et
563 2702 752 2744 everso
772 2688 1257 2760 Longobardorum
1294 2708 1485 2764 regno,
1529 2708 1639 2749 non
1664 2694 1937 2751 mediocre
1972 2695 2065 2750 do-

483 2776 710 2831 minium
731 2778 1043 2848 Apostolica
1063 2783 1217 2838 sedes
1244 2784 1499 2838 obtinuit.

552 2866 638 2920 ιιι.
669 2867 784 2923 Νοιι
815 2878 1036 2940 repente
1073 2874 1519 2930 consuetudinem
1539 2884 1782 2932 veterem
1805 2876 2064 2932 abolitam

483 2972 627 3023 esse,
658 2958 754 3014 sed
790 2961 945 3030 quasi
976 2976 1075 3033 per
1108 2971 1289 3034 partes
1314 3003 1330 3033 ,
1378 2980 1448 3021 ne
1476 2966 1770 3023 miraretur
1793 2967 1943 3024 orbis
1965 3006 1981 3035 ,
2008 2974 2067 3023 et

482 3047 667 3105 forsan
695 3051 1034 3111 reclamaret.

2157 593 2313 633 suum
2341 577 2623 647 scripsisse
2653 577 2808 648 153
2832 578 3101 645 videatur,
3124 594 3225 636 nec
3245 590 3560 640 constanter
3586 585 3734 644 idem

2156 670 2348 727 modus
2390 671 2458 725 ab
2509 670 2796 737 omnibus,
2845 671 3011 727 etiam
3057 672 3220 729 unius
3262 674 3575 746 dignitatis,
3601 688 3734 750 puta

2140 762 2539 833 Imperatoriae,
2570 762 2842 834 Augustae,
2872 771 3007 829 etc.,
3033 766 3351 823 observatus
3370 771 3693 841 reperiatur.

2225 851 2343 908 Non
2371 852 2478 908 erit
2507 862 2686 908 tamen
2727 853 2961 909 alienum
2999 856 3068 911 ab
3126 866 3443 931 argumento
3490 860 3734 921 breviter

2157 943 2385 1008 referre,
2411 944 2541 1012 quid
2577 959 2741 1015 super
2764 960 2831 1000 ea
2874 960 2936 1001 re
2979 944 3079 1002 sub
3120 946 3287 1005 finem
3330 951 3470 1007 sexti
3525 955 3731 1024 saeculi,

2158 1038 2379 1108 quando,
2399 1038 2537 1094 sedit
2561 1038 2856 1110 Gregorius
2885 1038 3128 1111 Magnus,
3153 1041 3383 1113 aliisque
3408 1046 3618 1102 duobus
3645 1063 3733 1103 se-

2159 1131 2449 1200 quentibus
2500 1130 2652 1195 totis,
2685 1145 2718 1185 a
2743 1130 3105 1201 Principibus,
3150 1131 3432 1205 Augustis,
3461 1136 3730 1206 Patritiis,

2158 1228 2288 1287 etc.,
2318 1229 2635 1292 usurpatum
2661 1221 2732 1278 sit
2758 1235 2774 1274 :
2798 1236 3126 1292 quamquam
3144 1237 3316 1293 pauca
3341 1225 3631 1283 admodum
3645 1218 3735 1285 re:-

2156 1312 2605 1387 perianturhsive
2637 1313 2695 1367 in
2724 1311 3132 1370 collectionibus
3160 1315 3563 1385 pontificiarum
3606 1318 3734 1375 lite-

2157 1421 2363 1471 rarum,
2404 1405 2520 1461 sive
2560 1404 2702 1475 apud
2722 1405 3014 1461 Annalium
3038 1406 3546 1468 Ecclesiasticorum
3587 1410 3730 1465 scri-

2156 1504 2343 1568 ptOres
2368 1497 2633 1567 exempla
2658 1537 2674 1562 ,
2715 1497 2931 1554 aliunde
2984 1511 3117 1554 vero
3154 1497 3424 1556 curiosius
3455 1498 3735 1569 inquirere

2157 1605 2337 1662 Opera:
2370 1591 2606 1660 pretium
2630 1605 2738 1645 non
2759 1598 2861 1645 est.

2226 1683 2522 1753 Imperator
2548 1682 2617 1736 ad
2644 1696 2914 1736 summum
2927 1679 3266 1747 Pontiﬁcem,
3289 1695 3421 1736 ann.
3452 1679 3732 1737 682.Fla-

2146 1774 2271 1829 vius
2301 1772 2677 1828 Constantinus
2707 1771 2878 1841 ﬁdelis
2904 1772 2961 1827 in
2983 1770 3113 1827 Jesu
3141 1769 3350 1826 Christo
3371 1770 3735 1843 Deolmpera-

2161 1876 2243 1921 tor
2264 1865 2448 1931 Leoni,
2489 1864 2817 1919 sanctissimo
2868 1872 2917 1919 et
2984 1863 3281 1918 beatissimo
3333 1863 3733 1933 Archiepiscopo

2160 1960 2340 2015 veteris
2370 1968 2418 2013 et
2439 1957 2749 2012 clarissima:
2779 1956 2923 2011 urbis
2948 1955 3151 2020 Romaz,
3181 1964 3230 2010 et
3269 1955 3584 2010 tecumenico
3622 1951 3736 2009 Ραρ-

2156 2068 2256 2123 pte.
2293 2048 2632 2120 Subscriptio
2672 2047 2904 2119 piissimi
2952 2045 3296 2117 imperatoris
3338 2044 3525 2101 :Deus
3572 2054 3624 2100 te
3676 2045 3735 2099 in

2157 2143 2329 2199 multa
2369 2151 2602 2214 tempora
2647 2140 2927 2206 custodiat,
2970 2140 3297 2195 sanctissime
3342 2145 3391 2194 et
3440 2137 3735 2194 beatissime

2160 2233 2343 2290 Pater.
3213 2216 3223 2223 ’

2228 2326 2371 2382 Ann.
2402 2324 2525 2380 687.
2560 2322 2857 2395 Imperator
2905 2321 3086 2376 Ctesar
3126 2318 3345 2374 Flavius
3396 2317 3735 2374 Justinianus

2157 2421 2333 2491 ﬁdelis
2361 2422 2417 2475 in
2440 2418 2571 2474 Jesu
2594 2417 2821 2481 Christo,
2850 2414 3123 2486 pacificus,
3154 2412 3291 2485 pius,
3319 2420 3593 2483 perpetuus
3621 2413 3738 2466 Au-

2160 2520 2380 2584 gustus,
2436 2509 2636 2566 Joanni
2685 2508 3015 2563 sanctissimo
3065 2522 3128 2559 ac
3182 2503 3472 2559 beatissimo
3504 2502 3737 2573 antiquae

2161 2603 2318 2659 alma:
2350 2602 2495 2683 urbis
2540 2601 2722 2657 Roma:
2743 2609 2896 2671 atque
2932 2597 3229 2683 universali
3279 2594 3463 2668 Papa.
3501 2595 3571 2651 Et
3611 2594 3738 2651 diva

2161 2712 2327 2754 manu
2357 2714 2371 2750 :
2400 2677 2667 2748 Divinitas
2695 2702 2743 2747 te
2765 2677 3240 2761 servet'permultos
3252 2704 3439 2755 annos,
3465 2687 3740 2743 sanctissi-

2161 2805 2243 2845 me
2277 2805 2338 2843 ac
2373 2786 2664 2841 beatissime
2685 2783 2866 2838 Pater.

2232 2876 2592 2935 (Ecumenica
2615 2873 2863 2946 Synodus
2892 2891 2905 2928 :
2933 2872 3184 2929 Sanctum
3203 2882 3251 2928 et
3288 2870 3580 2927 universale
3598 2869 3743 2928 Con-

2163 2970 2365 3036 cilium,
2389 2969 2528 3041 quod
2561 2984 2652 3039 per
2694 2967 2794 3022 Dei
2848 2966 3092 3037 gratiam,
3141 2973 3189 3019 et
3229 2964 3370 3035 piam
3415 2964 3745 3020 sanctionem

2163 3063 2385 3136 piissimi
2423 3079 2484 3116 ac
2515 3060 2811 3131 ﬁdelissimi
2831 3059 3004 3130 magni
3033 3057 3373 3129 Imperatoris
3409 3054 3745 3112 Constantini

555 3141 649 3250 (tv:
694 3144 1103 3250 biirum‘videri
1130 3190 1145 3215 ,
1193 3151 1336 3221 quod
1376 3152 1746 3212 Bernardinus
1778 3155 2065 3212 Ferrarius
2089 3184 2137 3250 α
2167 3161 2535 3225 congregatum
2573 3161 2669 3217 est,
2712 3151 2769 3205 in
2805 3151 2903 3205 hac
2928 3168 2962 3204 a
3005 3148 3115 3204 Deo
3141 3146 3499 3204 conservanda
3521 3156 3570 3202 et
3596 3148 3750 3217 regia

484 3230 653 3286 refert
693 3232 785 3288 lib.
821 3251 860 3290 ιι
887 3236 954 3292 de
990 3239 1228 3308 antiquis
1270 3240 1669 3301 Ecclesiasticis
1691 3247 1968 3316 epistolis,
1997 3246 2065 3302 de

484 3322 659 3379 salute
685 3335 740 3380 et
761 3326 1071 3398 Apostolica
1112 3330 1491 3390 benedictione
1535 3353 1565 3391 a
1613 3340 1839 3395 summis
1884 3340 2069 3396 Ponti-

486 3413 677 3469 ﬁcibus
721 3416 777 3472 in
825 3417 1003 3475 fronte
1050 3420 1352 3478 litterarum
1409 3426 1679 3498 impertita
1726 3430 1793 3485 iis
1818 3470 1833 3496 ,
1872 3431 2069 3501 quibus

485 3504 803 3561 scriberent.
841 3526 861 3559 ι
893 3507 1045 3565 Hanc
1092 3515 1571 3583 consuetudinem,
1622 3518 1836 3589 inquit,
1887 3536 2070 3590 quem-

485 3597 774 3653 admodum
805 3615 836 3654 a
871 3600 1025 3656 Cleto
1060 3601 1303 3659 Romano
1342 3605 1605 3665 Pontiﬁce
1645 3611 1881 3680 primum
1922 3611 2070 3666 inve-

485 3694 628 3741 ctam
658 3689 875 3744 tradunt
904 3690 1203 3763 Polydorus
1245 3695 1500 3768 Virgilius
1539 3699 1606 3755 de
1643 3701 1851 3756 lavent.
1883 3716 2069 3757 rerum

486 3775 582 3831 lib.
613 3793 731 3843 vut,
762 3795 883 3849 cap.
912 3781 965 3845 2,
994 3791 1050 3837 et
1083 3783 1356 3841 Gilbertus
1385 3787 1768 3845 Genebrardus
1814 3791 1869 3846 in
1898 3792 2069 3848 Chro-

488 3867 667 3939 nolog.
691 3870 785 3925 lib.
811 3887 895 3935 ιιι,
922 3874 988 3926 ad
1016 3890 1142 3929 anu.
1167 3876 1367 3933 Christi
1395 3880 1464 3935 95
1500 3880 1555 3934 in
1576 3880 1760 3946 Cleto;
1794 3882 1871 3935 ita
1910 3883 1978 3938 ab
2003 3898 2068 3940 eo

486 3967 763 4015 mutuatos
800 3961 1036 4031 reliquos
1073 3966 1267 4029 deinde
1309 3952 1600 4027 Pontifices
1635 3980 1947 4028 constanter
1989 3989 2073 4030 re-

488 4044 719 4103 tinuisse
759 4046 1081 4105 afﬁrmant.)
1134 4052 1193 4107 ld
1223 4069 1351 4111 vero
1379 4058 1502 4127 quis
1527 4073 1635 4113 non
1663 4061 1914 4128 miretur,
1941 4077 2068 4120 cum

488 4145 616 4191 ante
666 4138 985 4211 Gregorium
1018 4144 1124 4214 Vll,
1168 4146 1261 4216 qui
1314 4150 1510 4206 saeculo
1562 4152 1852 4210 undecimo
1882 4157 2065 4225 sedit,

490 4230 806 4299 aut’fnullus
832 4273 848 4301 ,
879 4242 973 4288 aut
1012 4235 1101 4289 vix
1125 4237 1266 4293 ullus
1290 4254 1355 4295 ea
1394 4242 1717 4299 salutatione
1760 4248 2068 4317 reperiatur

488 4333 637 4377 usus.
683 4323 834 4380 Unde
876 4341 1007 4382 vero
1060 4329 1232 4385 asseri
1268 4332 1440 4401 possit
1472 4331 1657 4390 Cletus
1698 4335 1865 4394 fuisse
1906 4338 2067 4407 hujus

490 4414 832 4471 salutationis
863 4425 1022 4473 autor
1044 4459 1059 4484 ,
1090 4421 1272 4476 nullus
1313 4423 1426 4478 scio
1448 4465 1463 4489 ,
1492 4440 1614 4479 cum
1650 4427 1810 4483 nullae
1836 4429 2067 4483 habean-

2171 3240 2623 3312 Constantinopoli
2662 3257 2792 3295 nova
2838 3239 3025 3306 Roma,
3054 3241 3112 3294 in
3152 3250 3347 3294 secreto
3376 3238 3513 3293 sacri
3553 3236 3750 3308 palatii

2170 3336 2308 3389 dicto
2331 3331 2529 3395 Trulla,
2568 3331 2897 3387 sanctissimo
2936 3347 2997 3385 ac
3025 3330 3319 3385 beatissimo
3336 3327 3502 3400 Papa:
3521 3329 3751 3384 senioris

2170 3425 2354 3482 Romae
2383 3425 2647 3495 Agathoni
2674 3425 2729 3478 in
2748 3423 2971 3479 Domino
3001 3421 3243 3477 salutem.

2241 3518 2491 3590 Synodus
2512 3517 2768 3573 Africana
2797 3514 3118 3571 universalis
3149 3514 3217 3568 ad
3246 3527 3517 3568 summum
3553 3510 3755 3569 Ponti-

2169 3611 2328 3667 ﬁcem
2361 3627 2376 3664 :
2408 3609 2633 3663 Domino
2670 3606 2990 3673 beatissimo,
3018 3602 3313 3676 Apostolico
3349 3602 3575 3658 culmine
3613 3602 3751 3659 sub-

2169 3703 2372 3767 limato,
2412 3701 2567 3756 Patri
2608 3698 2832 3755 Patrum
2885 3696 3158 3753 Theodoro
3209 3694 3392 3767 Paper,
3441 3703 3491 3749 et
3537 3709 3751 3751 summa

2168 3796 2402 3851 omnium
2427 3791 2729 3849 Praasulum
2758 3792 3025 3863 Pontiﬁci.
3075 3788 3356 3846 Columbus
3391 3788 3575 3858 primae
3604 3786 3752 3843 sedis
3826 3824 3833 3827 -

2168 3886 2460 3960 Episcopus
2486 3885 2719 3940 'Concilii
2775 3883 3065 3947 Numidica,
3116 3892 3165 3935 et
3223 3879 3516 3949 Stephanus
3558 3878 3755 3945 prima:

2168 3979 2305 4035 sedis
2332 3976 2622 4048 Episcopus
2657 3970 2881 4026 Concilii
2908 3970 3193 4041 Byzaceni,
3221 3976 3269 4021 et
3292 3966 3587 4036 Reparatus
3613 3963 3757 4035 Epi-

2160 4085 2354 4140 scopus
2386 4068 2567 4136 prima:
2590 4062 2728 4117 sedis
2766 4060 2989 4115 Concilii
3016 4057 3379 4121 Mauritania,
3421 4065 3469 4111 et
3514 4056 3754 4112 universi

2168 4159 2414 4232 Episcopi
2444 4140 2508 4210 de
2539 4155 2705 4209 tribus
2738 4151 2986 4209 Conciliis
3018 4150 3297 4206 antedictis
3317 4148 3584 4220 Africana:
3606 4147 3753 4204 Pro-

2163 4238 2371 4306 vincite.
2818 4282 2821 4285 -

2238 4338 2556 4395 Patriarcha
2575 4336 2641 4392 ad
2665 4349 2935 4391 summum
2964 4331 3282 4389 Pontificem
3302 4348 3428 4387 ann.
3446 4330 3552 4385 712
3576 4328 3752 4385 :San-

2168 4433 2401 4487 ctissimo
2439 4439 2489 4484 et
2522 4427 2822 4484 beatissimo
2848 4425 3005 4497 fratri
3026 4434 3074 4480 et
3112 4421 3751 4489 comministro,vDomino

489 4512 580 4559 tur
607 4506 772 4575 ipsius
798 4506 1038 4576 epistolae
1062 4548 1077 4574 ,
1124 4526 1299 4581 neque
1333 4514 1627 4583 scriptores
1655 4516 1921 4589 Polydoro
1950 4518 2067 4573 Vir-
2087 4531 2142 4592 D
2168 4519 2530 4584 Constantino,
2561 4518 2794 4573 Joannes
2817 4517 3062 4588 indignus
3083 4515 3373 4587 Episcopus
3409 4515 3466 4567 in
3519 4512 3749 4567 Domino

488 4597 619 4667 gilio
642 4596 1097 4670 Geuebrardoque
1124 4601 1375 4671 majores,
1391 4608 1736 4665 monimentis
1761 4610 2064 4665 litterarum

490 4688 594 4743 hac
634 4689 785 4744 de're
806 4691 1124 4760 quidquam
1148 4695 1489 4753 tradiderint.
1534 4697 1689 4766 Quod
1719 4700 1808 4755 ille
1834 4700 2064 4754 salutem

488 4788 744 4851 precatus
770 4782 878 4848 sit,
911 4784 1251 4855 gratiamque
1278 4789 1375 4844 Dei
1404 4806 1555 4846 more
1578 4790 1956 4860 Apostolorqu
1976 4788 2062 4856 iis,

491 4873 557 4927 ad
586 4888 721 4943 quos
753 4874 1051 4943 scriberet,
1082 4878 1369 4935 admodum
1414 4880 1671 4936 credibile
1716 4888 1819 4934 est.
1865 4876 2066 4933 Verum

490 4979 599 5018 non
630 4962 696 5018 de
722 4965 914 5033 salute,
936 4968 1029 5022 sed
1051 4969 1117 5025 de
1138 4970 1447 5041 Apostolica
1472 4968 1843 5025 benedictione
1863 4969 2065 5040 agitur,

491 5070 655 5124 quam
718 5071 777 5111 se
826 5057 1093 5130 impertiri
1149 5062 1327 5117 nullus
1388 5059 1672 5128 Apostolus
1718 5059 1830 5113 suis
1873 5060 2069 5120 litteris

493 5146 749 5217 praefatus
774 5158 878 5205 est.

564 5237 681 5292 Erit
705 5238 844 5296 forte
869 5245 961 5313 qui
987 5251 1155 5317 optet,
1204 5250 1263 5296 ut
1300 5246 1583 5309 postquam
1627 5244 1936 5312 expositum
1961 5252 2067 5311 est,

495 5346 601 5401 qua
648 5331 820 5390 forma
852 5336 1102 5393 Pontifex
1132 5332 1451 5389 inscriberet
1490 5332 1965 5412 subscriberetque
2001 5342 2070 5398 li-

496 5434 664 5491 teras,
695 5443 831 5498 quas
863 5430 984 5484 aliis
1009 5429 1193 5488 daret,
1225 5424 1601 5482 OStenderetur
1626 5429 1882 5502 deinceps
1905 5474 1919 5499 ,
1952 5450 2073 5505 quae

497 5518 670 5574 forma
712 5516 1083 5590 inscriptionis
1126 5526 1305 5583 esset,
1349 5534 1469 5588 quae
1497 5521 1911 5593 subscriptionis
1953 5525 2074 5581 lite-

498 5626 701 5681 rarum,
732 5630 867 5685 quas
895 5613 962 5665 ab
1002 5609 1124 5665 aliis
1165 5612 1454 5683 acciperet.
1488 5615 1684 5672 Verum
1730 5619 1780 5674 id
1819 5621 2073 5690 quoniam

2165 4611 2408 4669 salutem.
2436 4608 2796 4679 Subscriptio.
2823 4608 3002 4663 Fortis
3029 4610 3086 4664 in
3104 4607 3331 4663 Domino
3345 4621 3440 4660 ora
3459 4620 3554 4675 pro
3572 4603 3747 4672 nobis,

2166 4700 2491 4757 sanctissime
2516 4708 2564 4753 et
2597 4699 2896 4754 beatissime
2919 4699 3105 4769 frater.

2236 4790 2450 4847 Primas
2471 4789 2669 4845 Africae
2697 4792 2766 4845 ad
2808 4805 3079 4845 summum
3117 4788 3436 4848 Pontificem
3466 4802 3480 4839 :
3518 4784 3747 4839 Domino

2168 4882 2466 4938 beatissimo
2484 4891 2534 4937 et
2558 4881 2853 4958 honorabili
2874 4890 3053 4937 sancto
3076 4880 3233 4951 fratri
3262 4877 3532 4934 Theodoro
3558 4874 3747 4946 Papte,

2182 4974 2371 5030 Victor.
3604 4984 3617 4993 ‘

2238 5067 2538 5138 Episcopus
2568 5066 2653 5121 'ad
2700 5081 2971 5122 summum
3032 5064 3387 5137 Pontificem,
3436 5075 3564 5115 ann.
3622 5059 3745 5114 741.

2168 5160 2393 5215 Domino
2416 5159 2710 5223 carissimo,
2738 5158 2928 5213 summi
2949 5154 3301 5223 Pontiﬁcatus
3320 5150 3492 5224 infula
3503 5150 3746 5222 prtedito,

2172 5250 2281 5303 viro
2302 5248 2621 5320 Apostolico,
2642 5246 2943 5309 Zachariaz,
2960 5244 3274 5314 Bonifacius
3293 5259 3470 5298 servus
3484 5254 3749 5297 servorum

2173 5340 2291 5396 Dei.

2244 5433 2671 5490 Reuerentissimo
2714 5432 2895 5498 Patri,
2946 5432 3283 5487 dilectissimo
3338 5426 3584 5491 Domino,
3634 5440 3750 5478 cum

2175 5531 2360 5584 timore
2387 5538 2434 5583 et
2456 5539 2677 5583 tremore
2700 5525 2992 5581 venerando
3029 5522 3305 5593 Magistro,
3346 5515 3633 5589 Apostolici
3659 5516 3752 5568 ho—

2116 5681 2127 5693 ,Α
2178 5621 2320 5676 noris
2343 5618 2610 5691 privilegio
2630 5618 2874 5689 prwdito,
2904 5614 3256 5685 Pontiﬁcatus
3292 5610 3464 5682 infula
3494 5606 3753 5680 Apostoli-

496 5722 607 5764 non
630 5708 866 5779 pertinet
889 5704 956 5758 ad
976 5702 1237 5761 Diumum
1258 5706 1573 5776 Librum,in
1592 5728 1701 5783 quo
1723 5728 1843 5783 quae
1865 5714 2076 5784 agenda
2103 5710 2151 5784 ἐκ
2178 5730 2253 5769 ca:
2307 5713 2444 5768 sedis
2497 5711 2778 5767 sublimato
2830 5708 3127 5774 Zachariw,
3176 5705 3487 5776 Bonifacius
3534 5702 3752 5772 exiguus

498 5799 746 5868 pontiﬁci
776 5793 1209 5866 'praascribuutur
1233 5838 1249 5865 ,
1298 5815 1402 5859 non
1438 5817 1559 5872 quce
1589 5762 1657 5859 ξι)
1695 5762 1818 5861 aliis
1841 5842 1857 5871 ,
1897 5762 2075 5864 (limini
2092 5762 2354 5883 iunius
2371 5802 2528 5875 155
2539 5812 2723 5873 vester,
2743 5804 2861 5858 licet
2879 5762 3126 5871 indignus
3138 5808 3187 5857 et
3210 5762 3449 5867 ultimus,
3463 5762 3644 5853 tamen
3659 5790 3754 5847 ιο·
