4062 6462
1229 461 1840 524 DISSERTATIONES.
1878 493 1951 508 —
1986 465 2442 524 DISSERTATIO
2475 467 2540 525 Il.

3411 475 3514 534 130

289 585 432 649 gatus
461 541 797 628 Germanicus
827 572 1204 640 devotissimus,
1235 576 1515 646 optabilem
1549 579 1605 633 in
1633 577 1838 633 Christo
1866 581 1920 642 Α
2012 577 2277 634 Incertum
2313 585 2397 634 est
2417 594 2486 634 an
2512 575 2938 634 Chalcedonensi
2963 575 3238 648 praeiverit
3280 579 3510 650 Ephesi-

287 663 719 724 immarcescibilis
755 665 990 722 caritatis
1017 665 1259 721 salutem.

349 761 579 819 Observa
601 759 642 816 Ι.
676 761 1090 817 Constantinum
1127 762 1461 834 Pogonatum
1487 773 1542 821 et
1579 763 1840 821 Justinia-

286 869 406 910 num
449 851 492 907 II
527 868 724 909 nomen
781 868 936 909 suum
985 855 1191 910 nomini
1240 854 1436 912 Leonis
1469 856 1514 911 II
1561 855 1844 916 Pontificis

283 958 607 1017 praeponere,
629 959 731 1000 nec
752 952 970 1002 secutos
1009 945 1267 1001 Marciani
1293 948 1348 1002 in
1378 948 1574 1006 litteris
1607 951 1674 1006 ad
1699 950 1839 1006 Leo-

289 1056 404 1096 nem
450 1040 470 1095 Ι
518 1029 820 1110 exemplum
865 1039 1071 1096 :Leoni
1117 1042 1542 1096 reuerendissimo
1582 1041 1840 1112 Episcopo

283 1130 521 1186 Ecclesia:
551 1131 791 1201 gloriosa:
809 1133 1033 1188 civitatis
1047 1131 1246 1198 Romae,
1264 1132 1602 1196 Marcianus;
1626 1140 1842 1188 secutos

283 1230 451 1276 tamen
478 1219 707 1276 formam
732 1221 930 1276 Justini
967 1231 1021 1278 et
1051 1220 1339 1278 Justiniani
1367 1221 1407 1276 Ι.
1440 1221 1531 1276 llle
1575 1223 1718 1276 enim
1771 1223 1840 1277 ad

280 1311 652 1367 Hormisdam:
711 1310 888 1367 Victor
913 1312 1178 1378 Justinus,
1211 1314 1374 1388 pius,
1399 1312 1542 1383 felix,
1592 1312 1838 1382 inclytus,

276 1401 636 1471 triumphator,
675 1419 875 1473 semper
887 1401 1176 1473 Augustus,
1194 1401 1246 1456 Η
1251 1401 1493 1456 ormisdaz
1511 1402 1837 1455 sanctissimo

276 1507 333 1544 ac
358 1489 653 1545 beatissimo
679 1491 1075 1563 Archiepiscopo
1099 1490 1253 1545 alma:
1275 1490 1418 1545 urbis
1442 1489 1644 1554 Romae,
1663 1499 1708 1544 et
1730 1487 1838 1544 Pa-

272 1579 528 1636 ιήανοιιίε.
589 1579 690 1637 Hic
723 1581 792 1636 ad
842 1579 1107 1638 Joannem
1150 1581 1214 1637 Il.
1274 1580 1456 1636 Victor
1483 1581 1838 1649 Justinianus,

268 1673 394 1743 pius,
415 1671 571 1742 felix,
598 1673 850 1745 inclytus,
902 1674 1274 1746 triumphator,
1303 1691 1504 1744 semper
1550 1675 1836 1745 Augustus,

267 1761 454 1817 Joanni
495 1766 826 1820 sanctissimo
867 1766 1268 1837 Archiepiscopo
1311 1765 1466 1820 alma:
1489 1766 1633 1820 urbis
1660 1764 1836 1819 Roma:

271 1861 313 1905 et
335 1851 692 1909 Patriarchtc.
724 1853 794 1909 Et
835 1854 903 1910 ad
955 1854 1254 1926 Agapetum
1280 1873 1292 1910 :
1322 1853 1614 1924 Imperator
1658 1853 1839 1908 Ctesar

1942 686 2013 726 na
2047 688 2060 724 :
2095 671 2305 726 variant
2323 671 2467 726 enim
2509 670 2566 726 in
2593 670 2760 726 variis
2809 669 3084 726 codicibus
3122 671 3398 727 relationis
3426 675 3514 730 in-

1942 757 2286 832 scriptiones.
3455 836 3457 838 η

2011 851 2267 910 Neutrius
2295 852 2494 926 Synodi
2515 864 2699 926 patres
2727 871 2996 911 summum
3039 855 3360 913 Pontificem
3412 871 3506 912 ex-

1937 959 2124 1016 presse
2153 946 2380 1003 fratrem
2400 948 2721 1019 Patremque
2733 959 2787 1004 et
2801 949 3086 1004 Dominum
3096 955 3308 1016 vocant,
3323 963 3515 1020 quam-

1941 1053 2107 1108 quam
2135 1037 2604 1096 Chalcedonenses
2631 1043 2687 1096 in
2717 1042 2832 1111 ipsa
2861 1041 3139 1097 relationis
3159 1041 3318 1107 serie,
3351 1038 3512 1095 modo

1941 1141 2001 1182 se
2021 1126 2240 1194 fratres,
2275 1131 2434 1185 modo
2457 1129 2596 1187 filios
2621 1130 2904 1202 appellent.
2939 1131 3093 1187 Unde
3122 1131 3373 1198 viderint,
3401 1144 3508 1200 qua

1941 1219 2150 1274 ratione
2179 1235 2237 1276 se
2259 1229 2532 1289 tueantur,
2560 1223 2652 1292 qui
2678 1237 2744 1276 ex
2767 1238 2848 1288 eo,
2882 1223 3024 1292 quod
3036 1221 3508 1277 Chalcedonenses

1941 1309 2137 1367 Leonis
2163 1327 2222 1368 se
2253 1312 2391 1368 ﬁlios
2418 1313 2844 1381 nominaverint,
2876 1314 3043 1368 multa
3073 1313 3176 1370 sibi
3222 1326 3511 1385 argumen-

1940 1402 2045 1456 tari
2064 1402 2333 1456 videntur.

2012 1491 2249 1548 Observa
2273 1491 2363 1547 IV.
2387 1491 2733 1548 Patriarchas
2757 1501 2988 1564 quatuor
3008 1493 3262 1564 majores,
3281 1491 3514 1547 Alexan-

1942 1582 2188 1650 drinum,
2256 1584 2688 1654 Antiochenum,
2754 1586 3406 1658 Constantinopolitanum
3459 1594 3514 1641 et

1941 1672 2506 1748 Hierosolymitanum,
2539 1686 2700 1748 atque
2729 1679 2892 1746 etiam
2925 1678 3245 1748 Episcopum
3285 1676 3510 1732 Cartha-

1941 1764 2240 1832 ginensem,
2265 1767 2357 1835 qui
2383 1768 2548 1822 totius
2567 1767 2836 1824 Africana:
2857 1769 3116 1823 Dioecesis
3129 1768 3361 1834 Primas,
3390 1781 3515 1821 cum

1941 1850 2152 1907 litteras
2173 1853 2305 1908 dant
2321 1854 2389 1908 ad
2411 1870 2678 1910 summum
2694 1855 3029 1922 Pontiﬁcem,
3045 1856 3268 1911 fratrem
3293 1863 3348 1910 et
3368 1869 3518 1910 com-

267 1941 473 1998 Flauius
519 1945 873 2013 Justinianus,
915 1947 1306 2012 Alemannicus,
1347 1944 1620 2014 Gothicus,
1664 1945 1836 2001 Fran-
1860 1937 1914 1999 D
1938 1941 2248 1998 ministrum
2275 1943 2476 2007 dicere,
2511 1945 2607 2000 sed
2633 1945 2794 2000 simul
2813 1941 3099 2000 Dominum
3125 1959 3324 2000 vocare
3352 1962 3368 1998 :
3403 1959 3510 2014 qua

265 2034 412 2100 cicus,
451 2033 824 2103 Germanicus,
870 2037 1112 2103 Anticus,
1159 2037 1432 2104 Alanicus,
1487 2037 1832 2106 Vandalicas,

264 2122 568 2192 Africanus,
597 2126 734 2196 pius,
761 2125 908 2196 felix,
923 2126 1167 2198 inclytus,
1199 2127 1363 2182 uictor
1389 2145 1450 2182 ac
1467 2129 1834 2199 triumphator,

261 2232 451 2287 semper
469 2218 766 2288 Augustus,
799 2219 1029 2290 Agapeto
1069 2222 1398 2276 sanctissimo
1437 2223 1835 2294 Arehiepiscopo
1883 2274 1886 2278 .

263 2304 408 2360 almte
432 2307 581 2362 urbis
605 2307 805 2374 Roma’,
847 2319 896 2364 et
928 2307 1280 2366 Patriarchte.

327 2397 568 2454 Observa
599 2398 661 2454 ll.
691 2415 866 2470 neque
900 2401 956 2456 in
983 2401 1390 2458 collectionibus
1433 2403 1836 2473 pontiﬁciarum

263 2488 631 2557 epistolarum,
671 2505 853 2560 neque
902 2493 1043 2562 apud
1080 2490 1368 2547 Baronium
1399 2495 1623 2564 reperiri
1675 2494 1836 2548 ullius

261 2583 517 2654 Augustae
549 2583 830 2654 epistolam
856 2585 922 2640 ad
946 2601 1214 2641 summum
1241 2585 1562 2643 Pontificem
1589 2603 1712 2643 cum
1751 2602 1839 2643 so-

262 2671 418 2728 lemni
447 2673 646 2740 forma,
665 2682 1028 2745 praeterquam
1061 2675 1358 2733 Pulcheria:
1387 2677 1454 2732 ad
1486 2677 1543 2734 S.
1570 2678 1831 2748 Leonem,

260 2779 374 2835 quae
407 2765 658 2837 ejusdem
683 2767 828 2823 modi
854 2783 976 2823 cum
1005 2767 1178 2825 forma
1198 2811 1213 2837 ,
1241 2786 1346 2842 qua
1372 2770 1678 2829 Marcianus
1705 2789 1835 2830 usus

257 2863 354 2910 est.

319 2946 565 3005 Observa
585 2947 672 3005 III.
702 2952 1091 3010 tecumenicam
1109 2952 1385 3028 Synodum
1405 2965 1613 3014 sextam
1636 2973 1833 3014 nomen
1876 3010 1878 3012 ,

215 3055 220 3059 ’
257 3037 532 3099 Pontiﬁcis
558 3046 926 3116 postposuisse
951 3062 1070 3116 suo,
1107 3048 1162 3104 in
1175 3065 1281 3119 quo
1296 3050 1598 3122 exemplum
1619 3060 1832 3122 quarta:

254 3131 541 3192 referentis
571 3136 640 3192 ad
671 3137 728 3194 S.
755 3137 992 3198 Leonem
1017 3142 1060 3208 l,
1099 3143 1169 3198 de
1188 3143 1350 3200 rebus
1370 3146 1506 3200 actis
1537 3143 1831 3201 Chalcedo-

251 3241 337 3293 ne,
366 3227 577 3283 imitata
605 3238 704 3286 est.
730 3230 943 3289 Relatio
973 3234 1119 3289 enim
1142 3235 1222 3290 sic
1242 3235 1554 3292 inscribitur
1579 3255 1592 3290 :
1632 3235 1828 3292 Sancta

1937 2034 2153 2090 Domini
2201 2035 2559 2106 appellatione
2598 2037 2840 2093 vicissim
2876 2053 2984 2094 non
3024 2037 3196 2094 utitur
3236 2037 3511 2106 Pontifex,

1937 2139 2062 2180 cum
2088 2141 2215 2180 suas
2243 2127 2310 2180 ad
2342 2127 2485 2196 ipsos
2505 2127 2692 2183 literas
2720 2128 2986 2184 inscribit.

2007 2214 2245 2271 Observa
2265 2215 2331 2271 ν.
2357 2216 2718 2274 Provinciales
2769 2217 3048 2291 Synodos,
3101 2219 3297 2291 quibus
3340 2233 3514 2292 neque

1935 2303 2266 2362 Patriarchae
2293 2319 2552 2379 praesunt,
2584 2325 2758 2380 neque
2783 2310 3117 2366 Patriarchis
3138 2326 3339 2382 suppar
3362 2309 3510 2366 Afri-

1937 2410 2087 2452 cana
2115 2397 2378 2454 Dioecesis
2424 2400 2656 2466 Primas,
2695 2403 2748 2456 in
2774 2402 3014 2472 epistolis
3039 2401 3194 2473 155
3242 2417 3512 2458 summum

1936 2485 2269 2555 Pontificem,
2299 2500 2354 2546 et
2375 2493 2659 2547 Dominum
2688 2502 2743 2549 et
2767 2493 2984 2549 Patrem
3010 2508 3228 2559 vocare,
3249 2495 3300 2549 in
3316 2510 3424 2564 quo
3446 2494 3513 2550 ab

1939 2580 2289 2635 (acumenicis
2327 2581 2558 2652 Synodis
2585 2582 2859 2639 differunt.
2896 2585 2952 2639 1d
2983 2600 3050 2640 ex
3081 2585 3304 2655 antiquo
3329 2599 3512 2640 serva-

1937 2674 2053 2723 tum
2086 2687 2100 2724 :
2132 2686 2255 2724 nam
2285 2685 2425 2726 anno
2479 2671 2602 2726 416.
2663 2673 2960 2729 Milevitani
3020 2673 3247 2730 Concilii
3301 2674 3510 2741 Patres,

1937 2760 2132 2831 quibus
2173 2771 2404 2832 praeerat
2439 2763 2688 2820 Silvanus
2738 2765 3003 2821 Numidiae
3042 2774 3264 2837 propter
3299 2774 3512 2821 aetatem

1934 2847 2167 2917 Primas,
2193 2850 2377 2906 datam
2411 2853 2479 2908 ad
2504 2853 2876 2908 Innocentium
2897 2854 2937 2908 ι.
2974 2853 3299 2924 Synodicam
3325 2855 3403 2909 sic
3428 2855 3512 2908 in-
3556 2927 3558 2930 ν

1935 2942 2216 2997 scribunt:
2236 2943 2461 2999 Domino
2486 2944 2804 3012 beatissimo,
2833 2946 3118 3018 meritoque
3145 2945 3445 3012 venerabili,
3459 2955 3508 3000 et

1932 3034 1990 3088 in
2045 3030 2251 3090 Christo
2279 3035 2588 3091 honorando
2631 3035 2795 3109 Papae
2850 3037 3177 3103 Innocentio,
3240 3034 3508 3103 Silvanus,

1942 3123 2267 3192 Valentinus,
2299 3126 2560 3192 Aurelius,
2595 3127 2854 3193 Donatus,
2880 3127 3187 3194 Restitutus,
3222 3124 3508 3193 Lucianus,

1933 3215 2159 3287 Alipius,
2188 3219 2532 3287 Augustinus,
2554 3226 2661 3274 etc.
2705 3217 3146 3288 Carthaginensis
3182 3225 3359 3271 tamen
3407 3214 3508 3286 Sy-

250 3326 296 3370 ει
321 3335 518 3390 magna
545 3329 593 3375 ει
617 3322 923 3379 unigena“,
940 3323 1203 3394 synodus,
1226 3326 1554 3398 ᾳηιερενοεε
1577 3330 1822 3398 gratiam,
1854 3296 1898 3359 C
1931 3307 2076 3372 nodi,
2107 3307 2193 3363 cui
2214 3308 2539 3378 praesidebat
2576 3309 2744 3364 totius
2790 3309 2987 3364 Africae
3009 3309 3238 3374 Primas,
3282 3307 3505 3398 epistola

250 3416 296 3461 et
321 3411 645 3465 sanctionem
670 3413 1025 3483 piissimorum
1051 3425 1099 3470 et
1133 3427 1431 3471 amatorum
1473 3417 1668 3472 Christi
1709 3417 1824 3473 Im-

247 3511 552 3569 peratorum
576 3513 872 3561 nostrorum
884 3507 1099 3563 collecta
1127 3519 1221 3575 est,
1247 3511 1300 3563 in
1323 3509 1823 3564 Chalcedonensium

248 3587 529 3663 Metropoli
569 3595 858 3654 Provinciae
877 3598 1160 3670 Bithyniae,
1193 3601 1518 3655 sanctissimo
1548 3619 1610 3656 ac
1637 3602 1825 3656 beatis-

245 3684 384 3737 simo
407 3683 766 3741 Romanorum
786 3690 1187 3762 Archiepiscopo
1215 3691 1397 3746 Leoni.

1932 3400 2013 3454 sic
2043 3414 2100 3454 se
2128 3399 2291 3453 habet
2318 3416 2331 3453 :
2363 3399 2588 3453 Domino
2626 3400 2942 3466 beatissimo,
2972 3409 3021 3454 et
3049 3396 3505 3454 honorandissimo
3548 3403 3550 3405 ’

1930 3490 2106 3560 fratri,
2131 3499 2312 3543 sancto
2341 3487 2647 3543 Innocentio
2673 3485 2856 3558 Papae,
2885 3487 3153 3554 Aurelius,
3196 3484 3502 3552 Numidius,

1927 3589 2032 3634 CIC.

260 3848 3466 3884 *φυῇ-*ΝΜ

1275 4012 1434 4085 156
1485 4022 2260 4118 DISSERTATIO
2337 4027 2454 4110 II.

746 4217 1058 4265 APPENDIX
1104 4221 1183 4264 an
1227 4217 1423 4266 Noras
1465 4221 1702 4267 CAPITIS
1744 4220 1816 4278 ιι,
1861 4202 2375 4267 deOrdinatione
2404 4205 2630 4269 summi
2659 4200 2997 4283 pontiﬁcis.

316 4425 484 4505 Caput
533 4431 826 4490 secundum
853 4443 963 4490 tres
997 4432 1053 4488 in
1099 4441 1284 4504 partes
1331 4429 1584 4488 tribuitur
1618 4450 1630 4486 :
1665 4447 1816 4487 com-

253 4523 499 4594 plectitur
527 4541 659 4581 vero
709 4525 882 4598 prima
929 4525 1132 4593 literas,
1179 4525 1374 4596 quibus
1417 4532 1541 4580 ante
1596 4524 1814 4579 ordina-
1863 4513 1867 4518 ’

1925 4427 2232 4500 Principem
2254 4423 2619 4498 promovendo
2645 4433 3016 4482 monerentur.
3051 4419 3106 4484 Id
3129 4419 3286 4487 facile
3328 4426 3492 4488 intel-

1925 4518 2108 4590 ligitur
2132 4535 2198 4574 ex
2226 4515 2470 4590 Gregorii
2507 4517 2684 4586 Magni
2706 4517 2969 4588 epistolis,
3002 4527 3113 4574 tum
3145 4517 3212 4576 ad
3232 4519 3495 4580 Joannem

254 4616 442 4672 tionem
469 4617 636 4673 electi
660 4617 954 4683 Pontificis,
986 4616 1071 4674 vel
1098 4617 1446 4672 nuntiabatur
1473 4615 1651 4670 obitus
1675 4632 1813 4686 prm-
1839 4612 1891 4674 D
1917 4610 2567 4682 Constantinopolitanum
2594 4609 2937 4681 Episcopum,
2959 4616 3085 4666 "tum
3132 4613 3200 4667 ad
3250 4613 3483 4670 alterum

255 4710 499 4776 cessoris,
538 4707 624 4764 vel
651 4708 931 4765 electionis
955 4709 1230 4764 decretum
1278 4706 1675 4772 continebatur,
1726 4705 1811 4761 vel

255 4801 446 4860 decreti
469 4802 790 4875 approbatio
817 4802 1100 4874 petebatur
1129 4819 1142 4856 :
1176 4800 1413 4857 secunda
1467 4799 1652 4865 ritum,
1705 4815 1812 4869 quo

254 4895 603 4964 peragebatur
654 4890 930 4948 Pontiﬁcis
976 4890 1309 4947 consecratio
1344 4908 1357 4944 :
1394 4889 1553 4944 tertia
1605 4887 1816 4959 profes-

258 4983 422 5040 siones
443 4984 931 5058 .expositionesque
959 4980 1080 5037 ﬁdei
1123 4981 1423 5037 catholicae.
1448 4980 1531 5035 Ad
1576 4978 1813 5050 singulas

259 5072 306 5130 id
338 5077 733 5133 observandum
757 5083 1024 5146 superest,
1047 5077 1191 5145 quod
1203 5075 1442 5132 brevitas
1455 5074 1701 5144 ratioque
1717 5087 1813 5127 no-

258 5171 424 5222 tarum
451 5167 629 5224 vetuit
657 5166 828 5223 textui
855 5166 1046 5222 Diurni
1069 5165 1415 5238 subjungere.

318 5279 403 5352 δι.
435 5281 519 5336 De
559 5280 723 5352 literis
749 5281 1125 5352 pertinentibus
1151 5281 1220 5336 ad
1256 5281 1638 5337 ordinationem
1665 5296 1811 5335 sum-

837 5351 908 5403 mi
937 5348 1230 5420 Pontiﬁcis.

320 5437 359 5493 l.
386 5440 505 5497 Dixi
535 5441 589 5496 in
619 5443 783 5508 notis,
837 5455 944 5496 non
979 5439 1289 5495 Ravennam
1339 5448 1571 5507 tantum,
1625 5442 1721 5496 sed
1759 5442 1814 5497 in

260 5530 436 5586 urbem
484 5548 701 5603 quoque
751 5531 954 5603 regiam
1007 5528 1201 5584 missas
1254 5529 1421 5585 fuisse
1464 5547 1496 5584 a
1555 5529 1814 5586 Romanae

261 5618 504 5682 Ecclesia:
533 5627 714 5692 Clem,
742 5624 1054 5695 Populoque
1076 5622 1322 5678 Romano
1346 5622 1531 5678 literas
1565 5626 1630 5679 ad
1660 5622 1815 5679 Prin-

262 5712 446 5784 cipem,
474 5724 533 5770 ut
558 5716 727 5772 Electi
767 5714 1085 5787 approbatio
1111 5712 1487 5779 obtinerctur;
1519 5723 1574 5768 et
1595 5715 1662 5769 ad
1705 5714 1816 5769 An-

261 5806 476 5864 titistcm
519 5808 882 5878 Patritiosque
943 5815 998 5863 et
1041 5804 1177 5861 aulae
1235 5805 1548 5875 Principes,
1605 5823 1815 5863 necnon

262 5897 395 5969 sedis
422 5900 739 5967 Apostolicac
755 5899 1199 5970 Apocrisiarium,
1222 5905 1280 5952 ut
1308 5896 1372 5954 de
1421 5899 1633 5976 negotio
1672 5901 1816 5972 apud
1849 5967 1862 5978 ,

1917 4703 2180 4760 Joannem
2209 4701 2566 4758 Exconsulem
2596 4717 2660 4757 ac
2683 4701 2991 4769 Patritium,
3025 4711 3137 4758 tum
3168 4705 3402 4777 denique
3423 4707 3492 4762 ad

1918 4795 2225 4867 Philippum
2258 4793 2524 4851 Comitem
2562 4795 2969 4850 Excubitorum.
3006 4794 3140 4850 Cum
3195 4798 3339 4853 enim
3382 4797 3483 4866 illi,

1917 4902 2023 4957 qua
2048 4886 2301 4942 valebant
2328 4887 2468 4956 apud
2503 4885 2886 4954 Imperatorem
2904 4887 3212 4955 autoritate,
3243 4889 3296 4944 id
3324 4905 3494 4961 praes-

1917 4978 2154 5034 titissent
2181 4979 2326 5048 quod
2353 4978 2527 5050 rogati
2550 4977 2784 5043 fuerant,
2825 4979 3014 5050 utique
3061 4995 3093 5034 a
3122 4981 3280 5038 Clero
3310 4997 3408 5053 per
3429 4981 3494 5035 li-

1917 5078 2064 5144 teras
2091 5068 2261 5123 Roma
2307 5069 2560 5136 scriptas,
2615 5067 2681 5124 de
2723 5069 2926 5124 violata
2977 5070 3216 5127 amicitia
3272 5079 3495 5127 sanctus

1917 5159 2169 5216 Pontifex
2195 5175 2316 5214 cum
2347 5158 2477 5229 ipsis
2501 5159 2873 5230 conqueritur,
2904 5169 2960 5217 et
2991 5176 3114 5216 cum
3142 5159 3346 5214 Joanne
3373 5160 3496 5228 qui-

1919 5254 2042 5310 dem
2087 5253 2352 5324 Episcopo
2400 5251 2594 5324 (Epist.
2640 5253 2696 5325 4)
2732 5271 2744 5308 :
2779 5273 2796 5304 ι
2832 5253 2950 5320 Quo
2991 5252 3168 5308 studio
3197 5251 3490 5323 Episcopa-

1919 5356 2007 5402 tus
2047 5348 2288 5417 pondera
2327 5344 2512 5417 fugere
2548 5345 2828 5401 volueritis
2871 5347 3020 5410 scio;
3071 5351 3128 5398 et
3169 5352 3348 5400 tamen
3375 5345 3493 5404 hac

1919 5439 2107 5494 eadem
2132 5438 2483 5508 Episcopatus
2499 5439 2761 5507 pondera,
2787 5449 2859 5490 ne
2907 5433 3042 5487 mihi
3076 5432 3336 5491 deberent
3379 5438 3487 5494 im-

1917 5532 2066 5604 poni,
2089 5547 2198 5587 non
2222 5531 2520 5587 restitistis.
2547 5529 2772 5585 Constat
2791 5541 2943 5596 ergo,
2969 5526 3097 5599 quia
3126 5543 3234 5584 non
3259 5545 3366 5596 me,
3393 5531 3493 5587 sic-

1920 5633 1980 5680 ut
1999 5641 2115 5691 vos,
2139 5625 2386 5694 diligitis,
2408 5622 2499 5693 qui
2528 5620 2617 5674 illa
2641 5635 2727 5673 me
2747 5617 2994 5674 voluistis
3010 5633 3175 5675 onera
3196 5619 3487 5690 suscipere,

1920 5733 2040 5788 quae
2064 5716 2217 5772 vobis
2253 5714 2454 5785 imponi
2499 5711 2766 5767 noluistis.
2802 5729 2824 5764 ι
2878 5709 3012 5769 Cum
3059 5710 3264 5767 Joanne
3311 5720 3491 5766 autem

1919 5805 2145 5860 Patritio
2182 5804 2373 5874 (Epist.
2394 5800 2485 5870 50)
2522 5818 2534 5854 :
2574 5817 2590 5850 ι
2622 5799 2822 5855 Contra
2865 5815 3106 5858 amorem
3149 5815 3257 5856 non
3282 5800 3491 5854 modice

1923 5896 2235 5964 contristor,
2265 5893 2388 5966 quia
2415 5892 2648 5973 quietem
2673 5908 2758 5959 me
2781 5906 3024 5980 quaerere
3053 5888 3404 5978 cognovistis,
3431 5892 3490 5951 et

2805 6049 2808 6052 ,
2850 6037 2889 6050 Α·
