4062 6432
375 485 377 487 ’
462 470 566 562 331

1705 467 1799 532 Al)
1832 461 2096 532 LIBRUM
2131 449 2448 531 mannuli

3613 459 3718 529 is!

467 599 537 654 ad
566 585 993 666 inquietudinem
1029 578 1378 664 perduxistis,
1413 594 1520 645 etc.
1560 607 1579 642 ι
1615 587 1751 646 Cum
1790 579 2036 660 Philippo
2066 589 2380 661 Apallium,
2408 594 2464 643 et
2499 565 2741 641 ascendit
2767 579 2836 639 ad
2857 577 3112 640 “sedemus
3153 567 3402 651 Pallium,
3430 573 3717 656 plenitudi-

467 688 700 758 denique
754 684 1136 742 Excubitorum
1182 681 1390 737 Comite
1427 680 1618 752 (Epist.
1647 677 1736 753 3i)
1778 699 1792 735 ε
1847 687 1866 731 ‹
1901 671 2044 734 ἰηᾱί-

469 797 608 853 gnus
633 796 731 850 ego
758 779 912 852 157
965 776 1035 832 ad
1055 775 1399 847 suscipienda
1444 774 1799 844 Episcopatus
1854 780 2039 838 Onera,

468 870 694 942 iussioni
716 869 1102 942 omnipotentis
1138 869 1256 934 Dei,
1286 875 1589 938 vestrmque
1633 865 1903 922 voluntati
1957 870 2045 920 me

473 963 706 1031 Subdidi,
753 964 840 1019 cui
877 978 964 1020 me
1015 975 1249 1034 prmesse
1301 959 1552 1032 largitate
1607 960 1780 1031 magis
1838 958 2044 1030 gratim,

475 1076 636 1130 quam
658 1057 845 1130 judicii
876 1057 1232 1112 aestimatione
1272 1055 1538 1111 voluistis.
1579 1074 1599 1108 ι
1661 1051 1896 1108 Dubium
1939 1067 2047 1106 non

474 1158 577 1216 est,
602 1151 730 1222 quin
766 1149 1040 1206 Honorato
1054 1148 1291 1204 Diacono
1305 1147 1447 1202 sedis
1462 1145 1782 1217 Apostolicze
1805 1142 2050 1214 Respon-

477 1244 576 1298 sali
605 1245 657 1297 in
682 1243 910 1299 eandem
940 1235 1263 1298 sententiam
1286 1237 1585 1309 scripserit.

543 1337 606 1392 ll.
633 1327 754 1391 Dixi
807 1338 968 1391 etiam
994 1333 1253 1405 suspicari
1289 1334 1562 1388 neminem
1601 1329 1838 1396 debere,
1904 1327 2051 1397 ejus-

476 1428 622 1484 modi
644 1427 949 1483 litterarum
986 1425 1273 1480 formulam
1297 1425 1560 1480 Diurnum
1617 1421 1846 1478 deﬁcere
1876 1441 1888 1474 :
1915 1419 2054 1474 data:

477 1528 604 1577 sunt
630 1515 896 1591 siquidem
919 1519 1268 1590 proportione
1294 1534 1326 1572 a
1354 1518 1596 1588 paribus,
1620 1505 1828 1587 paucis,
1860 1523 1921 1568 ut
1962 1511 2052 1578 ﬁt,

477 1612 806 1679 immutatis;
835 1603 1036 1668 eaedem
1048 1627 1241 1682 nempe
1254 1607 1851 1678 ConstantinOpolitano
1878 1604 2061 1660 Antis-

477 1703 583 1770 titi,
608 1719 727 1774 qute
748 1703 1067 1770 Ravennati,
1094 1711 1202 1759 etc.
1226 1704 1284 1759 ld
1306 1710 1641 1764 utasseram,
1660 1697 1899 1754 eﬁiciunt
1911 1697 2016 1752 duo
2041 1715 2053 1751 :

477 1793 730 1861 alterum,
760 1796 904 1865 quod
932 1794 1122 1850 eadem
1149 1794 1312 1849 fuerit
1343 1777 1614 1849 scribendi
1631 1806 1796 1845 causa
1810 1790 1877 1844 ad
1893 1787 2061 1844 Cons-

476 1885 956 1957 tantinOpolitanos
985 1901 1048 1940 ac
1071 1884 1439 1948 Ravennates,
1489 1870 1632 1936 idem
1655 1893 2056 1952 argumentum,

477 1979 669 2033 eadem
705 1977 1002 2031 necessitas
1034 1993 1046 2028 :
1077 1975 1326 2040 alterum,
1355 1961 1498 2044 quod
1530 1959 1862 2028 consuetudo
1912 1970 2056 2026 obti-

479 2068 659 2124 nuerit
687 2067 792 2122 illis
843 2065 1197 2137 temporibus,
1238 2065 1447 2129 literas,
1503 2079 1626 2118 cum
1669 2064 1737 2118 de
1779 2062 1967 2118 eadem
1997 2078 2058 2116 re

478 2157 724 2230 pluribus
747 2157 1111 2223 mitterentur,
1147 2155 1356 2212 similes
1383 2156 1636 2210 omnibus
1665 2153 1809 2220 dari,
1851 2155 1996 2224 quod
2026 2169 2058 2209 a

478 2247 597 2320 pari
628 2249 926 2312 dicebatur,
956 2247 1009 2302 id
1037 2256 1142 2312 est,
1171 2253 1488 2318 argumento
1514 2245 1651 2316 pari.
1677 2233 1734 2299 1d
1764 2259 1833 2300 ex
1856 2245 2077 2315 episto-'

479 2335 549 2396 lis
576 2336 822 2409 Gregorii
846 2337 1023 2409 Magni
1063 2344 1295 2395 constat.

550 2426 639 2481 lll.
669 2425 864 2481 Addidi
900 2442 1168 2498 nusquam
1226 2426 1455 2497 reperiri
1516 2425 1770 2492 formam,
1829 2440 1937 2495 qua
1975 2425 2061 2480 vel

480 2519 782 2585 Exarchus,
812 2519 899 2574 vel
924 2518 1242 2590 Imperator,
1270 2519 1534 2575 electione
1556 2520 1804 2590 probata,
1822 2534 1920 2588 per
1941 2519 2062 2574 sub-

481 2613 850 2684 scriptionem,
883 2620 943 2667 ut
969 2613 1180 2684 opinor,
1218 2613 1421 2668 decreti
1445 2614 1513 2669 ad
1543 2628 1602 2668 se
1615 2612 1784 2678 allati,
1811 2613 2063 2668 ordinan-

483 2705 536 2761 di
554 2704 833 2760 Pontiﬁcis
859 2711 1184 2776 potestatem
1212 2703 1438 2759 faceret.
1455 2703 1513 2759 ld
1531 2718 1690 2760 nemo
1704 2705 2056 2769 revocaverit,

482 2796 666 2861 credo,
699 2796 754 2849 in
779 2794 1021 2861 dubium,
1055 2797 1148 2866 qui
1174 2795 1341 2851 libros
1369 2810 1434 2850 ea
1452 2804 1770 2867 tempestate
1786 2797 2063 2854 confectos

482 2886 704 2960 legerit;
737 2901 1066 2957 quamquam
1101 2888 1243 2956 apud
1267 2886 1583 2942 Marculfum
1608 2888 1701 2944 lib.
1732 2905 1769 2943 ι.
1796 2891 2065 2960 reperitur

485 2977 700 3048 gemina
720 2976 884 3047 Regis
908 2977 974 3032 de
997 2977 1299 3033 ordinando
1338 2979 1604 3050 Episcopo
1631 2981 1941 3051 praeceptio,
1957 2998 2063 3054 qua

484 3068 778 3138 respondet
827 3067 970 3138 plebi
1019 3070 1266 3140 poscenti
1297 3070 1402 3127 sibi
1450 3071 1777 3141 Episcopum
1819 3074 2058 3129 concedi.

487 3157 621 3214 Tres
651 3157 754 3213 illae
783 3157 1044 3226 formulae,
1077 3176 1198 3230 quae
1224 3161 1648 3232 corruptissime
1678 3171 1806 3218 sunt
1855 3165 1909 3218 in
1933 3164 2063 3219 Edi-

487 3249 634 3305 tione
652 3249 921 3320 Bignonii,
951 3252 1250 3308 emendata:
1275 3269 1306 3307 a
1332 3253 1620 3310 Sirmondo
1652 3252 2063 3327 subiunguntur

489 3347 636 3394 tomo
657 3339 699 3394 ll
731 3340 1093 3396 Conciliorum
1118 3341 1322 3398 Gallia.

555 3431 644 3487 ιν.
692 3432 789 3487 Est
827 3433 993 3488 etiam
1052 3435 1192 3503 apud
1222 3434 1603 3491 Cassiodorum
1631 3437 1862 3509 epistola
1887 3437 2064 3493 Athau

486 3521 642 3578 larici
663 3525 732 3578 ad
774 3525 924 3581 urbis
957 3525 1238 3592 Senatum,
1294 3543 1400 3598 qua
1457 3529 1824 3599 gratissimum
1884 3530 2066 3585 animo

487 3629 585 3670 suo
608 3615 914 3685 proﬁtetur,
937 3609 1082 3686 quod
1121 3617 1441 3676 Theudorici
1466 3621 1554 3676 avi
1579 3621 1684 3687 sui,
1731 3620 1968 3676 Felicem
1994 3620 2064 3676 IV

487 3706 735 3778 eligentis
758 3707 813 3762 in
851 3707 1191 3775 Pontiﬁcem,
1238 3709 1503 3780 judicium
1547 3713 1888 3781 probassent,
1940 3726 2069 3768 con-

491 3797 766 3867 tentioque
785 3797 1015 3868 pristina
1037 3798 1373 3855 Clericorum
1393 3801 1764 3873 laicorumque
1793 3803 1850 3858 in
1880 3813 2068 3875 partes

2146 696 2268 736 nem
2296 680 2614 760 potestatis,
2656 678 2972 755 ἔνθροὺισμὸς
3014 675 3416 760 praesidentiam
3453 680 3724 751 signiﬁca.

2147 770 2261 837 bal,
2293 771 2529 826 nondum
2559 768 2664 824 tilla
2714 770 3079 824 coronationis
3127 769 3328 825 mentio
3350 811 3366 838 ,
3398 770 3568 828 Roma
3613 790 3726 832 ser—

2149 861 2327 916 viente
2350 859 2527 916 adhuc
2551 859 2796 915 saeculari
2818 859 3094 930 potestati.

2219 951 2307 1008 IV.
2349 953 2624 1024 Supre‘mm
2654 954 2708 1007 in
2734 952 3042 1007 universam
3085 949 3380 1007 Ecclesiam
3421 957 3730 1014 autoritatis

2152 1042 2408 1099 indicium
2437 1041 2567 1109 fuit,
2602 1057 2706 1097 non
2738 1042 2961 1114 praacise
2987 1041 3406 1114 acceptiopallii
3440 1061 3452 1098 :
3483 1047 3729 1101 cemmu-

2152 1135 2238 1190 nis
2267 1135 2411 1190 enim
2461 1135 2562 1190 fuit
2593 1149 2714 1190 cum
2747 1135 2999 1191 Omnibus
3033 1133 3398 1203 Patriarchis;
3451 1138 3546 1192 sed
3577 1153 3730 1195 θερε-

2152 1226 2267 1297 ptlo
2301 1243 2368 1282 ex
2394 1225 2550 1281 altari
2577 1225 2636 1282 S.
2667 1225 2836 1295 Petri,
2867 1229 2954 1284 cui
2981 1229 3123 1286 Deus
3154 1229 3292 1285 ovile
3322 1245 3478 1286 suum
3505 1246 3735 1302 pascen-

2156 1320 2284 1376 dum
2319 1317 2628 1389 commisit,
2676 1319 2936 1394 cujusque
2979 1323 3036 1380 in
3090 1323 3268 1381 locum
3312 1325 3555 1382 succedit
3586 1325 3733 1382 Pon-

2157 1410 2310 1467 tifex.

2162 1514 2169 1521 '
2228 1493 2293 1558 Ἴ.
2334 1502 2502 1571 Quem
2528 1504 2824 1561 servaverit
2851 1503 2979 1560 olim
3005 1499 3244 1561 EccleSia
3271 1499 3549 1562 orientalis
3569 1507 3736 1563 ritum

2157 1593 2215 1649 in
2264 1595 2578 1651 ordinandis
2630 1595 2742 1650 Suis
2783 1585 3147 1664 Patria‘r‘chis,
3193 1587 3300 1650 non
3355 1599 3440 1652 est
3479 1601 3740 1667 expreSse

2164 1687 2415 1743 traditum
2447 1687 2501 1743 in
2530 1677 2834 1745 Ritualibus
2871 1687 3183 1744 Graecorum
3209 1685 3409 1746 Libris.
3454 1689 3740 1746 Liberatus

2159 1781 2431 1836 Diaconus
2463 1779 2527 1835 de
2552 1779 2920 1836 Alexandrino
2947 1781 3060 1835 haec
3089 1781 3253 1835 tradit
3284 1795 3297 1834 :
3340 1799 3357 1833 ‹
3395 1781 3740 1836 Consuetudo

2160 1883 2245 1930 est
2273 1863 2631 1939 Alexandriae,
2665 1873 2834 1940 illum,
2876 1873 2967 1944 qui
2998 1872 3250 1928 defuncto
3280 1874 3541 1941 succedit,
3573 1888 3740 1948 ercu-

2159 1967 2277 2024 bias
2302 1962 2464 2038 super
2490 1955 2726 2021 defuncti
2755 1983 2948 2038 corpus
2978 1969 3159 2038 agere,
3189 1983 3518 2037 manumque
3548 1968 3738 2023 dexte-

2158 2068 2274 2116 ram
2303 2058 2420 2129 ejus
2465 2059 2626 2130 capiti
2672 2074 2771 2114 suo
2816 2058 3112 2129 imponere,
3155 2068 3208 2115 et
3248 2061 3457 2131 sepulto
3491 2059 3741 2119 manibus

2157 2147 2290 2219 suis,
2319 2152 2560 2224 accipere
2588 2151 2725 2208 collo
2752 2168 2849 2208 suo
2877 2152 3019 2208 beati
3045 2152 3208 2208 Marci
3237 2149 3488 2224 pallium,
3522 2162 3578 2209 et
3611 2165 3742 2211 tunc

2157 2241 2394 2312 legitime
2445 2241 2667 2308 sedere,
2709 2262 2728 2295 ›
2763 2241 2814 2296 id
2841 2243 2961 2309 est,
2996 2242 3351 2298 inthrohizari
3386 2259 3565 2315 posse.
3611 2243 3745 2312 Qua:

2157 2350 2265 2390 non
2314 2335 2540 2405 perinde
2585 2331 2892 2406 accipienda
2935 2343 3082 2401 sunt,
3134 2352 3198 2390 ac
3244 2336 3290 2392 'si
3329 2335 3444 2392 solo
3474 2337 3744 2409 ejusmodi

2158 2423 2267 2479 ritu
2291 2425 2413 2493 quis
2443 2440 2508 2479 ex
2556 2423 2878 2496 Presbytero
2926 2425 3082 2481 ﬁeret
3124 2425 3422 2497 Episcopus
3447 2467 3462 2495 ,
3492 2443 3592 2484 nec
3639 2427 3748 2484 alia

2159 2515 2497 2571 consecratio
2527 2498 2888 2582 adhiberetur,
2914 2517 3058 2587 quod
3080 2515 3350 2572 nonnullis
3371 2525 3571 2574 temere
3595 2519 3749 2573 venit

2160 2611 2216 2666 in
2247 2619 2514 2678 mentem;
2551 2610 2648 2666 sed
2676 2608 2820 2682 quod
2847 2619 3043 2681 praeter
3069 2625 3412 2667 communem
3454 2611 3748 2667 ordinandi

2159 2702 2409 2773 Episcopi
2467 2701 2848 2768 ceremoniam,
2905 2703 3022 2757 Ι]ωο
3065 2701 3320 2758 solemnis
3372 2702 3510 2758 foret
3537 2703 3746 2758 consti-

2163 2792 2344 2848 tuendi
2388 2783 2719 2848 Patriarchae
2768 2791 2927 2859 ratio,
2981 2793 3282 2865 cujusmodi
3311 2791 3514 2865 aliquid
3545 2793 3601 2848 in
3636 2794 3750 2850 ele-

2161 2885 2342 2941 ctione
2400 2884 2598 2939 summi
2658 2883 2937 2940 Pontiﬁcis
2982 2899 3126 2939 nunc
3175 2885 3480 2957 contingit,
3529 2884 3751 2943 etiamsi

2161 2968 2458 3050 Episc0pus
2487 2974 2726 3031 nondum
2755 2975 2941 3032 fuerit.

2233 3059 2320 3125 VI.
2363 3067 2499 3123 Nam
2523 3069 2668 3138 quod
2691 3067 2857 3139 aliqui
2886 3067 3093 3136 dicunt,
3136 3058 3487 3139 Presbyteros
3510 3066 3753 3124 Alexan-

2163 3159 2334 3215 drinae
2381 3158 2657 3225 Ecclesiae,
2715 3159 2780 3214 de
2832 3161 3028 3230 quibus
3073 3157 3314 3231 loquitur
3358 3159 3748 3232 Hieronymus,

2163 3253 2332 3310 fuisse
2359 3269 2549 3309 omnes
2591 3252 3044 3324 Chorepiscopos,
3071 3263 3126 3310 et
3151 3271 3245 3310 eos
3275 3252 3492 3325 quidem
3525 3253 3756 3324 Episcoa

2088 3319 2133 3381 Ο
2163 3344 2273 3416 pali
2301 3344 2613 3400 charactere
2641 3319 3040 3415 przeditosivix
3070 3361 3169 3416 ego
3197 3319 3400 3416 possim
3424 3319 3753 3413 admittere;

2167 3436 2296 3494 licet
2318 3437 2464 3492 enim
2512 3437 2686 3492 fatear
2714 3438 2768 3492 in
2803 3429 3073 3492 suburbiis
3102 3433 3472 3503 Alexandria,
3506 3437 3760 3508 locisque

2166 3532 2360 3588 vicinis
2393 3530 2576 3604 plures
2606 3531 2851 3587 extitisse
2879 3530 3166 3601 Episcopos
3187 3571 3202 3597 ,
3244 3529 3356 3584 scio
3396 3539 3577 3583 tamen
3607 3538 3759 3584 tem-

2165 3622 2389 3696 poribus
2421 3621 2732 3688 Alexandri,
2767 3620 2858 3692 qui
2895 3619 3084 3674 Arium
3116 3619 3305 3690 ejecit,
3341 3627 3395 3676 et
3429 3618 3615 3691 Cyrilli
3652 3619 3758 3689 qui

2166 3715 2477 3772 Nestorium
2542 3712 2886 3786 proﬂigavit,
2931 3712 3131 3769 multos
3172 3711 3337 3769 fuisse
3384 3711 3439 3768 in
3502 3709 3757 3765 Ecclesia

2165 3809 2529 3865 Alexandrina
2558 3807 2941 3877 Presbyteros,
2979 3805 3277 3876 cujusmodi
3302 3805 3435 3859 lerat
3466 3800 3778 3872 Eulogius,-

491 3887 806 3954 missorum.
848 3888 1156 3960 receptione
1194 3889 1473 3948 Pontiﬁcis
1509 3907 1542 3948 a
1586 3893 1838 3963 Principe
1885 3893 2067 3961 electi.
2128 3905 2237 3974 :gad
2280 3917 2441 3974 quem
2486 3900 2971 3956 Commonitorium
3013 3899 3244 3968 Cyrillus
3287 3894 3532 3965 scripsit,
3575 3893 3761 3949 tertia:

489 3981 778 4052 posuisset.

563 4072 591 4145 ﬁ
618 4072 682 4128 ll.
708 4073 786 4128 De
823 4072 927 4128 ritu
952 4089 1054 4146 quo
1075 4090 1310 4130 summus
1345 4073 1994 4147 Pontifepordinabatur.

560 4163 602 4219 l.
628 4164 784 4221 Ritus
811 4166 914 4222 iste
955 4168 1140 4224 varius
1183 4168 1288 4223 fuit
1318 4170 1486 4225 variis
1527 4170 1860 4240 temporibus
1895 4189 1908 4224 :
1942 4181 2068 4226 nam

493 4258 628 4316 alius
660 4260 715 4316 in
735 4259 940 4317 Diurno
977 4261 1282 4333 Ordineque
1310 4262 1556 4318 Romano
1594 4272 1781 4320 vetere
1810 4265 2069 4333 describi-

494 4359 611 4416 tur;
641 4350 778 4405 alius
802 4366 833 4404 a
871 4351 1071 4408 Cencio
1097 4352 1413 4408 Camerario
1437 4355 1490 4408 in
1522 4356 1872 4410 coronatione
1888 4355 2069 4411 Celes-

493 4441 592 4496 tini
620 4441 716 4509 Ill;
741 4442 880 4498 alius
907 4443 974 4499 ab
993 4443 1296 4516 Augustino
1324 4443 1551 4500 Patritio
1581 4449 1639 4500 in
1658 4444 1822 4500 Libro
1846 4444 2068 4499 Rituum

493 4536 1026 4607 Ecclesiasticorum;
1073 4539 1210 4596 alius
1229 4538 1390 4610 paulo
1435 4535 1682 4593 diversus
1708 4553 1852 4593 nunc
1883 4538 2069 4592 obser-

493 4641 671 4687 vatur.

564 4723 626 4779 ll.
657 4719 740 4779 An
767 4733 1012 4781 servatus
1040 4723 1113 4780 sit
1138 4732 1263 4780 ante
1292 4717 1581 4795 septimum
1610 4720 1864 4777 saeculum
1906 4719 2063 4786 alter,

495 4832 657 4887 quam
678 4817 767 4888 qui
795 4818 985 4874 solitus
1015 4817 1069 4872 in
1096 4814 1501 4872 consecratione
1527 4812 1755 4868 aliorum
1793 4811 2068 4882 Metropo-

495 4909 806 4975 litanorum,
842 4911 954 4966 imo
980 4920 1034 4968 et
1054 4909 1458 4979 Episcoporum,
1491 4920 1598 4961 non
1641 4920 1802 4976 apere
1829 4911 2061 4960 constat.

496 5001 569 5055 Ea
590 5009 736 5056 certe
767 5010 1108 5075 tempestate,
1143 5014 1250 5052 non
1271 5014 1339 5052 ex
1370 4995 1654 5068 EpiscOpis
1696 4998 1893 5052 summi
1923 4995 2064 5054 Pon-

496 5091 667 5148 tiﬁces
692 5091 893 5150 ﬁebant
925 5093 1009 5148 :id
1034 5090 1176 5145 enim
1206 5095 1473 5143 tentatum
1500 5089 1676 5159 primo
1703 5089 1756 5144 in
1771 5087 2062 5157 Formoso;

495 5177 588 5238 sed
615 5197 681 5239 ex
708 5184 960 5241 Diaconis
983 5188 1041 5234 ut
1061 5177 1373 5248 plurimum,
1399 5189 1454 5235 et
1501 5179 1843 5255 Presbyteris
1881 5181 2067 5238 Eccle-

496 5276 587 5330 sia:
619 5275 891 5338 Romanae,
929 5280 989 5324 ut
1028 5261 1265 5327 Historia
1290 5271 1612 5330 Pontiﬁcum
1652 5275 1830 5332 docet.
1889 5275 2069 5343 Quare

497 5381 622 5421 tunc
652 5380 762 5422 tres
792 5365 924 5418 ritus
937 5361 1191 5434 conjungi
1219 5363 1378 5420 simul
1393 5366 1634 5437 contigit,
1667 5368 2068 5439 quibusnempe

497 5459 771 5520 continuo,
794 5453 886 5524 qui
908 5445 1109 5511 electus
1133 5454 1332 5525 fuerat,
1378 5456 1690 5530 Presbyter,
1749 5457 2065 5531 Episcopus,

495 5557 552 5608 et
577 5563 817 5606 summus
833 5545 1082 5602 Pontifex
1109 5555 1408 5605 crearetur.

569 5635 729 5709 158
749 5635 833 5692 Ill.
857 5633 1046 5693 Fiebat
1077 5654 1206 5695 vero
1228 5639 1519 5713 Presbyter
1547 5648 1602 5697 et
1629 5640 1925 5712 Episcopus
1939 5641 2070 5696 alio-

498 5743 616 5786 rum
664 5741 852 5797 more,
899 5745 1141 5786 summus
1194 5740 1374 5786 autem
1425 5731 1673 5787 Pontifex
1723 5732 2070 5801 impositione

495 5818 638 5889 pallii
665 5816 894 5891 “accepti
945 5836 1012 5877 ex
1042 5821 1200 5877 altari
1246 5820 1304 5877 S.
1353 5823 1525 5888 Petri,
1556 5831 1611 5878 et
1647 5825 1977 5902 ὶνθρονισμῷ.
2011 5822 2068 5879 ld

487 5907 786 5991 petendum
819 5911 936 5978 haec
981 5921 1148 5981 verba
1182 5938 1197 5980 :
1231 5939 1251 5976 ι
1282 5917 1709 5979 Archidiaconus
1753 5915 1994 5978 annectit
2016 5916 2070 5980 ei

2138 3967 2315 4068 \pani
2342 3989 2569 4046 Concilii
2594 3989 2855 4059 Ephesini
2882 3967 3166 4043 insertum.

2169 4150 2198 4225 §
2227 4150 2314 4208 Ill.
2353 4149 2432 4226 De
2462 4146 2872 4226 professionibus
2907 4145 3033 4215 ﬁdei
3065 4161 3101 4226 _a
3137 4141 3354 4226 summis
3398 4138 3756 4208 Pontiﬁcibus

2411 4219 2471 4276 in
2491 4219 2820 4274 ordinatione
2851 4233 2947 4271 sua
2976 4219 3200 4281 emissis,
3225 4219 3281 4266 in
3314 4227 3515 4284 genere.

2237 4352 2277 4409 Ι.
2321 4353 2571 4409 Summos
2617 4348 2936 4416 Pontiﬁces,
2988 4361 3112 4403 cum
3168 4347 3580 4410 ordinarentur,
3635 4358 3754 4400 sum

2168 4443 2291 4501 ﬁdei
2321 4443 2713 4516 professionem
2740 4441 3012 4505 emisisSe,
3035 4437 3394 4493 indubitatum
3423 4436 3540 4506 estj,
3571 4449 3752 4504 neque

2167 4533 2314 4592 enim
2350 4533 2521 4589 solum
2571 4549 2600 4588 a
2649 4530 3074 4595 catechumenis,
3112 4545 3235 4586 cum
3263 4528 3618 4599 Baptismum,
3651 4527 3752 4582 sed

2170 4624 2336 4680 etiam
2361 4641 2390 4679 a
2413 4623 2679 4689 ﬁdelibus,
2705 4637 2825 4678 cum
2845 4621 3248 4694 Presbyterium
3272 4635 3336 4675 ac
3363 4619 3751 4690 Episcopatum

2173 4717 2530 4787 susciperent,
2558 4713 2756 4770 factam
2789 4714 2956 4769 fuisse
2992 4711 3116 4769 ﬁdei
3140 4711 3553 4775 confessionem,
3588 4709 3754 4765 disci-

2174 4823 2294 4864 mus
2313 4819 2382 4862 ex
2408 4807 2574 4863 variis
2603 4806 2935 4876 Scriptorum
2966 4804 3123 4870 locis,
3165 4813 3216 4859 et
3243 4804 3296 4858 in
3320 4802 3510 4874 primis
3541 4817 3608 4856 ex
3635 4799 3751 4871 epi-

2172 4898 2309 4956 stola
2346 4899 2563 4954 Eusebii
2589 4897 2937 4955 Caesariensis
2976 4895 3044 4952 ad
3072 4907 3231 4962 suos,
3273 4895 3413 4965 apud
3441 4892 3752 4948 Theodore-

2172 5001 2287 5048 tum
2311 4989 2402 5047 lib.
2438 4991 2488 5045 l.
2519 4989 2657 5045 Hist.
2681 4989 2996 5044 Ecclesiast.
3029 5003 3146 5058 cap.
3169 4992 3266 5041 xu.
3296 4985 3448 5052 Quod
3477 4991 3656 5039 autem
3680 4983 3749 5039 ab

2172 5081 2450 5153 Episcopis
2475 5079 2697 5150 singulis
2718 5078 2964 5149 praestari
2989 5077 3244 5148 oportuit,
3273 5076 3525 5146 quoniam
3551 5075 3750 5131 debent

2173 5192 2292 5234 esse
2316 5175 2570 5231 Ecclesiae
2599 5187 2710 5228 suae
2747 5170 3027 5237 doctores,
3062 5169 3116 5225 id
3158 5167 3318 5241 159
3355 5178 3502 5224 certe
3529 5167 3750 5239 Episcoa

2171 5283 2274 5341 pus
2303 5267 2619 5340 Romanus,
2655 5278 2779 5319 cum
2806 5264 2971 5321 totius
3000 5262 3257 5319 Ecclesia
3286 5263 3358 5318 sit
3391 5262 3602 5328 doctor,
3639 5267 3747 5317 nan

2169 5349 2372 5417 omisit.

2240 5455 2304 5510 ll.
2344 5453 2461 5510 Νοιι
2488 5451 2710 5524 perinde
2738 5460 2971 5518 certum,
3005 5450 3197 5509 saltem
3227 5467 3333 5507 non
3362 5451 3437 5506 ita
3459 5447 3620 5522 vulgo
3649 5453 3748 5505 nd-

2117 5568 2127 5578 ·
2174 5555 2310 5612 tum,
2348 5563 2454 5618 qua
2482 5545 2672 5612 forma,
2716 5545 2808 5615 qui
2839 5557 2964 5601 ante
2990 5545 3277 5614 septimum
3305 5541 3559 5599 saeculum
3585 5541 3748 5613 elige-

2173 5637 2372 5694 bantur
2417 5638 2484 5692 ad
2530 5653 2800 5692 summum
2843 5635 3259 5698 Pontiﬁcatum,
3310 5633 3472 5688 fidem
3517 5629 3746 5704 professi

2175 5733 2301 5788 sint.
2330 5731 2676 5787 Conducibile
2705 5730 2867 5803 igitur
2896 5737 2978 5785 est
3005 5731 3073 5784 ad
3100 5728 3538 5784 Ecclesiasticam
3566 5727 3748 5782 [listo-

2175 5826 2310 5880 riam
2337 5824 2738 5885 illustrandum.
2769 5825 2820 5877 in
2851 5823 2902 5876 id
2928 5822 3205 5893 inquirere
3231 5836 3246 5876 :
3278 5822 3371 5877 sed
3397 5837 3465 5878 ne
3498 5821 3640 5876 inter
3664 5819 3747 5874 in-

2174 5915 2496 5998 quirendum
2518 5914 2669 5976 fallat
2692 5915 2937 5979 incautos
2971 5927 3148 5989 error,
3170 5911 3567 5992 oportet-initio
3583 5949 3600 5980 .
3622 5919 3757 5988 pro-3'
