4062 6444
233 385 326 460 1'33

1141 383 1750 449 DlSSERTATIONES.
1799 419 1860 430 —
1895 386 2349 450 DISSERTATIO
2384 390 2451 450 II.

3358 398 3462 463 154

231 513 468 572 fessiones
503 503 636 563 duas
675 504 1006 581 distinguere
1040 527 1052 563 :
1092 509 1350 577 alteram,
1379 527 1498 581 qua
1540 511 1608 568 ab
1637 511 1785 567 ordi-
1812 510 1868 572 Α
1895 529 1914 563 ‹
1952 521 2238 582 quareret,
2283 513 2528 583 protinus
2554 511 2973 585 responderem:
3001 515 3085 576 Ad
3119 519 3457 582 interceden-

230 606 418 669 namlo;
449 602 694 668 alteram,
719 617 837 672 qua
856 601 922 656 ab
943 593 1188 657 ordinato
1211 603 1482 659 ederetur.
1660 675 1668 682 _

291 697 366 751 Ill.
405 687 696 763 Utramque
721 693 971 748 discrevit
1007 683 1239 749 Joannes
1273 694 1542 750 Diaconus
1576 695 1628 749 in
1657 693 1780 750 Vita

228 793 276 846 S.
305 787 568 862 Gregorii,
605 780 790 857 illique
820 785 1074 858 Symbolo
1100 803 1297 842 nomen
1327 775 1484 853 fecit,
1525 788 1652 842 huic
1680 786 1780 858 Sy-

225 881 451 937 nodlca:
492 877 620 933 illud
658 878 852 947 privati
898 881 1015 933 erat
1058 879 1328 945 hominis,
1372 879 1490 935 hac
1525 877 1779 933 Ecclesia

224 975 440 1029 doctoris
471 991 483 1026 :
511 973 725 1028 Electus
748 973 839 1028 illo
871 973 1032 1028 ﬁdem
1059 974 1429 1044 proﬁtebatur,
1467 974 1570 1030 ista
1601 973 1780 1028 Ponti-

225 1068 299 1122 fex
328 1065 652 1135 exponebat,
690 1065 818 1134 quid
852 1064 997 1119 credi
1029 1063 1248 1119 deberet
1275 1065 1342 1120 ab
1369 1064 1620 1119 omnibus
1647 1104 1662 1129 ,
1696 1071 1778 1118 ato

223 1174 313 1230 que
328 1158 377 1211 in
399 1156 522 1209 sede
550 1155 694 1210 Petri
710 1155 1041 1210 docebatDei
1054 1156 1328 1226 populum.
1348 1155 1553 1210 Prioris
1576 1155 1779 1210 mentio

221 1250 299 1304 vix
337 1248 598 1317 reperitur
623 1255 748 1302 ante
784 1246 1102 1318 Gregorium
1132 1246 1421 1318 Magnum;
1455 1246 1775 1318 posterioris

221 1355 312 1395 non
331 1353 496 1408 pauca
526 1338 770 1408 exempla
805 1346 1012 1393 extant.
1501 1409 1506 1414 δ

282 1428 359 1485 ιν.
401 1429 475 1483 De
523 1426 776 1500 Symbolo
810 1427 1053 1502 Gregorii
1079 1431 1153 1485 ita
1195 1427 1432 1485 Joannes
1460 1429 1729 1484 Diaconus
1759 1443 1774 1483 :

225 1541 242 1574 ι
269 1521 320 1576 ln
347 1521 559 1592 Specula
593 1531 795 1578 sancta
835 1523 1158 1578 universalis
1187 1519 1466 1588 Ecclesiae,
1503 1523 1588 1576 vir
1613 1523 1779 1578 totius

217 1615 554 1671 humanitatis
585 1624 678 1670 aut
715 1616 1022 1671 autoritatis
1057 1615 1404 1678 orthodoxa,
1433 1614 1574 1668 unde
1606 1614 1778 1669 videri

215 1713 260 1760 et
285 1704 450 1758 audiri
505 1703 706 1760 clarius
743 1695 1096 1776 Evangelicus
1132 1705 1311 1785 praeco
1351 1704 1572 1769 valeret,
1603 1705 1780 1760 consi-

213 1807 360 1858 stens,
405 1795 527 1851 oris
559 1796 643 1851 sui
668 1796 1002 1850 divinissimo
1037 1795 1242 1868 gladio,
1284 1803 1338 1849 et
1374 1803 1574 1850 rectam
1618 1794 1776 1849 ﬁdem

1895 620 1913 653 ‹
1949 602 2074 656 dum
2099 604 2279 658 venire
2302 620 2529 673 nequeo,
2573 606 2698 674 quia
2730 605 2844 674 ejus
2882 612 3130 666 notitiam
3173 629 3238 668 ex
3278 618 3480 674 sedula.

1889 711 1909 746 ‹
1944 694 2309 750 familiaritate
2330 711 2434 750 non
2466 696 2656 752 habeo.
2687 697 2744 753 Si
2772 700 2933 770 igitur
2957 712 3105 759 recte
3134 706 3296 761 homo
3321 701 3480 776 apud

1889 801 1908 836 ι
1945 785 2240 852 hominem,
2287 789 2352 841 de
2396 803 2504 857 quo
2549 788 2771 844 minime
2810 785 3294 866 praesumpsissem,
3338 797 3459 854 ﬁeri

1886 893 1906 926 ι
1943 875 2267 932 intercessor
2292 875 2689 946 erubeseerein,
2723 891 2937 950 quanta
2960 885 3062 940 hoc
3084 887 3325 942 audacia
3352 897 3458 956 est,

1885 987 1905 1022 ι
1939 970 2080 1039 quod
2109 972 2249 1040 apud
2291 971 2458 1026 Deum
2507 989 2603 1043 pro
2630 975 2826 1044 populo
2869 974 3045 1030 locum
3087 978 3463 1035 intercessoris

1885 1081 1906 1116 ‹
1940 1061 2174 1128 obtineo,
2223 1065 2309 1118 cui
2338 1063 2660 1143 familiarem
2699 1082 2783 1122 me
2813 1083 2967 1134 esse,
3006 1085 3103 1138 per
3129 1071 3253 1125 vita
3290 1072 3462 1127 meri-

1886 1172 1906 1206 ι
1945 1162 2078 1219 tum,
2108 1170 2214 1209 non
2234 1159 2502 1224 agnosco?
2532 1156 2646 1224 Qua
2669 1157 2720 1211 in
2750 1174 2824 1224 re,
2845 1166 2926 1214 est
2954 1143 3086 1214 mihi
3115 1161 3294 1216 adhuc
3315 1161 3480 1217 aliud-

1886 1265 1905 1297 ι
1941 1247 2160 1317 gravius
2203 1246 2599 1317 formidandum
2626 1291 2641 1316 ,
2685 1251 2810 1321 quia
2851 1253 2987 1307 sicut
3023 1253 3206 1309 cuncti
3257 1253 3460 1324 liquido

1886 1359 1904 1392 ‹
1941 1341 2308 1411 cognovimus,
2341 1357 2461 1396 cum
2491 1343 2556 1408 is,
2605 1345 2696 1413 qui
2724 1345 2994 1415 displicet,
3022 1347 3088 1402 ad
3116 1349 3459 1405 interceden-

1887 1451 1905 1484 ‹
1944 1431 2070 1486 dum
2103 1433 2366 1500 mittitur,
2408 1434 2535 1488 irati
2563 1437 2776 1492 animus
2807 1440 2874 1494 ad
2901 1439 3170 1496 deteriora
3203 1458 3474 1513 provoca-

1886 1544 1905 1576 (
1949 1535 2055 1593 tur,
2089 1534 2149 1582 et
2181 1527 2336 1582 valde
2361 1529 2708 1596 pertimesco,
2743 1547 2811 1586 ne
2836 1535 3129 1589 commissa
3151 1535 3285 1590 mihi
3311 1536 3463 1606 plebs

1886 1637 1904 1669 (
1943 1618 2198 1684 ﬁdelium,
2236 1629 2423 1676 reatus
2457 1621 2562 1676 mei
2588 1622 2972 1691 additamento,
2997 1625 3266 1697 depereat,
3309 1626 3463 1696 cujus

1887 1728 1905 1761 ι
1939 1726 2080 1765 nunc
2110 1727 2278 1780 usque
2321 1713 2582 1768 Dominus
2620 1715 2996 1784 aquanimiter
3022 1718 3217 1773 delicta
3257 1719 3458 1775 tolera—

1886 1820 1904 1853 ‹
1935 1802 2044 1857 bat.
2078 1802 2210 1857 Cum
2243 1818 2372 1858 vero
2399 1811 2687 1874 utcumque
2720 1807 2864 1862 hunc
2889 1808 3138 1863 timorem
3161 1811 3459 1881 supprime,

212 1886 516 1953 munivit,et
536 1897 758 1944 cunctas
779 1889 1015 1944 hareses
1041 1895 1148 1942 uno
1176 1887 1429 1958 Symbolo
1453 1887 1772 1956 dissipavit:
1805 1869 1854 1929 Β
1887 1913 1905 1945 ί
1944 1902 1999 1950 et
2025 1894 2359 1949 consolatam
2391 1869 2627 1950 mentem
2663 1897 2731 1951 ad
2757 1897 3088 1955 Pontiﬁcalis
3125 1869 3306 1970 Ope-ris
3349 1869 3462 1956 ειυξ.

211 1979 330 2050 quod
352 1978 618 2036 videlicet
665 1996 831 2036 sacrae
877 1980 1228 2036 confessionis
1257 1979 1570 2051 Symbolum
1610 1980 1680 2034 ita
1719 1997 1778 2037 se

208 2068 348 2126 habet
398 2091 410 2126 :
481 2090 506 2122 α
555 2071 727 2127 Credo
770 2072 826 2126 in
871 2087 1037 2127 unum
1099 2069 1268 2124 Deum
1315 2070 1775 2140 omnipotentem,

211 2159 461 2219 (Patrem
517 2170 572 2217 et
609 2151 805 2218 Filium
834 2171 889 2218 et
918 2161 1178 2233 Spiritum
1209 2171 1458 2217 sanctum
1507 2171 1616 2218 tres
1659 2180 1782 2234 per-

209 2269 440 2322 ($0085,
503 2270 666 2309 unam
711 2253 1070 2310 substantiam
1113 2273 1126 2308 :
1178 2253 1398 2309 Patrem
1441 2255 1772 2327 ingenitum,

209 2365 223 2398 ι
254 2341 438 2401 Filium
468 2344 737 2420 genitum,
769 2345 1029 2416 Spiritum
1051 2340 1474 2414 verovsanctum,
1503 2363 1603 2403 nec
1629 2348 1778 2419 geni-

208 2457 223 2490 ι
256 2449 380 2505 tum,
395 2457 505 2496 nec
522 2439 834 2512 ingenitum,
853 2439 945 2496 sed
961 2447 1304 2509 coaternum,
1321 2442 1386 2496 de
1401 2441 1561 2497 Patre
1574 2441 1776 2496 etFilio

207 2549 222 2583 ι
252 2530 936 2604 procedentem.Con[iteor
954 2532 1288 2604 unigenitum
1316 2534 1514 2588 Filium
1536 2533 1772 2589 consub-

206 2639 223 2670 ι
260 2618 582 2687 εἰςληιὶίιιεηι,
606 2632 659 2677 et
685 2622 801 2678 sine
839 2631 1079 2693 tempore
1108 2633 1294 2680 natum
1323 2625 1388 2680 de
1422 2625 1584 2680 Patre
1604 2666 1620 2692 ,
1659 2641 1776 2680 om-

207 2732 224 2766 t
261 2715 402 2770 nium
429 2714 728 2770 visibilium
755 2724 810 2771 et
834 2716 1182 2772 invisibilium
1211 2718 1566 2784 conditorem,
1594 2718 1771 2773 lumen

210 2824 226 2858 ι
257 2823 319 2862 ex
340 2803 570 2873 lumine,
598 2805 764 2862 Deum
795 2823 982 2863 verum
1012 2808 1078 2864 de
1106 2808 1216 2864 Deo
1242 2825 1397 2876 vero,
1429 2809 1772 2879 splendorem

210 2916 226 2949 ι
257 2892 450 2970 gloria,
476 2898 714 2970 ﬁguram
743 2899 1057 2955 substantia
1089 2919 1101 2954 :
1150 2901 1241 2969 qui
1280 2915 1506 2955 manens
1533 2900 1772 2956 Verbum

211 3007 227 3040 ι
256 2998 372 3045 ante
419 2989 656 3056 saecla,
708 2988 980 3058 perfectus
1021 2981 1183 3046 homo
1216 2977 1454 3046 creatus
1495 2999 1579 3046 est
1615 2989 1771 3060 juxta

211 3096 228 3129 ε
261 3077 416 3135 ﬁnem
451 3078 810 3147 saeculorum,
848 3088 1143 3151 conceptus
1185 3071 1242 3137 et
1280 3088 1440 3136 natus
1471 3096 1536 3136 ex
1567 3079 1772 3150 Spiritu

211 3189 227 3221 ι
260 3180 463 3239 saneto,
497 3179 552 3225 et
579 3169 645 3227 de
675 3163 840 3227 Maria
867 3172 1075 3244 virgine
1093 3212 1108 3238 ,
1133 3172 1226 3243 qui
1251 3180 1501 3228 naturam
1525 3180 1770 3227 nostram

213 3283 229 3317 ί
264 3265 500 3335 suscepit
526 3251 731 3336 absque
750 3274 973 3336 peccato
1002 3283 1015 3320 :
1041 3273 1096 3322 et
1121 3266 1221 3320 sub
1244 3265 1437 3321 Pontio
1468 3263 1636 3319 Pilato
1652 3279 1800 3334 crus

211 3374 228 3407 ι
262 3357 450 3412 ciﬁxus
485 3363 639 3412 estet
663 3355 925 3427 sepultus,
957 3356 1116 3410 tertia
1142 3355 1228 3410 die
1249 3340 1549 3410 resurrexit
1575 3369 1606 3408 a
1631 3368 1777 3408 mos-

212 3466 228 3499 ‹
262 3449 365 3503 tuis
397 3467 409 3503 :
442 3449 530 3504 die
554 3455 732 3504 autem
757 3448 1170 3519 quadragesimo
1210 3449 1452 3504 ascendit
1473 3448 1527 3501 in
1552 3447 1774 3512 calum,

209 3557 224 3591 ι
256 3552 307 3597 et
332 3543 486 3597 sedet
515 3543 582 3598 ad
611 3545 887 3598 dexteram
913 3541 1114 3609 Patris,
1140 3542 1266 3596 inde
1291 3549 1551 3598 venturus
1576 3549 1659 3597 est
1681 3540 1775 3610 ju-

207 3652 223 3686 (
256 3636 444 3690 dicare
471 3636 622 3690 vivos
650 3645 702 3690 et
744 3643 982 3690 mortuos
1028 3654 1042 3689 :
1090 3635 1368 3706 positurus
1419 3643 1546 3689 ante
1593 3633 1780 3689 oculos

205 3742 221 3776 ι
258 3724 511 3780 omnium
537 3725 715 3780 omnia
737 3725 950 3780 occulta
974 3715 1306 3796 singulorum
1335 3743 1347 3778 :
1375 3727 1600 3780 daturus
1619 3724 1781 3792 justis

209 3826 524 3888 iperpetua
571 3817 791 3886 pramia
849 3815 1000 3888 regni
1049 3815 1297 3882 caelestis,
1348 3815 1549 3884 iniquis
1601 3823 1780 3869 autem

213 3927 227 3962 δ
261 3908 521 3980 supplicia
561 3907 704 3979 ignis
728 3907 916 3964 aterni
951 3926 963 3961 :
1001 3908 1359 3962 innovaturus
1395 3908 1652 3962 saeculum
1680 3923 1781 3978 per

215 4020 229 4052 ι
265 4003 442 4072 ignem
463 4040 478 4065 ,
508 4008 562 4054 et
589 4000 766 4054 carnis
799 3999 1273 4054 resurrectionem.
1306 3997 1579 4054 Conﬁteor
1614 4013 1778 4052 unam

217 4113 233 4145 ι
265 4093 444 4160 ﬁdem,
482 4109 648 4147 unum
676 4093 966 4163 Baptisma,
992 4106 1157 4146 unum
1182 4090 1548 4160 Apostolicam
1577 4100 1632 4147 et
1658 4093 1778 4146 uni-

218 4204 235 4238 l
269 4187 531 4242 versalem
577 4185 894 4250 Ecelesiam,
950 4186 1004 4240 in
1050 4201 1155 4256 qua
1186 4184 1298 4239 sola
1339 4193 1565 4254 possunt
1607 4187 1778 4240 laxari

221 4285 483 4346 «peccata
513 4317 528 4341 ,
582 4275 639 4330 in
693 4275 908 4330 nomine
957 4274 1137 4329 Patris
1187 4282 1241 4328 et
1285 4273 1406 4329 Filii
1451 4284 1507 4330 et
1547 4274 1780 4345 Spiritus

220 4387 238 4420 ‹
270 4371 456 4425 sancti.
502 4387 527 4422 ι

280 4482 338 4537 γ.
357 4481 431 4537 De
461 4478 738 4552 Synodica
763 4479 878 4534 hac
901 4476 1130 4532 scribit:
1159 4495 1178 4528 ι
1205 4474 1534 4547 Synodicam
1565 4491 1784 4547 quoque
1829 4539 1834 4544 θ

1801 3222 1848 3293 C

1885 2007 1904 2039 α
1939 1988 2028 2042 dia
2068 1989 2329 2062 accingo,
2369 1989 2710 2045 considerata
2766 1983 2882 2060 ipsa
2929 1992 3010 2046 rei
3057 1992 3455 2060 immensitate,

1883 2096 1904 2131 ‹
1945 2079 2239 2134 deterreor.
2268 2078 2549 2150 Perpendo
2584 2081 2810 2152 quippe,
2839 2083 2982 2152 quod
3025 2083 3172 2138 omni
3207 2098 3337 2139 cura
3377 2085 3460 2140 vi-

1884 2190 1904 2224 «
1946 2173 2219 2245 gilandum
2265 2181 2378 2239 est,
2415 2181 2476 2228 ut
2517 2182 2698 2229 rector
2742 2175 3069 2246 cogitatione
3100 2177 3171 2231 sit
3195 2178 3454 2244 mundus,

1884 2282 1904 2316 ‹
1939 2265 2251 2334 operatione
2277 2263 2578 2334 praecipuus
2601 2304 2617 2330 ,
2649 2264 2916 2320 discretus
2937 2267 2991 2320 in
3022 2265 3266 2333 silentio,
3303 2268 3455 2323 utilis

1883 2372 1903 2407 ι
1939 2355 1994 2409 in
2020 2356 2186 2411 verbo
2206 2395 2220 2421 ,
2246 2354 2470 2425 singulis
2505 2354 2558 2408 in
2589 2356 2968 2426 compassione
2988 2357 3271 2426 proximus
3293 2397 3308 2424 ,
3348 2373 3459 2429 pra

1883 2462 1902 2496 ι
1935 2445 2147 2501 cunctis
2167 2444 2622 2515 contemplatione
2653 2461 2970 2516 suspensus,
3002 2448 3140 2502 bene
3178 2449 3461 2520 agentibus

1881 2552 1901 2586 ‹
1930 2550 2028 2606 per
2055 2535 2414 2590 humilitatem
2434 2536 2632 2614 socius,
2655 2545 2843 2592 contra
2871 2537 3300 2607 delinquentium
3321 2539 3454 2595 vitia

1881 2647 1900 2680 ε
1935 2643 2032 2698 per
2060 2626 2234 2682 zelum
2263 2627 2490 2695 justitia
2513 2635 2746 2694 erectus,
2769 2636 2876 2684 etc.
2908 2647 2928 2683 ι

1952 2737 1969 2770 ι
2008 2719 2277 2774 Praeterea
2297 2755 2312 2785 ,
2340 2718 2465 2788 quia
2493 2720 2664 2774 corde:
2688 2721 2922 2777 creditur
2951 2722 3020 2776 ad
3035 2722 3304 2793 justitiam
3323 2762 3339 2789 ,
3373 2738 3464 2778 ore

1874 2821 2048 2866 autem
2083 2809 2342 2879 confessio
2373 2810 2434 2878 ﬁt
2466 2810 2536 2864 ad
2571 2809 2795 2865 salutem
2835 2825 2855 2864 :
2902 2813 3045 2868 sicut
3083 2814 3258 2868 sancti
3285 2813 3464 2868 Evan-

1873 2903 1996 2975 gelii
2027 2910 2258 2974 quatuor
2299 2900 2483 2966 libros,
2520 2901 2600 2957 sic
2639 2910 2876 2971 quatuor
2899 2903 3142 2959 Concilia
3182 2904 3464 2975 suscipere

1871 3006 1926 3052 et
1951 2996 2200 3052 venerari
2227 3009 2314 3050 me
2338 2993 2511 3050 fateor
2539 3011 2552 3048 :
2581 2992 2859 3050 Nicanum
2882 2995 3110 3061 scilicet,
3131 2996 3186 3050 in
3209 3011 3317 3066 quo
3339 3011 3463 3067 per.

1872 3103 2088 3144 versum
2126 3086 2240 3142 Arii
2277 3087 2471 3156 dogma
2515 3084 2814 3140 destruitnr
2853 3103 2866 3140 :
2906 3084 3461 3158 Constantinopolita-

1877 3195 2008 3235 num
2045 3193 2279 3250 quoque,
2329 3176 2385 3232 in
2427 3190 2534 3247 quo
2578 3176 2828 3232 Eunomii
2872 3186 2928 3234 et
2973 3177 3284 3235 Macedonii
3306 3193 3463 3235 error

1877 3270 2216 3328 convincitur
2241 3286 2255 3323 :
2297 3267 2630 3338 Ephesinum
2654 3268 2817 3324 etiam
2841 3269 3098 3339 primum,
3133 3269 3188 3324 in
3212 3272 3320 3340 quo
3350 3269 3460 3326 Ne-

1876 3369 2030 3426 storii
2066 3367 2314 3437 impietas
2353 3365 2628 3436 iudicatur
2672 3383 2685 3420 :
2732 3364 3174 3420 Chalcedonense
3211 3379 3366 3431 vero,
3403 3364 3459 3420 in

1877 3477 1983 3531 quo
2010 3458 2322 3530 Eutychetis
2343 3457 2695 3526 Dioscorique
2715 3458 2954 3526 pravitas
2976 3459 3320 3528 reprobatur,
3349 3464 3461 3513 tota

1879 3551 2168 3607 devotione
2199 3548 2544 3618 complector,
2574 3547 2923 3618 integerrima
2961 3549 3348 3617 approbatione
3370 3561 3465 3601 cu-

1879 3642 2053 3697 stodio
2081 3660 2095 3695 :
2120 3641 2246 3710 quia
2273 3641 2328 3694 in
2353 3639 2458 3704 his,
2485 3638 2630 3693 ’velut
2658 3639 2712 3692 in
2739 3639 3005 3708 quadrato
3031 3638 3229 3708 lapide,
3257 3643 3462 3694 saneta

1881 3730 2007 3784 ﬁdei
2060 3736 2332 3784 structura
2372 3729 2669 3798 consurgit,
2709 3737 2764 3782 et
2808 3726 3094 3795 cujuslibet
3130 3729 3256 3784 vitae
3299 3737 3504 3799 atque!

1880 3819 2111 3876 actionis
2143 3833 2336 3896 norma
2375 3819 2623 3874 consistit
2653 3836 2667 3874 :
2711 3818 2958 3888 quisquis
2994 3833 3186 3875 eorum
3221 3819 3463 3876 solidita-

1881 3918 1990 3968 tem
2031 3928 2139 3968 non
2176 3918 2347 3975 tenet,
2387 3910 2602 3966 etiamsi
2643 3910 2782 3980 lapis
2822 3923 2940 3965 esse
2975 3909 3238 3978 cernitur,
3281 3919 3464 3968 tamen

1877 4011 2030 4060 extra
2072 4003 2358 4059 aedilicium
2393 4002 2557 4072 jacet.
2603 4003 2863 4071 Quintum
2903 4015 3118 4074 quoque
3156 4003 3459 4062 Concilium

1877 4097 2082 4167 pariter
2102 4107 2348 4161 veneror,
2377 4095 2432 4150 in
2462 4110 2570 4165 quo
2587 4095 2814 4166 epistola
2838 4108 2960 4164 qua
2993 4094 3100 4151 Iba
3126 4095 3344 4162 dicitur,
3376 4108 3467 4150 er-

1878 4189 2024 4243 roris
2043 4189 2200 4259 plena
2224 4188 2566 4258 reprobatur,
2593 4197 2648 4242 et
2668 4188 2986 4243 Theodorus
3016 4201 3306 4258 personam
3345 4201 3462 4243 meo

1878 4283 2105 4337 diatoris
2127 4282 2220 4336 Dei
2243 4289 2299 4336 et
2322 4282 2601 4336 hominum
2635 4282 2691 4335 in
2723 4280 2932 4336 duabus
2957 4279 3278 4335 substantiis
3304 4295 3462 4351 sepav-
3506 4312 3509 4316 -

1880 4389 2031 4439 rans,
2054 4374 2120 4428 ad
2150 4371 2443 4442 impietatis
2486 4370 2769 4441 perﬁdiam
2807 4369 3071 4427 cecidisse
3099 4359 3461 4426 convincitur.

1884 4467 2095 4537 Scripta
2141 4480 2356 4537 quoque
2396 4464 2709 4522 Theodoriti
2732 4503 2748 4531 ,
2786 4479 2884 4535 per
2927 4480 3046 4534 qua
3089 4465 3231 4520 beati
3278 4463 3464 4538 Cyrilli

218 4585 355 4625 suam
406 4569 707 4641 Gregorius
728 4609 744 4635 ,
795 4566 1089 4624 secundum
1113 4601 1120 4634 ;
1141 4566 1382 4636 priscum
1433 4567 1780 4622 decessomm
1804 4579 1858 4642 Ι)
1883 4558 2016 4614 ﬁdes
2037 4557 2468 4628 reprehenditur,
2503 4570 2637 4612 ausu
2660 4555 2943 4611 dementia
2975 4556 3187 4627 prolata
3223 4555 3465 4613 refutari.

218 4677 420 4719 suorum
447 4678 682 4728 morem,
705 4659 897 4717 Joanni
921 4659 1533 4731 Constantinopolitano,
1558 4659 1782 4732 Eulogio

218 4753 592 4819 Alexandrino,
621 4751 879 4823 Gregorio
898 4750 1275 4817 Antiocheno,
1307 4749 1503 4806 Joanni
1531 4749 1783 4806 Hieroso-

219 4843 480 4916 lymitano,
511 4854 572 4902 et
588 4845 876 4902 Anastasio
893 4845 1221 4901 Patriarchae
1241 4845 1596 4909 Antiocheno,
1621 4845 1786 4902 desti-

221 4939 374 5006 navit,
403 4955 532 5010 qua
559 4939 632 4994 ita
659 4953 718 4993 se
741 4938 944 4993 habet:
990 4955 1009 4990 ι
1041 4937 1412 4994 Consideranti
1441 4937 1607 5004 mihi,
1640 4937 1784 5008 quod

229 5049 243 5080 ι
278 5032 444 5104 impar
465 5032 704 5099 meritis,
734 5046 799 5088 ac
833 5039 946 5089 toto
987 5031 1166 5088 animo
1205 5031 1462 5095 renitens,
1495 5032 1784 5102 pastoralis

229 5140 244 5172 ι
283 5124 435 5196 ιθο
448 5139 601 5182 cura
622 5124 860 5196 pondera
887 5132 1107 5195 portare
1133 5123 1442 5196 compulsus
1467 5125 1592 5190 sim,
1612 5123 1784 5196 caligo

230 5233 246 5266 ι
279 5222 526 5278 maroris
553 5220 810 5285 occurrit,
838 5227 944 5274 etc.
989 5218 1168 5274 Triste
1194 5232 1290 5274 cor
1315 5217 1450 5272 nihil
1476 5217 1643 5284 aliud,
1671 5217 1778 5272 nisi

230 5326 246 5360 ι
277 5326 396 5379 eas,
427 5329 554 5387 qua
581 5312 751 5368 videri
781 5312 857 5366 nil
887 5311 1098 5375 sinunt,
1132 5311 1380 5366 tenebras
1401 5310 1550 5366 ridet
1591 5323 1608 5364 :
1655 5323 1782 5365 nam

232 5420 249 5454 ι
282 5407 404 5475 quid
422 5407 668 5464 Antistes
689 5405 757 5460 ad
787 5402 1089 5467 Dominum,
1112 5401 1217 5456 nisi
1244 5416 1344 5472 pro
1368 5401 1578 5457 delictis
1598 5399 1782 5471 populi

233 5511 249 5546 ι
283 5497 605 5554 intercessor
631 5495 877 5569 eligitur?
895 5492 1011 5560 Qua
1033 5492 1213 5561 itaque
1233 5490 1430 5547 ﬁducia
1457 5494 1522 5548 ad
1544 5507 1665 5548 eum
1685 5503 1786 5561 pro

237 5589 508 5654 «peccatis
548 5587 740 5644 alienis
783 5587 1107 5641 intercessor
1145 5583 1324 5647 venio,
1360 5585 1500 5653 apud
1524 5595 1683 5654 quem
1718 5586 1786 5640 de

237 5694 253 5727 ι
284 5682 510 5751 propriis
554 5695 777 5736 securus
816 5692 923 5732 non
966 5674 1121 5731 sum?
1153 5672 1212 5729 Si
1249 5672 1484 5729 fortasse
1514 5677 1782 5747 quispiam

238 5783 255 5817 ι
287 5771 418 5837 apud
445 5779 718 5840 potentem
742 5770 947 5833 virum,
980 5766 1070 5837 qui
1106 5773 1162 5820 et
1188 5763 1288 5818 sibi
1317 5765 1514 5831 iratus,
1557 5776 1613 5821 et
1649 5768 1781 5822 mihi

238 5872 424 5921 tessct
477 5863 819 5936 incognitus,
872 5862 1282 5920 intercessorem
1326 5872 1482 5915 stium
1534 5873 1620 5916 me
1665 5858 1782 5917 ﬁeri

1885 4653 1992 4702 tur.
2024 4646 2262 4702 Cunctas
2291 4661 2439 4713 vero,
2471 4659 2607 4715 quas
2638 4644 2862 4716 praefata
2885 4648 3194 4702 veneranda
3215 4645 3465 4703 Concilia

1885 4757 2144 4814 personas
2162 4748 2441 4812 respuunt,
2458 4755 2652 4810 respuo
2677 4756 2690 4806 ;
2716 4755 2854 4810 quas
2877 4747 3223 4807 venerantur,
3251 4741 3462 4812 ample-

1885 4843 2002 4889 ctor
2032 4852 2046 4888 :
2085 4833 2210 4904 quia
2235 4834 2362 4888 dum
2388 4831 2678 4888 universali
2705 4841 2830 4886 sunt
2849 4846 3118 4888 consensu
3138 4832 3458 4899 constituta,

1886 4939 1944 4980 se
1969 4934 2156 4979 etnon
2182 4924 2270 4977 illa
2306 4923 2563 4987 destruit,
2589 4922 2835 4993 quisquis
2866 4923 3178 4993 praesumit,
3222 4931 3316 4977 aut
3351 4922 3462 4977 sol-

1887 5030 2014 5069 vere
2055 5025 2190 5084 quos
2241 5013 2392 5084 161
2426 5012 2676 5083 religant,
2724 5021 2816 5067 aut
2850 5011 3019 5084 ligare
3045 5027 3182 5084 quos
3227 5012 3458 5068 solvunt.

1890 5108 2145 5179 Quisquis
2164 5121 2292 5178 ergo
2313 5107 2457 5162 aliud
2479 5107 2636 5177 sapit,
2673 5107 2961 5162 anathema
2983 5107 3074 5164 sit.
3113 5126 3134 5160 ι

1961 5200 2048 5256 Vl.
2085 5197 2212 5254 Hac
2232 5197 2468 5254 Joannes
2488 5198 2555 5253 de
2586 5197 2841 5269 Symbolo
2867 5207 2921 5253 et
2941 5195 3206 5269 Synodiea
3241 5189 3299 5250 S.
3330 5193 3465 5252 Gre-

1890 5291 2051 5362 gorii,
2085 5307 2204 5362 qua
2230 5298 2290 5346 ut
2310 5291 2378 5346 ad
2406 5307 2522 5347 rem
2563 5300 2803 5346 nostram
2829 5294 3169 5360 exponantur
3197 5287 3382 5343 utilius
3409 5298 3464 5345 et
3504 5327 3509 5333 ς

1889 5386 2111 5453 clarius,
2163 5386 2501 5442 observanda
2539 5386 2663 5441 dno.
2711 5385 2971 5446 Primum,
3021 5378 3185 5436 unius
3232 5384 3308 5437 rei
3358 5384 3462 5440 tria

1889 5480 2055 5538 fuisse
2080 5481 2321 5548 nomina,
2343 5482 2553 5546 Fidem,
2583 5476 2916 5550 Symbolum,
2941 5471 3240 5531 lndiculnm
3268 5495 3280 5531 :
3309 5475 3461 5532 Fidei

1889 5589 2085 5631 nomen
2119 5576 2190 5630 ab
2216 5581 2534 5645 argumento
2569 5571 2769 5625 factum
2796 5574 2908 5632 est;
2942 5563 3204 5637 Symboli,
3239 5568 3306 5623 ab
3332 5567 3462 5621 arti-

1889 5667 2133 5723 culorum
2162 5666 2376 5730 ordine,
2420 5661 2709 5723 brevitate,
2747 5666 2800 5711 ct
2827 5664 3046 5713 tessera
3071 5656 3456 5723 similitudine;
3499 5667 3508 5682 '

1887 5759 2112 5815 lndieuli
2137 5775 2166 5813 a
2208 5759 2403 5820 forma,
2431 5767 2551 5824 qua
2579 5750 2780 5822 scripto
2807 5751 3140 5816 tradebatur,
3188 5749 3336 5804 velut
3379 5750 3463 5803 in-

1888 5857 2246 5908 strumentum
2275 5847 2390 5914 suis
2420 5843 2690 5912 omnibus,
2715 5855 2985 5917 persona,
3014 5841 3272 5912 temporis
3297 5846 3353 5896 et
3383 5844 3464 5894 tea
