4062 6504
478 441 585 509 {$3

1737 434 1828 495 AD
1863 431 2128 495 LIBRUM
2159 428 2486 490 DIURNUM

3643 421 3772 488 136

476 564 666 630 stium,
695 521 962 632 adiunctis
1002 566 1292 626 mumtum,
1316 541 1468 614 etin
1495 553 1718 612 archivo
1762 565 2048 610 asservan-
2075 553 2131 614 Α
2152 546 2224 603 tis
2248 554 2379 602 tunc
2404 544 2667 610 caruisse,
2698 550 2820 600 cum
2865 536 3161 610 scriberet,
3196 554 3217 595 ι
3262 549 3550 614 propterea
3598 551 3767 618 quod

479 657 629 713 dum.
1431 695 1433 697 ι

551 748 815 815 Alterum,
840 746 1009 804 fuisse
1033 745 1241 817 pariter
1253 743 1478 800 alterius
1491 740 1710 798 nomina
1732 737 1860 805 tria,
1884 736 2061 809 Expo-

480 841 732 898 sitionem
761 839 908 907 ﬁdei,
946 837 1288 904 Sermonem,
1319 843 1375 891 et
1401 833 1744 906 Synodicam.
1775 829 1931 886 Dicta
1975 834 2060 884 est

478 931 760 1002 Expositio
788 929 936 994 ﬁdei,
966 927 1093 998 quia
1128 925 1436 998 explanatio
1483 921 1727 994 quedam
1755 917 1857 974 fuit
1899 918 2059 990 Sym-

477 1022 604 1078 bolo
625 1021 906 1092 prolixior,
933 1027 988 1075 et
1010 1019 1078 1074 ad
1118 1019 1354 1074 hereses
1380 1013 1714 1072 damnandas
1752 1025 2059 1067 accommo-

481 1116 657 1171 datior
683 1132 696 1168 :
728 1112 942 1178 Sermo,
987 1112 1242 1181 quoniam
1273 1125 1374 1181 pro
1420 1107 1681 1164 concione
1705 1104 1941 1160 ﬁdelium
1967 1101 2061 1157 ﬁe-

478 1204 571 1260 bat
601 1221 614 1258 z
648 1201 937 1274 Synodica,
964 1199 1240 1270 quoniam,
1268 1206 1323 1253 et
1349 1213 1379 1253 e
1409 1195 1626 1268 Synodo
1657 1194 1899 1248 Romana
1928 1191 2057 1246 mit-

479 1294 692 1349 tebatur
713 1294 781 1348 ad
801 1291 1171 1356 Patriarchas,
1191 1297 1250 1344 et
1273 1288 1330 1343 in
1359 1287 1574 1358 Synodo
1612 1283 2059 1338 Patriarcharum

478 1385 700 1458 legenda
730 1384 851 1452 fuit,
865 1392 926 1440 ut
953 1394 1066 1440 tota
1089 1381 1324 1438 ecclesia
1345 1379 1430 1437 sui
1453 1377 1692 1434 doctoris
1707 1376 1867 1432 ﬁdem
1893 1389 2060 1447 agno-

479 1487 676 1536 sceret.

551 1569 659 1624 VII.
699 1569 776 1625 De
817 1566 991 1623 forma
1021 1565 1178 1632 ﬁdei,
1233 1578 1397 1635 quam
1439 1561 1743 1635 symbolum
1786 1559 2055 1623 diximus,

480 1675 695 1732 quaque
724 1657 940 1714 Electus
977 1665 1102 1711 ante
1129 1653 1524 1710 ordinationem
1562 1652 1837 1715 utebatur,
1861 1664 2058 1704 occur-

478 1761 609 1807 runt
636 1750 962 1821 quaestiones
985 1747 1122 1803 due.
1165 1745 1368 1810 Prima,
1409 1743 1712 1814 cujusmodi
1746 1741 1908 1798 fuerit
1947 1739 2060 1810 pri-

473 1845 588 1900 scis
627 1841 957 1912 temporibus
989 1857 1003 1892 :
1038 1838 1220 1908 prisca
1259 1837 1400 1902 dico,
1439 1851 1561 1905 quae
1592 1833 1839 1904 Gregorii
1880 1830 2058 1902 Magni

2158 637 2304 695 nulla
2342 636 2452 691 illic
2477 635 2700 692 heresis
2728 634 3050 706 sumpsisset
3085 633 3406 701 exordium;
3448 634 3506 690 in
3530 639 3767 695 ceteris

2159 721 2339 786 autem
2365 728 2522 793 locis,
2565 734 2829 798 quantum
2867 725 3093 796 intelligi
3129 725 3309 792 datur,
3353 735 3578 798 propter
3605 744 3767 785 non-

2158 821 2336 879 nullos
2389 819 2694 886 hereticos,
2739 816 2922 873 addita
2961 817 3206 887 quedam
3240 816 3435 883 videri,
3480 831 3580 888 per
3623 833 3764 890 qua)

2158 913 2384 969 novelle
2406 911 2669 967 doctrinae
2697 923 2888 966 sensus
2918 909 3234 965 crederetur
3258 906 3493 964 excludi.
3542 928 3564 961 ι

2230 1003 2343 1059 XII.
2368 1003 2499 1058 Inde
2521 1003 2667 1058 enim
2689 1002 2875 1057 videor
2885 999 3020 1056 mihi
3042 1014 3151 1056 non
3167 997 3593 1068 improbabiliter
3613 1013 3748 1056 con.

2161 1095 2400 1162 cludere,
2426 1095 2808 1150 necessitatem
2845 1091 3174 1148 accessionis
3200 1089 3465 1147 faciende
3491 1097 3621 1146 tunc
3653 1104 3743 1146 ex-

2160 1185 2356 1250 titisse,
2387 1199 2510 1239 cum
2544 1182 2806 1254 capitales
2837 1191 2947 1238 tres
2993 1180 3531 1251 hereses’Origenis,
3574 1179 3766 1235 Mani-

2160 1277 2314 1343 chei,
2347 1287 2401 1334 et
2437 1277 2554 1332 Arii
2604 1277 2659 1331 in
2695 1275 2996 1331 Romanam
3026 1275 3325 1330 Ecclesiam
3371 1274 3612 1344 irrepere
3649 1287 3763 1329 co-

2161 1377 2301 1424 nate
2331 1377 2479 1424 sunt.
2513 1368 2735 1424 Conate
2771 1376 2897 1424 sunt
2916 1383 3066 1434 vero,
3095 1378 3148 1422 et
3185 1383 3308 1422 cum
3336 1367 3475 1423 liber
3495 1366 3760 1438 Origenis

2081 1470 2083 1472 '
2159 1465 2279 1536 περὶ
2304 1463 2489 1536 ἀρχῶν
2508 1459 2695 1515 Rome
2722 1459 2870 1514 visus
2907 1467 3010 1524 est,
3046 1466 3103 1514 et
3130 1472 3255 1514 cum
3280 1456 3561 1513 Manichei
3605 1455 3762 1512 clam

2161 1550 2415 1617 latentes,
2456 1551 2623 1606 certis
2653 1550 2867 1606 indiciis
2890 1550 3233 1620 deprehensi,
3265 1548 3511 1619 producti
3536 1555 3665 1602 sunt
3696 1547 3759 1604 in

2158 1641 2455 1711 publicum,
2485 1650 2544 1696 et
2574 1658 2698 1697 cum
2721 1641 3091 1712 Eutychianus
3116 1657 3290 1708 error,
3321 1642 3509 1697 Ariani
3534 1640 3761 1698 soboles

2163 1733 2434 1804 quedam,
2470 1733 2803 1804 percrebuit.

2231 1827 2368 1884 XIII.
2431 1829 2594 1884 Liber
2637 1831 2756 1904 περὶ
2805 1830 2987 1903 ἀρχῶν
3027 1827 3361 1898 temporibus
3403 1827 3678 1883 Anastasii
3731 1825 3758 1882 Ι

473 1942 696 1988 etatem
722 1910 1140 2002 precesserunt,
1190 1928 1364 1982 fuitne
1393 1927 1676 1982 dumtaxat
1721 1922 2060 1995 Symbolum,
2090 1910 2138 1971 B
2164 1921 2392 1977 Romam
2413 1921 2590 1986 venit;
2617 1918 2940 1975 Manicheos
2959 1919 3255 1974 insectatus
3282 1927 3365 1975 est
3386 1918 3495 1975 Leo
3521 1918 3759 1988 Magnus

475 2023 623 2094 quod
665 2020 1032 2092 Apostolicum
1061 2027 1307 2084 vocatur,
1358 2026 1414 2073 et
1445 2017 1575 2073 illud
1616 2017 1856 2087 quidem,
1907 2014 2066 2084 quale

480 2125 829 2182 usurpamus,
862 2125 927 2164 an
944 2107 1213 2180 quomodo
1229 2115 1349 2162 erat
1369 2107 1499 2162 olim
1526 2108 1582 2162 in
1610 2123 1712 2162 usu
1735 2107 1920 2162 Rome
1933 2107 1955 2158 ?
1970 2104 2067 2160 Se-

479 2199 679 2267 cunda,
709 2198 867 2272 quale
893 2197 1060 2255 fixerit
1077 2196 1604 2271 ptiseumRomane
1625 2195 1888 2253 Ecclesiae
1915 2193 2068 2268 Sym—

481 2293 686 2350 bolum.

558 2385 688 2441 VIII.
722 2383 793 2440 Ut
815 2385 989 2455 prima
1013 2384 1240 2453 questio
1266 2382 1426 2463 plane
1455 2381 1716 2447 solvatur,
1744 2381 1925 2452 prisca
1955 2379 2098 2450 pri-‘

484 2491 635 2535 mum
660 2486 907 2548 tempora
932 2477 1215 2532 dividenda
1240 2483 1384 2540 sunt,
1409 2484 1522 2529 tum
1545 2475 1787 2530 Romana
1812 2472 2066 2544 Symbola

487 2571 882 2642 distinguenda.
933 2569 1212 2624 Prioribus
1259 2567 1626 2638 temporibus,
1677 2567 1729 2622 id
1773 2575 1898 2632 est,
1941 2574 2068 2622 ante

484 2678 694 2719 annum
740 2661 867 2726 400,
899 2661 1113 2732 quando
1136 2661 1363 2716 Ruﬁnus
1391 2659 1751 2730 Aquileiensis
1778 2658 2069 2730 Presbyter

481 2752 620 2808 nihil
649 2752 777 2807 dum
798 2750 1155 2806 additamenti
1185 2750 1388 2806 factum
1409 2749 1577 2805 fuisse
1603 2749 1794 2806 scribit
1819 2748 2068 2805 Romano

484 2841 766 2914 Symbolo,
821 2856 928 2896 non
960 2840 1120 2895 aliam
1153 2849 1286 2912 puto
1322 2841 1577 2910 emissam
1609 2841 1678 2896 ab
1709 2840 1908 2896 Electis
1942 2856 2069 2912 pro-

484 2930 780 2988 fessionem
811 2931 958 2997 ﬁdei,
1003 2947 1166 3002 quam
1195 2947 1315 3002 que
1345 2930 1602 3004 Symbolo
1646 2931 1895 2988 Romano
1921 2934 2070 2989 addi-

486 3023 653 3080 tionis
677 3038 813 3094 puro
841 3023 1220 3079 continebatur
1253 3043 1266 3079 :
1293 3024 1686 3095 posterioribus
1709 3039 1854 3089 vero,
1882 3025 1936 3079 id
1961 3033 2067 3091 es‘t,

484 3113 560 3170 ab
589 3127 732 3169 anno
773 3113 991 3168 circiter
1016 3112 1142 3179 400,
1169 3113 1236 3168 ad
1271 3113 1590 3184 Gregorium
1629 3113 1901 3184 Magnum,
1934 3113 2070 3168 reci-

487 3211 664 3261 tatum
708 3204 944 3261 arbitror
981 3205 1050 3260 ab
1092 3204 1280 3260 iisdem
1321 3205 1542 3261 Electis,
1575 3204 1887 3277 Symbolum
1928 3204 2070 3260 idem

488 3295 883 3368 Apostolicum,
933 3296 1027 3352 sed
1054 3312 1178 3352 cum
1221 3297 1627 3363 additamentis,
1661 3297 1820 3353 modo
1855 3297 2072 3368 paucio-

491 3388 668 3455 ribus,
710 3387 871 3443 modo
896 3386 1164 3458 pluribus,
1207 3396 1368 3458 prout
1397 3389 1646 3460 exigebat
1682 3389 1823 3443 ratio
1863 3397 2073 3460 tempo-

489 3493 636 3544 rum,
667 3487 723 3534 et
748 3479 968 3550 propius
996 3478 1066 3533 ad
1095 3477 1388 3549 septimum
1413 3478 1668 3534 seculum
1691 3478 2067 3543 accedebatur,

491 3585 602 3641 quo
630 3579 873 3642 tempore
907 3585 971 3626 ea
1008 3570 1133 3625 ﬁdei
1161 3569 1428 3640 professio
1451 3571 1650 3626 emissa
1679 3578 1784 3636 est,
1817 3585 1935 3640 que
1975 3570 2069 3625 Li-

492 3658 594 3742 bro
621 3661 827 3717 Diurno
857 3660 1182 3726 continetur,
1209 3668 1265 3716 et
1297 3661 1364 3716 ad
1403 3661 1672 3717 decimum
1697 3662 1948 3731 quintum
1975 3677 2072 3719 us-

495 3766 604 3824 que
631 3751 918 3818 seculum,
947 3759 1042 3808 aut
1073 3752 1237 3808 etiam
1265 3752 1510 3818 ulterius,
1540 3753 1595 3808 in
1631 3767 1732 3808 usu
1767 3753 1890 3809 fuit.

565 3840 658 3896 IX.
696 3841 826 3908 Quae
852 3851 914 3897 ut
933 3842 1305 3899 manifestiora
1335 3843 1488 3909 ﬁant,
1517 3843 1771 3900 solvenda
1793 3852 1876 3900 est
1901 3845 2072 3901 altera

496 3916 747 4004 quaestio,
771 3931 930 4002 quale
951 3930 1114 3988 fuerit
1141 3932 1328 3989 Rome
1348 3933 1712 4005 Apostolicum
1733 3935 2066 4006 Symbolum,

495 4025 590 4081 cui
620 4023 755 4080 nihil
796 4022 972 4080 adhuc
996 4023 1258 4089 additum,
1289 4023 1539 4090 Ruﬁnus,
1566 4024 1726 4094 paulo
1769 4033 1894 4081 ante
1939 4041 2073 4096 qua-

492 4114 983 4186 dringentesimum
1009 4113 1208 4169 Christi
1231 4128 1451 4182 annum,
1488 4114 1780 4170 scribebat.
1809 4115 1887 4170 Ex
1922 4125 2072 4173 vete-

495 4208 652 4264 ribus
667 4207 1050 4283 monumentis,
1065 4207 1137 4262 ita
1159 4221 1216 4263 se
1231 4207 1488 4264 habuisse
1500 4207 1833 4281 intelligitur.
1859 4228 1878 4262 ι
1898 4209 2071 4269 Credo

495 4303 558 4358 in
593 4303 759 4359 Deum
788 4301 1004 4358 Patrem
1029 4301 1475 4373 omnipotentem,
1509 4309 1563 4358 et
1607 4303 1662 4358 in
1693 4302 1875 4361 Iesum
1911 4303 2071 4360 Chri-

497 4398 646 4445 stum
673 4390 840 4445 ﬁlium
864 4392 978 4461 ejus
999 4392 1336 4460 unigenitum
1365 4391 1653 4448 Dominum
1679 4404 1945 4460 nostrum,
1978 4395 2073 4464 qui

498 4491 794 4552 conceptus
838 4491 921 4538 est
965 4483 1031 4538 de
1083 4484 1287 4553 Spiritu
1321 4493 1529 4552 sancto,
1587 4489 1747 4542 natus
1797 4503 1863 4543 ex
1904 4485 2072 4540 Maria

2167 2033 2292 2073 ann.
2320 2016 2446 2073 445.
2496 2015 2829 2087 Eutychiana
2865 2015 3085 2071 heresis
3125 2014 3226 2071 sub
3265 2013 3453 2070 eodem
3485 2010 3760 2091 Pontiﬁce

2166 2109 2353 2165 turbas
2394 2107 2594 2178 ubique
2621 2107 2808 2173 movit,
2832 2107 3117 2162 occasione
3145 2104 3438 2163 Latrocinii
3461 2101 3750 2174 Ephesini.

2165 2197 2720 2272 AdversusOrigenis
2741 2198 3095 2270 temporalem
3121 2207 3176 2255 et
3191 2197 3503 2254 mutabilem
3515 2197 3760 2252 beatitu-

2167 2293 2347 2347 dinem
2387 2300 2700 2347 sanctorum
2734 2292 2840 2346 vita
2867 2299 3063 2346 eterna
3101 2290 3310 2345 credita
3337 2296 3422 2344 est
3451 2288 3760 2344 :adversus

2167 2381 2623 2438 Manicheismum
2655 2383 2720 2440 de
2754 2382 2939 2437 mundi
2975 2381 3243 2438 sensibilis
3289 2396 3320 2435 a
3347 2380 3590 2436 demone
3617 2395 3760 2437 con-

2167 2473 2387 2540 ditione,
2418 2474 2590 2544 factor
2614 2473 2728 2529 celi
2752 2482 2802 2528 et
2831 2482 2983 2528 terra:
3013 2487 3032 2525 :
3062 2473 3316 2528 adversus
3343 2471 3456 2526 Arii
3478 2484 3759 2538 errorem,

2167 2564 2311 2635 quod
2333 2563 2478 2618 nulla
2505 2561 2669 2618 fuerit
2699 2562 2753 2617 in
2789 2561 3005 2617 Christo
3035 2562 3240 2628 anima,
3267 2562 3544 2616 descensus
3566 2561 3636 2616 ad
3662 2562 3756 2616 in-

2168 2656 2307 2727 feros
2337 2655 2550 2721 anime,
2582 2670 2705 2711 cum
2727 2669 2924 2726 corpus
2947 2651 3159 2722 iaceret
3189 2653 3242 2708 in
3271 2653 3534 2722 sepulcro.

2237 2748 2378 2805 XIV.
2413 2747 2540 2803 Hec
2568 2747 2678 2803 sola
2722 2747 2939 2817 quidem
2969 2746 3166 2817 triplex
3203 2745 3404 2800 additio
3430 2743 3663 2800 accessit
3684 2739 3759 2798 ad

2171 2839 2507 2912 Symbolum,
2530 2846 2692 2909 prout
2707 2839 3024 2894 tradebatur
3046 2836 3468 2901 catechumenis,
3495 2843 3549 2891 et
3585 2834 3643 2890 in
3664 2834 3763 2890 ba-

2167 2934 2368 3009 ptismo
2405 2931 2733 2988 reddebatur
2769 2949 2783 2986 z
2816 2931 2912 2988 sed
2942 2930 3101 3003 longe
3142 2926 3313 2998 major
3337 2928 3550 2983 videtur
3571 2925 3758 2993 facta,

2170 3040 2292 3081 cum
2341 3025 2410 3080 ab
2449 3023 2783 3089 ordinandis,
2819 3030 2881 3078 ut
2915 3021 3076 3078 ﬁdem
3118 3035 3272 3078 suam
3314 3034 3504 3091 puram
3546 3016 3763 3074 erroris

2169 3116 2482 3188 probarent,
2508 3114 2906 3185 proferebatur.
2930 3113 2989 3168 Id
3016 3119 3229 3169 constat
3251 3128 3319 3168 ex
3353 3109 3595 3184 symbolo
3616 3108 3766 3165 Gre-

2173 3207 2310 3278 gorii
2356 3205 2557 3278 Magni,
2599 3205 2744 3276 quod
2789 3220 2952 3277 quam
3002 3205 3274 3262 diversum
3313 3204 3382 3260 sit
3427 3219 3459 3259 a
3497 3199 3718 3273 vulgari
3743 3240 3763 3269 ,

2097 3265 2143 3330 C
2173 3312 2336 3354 nemo
2359 3313 2467 3353 non
2495 3296 2663 3354 videt.

2239 3387 2359 3446 XV.
2389 3387 2634 3460 Septimo
2661 3389 2880 3456 seculo,
2912 3404 3034 3447 cum
3064 3389 3261 3446 summi
3299 3387 3588 3445 Pontiﬁces
3607 3387 3766 3445 ordi-

2171 3490 2458 3549 narentur,
2477 3482 2589 3554 jam
2611 3498 2717 3538 non
2745 3482 3067 3554 symbolum,
3090 3483 3231 3553 quod
3260 3491 3418 3537 antea
3441 3483 3631 3548 ﬁebat;
3662 3480 3768 3538 sed

2170 3589 2271 3645 pro
2305 3573 2562 3646 Symbolo
2591 3574 2694 3630 fuit
2727 3573 2902 3632 forma
2934 3575 3081 3641 ﬁdei,
3126 3575 3425 3646 cujusmodi
3464 3572 3769 3628 exhibetur

2171 3666 2227 3723 in
2249 3666 2473 3724 Diurno.
2488 3668 2733 3725 Obtinuit
2755 3667 2846 3723 illa
2861 3681 3013 3737 vero,
3032 3685 3141 3725 non
3157 3676 3368 3725 tantum
3392 3668 3459 3722 ad
3482 3664 3766 3722 decimum

2173 3760 2369 3817 saltem
2399 3761 2674 3829 saeculum,
2707 3778 2815 3834 quo
2865 3763 3082 3820 vivebat
3112 3761 3227 3821 Yvo
3259 3761 3628 3826 Carnotensis,
3659 3761 3768 3817 sed

2172 3852 2337 3908 etiam
2363 3854 2429 3910 ad
2454 3862 2698 3925 tempora
2729 3855 3056 3912 Basileensis
3080 3856 3330 3921 Concilii,
3365 3863 3424 3910 ut
3451 3861 3634 3925 postea
3671 3853 3765 3910 di-

2171 3951 2326 4000 cetur
2367 3960 2381 3996 :
2427 3941 2541 3997 Yvo
2577 3946 2722 3998 enim
2770 3953 2959 4013 aperte
3005 3946 3136 3998 satis
3183 3944 3380 4008 innuit,
3429 3945 3541 3997 suis
3587 3943 3765 4000 etiam

2173 4031 2526 4100 temporibus,
2543 4047 2783 4087 summos
2804 4031 3096 4087 Pontiﬁces
3119 4032 3172 4087 in
3192 4031 3532 4088 ordinatione
3546 4033 3766 4104 profes-
3788 4021 3808 4034 ”’

2172 4124 2379 4180 sionem
2405 4122 2553 4178 illam
2580 4123 2847 4190 emisisse,
2882 4121 3034 4192 cuius
3063 4139 3171 4179 non
3203 4124 3528 4180 mediocrem
3544 4133 3762 4196 partem

2172 4231 2239 4272 ex
2260 4216 2464 4272 Diumo
2489 4215 2679 4284 refert,
2709 4224 2765 4272 et
2793 4215 3129 4273 Basileenses
3158 4216 3296 4272 hanc
3319 4217 3540 4290 exigunt
3574 4219 3641 4273 ab
3665 4235 3762 4275 or-

2175 4308 2414 4366 dinando
2438 4307 2723 4364 Pontiﬁce.

2173 4403 2199 4466 ις·
2247 4400 2403 4472 163
2429 4399 2568 4456 XVI.
2598 4399 2786 4456 Oritur
2809 4399 2972 4456 etiam
3002 4410 3194 4471 quarta
3216 4401 3461 4472 questio,
3481 4414 3587 4472 quo
3616 4409 3758 4459 temo

2173 4505 2306 4563 pore
2323 4490 2672 4544 commutatio
2686 4489 2927 4560 Symboli
2943 4491 2996 4544 in
3017 4490 3247 4546 formam
3265 4491 3386 4547 ﬁdei
3404 4491 3604 4547 Diurno
3618 4507 3754 4547 con-

500 4572 742 4644 Virgine,
771 4587 962 4642 passus
987 4575 1086 4629 sub
1112 4575 1305 4632 Pontio
1347 4575 1544 4641 Pilato,
1572 4576 1883 4640 cruciﬁxus,
1931 4589 2075 4630 mor—
2099 4589 2383 4682 1)tentam
2409 4578 2550 4634 facta
2575 4579 2682 4634 sit?
2711 4580 2932 4636 Factam
2955 4582 3164 4652 opinor,
3184 4591 3467 4653 postquam
3482 4582 3756 4653 prioribus

503 4675 631 4720 tuus
657 4671 712 4719 et
731 4664 970 4734 sepultus
1002 4665 1157 4738 162
1188 4669 1348 4722 tertia
1381 4667 1468 4723 die
1492 4667 1809 4732 resurrexit,
1835 4666 2077 4720 ascendit

505 4755 576 4813 ad
587 4747 776 4823 celos,
799 4757 948 4812 sedet
961 4759 1029 4812 ad
1049 4759 1328 4814 dexteram
1350 4759 1445 4814 Dei
1465 4758 1658 4822 Patris,
1682 4757 1806 4812 inde
1819 4765 2078 4813 venturus

505 4856 594 4903 est
631 4844 879 4917 judicare
926 4849 1080 4905 vivos
1118 4858 1173 4906 et
1222 4858 1483 4905 mortuos.
1530 4848 1703 4903 Credo
1733 4850 1787 4903 in
1815 4847 2076 4918 Spiritum

509 4948 774 5007 sanctum,
801 4951 1041 4999 sanctam
1069 4943 1368 4999 Ecclesiam
1382 4940 1736 5005 Catholicam,
1756 4938 2077 4995 Sanctorum

510 5036 963 5104 communionem,
1002 5036 1376 5092 remissionem
1404 5040 1768 5103 peccatorum,
1796 5032 1977 5088 carnis
2000 5048 2081 5089 re-

508 5129 919 5182 surrectionem.
975 5147 995 5180 »
1026 5127 1083 5182 In
1128 5141 1194 5180 eo
1235 5123 1430 5178 desunt
1469 5121 1592 5187 tria,
1631 5138 1750 5192 que
1775 5124 1829 5178 in
1873 5124 2079 5197 vulgari

511 5217 872 5281 continentur,
899 5215 1196 5272 Creatorem
1209 5211 1322 5266 caeli
1350 5220 1398 5266 et
1425 5220 1598 5279 terre,
1624 5213 1976 5271 descenditad
1998 5217 2082 5271 in-

512 5305 670 5375 feros,
712 5309 868 5360 vitam
895 5315 1162 5361 mternam.

584 5394 653 5450 Χ.
677 5394 803 5452 Inde
824 5396 996 5451 oritur
1025 5390 1182 5446 tertia
1212 5392 1470 5462 questio,
1508 5395 1723 5465 quando
1767 5390 2078 5470 contigerit,

513 5491 571 5539 et
615 5498 891 5554 quorsum,
932 5477 1057 5534 addi
1084 5478 1201 5534 hec
1245 5479 1383 5536 tria?
1434 5480 1626 5549 Nemo,
1672 5485 1814 5555 quod
1871 5487 2038 5542 sciam
2064 5526 2080 5554 ,

517 5575 574 5641 id
599 5574 893 5648 inquisivit,
923 5571 1055 5628 utile
1083 5580 1262 5630 tamen
1310 5581 1397 5631 est
1435 5591 1614 5645 nosse,
1641 5577 1728 5633 vel
1754 5592 1854 5649 per
1899 5576 2085 5647 conje-

516 5679 747 5728 cwnm.
984 5706 990 5715 .
1495 5733 1498 5737 _

587 5759 680 5816 XI.
715 5755 938 5814 Videtur
964 5757 1278 5814 nonnullum
1307 5757 1535 5818 Ruﬁnus
1562 5759 1881 5830 conjiciendi
1905 5761 2083 5820 locum

522 5851 674 5931 fere.
698 5865 819 5920 cum
849 5845 1032 5928 tradit,
1061 5853 1359 5919 Romanum
1409 5853 1720 5931 Symbolum
1750 5854 2120 5945 additamen-A

2179 4687 2273 4728 sex
2301 4669 2555 4727 Conciliis
2582 4673 2932 4729 aecumenicis
2957 4673 3232 4745 religionis
3253 4673 3571 4729 Christiane
3598 4674 3754 4743 prin-

2177 4763 2317 4835 cipia
2343 4763 2468 4830 duo,
2499 4765 3394 4836 consubstantialitaspersonarum
3428 4763 3750 4831 divinarum,

2179 4862 2235 4909 et
2276 4854 2666 4912 lncarnationis
2712 4857 2949 4922 veritas,
2995 4856 3284 4912 constituta
3333 4863 3516 4910 essent
3562 4872 3574 4907 :
3626 4861 3756 4908 tunc

2179 4946 2326 5002 enim
2366 4945 2607 5002 Concilia
2654 4949 2916 5020 recipere,
2965 4955 3020 5002 et
3061 4947 3317 5010 hereses,
3353 4960 3488 5015 quas
3520 4945 3756 5014 proscri-

2179 5040 2436 5111 psissent,
2465 5042 2730 5106 execrari,
2758 5039 3057 5095 indubitata
3086 5039 3188 5093 fuit
3224 5037 3508 5112 ὀρθοδοξίας
3534 5044 3679 5092 nota.

2253 5129 2414 5185 XVII.
2452 5129 2702 5186 Orituret
2726 5131 2937 5199 quinta,
2964 5145 3033 5184 an
3059 5128 3522 5195 sinediscrimine,
3553 5130 3753 5184 summi

2184 5218 2476 5276 Pontiﬁces
2499 5220 2700 5291 aliique
2726 5221 2998 5292 Episcopi,
3039 5220 3229 5276 saltem
3269 5221 3362 5292 qui
3399 5220 3584 5276 Rome
3626 5235 3755 5275 con-

2185 5313 2560 5380 secrabantur,
2589 5312 2702 5369 sive
2744 5312 2993 5368 forenses
3039 5321 3240 5381 essent,
3267 5314 3380 5369 sive
3403 5310 3753 5367 .ordinationi

2186 5405 2332 5462 sedis
2366 5405 2688 5476 Apostolice
2721 5406 2943 5474 subditi,
2972 5421 3123 5462 suam
3148 5406 3532 5477 proﬁterentur
3573 5405 3750 5460 ﬁdem.

2187 5495 2314 5552 Fuit
2339 5495 2573 5576 illud_vel
2603 5497 2898 5553 maximum
2933 5498 3240 5565 discrimen,
3285 5497 3428 5567 quod
3467 5495 3756 5570 Pontiﬁces

2189 5594 2376 5641 sancto
2403 5585 2566 5642 Petro
2588 5588 2813 5659 ἆμὲσως,
2843 5588 3094 5658 Episcopi
3124 5588 3419 5644 successori
3450 5587 3623 5667 sancti
3662 5585 3758 5642 Pe-

2188 5675 2284 5741 tri,
2311 5675 2470 5732 ﬁdem
2495 5689 2835 5737 sacramento
2859 5679 3182 5751 obligarent.
3744 5731 3746 5733 ,

2261 5765 2443 5822 XVIII.
2474 5769 2660 5828 Oritur
2686 5781 2740 5830 et
2774 5773 2891 5828 hec
2926 5780 3221 5842 postrema,
3245 5788 3406 5843 quam
3432 5789 3620 5830 verum
3663 5772 3754 5840 sit,

2157 5864 2285 5953 "Qui
2301 5860 2482 5934 Ροιίυε
2509 5877 2617 5934 quo
2654 5863 2901 5921 examine
2924 5871 3101 5934 egeat,
3128 5866 3270 5936 quod
3306 5866 3626 5940 Euthymius
3661 5865 3758 5938 Zyo
