4062 6454
264 352 358 414 I37

1209 351 1822 414 DISSERTATIONES.
1859 389 1931 402 -—
1968 360 2432 426 DISSERTATIO
2466 365 2531 424 II.

3397 377 3498 434 158

257 467 482 540 gabenus
510 463 588 519 tit.
618 478 696 520 xu
731 479 840 521 suae
865 463 1138 538 Panoplia:
1157 466 1354 534 refert,
1385 485 1451 524 ex
1473 470 1648 526 Pbotii
1673 471 1812 527 Con-
1837 478 1892 540 Α
1913 483 2094 532 autem
2123 487 2304 536 vestra
2333 482 2551 540 dilectio
2581 483 2748 539 etiam
2777 484 2845 541 ad
2873 471 3153 559 contiguas
3181 490 3286 547 sibi
3326 509 3494 566 quas—

255 559 709 626 stantinopolitani
729 559 1108 617 dissertatione
1136 563 1202 618 de
1225 563 1459 633 Spiritus
1487 567 1660 621 sancti
1688 583 1816 637 pro—
1917 579 2020 634 que
2045 567 2381 640 Provincias,
2435 574 2752 645 vicinosque
2777 576 3067 634 Pontiﬁces
3110 579 3276 637 faciat
3301 601 3494 655 perve-

253 653 504 715 cessione,
528 668 547 699 ‹
576 667 749 720 usque
769 653 836 707 ad
859 661 1097 724 tempora
1129 653 1812 729 SergiiConstantinOpoli-

252 742 357 798 tani
385 741 684 812 (ordinatus
707 750 794 796 est
834 757 976 797 anno
1008 742 1162 813 608),
1206 745 1478 802 Romanos
1523 747 1813 806 Pontiﬁces

248 833 302 888 in
329 833 666 902 episcopatus
692 833 777 888 sui
809 833 1053 900 exordio,
1083 835 1229 900 ﬁdei,
1270 851 1433 906 quam
1478 838 1810 908 proﬁteban-

246 931 349 987 tur,
377 921 547 978 literis
591 924 868 980 canonicis
920 926 989 980 ad
1015 927 1171 982 sedes
1197 942 1385 984 omnes
1411 929 1811 988 Patriarchales

245 1015 588 1081 transmissis,
617 1015 930 1089 Symbolum
965 1019 1081 1073 sine
1111 1021 1413 1076 mutatione
1439 1021 1753 1081 inseruisse.
1783 1045 1805 1080 ›

241 1105 416 1162 Primo
455 1107 598 1162 enim
625 1109 872 1174 mutatio,
913 1109 982 1166 de
1007 1125 1116 1180 qua
1163 1111 1516 1182 loquitur,’ea
1546 1114 1660 1170 sola
1684 1123 1806 1183 est,

242 1212 341 1268 qua
373 1197 608 1268 Spiritus
629 1211 846 1256 sanctus
875 1215 907 1255 a
935 1199 1096 1257 Patre
1118 1201 1376 1274 Filioque
1405 1205 1700 1274 procedere
1725 1205 1811 1262 di-

240 1295 466 1342 ceretur.
499 1288 728 1357 Deinde,
775 1291 919 1361 quod
958 1293 1066 1358 ait,
1112 1308 1353 1351 summos
1395 1296 1706 1364 Pontiﬁces,
1753 1308 1810 1356 et

238 1375 543 1448 Symbolum
569 1381 682 1436 suis
705 1383 982 1439 canonicis
1021 1384 1545 1458 adjunxisseusque
1570 1391 1639 1444 ad
1676 1399 1810 1445 tem-

233 1482 357 1538 pora
387 1467 563 1540 Sergii
594 1470 1201 1544 Constantinopolitani,
1229 1488 1284 1534 et
1325 1479 1380 1533 in
1425 1495 1524 1535 suo
1552 1480 1809 1551 Symbolo

231 1573 330 1612 non
359 1561 608 1629 posuisse
635 1565 1040 1632 processionem
1091 1567 1327 1637 Spiritus
1373 1573 1548 1627 sancti
1572 1588 1603 1626 a
1645 1572 1808 1630 Patre

229 1657 280 1704 et
311 1649 464 1714 Filio,
499 1653 765 1709 refellitur
791 1658 1038 1728 exemplo
1076 1657 1326 1730 Gregorii
1358 1661 1556 1734 Magni,
1602 1665 1695 1734 qui
1724 1681 1810 1721 se-

227 1738 344 1795 dere
369 1743 544 1813 cepit
587 1761 716 1801 ann.
745 1746 873 1814 590,
897 1750 1185 1820 siquidem,
1216 1761 1272 1807 et
1318 1753 1374 1806 in
1416 1752 1672 1824 Symbolo
1710 1773 1809 1814 suo

223 1829 496 1900 professus
519 1844 605 1890 est
619 1835 882 1906 Spiritum
907 1849 1157 1896 sanctum
1185 1858 1217 1897 a
1239 1843 1401 1898 Patre
1434 1854 1489 1900 et
1510 1845 1648 1902 Filio
1679 1865 1808 1918 pro-
1832 1834 1882 1894 Β

223 1921 422 1990 cedere,
457 1933 524 1980 et
551 1928 666 1983 suis
686 1930 755 1986 ad
776 1929 1123 1991 Patriarcbas
1155 1934 1326 1991 literis
1352 1934 1669 2008 Symbolum
1694 1956 1804 1998 non

220 2012 474 2083 adiunxit.

279 2125 416 2182 XIX.
459 2129 625 2198 Quod
652 2115 908 2202 pertinet
951 2137 1020 2192 ad
1068 2136 1368 2210 Synodicas
1413 2142 1620 2212 literas,
1665 2161 1804 2218 quas

216 2221 402 2276 summi
424 2221 746 2291 Pontifices,
777 2229 963 2284 statim
1011 2237 1174 2302 atque
1200 2233 1567 2305 Apostolicam
1615 2241 1801 2297 sedem

217 2311 609 2384 ascendissent,
654 2319 721 2374 ad
749 2319 1098 2382 Patriarcbas
1126 2327 1568 2401 Patriarcbisque
1605 2349 1803 2405 suppa-

215 2416 299 2458 res
321 2404 632 2472 Antistites,
663 2408 886 2478 dabant,
917 2424 1115 2484 prazter
1142 2432 1206 2473 ea
1245 2435 1367 2491 quae
1397 2422 1544 2479 dicta
1592 2404 1719 2480 sunt
1745 2426 1801 2482 in

211 2493 372 2561 notis,
390 2511 509 2552 non
535 2498 631 2554 abs
669 2514 728 2554 re
761 2504 930 2572 quaeri
953 2518 1180 2576 possunt
1208 2510 1314 2566 ista
1347 2523 1558 2582 septem
1589 2534 1602 2569 :
1640 2531 1803 2586 quam

211 2584 462 2655 antiquus
507 2587 670 2645 fuerit
708 2591 800 2648 ille
839 2609 977 2662 mos,
1010 2600 1227 2667 quando
1257 2604 1507 2672 coeperit,
1551 2606 1622 2661 ad
1657 2584 1803 2678 quos

211 2671 495 2748 Synodicas
525 2672 892 2751 mitterentur,
940 2688 1072 2756 quid
1106 2671 1488 2761 continerent,
1527 2696 1650 2766 quis
1677 2671 1802 2752 init-

212 2771 352 2826 tendi
388 2772 546 2839 ﬁnis,
573 2777 790 2845 quando
829 2778 1109 2838 desierunt
1135 2786 1303 2851 mitti,
1344 2803 1577 2856 quorum
1616 2788 1802 2846 Ponti-

213 2859 366 2918 ﬁcum
394 2863 688 2935 Synodicas
713 2869 782 2923 ad
811 2885 912 2926 nos
939 2876 1325 2943 pervenerint?

273 2973 390 3030 XX.
432 2975 695 3035 Veterem
746 2979 916 3039 fuisse
956 3000 1163 3043 morem
1207 2990 1365 3046 docet
1408 2990 1656 3051 Gelasius
1685 2997 1797 3070 epi-

211 3064 380 3119 stola!
415 3068 486 3122 ad
518 3068 911 3140 Euphemium,
954 3091 995 3129 ιι
1030 3078 1097 3132 ad
1123 3077 1478 3137 Laurentium
1498 3064 1793 3158 Lignidevn-

210 3168 317 3211 sem
368 3158 690 3228 Prtesulem,
725 3173 780 3220 et
814 3181 878 3221 ιιι
919 3168 986 3222 ad
1023 3169 1307 3228 Dardaniae
1345 3174 1656 3248 Episcopos.
1711 3179 1795 3237 Ad

209 3244 567 3317 Euphemium
590 3254 732 3309 enim
759 3244 1416 3332 Constantinopolitauum
1458 3244 1795 3340 conqueren-

209 3346 334 3406 tem,
364 3344 515 3412 quod
539 3346 854 3416 synodicam
877 3353 1113 3407 nondum
1135 3369 1168 3409 a
1213 3354 1429 3413 Gelasio
1459 3363 1790 3432 accepisset,

208 3431 755 3499 respondetPontifex
770 3438 824 3492 in
838 3440 955 3496 haec
967 3443 1132 3498 verba
1149 3462 1162 3498 :
1183 3461 1203 3494 ‹
1223 3431 1793 3515 Αροειοιίετιιιιεθόθιι

207 3515 512 3577 institutum
570 3524 674 3580 sibi
729 3529 943 3583 noviter
987 3530 1375 3600 Sacerdotem,
1425 3542 1794 3607 praeeuntibus

204 3611 514 3677 oportuisse
543 3613 728 3669 dixisti
751 3616 924 3673 literis
952 3619 1212 3676 indicare.
1240 3622 1369 3678 Fuit
1393 3627 1666 3693 quondam
1697 3630 1796 3684 Ec-

202 3697 516 3755 clesiastica
565 3711 722 3758 vetus
750 3708 868 3762 haec
914 3712 1102 3779 regula
1143 3713 1285 3780 apud
1312 3713 1506 3769 Patres
1543 3726 1793 3786 nostros,

205 3793 398 3860 quibus
441 3809 552 3848 una
593 3794 872 3854 Catholica
910 3800 1326 3873 Apostolicaque
1372 3812 1680 3865 communio
1726 3813 1794 3868 ab

205 3884 344 3938 omni
374 3885 866 3954 prmvaricatorum
892 3890 1060 3947 libera
1104 3894 1401 3962 pollutione
1456 3901 1738 3956 constabat
1772 3921 1786 3957 :

211 3973 365 4048 164
393 3991 544 4032 nunc
573 3987 752 4034 autem
788 3996 910 4036 cum
939 3984 1256 4040 societatem
1283 3988 1541 4057 praeferre
1585 3993 1788 4052 malitis

209 4074 541 4133 extraneam,
564 4085 725 4138 quam
747 4071 814 4126 ad
839 4073 983 4129 beati
1005 4075 1153 4130 Petri
1179 4093 1374 4148 purum
1402 4083 1584 4138 redire
1606 4085 1783 4141 illiba-

210 4164 424 4228 tumque
450 4163 810 4231 consortium,
840 4166 1113 4234 quomodo
1145 4171 1485 4228 cantabimus
1509 4177 1786 4233 canticum

211 4246 410 4305 Domini
435 4252 492 4306 in
528 4261 671 4307 terra
697 4254 916 4310 aliena?
941 4261 1213 4327 quomodo
1241 4261 1612 4332 dispositionis
1639 4267 1787 4336 Apo-

211 4341 400 4398 stolicaz
428 4344 661 4415 antiqua
681 4344 890 4403 foedera
924 4351 1264 4418 praebeamus
1302 4353 1609 4412 hominibus
1637 4373 1789 4413 com-

210 4435 467 4492 munionis
499 4440 810 4494 extraneae?
845 4460 863 4493 ι

269 4547 347 4602 Ad
384 4547 746 4606 Laurentium
775 4553 830 4608 in
853 4553 1164 4612 Macedonia
1207 4557 1533 4632 Episc0pum
1559 4581 1573 4618 :
1605 4583 1623 4616 ι
1647 4563 1785 4632 Quia
1810 4567 1866 4628 D

209 4650 315 4692 mos
343 4648 422 4694 est
454 4641 720 4697 Romana:
744 4643 1002 4702 Ecclesia:
1033 4646 1314 4706 Sacerdoti
1341 4653 1552 4708 noviter
1575 4657 1784 4711 consti-

211 4736 332 4800 tuto,
365 4733 604 4790 formam
633 4736 754 4794 ﬁdei
795 4755 906 4796 suae
928 4742 996 4796 ad
1025 4751 1242 4797 sanctas
1283 4744 1555 4804 Ecclesias
1576 4766 1784 4820 praero-

213 4834 352 4890 gare;
383 4827 499 4882 haec
529 4828 719 4897 eadem
747 4833 1131 4902 compendiosa
1169 4835 1335 4890 nimis
1374 4839 1642 4896 brevitate
1672 4849 1788 4897 stu-

214 4912 291 4966 dui
320 4931 609 4995 renovare,
640 4927 700 4974 ut
720 4921 822 4976 sub
849 4937 955 4993 qua
983 4923 1088 4980 ﬁde
1133 4927 1422 4982 vivendum
1451 4930 1544 4995 sit,
1589 4947 1784 4987 secun-

215 5003 325 5060 dum
353 4990 563 5065 statuta
591 5009 836 5079 Patrum,
861 4990 917 5068 in
946 5016 1049 5072 hac
1075 5024 1262 5072 nostra
1289 5018 1540 5086 epistola,
1563 5029 1786 5092 propter

213 5092 547 5168 brevitatem,
578 5103 695 5158 sine
713 5104 931 5162 fastidio
967 5106 1138 5164 lector
1159 5121 1439 5179 agnoscat.
1473 5132 1492 5165 ι

274 5207 351 5264 Ad
387 5210 684 5284 Episcopos
720 5214 1007 5273 Dardaniae
1037 5232 1053 5272 :
1085 5237 1103 5271 ‹
1139 5219 1401 5291 Regimen
1459 5221 1784 5294 Apostolicae

217 5299 345 5356 sedis
373 5305 576 5376 adepti,
593 5307 819 5377 strepitu
842 5310 1058 5377 publico
1077 5313 1404 5379 retardante,
1433 5319 1781 5376 commissum

216 5390 359 5446 nobis
387 5409 557 5452 sacrae
587 5397 1002 5468 dispensationis
1025 5402 1278 5471 cilicium,
1295 5409 1551 5484 p‘r0priis,
1575 5419 1635 5464 ut
1663 5428 1780 5469 mos

217 5491 343 5546 erat,
369 5484 545 5542 literis
571 5491 915 5560 nequivimus
944 5492 1200 5563 indicare,
1239 5513 1347 5567 quo
1373 5511 1554 5556 vestra
1587 5502 1783 5561 frater-

219 5572 347 5630 nitas
396 5578 462 5634 de
521 5584 917 5641 communionis
960 5586 1174 5643 Domini
1223 5605 1446 5647 munere
1501 5597 1781 5654 nobiscum

221 5669 525 5733 gratuletur.
552 5694 572 5727 ι
601 5674 738 5732 Τιιιιι
767 5678 1025 5736 adversus
1050 5694 1386 5754 grassantem
1406 5685 1654 5746 haeresim
1676 5692 1782 5747 Eu-

224 5759 515 5829 tychianam
540 5771 764 5838 exponit
789 5771 969 5839 ﬁdem,
994 5783 1050 5831 et
1077 5777 1178 5835 sub
1205 5777 1368 5836 ﬁnem
1393 5781 1576 5840 addit:
1616 5804 1635 5838 ι
1654 5786 1781 5846 Haec

568 5858 850 5926 ΡΑΤιιοι..
871 5863 1026 5951 θεν.

1911 659 2051 725 nire,
2104 671 2160 716 ut
2201 664 2571 722 Ecclesiarum
2609 667 2898 736 Prmsides,
2943 673 3212 729 universae
3247 677 3497 738 veritatis

1913 751 2268 816 instructione
2318 770 2594 833 percepta,
2619 763 2956 820 mortiferam
2982 765 3257 825 declinare
3282 769 3498 827 valeant

1911 839 2222 903 falsitatem.
2256 869 2277 902 ι

1981 951 2124 1008 XXI.
2163 956 2270 1014 Sed
2292 961 2507 1030 quando
2535 962 2919 1022 Ecclesiastica
2934 967 3071 1034 hzec,
3095 985 3216 1040 quae
3230 971 3332 1028 fuit
3351 975 3494 1044 apud

1907 1040 2117 1111 Patres,
2165 1056 2322 1105 vetus
2361 1053 2546 1124 regula
2594 1055 2808 1110 initium
2862 1061 3149 1129 acceperit,
3202 1040 3495 1122 obscurum

1909 1141 1994 1187 est
2022 1147 2040 1187 :
2069 1135 2200 1191 licet
2246 1146 2428 1195 tamen
2474 1141 2720 1200 veritatis
2753 1145 2955 1217 aliquid
2994 1149 3178 1206 videre
3201 1193 3214 1217 ,
3254 1153 3299 1207 si
3332 1155 3494 1211 modo

1909 1224 2310 1298 distinguantur
2347 1232 2454 1288 duo
2492 1235 2546 1289 in
2571 1235 2834 1304 ejusmodi
2865 1239 3056 1308 literis,
3080 1243 3314 1301 alterum
3349 1248 3495 1317 quod

1908 1319 2286 1376 renuntiarent
2312 1322 2378 1377 de
2405 1324 2768 1396 ordinatione,
2803 1331 3034 1388 alterum
3075 1337 3219 1406 quod
3250 1336 3376 1394 ﬁdei
3405 1355 3495 1396 ex-

1906 1407 2231 1472 positionem
2254 1412 2575 1469 contineret.
2607 1415 2830 1486 Opinari
2873 1422 3136 1491 siquidem
3166 1442 3274 1481 non
3296 1427 3494 1500 impro-

1907 1495 2165 1553 babiliter
2183 1501 2452 1573 quispiam
2477 1508 2669 1576 possit,
2703 1511 2937 1580 primum
2968 1513 3135 1572 fuisse
3163 1495 3396 1590 semper,
3441 1524 3496 1580 in

1909 1599 2139 1658 eamque
2174 1606 2286 1646 rem
2311 1595 2518 1651 utiliter
2544 1598 2777 1668 proferri
2816 1605 3188 1665 testimonium
3235 1592 3493 1685 Cypriani

1909 1679 1978 1732 ad
2005 1679 2317 1739 Cornelium
2372 1702 2564 1744 recens
2614 1693 2926 1751 ordinatum
2963 1701 3315 1759 rescribentis
3349 1723 3363 1759 :
3407 1723 3495 1762 se-

1911 1772 2171 1839 cundum,
2196 1775 2357 1843 hujus
2375 1778 2504 1835 licet
2534 1785 2736 1840 mentio
2762 1803 2868 1842 non
2891 1793 3197 1860 reperiatur
3232 1807 3361 1854 ante
3394 1800 3498 1858 Ge-

1907 1862 2030 1919 Iasii
2077 1874 2346 1938 tempora,
2399 1875 2644 1932 extitisse
2690 1887 2867 1936 tamen
2899 1882 3058 1954 longe
3077 1895 3260 1955 antea,
3297 1901 3500 1948 ortum-

1906 1959 2272 2026 que‘duxisse,
2295 1961 2407 2031 jam
2432 1966 2556 2021 inde
2587 1984 2617 2022 a
2647 1973 2987 2041 temporibus
3019 1974 3304 2033 Aureliani
3318 1980 3499 2052 Impe-

1905 2051 2127 2117 ratoris,
2150 2053 2204 2108 id
2229 2062 2332 2121 est,
2361 2057 2580 2113 circiter
2609 2076 2811 2117 annum
2837 2063 3042 2122 Christi
3067 2068 3194 2124 270.

1974 2162 2110 2220 Nam
2151 2167 2400 2226 Gelasius
2435 2188 2577 2229 anno
2609 2175 2714 2231 495
2762 2185 2996 2236 testatur
3031 2202 3050 2234 ι
3079 2175 3290 2244 morem
3324 2190 3496 2251 fuisse

1903 2252 2164 2313 Romana
2186 2259 2443 2318 Ecclesiae
2471 2264 2753 2322 Sacerdoti
2780 2272 2994 2328 noviter
3045 2279 3361 2347 constituto,
3392 2283 3500 2337 for-

1903 2364 2048 2403 mam
2079 2349 2202 2407 ﬁdei
2226 2369 2337 2410 suae
2365 2357 2432 2412 ad
2458 2356 2974 2420 SanctasEcclesias
2993 2383 3354 2442 praerogare.»
3380 2371 3497 2431 Mos

1902 2439 1993 2496 ille
2021 2442 2187 2513 igitur
2219 2444 2333 2514 jam
2373 2448 2577 2505 dudum
2606 2454 2934 2512 obtinuerat.
2982 2439 3238 2519 Testatur
3284 2468 3451 2525 etiam
3475 2509 3493 2537 ,

1903 2529 2069 2587 fuisse
2117 2543 2358 2591 veterem
2407 2541 2549 2610 apud
2586 2542 2778 2601 Patres
2838 2550 3078 2620 regulam
3120 2572 3134 2607 :
3177 2571 3309 2629 ergo
3351 2529 3494 2616 obti;

1902 2631 2100 2678 nuerat
2129 2639 2198 2680 ex
2227 2627 2386 2696 longo
2415 2638 2675 2701 tempore.
2707 2634 2812 2692 Sed
2842 2652 2908 2692 ex
2930 2642 3072 2709 quo?
3096 2642 3216 2699 Non
3254 2627 3390 2703 sane
3421 2651 3492 2706 ab

1901 2716 2111 2786 origine
2150 2719 2426 2787 Ecclesiae,
2475 2739 2650 2794 neque
2685 2729 2876 2797 primis
2919 2733 3128 2791 duobus
3157 2740 3392 2808 saeculis,
3419 2744 3495 2800 si-

1900 2808 2120 2879 quidem
2166 2826 2268 2868 nec
2295 2813 2464 2868 ullum
2499 2827 2653 2872 extat
2676 2821 2963 2892 vestigium
2991 2864 3006 2890 ,
3035 2841 3136 2882 nec
3172 2829 3278 2885 ulla
3331 2833 3498 2905 conji-

1900 2899 2078 2953 ciendi
2110 2901 2272 2966 ratio,
2299 2906 2422 2958 cum
2453 2914 2582 2962 tunc
2606 2908 2802 2964 lateret
2830 2912 3091 2984 Ecclesia,
3118 2899 3494 2986 minitantibus

1899 2989 2139 3059 undique
2164 2991 2532 3064 lmperatoriis
2553 3003 2928 3061 mucronibus.

1971 3102 2165 3161 Restat
2191 3123 2340 3178 ergo,
2374 3119 2437 3166 ut
2462 3126 2581 3168 mos
2606 3113 2697 3170 ille
2727 3123 2855 3174 tunc
2892 3129 3046 3177 ortus
3069 3124 3158 3191 sit,
3201 3143 3324 3184 cum
3353 3131 3490 3188 ﬁdes

1823 3214 1868 3279 ρ
1899 3191 2158 3252 Ecclesiae
2182 3197 2442 3256 Romana-3
2461 3206 2708 3272 pateﬁeri
2727 3211 3150 3282 potuitpublice,
3178 3217 3312 3287 ipsis
3325 3222 3492 3279 etiam

1900 3287 2206 3345 volentibus
2230 3291 2671 3366 Imperatoribus,
2697 3309 2759 3355 ut
2778 3312 2922 3359 esset
2943 3308 3198 3367 credendi
3219 3329 3409 3369 norma
3432 3324 3490 3372 et

1899 3380 2237 3460 orthodoxite
2270 3386 2474 3456 regula.
2528 3389 2585 3443 Id
2627 3405 2759 3447 vero
2805 3397 3032 3468 contigit
3069 3403 3170 3458 sub
3197 3403 3490 3464 Aureliano

1897 3468 2154 3538 primum,
2187 3472 2381 3530 deinde
2409 3477 2510 3533 sub
2551 3477 2906 3541 Constantino
2933 3504 2946 3540 :
2972 3504 3100 3544 nam
3135 3491 3481 3566 Aurelianus,

1896 3563 2146 3629 quamvis
2191 3564 2463 3633 ethnicus,
2511 3569 2770 3629 adversus
2811 3574 3039 3632 Paulum
3069 3563 3484 3642 Samosatenum

1898 3650 1966 3704 ab
2041 3650 2260 3721 Synodo
2325 3654 2369 3708 ll
2434 3657 2774 3718 Antiochena
2853 3677 3234 3727 exautoratum
3299 3679 3482 3734 sanci-

1897 3742 1995 3808 vit,
2045 3752 2106 3798 ut
2151 3745 2226 3799 illi
2272 3746 2531 3806 Ecclesia:
2575 3752 2926 3814 Antiochense
2977 3762 3170 3821 domus
3217 3768 3483 3827 tribuere-

1898 3841 2009 3900 tur,
2043 3836 2129 3889 cui
2186 3835 2444 3896 Romana:
2485 3842 2744 3902 Ecclesiae
2790 3849 3089 3923 Episcopus
3137 3857 3482 3919 tribuendam

1896 3935 2184 3995 censeret,
2248 3931 2404 3998 quasi
2467 3933 2625 4006 165
2677 3938 2924 4008 diceret,
2979 3959 3100 4001 eum
3146 3950 3336 4007 haberi
3388 3953 3484 4011 de-

1893 4017 2025 4073 bere
2066 4019 2408 4078 Catholicum
2447 4024 2705 4086 Ecclesia:
2752 4030 3106 4094 Antiochenze
3144 4041 3438 4102 Praesulem
3463 4087 3479 4113 ,

1891 4107 2044 4177 cujus
2068 4110 2232 4168 ﬁdem
2254 4115 2512 4172 Romanae
2536 4119 2792 4178 Ecclesiae
2813 4125 3117 4198 Episcopus
3142 4136 3416 4202 probaret.

1961 4202 2351 4262 Constantinus
2373 4224 2520 4275 vero,
2551 4214 2644 4281 qui
2670 4215 2969 4272 Ecclesiam
2997 4235 3028 4272 a
3073 4225 3333 4280 servitute
3370 4230 3478 4283 eri-

1888 4293 2028 4360 puit,
2049 4294 2195 4361 fecit,
2225 4305 2286 4351 ut
2305 4301 2450 4367 quod
2472 4302 2636 4356 habet
2655 4319 2685 4356 a
2707 4305 2926 4362 Christo
2953 4308 3198 4366 Ecclesia
3227 4314 3475 4376 Romana

1892 4383 2116 4440 docendi
2164 4385 2325 4442 ﬁdem
2366 4391 2514 4445 orbis
2554 4393 2927 4466 privilegium,
2977 4399 3034 4455 in
3083 4411 3264 4459 actum
3307 4406 3479 4468 libere

1887 4488 2221 4548 erumperet,
2261 4489 2317 4536 et
2342 4484 2409 4538 ab
2437 4486 2689 4542 omnibus
2710 4502 3117 4560 agnosceretur.

1961 4587 2088 4646 Haec
2115 4592 2280 4663 igitur
2304 4595 2486 4666 opinio
2512 4601 2681 4654 menti
2712 4619 2846 4660 mea:
2868 4605 3088 4676 insedit,
3107 4608 3221 4679 jam
3255 4613 3380 4672 inde
3405 4618 3475 4674 ab

1888 4687 2048 4735 aetate
2075 4681 2352 4739 Aureliani
2383 4686 2710 4759 Episcopum
2734 4693 3061 4764 Romanum,
3092 4716 3216 4756 cum
3238 4703 3474 4774 primum

1888 4775 2203 4832 succederet
2230 4777 2284 4832 in
2305 4780 2489 4836 sedem
2503 4781 2674 4849 Petri,
2696 4788 2787 4856 qui
2805 4787 2991 4858 jussus
3016 4804 3100 4847 εει
3126 4793 3326 4853 fratres
3347 4815 3476 4856 suos

1884 4869 2228 4937 continuare,
2253 4875 2322 4929 ad
2365 4891 2584 4933 omnem
2621 4879 2720 4935 Dei
2757 4885 3017 4954 populum
3065 4887 3301 4949 formam
3341 4893 3472 4952 ﬁdei

1887 4974 2020 5023 suae,
2049 4963 2102 5018 id
2122 4972 2223 5030 est,
2255 4967 2557 5034 catholicae,
2586 4972 2820 5030 misisse.

1958 5050 2124 5107 XXII.
2151 5054 2396 5112 Mittebat
2422 5074 2550 5114 vero
2575 5063 2641 5116 ad
2664 5063 3031 5139 Patriarcbas,
3058 5081 3120 5128 ut
3147 5083 3306 5131 antea
3331 5074 3474 5130 dixi-

1887 5156 2030 5207 mus,
2069 5159 2436 5219 supparesque
2472 5152 2802 5215 Patriarchis
2831 5160 3097 5220 Praesules
3139 5167 3472 5236 autocepha-

1886 5230 1986 5288 los.
2010 5233 2066 5290 Id
2097 5248 2310 5294 constat
2331 5245 2530 5312 partim
2557 5263 2624 5303 ex
2644 5248 2878 5321 Gelasio,
2896 5258 3090 5326 partim
3117 5271 3183 5310 ex
3206 5230 3470 5329 Gregorio

1889 5325 2080 5398 Magno
2108 5349 2120 5384 :
2149 5347 2274 5388 nam
2299 5335 2389 5391 ille
2417 5339 2484 5394 ad
2517 5340 2856 5412 Macedones,
2887 5325 2941 5401 et
2967 5349 3244 5405 Dardanos
3267 5325 3472 5423 episto-

1887 5419 1968 5475 las
1997 5421 2163 5488 dedit,
2179 5424 2266 5480 hic
2281 5427 2346 5481 ad
2369 5429 2629 5489 Joannem
2652 5419 3330 5510 Conslantinopolitanum,
3360 5447 3470 5502 Eu-

1885 5511 2085 5584 logium
2135 5515 2596 5590 Alexandrinum,
2658 5525 2976 5597 Gregorium
3029 5529 3466 5605 Antiocllenum,

1885 5601 2146 5662 Joannem
2191 5609 2765 5684 Hierosolymitanum,
2792 5626 2844 5672 et
2884 5619 3230 5681 Anastasium
3282 5629 3468 5682 itidem

1885 5695 2281 5756 Antiochenam
2302 5703 2489 5757 literas
2518 5719 2548 5756 a
2568 5706 2811 5775 paribus,
2840 5713 3035 5782 quibus
3055 5732 3167 5770 suae
3197 5717 3322 5774 ﬁdei
3345 5734 3469 5788 μνο-

1886 5788 2177 5848 fessionem
2201 5794 2512 5863 complexus
2540 5803 2624 5853 est
2652 5797 2789 5870 (Lib.
2819 5804 2844 5859 1
2903 5823 2983 5877 φρ.
3022 5805 3135 5877 24).

2997 5897 3038 5981 β
