4062 6430
550 337 649 392 159

1782 327 1888 388 ΥΠ)

3719 319 3826 382 ιιο

615 446 1021 504 Observandum
1047 455 1217 515 pot-ro
1242 455 1310 500 ex
1331 439 1554 499 Geiasio
1589 444 1648 498 et
1671 437 1956 510 Gregorio,
1987 437 2125 492 Pon-
2151 438 2206 502 Α
2228 434 2338 490 nali
2393 440 2448 490 et
2475 429 2722 500 corporis
2759 430 3136 500 susceptione,
3179 428 3509 489 homonsion
3536 431 3688 490 Patri
3733 453 3826 498 se.

550 542 722 598 tiﬁces
749 539 1047 613 Synodicas
1077 553 1206 592 suas
1243 537 1311 591 ad
1353 534 1620 591 Praesules
1661 533 1956 591 schismate
1992 531 2130 586 divi-

545 649 638 692 sos
665 648 773 688 non
797 631 1044 693 misisse;
1076 628 1292 684 misisse
1321 640 1452 682 vero
1479 627 1549 682 ad
1577 639 1691 688 eos,
1723 623 1815 692 qui
1841 622 1964 679 etsi‘
1983 621 2132 690 deje-

547 728 617 784 cti
641 740 742 797 per
766 726 878 781 vim
913 731 968 780 et
996 721 1249 790 iniuriam
1275 721 1453 778 {orent
1494 721 1561 776 de
1590 722 1805 783 throno,
1839 717 2133 774 manebant.

546 825 728 873 tamen
761 817 818 871 in
856 814 1239 871 communione
1264 813 1408 868 sedis
1445 811 1775 882 Apostolica:
1801 808 2008 866 factum
2028 807 2134 862 imq

546 907 844 979 probantis.
868 905 1004 962 Nam
1025 903 1275 960 Gelasius
1296 917 1471 972 neque
1497 902 1563 962 ad
1587 902 1850 964 Joannem
1863 899 2130 958 Constan-

546 1000 960 1074 tinopolitanum
988 996 1236 1066 scripsit,
1261 1011 1441 1066 neque
1484 995 1549 1050 ad
1584 994 2132 1052 Thessalonicensem

486 1098 497 1114 '
543 1091 892 1164 Episcopum,
933 1096 1218 1160 propterea
1257 1087 1401 1158 quod
1430 1094 1664 1152 uter-que
1699 1093 1817 1139 erat
1855 1083 2130 1138 Acaciano

544 1185 840 1258 schismate
887 1182 1206 1253 impeditus;
1245 1179 1464 1247 scripsit
1491 1187 1700 1241 tamen,
1733 1187 1789 1236 et
1817 1176 1884 1230 nd
1929 1173 2130 1228 Dardao

543 1292 646 1334 nos
670 1274 942 1346 subjectos
967 1271 1569 1340 Constantinopolitano
1603 1268 1956 1330 Patriarclun,
1985 1273 2040 1320 et
2061 1264 2130 1322 ad

543 1366 897 1422 Laurentium
934 1361 1276 1435 Lignidensis
1311 1360 1570 1415 Ecclesiae
1616 1358 1911 1416 PI’tBSUle
1961 1356 2130 1411 Thes.

543 1456 865 1530 salonicensi
913 1455 1210 1517 subditum,
1257 1459 1314 1506 ut
1360 1467 1428 1506 ne
1463 1457 1717 1508 carerent
1739 1446 2127 1504 communione

539 1550 691 1614 ﬁdei,
717 1549 811 1619 qui
847 1547 961 1604 suis
986 1544 1318 1612 Primatibus
1367 1540 1729 1606 schismaticis
1757 1554 1867 1598 non
1899 1551 2129 1593 consen-

543 1641 768 1704 tiebant.
1627 1642 1639 1648 “

2228 527 2464 582 cundum
2508 525 2773 582 Deitatem
2794 564 2811 589 ,
2853 533 2911 580 et
2950 525 3274 582 homousion
3323 525 3482 582 nobis
3523 532 3824 589 secundum

2229 617 2668 674 humanitatem:
2713 615 2942 674 duarum
2981 617 3128 672 enim
3178 624 3499 673 naturarum
3547 620 3823 688 perfecta.

2230 724 2349 764 rum
2377 708 2558 764 unitas
2578 706 2723 762 facta
2745 714 2829 762 est
2859 705 3230 772 ineﬂ’ahiliter,
3249 715 3473 778 propter
3491 713 3639 780 quod
3651 728 3823 772 unum

2228 799 2508 858 Christum
2551 799 2799 855 eumdem
2828 796 3025 856 Filium
3055 797 3154 855 Dei
3181 807 3240 855 et
3275 801 3530 865 hominis,
3575 804 3824 874 unigeni-

2233 901 2345 949 tum
2375 907 2406 947 a
2438 891 2619 958 Patre,
2664 900 2718 947 et
2742 891 3168 962 primogenitum
3207 907 3278 947 ex
3317 896 3552 950 mortuis
3596 899 3825 956 conlita.

2229 1000 2352 1040 mur
2381 1004 2392 1040 :
2418 987 2654 1041 scientes
2699 984 2844 1053 quod
2872 985 3090 1053 quidem
3121 991 3425 1042 com‘ternus
3461 988 3532 1044 sit
3559 1005 3658 1044 suo
3671 989 3822 1048 Patri

2231 1075 2529 1135 secundum
2573 1077 2934 1141 divinitatem,
2982 1077 3280 1132 secundum
3313 1093 3472 1148 quam
3503 1079 3692 1150 opifex
3739 1087 3826 1138 est

2229 1170 2496 1233 omnium,
2529 1177 2584 1223 et
2619 1169 2775 1226 nasci
2825 1169 3081 1239 dignatus
3126 1169 3221 1233 sit,
3255 1179 3380 1240 post
3409 1173 3825 1238 consensionem

2231 1259 2587 1314 sanctissimae
2611 1258 2870 1325 Virginis,
2891 1272 3017 1318 cum
3050 1258 3190 1313 dixit
3234 1259 3303 1314 ad
3335 1261 3606 1331 Angelum
3639 1278 3653 1315 :
3687 1263 3826 1319 Ecce

2230 1351 2424 1408 ancilla
2462 1350 2697 1412 Domini,
2728 1349 2824 1418 ﬁat
2847 1349 2977 1403 mihi
3007 1351 3295 1405 secundum
3321 1353 3534 1408 verbum
3555 1365 3728 1410 ωτι.
3760 1375 3781 1411 r

2302 1463 2325 1496 ς
2359 1442 2714 1500 Ῑηεεθιὶίὶὶιθι·
2736 1443 2838 1498 sibi
2881 1457 2949 1498 ex
2977 1441 3094 1511 ipsa
3124 1443 3413 1500 aediﬁcavit
3441 1449 3722 1518 templum,
3768 1462 3828 1513 et

2230 1535 2330 1592 sibi
2357 1536 2563 1598 mivit,
2603 1536 2748 1605 quod
2781 1550 2889 1590 rion
2920 1546 3253 1591 coaeternum
3281 1539 3348 1594 de
3373 1554 3471 1594 sua
3517 1544 3826 1604 substantia

2229 1642 2260 1680 e
2283 1627 2424 1684 creto
2441 1626 2638 1684 detulit
2665 1642 2884 1698 corpus,
2913 1629 3006 1683 sed
3037 1644 3108 1686 ex
3135 1645 3314 1685 massa
3343 1642 3548 1689 nostrai
3570 1638 3827 1696 substan-

609 1731 770 1789 Dedit
805 1730 992 1786 literas
1035 1725 1330 1800 Gregorius
1356 1723 1426 1780 ad
1452 1720 1805 1784 Anastasium
1832 1720 1984 1776 illum
2031 1734 2128 1776 no-
2159 1796 2196 1800 _
2230 1720 2344 1781 tia.
2385 1720 2495 1776 hoc
2545 1727 2652 1782 est,
2714 1733 2784 1773 ex
2834 1719 3057 1788 Virgine
3111 1721 3215 1778 hoc
3263 1722 3558 1792 accipiens,
3613 1736 3674 1782 et
3722 1732 3828 1790 sibi

488 1856 490 1860 τ
537 1824 727 1888 bilem,
761 1822 853 1892 qui
893 1820 1095 1880 dicitur
1118 1796 1349 1880 Siuaita,
1375 1831 1440 1870 ex
1492 1813 1834 1870 Antiochena
1863 1809 1991 1866 sede
2034 1823 2133 1880 per
2159 1796 2208 1860 Β
2234 1810 2450 1873 uitiata,
2483 1823 2590 1866 non
2622 1809 2765 1864 Deus
2809 1809 3052 1865 Verbum
3095 1809 3154 1864 in
3197 1825 3422 1868 carnem
3456 1828 3650 1870 versus
3699 1831 3786 1875 est
3807 1862 3825 1888 ,

543 1917 797 1988 iniuriam
815 1913 1120 1982 expulsum,
1145 1909 1367 1980 perinde
1394 1921 1459 1964 ac
1486 1906 1554 1963 ad
1589 1905 1724 1960 alios
1753 1903 2128 1967 Patriarchas,

541 2008 668 2064 licet
696 2009 750 2062 in
797 2005 966 2075 ipsius
994 2004 1170 2060 locum
1196 1999 1453 2056 inductus
1473 2005 1619 2054 esset
1647 1996 1972 2068 Gregorius;
2021 1995 2134 2050 imo

539 2101 768 2174 parilem
799 2096 1080 2168 epistolam
1107 2093 1321 2148 dedisse
1349 2107 1458 2146 non
1489 2097 1803 2151 contentus,
1831 2087 1993 2142 aliam
2029 2086 2133 2142 mi-

543 2195 636 2262 sit,
664 2195 756 2249 ubi
782 2201 904 2264 post
934 2190 1069 2244 alia:
1108 2207 1126 2238 ι
1155 2186 1451 2249 Praeterea,
1481 2185 1638 2242 sicuti
1659 2181 1990 2240 Patriarchis
2013 2181 2136 2237 aliis

539 2287 766 2357 paribus
796 2283 1013 2348 vestris,
1048 2278 1374 2351 Synodicam
1403 2276 1558 2332 vobis
1585 2275 1888 2348 Epistolam
1928 2273 2129 2342 direxi,

542 2379 668 2450 quia
698 2377 836 2450 apud
863 2392 950 2444 me
978 2390 1196 2444 semper
1221 2373 1325 2427 hoc
1352 2371 1508 2436 estis,
1537 2370 1681 2440 quod
1703 2384 1768 2423 ex
1796 2369 2135 2438 omnipoten-

549 2471 618 2530 tis
655 2469 749 2524 Dei
779 2481 1006 2540 munere
1040 2463 1325 2535 accepistis
1364 2476 1505 2525 esse,
1535 2477 1641 2514 non
1671 2460 1818 2530 quod
1847 2474 1915 2516 ex
1942 2458 2134 2514 volun,

542 2568 654 2626 tate
684 2559 961 2613 hominum
987 2556 1251 2626 putamini
1278 2570 1382 2608 non
1405 2567 1543 2608 csse.
1583 2573 1602 2604 ›

613 2649 798 2710 XXIII.
837 2646 1106 2720 Synodiea
1157 2661 1321 2717 porro
1364 2644 1683 2700 continebat
1725 2642 1830 2698 tria
1869 2643 1954 2700 vel
1993 2659 2129 2716 qua-

538 2753 700 2807 tuor:
733 2743 979 2806 nuntium
1006 2741 1072 2794 de
1102 2739 1445 2794 ordinatione
1470 2737 1669 2792 summi
1691 2735 1991 2800 Pontiﬁcis,
2018 2737 2131 2792 for-

540 2852 686 2894 mam
718 2835 864 2898 ﬁdei,
909 2847 1132 2904 precum
1179 2829 1700 2900 expostulationem,
1748 2838 1912 2898 atque
1962 2831 2131 2894 etiarn

543 2923 980 2986 exhortationem
1024 2923 1091 2978 ad
1150 2937 1348 2976 munus
1393 2920 1741 2990 implendum.
1801 2919 1861 2975 Id
1917 2929 2137 2984 constat.

538 3019 735 3092 partim
763 3032 831 3071 ex
856 3015 1126 3087 Synodica
1145 3010 1391 3084 Gregorii
1416 3008 1616 3081 Magni,
1638 3011 1838 3081 partim
1852 3026 1916 3066 ex
1935 3013 2131 3067 Diurni

441 3155 450 3162 .
545 3110 815 3170 formulis.

616 3202 805 3258 XXIV.
837 3199 916 3255 Ex
947 3199 1034 3254 his
1059 3204 1306 3269 apparet,
1331 3209 1440 3267 quo
1465 3194 1578 3252 ﬂne
1604 3195 1934 3259 mitteretur,
1969 3195 2134 3250 nimi-

543 3307 688 3356 rum,
717 3298 780 3346 ut
811 3289 1015 3345 Christi
1042 3288 1181 3343 ovile
1218 3286 1358 3342 foret
1393 3300 1583 3348 unum,
1624 3293 1686 3340 ut
1734 3301 1863 3340 oves
1896 3287 2132 3356 pastoris

541 3385 626 3442 sui
650 3398 838 3439 vocem
866 3381 1114 3436 audirent
1139 3387 1194 3434 et
1224 3387 1604 3448 sequerentur,
1639 3385 1699 3432 ut
1726 3377 1985 3432 Ecclesize
2012 3376 2135 3430 uni-

541 3484 650 3543 tas,
673 3474 827 3546 cujus
862 3472 1135 3528 vinculum
1183 3480 1266 3526 est
1297 3469 1450 3534 ﬁdes,
1499 3485 1561 3526 ac
1596 3471 1964 3526 membrorum
1989 3467 2136 3537 capi-

541 3569 719 3640 tisque
761 3565 1070 3628 consensio,
1105 3563 1322 3634 integra
1364 3571 1716 3618 servaretur:
1755 3577 1876 3616 nam
1916 3561 2131 3626 literis,

545 3668 600 3716 et
623 3668 808 3730 pastor
828 3671 978 3719 oves,
1025 3656 1185 3732 138
1219 3669 1342 3710 cum
1371 3655 1668 3722 darentur;
1696 3664 1752 3710 et
1788 3668 1919 3709 oves
1951 3663 2137 3724 pasto-

547 3765 684 3814 rem,
713 3764 836 3805 cum
871 3749 1270 3818 reciperentur,
1302 3747 1675 3824 agnoscebant

620 3839 790 3895 XXV.
819 3837 1065 3894 Obtinuit
1089 3855 1204 3894 mos
1230 3839 1340 3902 ille,
1369 3840 1624 3910 quamdiu
1666 3837 1906 3893 Ecclesia
1934 3837 2134 3894 Orien-

548 3933 672 3989 talis
693 3935 762 3988 ab
784 3932 1113 3989 Oceidentali
1137 3948 1244 3987 non
1273 3933 1519 3987 recessit.
1553 3931 1850 4000 Postquam
1881 3946 2011 3991 vero
2055 3931 2136 3986 di-

547 4042 670 4082 rum
696 4025 934 4082 scliisma
965 4024 1191 4079 alteram
1219 4023 1289 4078 ab
1335 4024 1504 4078 altera
1553 4011 1830 4087 distraxit,
1863 4023 1975 4092 jam
2026 4038 2134 4077 non

545 4118 654 4174 fuit
675 4125 1059 4190 opportunum,
1079 4131 1256 4186 neque
1281 4115 1523 4170 scribere
1545 4113 1668 4167 ﬁdei
1693 4112 1926 4167 formam
1950 4113 2017 4166 ad
2043 4115 2135 4167 ho-

550 4211 750 4275 mines,
788 4211 879 4279 qui
922 4210 1103 4264 sedem
1131 4207 1498 4278 Apostolicam
1540 4205 1745 4260 erroris
1788 4213 2078 4286 arguerent
2116 4220 2130 4259 :

549 4320 727 4374 neque
755 4304 1002 4359 caritatis
1026 4311 1267 4373 paterna:
1295 4299 1512 4355 vinculo
1541 4298 1826 4369 complecti
1875 4314 1990 4364 eos,
2043 4298 2135 4368 qui

548 4415 649 4471 per
675 4399 985 4467 superbiam
1021 4396 1300 4465 amplexus
1325 4402 1582 4464 paternos
1610 4392 1953 4462 repellerent.

2238 1916 2420 1972 neque
2445 1909 2507 1956 ut
2543 1901 2870 1971 phantasma
2899 1902 3172 1972 apparuit,
3209 1904 3311 1958 sed
3340 1904 3830 1968 inconvertibiliter

2233 2001 2290 2049 et
2345 1991 2861 2046 iucommutabiliter
2901 2007 3054 2046 suam
3099 1996 3444 2049 conservavit
3489 2001 3781 2057 essentiam
3807 2042 3826 2068 ,

2231 2088 2612 2166 primitiasan
2660 2094 2870 2149 naturae
2911 2095 3114 2152 nostra:
3167 2089 3504 2159 suscipiens,
3553 2093 3658 2155 sibi
3705 2096 3831 2155 uni-

2236 2183 2335 2238 vit.

2312 2293 2332 2332 ί
2363 2273 2501 2336 Nam
2529 2273 2672 2338 Deus
2693 2270 2934 2332 Verbum
2961 2271 3063 2334 bas
3088 2281 3294 2338 nostra
3321 2282 3532 2340 naturae
3552 2276 3831 2347 primi-tias

2235 2364 2405 2426 multa
2435 2365 2539 2431 sibi
2566 2365 2813 2426 bonitate
2839 2363 2996 2422 unire
3021 2364 3277 2435 dignatus
3301 2376 3408 2429 est,
3441 2369 3536 2437 qui
3564 2385 3673 2432 non
3695 2385 3833 2440 pep-

2236 2459 2461 2531 mixtus,
2487 2459 2582 2514 sed
2609 2458 2665 2518 in
2701 2458 2986 2528 utriusque
3005 2457 3312 2518 substantia
3328 2477 3473 2522 unus
3503 2471 3563 2522 et
3587 2462 3712 2531 ipse
3738 2464 3833 2522 νίς.

2236 2563 2351 2617 sus,
2389 2548 2688 2606 secundum
2717 2548 2863 2618 quod
2895 2548 3161 2630 scriptum
3191 2558 3278 2606 est
3305 2565 3319 2606 :
3353 2548 3547 2612 Solvite
3575 2553 3834 2624 “ruptus

2235 2638 2469 2707 istud,“
2492 2644 2550 2698 in
2575 2643 2742 2702 tribus
2781 2641 2964 2712 diebus
3005 2643 3354 2708 sessuwuabo
3386 2643 3544 2706 illud.
3584 2645 3830 2705 Solvitur

2236 2734 2382 2797 enim
2402 2733 2661 2804 Christus
2689 2733 2870 2800 Iesus,
2888 2734 3188 2794 secundum
3211 2737 3824 2804 meramsubstantiam.

2236 2839 2399 2894 quam
2433 2825 2688 2893 suscepit,
2721 2833 2778 2884 et
2824 2824 3060 2888 solutum
3091 2828 3321 2892 suscitat
3359 2831 3638 2899 proprium
3687 2838 3833 2890 tetu-

2237 2915 2406 2986 plum,
2440 2916 2547 2974 hoc
2570 2917 2688 2984 ipse
2716 2918 3011 2984 secundum
3037 2919 3277 2982 divinam
3307 2921 3697 2990 substantiam,
3741 2937 3840 2978 se-

2239 3004 2476 3066 cundum
2508 3024 2673 3092 quam
2702 3018 2756 3064 et
2782 3010 3025 3066 omnium
3056 3011 3250 3075 artifex
3287 3020 3389 3078 est.

2318 3121 2337 3152 ι
2385 3101 2675 3184 Nunquam
2701 3113 2884 3158 autem
2913 3113 3037 3176 post
3067 3105 3524 3168 resurrectionem
3567 3103 3843 3168 unitionis

2185 3186 2210 3219 ³
2242 3205 2443 3251 nostra:
2469 3205 2676 3262 natura:
2701 3198 2953 3262 discessit
2983 3213 3013 3260 a
3043 3198 3262 3272 proprio
3303 3198 3525 3268 templo,
3548 3211 3648 3258 nec
3664 3197 3846 3260 discev

2239 3287 2373 3348 dere
2404 3297 2586 3360 potest
2616 3300 2842 3360 propter
2878 3290 3205 3356 ineffabilem
3237 3306 3389 3349 suam
3421 3291 3843 3368 benignitatem.

2243 3380 2339 3435 sed
2369 3388 2454 3435 est
2495 3382 2609 3452 ipse
2636 3380 2899 3444 Dominus
2922 3380 3082 3442 Jesus
3095 3382 3344 3444 Christus
3357 3383 3637 3454 passibilis
3657 3384 3843 3444 etim.

2237 3472 2511 3542 passibilis
2527 3490 2544 3537 ;
2581 3473 2738 3550 167
2762 3472 3042 3542 passibilis
3071 3472 3368 3534 secundum
3389 3473 3801 3538 humanitatem
3825 3515 3845 3546 ,

2240 3565 2594 3636 impassibilis
2617 3564 2925 3630 secundum
2955 3564 3314 3626 divinitatem.

2318 3677 2338 3722 ς
2379 3657 2673 3720 Suscitavit
2701 3658 2868 3738 igitur
2897 3673 3054 3718 suum
3078 3657 3339 3730 templum
3377 3657 3521 3716 Deus
3547 3654 3800 3720 Verbum
3824 3698 3845 3731 ,

2239 3760 2296 3809 et
2324 3754 2378 3808 in
2406 3769 2464 3812 se
2497 3761 2707 3812 natura:
2731 3762 2935 3818 nostra:
2963 3752 3416 3828 resurrectionem
3438 3759 3494 3814 et
3520 3752 3843 3812 renovatio.

2237 3861 2364 3905 nem
2393 3856 2652 3916 operatus
2680 3856 2784 3914 est,
2811 3857 2867 3908 et
2909 3849 3051 3906 hanc
3085 3847 3347 3909 Dominus
3364 3845 3616 3906 Christus
3643 3857 3842 3913 noster-

2237 3938 2401 4000 Deus,
2436 3946 2724 4007 postquam
2751 3937 3055 3998 resurrexit
3078 3952 3108 3994 a
3125 3936 3374 3999 mortuis,
3400 3934 3682 4004 discipulis
3713 3940 3840 4008 suis

2236 4027 2560 4095 ostendebat
2603 4027 2790 4091 dicens
2835 4044 2852 4080 :
2887 4016 3108 4095 Paipate
3151 4041 3232 4084 me
3276 4034 3324 4092 et
3375 4024 3542 4080 ridete
3579 4027 3846 4096 quoniam

2237 4118 2466 4190 ἃρὶνὶιιιε
2518 4133 2728 4178 carnem
2775 4127 2826 4176 et
2851 4133 2975 4176 ossa
3025 4132 3131 4176 non
3169 4115 3344 4182 habet.
3387 4117 3843 4188 quemadmodum

2236 4227 2317 4276 me
2371 4210 2552 4274 videtis
2594 4209 2801 4270 habere.
2865 4207 2980 4268 Non
3021 4208 3179 4274 dixit,
3244 4209 3698 4278 quemadmodum
3749 4225 3842 4274 me

2238 4305 2418 4370 dicitis
2448 4319 2588 4370 esse,
2615 4302 2708 4366 sed
2740 4302 2940 4362 habere
2974 4320 2986 4356 :
3021 4311 3078 4356 ut
3105 4308 3161 4356 et
3185 4301 3281 4371 qui
3309 4301 3497 4364 habet,
3529 4310 3586 4358 et
3609 4301 3703 4370 qui
3732 4301 3839 4370 ba.-

2236 4397 2396 4452 bctur
2439 4384 2816 4455 considerans,
2850 4409 2954 4447 non
2986 4393 3427 4462 permixtionem,
3467 4408 3573 4454 non
3599 4408 3839 4458 001W“.-

622 4489 809 4544 XXVI.
836 4489 1136 4544 Paucorum
1161 4501 1324 4556 perm
1371 4482 1685 4554 pontificum
1735 4478 2019 4552 Synodicze
2065 4483 2132 4539 ad
2160 4514 2214 4576 Β
2240 4489 2472 4552 sionem,
2514 4502 2622 4540 non
2663 4486 3040 4548 mulationem,
3092 4485 3185 4539 sed
3235 4485 3499 4538 unitatem
3526 4484 3725 4546 laetam
3747 4501 3838 4540 re-

549 4599 650 4639 nos
692 4585 1078 4653 pervenerunt.
1112 4577 1338 4633 Curiose
1367 4574 1644 4644 inquisivi,
1669 4588 1770 4628 nec
1797 4575 1979 4629 inveni
2013 4575 2133 4644 plu-
2162 4571 2210 4580 ψ
2243 4579 2461 4650 spicias.
2497 4577 2793 4650 Propterea
2824 4585 2879 4630 et
2902 4577 3104 4633 ﬁxurus
3147 4575 3444 4639 clavorum,
3483 4585 3539 4629 et
3577 4577 3838 4642 tixionem

551 4693 640 4732 res
665 4685 824 4736 extra
855 4675 1143 4735 Diurnum,
1173 4685 1342 4739 quam
1367 4678 1602 4738 quatuor
1627 4667 1828 4723 Gelasii
1859 4669 1899 4735 I,
1933 4667 2136 4740 Peiagii

549 4770 592 4836 ι,
613 4767 864 4840 Gregorii
896 4764 1095 4837 Magni,
1126 4770 1182 4815 et
1215 4760 1415 4820 Leonis
1443 4757 1536 4823 IX,
1585 4759 1630 4814 si
1658 4767 1841 4813 tamen
1877 4761 1994 4815 huic
2043 4776 2138 4831 po-

551 4853 776 4926 strema,
799 4866 996 4914 exacte
1021 4854 1316 4924 loquendo,
1341 4851 1620 4922 Synodica
1655 4852 1761 4906 dici
1791 4853 1970 4908 debet.
2002 4855 2136 4911 Istas

525 5020 528 5023 Χ
555 4955 698 5008 hunc
727 4954 781 5007 in
812 4951 986 5004 locum
1040 4943 1244 4998 referre
1283 4957 1464 5012 opera:
1503 4944 1738 5014 pretium
1767 4953 1854 5001 est
1882 4964 1894 4998 :
1928 4947 2136 5002 collatae

554 5045 698 5101 enim
726 5057 846 5098 cum
874 5039 977 5100 bis,
1005 5050 1142 5103 quas
1179 5034 1417 5090 Diurnus
1445 5037 1682 5099 exhibet,
1713 5051 1821 5091 non
1851 5037 2137 5093 mediocri-

554 5149 638 5192 ter
664 5137 732 5190 ad
753 5128 1184 5187 ecclesiasticam
1213 5128 1517 5184 doctrinam
1540 5131 1872 5186 conducunt.

626 5223 837 5280 XXVII.
863 5220 1113 5276 Gelasius
1141 5221 1306 5293 igitur
1341 5222 1394 5276 in
1419 5223 1649 5292 epistola
1676 5239 1802 5278 mox
1833 5223 2046 5279 laudata
2069 5223 2138 5278 ad

556 5312 906 5371 Laurentium
932 5311 1315 5385 Lignidensem
1347 5332 1361 5368 :
1395 5330 1416 5364 ι
1439 5312 1795 5377 Conﬁtemur,
1815 5316 2009 5386 inquit,
2027 5315 2139 5371 Do-

559 5408 768 5463 minum
800 5415 1044 5462 nostrum
1062 5404 1248 5463 Iesum
1275 5407 1549 5464 Christum
1581 5408 1774 5464 Filium
1811 5409 1904 5463 Dei
1952 5413 2141 5480 unige-

556 5498 756 5561 nitum,
796 5507 923 5553 ante
949 5500 1130 5554 omnia
1160 5500 1378 5571 quidem
1423 5500 1638 5566 samla,
1675 5503 1795 5557 sine
1831 5501 2096 5570 principio
2119 5541 2134 5566 ,

557 5605 629 5648 ex
651 5588 810 5646 Patre
836 5601 1025 5648 natum
1077 5595 1370 5650 secundum
1406 5595 1698 5660 deitatem;
1731 5595 1782 5649 in
1828 5595 2140 5650 novissimis

560 5693 742 5744 autem
767 5686 960 5744 diebus
982 5687 1050 5743 de
1072 5689 1414 5744 sanctissima
1441 5687 1663 5760 Virgine
1693 5688 1860 5744 Maria
1887 5690 2137 5744 eumdem

559 5780 927 5849 incarnatum,
952 5791 1009 5840 et
1037 5780 1337 5853 perfectum
1362 5782 1640 5839 hominem
1659 5796 1730 5838 ex
1767 5784 1949 5837 anima
1978 5781 2141 5837 ratio-

2242 4672 2444 4726 Iancem
2470 4668 2885 4732 demonstravit,
2911 4676 3108 4730 etcum
3144 4667 3426 4740 discipulis
3453 4667 3834 4734 manducavit,

2244 4769 2304 4816 ut
2345 4777 2444 4834 per
2472 4760 2652 4820 omnia
2693 4759 3150 4815 resurrectionem
3192 4768 3395 4813 nostra:
3423 4767 3634 4812 natura:
3674 4758 3729 4812 in
3775 4774 3838 4824 se

2245 4843 2559 4908 renOvatam
2588 4851 2827 4906 doceret.

2319 4966 2337 4998 ι
2379 4948 2445 5001 Εῑ
2475 4947 2600 5016 quia
2642 4945 2938 5001 secundum
2984 4943 3200 4999 beatam
3249 4943 3548 5006 divinitatis
3577 4943 3836 5002 substam

2240 5043 2371 5098 tiam
2401 5039 2829 5096 inconvertibilis
2857 5047 2960 5102 est,
3004 5037 3482 5104 incommutabilis,
3528 5038 3836 5108 impassibiv

2239 5135 2328 5198 lis,
2380 5131 2718 5190 immortalis,
2756 5129 2955 5182 nullius
2991 5128 3256 5195 indigens,
3312 5127 3600 5198 perﬁciens
3621 5129 3830 5194 omnia,

2239 5227 2520 5297 passiones
2573 5221 2822 5293 permisit
2889 5221 3109 5290 proprio
3168 5219 3359 5276 inferri
3405 5221 3636 5291 templo,
3687 5223 3833 5290 quod

2240 5317 2442 5370 virtute
2469 5315 2689 5384 propria
2738 5312 3044 5377 suscitavit,
3089 5321 3144 5369 et
3196 5330 3294 5384 per
3333 5315 3607 5386 propriam
3647 5312 3832 5384 perfe-

2242 5409 2474 5465 ctionem
2517 5406 2704 5477 templi
2752 5406 2875 5473 sui,
2924 5408 3332 5474 renovationem
3383 5417 3584 5462 nostra:
3622 5415 3831 5470 natura:

2245 5517 2502 5578 operatus
2529 5513 2632 5561 est.

2323 5616 2343 5648 ‹
2373 5598 2474 5665 Qui
2511 5604 2690 5652 autem
2721 5595 2908 5652 dicunt
2937 5582 3189 5651 subtilem
3224 5595 3498 5652 hominem
3525 5593 3827 5665 Christum,

2211 5699 2341 5746 ant
2366 5690 2673 5760 passibilem
2728 5691 2917 5754 Deum,
2965 5688 3141 5744 autin
3195 5704 3412 5744 carnem
3443 5704 3684 5755 versum,
3735 5695 3829 5744 aut

2247 5781 2593 5853 congenitum
2620 5781 2876 5838 habuisse
2900 5794 3124 5852 corpus,
3146 5787 3241 5838 aut
3274 5780 3342 5838 de
3374 5780 3516 5844 coelo
3544 5781 3648 5838 hoc
3675 5780 3826 5836 detu-
