4062 6470
262 410 355 465 Nl

1232 384 1842 449 DISSERTATIONES.
1884 408 1954 427 ε·-
1984 376 2453 441 DISSERTATIO
2492 384 2557 441 II.

3404 374 3509 442 Mi

250 524 404 586 lisse,
451 524 544 574 aut
572 515 896 589 phantasma
931 525 1069 578 esse,
1108 521 1199 567 aut
1221 512 1506 565 mortalem
1562 508 1823 564 dicentes.
1855 506 1908 567 Α
1931 503 2147 558 venisse
2166 500 2492 567 FiliumDei,
2514 497 2612 557 sed
2628 498 2772 558 sicut
2790 497 3053 571 scriptum
3085 505 3208 557 est:
3234 500 3513 573 Sapientia

256 613 425 671 Deum
456 612 696 667 Verbum
740 608 1049 678 indiguisse,
1082 614 1142 659 ut
1171 621 1201 659 a
1244 602 1406 658 Patre
1434 601 1789 656 suscitaretur
1817 641 1831 666 ,

256 706 375 763 sine
418 703 596 758 anima
633 712 850 771 corpus,
882 705 977 752 aut
1005 696 1123 751 sine
1152 711 1312 751 sensu
1344 694 1617 749 hominem
1650 705 1836 747 susce-

252 798 422 872 pisse,
461 802 555 849 aut
600 795 732 849 duas
773 790 1101 847 substantias
1130 786 1357 854 Christi,
1390 784 1683 841 secundum
1714 796 1838 854 per-

255 890 581 945 mixtionem
624 881 895 946 confusas,
944 896 1107 935 unam
1147 880 1346 934 laetam
1388 876 1554 931 fuisse
1583 877 1838 930 substan-

256 981 426 1045 tiam;
460 987 514 1032 et
542 992 647 1031 non
687 973 1008 1030 conﬁtentes
1054 970 1339 1025 Dominum
1379 975 1624 1022 nostrum
1651 963 1837 1019 Jesum

255 1070 532 1127 Christum
548 1068 682 1123 duas
711 1082 829 1121 esse
856 1073 1079 1119 naturas
1108 1060 1443 1124 inconfusas,
1465 1072 1626 1113 unam
1656 1068 1839 1112 autem

253 1173 567 1229 personam,
596 1157 892 1212 secundum
917 1154 1059 1223 quod
1083 1169 1219 1207 unus
1243 1150 1518 1217 Christus,
1540 1160 1681 1205 unus
1695 1150 1839 1204 idem

256 1246 424 1323 ﬁlius,
459 1250 592 1302 istos
636 1246 1061 1302 anathema‘tizat
1104 1242 1385 1299 Catholica
1432 1250 1487 1297 et
1527 1238 1839 1312 Apostolica

244 1340 524 1397 Ecclesia.
570 1360 588 1392 ι

324 1430 608 1503 Expositio
640 1430 744 1483 ista
785 1428 929 1493 ﬁdei,
958 1432 1075 1481 tota
1123 1434 1325 1497 quanta
1354 1428 1457 1490 est,
1490 1424 1734 1494 pertinet
1766 1423 1841 1478 'ad

253 1524 544 1577 veritatem
568 1519 960 1576 incarnationis
1006 1520 1266 1573 adversus
1296 1514 1535 1571 haereses
1583 1530 1646 1569 ea
1698 1522 1841 1568 tem-

240 1620 467 1688 ‘pestate
486 1623 810 1685 grassantes,
844 1625 979 1681 quas
1000 1612 1150 1665 inter
1180 1604 1608 1679 Apollinariana,
1646 1605 1841 1662 Nesto-

253 1705 436 1768 riana,
471 1713 525 1759 et
560 1703 897 1774 Eutychiana
925 1700 1256 1756 eminebant.

324 1794 565 1851 XXVIII.
613 1784 861 1863 Pelagius
886 1792 908 1846 ι
936 1793 989 1846 in
1019 1791 1243 1860 epistola
1270 1789 1339 1844 ad
1368 1788 1577 1859 Regem
1612 1782 1840 1843 Childe-

246 1888 496 1952 bertum,
525 1886 665 1957 apud
700 1858 858 1954 quem
909 1858 1239 1938 calumniose
1285 1858 1568 1936 acuusatus
1620 1878 1797 1934 fuerat
1821 1921 1836 1945 ,
1860 1858 1916 1930 Ἦ

255 1979 413 2051 quasi
444 1979 513 2032 de
548 1976 921 2032 [neat-natione
950 1970 1112 2027 Verbi
1136 1972 1301 2028 divini
1336 1986 1442 2025 non
1478 1971 1703 2042 perinde
1719 1984 1843 2025 sen-

257 2074 406 2137 tiret,
446 2087 510 2125 ac
558 2069 614 2125 S.
640 2069 774 2133 Leo,
802 2075 922 2138 post
967 2066 1263 2130 laudatum,
1314 2080 1475 2134 quem
1500 2064 1621 2117 aliis
1664 2062 1842 2118 literis

254 2170 561 2233 receperat,
582 2161 782 2215 Leonis
820 2169 1046 2223 tomum,
1078 2159 1429 2228 priorumque
1462 2164 1695 2227 quatuor
1724 2152 1840 2227 Sy-

256 2257 525 2311 nodorum
554 2253 907 2309 honoriﬁcam
934 2251 1288 2306 mentionem.

339 2365 360 2396 ε
388 2344 589 2407 “Credo,
619 2343 815 2414 inquit,
844 2342 899 2396 in
924 2357 1089 2395 unum
1111 2338 1303 2406 Deum,
1326 2338 1548 2394 Patrem
1574 2345 1628 2393 et
1642 2336 1843 2392 Filium

258 2449 318 2497 et
337 2438 596 2515 Spiritum
627 2446 891 2500 sanctum,
920 2435 1136 2491 Patrem
1162 2434 1366 2490 scilicet
1391 2432 1842 2502 omnipotentem,

260 2533 671 2601 sempiternum,
712 2527 1007 2595 ingenitum
1039 2544 1051 2579 :
1089 2524 1283 2579 Filium
1324 2537 1453 2578 vero
1499 2536 1567 2577 ex
1595 2520 1842 2591 ejusdem

246 2620 453 2685 Patris
491 2621 789 2676 substantia
827 2619 1090 2690 genitum,
1141 2625 1269 2672 ante
1303 2630 1465 2671 omne
1513 2616 1735 2669 omnino
1758 2612 1847 2670 vel

265 2715 529 2785 temporis
555 2713 634 2768 vel
659 2711 975 2782 cujusquam
995 2710 1228 2773 initium,
1253 2708 1320 2764 de
1345 2707 1715 2777 omnipotente
1736 2720 1848 2761 om-

268 2811 625 2880 nipotentem,
661 2807 943 2876 aequalem,
979 2801 1489 2872 consempiternum,
1521 2807 1577 2854 et
1612 2798 1849 2854 consub-

268 2902 579 2960 stantialem
600 2882 835 2972 ‘genitori
863 2913 876 2952 :
908 2897 1172 2967 Spiritum
1200 2909 1415 2965 quoque
1454 2900 1843 2949 sanctum'om~

268 2995 626 3064 nipotentem,
652 2992 895 3058 utrique,
941 2986 1091 3042 Patri
1141 2986 1347 3041 scilicet
1370 2999 1434 3039 ac
1474 2983 1632 3049 Filio,
1665 2996 1848 3053 mqua-

266 3085 400 3149 let'n,
455 3085 948 3153 consempiternum
978 3090 1140 3151 atque
1166 3078 1707 3142 consubstantialem,
1752 3075 1847 3146 qui

267 3194 338 3233 ex
366 3177 525 3232 Patre
568 3172 998 3246 intemporaliter
1027 3174 1242 3235 cedens,
1275 3170 1452 3225 Patris
1480 3178 1565 3225 est
1606 3168 1845 3238 Filiique

268 3267 528 3339 Spiritus.
554 3267 668 3325 Hoc
691 3275 771 3322 est
801 3274 910 3320 tres
935 3279 1215 3336 personas,
1246 3263 1360 3317 sive
1388 3268 1500 3316 tres
1544 3261 1846 3315 subsisten-

269 3363 376 3417 tias
425 3361 583 3417 unius
629 3359 900 3423 essentire,
950 3356 1061 3413 sive
1100 3364 1326 3420 naturae,
1381 3355 1542 3408 unius
1588 3352 1842 3417 virtutis,

265 3455 430 3508 unius
475 3451 823 3521 operationis,
869 3449 1030 3504 unius
1074 3447 1441 3512 beatitudinis,
1481 3444 1643 3517 168
1683 3452 1848 3515 atque

266 3544 431 3597 unius
456 3543 760 3613 potestatis,
791 3550 849 3595 ut
879 3541 1020 3594 trin’a
1045 3540 1117 3594 sit
1153 3539 1355 3601 unitas,
1383 3546 1439 3590 et
1480 3548 1586 3590 una
1615 3537 1686 3590 sit
1723 3534 1848 3588 Tri-

263 3634 435 3697 nitas,
477 3631 633 3699 juxta
682 3645 868 3683 vocem
905 3629 1201 3683 Dominica:
1241 3626 1523 3689 veritatis,
1560 3624 1790 3678 dicentis
1822 3638 1844 3676 ‘:

262 3724 379 3789 Ite,
405 3724 584 3776 docete
622 3739 798 3774 omnes
823 3732 1022 3788 gentes,
1063 3720 1387 3788 baptizantes
1416 3730 1503 3769 eos
1547 3715 1605 3768 in
1642 3717 1850 3770 nomine

266 3812 453 3869 Patris
482 3820 530 3866 et
557 3809 689 3864 Filii
715 3820 761 3865 et
794 3810 1024 3880 Spiritus
1052 3809 1239 3862 sancti.

345 3921 365 3954 ι
401 3902 459 3957 ιη
492 3901 731 3965 nomine,
762 3901 961 3969 inquit,
991 3914 1094 3953 non
1126 3896 1459 3958 nominibus,
1488 3903 1550 3950 ut
1576 3902 1631 3956 et
1676 3900 1846 3949 unum

252 3990 460 4057 Deum,
484 4006 586 4062 per
613 3988 988 4045 indistinctum
1014 3989 1208 4043 divina:
1243 3987 1494 4043 essentiac
1524 4000 1721 4040 nomen
1755 3998 1844 4041 os-

266 4085 535 4147 tenderet,
563 4091 619 4137 et
640 4092 993 4151 personarum
1038 4081 1421 4135 discretionem
1470 4080 1582 4133 suis
1622 4078 1844 4133 deruun-

269 4185 499 4231 stratam
552 4174 973 4244 proprietatibus
1003 4173 1254 4227 edoccret
1294 4190 1307 4225 :
1353 4170 1479 4241 quia
1517 4171 1642 4224 dum
1669 4170 1845 4226 tribds

270 4280 437 4321 unum
469 4264 686 4319 deitatis
715 4278 908 4317 nomen
935 4270 1038 4324 est,
1076 4261 1359 4330 aequalitas
1392 4261 1697 4314 ostenditur
1724 4270 1846 4329 per-

270 4373 551 4422 sonarum,
580 4365 634 4410 et
663 4370 851 4409 rursus
877 4354 1159 4423 aequalitas
1186 4366 1543 4423 personarum
1582 4350 1716 4405 nihil
1755 4367 1849 4405 cx-

267 4456 544 4510 traneum,
568 4445 703 4501 nihil
736 4446 988 4500 accidens
1014 4444 1070 4498 in
1100 4443 1179 4498 eis
1207 4442 1713 4514 permittitintelligi
1738 4461 1749 4496 :
1774 4445 1847 4498 ita

268 4551 331 4594 ut
378 4547 434 4594 et
470 4537 845 4609 unusquisque
882 4550 1080 4590 leorum
1130 4548 1292 4589 verus
1342 4533 1727 4604 perfectasque
1779 4534 1853 4588 sit

258 4632 438 4699 'Deus,
470 4634 725 4688 Videlicet
750 4647 815 4687 ex
865 4629 1196 4700 plenitudine
1224 4628 1543 4692 divinitatis,
1584 4626 1721 4683 nihil
1748 4629 1850 4682 mi-

266 4740 377 4780 nus
407 4726 462 4779 in
495 4722 745 4795 singulis,
778 4721 907 4775 nihil
939 4721 1168 4790 amplius
1195 4718 1526 4790 intelligatur
1556 4720 1610 4773 in
1654 4720 1848 4774 tribus.

347 4833 367 4866 ι
404 4812 486 4868 Ex
516 4815 618 4869 hac
662 4823 843 4866 autem
872 4820 1059 4866 saneta
1093 4818 1147 4865 et
1170 4810 1483 4863 beatissima
1533 4819 1694 4881 atque
1726 4826 1856 4866 cou-

272 4906 614 4964 substautiali
652 4904 942 4968 Trinitat’e,
978 4905 1140 4959 credo
1174 4911 1335 4972 atque
1360 4901 1642 4966 conﬁteor,
1687 4919 1853 4959 unam

270 5012 587 5070 personam,
618 4997 671 5050 id
698 5003 796 5058 est,
826 4994 1019 5049 Filium
1050 4994 1165 5058 Dei,
1192 5009 1288 5065 pro
1316 4994 1490 5049 salute
1520 4995 1738 5049 humani
1763 5010 1855 5067 ge-

275 5090 459 5155 neris,
500 5086 809 5142 novissimis
854 5086 1184 5155 temporibus
1228 5085 1571 5141 descendisse
1599 5086 1665 5140 de
1692 5087 1854 5153 ctelo,

276 5196 376 5236 nec
404 5181 636 5251 patriam
664 5181 867 5245 sedem,
915 5198 1015 5237 nec
1060 5181 1242 5238 mundi
1271 5183 1639 5255 gubernacula
1688 5185 1857 5239 relin-

277 5280 553 5340 quentem,
574 5278 629 5324 et
649 5268 928 5340 S.Spiritu
951 5276 1365 5344 superveniente
1386 5274 1439 5328 in
1462 5275 1618 5330 beata
1636 5268 1858 5348 Virgine

278 5361 471 5421 Maria.
505 5370 666 5431 atque
690 5363 1046 5418 obumbrante
1073 5365 1123 5418 ei
1152 5366 1352 5421 virtute
1383 5366 1673 5431 Altissimi,
1708 5382 1859 5433 eum-

280 5452 403 5508 dem
428 5448 668 5507 Verbum
702 5466 775 5507 ac
804 5450 1000 5505 Filium
1031 5452 1126 5507 Dei
1172 5454 1228 5508 in
1277 5462 1434 5509 utero
1456 5455 1693 5524 ejusdem
1734 5472 1859 5511 san-

275 5554 381 5600 cta:
412 5544 656 5617 Virginis
668 5544 858 5599 Marite
878 5543 1170 5600 clementer
1186 5546 1509 5615 ingressum,
1538 5555 1594 5601 et
1612 5548 1677 5602 de
1695 5563 1860 5607 carne

283 5639 401 5709 ejus
431 5638 537 5694 sibi
572 5639 757 5694 nuisse
787 5652 1005 5697 carnem
1035 5638 1215 5695 anima
1262 5639 1512 5696 rationali
1552 5650 1608 5697 et
1650 5642 1861 5705 intelle-

287 5731 451 5787 ctuali
480 5731 797 5788 animatam.
1750 5724 1753 5725 ⁷

361 5841 382 5875 ι
412 5820 528 5878 Nec
551 5830 678 5878 ante
696 5830 935 5880 creatam
974 5838 1094 5884 esse
1122 5837 1363 5893 carnem,
1390 5831 1445 5882 et
1466 5832 1652 5895 postea
1673 5841 1861 5900 super-

1933 594 2235 653 aediﬁcante
2248 594 2353 652 sibi
2375 596 2614 660 domum,
2626 609 2754 653 mox
2774 608 2992 652 carnem
3010 594 3068 650 in
3083 602 3241 651 utero
3252 592 3512 668 Virginis,

1932 696 2056 744 mox
2085 689 2247 745 Verbi
2276 682 2370 744 Dei
2411 700 2633 743 carnem
2665 687 2888 753 factam,
2910 685 3232 756 exindeque,
3254 685 3377 744 sine
3406 687 3515 747 ulla

1937 782 2340 855 permutatione
2392 788 2485 834 aut
2528 780 2881 835 conversione
2911 778 3073 835 Verbi
3107 779 3397 850 carnisque
3421 796 3519 836 na:-

1930 881 2092 938 turte,
2125 872 2368 929 Verbum
2393 886 2458 927 ac
2476 870 2673 926 Filium
2700 869 2794 926 Del
2822 870 3023 927 factum
3036 870 3517 938 bomiue‘m,unum

1925 963 1995 1018 in
2023 972 2257 1032 utraque
2289 969 2508 1025 natura,
2526 960 2712 1017 divina
2738 960 2945 1017 scilicet
2972 970 3030 1017 et
3072 961 3333 1029 humana,
3357 960 3518 1019 Chri-

1939 1062 2082 1109 stum
2112 1049 2321 1118 Jesum,
2349 1050 2517 1107 Deum
2540 1065 2751 1118 verum,
2778 1054 3148 1122 eamdemque
3183 1068 3378 1109 verum
3419 1056 3520 1110 ho-

1937 1146 2137 1201 minem
2159 1144 2508 1215 processisse,
2533 1144 2587 1199 id
2607 1151 2713 1209 est,
2743 1151 2932 1199 natum
2959 1159 3099 1209 esse,
3125 1156 3343 1200 servata
3372 1144 3517 1199 inte;

1939 1237 2133 1310 gritate
2163 1244 2420 1291 maternae
2440 1237 2790 1306 virginitatis,
2816 1237 2943 1306 quia
2974 1235 3053 1291 sic
3070 1248 3196 1290 eum
3216 1236 3370 1305 virgo
3394 1250 3520 1306 pera-

1930 1340 2167 1383 manens
2192 1325 2396 1398 genuit,
2429 1327 2887 1395 quemadmodum
2915 1328 3068 1396 virgo
3086 1327 3354 1397 concepit.
3384 1327 3520 1382 Ρισοι

1940 1430 2062 1491 pter
2095 1418 2236 1488 (ιυόά
2274 1420 2518 1474 eamdem
2562 1419 2781 1473 beatam
2834 1418 3110 1489 Virginem
3164 1418 3386 1475 Mariam
3416 1418 3523 1477 Dei

1940 1508 2257 1580 genitricem
2298 1508 2579 1563 verissime
2619 1508 2943 1564 cenﬁtemur
2971 1528 2985 1564 :
3014 1510 3227 1581 peperit
3247 1511 3397 1567 enim
3442 1512 3524 1566 in-

1940 1611 2224 1655 carnatum
2256 1600 2350 1654 Dei
2378 1598 2617 1655 Verbum

2020 1730 2039 1762 ‹
2073 1710 2171 1768 Est
2197 1726 2325 1783 ergo
2346 1722 2487 1767 unus
2524 1721 2688 1782 atque
2712 1712 2852 1769 idem
2899 1712 3058 1770 Jesus
3081 1710 3329 1772 Christus
3364 1731 3525 1772 verus

1938 1794 2112 1857 Filius
2162 1801 2278 1867 Dei,
2312 1812 2366 1856 et
2395 1803 2534 1858 idem
2571 1803 2687 1875 ipse
2716 1818 2879 1860 verus
2922 1805 3065 1861 ﬁlius
3101 1805 3356 1872 hominis,
3402 1822 3528 1877 per-

1942 1894 2117 1951 fectus
2146 1895 2199 1949 in
2226 1896 2448 1959 deitate,
2473 1903 2528 1950 et
2547 1895 2693 1950 idem
2724 1896 2840 1965 ipse
2874 1897 3148 1967 perfectus
3171 1896 3228 1951 in
3271 1898 3519 1952 humani:

1937 1994 2077 2055 tate,
2113 1998 2172 2042 ut
2209 1996 2335 2059 pote
2360 1996 2509 2043 totus
2544 1988 2598 2042 in
2630 1989 2760 2053 suis,
2793 1995 2847 2043 et
2874 1986 3015 2044 idem
3036 1986 3156 2058 ipse
3186 1996 3331 2044 totus
3352 1988 3407 2043 in
3429 2004 3527 2044 nod-

1945 2082 2074 2136 stris
2102 2098 2115 2135 :
2147 2081 2227 2135 sic
2255 2094 2352 2149 per
2380 2080 2673 2136 secundam
2705 2081 3046 2136 nativitatem
3082 2095 3302 2137 sumens
3325 2096 3392 2137 ex
3423 2083 3524 2137 ho-

1900 2208 1901 2211 η
1943 2171 2092 2226 mine
2136 2180 2308 2227 matre
2335 2168 2606 2240 quodnon
2637 2177 2776 2236 erat,
2803 2178 2863 2226 ut
2906 2186 3015 2226 non
3062 2171 3365 2227 desisteret
3402 2178 3525 2226 esse

1943 2263 2086 2333 quod
2115 2278 2211 2333 per
2234 2263 2489 2332 primam,
2518 2272 2622 2332 qua
2645 2272 2712 2317 ex
2726 2262 2894 2317 Patre
2923 2273 3082 2319 natus
3108 2272 3211 2331 est,
3235 2266 3373 2319 erat.

2021 2370 2040 2405 ι
2056 2353 2289 2424 'Prupter
2302 2352 2446 2424 quod
2469 2368 2592 2409 eum
2616 2369 2683 2408 ex
2703 2353 2911 2410 duabus
2930 2362 2985 2409 et
3005 2355 3058 2408 in
3077 2355 3287 2411 duabus
3304 2369 3532 2410 manen-

1940 2446 2091 2501 tibus
2119 2444 2366 2502 indivisis
2404 2445 2813 2517 inconfusisque
2842 2448 3118 2502 credimus
3143 2458 3263 2502 esse
3297 2446 3527 2501 naturis.

1938 2526 2197 2589 Indivisis
2222 2534 2476 2605 quidem;
2507 2536 2635 2606 quia
2662 2542 2717 2589 et
2748 2544 2875 2605 post
2905 2534 3328 2605 assumptionem
3374 2542 3532 2589 natu-

1946 2638 2025 2683 rm
2066 2637 2267 2683 nostrae
2301 2642 2441 2682 unus
2483 2625 2733 2683 Christus
2772 2626 2951 2699 jFilius
2982 2626 3084 2682 Dei
3134 2626 3433 2698 permansit
3476 2632 3536 2682 et

1946 2728 2231 2792 permanet
2259 2736 2274 2774 :
2309 2717 2607 2775 inconfusis
2633 2727 2836 2785 autem,
2870 2716 2998 2788 quia
3026 2715 3193 2772 sicin
3223 2726 3389 2771 unam
3407 2730 3533 2787 per-

1948 2826 2137 2870 sonam
2174 2822 2335 2884 atque
2365 2811 2773 2868 subsistentiam
2811 2810 3078 2865 adunatas
3110 2807 3383 2865 credimus
3412 2821 3535 2866 esse

1946 2914 2189 2968 naturas,
2227 2911 2288 2958 ut
2325 2904 2608 2973 utriusque
2653 2900 2987 2971 proprietate
3029 2906 3245 2955 servata
3271 2940 3287 2965 ,
3333 2906 3534 2956 neutra

1947 3002 2357 3053 converteretur
2385 2994 2442 3051 in
2469 2993 2717 3048 alteram.
2739 2991 2819 3046 Ac
2844 2998 3162 3061 propterea,
3200 2991 3343 3045 sicut
3385 3006 3529 3061 saepe

1949 3087 2202 3152 diximus,
2256 3101 2422 3140 unum
2467 3084 2823 3154 eamdemque
2868 3082 3143 3139 Christum
3173 3097 3294 3138 esse
3339 3098 3530 3139 verum

1942 3170 2145 3233 Filium
2174 3176 2290 3243 Dei,
2321 3185 2378 3232 et
2401 3177 2649 3231 eumdem
2674 3176 2851 3247 ipsum
2877 3190 3064 3229 verum
3087 3173 3256 3228 ﬁlium
3293 3175 3533 3232 hominis

1949 3266 2290 3335 conﬁtemur,
2342 3266 2857 3324 consubstantialem
2884 3266 3033 3322 Patri
3077 3267 3373 3322 secundum
3423 3267 3538 3323 dei-

1948 3369 2138 3429 tatem,
2187 3358 2705 3417 consubstantialem
2738 3359 2895 3413 nobis
2937 3359 3187 3413 eumdem
3238 3358 3535 3416 secundum

1940 3446 2364 3519 immanitatem,
2392 3467 2489 3522 per
2509 3454 2689 3509 omnia
2713 3449 2869 3505 nobis
2898 3448 3130 3504 similem
3160 3450 3364 3521 absque
3407 3464 3536 3520 pec-

1949 3556 2091 3610 cato,
2127 3545 2440 3616 passibilem
2490 3558 2677 3610 carne,
2725 3542 2977 3598 eumdem
3018 3541 3195 3611 ipsum
3225 3542 3538 3613 impassibi-

1944 3634 2055 3690 lem
2078 3636 2299 3689 deitate.

2028 3724 2189 3795 169
2228 3742 2246 3774 ι
2276 3721 2446 3791 Quem
2474 3721 2574 3777 sub
2598 3716 2797 3777 Pontio
2814 3717 2995 3776 Pilato
3025 3728 3215 3792 sponte
3238 3737 3339 3791 pro
3367 3722 3541 3781 salute

1953 3824 2136 3870 nostra
2180 3829 2403 3885 passum
2448 3829 2571 3870 esse
2615 3827 2779 3869 carne
2822 3812 3174 3877 conﬁtemur,
3219 3813 3540 3870 cruciﬁxum

1952 3922 2137 3973 carne,
2154 3890 2419 3964 mortuum
2433 3923 2618 3973 carne,
2640 3907 3001 3962 resurrexisse
3026 3905 3189 3962 tertia
3205 3905 3311 3971 die,
3332 3904 3540 3976 gloriﬁ-

1950 4009 2071 4056 cata
2083 4008 2137 4055 et
2150 3999 2539 4069 incorruptibili
2555 3999 2745 4054 eadem
2759 4014 2946 4065 carne,
2961 4007 3014 4055 et
3028 4008 3402 4054 conversatum
3415 4004 3542 4070 post

1949 4091 2401 4147 resurrectionem
2430 4106 2556 4147 cum
2588 4088 2864 4161 discipulis
2901 4090 3013 4146 suis
3042 4105 3106 4145 ac
3138 4089 3324 4144 multis
3363 4088 3541 4144 modis

1951 4185 2227 4239 evidenter
2270 4184 2350 4238 eis
2386 4184 2686 4240 ostendisse
2734 4185 2817 4237 sui
2858 4182 3101 4251 corporis
3139 4181 3446 4246 veritatem,
3485 4190 3543 4237 et

1946 4274 2366 4343 quadragesimo
2389 4275 2474 4327 die
2498 4273 2805 4328 videntibus
2824 4274 3028 4327 eisdem
3050 4271 3327 4340 discipulis
3349 4287 3542 4327 ascen-

1952 4364 2096 4418 disse
2138 4364 2192 4416 iu
2235 4362 2431 4426 ctelos;
2478 4363 2668 4418 sedere
2714 4364 2878 4417 etiam
2922 4363 2990 4418 ad
3032 4362 3310 4416 dexteram
3337 4356 3536 4433 Patris,

1942 4444 2114 4508 credo
2151 4465 2207 4507 et
2240 4451 2524 4518 conﬁteor,
2567 4454 2861 4508 secundum
2905 4452 3334 4515 testiﬁcationem
3371 4451 3538 4523 auge?-

1945 4535 2151 4611 lorum,
2176 4536 2338 4600 Asicut
2375 4547 2615 4601 ascendit
2650 4547 2702 4600 in
2736 4546 2925 4612 caelos.
2966 4546 3039 4601 ita
3085 4555 3372 4602 venturum
3400 4544 3545 4617 judi-

1956 4652 2082 4692 care
2127 4637 2281 4693 vivos
2327 4645 2381 4691 et
2425 4646 2683 4693 mortuos.
2734 4637 2935 4694 Omnes
2980 4637 3125 4693 enim
3172 4637 3422 4694 homines
3469 4636 3538 4699 ab

1953 4728 2125 4783 Adam
2175 4745 2344 4798 usque
2392 4731 2457 4785 ad
2507 4733 3023 4788 consummationem
3069 4732 3247 4789 sazculi
3288 4741 3446 4791 natos
3485 4741 3543 4797 et

1955 4828 2217 4885 mortuos,
2248 4837 2371 4877 cum
2396 4822 2517 4892 ipso
2548 4822 2719 4879 Adam
2746 4823 2968 4893 ejusque
2994 4840 3185 4890 uxore,
3214 4826 3308 4895 qui
3335 4842 3442 4882 non
3469 4842 3540 4887 ex

1956 4913 2076 4967 aliis
2100 4914 2415 4984 parentibus
2451 4915 2563 4969 nati
2594 4923 2741 4978 sunt,
2774 4919 2870 4972 sed
2907 4917 3045 4973 alter
3073 4917 3139 4973 de
3160 4908 3327 4986 terra,
3367 4919 3540 4977 altera

1942 5012 2135 5077 autem
2162 5005 2230 5060 de
2252 5015 2401 5061 costa
2430 5005 2554 5072 viri,
2582 5007 2751 5063 creati
2775 5016 2947 5063 sunt:
2974 5019 3103 5066 tunc
3132 5018 3539 5067 resurrecturus

1936 5112 2076 5171 esse
2113 5097 2393 5164 conﬁteor,
2436 5107 2492 5153 et
2527 5098 2744 5155 adstare
2774 5108 2901 5157 ante
2932 5102 3167 5159 tribunal
3205 5100 3428 5165 Christi,
3477 5110 3541 5158 ut

1957 5187 2182 5257 recipiat
2210 5190 2577 5258 unusquisque
2602 5190 2818 5262 propria
2846 5193 3120 5262 corporis,
3148 5199 3308 5259 prout
3345 5190 3536 5260 gessit.

1958 5280 2073 5334 sive
2100 5280 2264 5344 bona,
2295 5280 2409 5335 sive
2442 5272 2616 5348 mala;
2646 5290 2701 5338 et
2728 5279 2906 5350 justus
2934 5283 3149 5352 quidem
3179 5295 3276 5350 per
3304 5279 3541 5355 largissi:

1957 5382 2101 5431 mam
2131 5369 2361 5441 gratiam
2394 5369 2508 5437 Dei,
2539 5380 2599 5427 ut
2626 5381 2752 5441 pote
2777 5388 2904 5427 vasa
2930 5368 3316 5428 misericordiae
3342 5371 3397 5427 in
3423 5371 3538 5443 glo—

1960 5460 2097 5515 riam
2140 5470 2473 5531 prteparata,
2509 5473 2723 5517 reternzn
2765 5463 2887 5515 vita:
2920 5459 3158 5529 praemiis
3187 5458 3532 5530 donaturum,

1959 5552 2016 5608 in
2062 5554 2320 5610 societate
2357 5553 2609 5610 videlicet
2653 5551 2996 5623 angelorum,
3040 5550 3246 5625 absque
3275 5554 3384 5613 ullo
3419 5554 3534 5625 jam

1960 5647 2145 5719 lapsus
2170 5648 2252 5704 sui
2284 5658 2430 5705 metu
2447 5688 2465 5715 ,
2499 5648 2615 5703 sine
2644 5645 2751 5702 ﬁne
2779 5645 3019 5704 victuros
3048 5666 3059 5701 :
3088 5647 3301 5720 iniquos
3327 5654 3531 5713 autem,

1963 5741 2188 5797 arbitrio
2211 5740 2506 5796 voluntatis
2535 5736 2787 5809 propriae,
2821 5752 2951 5794 vasa
2982 5739 3077 5796 ira:
3105 5747 3228 5809 apta
3257 5738 3313 5793 in
3339 5738 3533 5799 interi-

1964 5837 2078 5888 tum
2106 5838 2517 5905 permanentes,
2542 5827 2636 5901 qui
2664 5828 2808 5887 viam
2840 5830 3080 5899 Domini,
3112 5837 3204 5886 aut
3231 5845 3339 5885 non
3370 5842 3534 5901 agno-
