4062 6436
572 329 675 387 145

1758 398 1761 403 μ
1826 330 1919 403 an
1954 329 2216 390 LIBRUM
2254 328 2611 413 urunNuu

3740 338 3834 400 ιιι

568 450 798 519 verunt,
827 447 924 497 aut
958 442 1224 516 cognitam
1254 441 1483 499 diversis
1517 444 1661 517 capti
1693 445 2152 517 prrevaricationi-
2176 454 2229 516 Α
2255 448 2514 503 sticorum
2546 447 2898 505 observandis
2936 448 3133 506 ritibus
3166 450 3395 523 alligari.
3447 453 3748 531 EaprOpter
3774 473 3834 522 ut

567 538 671 596 bus
704 537 1073 606 reliquerunt,
1112 538 1288 607 poenis
1323 538 1509 592 aeterni
1538 546 1701 608 atque
1730 539 2158 611 inextinguibilis
2254 540 2310 595 in
2339 539 2580 596 futurum
2608 540 2838 597 Romani
2865 542 3159 613 pontiﬁcis,
3181 543 3236 598 in
3262 559 3374 600 suae
3404 549 3696 609 creationis
3723 538 3833 626 pri—

567 626 733 699 ignis,
773 638 835 682 ut
863 627 982 682 sine
1017 628 1122 683 ﬁne
1153 627 1406 693 ardeant,
1426 628 1733 700 justissima
1756 628 1961 699 judicio
1991 632 2156 689 tradi-
2252 633 2501 697 mordiis,
2531 633 2790 705 singulari
2819 634 3100 706 splendore
3121 636 3302 693 luceat
3333 639 3496 708 plena
3529 642 3684 709 ﬁdes,
3723 656 3832 703 sta-

557 723 769 783 turum.
797 736 818 768 ι

2240 722 2455 793 tuimus
2475 731 2531 778 et
2549 725 2887 792 ordinamus,
2917 727 3059 797 quod
3086 727 3340 801 deinceps
3372 731 3601 801 quilibet
3633 735 3689 790 in
3725 736 3833 795 Ro-

562 858 568 867 ,
635 808 825 867 Nullus
867 826 1048 868 sermo
1075 814 1140 869 ﬁt
1169 817 1237 871 de
1265 818 1311 873 γ
1337 817 1575 890 synodo,
1606 817 1862 891 quoniam
1889 817 2064 873 adhuc
2093 817 2151 873 in
2249 826 2472 868 manum
2500 814 2813 884 pontiﬁcem
2850 815 3150 887 eligendus,
3187 826 3477 890 antequam
3505 837 3605 878 sua
3640 825 3829 886 electio

561 900 753 958 Galliis
781 902 923 959 male
948 905 1218 973 audiebat,
1247 911 1402 979 quasi
1439 909 1862 966 Calchedonensi
1888 922 2121 977 repugna

2248 902 2576 974 publicetur,
2602 919 2784 959 coram
2813 905 2928 961 suis
2949 905 3276 963 electoribus
3300 910 3513 979 publice
3539 913 3832 974 confessio-

562 1003 649 1050 ret
678 1014 692 1050 :
723 996 1008 1070 ﬁt'autem
1047 997 1115 1055 de
1153 1000 1633 1071 pmdestinatione
1667 1007 1723 1056 et
1755 999 1903 1055 vasis
1936 997 2148 1053 miseri-
2247 1010 2375 1051 nem
2400 1005 2455 1051 et
2479 996 2872 1066 professionem
2900 998 3066 1055 faciat
3093 1000 3234 1056 infra
3259 1004 3510 1073 scriptas.

562 1086 780 1152 cordite,
816 1097 1104 1160 propterea
1140 1092 1284 1162 quod
1318 1093 1643 1163 quastiones
1680 1107 1745 1147 ea
1781 1090 1849 1147 de
1881 1106 1940 1146 re
1971 1091 2149 1147 adhuc

2325 1102 2344 1137 ι
2380 1084 2439 1140 In
2473 1087 2693 1143 nomine
2733 1094 2933 1144 sanctae
2970 1096 3027 1145 et
3059 1090 3348 1149 individua:
3392 1095 3695 1168 Trinitatis,
3732 1102 3831 1160 Pa-

557 1181 918 1236 movebantur
957 1183 1011 1238 in
1051 1199 1221 1256 regno
1264 1184 1612 1251 Childeberti,
1648 1185 1894 1256 quamvis
1925 1183 2146 1240 Arausi-
2244 1178 2366 1244 tris.
2392 1186 2448 1234 θῑ
2476 1177 2597 1234 Filii
2617 1219 2633 1246 ν
2660 1187 2715 1234 ει
2747 1178 2981 1251 spirans
3006 1183 3200 1238 διωθεῖ·
3239 1183 3435 1243 Amen-

504 1284 514 1351 ι
560 1288 696 1329 cana
724 1274 766 1329 ll
797 1274 1051 1355 Synodus
1080 1278 1263 1333 habita
1309 1295 1437 1334 ann.
1479 1280 1584 1335 529
1624 1278 1950 1335 sententiam
1981 1277 2147 1334 dixis-

554 1371 660 1427 set,
694 1380 925 1434 eamque
950 1366 1258 1423 Bonifacius
1284 1367 1325 1423 Il
1357 1372 1752 1426 confirmasset.

2323 1290 2343 1323 ι
2367 1272 2525 1327 Anno
2562 1264 2597 1327 at
2626 1272 2924 1329 Nativitate
2960 1274 3173 1361 Domini
3212 1277 3662 1348 millesimo,'etc.
3716 1286 3829 1356 Ego

2241 1363 2313 1421 Ν.
2340 1364 2545 1420 electus
2571 1365 2627 1420 in
2649 1363 2871 1435 Papam,
2900 1367 3257 1438 omnipotenti
3292 1369 3423 1437 Deo,
3461 1374 3617 1445 cujus
3653 1373 3831 1434 Eccle-

556 1508 559 1511 λ
633 1454 823 1510 XXIX.
868 1455 1161 1527 Gregorius
1186 1457 1207 1512 ι
1233 1458 1301 1514 ad
1327 1458 1677 1516 Patriarchas
1710 1461 1957 1517 scribens
1992 1475 2121 1516 mort

2243 1455 2382 1510 siam
2411 1471 2509 1510 suo
2544 1456 2798 1526 praesidio
2832 1459 3123 1528 regendam
3160 1462 3420 1532 suscipio,
3454 1473 3509 1518 et
3543 1465 3701 1522 beato
3738 1467 3831 1525 Pe

555 1546 821 1617 majorum
846 1586 861 1612 ,
910 1554 1033 1617 post
1070 1549 1345 1619 expositas
1382 1551 1590 1622 prolixe
1629 1552 1808 1607 oneris
1855 1552 2121 1623 pastorali:

2234 1553 2331 1613 _tro
2377 1545 2758 1616 Apostolorum
2799 1548 3036 1620 Priucipi
3061 1591 3076 1616 ,
3119 1552 3285 1608 corde
3321 1562 3378 1608 et
3411 1570 3507 1611 ore
3550 1558 3829 1628 proﬁteor,

553 1638 921 1707 dimculmes,
965 1641 1387 1713 ίιῃριοηιεεςιυε
1426 1642 1658 1699 fratrum
1694 1659 1903 1715 preces,
1946 1646 2144 1717 quibus
2246 1637 2503 1706 quamdiu
2535 1638 2591 1692 in
2619 1638 2721 1694 hac
2747 1638 2925 1711 fragili
2949 1641 3057 1695 vita
3078 1644 3405 1701 constitutus
3431 1644 3605 1715 fuero,
3630 1666 3719 1706 me
3745 1652 3830 1708 ﬁr-

546 1732 621 1808 ad
650 1732 981 1803 implendum
1008 1750 1206 1790 munus
1220 1735 1463 1806 juvetur,
1490 1735 1569 1791 sic
1591 1736 1784 1791 habet:
1806 1754 1825 1787 ι
1846 1736 2136 1804 Praeterea,

2244 1731 2409 1787 miter
2437 1731 2659 1788 credere
2694 1741 2751 1789 et
2785 1742 2967 1789 tenere
3005 1742 3249 1791 sanctam
3289 1735 3450 1795 ﬁdem
3482 1742 3828 1814 catholicam,

549 1826 673 1897 quia
701 1827 855 1881 corde
880 1828 1114 1881 creditur
1147 1829 1217 1882 ad
1237 1828 1526 1897 justitiam,
1565 1847 1655 1884 ore
1682 1818 1856 1884 autem
1881 1831 2121 1902 confessit

2243 1824 2540 1881 secundum
2563 1826 2884 1884 traditiones
2900 1828 3301 1897 Apostolorum,
3328 1822 3665 1901 generalium
3693 1807 3831 1894 Con;

546 1917 609 1987 ﬁt
642 1908 712 1970 ad
741 1916 986 1983 salutem,
1011 1917 1152 1973 sicut
1177 1919 1359 1975 sancti
1384 1920 1657 1992 Evangelii
1683 1930 1918 1990 quatuor
1947 1920 2137 1988 libros,

2230 1916 2511 1981 ciliorum,
2562 1925 2617 1972 et
2662 1918 2891 1973 aliorum
2935 1928 3245 1975 sanctorum
3289 1919 3545 1989 Patrum,
3595 1929 3831 1987 maxime

546 2011 632 2081 ~sic
673 2018 908 2080 quatuor
952 2010 1193 2066 Concilia
1223 2012 1500 2081 suscipere
1542 2022 1600 2068 et
1632 2013 1880 2068 venerari
1922 2027 2010 2068 me
2059 2012 2138 2069 fa—
2241 2012 2424 2060 autem
2451 2016 2767 2063 εθηοιοΐυω
2795 2014 2918 2064 οοιο
2952 2007 3317 2066 concubium
3351 2014 3706 2084 Eenefalium.
3747 2019 3828 2075 Vi-

548 2112 758 2157 teor....
806 2120 824 2152 ι
855 2100 1111 2168 Quintum
1149 2118 1365 2175 quoque
1405 2103 1707 2159 Concilium
1737 2104 1942 2175 pariter
1974 2119 2121 2162 vene-

2240 2094 2436 2151 delicet
2474 2097 2639 2168 primi
2690 2096 2926 2164 Nicaeui,
2964 2100 3186 2155 secundi
3221 2098 3828 2177 Constantinopolitani,

548 2209 668 2257 ror,
697 2213 717 2246 ι
747 2204 871 2258 etc.,
899 2209 1019 2264 quae
1041 2210 1160 2265 pag.
1190 2195 1293 2250 I60
1318 2194 1481 2250 allata
1510 2203 1657 2251 sunt.

526 2272 551 2355 ς
615 2285 786 2341 XXX.
834 2285 1083 2357 Quinque
1107 2285 1445 2359 Synodorum
1473 2289 1744 2360 susceptio
1764 2289 1867 2345 fuit
1892 2288 1977 2346 his
1999 2300 2135 2347 tem-

540 2378 766 2452 poribus
812 2378 969 2450 plena
1021 2387 1277 2448 certaque
1326 2380 1450 2435 ﬁdei
1505 2380 1796 2437 Catholica:
1843 2383 2128 2452 expositio.

536 2468 864 2540 ,Quintreque
889 2471 1089 2526 idcirco
1118 2470 1263 2526 facta
1288 2480 1371 2527 est
1392 2472 1700 2528 distinctior
1718 2474 2134 2544 expressiorque

534 2564 765 2639 mentio,
789 2564 1046 2635 quoniam
1074 2581 1106 2620 a
1128 2565 1310 2621 multis
1336 2566 1576 2622 nondum
1605 2573 1823 2636 recepta
1849 2565 2044 2634 fuerat,
2077 2575 2133 2625 et

534 2659 597 2739 in
619 2658 737 2729 ipsa
760 2660 1176 2730 quoque-Italia,
1198 2660 1495 2730 vicinisque
1520 2660 1654 2716 locis
1679 2661 2012 2739 schismatici
2032 2660 2130 2716 ad-

448 2790 453 2793 -
524 2732 648 2806 ‘huc
675 2749 958 2805 movebant
986 2751 1196 2816 turbas,
1218 2765 1248 2805 a
1270 2752 1468 2820 quibus
1489 2766 1549 2806 se
1576 2736 1905 2819 discernere,
1929 2751 2132 2809 Catho-

518 2836 521 2839 “
536 2838 769 2913 Iicorum
780 2912 783 2915 Α
795 2839 1077 2895 intererat.

839 2979 867 3051 θ
895 2979 982 3035 IV.
1035 2978 1115 3034 De
1138 2981 1311 3053 prima
1334 2981 1658 3052 professione
1684 2981 1829 3051 ﬁdei.

538 3070 547 3085 ’
611 3092 802 3149 XXXI.
819 3091 1091 3148 Hactenus
1107 3093 1173 3149 de
1184 3074 1612 3164 professionibus
1635 3096 1759 3151 fidei
1776 3095 2123 3167 generaliter,

2236 2188 2387 2244 tertii
2411 2188 2689 2259 Ephesini,
2716 2191 2895 2259 quarti
2917 2189 3393 2258 Calchedonensis,
3417 2197 3593 2265 quinti
3612 2207 3670 2254 et
3689 2200 3831 2257 sexti

2238 2270 2983 2350 Constantinopolitanorum,
3011 2283 3225 2353 septimi
3255 2283 3383 2340 item
3406 2283 3628 2352 Nicaeui,
3651 2292 3832 2348 octavi

2237 2383 2455 2440 quoque
2498 2369 3081 2442 Constantinopolitani
3103 2413 3119 2440 ,
3172 2389 3384 2431 necnon
3422 2375 3830 2449 Lateranensis,

2230 2459 2631 2541 Lugdunensis,
2663 2472 2719 2519 et
2754 2463 3094 2532 Viennensis,
3133 2469 3463 2539 generalium
3489 2472 3653 2528 etiam
3683 2474 3831 2534 Con.

2224 2555 2517 2635 .ciliorum;
2548 2566 2604 2612 et
2632 2557 2778 2616 illam
2799 2558 2961 2615 ﬁdem
2986 2575 3156 2632 usque
3187 2563 3254 2618 ad
3285 2579 3451 2619 unum
3484 2566 3693 2636 apicem
3720 2568 3828 2626 im-

2220 2649 2539 2715 ,mutilatam
2565 2642 2805 2717 servare,
2842 2661 2898 2707 et
2936 2668 3109 2723 usque
3144 2654 3216 2709 ad
3247 2655 3483 2711 animam
3524 2664 3581 2712 et
3612 2661 3830 2732 sangui-

2220 2756 2362 2817 nem
2407 2741 2765 2808 conﬁrmare,
2813 2743 3134 2811 defensare,
3171 2753 3227 2802 et
3264 2746 3581 2818 praedicare.
3642 2749 3830 2810 Ritum

2232 2830 2441 2901 pariter
2480 2829 2955 2889 Sacramentorum
2993 2834 3501 2894 Ecclesiasticorum
3546 2840 3832 2898 catholica

2231 2920 2491 2978 Ecclesiae
2542 2922 2804 2981 traditum
2862 2926 3173 2984 omnimodo
3224 2931 3480 3002 prosequi
3531 2938 3589 2987 et
3637 2933 3830 2989 obser-

2232 3029 2382 3070 vare.
2434 3010 2437 3013 “
2780 3088 2783 3091 _

2222 3092 2227 3099 ’
2308 3094 2463 3177 1'71
2495 3126 2514 3159 ‹
2541 3107 2694 3166 Hanc
2740 3119 2921 3167 autem
2953 3113 3345 3183 professionem
3378 3129 3557 3173 meam
3595 3134 3700 3191 per
3731 3136 3829 3178 no-

525 3176 685 3269 :nunc
714 3186 780 3241 de
806 3186 1031 3257 singulis
1058 3205 1070 3241 :
1100 3194 1155 3242 et
1178 3188 1245 3243 de
1269 3188 1443 3257 prima
1469 3187 1687 3257 quidem
1717 3187 2128 3243 observavimus
2157 3185 2203 3251 C
2235 3176 2827 3256 tat-iumIScriniarium
2848 3214 3050 3261 sanctae
3063 3205 3321 3262 Romanae
3334 3176 3615 3277 Ecclesiae:
3625 3227 3720 3267 me
3736 3214 3828 3285 ju.

529 3276 644 3353 iduo
673 3295 683 3329 :
713 3276 962 3341 alterum,
998 3278 1157 3348 17o
1192 3294 1314 3332 eam
1353 3278 1498 3333 circa
1536 3278 1827 3347 septimum
1865 3278 2124 3333 saeculum

534 3360 865 3422 saccessisse
899 3367 1174 3438 Symbolo,
1206 3369 1348 3438 quod
1385 3385 1448 3424 eo
1483 3384 1663 3447 usque,
1692 3370 1745 3424 in
1785 3386 1886 3429 usu
1925 3368 2121 3436 fuerat,

526 3444 636 3532 pro
656 3458 990 3529 temporibus
1004 3467 1183 3514 tamen
1206 3459 1571 3515 aduitamenta
1592 3444 1841 3530 quaedam
1866 3474 2118 3530 passum:

531 3550 784 3618 alterum,
812 3553 928 3629 suis
948 3560 1005 3607 et
1025 3553 1197 3623 ipsam
1224 3552 1630 3608 accessionibus
1653 3551 1905 3608 aﬁ‘ectam
1932 3551 2121 3619 fuisse,

528 3651 691 3712 prout
720 3657 751 3696 a
775 3642 1005 3711 septimo
1030 3640 1248 3706 saeculo,
1289 3658 1397 3713 quo
1429 3644 1684 3714 usurpari
1716 3645 1901 3713 C(Bpit,
1943 3658 2124 3699 reces-

520 3720 651 3786 sum
689 3740 773 3786 est
812 3731 1025 3802 longius
1062 3733 1130 3788 ad
1175 3741 1406 3803 tempus,
1457 3749 1564 3804 quo
1601 3734 1801 3789 desiit:
1831 3743 2121 3804 utrumque

531 3822 743 3880 abunde
768 3826 824 3879 in
856 3826 998 3880 notis
1023 3827 1307 3896 probatum
1338 3834 1422 3880 est
2094 3836 2099 3839 ‘

522 3902 529 3981 ξ
602 3907 817 3969 XXXII.
864 3913 1053 3970 Restat
1099 3916 1393 3987 inquirere,
1435 3930 1537 3986 pro
1578 3923 1822 3985 tempore
1856 3917 2116 3974 desierit:

520 4000 650 4059 erat
674 4006 847 4061 adhuc
892 4006 949 4060 in
979 4022 1079 4061 usu
1119 4015 1277 4062 :etate
1315 4006 1517 4061 Yvonis
1555 4006 1925 4074 Carnotensis,
1968 4018 2026 4065 ut
2063 4010 2118 4065 in

518 4084 847 4166 'przefatione
877 4096 1132 4160 diximus,
1169 4097 1222 4151 id
1264 4105 1366 4159 est,
1399 4112 1526 4151 ann.
1561 4097 1716 4163 1115,
1749 4098 1859 4154 imo
1884 4108 1940 4155 et
1972 4117 2118 4158 anno

516 4182 693 4255 1294,
717 4204 824 4259 quo
845 4204 989 4243 anno
1010 4186 1321 4242 Bonifacius
1339 4187 1447 4243 VIII
1469 4187 1525 4243 S.
1551 4188 1823 4245 Celestino
1840 4193 1881 4247 V
1895 4208 2116 4249 succes-

528 4278 600 4336 sit
626 4299 639 4334 :
666 4296 787 4336 eam
807 4281 951 4334 enim
972 4279 1026 4331 in
1047 4278 1390 4333 ordinatione
1413 4293 1509 4334 sua
1535 4282 1743 4348 emisit,
1776 4294 1836 4336 ut
1864 4292 1948 4340 est
1974 4284 2116 4355 apud

517 4371 806 4434 'Bzovinm,
837 4385 903 4422 ex
933 4368 1031 4422 Ms.
1062 4367 1237 4423 Vatic.
1264 4367 1421 4424 Libet
1452 4371 1663 4427 initium
1687 4375 1792 4429 huc
1812 4374 2111 4431 adducere:

518 4450 552 4515 ἰ
586 4463 643 4518 In
672 4461 889 4517 nomine
926 4469 1126 4515 sanctae
1161 4469 1215 4515 et
1249 4461 1534 4521 individua:
1574 4466 1878 4522 Trinitatis.
1914 4467 2107 4521 Amen.

526 4553 687 4609 Anno
748 4551 1039 4608 Dominicm
1088 4551 1481 4611 Incamationis
1526 4557 1812 4613 millesimo
1862 4544 2192 4635 ducente-1)

516 4632 668 4698 simo
696 4643 1041 4713 nonagesimo
1066 4650 1281 4714 quarto,
1312 4644 1607 4703 Indictione
1631 4656 1843 4703 octava.
1874 4647 1987 4718 Ego
2013 4648 2117 4705 Be‘

524 4733 773 4789 nedictus
802 4731 1087 4803 Cajetanus
1117 4734 1173 4790 S.
1204 4735 1270 4791 R.
1307 4737 1368 4792 E.
1403 4738 1664 4793 diaconus
1703 4738 2017 4804 cardinalis,
2057 4747 2114 4795 et

528 4823 756 4891 electus,
786 4833 847 4881 ut
872 4826 997 4881 tiam
1025 4841 1125 4897 per
1152 4828 1249 4883 Dei
1275 4831 1526 4901 gratiam.
1564 4849 1583 4880 ι
1613 4829 1838 4890 Cretera,
1877 4843 1997 4896 quae
2020 4843 2110 4886 se-

524 4927 785 4987 quuntur,
820 4928 945 4975 sunt
973 4922 1162 4977 eadem
1187 4924 1429 4987 omnino,
1453 4936 1573 4990 ane
1598 4922 1651 4973 in
1675 4919 1998 4975 Baroniana.

596 5011 832 5067 XXXIII.
892 5012 1117 5070 Videtur
1162 5014 1386 5070 desiisse
1428 5011 1623 5065 saeculo
1668 5014 1953 5089 sequenti:
1980 5032 2107 5073 nam

523 5101 966 5160 Constantienses
988 5119 1105 5160 eam
1133 5102 1279 5157 velut
1296 5099 1629 5166 antiquatam
1658 5098 1998 5171 aliquatenus
2022 5123 2107 5163 re.

520 5208 718 5249 vocare
739 5194 878 5250 velle
904 5196 972 5251 ad
1001 5207 1158 5248 usum
1184 5190 1285 5244 visi
1317 5196 1463 5252 sunt,
1493 5204 1616 5246 cum
1643 5208 1776 5249 sess.
1807 5196 1878 5251 59
1900 5206 2105 5254 statue-

523 5294 668 5349 runt,
690 5302 797 5357 qua
818 5284 1047 5343 formula
1070 5295 1310 5335 summus
1329 5281 1568 5350 pontifex
1589 5324 1603 5350 ,
1626 5294 1915 5357 antequam
1937 5289 2105 5360 ipsius

522 5373 714 5431 electio
753 5376 1117 5445 publicaretur
1142 5410 1157 5435 ,
1204 5369 1361 5426 fidem
1403 5388 1556 5428 suam
1593 5376 1961 5448 proﬁteretur.
2013 5382 2104 5439 Sic

519 5467 665 5524 enim
694 5469 911 5524 edicunt
934 5480 947 5516 :

508 5558 517 5567 '
597 5575 617 5610 σ
636 5557 849 5625 Quanto
872 5555 1147 5611 Romanus
1161 5556 1408 5627 pontifex
1430 5559 1771 5620 eminentiori
1792 5563 1937 5621 inter
1956 5578 2102 5621 mor-

524 5648 662 5703 tales
688 5645 928 5715 fungitur
947 5654 1233 5716 potestate,
1260 5657 1412 5707 tanto
1441 5652 1765 5711 clarioribus
1794 5656 1970 5726 ipsum
2004 5657 2099 5712 de-

506 5736 611 5795 'cet
646 5734 823 5791 fulciri
855 5733 978 5791 ﬁdei
1002 5737 1249 5807 vinculis,
1278 5751 1332 5799 et
1357 5754 1819 5802 sacramentorum
1845 5746 2101 5803 ecclesia-

2234 3287 2419 3355 bente,
2433 3290 2692 3359 scriptam
2707 3294 2925 3364 propria
2948 3311 3110 3350 manu
3127 3298 3448 3370 subscripsi,
3467 3302 3633 3357 et'tibi
3645 3305 3831 3360 omni-

2220 3365 2437 3449 potenti
2454 3380 2564 3436 Deo
2578 3398 2715 3453 pura
2731 3394 2911 3440 mente
2926 3395 2981 3440 et
2994 3387 3187 3444 devota
3200 3365 3532 3446 conscientia
3550 3409 3723 3463 super
3737 3396 3830 3453 tali

2229 3471 2409 3538 altari,
2428 3482 2557 3542 etc.,
2585 3475 2872 3532 sinceriter
2891 3477 3077 3546 offero,
3102 3481 3157 3534 in
3176 3485 3463 3552 praesentia
3485 3485 3703 3555 talium,
3722 3497 3828 3546 etc.

2227 3560 2448 3629 Datum,
2477 3575 2583 3621 etc.
2615 3586 2635 3620 ›
2922 3580 2929 3593 ’

2220 3641 2224 3646 ’
2299 3656 2536 3715 XXXIV.
2589 3659 2736 3735 Idem
2767 3662 3121 3719 decreverunt
3147 3662 3516 3732 Basileenses,
3547 3669 3832 3730 eamdem-

2225 3762 2333 3818 que
2361 3757 2668 3807 statuerunt
2694 3750 2924 3810 formam
2953 3770 3271 3823 consensus,
3291 3765 3352 3812 ut
3370 3757 3691 3827 loquuntur,
3719 3764 3830 3819 nisi

2225 3840 2371 3907 quod
2404 3842 2648 3898 conciliis
2685 3846 3005 3901 addiderunt
3035 3840 3460 3912 Basileense,'et
3484 3850 3826 3911 confessioni

2222 3929 2674 4000 pollicitationem
2695 3941 2855 4002 atque
2878 3932 3268 4002 juramentum.
3314 3954 3332 3985 ‹
3356 3936 3621 3994 Polliceor
3647 3927 3824 4002 etiam

2214 4018 2457 4093 ﬁdeliter
2486 4021 2737 4076 laborare
2759 4038 2860 4093 pro
2887 4025 3114 4080 tuitione
3140 4026 3264 4081 ﬁdei
3298 4026 3601 4097 catholicae,
3631 4042 3693 4088 et
3732 4052 3827 4093 ex-

2210 4112 2512 4191 tirpatione
2550 4115 2817 4170 haeresum
2859 4131 2924 4172 ac
2961 4132 3230 4186 errorum,
3270 4119 3657 4180 reformatione
3703 4145 3823 4185 mo-

2221 4216 2365 4267 rum,
2401 4218 2468 4258 ac
2491 4219 2625 4274 pace
2656 4206 2713 4260 in
2748 4207 2947 4278 populo
2967 4209 3298 4268 Christiano.
3341 4211 3472 4269 Juro
3494 4217 3660 4272 etiam
3689 4234 3823 4290 pro-

2220 4295 2370 4362 sequi
2397 4296 2818 4354 celebrationem
2840 4300 3202 4359 Cunciliorum
3228 4308 3581 4377 generalium,
3602 4318 3658 4366 et
3680 4327 3819 4370 con-

2218 4385 2583 4441 ﬁrmationem
2629 4389 2976 4457 electionum,
3019 4391 3176 4461 juxta
3212 4396 3431 4453 decreta
3473 4402 3615 4456 sacri
3656 4402 3820 4462 Basi-

2218 4475 2421 4532 leensis
2460 4477 2706 4534 Concilii.
2762 4482 2915 4540 lianc
2941 4495 3123 4542 autem
3152 4489 3581 4561 professionem,
3613 4505 3726 4554 etc.
3753 4520 3773 4554 ι

2287 4566 2370 4621 Ad
2411 4570 2528 4624 haec
2558 4569 2789 4629 formam
2822 4575 3183 4645 adjunxerunt
3202 4622 3217 4646 ,
3248 4597 3353 4652 qua
3384 4568 3623 4658 singulis.
3652 4578 3816 4649 annis

2217 4672 2461 4715 summus
2487 4660 2752 4732 pontifex,
2781 4669 3154 4727 anniversario
3181 4673 3269 4729 die
3297 4690 3408 4732 suae
3436 4678 3809 4753 exaltationis,

2216 4748 2361 4803 inter
2382 4750 2674 4808 missarum
2711 4757 2992 4827 solemnia,
3018 4777 3051 4817 a
3075 4763 3252 4832 primo
3279 4768 3563 4834 cardinali,
3589 4770 3657 4827 de
3688 4748 3812 4829 olli;

2215 4838 2303 4894 cio
2324 4854 2638 4899 moneretur
2661 4864 2674 4900 :
2699 4862 2820 4916 quae
2840 4847 3015 4906 forma
3036 4853 3281 4909 nonnihil
3309 4857 3471 4913 habet
3493 4859 3667 4916 simile
3690 4878 3812 4920 mo-

2192 4928 2362 5006 nitis,
2394 4947 2515 5001 qua:
2540 4950 2733 4992 recens
2759 4940 3044 4997 ordinatus
3065 4931 3351 5015 episcopus
3376 4960 3407 5000 a
3438 4963 3650 5005 summo
3669 4961 3809 5021 pcn-

2194 5019 2363 5111 ‘tiﬁce
2382 5024 2704 5095 accipiebat,
2732 5035 2794 5083 ut
2818 5039 2904 5085 est
2928 5031 2979 5085 in
3007 5033 3183 5100 capite
3205 5049 3265 5089 ιιι
3295 5033 3503 5103 Diurni,
3538 5039 3621 5093 tit.
3651 5019 3729 5096 ix.

2287 5112 2503 5206 XXXX.
2559 5117 2693 5173 Cum
2718 5121 2787 5175 ab
2815 5121 3159 5179 ordinatione
3181 5123 3444 5206 Bonifacii
3476 5129 3590 5185 VIII
3617 5134 3686 5189 ad
3711 5134 3807 5191 de-

2188 5211 2424 5279 _cretum
2455 5204 2872 5263 Constantiense
2913 5207 3220 5268 efﬂuxerint
3263 5204 3390 5270 anni
3432 5218 3653 5274 circiter
3673 5221 3802 5287 I23,

2184 5374 2191 5377 Ἢ
2210 5307 2434 5349 necesse
2470 5302 2574 5359 est,
2615 5311 2680 5351 eo
2713 5301 2971 5369 temporis
3008 5301 3293 5363 intervallo
3323 5308 3657 5378 antiquatam
3681 5328 3804 5369 esse

2209 5390 2448 5455 veterem
2472 5382 2779 5442 formulam.
2816 5388 3089 5447 Incertum
3123 5406 3275 5462 vero,
3313 5411 3420 5466 qua
3460 5398 3681 5458 deﬁnite
3710 5403 3801 5459 in-

2184 5477 2424 5573 tervalli
2468 5489 2626 5550 parte
2656 5500 2668 5536 :
2697 5482 2964 5543 incertum
3007 5489 3198 5573 etiam,
3235 5508 3397 5564 quam
3441 5495 3512 5552 ob
3553 5511 3794 5556 causam

2208 5563 2394 5638 Neque
2427 5571 2573 5625 enim
2603 5573 2871 5641 audiendi
2902 5586 3030 5634 sunt
3070 5566 3215 5637 sedis
3252 5563 3562 5653 apostolicae
3593 5586 3798 5659 impor-

2180 5648 2321 5712 'tuni
2349 5660 2566 5728 quidam
2589 5663 3004 5735 obtrectatores,
3026 5670 3119 5739 qui
3139 5685 3259 5741 quae
3280 5648 3573 5739 somniant,
3587 5648 3797 5733 temere

2207 5748 2477 5821 effutiunt,
2505 5753 2734 5838 desiisse
2768 5773 2926 5821 usum
2961 5760 3228 5830 formulae,
3263 5764 3319 5821 in
3352 5782 3459 5840 qua
3494 5770 3696 5851 mentio
3728 5768 3797 5826 ﬁt
