4062 6444
247 379 368 462 ιιες¹

1201 358 1814 432 ΒΙΒΞΕΒΤΑἮΟΝΕΒ.
1858 402 1928 415 --
1967 372 2422 432 DISSERTATIO
2457 373 2525 428 ιι.

3396 380 3502 441 ΗΒ

241 486 601 552 Conciliorum,
627 499 752 542 cum
778 489 984 543 moveri
1011 490 1175 558 coepit
1206 492 1448 560 quaestio,
1487 491 1552 545 de
1583 485 1796 560 pontiﬁ-
1825 491 1880 550 Α
1907 487 1994 542 tiae
2018 494 2238 541 maneat
2279 485 2334 539 in
2369 501 2477 551 me,
2513 493 2572 540 et
2603 482 2808 555 judiCta
2845 496 3027 542 vestra
3069 503 3175 544 non
3213 491 3497 564 ﬂuctuent,

242 598 353 640 cum
380 590 432 635 et
463 578 810 635 conciliorum
840 580 1128 634 autoritate
1163 590 1496 650 comparata.

303 670 529 727 XXXVI.
587 669 706 726 Non
735 670 838 724 alia
865 687 1026 741 porro
1059 673 1255 727 emissa
1279 682 1362 728 est
1386 675 1442 728 in
1468 664 1809 728 ordinatione

238 755 394 823 forma
416 764 765 835 professuonis
799 781 828 818 a
858 763 915 819 S.
943 764 1214 821 Celestino
1236 767 1303 833 γ,
1326 784 1488 837 quam
1511 784 1630 837 quae
1659 783 1688 821 a
1705 767 1808 821 Bo-

238 859 421 915 nifacio
466 873 776 912 successore
809 875 822 910 :
854 873 1023 928 quare
1070 873 1134 914 ea
1179 859 1343 914 etiam
1381 860 1545 915 verba
1583 859 1808 930 protulit

237 950 588 1006 sanctissimus
608 948 871 1019 pontifex,
905 966 1026 1021 quas
1057 951 1110 1005 in
1141 950 1314 1006 forma
1344 951 1466 1007 ﬁdei
1496 952 1764 1007 habentur
1789 969 1802 1006 :

242 1041 535 1096 cProﬁteor
577 1041 697 1108 tibi,
737 1041 894 1096 beate
925 1041 1084 1097 Petre
1107 1043 1488 1113 Apostolorum
1523 1043 1805 1114 Princeps,

237 1143 525 1202 sanctasque
554 1141 660 1188 tuae
697 1133 971 1200 Ecclesiae,
1014 1150 1175 1204 quam
1213 1136 1374 1190 hodie
1421 1143 1513 1190 tuo
1554 1137 1808 1206 prmsidio

235 1225 504 1297 regendam
529 1227 783 1297 suscipio,
808 1227 952 1297 quod
973 1228 1230 1297 quamdiu
1261 1227 1314 1281 in
1342 1225 1448 1282 hac
1476 1227 1675 1281 misera
1696 1225 1807 1281 vita

233 1318 537 1373 constitutus
585 1316 756 1384 fuero,
801 1320 976 1389 ipsam
1015 1333 1123 1374 non
1161 1320 1439 1384 deseram,
1489 1333 1598 1374 non
1642 1316 1808 1373 relin-

231 1426 394 1480 quam,
424 1427 533 1466 non
562 1411 860 1484 abnegabo,
884 1428 991 1468 non
1022 1413 1284 1469 abdicabo
1315 1413 1674 1481 aliquatenus,
1707 1427 1807 1467 nec

228 1517 284 1554 ex
305 1516 643 1572 quacumque
677 1520 860 1567 causa,
895 1501 1282 1574 cujuscumque
1319 1511 1496 1558 metus
1534 1503 1619 1557 vel
1659 1503 1807 1573 peri-

225 1595 317 1649 culi
344 1597 634 1652 occasione
662 1598 949 1660 dimittam,
975 1613 1076 1652 nec
1098 1612 1184 1652 me
1209 1599 1508 1668 segregabo
1533 1598 1600 1652 ab
1622 1597 1758 1666 ipsa.
1783 1616 1800 1648 ι

284 1687 544 1742 XXXVII.
598 1691 775 1760 Atque
798 1691 924 1744 hinc
950 1689 1254 1760 praesertim
1280 1697 1655 1761 argumentum
1684 1705 1810 1758 sup-

224 1778 421 1847 petebat
465 1778 738 1835 Bonifacii
784 1781 959 1834 octavi
1000 1781 1285 1845 hostibus,
1326 1796 1422 1834 cur
1458 1779 1515 1834 S.
1553 1779 1806 1835 Celestini

1911 587 2130 648 prmstet
2165 579 2221 633 in
2261 593 2548 633 commune
2582 578 2739 633 nobis
2779 576 3031 638 omnibus
3075 583 3224 653 pacis
3265 586 3501 658 bonum,

1911 673 2003 742 qui
2047 672 2202 727 vobis
2241 673 2616 727 unanimitatis
2663 675 2842 729 studia
2885 675 3082 732 infudit
3108 697 3120 731 ;
3151 688 3211 734 ut
3253 684 3504 740 omnibus

1910 765 2098 820 diebus
2136 766 2260 820 vitze
2297 781 2428 820 mete
2465 766 2517 820 in
2555 766 2944 834 omnipotentis
2974 768 3069 824 Dei
3109 772 3412 841 servitium,
3450 785 3507 830 et

1910 859 1978 913 ad
2003 869 2184 914 vestra
2211 870 2430 930 paratus
2454 861 2732 930 obsequia,
2768 876 2891 915 cum
2928 861 3125 917 ﬁducia
3156 867 3359 934 possim
3402 869 3508 923 Do-

1910 953 2118 1008 minum
2156 954 2476 1024 deprecari:
2504 952 2666 1008 Pater
2698 964 2905 1021 sancte,
2934 974 3181 1012 conserva
3213 977 3299 1015 eos
3325 963 3379 1016 in
3413 981 3508 1018 no-

1907 1047 2046 1100 mine
2081 1055 2190 1111 tuo,
2222 1064 2352 1118 quos
2388 1047 2578 1102 dedisti
2604 1048 2731 1101 mihi
2758 1045 2939 1120 (Joan.
2968 1066 3101 1115 xvn,
3132 1068 3179 1104 v.
3221 1052 3332 1125 11),
3365 1071 3509 1110 sem-

1907 1153 2113 1208 perque
2160 1140 2574 1210 proﬁcientibus
2613 1141 2768 1195 vobis
2805 1141 2872 1196 ad
2913 1141 3163 1209 salutem,
3206 1134 3508 1216 magni/ica

1908 1229 2086 1283 anima
2115 1247 2228 1283 mea
2257 1229 2542 1284 Dominum
2580 1230 2732 1303 (Luc.
2759 1249 2799 1298 ι,
2824 1248 2872 1285 υ.
2898 1232 2986 1304 46)
3007 1274 3022 1297 ,
3054 1244 3109 1289 et
3143 1236 3196 1288 in
3226 1234 3391 1292 futuri
3423 1254 3513 1292 re-

1909 1321 2207 1376 tributione
2239 1322 2429 1392 judicii
2459 1323 2531 1376 ita
2571 1326 2702 1379 mihi
2733 1327 2875 1396 apud
2909 1327 3117 1397 justum
3153 1329 3389 1400 judicem
3421 1347 3510 1386 sa-

1910 1413 2135 1467 cerdotii
2174 1413 2281 1468 mei
2306 1415 2443 1469 ratio
2483 1416 2762 1482 subsistat,
2816 1426 2875 1471 ut
2915 1433 3010 1473 vos
3055 1420 3184 1474 mihi
3229 1437 3325 1491 per
3363 1421 3510 1480 bona

1910 1519 2076 1574 opera
2097 1514 2279 1560 vestra
2304 1505 2422 1561 sitis
2444 1507 2697 1576 gaudium
2722 1550 2737 1574 ,
2787 1525 2884 1564 vos
2911 1527 3102 1565 corona
3148 1510 3198 1584 (Ι
3230 1512 3407 1568 Thess.
3443 1531 3508 1584 it,

1910 1617 1956 1654 υ.
1990 1598 2100 1669 19),
2131 1600 2223 1669 qui
2259 1599 2402 1654 bona
2439 1601 2716 1659 voluntate
2754 1603 3031 1660 sincerum
3063 1609 3346 1678 praesentis
3384 1610 3511 1666 vitae

1911 1692 2284 1746 testimonium
2335 1694 2688 1762 praestitistis.

1988 1801 2006 1831 ι
2034 1780 2416 1838 Honorabilem
2450 1785 2616 1856 igitur
2632 1788 2784 1854 mihi,
2806 1789 3167 1858 dilectissimi,
3188 1793 3512 1852 hodiernum

224 1871 608 1929 abdicationem
655 1875 991 1945 illegitimam
1032 1874 1303 1942 jactarent
1329 1893 1341 1928 :
1369 1874 1566 1944 quippe
1606 1873 1808 1928 factam
1835 1865 1884 1926 B
1913 1874 2054 1930 diem
2099 1873 2230 1929 fecit
2278 1876 2461 1931 divina
2503 1879 2766 1949 dignatio,
2820 1898 2940 1951 qua:
2981 1884 3108 1937 dum
3148 1884 3511 1942 humilitatem

224 1957 391 2020 contra
418 1966 728 2022 solemnem
755 1966 1168 2036 promissionem
1201 1965 1308 2018 Deo
1337 1966 1698 2036 Eeclesizeque
1727 1965 1809 2020 fa-

225 2063 366 2110 ctam.
417 2056 627 2111 Verum
668 2057 826 2126 hujus
864 2057 1178 2126 quzestionis
1209 2056 1338 2109 nihil
1367 2066 1634 2128 superest,
1663 2059 1808 2128 quod

175 2186 190 2192 -
219 2145 505 2215 prudenter
533 2146 754 2201 tractari
789 2147 988 2215 possit,
1013 2154 1134 2216 post
1158 2145 1422 2201 Bonifacii
1455 2149 1808 2204 constitutio-

218 2252 326 2291 nem
351 2237 614 2309 Corporis
639 2237 668 2292 J
675 2239 785 2292 uris
809 2237 1070 2294 Canonici
1092 2239 1378 2308 insertam,
1404 2249 1457 2296 et
1479 2239 1685 2310 {Egidii
1706 2240 1810 2298 Ro-

217 2329 349 2406 mani
375 2328 724 2400 aliorumque
755 2329 942 2385 libros.

253 2496 255 2498 η
359 2428 524 2498 172
564 2427 590 2500 §
623 2425 687 2481 ν.
740 2427 818 2482 De
854 2428 1083 2483 secunda
1115 2428 1438 2500 professione
1465 2429 1612 2498 ﬁdei.

243 2529 248 2531 ‘
282 2517 569 2574 XXXVIII.
627 2519 704 2574 De
747 2520 984 2574 secunda
1015 2535 1146 2574 vero
1182 2519 1236 2574 id
1272 2536 1413 2576 nunc
1446 2521 1808 2589 tractandum,

216 2607 355 2682 quod
377 2612 658 2684 attigimus
685 2613 738 2666 in
772 2614 938 2677 notis,
971 2613 1173 2670 lectore
1211 2613 1278 2667 ad
1318 2614 1463 2668 hunc
1501 2613 1681 2669 locum
1720 2631 1814 2670 re-

217 2707 396 2774 misso,
428 2708 472 2762 si
519 2707 586 2762 de
615 2724 868 2764 sermone
907 2707 965 2762 S.
1007 2706 1204 2763 Leonis
1242 2708 1296 2762 in
1328 2707 1416 2762 die
1453 2708 1813 2765 ordinationis

220 2800 395 2863 habito
425 2801 651 2857 edoceri
682 2801 860 2856 vellet.

239 2953 242 2956 ,
283 2890 527 2947 XXXIX.
564 2893 566 2896 ’
601 2891 917 2948 Sermonem
960 2894 1104 2949 hunc
1128 2935 1142 2958 ,
1179 2896 1271 2964 qui
1321 2895 1530 2965 primus
1565 2897 1809 2952 omnium

215 2997 242 3037 a
272 2995 456 3040 sancto
490 2984 756 3042 Pontiﬁce
787 2987 1057 3043 dictorum
1087 2999 1430 3055 numeratur,
1474 2991 1606 3046 editi
1649 2991 1810 3046 Codi-

216 3090 319 3143 ces,
357 3079 528 3134 etiam
560 3080 653 3149 qui
682 3095 876 3150 nuper,
921 3081 1119 3136 factum
1149 3081 1335 3136 dicunt
1363 3084 1417 3135 in
1445 3084 1530 3137 die
1571 3084 1811 3138 anniver-

215 3175 348 3227 sario
383 3175 760 3245 assumptionis
795 3176 909 3246 ejus
951 3177 1020 3229 ad
1061 3175 1316 3230 Romamn
1354 3177 1491 3231 sedis
1529 3176 1733 3232 culmen
1759 3186 1807 3232 et

217 3279 359 3319 onus.
407 3265 703 3338 lrrepsisse
752 3283 937 3322 vocem
983 3267 1126 3324 hanc
1181 3269 1580 3334 anniversario,
1631 3240 1884 3326 sermoC

214 3353 323 3424 ipse
350 3357 511 3413 docet
533 3399 548 3424 ,
585 3373 750 3428 seque
787 3358 1030 3413 habitum
1064 3359 1116 3412 in
1148 3359 1264 3430 ipso
1303 3359 1687 3430 assumptionis
1724 3362 1812 3418 die

216 3451 498 3509 evidenter
523 3454 792 3520 ostendit;
824 3454 967 3525 quod
998 3453 1125 3523 quia
1163 3454 1472 3509 nonnullius
1511 3463 1594 3509 est
1628 3456 1697 3510 ad
1729 3455 1811 3510 hi-

214 3545 476 3600 storicam
514 3547 804 3601 veritatem
842 3545 1142 3611 momenti,
1180 3554 1234 3599 et
1275 3545 1518 3615 apprime
1562 3546 1813 3616 congruit

211 3632 349 3702 loco,
382 3637 438 3690 in
468 3652 576 3705 quo
604 3653 902 3701 versamur,
935 3639 1310 3707 exponendum
1341 3646 1426 3692 est
1451 3636 1808 3704 manifestius,

210 3742 273 3784 ac
323 3728 832 3797 comprobandum;
878 3728 974 3784 sed
1023 3728 1173 3798 prius
1224 3726 1583 3796 proferendus
1634 3741 1816 3783 sermo

215 3827 359 3876 totus
394 3837 409 3872 :

285 3931 303 3964 ι
326 3910 569 3966 Laudem
599 3911 816 3965 Domini
844 3911 1091 3982 loquatur
1112 3929 1168 3966 os
1191 3927 1382 3977 meum,
1405 3921 1452 3966 et
1477 3929 1660 3968 nomen
1686 3930 1813 3968 san-

217 4012 349 4056 ctum
378 4003 496 4073 ejus
520 4003 698 4056 anima
729 4021 845 4058 mea
876 4020 939 4058 ac
969 4005 1206 4074 spiritus,
1241 4021 1364 4058 caro
1385 4013 1432 4058 et
1460 4004 1641 4074 lingua
1661 4005 1812 4060 bene-

218 4096 350 4149 dicat
385 4093 560 4167 (Psal.
594 4110 774 4160 cxuv,
803 4113 849 4149 υ.
874 4095 986 4164 21).
1027 4094 1163 4162 Quia
1202 4111 1310 4150 non
1346 4097 1684 4161 verecunda),
1715 4098 1811 4152 sed

220 4185 435 4256 ingrata:
467 4189 666 4241 mentis
695 4188 949 4242 indicium
977 4196 1082 4250 est,
1104 4186 1366 4242 beneﬁcia
1393 4196 1570 4241 tacere
1593 4187 1806 4253 divina;

220 4287 268 4332 et
292 4279 422 4334 satis
451 4279 676 4349 dignum
703 4287 805 4343 est,
834 4293 864 4332 a
889 4277 1173 4332 sacriﬁciis
1203 4278 1494 4332 Dominicue
1521 4277 1694 4332 laudis
1716 4279 1812 4332 ob-

221 4373 455 4440 sequium
496 4373 800 4427 consecrati
842 4371 1118 4426 Pontiﬁcis
1159 4371 1446 4435 inchoare;
1474 4371 1598 4441 quia
1626 4372 1680 4424 in
1713 4371 1813 4424 hu-

219 4462 428 4518 militate
459 4474 644 4518 nostra
671 4479 868 4517 memor
895 4463 994 4532 fuit
1018 4464 1182 4516 nostri
1215 4461 1386 4534 (Psal.
1412 4477 1610 4527 cxxxv,
1641 4480 1686 4516 v.
1715 4461 1809 4533 25)

221 4554 500 4622 Dominus,
544 4565 598 4611 et
633 4555 908 4610 benedixit
960 4555 1161 4620 nobis;
1215 4554 1342 4624 quia
1383 4554 1504 4622 fecit
1541 4552 1808 4608 mirabilia

220 4662 398 4719 magna
425 4647 577 4704 solus
608 4646 771 4718 (Ibid.
812 4664 858 4701 v.
891 4645 982 4718 5),
1011 4654 1072 4700 ut
1097 4654 1420 4716 praesentem
1447 4660 1531 4698 me
1559 4651 1808 4699 cerneret

221 4751 401 4796 vestra:
437 4739 751 4796 sanctitatis
796 4737 1027 4801 affectio,
1071 4753 1233 4808 quem
1267 4737 1471 4793 fecerat
1508 4736 1807 4793 necessitas

223 4827 381 4902 longae
409 4830 872 4902 peregrinationis
906 4829 1184 4884 absentem

291 4942 307 4975 ι
332 4925 444 4996 Ago
469 4925 644 4995 igitur
669 4923 780 4979 Deo
797 4930 987 4978 nostro
1014 4924 1235 4991 gratias,
1267 4929 1322 4978 et
1347 4936 1564 4990 semper
1589 4928 1808 4976 acturus

226 5029 330 5069 sum
359 5034 450 5087 pro
491 5016 735 5070 omnibus
763 5031 881 5086 qua:
903 5015 1085 5070 tribuit
1113 5013 1240 5068 milii
1271 5010 1440 5084 (Psal.
1474 5027 1596 5079 cxv,
1629 5029 1674 5066 υ.
1707 5011 1760 5083 5)
1794 5028 1806 5066 :

225 5111 377 5164 vestri
424 5123 649 5182 quoque
699 5110 902 5166 favoris
945 5108 1230 5163 arbitrium
1273 5107 1454 5162 debita
1505 5106 1802 5178 gratiarum

228 5202 426 5258 actione
464 5201 815 5268 concelebro,
861 5201 1137 5256 evidenter
1176 5199 1502 5270 intelligens,
1541 5207 1806 5269 quantum

228 5291 348 5345 mihi
381 5293 594 5364 possint
632 5293 972 5357 reverentiae,
1015 5290 1217 5346 amoris
1246 5299 1300 5346 et
1331 5289 1478 5356 ﬁdei,
1509 5290 1688 5344 studia
1716 5304 1807 5345 ve-

230 5389 345 5436 strm
366 5383 671 5439 dilectionis
693 5381 1026 5453 impendere,
1056 5381 1360 5434 animarum
1387 5388 1693 5436 vestrarum
1723 5395 1809 5434 sa-

231 5468 384 5529 lutem
423 5476 683 5547 pastorali
727 5473 1068 5530 solicitudine
1106 5473 1362 5545 cupienti,
1407 5472 1498 5541 qui
1532 5481 1643 5526 tam
1681 5488 1808 5526 san-

235 5572 372 5619 ctum
390 5568 457 5623 de
487 5583 593 5632 me,
618 5565 778 5621 nullis
802 5563 1091 5621 admodum
1116 5562 1548 5632 praecedentibus
1576 5563 1806 5630 meritis,

229 5653 480 5723 judicium
516 5660 846 5732 protulistis.

233 5813 238 5816 _
306 5769 324 5801 ι
354 5752 592 5809 Obsecro
614 5754 777 5825 igitur
810 5767 909 5823 per
933 5749 1331 5806 misericordias
1366 5749 1597 5816 Domini,
1623 5751 1808 5822 juvate

237 5845 392 5909 votis.
422 5862 584 5918 quem
609 5847 892 5907 desideriis
916 5845 1239 5920 expetiistis,
1264 5852 1324 5900 ut
1352 5853 1406 5902 et
1438 5845 1671 5917 Spiritus
1695 5864 1812 5920 gra-

1908 1984 2087 2023 meam
2115 1969 2168 2022 in
2200 1986 2470 2024 summum
2507 1973 2734 2042 gradum
2762 1977 3034 2043 provehit,
3063 1979 3206 2046 quod
3236 1980 3511 2034 neminem

1911 2075 2134 2115 suorum
2163 2071 2464 2131 sperneret,
2497 2064 2890 2120 demonstravit
2915 2086 2925 2120 :
2952 2068 3094 2122 unde
3121 2069 3223 2123 etsi
3252 2085 3510 2124 necessa-

1911 2153 2054 2207 rium
2087 2154 2242 2224 173
2284 2163 2366 2210 est
2401 2156 2672 2226 trepidare
2708 2159 2775 2212 de
2813 2159 3038 2224 merito,
3086 2161 3395 2230 religiosum
3429 2173 3517 2218 est

1913 2252 2096 2299 tamen
2119 2245 2352 2316 gaudere
2380 2247 2446 2302 de
2471 2245 2634 2312 dono,
2665 2250 2921 2318 quoniam
2943 2251 3033 2320 qui
3058 2252 3188 2306 mihi
3224 2254 3406 2308 oneris
3429 2265 3517 2309 est

1915 2349 2094 2403 autor,
2123 2338 2237 2408 ipse
2276 2338 2408 2394 mihi
2436 2339 2528 2395 ﬁet
2554 2342 3045 2399 administrationis
3069 2345 3284 2416 adjutor
3317 2364 3328 2399 :
3359 2355 3414 2400 et
3445 2362 3516 2402 ne

1914 2432 2015 2487 sub
2061 2433 2433 2503 magnitudine
2469 2436 2655 2506 gratia:
2692 2439 3010 2493 succumbat
3042 2437 3326 2508 inﬁrmus,
3363 2438 3516 2494 dabit

1913 2514 2196 2590 virtutem,
2229 2525 2320 2594 qui
2351 2526 2578 2581 contulit
2609 2529 2948 2600 dignitatem.

1991 2635 2010 2668 ι
2038 2616 2372 2672 Recurrente
2395 2619 2560 2687 igitur
2583 2637 2679 2676 per
2708 2639 2863 2678 suum
2887 2626 3134 2682 ordinem
3158 2628 3266 2694 die,
3290 2645 3400 2701 quo
3429 2647 3519 2688 me

1913 2707 2176 2764 Dominus
2203 2711 2540 2781 Episcopalis
2560 2712 2719 2769 otlicii
2747 2716 2917 2770 voluit
2937 2717 3139 2774 habere
3160 2721 3514 2791 principium,

1912 2815 2044 2855 vera
2069 2801 2205 2854 mihi
2238 2800 2292 2854 in
2325 2801 2548 2871 gloriam
2574 2801 2668 2858 Dei
2691 2820 2853 2861 causa
2877 2815 2961 2862 est
2981 2808 3216 2874 lmtandi,
3241 2812 3332 2880 qui
3355 2813 3517 2879 mihi,

1912 2901 1972 2945 ut
2003 2891 2232 2945 multum
2273 2907 2302 2944 a
2344 2906 2432 2946 me
2474 2893 2809 2963 diligeretur,
2860 2896 3028 2950 multa
3069 2897 3308 2966 dimisit;
3354 2909 3409 2955 et
3456 2911 3518 2956 ut

1913 2985 2218 3040 mirabilem
2244 2984 2447 3041 faceret
2476 2988 2708 3057 gratiam
2732 3003 2906 3054 suam,
2934 2990 2986 3044 in
3015 3006 3138 3045 cum
3165 3008 3389 3047 munera
3416 3009 3517 3050 sua

1911 3078 2156 3145 contulit,
2212 3079 2263 3134 in
2318 3095 2424 3150 quo
2470 3081 2789 3136 meritorum
2831 3082 3084 3154 suffragia
3130 3101 3236 3140 non
3284 3087 3512 3144 invenit.

1915 3169 2033 3237 Quo
2065 3186 2228 3242 opere
2251 3186 2349 3226 suo
2379 3171 2670 3238 Dominus,
2702 3173 2832 3242 quid
2861 3163 3118 3231 cordibus
3147 3177 3349 3232 nostris
3377 3179 3514 3234 insi-

1915 3270 2069 3328 nuat,
2090 3262 2286 3332 quidve
2306 3264 2686 3329 commendat,
2709 3264 2811 3319 nisi
2835 3273 2895 3320 ut
2920 3265 2986 3320 de
2999 3265 3210 3334 justitia
3233 3283 3330 3323 sua
3355 3284 3518 3325 nemo

1913 3367 2233 3430 praesumat,
2265 3366 2321 3413 et
2345 3358 2412 3414 de
2437 3359 2609 3428 ipsius
2648 3359 3022 3415 misericordia
3065 3376 3225 3416 nemo
3269 3361 3519 3418 diuidat?

1914 3449 2044 3518 Quae
2090 3458 2220 3506 tunc
2260 3450 2564 3506 evidentius
2610 3452 2947 3521 praeeminet,
2995 3454 3214 3522 quando
3257 3464 3518 3523 peccator

1915 3542 2312 3606 sanctiﬁcatur,
2357 3551 2412 3596 et
2449 3541 2697 3611 al~jectus
2738 3541 2985 3612 erigitur.
3034 3541 3222 3610 Neque
3261 3543 3407 3597 enim
3447 3543 3518 3598 de

1915 3638 2178 3706 qualitate
2207 3644 2520 3690 nostrorum
2549 3651 2776 3705 operum
2803 3635 3002 3704 pendet
3028 3634 3332 3690 caélestium
3360 3651 3516 3692 mcu-

1916 3744 2045 3784 sura
2080 3728 2364 3791 donorum,
2397 3735 2490 3781 aut
2521 3727 2572 3781 in
2611 3727 2718 3782 isto
2745 3727 2960 3792 smculo,
3006 3727 3058 3781 in
3100 3742 3208 3798 quo
3254 3735 3367 3783 tota
3409 3729 3516 3782 vita

1916 3818 2132 3873 tentatio
2165 3829 2239 3872 est
2267 3815 2408 3889 (Job.
2440 3834 2536 3883 vn,
2579 3836 2628 3872 υ.
2666 3817 2741 3890 l),
2775 3819 2878 3873 hoc
2920 3819 3212 3888 unicuique
3255 3819 3518 3874 retribui-

1916 3919 2024 3977 tur,
2055 3909 2197 3981 quod
2231 3918 2493 3975 meretur,
2525 3910 2616 3964 ubi
2648 3912 2694 3964 si
2721 3910 3024 3980 iniquitates
3047 3910 3306 3966 Dominus
3335 3911 3512 3966 obser—

1913 4014 2080 4069 varet,
2119 4002 2296 4059 nullus
2325 4003 2590 4074 judicium
2624 4021 2778 4058 suum
2807 4006 3087 4060 sustineret
3125 4003 3296 4075 (Psal.
3324 4020 3512 4070 cxxrx,

1913 4115 1964 4152 υ.
1993 4097 2069 4170 5).

1991 4210 2009 4243 ‹
2038 4190 2377 4261 Magni/icate
2407 4205 2557 4262 ergo,
2582 4191 2945 4255 dilectissimi,
2967 4189 3247 4244 Dominum
3285 4207 3508 4256 mecum,

1913 4293 1962 4337 et
1997 4282 2285 4336 exaltemus
2333 4299 2519 4335 nomen
2565 4282 2680 4350 ejus
2725 4283 2782 4334 in
2832 4281 3051 4334 invicem
3095 4277 3266 4350 (Psnl.
3313 4296 3509 4346 χχχιιι,

1916 4390 1966 4426 υ.
1993 4372 2074 4442 4),
2101 4379 2160 4425 ιιι
2188 4379 2298 4425 tota
2339 4371 2481 4424 ratio
2517 4370 2851 4425 celebritatis
2879 4369 3156 4425 hodiernae
3195 4371 3262 4424 ad
3298 4370 3513 4427 laudem

1916 4462 1999 4517 sui
2025 4459 2294 4516 referatur
2320 4461 2526 4515 autoris
2552 4477 2563 4514 :
2592 4476 2717 4514 nam
2742 4461 2884 4530 quod
2906 4461 3124 4530 proprie
3157 4461 3224 4514 ad
3254 4460 3510 4518 affectum

1916 4553 2083 4607 animi
2117 4552 2225 4606 mei
2255 4551 2512 4622 pertinet,
2543 4550 2809 4606 conﬁteor
2839 4567 2924 4606 me
2961 4550 3251 4621 plurimum
3288 4553 3354 4608 de
3389 4569 3508 4609 om-

1912 4645 2061 4699 nium
2092 4653 2335 4700 vestrum
2365 4643 2653 4698 devotione
2688 4644 2953 4713 gaudere;
2989 4659 3220 4713 cumque
3247 4645 3387 4700 hanc
3414 4661 3507 4701 ve-

1911 4735 2233 4790 nerabilium
2259 4735 2704 4790 consacerdotum
2736 4749 2981 4790 meorum
3013 4734 3507 4804 splendidissimam

1911 4829 2278 4900 frequentiam
2321 4830 2502 4895 video,
2549 4827 2851 4898 angelicum
2881 4827 3039 4882 nobis
3081 4828 3135 4882 in
3185 4836 3264 4882 tot
3298 4830 3507 4884 sanctis

1913 4924 2088 4978 sentio
2125 4922 2390 4977 interesse
2431 4928 2776 4974 conventum.
2823 4918 2935 4975 Nec
2977 4919 3164 4974 dubito
3202 4934 3301 4975 nos
3337 4921 3510 4974 abun-

1913 5014 2161 5070 dantiore
2211 5011 2374 5068 hodie
2426 5010 2622 5065 divina:
2672 5011 2975 5080 prcesentiae
3029 5010 3200 5080 gratia
3254 5007 3504 5072 visitari,

1909 5107 2126 5177 quando
2151 5105 2309 5159 simul
2338 5103 2555 5170 adsunt,
2582 5112 2637 5158 et
2662 5119 2770 5158 uno
2804 5101 3007 5158 lumine
3045 5102 3246 5157 micant
3279 5107 3354 5152 tot
3389 5113 3508 5166 spe-

1911 5196 2210 5254 ciosissima
2249 5194 2596 5250 tabernacula
2626 5194 2746 5262 Dei,
2777 5202 2858 5250 tot
2895 5193 3135 5249 membra
3161 5187 3506 5244 excellentis-

1911 5288 2047 5342 sima
2076 5285 2320 5356 corporis
2345 5284 2567 5341 Christi.
2627 5333 2635 5343 .

1989 5399 2008 5430 (
2037 5379 2148 5435 Nec
2174 5380 2349 5444 abest,
2381 5387 2438 5433 ut
2461 5378 2696 5444 conﬁdo,
2726 5379 2794 5432 ab
2816 5378 2922 5431 hoc
2951 5379 3095 5428 coetu
3125 5371 3289 5432 etiam
3308 5370 3506 5430 beatis-

1913 5469 2037 5526 simi
2068 5469 2295 5539 apostoli
2322 5468 2467 5524 Petri
2497 5470 2586 5538 pia
2614 5467 2853 5538 dignatio
2889 5472 2946 5518 et
2979 5462 3083 5517 ﬁda
3119 5463 3374 5544 dilectio:
3400 5479 3502 5520 nec

1910 5573 2149 5619 vestram
2183 5564 2522 5618 devotionem
2546 5559 2926 5623 ille-deseruit,
2953 5555 3106 5626 cujus
3126 5571 3225 5612 nos
3247 5569 3504 5611 reveren-

1912 5659 1986 5712 tia
2032 5658 2395 5729 congregavit.
2467 5656 2542 5709 De
2591 5662 2768 5708 vestro
2821 5653 3002 5723 itaque
3045 5659 3099 5708 et
3144 5652 3260 5720 ipse
3306 5648 3503 5719 gaudet

1912 5751 2127 5815 affectu,
2165 5758 2220 5804 et
2252 5750 2306 5802 in
2343 5745 2687 5802 consortibus
2727 5746 2950 5801 honoris
2984 5745 3066 5800 sui
3095 5741 3500 5797 observantiam

1913 5843 2206 5900 Dominica:
2241 5837 2597 5896 institutionis
2627 5839 2985 5912 amplectitur,
3016 5835 3253 5909 probans
3280 5830 3506 5915 ordinanl
