4062 6438
536 322 637 389 ιιι

1771 324 1865 381 ΑΙ)
1899 317 2163 380 LIBRUM
2202 317 2317 379 ΒΗ.)
2327 319 2521 378 ΒΝῙΜ

3696 323 3803 381 μδ

537 442 809 521 tissimus
844 438 1010 498 totius
1048 437 1306 501 Ecclesia
1331 437 1681 503 claritatem,
1728 451 1834 507 qua
1871 436 1927 493 in
1959 433 2109 490 Petri
2134 436 2190 499 Α
2210 433 2357 501 Maii,
2378 448 2501 489 cum
2520 437 2766 488 vacasset
2785 429 3216 521 nimirumsedes
3239 429 3469 501 amplius
3487 430 3558 487 40
3585 432 3801 503 diebus,

538 533 667 590 sede
687 531 911 589 Petrum
940 531 1079 589 forte
1108 529 1355 603 suspicit,
1376 537 1435 587 et
1452 544 1483 583 a
1504 528 1641 585 tanti
1663 542 1847 587 amore
1862 525 2118 597 pastoris,

532 608 640 682 nec
668 624 724 681 in
756 639 990 697 persona
1018 630 1131 679 tam
1152 620 1374 693 imparis
1397 621 1626 692 tepescit
1653 618 1905 676 btet-edis.

608 715 680 772 Ut
726 730 856 789 ergo
906 715 1025 773 hate
1051 714 1247 784 pietas,
1289 712 1651 777 dilectissimi,
1673 726 1835 781 quam
1862 724 1990 780 erga
2019 708 2119 765 bu-

510 804 821 862 -militatem
841 820 1017 862 meam
1056 802 1385 860 unanimiter
1423 802 1724 866 exbibetis,
1764 799 1995 855 fructum
2035 797 2119 857 sui

534 896 703 951 studii
747 903 1151 965 consequatur,
1202 893 1769 953 misericordissimam
1812 890 1909 946 Dei
1949 888 2118 945 nostri

536 986 880 1042 clementiam
906 986 1176 1059 supplices
1196 985 1511 1050 obsecrate,
1543 991 1603 1038 ut
1626 984 1678 1037 in
1709 983 1897 1037 diebus
1920 979 2119 1035 nostris

526 1062 807 1151 expugnet
845 1078 1221 1153 impugnantes
1259 1092 1377 1141 nos,
1419 1076 1627 1133 muniat
1664 1075 1823 1129 ﬁdem
1858 1084 2119 1143 vestram,

535 1168 855 1241 multiplicet
899 1168 1236 1224 devotionem
1274 1183 1335 1227 ac
1379 1168 1755 1233 dilectionem,
1798 1176 1988 1238 augeat
2026 1180 2121 1235 pa-

536 1276 675 1328 cem,
707 1275 899 1331 meque
936 1258 1208 1314 servulum
1243 1275 1423 1326 suum,
1462 1275 1624 1329 quem
1665 1258 1733 1311 ad
1773 1258 2117 1317 ostendenda;

534 1354 743 1408 divitias
764 1355 950 1425 gratia:
964 1369 1094 1418 sum,
1117 1352 1496 1425 gubernaculis
1519 1353 1774 1408 Ecclesia:
1793 1354 1960 1408 voluit
1983 1370 2110 1425 prro-

534 1445 734 1510 sidere,
759 1443 1108 1500 sufﬁcientem
1135 1452 1283 1499 tanto
1303 1444 1473 1514 operi,
1503 1452 1557 1499 et
1583 1444 1768 1499 utilem
1799 1453 1993 1501 vestrte
2021 1447 2117 1500 de-

532 1532 763 1591 fensioni
791 1537 1041 1610 dignetur
1061 1534 1276 1591 efﬁcere
1298 1577 1311 1601 ,
1336 1546 1391 1591 et
1421 1533 1488 1589 ad
1512 1536 1614 1591 hoc
1647 1546 1888 1607 tempora
1920 1545 2120 1597 nostra:

532 1628 810 1683 servitutis
848 1628 1161 1692 extendere,
1212 1635 1272 1681 ut
1315 1626 1563 1697 proﬁciat
1620 1627 1923 1693 devotioni,
1977 1628 2122 1698 quod

529 1717 696 1773 fuerit
736 1718 963 1792 largitus
1006 1718 1177 1785 tutati,
1221 1733 1320 1789 per
1364 1716 1641 1773 Christum
1682 1716 1970 1775 Dominum
2017 1735 2117 1775 no-

528 1817 725 1865 strum.
778 1808 968 1863 Amen.

606 1899 767 1972 174
787 1898 1005 1953 XXXX.
1030 1898 1086 1954 Si
1115 1897 1373 1952 attentius
1394 1913 1573 1953 sermo
1595 1898 1991 1964 consideretur,
2013 1901 2121 1955 sin-

529 1991 763 2062 gulaque
794 1989 963 2061 ipsius
1001 1990 1311 2063 diligentius
1354 1992 1780 2062 perpendantur,
1812 1993 2117 2051 confectum

529 2085 785 2139 fatebitur
798 2084 1045 2155 quisque,
1075 2084 1127 2140 id
1150 2084 1294 2155 quod
1314 2084 1662 2140 intendimus.
1689 2085 1957 2153 Quorsum
1974 2088 2118 2143 enim

526 2179 693 2235 verba
724 2181 836 2234 haec
870 2197 885 2234 :
920 2198 938 2229 ‹
958 2178 1186 2251 Dignum
1215 2189 1298 2233 est
1325 2194 1354 2233 a
1381 2179 1662 2235 sacriﬁciis
1683 2179 1975 2235 Dominicze
2005 2178 2119 2233 lau-

516 2270 612 2351 dis
638 2272 954 2344 obsequium
984 2273 1282 2328 consecrati
1305 2272 1576 2345 pontiﬁcis
1605 2272 1886 2340 inchoare,
1914 2281 2121 2338 etc.,ut

524 2376 849 2436 praesentem
891 2379 979 2421 me
1018 2374 1267 2419 cerneret
1304 2374 1498 2419 vestra:
1539 2366 1845 2420 sanctitatis
1882 2364 2116 2431 affectio,

528 2471 691 2526 quem
711 2456 914 2512 fecerat
941 2456 1238 2511 necessitas
1260 2456 1432 2528 longa:
1454 2456 1905 2527 peregrinationis
1925 2457 2120 2513 absen-

524 2554 657 2613 tem,
681 2559 785 2605 etc.
806 2566 825 2615 ;
845 2549 1012 2605 vestri
1034 2564 1248 2620 quoque
1273 2548 1475 2603 favoris
1509 2549 1792 2603 arbitrium
1808 2548 1988 2605 debita
2002 2564 2119 2623 gra-

524 2641 725 2698 tiarum
762 2642 975 2699 actione
1010 2642 1352 2708 concelebra,
1392 2650 1497 2698 etc.
1546 2640 1783 2697 Obsecro
1814 2642 1997 2713 igitur,
2032 2644 2119 2715 iu»-

522 2745 649 2793 vate
673 2738 811 2793 votis
828 2778 844 2809 ,
872 2754 1036 2810 quem
1058 2738 1345 2797 desideriis
1371 2739 1673 2810 expetiistis
1690 2781 1705 2807 ,
1728 2748 1789 2797 ut
1809 2748 1865 2797 et
1884 2738 2118 2810 Spiritus

530 2830 727 2902 gratiae
743 2832 796 2886 in
825 2848 912 2886 me
935 2840 1170 2898 maneat,
1195 2841 1249 2888 et
1267 2831 1470 2903 judicia
1495 2840 1675 2889 vestra
1700 2848 1805 2889 non
1836 2830 2111 2898 ﬁuctuent,

526 2931 635 2978 etc.
683 2922 1063 2981 Honorabilem
1100 2925 1262 2997 igitur
1299 2925 1432 2981 mihi
1461 2925 1782 2982 hodiernum
1814 2924 1957 2980 diem
1988 2923 2118 2981 fecit

526 3011 709 3068 divina
734 3012 993 3086 dignatio,
1018 3030 1137 3086 quae
1160 3015 1287 3070 dum
1307 3015 1664 3071 humilitatem
1687 3030 1861 3072 meam
1888 3016 1942 3072 in
1964 3032 2116 3072 sum-

524 3120 673 3162 mum
707 3106 934 3179 gradum
969 3106 1238 3183 provehit,
1276 3115 1381 3163 etc.
1436 3105 1773 3163 Recurrente
1810 3100 1972 3180 igitur
2006 3106 2112 3173 die,

527 3213 635 3270 quo
683 3214 771 3255 me
816 3197 1079 3259 Dominus
1118 3199 1456 3275 Episcopalis
1504 3197 1665 3261 ofﬁcii
1701 3199 1871 3258 voluit
1913 3199 2114 3261 habere

526 3288 784 3359 ofﬁcium,
816 3300 924 3348 etc.
949 3313 969 3347 ι

601 3380 839 3439 XXXXI.
888 3383 1181 3454 Quorsum,
1221 3383 1463 3457 inquam,
1502 3384 1618 3440 haec
1653 3383 1841 3451 verba,
1881 3383 1929 3443 si
1959 3384 2115 3440 anni-

527 3475 802 3531 versarius
841 3476 959 3532 dies
989 3476 1285 3549 significari
1318 3477 1510 3533 debeat
1544 3485 1599 3533 et
1629 3491 1737 3532 non
1765 3479 1993 3548 ipsemet
2022 3492 2117 3531 ua-

527 3566 694 3621 talis?
734 3565 1001 3636 Quorsum
1034 3568 1265 3637 dicitur,
1304 3568 1603 3634 obsequium
1644 3570 1933 3624 consecrati
1972 3565 2117 3623 Pon-

527 3658 683 3729 tiﬁcis
709 3660 996 3717 inchoari?
1039 3660 1307 3729 Quorsum
1340 3662 1543 3719 mentio
1580 3661 1776 3717 reditus
1799 3680 1830 3716 a
1852 3659 2006 3733 longa
2028 3678 2116 3734 pe-

529 3751 875 3823 regrinatiotte
915 3753 940 3810 f
997 3754 1268 3823 Quorsum
1315 3755 1460 3812 actio
1503 3755 1804 3828 gratiarum
1856 3770 1956 3827 pro
2007 3755 2118 3810 ele-

529 3844 753 3902 ctione?
799 3845 1067 3915 Quorsum
1106 3848 1389 3918 praesentis
1430 3848 1692 3918 temporis
1730 3848 1956 3902 verbum
1995 3864 2119 3916 pro-

529 3935 683 4003 vehit,
714 3936 760 3992 si
782 3935 897 4007 jam
936 3954 1106 3993 unum
1143 3938 1337 3994 saltem
1372 3952 1579 3993 annum
1610 3944 1782 3993 totum
1810 3937 1864 3993 in
1901 3937 2121 3994 Pontiﬁ-

530 4025 634 4081 cali
657 4027 786 4082 sede
809 4027 1205 4099 transegisse”

603 4119 869 4176 XXXXII.
918 4121 991 4176 lis
1037 4120 1222 4191 igitur,
1268 4135 1299 4176 a
1349 4120 1546 4190 quibus
1596 4119 1737 4175 tituli
1777 4122 2118 4180 sermonibus

529 4210 728 4270 Leonis
764 4213 930 4270 additi
966 4219 1112 4277 sunt,
1150 4212 1527 4283 imposuerunt
1563 4212 1646 4267 bte
1680 4229 1864 4280 voces,
1912 4213 2116 4270 Recur-

532 4311 677 4359 rente
716 4305 879 4374 igitur
914 4302 1024 4370 die,
1061 4321 1161 4377 quo
1198 4320 1281 4359 me
1316 4303 1571 4360 Dominus
1604 4304 1930 4380 Episcopalis
1966 4308 2118 4379 oﬁicii

532 4397 695 4453 voluit
718 4397 909 4452 habere
936 4398 1269 4471 principium.
1327 4400 1468 4456 Visa:
1502 4409 1627 4457 sunt
1656 4404 1799 4458 enim
1836 4420 2117 4459 recursum

2218 533 2277 579 ut
2303 534 2386 579 est
2416 525 2468 579 in
2497 522 2766 579 Chronico
2804 522 3011 579 credito
3048 520 3327 592 Prosperi,
3360 522 3447 578 vel
3480 532 3541 580 ut
3572 525 3801 585 habetur

2217 617 2361 691 apud
2382 616 2725 672 emendatum
2746 614 3115 681 Anastasium,
3140 614 3212 669 42
3233 615 3445 673 diebus.

2297 730 2327 803 ᾗ
2351 730 2438 787 Vl.
2462 730 2540 787 De
2568 747 2730 787 causa
2751 728 2989 803 onorii
3014 726 3533 803 summiPantiﬁtis,
3556 739 3605 785 et
3642 729 3719 787 γι

2648 840 2655 843 ~
2741 799 2965 871 Synodis
2996 800 3275 870 generalis.

2286 894 2578 968 Attigimus
2620 893 2779 950 etiam
2817 894 2873 947 in
2897 894 3040 947 notis
3079 894 3151 947 ad
3189 894 3330 950 banc
3366 893 3801 965 professionem,

2214 974 2391 1061 pauca
2420 989 2484 1044 de
2513 986 2751 1045 Honorio
2780 1001 2935 1057 papa,
2968 985 3059 1055 qui
3090 992 3271 1040 tamen
3298 987 3350 1040 in
3382 1002 3447 1041 ea
3477 987 3799 1044 damnatur:

2218 1097 2395 1154 opera:
2410 1081 2637 1151 pretium
2657 1088 2764 1143 est,
2787 1081 2852 1133 tle
2876 1095 3038 1135 causa
3061 1087 3209 1132 tanta
3234 1080 3527 1144 disserere,
3548 1082 3806 1150 quoniam

2220 1188 2249 1229 a
2290 1171 2455 1227 variis
2494 1170 2642 1225 varie
2682 1170 2939 1239 agitatur,
2979 1178 3034 1225 et
3074 1183 3140 1223 ex
3179 1184 3243 1224 eo
3278 1169 3396 1223 loco
3423 1171 3578 1243 175
3609 1171 3665 1225 in
3700 1188 3805 1242 quo

2217 1277 2523 1327 versamur,
2554 1260 2765 1316 definiri
2798 1269 2994 1330 potest,
3019 1263 3287 1331 quomodo
3313 1262 3547 1317 diximus
3577 1264 3633 1317 in
3670 1264 3808 1321 Pue-

2220 1352 2440 1417 fatione,
2471 1353 2523 1407 id
2545 1362 2651 1417 est,
2680 1353 2826 1408 salva
2857 1353 2999 1408 sedis
3024 1353 3347 1424 Apostolicze
3373 1363 3431 1408 et
3456 1358 3807 1414 (rcumenicte

2222 1443 2425 1516 Synodi
2450 1446 2770 1501 reverentia.

2289 1535 2329 1589 Ι.
2378 1534 2590 1606 Anceps
2618 1536 2730 1590 visa
2756 1541 2839 1591 est
2862 1534 2914 1589 in
2944 1534 3090 1590 hunc
3113 1551 3281 1606 usque
3304 1537 3444 1592 diem
3470 1537 3807 1610 difﬁcilisque

2220 1624 2308 1679 illa
2333 1640 2519 1690 causa,
2547 1642 2650 1680 non
2676 1626 2787 1695 ipsa
2815 1642 2911 1697 per
2934 1642 3011 1693 se,
3036 1627 3254 1697 opinor,
3288 1629 3381 1683 sed
3414 1630 3671 1698 quoniam
3700 1631 3810 1686 ani-

2222 1730 2437 1770 morum
2491 1715 2705 1771 affectio
2760 1726 2981 1773 autores
3030 1718 3087 1773 in
3134 1727 3318 1790 partes
3370 1720 3808 1778 divisit:omnes

2142 1792 2193 1859 Β
2219 1810 2363 1864 enim
2403 1808 2517 1865 fere
2564 1811 2631 1864 ad
2678 1811 3097 1882 disputationem
3139 1812 3369 1869 afferunt
3406 1814 3809 1885 przejudicatam

2220 1902 2576 1966 sententiam,
2606 1901 2727 1957 aliis
2758 1903 3054 1957 Honorium
3093 1903 3400 1959 nolentibus
3440 1921 3470 1958 a
3513 1917 3666 1961 sexta
3711 1905 3811 1978 Sy-

2218 1993 2361 2049 nodo
2397 1993 2730 2056 damnatum,
2764 1993 2883 2048 aliis
2910 1994 3112 2064 aliquid
3149 1996 3482 2050 contrarium
3522 1997 3812 2053 Vehemen-

2219 2093 2305 2161 ter
2333 2085 2653 2142 volentibus.
2707 2087 2809 2154 Qui
2848 2087 3040 2143 nolunt
3064 2086 3397 2153 damnatum,
3429 2089 3503 2144 illi
3543 2099 3601 2144 ut
3642 2089 3813 2159 pluri-

2219 2194 2369 2233 mum
2397 2179 2732 2234 contendunt
2764 2187 2882 2234 acta
2923 2179 3147 2251 Synodi,
3193 2198 3312 2252 quae
3359 2182 3647 2247 habentur,
3692 2197 3814 2238 esse

2220 2280 2515 2340 corrupta;
2556 2280 2683 2327 sunt
2720 2281 2900 2326 tamen
2936 2288 3003 2326 ex
3046 2273 3111 2327 iis
3149 2273 3241 2343 qui
3285 2272 3558 2344 Synodum
3596 2288 3816 2327 errasse

2219 2372 2477 2433 pugnent.
2526 2363 2626 2431 Qui
2656 2363 2970 2418 damnatum
3007 2363 3211 2427 volunt,
3242 2365 3295 2419 hi
3327 2365 3525 2434 partim
3544 2362 3819 2419 affirmant

2222 2461 2500 2533 Synodum
2544 2477 2789 2527 errasse,
2834 2462 3031 2533 partim
3072 2461 3371 2515 Honorium
3412 2458 3817 2515 Monotbelimi

2222 2550 2537 2612 insimulant
2572 2554 2761 2625 :atqui
2792 2555 2894 2607 tria
2934 2554 3051 2609 btec
3090 2560 3344 2622 corrupta
3381 2567 3505 2606 esse
3544 2560 3686 2613 acta,
3730 2566 3818 2606 er-

2220 2662 2371 2703 rasse
2427 2644 2748 2719 Synodum,
2797 2645 3095 2700 llonorium
3145 2641 3549 2698 Monotbelitam
3606 2640 3813 2708 fuisse,

2222 2738 2456 2796 difﬁcilia
2522 2738 2771 2802 creditu,
2819 2738 2928 2793 imo
2972 2736 3347 2806 improbabilia
3395 2736 3593 2791 merito
3639 2734 3816 2790 videri

2221 2839 2467 2904 queunt:
2504 2846 2630 2884 nam
2671 2839 2923 2902 corrupta
2963 2845 3082 2885 esse
3123 2837 3265 2894 acta,
3309 2843 3470 2883 nemo
3499 2843 3641 2883 nunc
3670 2822 3818 2881 aﬂir-

2220 2931 2436 2980 manter
2476 2921 2800 2987 defenderit,
2840 2921 2933 2992 qui
2962 2921 3103 2976 bona
3132 2920 3239 2977 ﬁde
3266 2935 3380 2975 rem
3410 2928 3565 2991 agat;
3602 2917 3819 2990 reliqua

2222 3025 2405 3071 autem
2434 3016 2539 3071 duo
2565 3013 2844 3071 offendunt
2882 3014 3092 3070 animos
3127 3028 3337 3078 eorum,
3375 3012 3466 3085 qui
3507 3010 3590 3065 vel
3637 3009 3822 3079 Syno-

2225 3108 2372 3173 dum,
2406 3109 2491 3164 cui
2520 3108 2777 3179 praesedit
2806 3107 3041 3178 Spiritus
3063 3115 3312 3172 sanctus;
3348 3103 3431 3160 vel
3462 3103 3641 3159 sedem
3667 3103 3820 3171 Apo-

2221 3201 2494 3266 stolicam,
2526 3200 2578 3255 in
2612 3215 2721 3272 qua
2748 3199 2882 3257 ﬁdes
2907 3198 3053 3256 Petri
3087 3196 3440 3255 immobiliter
3467 3203 3683 3262 manet,
3712 3210 3820 3250 ve-

2218 3301 2483 3349 nerantur
2518 3302 2570 3347 et
2604 3292 2805 3347 colunt.

2288 3386 2349 3440 ll.
2403 3382 2593 3455 Opere
2639 3383 2873 3453 pretium
2922 3391 3045 3448 est,
3089 3381 3560 3437 incredibilitatem
3615 3378 3826 3433 borum

2218 3477 2385 3533 trium
2415 3475 2807 3542 demonstrare,
2840 3482 2901 3528 ut
2931 3472 3189 3528 discussis
3226 3484 3487 3524 vanarum
3518 3484 3823 3524 commen-

2218 3569 2483 3625 tatiouum
2520 3566 2751 3632 nebulis,
2795 3566 2997 3623 veritas
3035 3564 3315 3638 affulgcns,
3359 3570 3413 3619 et
3450 3572 3694 3618 actorum
3742 3562 3832 3616 in-

2222 3659 2481 3733 tcgritati,
2526 3667 2581 3714 et
2621 3657 2825 3733 Synodi
2872 3658 3173 3724 sententiae,
3217 3667 3271 3714 et
3310 3657 3456 3714 sedis
3488 3653 3828 3728 Apostoiica

2218 3753 2340 3826 puri
2349 3752 2465 3817 lati,
2495 3751 2799 3808 honoriﬁce
2828 3751 3098 3807 consulat.
3671 3753 3686 3764 ‘

2291 3844 2377 3899 Ill.
2431 3842 2502 3898 Ut
2536 3842 2589 3897 id
2618 3859 2746 3897 vero
2781 3852 3087 3912 praestetur,
3127 3840 3464 3911 probandum
3500 3845 3587 3893 est
3609 3836 3819 3923 primo,

2222 3935 2520 3990 adulterata
2553 3948 2658 3987 non
2691 3931 2858 3987 fuisse
2887 3942 3005 3987 acta
3034 3941 3201 3986 sextze
3232 3928 3456 3999 Synodi,
3485 3935 3600 3981 tum
3628 3927 3698 3981 ab
3718 3922 3823 3982 eal-
3882 3922 3895 3933 ⁸

2218 4028 2343 4084 dem
2384 4025 2603 4096 Synodo
2639 4024 2933 4081 Honorium
2981 4040 3040 4079 re
3080 4025 3193 4094 ipsa
3236 4022 3572 4088 damnatum,
3620 4026 3822 4090 postea

2220 4136 2322 4176 nec
2350 4118 2496 4172 illam
2534 4132 2770 4182 errasse,
2808 4131 2909 4171 nec
2933 4115 3080 4170 illum
3110 4114 3583 4170 Monothelitarum
3613 4109 3817 4167 interest

2219 4212 2479 4269 infectum
2504 4208 2702 4275 fuisse;
2739 4210 2831 4265 sed
2873 4210 3025 4283 prius
3063 4210 3130 4266 de
3162 4208 3575 4266 Monothelismo
3607 4203 3819 4277 aliquid

2216 4306 2458 4366 breviter
2475 4303 2884 4375 prtelibandum.

2287 4403 2376 4459 1V.
2408 4402 2573 4456 Docet
2600 4400 2704 4454 tria
2738 4398 2872 4453 ﬁdes
2895 4398 3181 4464 catholica,
3207 4414 3247 4451 ι.
3280 4397 3415 4451 duas
3439 4410 3559 4450 esse
3580 4394 3637 4448 in
3653 4390 3817 4448 Chri-

535 4486 890 4542 anniversarii
921 4487 1048 4554 diei,
1087 4498 1140 4545 et
1171 4503 1281 4545 non
1320 4489 1489 4547 solius
1531 4487 1703 4560 ferite,
1744 4500 1867 4564 post
1908 4501 2113 4562 septem
2136 4522 2192 4587 Β
2219 4504 2302 4552 sto
2325 4502 2572 4556 naturas,
2597 4491 2833 4570 divinam
2857 4501 2911 4546 et
2935 4492 3255 4555 humanam;
3281 4505 3341 4543 ιι.
3365 4504 3457 4543 eas
3480 4484 3815 4541 substantia-

534 4577 923 4647 bebdomadas,
944 4579 1187 4636 innuere.

607 4667 892 4725 XXXXlll.
946 4671 1097 4728 Adde
1148 4671 1291 4743 quod
1335 4671 1586 4742 adjuncta
1629 4672 1809 4728 omnia
1856 4671 2113 4728 historica

533 4761 817 4818 electionis
840 4763 1330 4836 assumptionisque
1358 4766 1588 4838 idipsum
1623 4764 1913 4819 ostendunt
1945 4777 1959 4817 :
1988 4779 2113 4819 nam

539 4868 661 4908 tum
694 4851 878 4911 Sixtus
907 4870 1204 4927 prtecessor
1237 4856 1459 4912 exiisset
1484 4872 1514 4913 e
1540 4856 1648 4911 vita
1686 4855 1773 4911 die
1810 4855 1885 4912 28
1915 4854 2112 4923 Martii,

536 4942 645 5002 Leo
672 4947 762 5017 qui
787 4948 972 5019 procul
1001 4949 1055 5004 in
1090 4948 1277 5006 Galliis
1298 4990 1314 5016 ,
1348 4949 1415 5004 ad
1444 4948 1872 5005 reconciliandos
1900 4947 2114 5004 Actium

536 5048 591 5095 et
619 5039 870 5096 Albinum
899 5040 1251 5106 dissidentes,
1282 5039 1631 5104 versabatur,
1666 5040 1904 5094 unanimi
1936 5039 2116 5095 studio

538 5131 743 5188 electus
782 5140 888 5199 est,
926 5134 1197 5204 missaque
1241 5131 1524 5203 legatione,
1566 5129 1813 5197 Romam,
1851 5148 1956 5203 quo
1996 5139 2117 5204 post

540 5222 894 5294 quadraginta
939 5223 1054 5279 dies
1085 5222 1251 5287 venit,
1288 5219 1355 5274 ad
1397 5220 1769 5290 pontiﬁcatum
1820 5222 2116 5277 ineundum

539 5324 863 5382 revocatus;
892 5330 999 5387 quo
1024 5314 1283 5387 temporis
1316 5314 1600 5373 intervallo
1630 5324 1685 5370 et
1714 5315 1845 5369 mira
1883 5315 2115 5387 quadam

539 5420 673 5478 pace
699 5406 879 5463 omnia
914 5416 1183 5465 transacta
1219 5415 1370 5474 sunt,
1401 5415 1456 5462 et
1497 5407 1713 5481 plurimi
1752 5406 2015 5463 Praesules
2051 5406 2120 5461 ad

540 5497 901 5557 ordinationis
936 5500 1285 5559 festivitatem
1328 5500 1704 5558 conﬂuxerunt
1729 5542 1743 5565 ,
1784 5509 1838 5556 et
1882 5500 2121 5556 maximo

545 5590 786 5646 omnium
810 5591 1002 5665 plausu
1028 5605 1245 5663 peracta
1280 5594 1640 5656 consecratio,
1681 5601 1993 5645 recurrente
2014 5591 2125 5647 ele-

544 5684 736 5741 ctionis
762 5685 876 5749 die.
904 5695 963 5742 ut
991 5686 1222 5749 scilicet,
1250 5687 1341 5756 qui
1365 5686 1568 5740 electus
1598 5685 1771 5736 fuerat
1798 5681 1928 5736 feria
1951 5684 1985 5739 6
2004 5700 2122 5754 qute

546 5774 662 5835 dies
687 5777 756 5837 29
784 5777 982 5847 Martii,
1003 5779 1348 5837 ordinaretur
1370 5776 1560 5836 eadem
1586 5776 1738 5847 feria,
1767 5791 1889 5849 quae
1914 5779 2029 5839 dies
2056 5781 2120 5837 io

2216 4590 2343 4645 liter
2389 4584 2675 4658 conjungi;
2710 4603 2792 4640 ιιι.
2828 4585 3261 4655 coniunctionem
3305 4582 3447 4637 hanc
3485 4576 3814 4632 substantia-

2217 4679 2323 4735 lem
2360 4695 2480 4735 esse
2522 4687 2733 4732 tantum
2774 4677 3189 4749 hypostaticam.
3243 4668 3664 4727 Substantialem
3708 4680 3809 4721 na-

2220 4779 2464 4825 turarum
2490 4770 2785 4825 unitionem
2809 4768 2994 4839 aliqui,
3024 4783 3145 4822 cum
3168 4764 3381 4833 assequi
3409 4777 3516 4817 non
3542 4758 3808 4828 valerent,

2218 4861 2707 4918 Nestorianismnm
2752 4862 2816 4917 de
2856 4860 3064 4915 duabus
3101 4857 3152 4911 in
3187 4856 3406 4911 Christo
3436 4853 3683 4925 personis
3715 4865 3810 4906 ex-

2221 4956 2556 5026 cogitarnnt;
2585 4955 2674 5009 alii
2709 4970 2831 5010 cum
2861 4952 3160 5021 intelligere
3181 4964 3284 5002 non
3307 4955 3527 5020 possent
3557 4946 3811 5001 substan-

2223 5048 2407 5103 tialem
2463 5047 2748 5109 unionem,
2810 5057 2929 5112 qua:
2978 5039 3312 5112 bypostatica
3374 5046 3580 5093 tantum
3638 5040 3804 5101 esset,

2223 5138 2475 5195 bteresim
2498 5137 2564 5190 de
2590 5151 2697 5189 una
2721 5134 2774 5188 in
2808 5131 3025 5187 Christo
3061 5138 3254 5184 natura
3288 5134 3631 5201 pepererunt.
3674 5124 3808 5180 Pec-

2223 5236 2415 5283 carunt
2442 5227 2495 5282 bi
2528 5233 2581 5279 et
2621 5224 2727 5288 illi,
2767 5222 2858 5277 sed
2907 5221 3117 5292 priores
3160 5235 3257 5292 per
3296 5219 3585 5283 defectuum,
3636 5216 3807 5272 solam

2222 5317 2474 5372 unionem
2503 5335 2753 5387 σχιτικην
2781 5322 3174 5383 agnoscenies;
3208 5309 3536 5382 posteriores
3572 5321 3672 5379 per
3707 5321 3805 5361 ex-

2223 5424 2465 5472 cessum,
2502 5405 2798 5475 tingentes,
2838 5415 2927 5461 aut
2958 5405 3193 5461 Verbum
3234 5403 3559 5459 informasse
3583 5412 3806 5456 carnem

2223 5500 2396 5555 instar
2429 5498 2620 5553 anima:
2654 5512 2717 5553 ac
2749 5498 2965 5562 mentis,
3000 5503 3094 5552 aut
3119 5503 3340 5550 naturas
3375 5494 3511 5547 duas
3552 5488 3805 5546 confusas

2220 5590 2406 5651 fuisse,
2443 5599 2535 5644 aut
2564 5588 2884 5644 ineffabilem
2916 5589 3204 5659 quamdam
3229 5586 3450 5642 alterius
3491 5584 3543 5638 in
3578 5582 3803 5637 alteram

2221 5685 2513 5755 contigisse
2538 5685 2967 5748 conversionem,
2992 5697 3095 5754 qua
3120 5680 3291 5744 ﬁeret,
3306 5672 3373 5734 ἰιι
3393 5694 3517 5734 cum
3542 5685 3667 5731 ante
3689 5673 3802 5728 uni-

2222 5782 2424 5838 tionem
2450 5778 2570 5838 dute
2600 5779 2929 5849 extitissent,
2957 5782 3080 5851 post
3105 5774 3403 5835 unitionem
3432 5772 3593 5828 unica
3622 5783 3797 5826 rema-
