4062 6452
285 310 382 367 ιιιο

1234 279 1852 356 DlSSER'l‘ATlONES.
1892 328 1963 342 —
2001 298 2458 359 DISSERTATIO
2483 301 2548 358 ll.

3431 303 3533 358 £50

281 430 445 488 nerei,
472 419 563 476 sed
587 433 706 489 qua:
728 426 909 474 tamen
939 415 1163 474 alterius
1187 417 1425 488 speciem
1453 416 1736 485 retineret,
1757 431 1848 474 ea-
1871 424 1930 486 Α
1950 418 2179 490 logetico
2209 421 2280 474 ad
2315 419 2707 487 Theodosium,
2760 419 2904 474 uniri
2956 420 3381 479 substantialiter
3426 437 3535 482 non

278 531 376 585 que
403 529 458 568 se
487 511 753 566 indueret.

345 599 402 662 ν.
456 603 666 658 Primus
697 619 850 658 error
880 601 979 657 fuit
1019 602 1348 657 Arianorum
1389 610 1446 658 et
1480 601 1837 674 Apollinarii;

275 696 532 756 secundus
571 693 902 761 Polemonis;
946 704 1250 766 postremus
1291 694 1574 766 Eutychis,
1608 702 1700 748 aut
1737 693 1843 746 Ar-

275 804 544 846 menoruni
574 790 754 861 potius
783 787 1199 856 Monachorum,
1229 787 1326 859 qui
1375 787 1544 844 deliro
1571 787 1688 844 seni
1714 785 1840 842 illu~

272 890 472 941 serunt.

334 974 417 1030 Vl.
465 974 733 1044 Eutyches
773 973 938 1046 igitur
966 971 1402 1028 lncarnationem
1436 985 1502 1026 eo
1531 969 1649 1026 fere
1680 968 1842 1025 modo

266 1061 457 1119 factam
479 1066 733 1130 asseruit,
756 1059 914 1137 176
936 1081 1042 1134 quo
1069 1064 1244 1119 solent
1267 1062 1531 1118 Catholici
1557 1077 1840 1117 consecra-

266 1158 456 1213 tionem
472 1157 847 1221 Eucharistias,
872 1157 1226 1212 conversione
1246 1155 1451 1210 scilicet
1473 1155 1698 1208 alterius
1719 1154 1842 1207 sub-

259 1251 466 1308 Stantia:
480 1249 534 1303 in
550 1250 798 1317 alteram,
814 1251 992 1320 specie
1005 1250 1147 1305 illius
1164 1266 1284 1320 qua:
1297 1249 1652 1313 convertitur,
1672 1263 1841 1301 rema-

257 1350 410 1397 nente
439 1342 709 1414 alterique
747 1344 1060 1398 adbzereute
1092 1362 1106 1397 :
1141 1343 1356 1398 dicebat
1376 1323 1570 1413 nempe
1591 1352 1840 1397 naturam

253 1433 567 1501 humanam,
599 1452 722 1490 cum
770 1434 989 1489 Verbum
1020 1452 1144 1490 caro
1169 1435 1368 1504 [herum
1398 1444 1497 1501 est,
1523 1448 1842 1490 conversam

249 1521 317 1577 ita
339 1525 392 1577 in
423 1524 686 1592 Verbum,
715 1537 772 1580 ut
802 1537 1106 1582 remaneret
1136 1537 1315 1582 tamen
1341 1529 1577 1582 humana
1609 1526 1839 1596 species,

247 1631 346 1685 qua
389 1619 642 1673 indutum
692 1621 920 1674 Verbum
950 1620 1175 1689 perinde
1213 1620 1520 1675 incurreret
1550 1619 1606 1674 in
1635 1618 1840 1673 oculos.

244 1721 305 1760 ac
337 1707 550 1763 Christi
585 1725 802 1780 corpus,
836 1712 1018 1780 Specie
1048 1714 1206 1781 panis
1239 1719 1365 1780 pest
1398 1721 1678 1780 peractam
1711 1724 1842 1766 con-

243 1800 550 1855 versionem
582 1813 901 1858 remanente
933 1802 1266 1866 obvelatum,
1297 1803 1428 1857 l'erit
1450 1817 1662 1858 sensus.

309 1892 412 1947 ΠΙ.
462 1895 604 1950 Inde
643 1911 771 1950 vero
801 1899 1274 1965 consequebantur
1302 1897 1568 1964 plurima,
1601 1895 1695 1951 sed
1726 1894 1844 1951 haec

239 1985 472 2040 maxime
506 2002 638 2041 sex:
672 2004 707 2041 ι.
738 1988 950 2042 unicam
979 2003 1102 2042 esse
1139 1989 1318 2056 reipsa
1365 1997 1491 2055 post
1539 1987 1840 2042 unitiouem

236 2084 509 2138 naturain,
544 2092 670 2131 cum
697 2087 856 2132 antea
903 2078 1135 2132 fuissent
1165 2079 1303 2144 dum,
1345 2078 1530 2147 itaque
1565 2079 1841 2148 interpre-

235 2170 439 2224 tabatur
465 2170 749 2241 Eutyches
781 2173 968 2242 Cyrilli
995 2173 1198 2228 dictum
1230 2174 1296 2228 de
1325 2188 1432 2226 una
1470 2182 1594 2241 post
1639 2173 1840 2227 unitio-

231 2277 349 2318 nem
379 2265 668 2319 incantata
700 2265 858 2322 Verbi
880 2276 1108 2332 natura;
1138 2283 1200 2322 ιι.
1225 2269 1506 2322 Christum
1526 2281 1645 2323 esse
1665 2267 1840 2324 Deum

231 2355 518 2419 ούσιωδῶς,
568 2358 844 2413 hominem
881 2363 1102 2428 specie;
1135 2376 1216 2413 ιιι.
1264 2360 1500 2414 Verbum
1544 2375 1669 2414 vere
1715 2375 1839 2417 esse

229 2455 413 2501 natum
447 2457 527 2501 ex
564 2448 818 2518 Virgine,
852 2464 977 2503 vere
1009 2466 1231 2519 passum
1258 2466 1324 2506 ae
1355 2452 1676 2505 crucilixmu
1707 2467 1720 2516 ;
1761 2466 1832 2504 iv.

230 2539 442 2592 unicam
479 2539 653 2596 fuisse
709 2543 912 2598 Christi
970 2546 1380 2612 operationem,
1436 2559 1597 2598 unam
1646 2544 1840 2599 volun-

230 2635 438 2694 tatem;
491 2646 544 2684 v.
592 2633 891 2688 adhzrsisse
918 2634 1218 2704 Eutycbcm
1263 2635 1480 2690 Dowtis
1529 2635 1838 2704 haereticis,

229 2731 332 2793 qua
352 2732 516 2794 parte
536 2730 771 2795 negabat
791 2729 1088 2782 humanam
1101 2736 1351 2782 naturam
1375 2729 1553 2798 reipsa
1575 2743 1798 2786 manere
1817 2746 1838 2796 ;

228 2829 302 2872 vi.
329 2823 946 2891 consensisseexparte
985 2823 1119 2878 Axio
1161 2832 1216 2876 et
1258 2820 1616 2891 Apollinario,
1661 2822 1838 2891 perfe-

228 2919 365 2966 ctam
399 2929 517 2968 non
554 2915 973 2984 agnoscentibus
997 2915 1052 2969 in
1075 2914 1292 2970 Christo
1329 2916 1748 2969 humanitatem.

295 2998 427 3059 \‘lll.
472 3007 650 3060 Error
691 3008 804 3074 ille,
843 3017 900 3062 ut
935 3009 1331 3079 potentissimis
1369 3011 1582 3064 duobus
1617 3008 1832 3063 niteba-

228 3104 314 3152 tur
340 3099 634 3167 praasianis,
670 3102 996 3155 auctoritate
1025 3101 1246 3172 Cyrilli,
1291 3109 1554 3157 catenata
1589 3101 1826 3170 quidem,

1941 530 2124 586 posse,
2162 515 2256 570 sed
2297 523 2559 585 σχιτικῶς
2606 523 2836 580 tantum,
2879 529 3001 585 qua:
3041 515 3252 586 singula
3295 515 3536 584 perfecta

1943 613 2146 671 essent,
2172 613 2330 674 atque
2361 606 2434 659 ita
2454 619 2520 658 eo
2546 603 2770 674 requiri,
2793 613 2853 658 ut
2877 604 3078 672 aliquid
3100 606 3191 656 uni
3214 605 3375 669 desit,
3395 603 3537 674 quod

1943 696 2014 751 ab
2026 695 2194 750 altero
2211 695 2522 764 suppleatur
2547 709 2810 765 :cumque
2829 693 3138 764 illud,quod
3165 689 3320 763 177
3349 693 3538 749 deesse

1943 788 2187 855 deberet,
2216 789 2271 844 in
2307 798 2497 844 neutra
2529 797 2722 844 natura
2753 790 2993 860 reperire
3017 799 3270 860 possent;
3309 796 3539 860 utraque

1943 879 2088 934 enim
2123 880 2330 951 integra
2368 889 2424 934 et
2460 880 2702 950 perfecta
2734 881 2911 935 inerat
2941 880 3179 945 Christo,
3211 881 3394 936 divina
3425 867 3542 950 qui-

1942 968 2087 1034 dem,
2119 971 2247 1040 quia
2273 971 2502 1041 simp'ex
2526 980 2638 1038 est;
2663 973 2899 1026 humana
2926 987 3079 1038 vero,
3107 972 3362 1044 quoniam
3384 973 3539 1028 carni

1940 1079 2118 1132 neque
2139 1065 2316 1118 anima
2341 1066 2575 1120 humana
2604 1065 2811 1132 deerat,
2844 1080 3020 1134 neque
3042 1081 3215 1120 mens.
3256 1065 3317 1120 ld
3339 1065 3396 1119 in
3417 1081 3538 1135 ope-

1942 1157 2156 1216 ratione
2183 1159 2490 1225 ponendum
2515 1167 2864 1225 censuerunt,
2899 1167 3062 1230 atque
3093 1158 3170 1212 ita
3203 1174 3367 1213 unam
3395 1159 3542 1212 dixe-

1943 1257 2074 1303 runt
2109 1264 2230 1303 esse
2273 1248 2476 1304 Christi
2513 1252 2881 1321 operationem
2909 1259 2964 1305 et
2993 1267 3153 1306 unam
3191 1251 3405 1316 θελησιν,
3443 1264 3538 1304 seu

1941 1343 2298 1408 voluntatem,
2327 1360 2558 1414 eamque
2587 1345 2862 1412 divinam;
2884 1344 3024 1401 unde
3049 1345 3213 1399 etiam
3236 1342 3384 1397 nacti
3405 1347 3533 1396 sunt

1945 1431 2364 1510 appellationem
2388 1433 2881 1488 Monothehtarum.

2017 1523 2131 1578 ΧΠ.
2175 1523 2436 1590 Fuerunt,
2467 1523 2670 1590 fateor,
2697 1533 3018 1596 argumenta
3066 1525 3190 1588 alia,
3225 1523 3420 1595 quibus
3469 1538 3529 1578 se

1945 1618 2294 1690 postmodum
2339 1619 2563 1674 haeresis
2591 1618 2840 1674 stabilire
2875 1627 3071 1674 conata
3117 1627 3237 1674 est:
3272 1618 3370 1673 sed
3413 1627 3531 1672 erat

1945 1711 2282 1780 praecipuum
2329 1710 2387 1764 in
2413 1725 2497 1774 eo,
2537 1711 2682 1780 quod
2725 1707 2864 1775 dixi,
2901 1709 3217 1780 praesidium
3258 1713 3304 1764 si
3339 1707 3534 1773 modo,

1867 1814 1916 1875 Β
1945 1801 2088 1870 quod
2141 1801 2317 1856 visum
2370 1803 2624 1858 omnibus
2676 1801 2794 1860 fere
2844 1805 3208 1858 communiter
3258 1803 3540 1868 Pati-ibus,

1946 1895 2314 1950 Monothelita:
2355 1897 2498 1951 inter
2554 1898 2947 1968 Eutycbianos,
3003 1907 3096 1950 aut
3144 1897 3544 1966 Apolinaristas

1945 1988 2128 2062 potius
2158 1997 2450 2042 censentur
2480 2007 2494 2041 :
2544 2004 2672 2042 nam
2722 1988 2828 2042 alia
2876 1987 2986 2053 illa,
3021 2002 3142 2056 qua:
3174 1987 3541 2058 protulerunt,

1945 2081 2214 2134 adducere
2243 2096 2343 2150 pro
2375 2096 2434 2135 se
2461 2081 2562 2150 ipsi
2595 2095 2814 2150 quoque
2847 2089 3140 2150 potuerunt
3188 2078 3500 2134 Nestor-iani
3521 2117 3539 2144 ,

1944 2173 2039 2244 qui
2088 2186 2277 2227 revera
2317 2172 2682 2228 Monothelita:
2721 2173 3054 2238 extiterunt,
3096 2180 3389 2240 antequam
3436 2170 3542 2225 hoc

1949 2282 2150 2324 nomen
2182 2267 2465 2322 audiretur
2495 2284 2507 2319 :
2542 2265 2873 2321 deﬁniebant
2896 2265 3106 2321 scilicet
3134 2263 3410 2318 Christum
3440 2264 3542 2316 ho-

1945 2360 2153 2413 minem
2197 2374 2228 2414 a
2261 2359 2438 2414 Verbo
2467 2360 2846 2434 ἐνεργούμενον,
2879 2359 3207 2427 aiebantque
3257 2357 3534 2410 hominem

1944 2450 2112 2506 divini
2154 2451 2315 2506 Verbi
2359 2465 2570 2504 merum
2619 2465 2739 2505 esse
2794 2451 3240 2515 instrumentum,
3297 2449 3540 2518 illudque

1943 2541 2124 2596 simile
2154 2542 2532 2607 ferramentis,
2578 2543 2778 2612 quibus
2827 2543 3021 2597 artit‘cx
3067 2543 3257 2607 utitur,
3312 2543 3538 2611 quibus-

1943 2651 2050 2706 que
2078 2643 2286 2691 motum
2313 2637 2602 2707 imprimit,
2630 2652 2756 2691 cum
2791 2651 2825 2690 a
2857 2652 2918 2692 se
2947 2636 3156 2691 nullum
3183 2651 3410 2708 prorsus
3438 2639 3534 2692 ha-

1941 2730 2128 2786 beant.

2015 2821 2149 2876 χιιι.
2187 2821 2320 2876 lnde
2369 2819 2574 2876 factum
2612 2827 2718 2886 est,
2757 2828 2822 2876 ut
2873 2820 2930 2874 in
2961 2817 3193 2890 epistola
3240 2819 3542 2890 Agathonis

1937 2927 2093 2985 papa:
2123 2915 2192 2969 ad
2235 2913 2664 2970 Constantinum.
2707 2916 3124 2984 imperatorem,
3149 2927 3270 2981 quae
3301 2913 3355 2964 in
3387 2919 3542 2967 sexta

1940 3007 2164 3081 Syuolo
2189 3016 2298 3065 aet.
2326 3008 2363 3063 4
2391 3009 2594 3065 reiecta
2619 3017 2725 3072 est,
2762 3008 2906 3062 inter
2935 3006 3270 3062 recensenda
3298 3005 3541 3060 testimo-

1938 3109 2030 3166 nia
2072 3108 2457 3165 hereticorum
2501 3121 2598 3178 pro
2646 3122 2755 3161 una
2794 3106 3136 3176 operatione,
3179 3103 3248 3158 de
3287 3100 3538 3156 Nestorio

227 3190 580 3256 Mcreuita;
605 3201 801 3246 etvera
823 3193 1087 3263 Eutycius
1108 3194 1834 3263 formidatosaqwmropter
1858 3184 1904 3248 C
1938 3202 2058 3257 Ιιειξε
2088 3201 2412 3256 habeantur.
2450 3218 2470 3252 ε
2499 3201 2636 3255 item
2661 3215 2732 3255 ex
2759 3199 2903 3254 libro
2941 3213 2993 3252 iv
3027 3195 3264 3251 Nestorii
3293 3194 3532 3250 homini-

228 3285 628 3360 Chrysaphium
663 3291 1010 3354 Eunuchum,
1041 3292 1304 3360 potentia,
1347 3291 1428 3344 ita
1461 3290 1656 3362 exiguo
1691 3297 1832 3345 tem-

226 3394 358 3452 pore
394 3383 794 3440 incredibiliter
830 3384 1098 3440 invaluit:
1129 3400 1256 3439 nam
1295 3393 1352 3439 et
1384 3383 1683 3456 A‘lgyptum
1719 3385 1833 3440 fere

227 3480 399 3528 totam
438 3475 698 3540 obtinuit,
738 3465 959 3546 propter
994 3476 1184 3547 Cyrilli
1215 3491 1454 3544 nomen;
1485 3489 1542 3532 et
1571 3477 1839 3532 Constan-

224 3565 455 3634 tinopoli
483 3568 762 3621 dominata
780 3579 886 3633 est,
914 3576 1133 3638 prepter
1151 3567 1294 3638 Chry
1303 3569 1588 3638 sapbium;
1617 3580 1672 3624 et
1691 3569 1838 3638 apud

219 3654 524 3712 Monachos
562 3661 804 3717 Orientis
842 3661 982 3716 altas
1018 3663 1132 3731 egit
1173 3663 1418 3726 radices,
1462 3662 1534 3716 ob
1573 3663 1838 3733 Eutychis

218 3749 482 3807 Eunuchi
519 3749 744 3818 fatuam,
783 3769 848 3808 ac
885 3756 1124 3823 speciem
1161 3755 1496 3809 sanctitatis.

291 3841 388 3897 ιιι.
423 3841 728 3897 Damnatus
761 3853 846 3900 est
879 3845 1346 3914 Constantinopoli
1383 3846 1618 3914 primum
1649 3859 1682 3902 ι
1717 3862 1841 3902 san-

223 3938 310 3988 cto
330 3931 630 3996 Flaviano;
655 3935 850 3987 deinde
874 3934 1062 3987 Romae
1084 3951 1113 3987 a
1141 3935 1322 3990 beam
1346 3934 1574 4003 Magno;
1601 3935 1840 4006 denique

227 4020 568 4078 Calchedona
598 4040 630 4079 a
666 4025 940 4080 sexcentis
976 4034 1033 4080 et
1069 4027 1288 4096 triginta
1335 4025 1628 4082 Patribus:
1659 4032 1837 4084 estin.

227 4122 450 4183 ctissime
482 4116 655 4188 videri
696 4125 824 4172 tunc
866 4119 1062 4187 potuit,
1101 4127 1157 4174 et
1183 4135 1370 4174 revera
1401 4129 1546 4187 erat,
1579 4121 1684 4176 nisi
1724 4121 1836 4177 alte

231 4209 422 4260 animis
456 4207 737 4262 hominum
782 4217 850 4264 de
892 4212 1051 4280 vulgo
1085 4212 1371 4267 insedisset
1406 4229 1548 4266 vana
1583 4215 1836 4283 quaedam

227 4300 422 4367 opinio,
464 4304 614 4355 inter
647 4301 909 4370 Eutychis
946 4311 1000 4358 et
1038 4301 1274 4358 Nestorii
1310 4314 1496 4372 partes
1538 4305 1673 4360 nihil
1714 4319 1834 4360 esse

229 4395 480 4460 medium,
529 4404 588 4450 et
616 4407 743 4451 eum
776 4398 871 4467 qui
901 4399 1036 4454 duas
1073 4405 1297 4453 naturas
1330 4398 1622 4463 niteretur,
1659 4400 1840 4454 adita:-

227 4498 340 4541 rere
371 4487 665 4553 Nestorio;
703 4491 795 4558 qui
830 4506 992 4546 utram
1017 4506 1330 4561 personam,
1365 4491 1598 4561 Eutyehi
1631 4508 1644 4546 :
1676 4500 1836 4547 natu-

228 4592 337 4634 ram
365 4582 519 4636 ωιω
541 4596 573 4636 a
600 4598 856 4653 persona,
875 4585 980 4641 hoc
1005 4586 1064 4640 in
1086 4587 1328 4657 negotio,
1360 4586 1552 4658 vulgus
1573 4600 1687 4642 non
1709 4587 1826 4643 dis-

226 4682 499 4732 cernebat.

293 4767 353 4822 Χ.
415 4771 556 4826 Post
588 4771 880 4826 concilium
909 4771 1352 4828 Caiehedonense
1394 4772 1586 4829 Oriens
1621 4780 1736 4829 tres
1769 4773 1830 4828 in

229 4871 397 4930 partes
425 4865 642 4918 scissus
658 4875 781 4918 est:
811 4881 934 4917 nam
957 4864 1181 4920 Concilii
1206 4867 1574 4922 deﬁnitionem
1601 4868 1690 4922 alii
1708 4883 1827 4922 om—

231 4965 346 5007 nino
394 4957 736 5022 rejeceruot,
797 4957 887 5010 alii
933 4959 1156 5012 omnino
1203 4968 1561 5028 receperunt:
1585 4961 1834 5018 nonnulli

231 5046 416 5112 partim
461 5047 770 5114 rejeceruttt
794 5087 808 5112 ,
848 5051 1050 5118 partim
1105 5059 1425 5121 receperunt
1457 5071 1470 5104 ε
1506 5061 1834 5122 receperunt

232 5139 364 5190 omni
385 5153 451 5192 ex
476 5147 638 5208 parte
659 5134 942 5206 Catholici,
965 5142 1286 5214 Eutychiani
1311 5145 1458 5199 omni
1477 5157 1543 5198 ex
1566 5154 1720 5215 parte
1742 5160 1834 5200 res

225 5224 490 5298 iecerunt;
530 5233 745 5286 tertiani
780 5235 924 5288 viam
959 5237 1186 5304 ingrcssi
1224 5247 1382 5303 sunt,
1427 5239 1518 5306 qui
1555 5257 1585 5294 a
1622 5239 1828 5294 Grmcis

241 5321 616 5400 διακρινόμενα,
651 5342 684 5381 a
718 5327 924 5381 Latinis
960 5328 1278 5387 llaesitautes
1314 5332 1444 5388 dieti
1475 5347 1582 5389 εει
1617 5334 1702 5389 his
1736 5349 1830 5389 ora

241 5420 346 5469 tum
377 5417 741 5473 Monothelttte
783 5420 1106 5475 habuerunt.

309 5509 393 5564 ιιι.
454 5511 708 5566 Nonnulli
741 5513 885 5567 enim
911 5554 925 5580 ,
965 5531 1088 5570 cum
1133 5519 1422 5577 autoritate
1460 5521 1683 5578 Concilii
1731 5538 1828 5579 co-

245 5625 510 5685 gerentur,
535 5623 670 5676 duas
696 5619 854 5674 fateri
882 5619 934 5672 in
956 5615 1173 5672 Christo
1197 5626 1436 5684 naturas,
1463 5619 1568 5673 καθ’
1594 5622 1826 5678 ὑπόστα-

240 5727 314 5764 σιν
342 5715 540 5780 unitas,
574 5727 673 5771 nec
693 5716 867 5771 athC
891 5723 1068 5768 tamen
1097 5714 1471 5784 deposuissent
1493 5717 1673 5774 animo
1695 5736 1831 5790 pra:-

239 5800 467 5864 Itdicium
485 5806 620 5870 illud
638 5805 1135 5885 Apollinarii,quod
1153 5806 1388 5882 Cyrinus
1413 5806 1582 5867 refert
1602 5811 1657 5867 in
1678 5812 1820 5884 Apo-

1936 3295 2098 3360 colae,
2129 3309 2294 3365 quem
2335 3294 2618 3364 inscripsit
2644 3292 2924 3364 prmclarie
2967 3288 3299 3345 initiationis
3329 3292 3541 3361 (impar

1936 3393 2056 3448 roﬁc
2075 3389 2362 3458 μυήσεως).
2395 3385 2714 3440 inconfusas
2765 3381 3103 3438 custodimus
3138 3389 3386 3445 naturas,
3429 3394 3540 3433 non

1936 3483 2240 3538 secundum
2250 3475 2616 3536 substantiam
2637 3479 2836 3539 unitas,
2863 3478 2958 3532 sed
2979 3478 3291 3541 voluntate;
3318 3482 3538 3545 prapter

1938 3575 2084 3644 quod
2108 3588 2299 3628 earum
2327 3585 2492 3626 unam
2535 3571 2890 3634 voluntatem,
2920 3567 3318 3636 operationem,
3351 3573 3408 3618 et
3440 3565 3536 3618 do-

1941 3667 2298 3722 minationem
2320 3664 2640 3728 statuimus,
2652 3661 2932 3732 dignitatis
2951 3659 3265 3728 aequalitate
3286 3664 3528 3711 ostensa.

1939 3753 2086 3810 Deus
2132 3755 2280 3809 enim
2310 3752 2552 3809 Veritum
2579 3763 2894 3814 asstuncns,
2918 3766 3084 3820 quem
3126 3748 3532 3819 prazdestinavit

1938 3848 2246 3912 hominem,
2273 3861 2373 3917 per
2399 3848 2688 3916 potestatis
2717 3846 3012 3909 rationem,
3039 3844 3110 3897 ad
3139 3857 3268 3898 eum
3298 3857 3407 3898 non
3448 3850 3534 3898 est

1937 3948 2210 4005 secretus,
2240 3948 2462 4009 propter
2490 3939 2854 4008 praestitutum
2885 3936 3164 3992 aliectum.
3198 3950 3222 3989 ι

2010 4032 2152 4088 XlV.
2190 4032 2372 4098 ριωιιι.
2392 4046 2526 4086 vero
2552 4030 2890 4086 voluntatem
2931 4027 3296 4084 Munutbelius
3334 4025 3532 4081 intelli-

1936 4139 2147 4201 gerent,
2178 4136 2234 4182 et
2275 4120 2528 4182 humans
2572 4135 2786 4180 natura
2809 4125 3194 4188 detraherent,
3218 4121 3532 4177 facultatem

1938 4223 2118 4292 ipsam
2142 4215 2378 4284 valendi,
2406 4235 2476 4274 an
2506 4219 2680 4276 solum
2703 4217 3104 4288 operationem,
3137 4218 3414 4285 disputant
3443 4230 3529 4269 re-

1941 4317 2218 4371 centiores
2255 4315 2526 4384 theologi;
2575 4313 2672 4368 sed
2699 4313 2993 4376 immerito,
3038 4317 3098 4364 ut
3142 4310 3273 4364 mihi
3309 4310 3530 4380 quidem

1938 4407 2164 4463 videtur
2202 4423 2215 4460 :
2249 4405 2683 4460 controversiam
2722 4405 2872 4459 enim
2908 4403 3057 4469 ﬁdei,
3099 4416 3329 4473 eamque
3355 4401 3529 4457 maxi-

1940 4513 2106 4562 mam,
2137 4499 2514 4568 imprudenter
2533 4503 2791 4552 revocant
2819 4496 2892 4551 ad
2913 4495 3087 4550 levem
3114 4493 3258 4548 illam
3290 4495 3520 4565 philoso-

1938 4591 2176 4662 phorum
2211 4590 2590 4659 quaestionem,
2636 4598 2822 4642 utrum
2865 4585 3158 4641 facultates
3193 4587 3391 4642 anima:
3442 4599 3533 4642 re-

1937 4684 2056 4756 ipsa
2096 4682 2350 4739 diﬁieraut‘
2409 4683 2480 4738 ab
2510 4683 2686 4753 ipsius
2730 4681 3072 4747 substantia;
3120 4679 3167 4735 si
3216 4682 3360 4736 enim
3414 4695 3527 4735 non

1934 4777 2210 4842 differant,
2266 4777 2359 4847 qui
2387 4778 2562 4848 possit
2613 4776 2808 4833 abesse
2853 4773 3074 4833 valendi
3126 4774 3386 4842 facultas,
3435 4771 3528 4829 ubi

1933 4871 2118 4926 anima
2152 4873 2237 4925 est
2255 4870 2284 4922 ἲ

2007 4963 2123 5019 XV.
2168 4962 2430 5018 Volebam
2463 4962 2646 5033 igitur,
2700 4961 2758 5016 in
2785 4975 2902 5032 quo
2941 4969 3097 5017 erant
3125 4959 3387 5024 bzeretici,
3421 4957 3524 5013 hu—

1935 5073 2157 5117 manam
2205 5058 2260 5112 in
2305 5054 2528 5112 Christo
2558 5063 2808 5111 naturam
2840 5071 2959 5112 esse
2992 5055 3412 5111 instrumentum
3441 5052 3526 5107 di-

1935 5154 2078 5208 vina:
2128 5159 2371 5222 per-some
2414 5151 2904 5215 :instrumcntum,
2936 5149 3180 5218 inquam,
3231 5159 3338 5198 non
3378 5142 3525 5211 quod

1933 5253 2121 5318 ageret
2147 5253 2268 5300 cum
2315 5251 2590 5314 ageretur,
2640 5252 2700 5298 ut
2731 5243 2897 5298 sentit
2927 5240 3203 5302 Ecclesia,
3236 5236 3332 5290 sed
3376 5235 3524 5305 quod

1934 5344 2198 5409 ageretur
2237 5345 2467 5402 tantum,
2502 5341 2596 5391 aut
2646 5335 2830 5406 potius
2867 5339 3162 5403 pateretur,
3215 5328 3390 5384 instar
3441 5328 3522 5383 in-

1935 5439 2364 5490 strumentorum
2410 5432 2535 5486 vitae
2564 5429 2891 5499 expertium,
2937 5436 3060 5492 qua:
3087 5435 3150 5476 ex
3195 5438 3273 5489 se,
3315 5433 3524 5494 suoque

1934 5527 2157 5599 proprio
2185 5534 2335 5582 motu
2361 5533 2526 5595 agunt
2553 5520 2704 5584 nilnl,
2739 5520 2831 5571 sed
2859 5527 2993 5584 pure
3033 5514 3313 5584 patiuntur
3339 5515 3410 5569 ab
3435 5521 3526 5568 ar-

1932 5621 2097 5678 tiﬁce.

2006 5715 2143 5772 XVI.
2194 5715 2275 5771 Ita
2324 5725 2453 5766 vero
2493 5708 2537 5763 si
2589 5702 2881 5760 constituta
2924 5704 2996 5759 sit
3045 5699 3516 5758 Monothelitarum

1933 5811 2188 5880 haeresis,
2225 5809 2528 5864 consonant
2581 5797 2814 5859 miriﬁce
2855 5797 3070 5866 omnia,
3127 5808 3248 5866 quae
3288 5791 3367 5846 vel
3409 5789 3516 5860 ipsi
