4062 6434
523 409 619 465 151

1796 409 1889 461 ΑΙ)
1926 407 2187 463 LIBRUM
2226 407 2538 464 DIIlI'lNUM

3675 422 3783 479 I52

522 537 619 592 pro
654 537 712 576 se
756 520 1005 586 atl‘erunt,
1038 514 1125 575 vel
1164 518 1297 590 ipsis
1337 517 1603 575 Catholici
1647 518 1928 588 objiciunt.
1969 520 2098 573 Pro-
2125 523 2178 584 Α
2200 521 2387 574 nitatis
2411 520 2686 590 ὁμοουσὶου
2713 519 3116 592 impugnatores
3141 530 3440 590 assumunt,
3461 522 3672 587 ubiuna
3697 545 3783 593 est

523 610 706 666 ferunt
738 611 814 665 illi
842 628 940 680 pro
972 628 1029 666 se
1055 613 1162 667 duo
1183 612 1546 680 potissimum,
1578 628 1771 684 nempe
1798 613 1960 681 quod,
1981 628 2105 668 cum

523 705 594 758 ita
631 705 792 774 178
818 705 1076 768 sentiunt,
1110 713 1164 758 et
1189 720 1219 757 a
1247 705 1516 758 damnatis
1545 707 1598 758 in
1625 705 1855 758 concilio
1882 704 2104 759 Chalce-

523 791 748 846 donensi
796 791 1068 847 haereticis
1117 791 1376 864 recedant
1404 793 1582 862 longe,
1611 801 1667 847 et
1693 790 1898 848 Christi
1932 793 2105 863 digni-

509 882 646 945 tati,
673 889 735 934 ut
773 881 866 950 qui
895 881 1152 947 maxime,
1191 883 1494 937 consulant.

592 972 753 1028 XVII.
795 973 1046 1027 Damnati
1079 983 1226 1038 sunt,
1258 975 1594 1044 inquiebant,
1617 976 1674 1030 in
1701 975 1942 1032 Concilio
1983 974 2105 1031 Cal-

523 1063 852 1119 chedonensi
894 1063 1080 1129 Arius,
1127 1063 1515 1134 Apollinarius,
1573 1065 1876 1133 Nestorius,
1931 1067 2099 1138 Euty-

524 1155 686 1219 ches,
728 1161 783 1207 et
832 1152 1168 1210 confusionis
1216 1163 1374 1210 autor
1401 1157 1678 1212 Polemon.
1720 1156 1802 1212 Ab
1834 1157 1920 1212 his
1953 1172 2102 1212 rece-

521 1245 702 1300 dimus
731 1245 908 1316 longe,
963 1253 1017 1300 et
1058 1247 1126 1300 ab
1170 1245 1302 1303 Ario
1351 1249 1569 1318 quidem
1613 1264 1679 1304 ac
1729 1248 2098 1318 Apollinario,

523 1339 780 1408 quoniam
831 1339 887 1392 iu
939 1337 1156 1394 ChriSto
1186 1351 1412 1398 naturas
1463 1343 1598 1398 duas
1644 1344 1883 1413 integras
1921 1343 2102 1414 perfe-

522 1440 746 1501 ctasque
782 1429 1042 1498 fatemur;
1091 1433 1158 1486 ah
1187 1433 1307 1489 aliis
1335 1443 1539 1501 autem,
1585 1445 1874 1507 propterea
1914 1435 2055 1506 quod
2078 1476 2095 1500 ,

521 1532 574 1579 et
603 1526 900 1581 unitionem
929 1525 1326 1598 hypostaticam
1365 1537 1685 1583 naturarum
1729 1529 2094 1593 admittimus,

517 1626 707 1671 contra
750 1616 1088 1684 Nestorium;
1121 1627 1176 1673 et
1205 1627 1327 1688 post
1354 1621 1654 1675 unitionem
1692 1629 1920 1674 naturas
1962 1619 2098 1675 duas

517 1709 881 1778 agnoscimus,
925 1709 1185 1766 adversus
1231 1711 1564 1781 Eutychem;
1618 1719 1674 1766 et
1719 1709 2100 1766 confusionem

515 1811 835 1857 naturarum
864 1802 1158 1871 rejicimus,
1193 1812 1381 1858 contra
1409 1802 1775 1857 Polemonem.

2209 615 2471 682 operatio,
2504 629 2609 667 una
2639 629 2852 683 quoque
2900 624 3096 669 natura
3139 624 3261 670 est:
3299 625 3354 672 et
3381 619 3615 691 denique
3655 642 3782 686 cum

2204 701 2557 769 Nestorianis,
2591 705 2826 758 humana
2847 705 3120 774 Siquidem
3151 707 3355 762 Christi
3381 720 3598 781 natura,
3627 717 3671 771 si
3692 736 3783 775 vo-

2203 790 2410 846 luntate
2436 794 2673 862 propria,
2692 809 2811 864 qua:
2837 793 3028 861 libera,
3055 806 3262 863 careat,
3281 815 3493 856 merum
3514 813 3600 860 est
3619 808 3782 867 Verbi

2203 881 2369 936 divini
2400 883 2837 950 instrumentum,
2869 887 3202 954 operationis
3247 891 3513 948 naturalis
3553 910 3778 966 expers;

2203 970 2556 1044 Christusque
2604 973 2748 1030 aliud
2798 975 2933 1029 nihil
2968 985 3074 1042 est,
3120 993 3285 1048 quam
3327 981 3491 1038 homo
3521 1000 3554 1040 a
3608 985 3782 1045 Verbo

2202 1065 2582 1137 ivr‘cyouywoc.

2277 1153 2436 1208 XXII.
2476 1155 2678 1210 Deinde
2704 1155 2905 1211 clamat
2930 1157 3222 1227 Apostolus
3250 1161 3487 1220 debuisse
3515 1164 3784 1225 Christum

2200 1261 2292 1317 per
2315 1247 2489 1300 omnia
2519 1247 2772 1315 fratribus
2806 1248 3030 1302 aimilari
3056 1249 3212 1322 (Heb.
3243 1268 3305 1319 ιι,
3333 1271 3380 1308 υ.
3413 1256 3523 1326 17),
3554 1271 3782 1331 excepto

2199 1347 2440 1406 peccato,
2469 1346 2529 1392 ut
2553 1338 2985 1408 interpretantur
3027 1340 3216 1398 Patres
3260 1361 3273 1398 :
3312 1360 3420 1401 non
3450 1350 3626 1416 potuit
3653 1367 3781 1409 vero

2201 1435 2353 1482 tanta
2379 1428 2671 1483 similitudo
2697 1427 3055 1495 intercedere,
3087 1433 3132 1486 si
3173 1434 3393 1490 Christo
3419 1436 3610 1505 defuit,
3637 1443 3782 1510 quod

2200 1517 2255 1571 in
2283 1517 2402 1572 aliis
2453 1518 2959 1587 prtestantissimum
3013 1529 3096 1576 est
3124 1523 3494 1594 αὐτεξούσιον,
3566 1529 3620 1583 id
3675 1539 3778 1596 est,

2199 1609 2440 1682 operatio
2472 1609 2665 1663 animae
2691 1611 2970 1665 rationalis
2999 1615 3239 1681 pr0pria.

2271 1697 2455 1753 XXIII.
2489 1699 2684 1754 Postea
2719 1700 3026 1756 lncarnatio
3071 1713 3293 1773 peracta
3338 1717 3422 1762 est
3449 1723 3516 1763 eo
3543 1709 3672 1773 fine,
3721 1720 3783 1766 ut

2201 1788 2525 1846 liberaretur
2554 1791 2716 1847 homo
2750 1807 2781 1846 a
2807 1794 3070 1848 servitute
3099 1798 3309 1865 peccati
3352 1813 3368 1851 :
3413 1800 3460 1854 si
3485 1815 3615 1872 ergo
3648 1801 3783 1858 Ver-

587 1896 768 1951 XVIII.
807 1896 892 1951 Ad
923 1897 1241 1966 dignitatem
1289 1897 1529 1964 Christi,
1568 1898 1712 1969 quod
1738 1899 1845 1954 huc
1873 1898 2090 1964 attinet,

2201 1885 2327 1940 bum
2358 1885 2688 1942 voluntatem
2709 1887 3002 1940 humanam
3023 1903 3130 1942 non
3154 1891 3463 1961 assumpsit,
3488 1908 3609 1948 eam
3634 1904 3784 1949 certe

517 1985 724 2039 faciunt
750 1986 1051 2054 praesertim
1079 1988 1202 2052 duo,
1228 1988 1432 2053 unitas,
1460 1999 1625 2058 atque
1647 1990 2093 2060 impeccabilitas.

517 2077 724 2134 Unitati
746 2078 1031 2134 consulere
1069 2080 1169 2138 sibi
1201 2078 1566 2136 Mouothelitae
1588 2081 1946 2136 videbantur:
1986 2082 2100 2151 pri-

514 2185 683 2235 mum,
714 2170 856 2240 quod
898 2172 991 2226 uni
1017 2171 1301 2242 eidemque
1322 2174 1505 2230 Verbo
1533 2174 1837 2230 tribuerent
1864 2176 2046 2230 omnia
2074 2213 2090 2241 ,

515 2276 634 2330 quae
659 2261 916 2318 dicuntur
941 2263 1005 2317 (le
1029 2262 1269 2329 Christo,
1293 2265 1526 2320 humana
1554 2275 1608 2321 et
1634 2267 1836 2321 divina.
1869 2266 2094 2335 Deinde,

512 2353 654 2420 quod
683 2369 791 2408 non
821 2354 1122 2410 dividerent
1148 2370 1310 2410 voces
1351 2356 1703 2428 Evangelicas
1734 2366 1790 2412 et
1810 2355 2088 2425 Apostoli-

513 2457 606 2498 cas
656 2444 724 2500 de
762 2445 996 2501 Christo.
1047 2447 1317 2516 Denique,
1363 2449 1508 2518 quod
1539 2451 1707 2504 Deum
1753 2463 1878 2503 vere
1908 2457 2095 2502 natum

514 2534 579 2588 de
608 2533 826 2605 Virgine
848 2545 1178 2603 asserereut,
1208 2553 1442 2607 vereque
1471 2555 1691 2608 passum
1714 2548 1769 2595 et
1795 2549 2090 2596 mortuum.

583 2624 722 2680 XIX.
764 2627 1276 2698 lmpeccabilitatem
1306 2631 1510 2686 Christi
1540 2633 1764 2688 illmsam
1793 2647 2012 2690 servare
2033 2649 2094 2690 se

507 2715 812 2787 jactabant,
841 2734 966 2773 eum
994 2722 1204 2791 peccati
1233 2723 1477 2778 radicem
1503 2739 1723 2780 omnem
1753 2725 2052 2782 evellerent
2072 2767 2091 2794 ,

509 2821 746 2877 pugnam
788 2809 998 2865 scilicet
1021 2810 1348 2880 iudiciorum
1380 2822 1435 2868 et
1488 2815 1850 2872 voluntatum.
1907 2816 2094 2887 Neque

511 2898 657 2956 enim
718 2898 855 2956 duas
905 2900 960 2954 in
1005 2901 1244 2958 Christo.
1278 2905 1625 2974 operationes
1680 2906 2096 2978 voluntatesque

513 2988 823 3058 ponebant,
864 2992 960 3047 sed
998 2992 1215 3049 unicam
1247 3035 1265 3061 ,
1310 3010 1430 3066 quae
1470 2997 1568 3052 Dei
1610 2996 1793 3054 foret:
1837 2999 1918 3054 sic
1947 2999 2092 3054 enim

509 3080 999 3139 ratiocinabantur.
1046 3084 1306 3142 Voluntas
1349 3102 1416 3142 eo
1445 3088 1562 3158 ipso
1591 3089 1736 3159 quod
1769 3097 1954 3145 creata
1997 3089 2090 3156 sit,

511 3171 802 3240 peccabilis
833 3181 917 3230 est
958 3192 972 3228 :
1021 3175 1068 3230 si
1114 3191 1220 3247 qua
1262 3177 1427 3248 igitur
1463 3179 1728 3250 ejusmodi
1776 3181 1832 3234 in
1871 3179 2090 3236 Christo

2202 1991 2311 2030 non
2343 1975 2608 2042 liberavit,
2660 1991 2785 2032 cum
2815 1984 2993 2031 tamen
3026 1992 3090 2032 ea
3129 1977 3212 2032 vel
3254 1981 3509 2046 maxime,
3553 1982 3637 2036 vel
3667 1985 3783 2040 sola

2200 2083 2297 2138 per
2339 2083 2397 2122 se
2437 2068 2689 2132 serviret,
2720 2068 2915 2138 quippe
2960 2083 3082 2138 quae
3108 2070 3326 2138 proprie
3369 2071 3484 2126 sola
3525 2087 3615 2126 rea
3655 2082 3777 2128 est:

2201 2161 2438 2216 Verbum
2462 2160 2606 2215 enim
2635 2174 2745 2214 non
2775 2159 3027 2214 liberavit
3055 2160 3160 2214 nisi
3191 2161 3336 2230 quod
3362 2162 3675 2233 assumpsit,
3710 2162 3780 2217 liv

2198 2250 2408 2306 beratio
2435 2251 2702 2306 siquidem
2726 2249 2955 2306 eﬂicitur
2977 2255 3107 2309 κατά
3133 2253 3192 2309 τὸ
3215 2256 3466 2324 σύμουις.
3497 2261 3556 2308 ut
3585 2255 3783 2310 docent

2197 2342 2407 2399 Patres.

2268 2434 2454 2490 XXIV.
2497 2434 2738 2503 Denique
2773 2433 3043 2489 redimere
3086 2431 3335 2489 Christus
3380 2433 3624 2489 homines
3668 2449 3783 2490 non

2195 2527 2390 2598 potuit,
2426 2527 2534 2582 nisi
2581 2529 2778 2584 merito
2826 2536 2881 2582 et
2920 2525 3327 2593 satisfactione;
3384 2527 3590 2582 nullum
3643 2542 3780 2583 vero

2197 2626 2282 2673 est
2332 2618 2609 2685 meritum,
2663 2617 2808 2672 nulla
2856 2616 3178 2684 satisfactio,
3227 2617 3319 2672 ubi
3348 2616 3494 2671 nulla
3533 2617 3782 2686 operatio

2196 2719 2378 2766 creata
2411 2710 2579 2764 libera
2610 2727 2623 2763 :
2656 2724 2785 2764 nam
2813 2709 3011 2764 mereri
3060 2717 3116 2764 et
3157 2707 3474 2765 satisfacere
3502 2705 3780 2764 inferioris

2194 2813 2299 2868 est,
2325 2802 2417 2873 qui
2461 2802 2632 2856 libere
2657 2801 2899 2856 actiones
2924 2799 3318 2871 passionesque
3358 2798 3580 2857 idoneas
3608 2814 3777 2871 supe-

2195 2893 2326 2947 riori
2351 2890 2556 2947 offenso
2581 2891 2838 2946 exhibeat
3323 2901 3328 2904 '

2265 2984 2430 3041 XXV.
2447 2985 2525 3040 Ex
2541 2984 2625 3040 his
2638 2993 2867 3051 constat,
2883 3000 3004 3054 quae
3014 2985 3178 3041 fuerit
3189 2984 3662 3040 Monothelitarum
3675 2985 3780 3040 hae-

2194 3079 2361 3135 resis:
2394 3080 2668 3151 negabant
2694 3078 2904 3134 scilicet
2925 3078 3093 3133 ullam
3120 3094 3240 3135 esse
3262 3078 3316 3133 in
3343 3076 3559 3134 Christo
3585 3076 3783 3132 volun-

2196 3181 2363 3228 tatem
2392 3173 2620 3228 liberam
2645 3179 2844 3242 praeter
2875 3171 3132 3234 divinam,
3169 3185 3289 3241 qua;
3335 3169 3627 3226 humanam
3666 3184 3784 3225 mo-

510 3275 768 3335 ponatur,
801 3268 1050 3326 Christus
1072 3273 1364 3342 peccabilis
1392 3273 1590 3330 dicitur
1615 3292 1629 3328 :
1664 3289 1772 3330 non
1800 3283 1886 3330 est
1912 3282 2090 3329 autem

2196 3272 2368 3329 veret,
2396 3271 2458 3319 ut
2489 3278 2684 3334 purum
2709 3263 3129 3318 instrumentum
3157 3259 3372 3317 artifex.

514 3360 811 3428 peccabilis
849 3359 1142 3419 Christus:
1186 3380 1294 3420 non
1327 3373 1414 3421 est
1461 3365 1626 3435 igitur
1653 3365 1708 3421 in
1749 3379 1814 3420 eo
1844 3363 2093 3420 voluntas

509 3457 713 3504 creata.
745 3451 950 3506 Deinde
977 3452 1302 3524 ubicumque
1349 3463 1477 3510 sunt
1505 3456 1813 3511 voluntates
1838 3455 1958 3510 duae
1982 3494 1998 3520 ,
2037 3460 2095 3509 et

509 3537 613 3619 illae
637 3541 867 3610 quidem,
879 3544 1107 3600 duarum
1126 3544 1490 3602 differentium
1503 3556 1821 3603 naturarum
1834 3547 2088 3619 propria,

506 3639 685 3708 potest
721 3647 841 3690 esse
881 3650 1092 3707 pugna;
1141 3638 1220 3692 sic
1278 3639 1428 3713 enim
1475 3639 1534 3694 in
1575 3639 1795 3696 homine
1841 3639 2090 3696 voluntas

507 3722 690 3803 carnis
730 3733 787 3778 et
817 3725 1065 3782 voluntas
1107 3728 1332 3799 spiritus
1358 3739 1621 3800 pugnant.
1672 3731 1923 3803 Pugnare
1959 3747 2090 3788 vero

398 3876 433 3894 λ
506 3801 842 3870 voluntatem
897 3817 1192 3874 humanam
1251 3835 1378 3876 cum
1429 3823 1630 3890 divina,
1673 3801 1903 3894 peccare
1946 3833 2031 3878 est
2069 3841 2086 3878 :

505 3916 734 3972 peccare
782 3907 945 3977 igitur
968 3917 1156 3979 posset
1184 3909 1435 3966 Christus
1460 3951 1478 3979 ,
1517 3912 1564 3967 si
1608 3913 1898 3969 humanam
1924 3913 2090 3968 babe-

505 3988 590 4063 ret
630 3999 964 4056 voluntatem
1012 4020 1026 4056 :
1071 4016 1302 4073 peccare
1337 4012 1520 4058 autem
1560 4019 1670 4058 non
1709 4011 1927 4074 potest,
1978 4019 2090 4062 non

505 4086 669 4145 habet
699 4089 862 4160 igitur
887 4092 1182 4147 humanam
1207 4093 1562 4148 voluntatem.
1745 4151 1748 4153 Α

577 4178 693 4235 XX.
733 4183 862 4238 Haec
884 4199 984 4254 pro
1025 4199 1087 4239 se
1123 4184 1391 4251 haeretici,
1429 4183 1690 4242 Catholici
1731 4202 1860 4245 vero
1883 4198 2088 4259 praeter

504 4271 688 4328 varios
735 4273 1019 4343 scriptura:
1063 4274 1232 4340 locos,
1266 4275 1464 4345 quibus
1489 4278 1724 4334 humana
1767 4279 1823 4335 in
1866 4280 2086 4338 Christo

504 4359 687 4427 an'itna
709 4363 1064 4434 voluntasque
1082 4364 1366 4436 probatur,
1392 4368 1718 4440 objiciebant
1744 4373 2085 4441 potissimum

503 4460 757 4521 quatuor.
811 4470 849 4510 ι.
880 4454 1036 4521 Quod
1080 4458 1239 4514 unius
1286 4459 1577 4518 voluntatis
1621 4473 1919 4519 assertores
1960 4479 2084 4518 cum

502 4541 750 4609 Ducetis,
782 4544 1334 4620 Apollinarianisque,
1365 4561 1422 4608 et
1447 4552 1803 4622 Nestoriauis,
1835 4570 1900 4609 ac
1919 4554 2084 4625 buty-

474 4633 715 4696 Vchianis
761 4638 1046 4702 sentirent.
1097 4657 1160 4697 ιι.
1212 4612 1365 4710 Quod
1412 4612 2161 4718 repugnarent'ApostoIoD

499 4724 778 4810 Christum
812 4729 1045 4798 docenti,
1072 4733 1335 4794 fratribus
1379 4754 1476 4810 per
1501 4739 1684 4794 omnia
1731 4736 1971 4792 similem
1998 4735 2092 4790 fa-.

500 4824 672 4882 ctum,
698 4829 895 4887 praeter
918 4833 1222 4892 peccatum.
1252 4844 1334 4885 ιιι.
1366 4829 1516 4897 Quod
1537 4826 1928 4884 Incarnationis
1955 4841 2088 4896 per:

498 4905 787 4991 fectionem
815 4912 1064 4971 tollerent
1114 4935 1190 4974 ιν.
1238 4919 1392 4986 Quod
1438 4921 1768 4989 perimerent
1794 4917 2078 4976 veritatem

500 4999 885 5069 redemptionis
921 5005 1200 5065 hominum
1233 5025 1330 5080 per
1367 5009 1673 5064 Christum..

569 5087 710 5145 XXI.
750 5091 1092 5163 Objiciebaut
1119 5101 1222 5156 ista
1244 5099 1527 5164 Catholici,
1555 5100 1828 5170 paradoxe
1853 5101 2071 5172 quidem

497 5183 551 5238 in
587 5189 844 5258 speciem,
875 5193 968 5248 sed
998 5196 1176 5264 reipsa
1206 5209 1332 5250 vere
1357 5212 1370 5248 :
1400 5198 1748 5264 quantumvis
1776 5200 1922 5255 enim
1948 5215 2071 5256 ver-

494 5275 920 5355 bis'cathoIicis
969 5285 1206 5339 haeretici
1243 5300 1483 5341 errorem
1507 5287 1934 5357 dissimularent,
1979 5273 2085 5347 re?

494 5380 623 5422 vera
655 5379 830 5429 tamen
877 5376 1201 5442 sentiebant,
1230 5384 1286 5431 et
1321 5394 1447 5434 cum
1488 5380 1725 5448 Docetis,
1775 5383 1966 5439 saltem
1999 5399 2068 5439 ex

492 5468 668 5549 parte,
703 5464 989 5519 videbatur
1015 5467 1158 5549 enim
1201 5483 1322 5524 esse
1351 5472 1587 5527 humana
1625 5474 1681 5529 in
1709 5473 1928 5529 Christo
1973 5488 2068 5527 vo-

491 5547 690 5618 luntas,
723 5570 844 5623 qua:
872 5557 1014 5611 nulla
1050 5547 1209 5615 erat:
1255 5572 1309 5618 et
1349 5564 1510 5634 179
1536 5581 1660 5619 cum
1701 5563 2067 5634 Apollinaria-

492 5643 599 5710 nis,
626 5649 751 5716 quia
781 5650 871 5705 ubi
900 5661 982 5706 est
1011 5663 1202 5710 natura
1247 5658 1476 5713 rationis
1508 5659 1800 5726 particeps,
1845 5673 2070 5711 necesse

492 5742 570 5786 est
597 5739 758 5794 etiam
783 5757 902 5798 esse
923 5747 1221 5802 naturalem
1248 5749 1415 5817 ipsius
1440 5749 1842 5816 operationem:
1869 5757 2066 5804 etcum

496 5821 862 5912 Eutycltiauis,
891 5838 1143 5908 quoniam
1171 5847 1230 5893 ut
1248 5852 1435 5894 omnes
1457 5837 1645 5896 Patres
1669 5837 1926 5898 adversus
1949 5841 2070 5900 Tri-
2113 5863 2124 5882 υ

2266 3375 2454 3431 XXVI.
2494 3375 2586 3430 Illa
2609 3390 2740 3432 vero
2769 3375 3013 3439 haeresis,
3041 3381 3102 3429 ut
3125 3372 3314 3427 salutis
3342 3371 3592 3425 humanae
3612 3379 3784 3442 caput

2193 3469 2432 3540 petebat,
2468 3469 2543 3524 ita
2579 3467 2983 3524 Catholicorum
3005 3465 3215 3520 animos
3241 3464 3593 3518 vehementer
3613 3477 3781 3518 com-

2192 3563 2363 3617 movit
2392 3579 2406 3615 :
2439 3568 2726 3617 senserunt
2751 3559 2897 3614 enim
2931 3557 3185 3613 continuo
3209 3555 3294 3626 agi
3339 3555 3404 3610 de
3436 3569 3646 3608 summa
3686 3564 3781 3610 too

2197 3651 2301 3706 tius
2329 3651 2540 3718 salutis,
2571 3660 2628 3706 et
2653 3651 2708 3706 id
2752 3649 2964 3706 occulte
2992 3646 3171 3702 moliri
3197 3646 3514 3708 daemonem,
3563 3652 3624 3699 ut
3672 3660 3780 3716 per

2191 3743 2470 3801 ministros
2496 3759 2640 3809 suos,
2673 3740 2909 3816 speciem
2935 3741 3339 3798 Catholicorum
3368 3737 3778 3794 Calchedonen-

2191 3849 2306 3891 sem
2351 3834 2510 3891 fidem
2540 3835 2910 3904 profitentium
2953 3833 3262 3896 ementitos,
3292 3829 3643 3900 persuaderet
3667 3845 3777 3899 po-

2188 3924 2353 3996 pulis,
2383 3932 2478 3978 aut
2503 3923 2648 3992 piam
2680 3938 2802 3977 esse
2828 3923 2989 3977 unius
3025 3919 3354 3988 operationis
3399 3917 3735 3974 sententiam
3757 3959 3776 3986 ,

2190 4031 2286 4073 aut
2313 4017 2668 4088 quaestionem
2696 4017 2763 4071 de
2788 4031 2896 4070 una
2928 4015 3011 4069 vel
3035 4015 3242 4069 duabus
3257 4011 3627 4067 voluntatibus
3646 4027 3775 4070 esse

2188 4111 2379 4173 levem,
2405 4125 2524 4180 qua!
2549 4109 2765 4166 silentio
2785 4107 2953 4178 sopiri
2976 4107 3198 4162 deberet
3223 4104 3427 4176 potius,
3451 4119 3614 4176 quam
3641 4120 3774 4163 ver-

2186 4204 2270 4258 bis
2297 4203 2510 4274 agitari.

2256 4291 2468 4348 XXVII.
2509 4292 2636 4346 Inde
2661 4291 2884 4357 factum,
2911 4299 2976 4346 ut
3009 4289 3349 4346 Christianus
3379 4289 3528 4345 orbis
3563 4297 3678 4346 tres
3711 4291 3770 4346 in

2183 4396 2368 4456 partes
2413 4385 2784 4452 scinderetur;
2835 4385 2956 4440 aliis
3000 4385 3134 4440 duas
3169 4383 3534 4456 ‘operationes
3573 4384 3768 4456 singu-

2184 4477 2358 4531 larum
2401 4476 2604 4532 Christi
2651 4486 2972 4533 naturarum
3015 4479 3264 4548 proprias
3307 4475 3762 4546 defendentibus;

2179 4567 2308 4642 [aliis
2334 4567 2548 4621 unicam
2578 4569 2777 4638 reipsa,
2809 4583 3038 4639 eamque
3087 4569 3183 4624 Dei
3211 4569 3486 4640 propriam
3528 4565 3765 4621 dicenti-

2177 4647 2317 4724 bus;
2350 4657 2472 4714 aliis
2518 4660 2752 4730 denique
2797 4661 2866 4716 ab
2905 4661 3065 4717 unius
3111 4670 3206 4715 aut
3245 4661 3474 4716 duarum
3524 4658 3763 4729 appella-

2182 4749 2329 4804 tione
2359 4749 2617 4804 abstineri
2643 4749 2967 4816 volentibus,
2999 4751 3155 4822 quasi
3189 4751 3257 4806 ad
3303 4747 3764 4823 spectatas-sum-

2182 4849 2352 4906 ceret,
2383 4841 2702 4912 simpliciter
2738 4842 3111 4912 operationem
3135 4840 3336 4896 Christi
3363 4839 3458 4894 Dei
3499 4847 3554 4892 et
3579 4839 3761 4893 homi-

2181 4930 2268 4986 nis
2312 4931 2586 5000 profiteri;
2633 4940 2829 4987 ctetera
2861 4931 3196 4988 enucleatius
3230 4944 3520 5000 exponere,
3569 4944 3762 4998 super-

2179 5021 2347 5076 ﬂuum
2389 5031 2550 5091 atque
2577 5022 2742 5076 etiam
2772 5022 3013 5077 noxium.
3046 5021 3188 5076 Duas
3229 5019 3536 5075 voluntates
3565 5033 3762 5088 opera-
3815 5051 3818 5054 ~

2175 5113 2459 5182 tionesque
2484 5111 2750 5167 Catholici
2781 5111 3054 5173 dicebant,
3097 5110 3311 5165 unicam
3348 5109 3712 5165 Monothelitae
3739 5127 3753 5163 :

2176 5215 2278 5255 nec
2330 5214 2518 5262 unam,
2553 5212 2654 5251 nec
2693 5199 2828 5254 duas
2854 5197 2962 5252 dici
3012 5198 3234 5263 debere,
3280 5198 3448 5253 edixit
3493 5197 3759 5253 Coustan-
3804 5269 3812 5276 .

2173 5293 2281 5346 tius
2315 5291 2369 5344 in
2406 5289 2577 5360 Typo,
2633 5299 2919 5355 causatus,
2952 5305 3074 5344 eam
3114 5289 3284 5345 fuisse
3334 5289 3556 5344 Honorii
3603 5304 3758 5358 papa:

2173 5380 2519 5435 sententiam.
2565 5379 2683 5446 Quo
2717 5381 2842 5451 jure
2883 5381 2940 5436 id
2975 5390 3230 5437 causatus
3261 5381 3351 5447 sit,
3389 5396 3535 5436 nunc
3565 5382 3756 5436 viden-

2173 5471 2319 5526 dum.
3637 5539 3642 5543 _

2247 5566 2406 5635 180
2449 5565 2684 5620 XXVIII.
2724 5566 3014 5622 Parentum
3050 5574 3210 5622 aetate
3239 5566 3415 5632 multi,
3445 5581 3568 5623 cum
3597 5565 3753 5621 audi-

2172 5667 2293 5711 rent
2332 5657 2620 5714 haereticos
2649 5658 2888 5716 Honorio
2933 5661 3138 5715 crimen
3169 5661 3392 5714 Interesis
3430 5659 3754 5714 Monotheli-

2172 5757 2349 5803 tarum
2375 5749 2632 5819 objicere,
2681 5761 2736 5806 et
2763 5755 3068 5822 importune
3095 5765 3389 5819 congerere
3418 5748 3746 5816 testimonia,

2171 5844 2306 5901 falsa
2349 5849 2566 5916 quidem
2615 5852 2813 5920 reipsa,
2859 5845 2953 5900 sed
2982 5840 3283 5912 probabilia
3330 5851 3508 5899 tamen
3536 5841 3594 5897 in
3624 5853 3748 5914 δι)οη
