  <div class='ocr_page' id='page_1' title='image "/cluster/home/n/w/nwhite01/storage/ocr_20150623/105/hvd.32044021109350/080.png"; bbox 0 0 4062 6456; ppageno 0'>
   <div class='ocr_carea' id='block_1_1' title="bbox 273 410 1783 494">
    <p class='ocr_par' dir='ltr' id='par_1_1' title="bbox 273 410 1778 484">
     <span class='ocr_line' id='line_1_1' title="bbox 273 410 1778 484; baseline 0.01 -20"><span class='ocrx_word' id='word_1_1' title='bbox 273 417 364 484; x_wconf 64' lang='grc' dir='ltr'><strong>,εδ</strong></span> <span class='ocrx_word' id='word_1_2' title='bbox 1233 410 1778 480; x_wconf 69' lang='grc' dir='ltr'><strong>υιδδειιΤΑΤιοΝΕ</strong></span> 
     </span>
    </p>
   </div>
   <div class='ocr_carea' id='block_1_2' title="bbox 1885 410 3514 494">
    <p class='ocr_par' dir='ltr' id='par_1_2' title="bbox 1885 423 3514 494">
     <span class='ocr_line' id='line_1_2' title="bbox 1885 423 3514 494; baseline 0.007 -13"><span class='ocrx_word' id='word_1_3' title='bbox 1885 455 1953 466; x_wconf 89' lang='grc'><strong><em>-</em></strong></span> <span class='ocrx_word' id='word_1_4' title='bbox 1989 423 2442 486; x_wconf 81' lang='lat' dir='ltr'><strong>DISSERTATIO</strong></span> <span class='ocrx_word' id='word_1_5' title='bbox 2475 429 2540 485; x_wconf 90' lang='lat' dir='ltr'><strong>II.</strong></span> <span class='ocrx_word' id='word_1_6' title='bbox 3389 427 3514 494; x_wconf 61' lang='grc'><strong>164</strong></span> 
     </span>
    </p>
   </div>
   <div class='ocr_carea' id='block_1_3' title="bbox 270 529 3495 612">
    <p class='ocr_par' dir='ltr' id='par_1_3' title="bbox 270 529 3495 612">
     <span class='ocr_line' id='line_1_3' title="bbox 270 529 3495 612; baseline 0.004 -21"><span class='ocrx_word' id='word_1_7' title='bbox 270 539 413 600; x_wconf 87' lang='lat' dir='ltr'>ciem,</span> <span class='ocrx_word' id='word_1_8' title='bbox 458 529 798 588; x_wconf 88' lang='lat' dir='ltr'><strong>crediderunt</strong></span> <span class='ocrx_word' id='word_1_9' title='bbox 825 539 1027 588; x_wconf 91' lang='lat' dir='ltr'><strong>temere</strong></span> <span class='ocrx_word' id='word_1_10' title='bbox 1054 547 1168 588; x_wconf 91' lang='lat' dir='ltr'><strong>rem</strong></span> <span class='ocrx_word' id='word_1_11' title='bbox 1199 535 1272 588; x_wconf 91' lang='lat' dir='ltr'><strong>ita</strong></span> <span class='ocrx_word' id='word_1_12' title='bbox 1308 551 1365 591; x_wconf 90' lang='lat' dir='ltr'><strong>se</strong></span> <span class='ocrx_word' id='word_1_13' title='bbox 1412 537 1651 604; x_wconf 88' lang='lat' dir='ltr'><strong>habere;</strong></span> <span class='ocrx_word' id='word_1_14' title='bbox 1689 539 1811 608; x_wconf 88' lang='lat' dir='ltr'><strong>opi-</strong></span> <span class='ocrx_word' id='word_1_15' title='bbox 1842 541 1894 600; x_wconf 82' lang='grc' dir='ltr'><strong>Α</strong></span> <span class='ocrx_word' id='word_1_16' title='bbox 1923 557 1942 591; x_wconf 71' lang='grc' dir='ltr'><em>ς</em></span> <span class='ocrx_word' id='word_1_17' title='bbox 1977 539 2147 596; x_wconf 88' lang='lat' dir='ltr'><strong>Unam</strong></span> <span class='ocrx_word' id='word_1_18' title='bbox 2176 542 2509 597; x_wconf 80' lang='lat' dir='ltr'><strong>voluntatem</strong></span> <span class='ocrx_word' id='word_1_19' title='bbox 2537 543 2775 598; x_wconf 80' lang='lat' dir='ltr'><strong>diximus</strong></span> <span class='ocrx_word' id='word_1_20' title='bbox 2818 543 2873 599; x_wconf 93' lang='lat' dir='ltr'><strong>in</strong></span> <span class='ocrx_word' id='word_1_21' title='bbox 2901 540 3157 612; x_wconf 87' lang='lat' dir='ltr'><strong>Domino,</strong></span> <span class='ocrx_word' id='word_1_22' title='bbox 3202 563 3313 603; x_wconf 89' lang='lat' dir='ltr'><strong>non</strong></span> <span class='ocrx_word' id='word_1_23' title='bbox 3341 529 3495 605; x_wconf 56' lang='lat' dir='ltr'><strong>Divi-4</strong></span> 
     </span>
    </p>
   </div>
   <div class='ocr_carea' id='block_1_4' title="bbox 267 625 3489 702">
    <p class='ocr_par' dir='ltr' id='par_1_4' title="bbox 267 625 3489 702">
     <span class='ocr_line' id='line_1_4' title="bbox 267 625 3489 702; baseline 0.003 -17"><span class='ocrx_word' id='word_1_24' title='bbox 267 631 446 696; x_wconf 90' lang='lat' dir='ltr'><strong>nioque</strong></span> <span class='ocrx_word' id='word_1_25' title='bbox 490 625 636 680; x_wconf 87' lang='lat' dir='ltr'><strong>velut</strong></span> <span class='ocrx_word' id='word_1_26' title='bbox 679 634 979 681; x_wconf 87' lang='lat' dir='ltr'><strong>contestata</strong></span> <span class='ocrx_word' id='word_1_27' title='bbox 1025 627 1279 682; x_wconf 88' lang='lat' dir='ltr'><strong>obtinuit.</strong></span> <span class='ocrx_word' id='word_1_28' title='bbox 1325 629 1478 685; x_wconf 88' lang='lat' dir='ltr'><strong>Nunc</strong></span> <span class='ocrx_word' id='word_1_29' title='bbox 1511 647 1640 686; x_wconf 88' lang='lat' dir='ltr'><strong>vero</strong></span> <span class='ocrx_word' id='word_1_30' title='bbox 1669 640 1816 702; x_wconf 86' lang='lat' dir='ltr'><strong>post-</strong></span> <span class='ocrx_word' id='word_1_31' title='bbox 1914 632 2100 688; x_wconf 84' lang='lat' dir='ltr'><strong>uitatis</strong></span> <span class='ocrx_word' id='word_1_32' title='bbox 2127 631 2242 700; x_wconf 89' lang='lat' dir='ltr'><strong>ejus</strong></span> <span class='ocrx_word' id='word_1_33' title='bbox 2269 642 2324 688; x_wconf 92' lang='lat' dir='ltr'><strong>et</strong></span> <span class='ocrx_word' id='word_1_34' title='bbox 2363 636 2736 701; x_wconf 83' lang='lat' dir='ltr'><strong>humanitatis,</strong></span> <span class='ocrx_word' id='word_1_35' title='bbox 2784 637 2877 691; x_wconf 90' lang='lat' dir='ltr'><strong>sed</strong></span> <span class='ocrx_word' id='word_1_36' title='bbox 2910 638 3263 692; x_wconf 83' lang='lat' dir='ltr'><strong>humanitatis</strong></span> <span class='ocrx_word' id='word_1_37' title='bbox 3303 639 3489 695; x_wconf 87' lang='lat' dir='ltr'><strong>solius.</strong></span> 
     </span>
    </p>
   </div>
   <div class='ocr_carea' id='block_1_5' title="bbox 264 716 3494 795">
    <p class='ocr_par' dir='ltr' id='par_1_5' title="bbox 264 716 3494 795">
     <span class='ocr_line' id='line_1_5' title="bbox 264 716 3494 795; baseline 0.003 -23"><span class='ocrx_word' id='word_1_38' title='bbox 264 733 409 790; x_wconf 89' lang='lat' dir='ltr'><strong>quam</strong></span> <span class='ocrx_word' id='word_1_39' title='bbox 435 716 630 787; x_wconf 77' lang='lat' dir='ltr'><strong>agitata</strong></span> <span class='ocrx_word' id='word_1_40' title='bbox 653 725 738 771; x_wconf 90' lang='lat' dir='ltr'><strong>est</strong></span> <span class='ocrx_word' id='word_1_41' title='bbox 759 716 1066 788; x_wconf 79' lang='lat' dir='ltr'><strong>diligentius</strong></span> <span class='ocrx_word' id='word_1_42' title='bbox 1081 720 1427 791; x_wconf 89' lang='lat' dir='ltr'><strong>sanctiusque</strong></span> <span class='ocrx_word' id='word_1_43' title='bbox 1447 738 1633 788; x_wconf 84' lang='lat' dir='ltr'><strong>causa,</strong></span> <span class='ocrx_word' id='word_1_44' title='bbox 1655 723 1813 793; x_wconf 81' lang='lat' dir='ltr'><strong>pauci</strong></span> <span class='ocrx_word' id='word_1_45' title='bbox 1912 720 2048 776; x_wconf 91' lang='lat' dir='ltr'><strong>Cum</strong></span> <span class='ocrx_word' id='word_1_46' title='bbox 2077 724 2297 795; x_wconf 83' lang='lat' dir='ltr'><strong>Sergius</strong></span> <span class='ocrx_word' id='word_1_47' title='bbox 2341 725 2670 795; x_wconf 84' lang='lat' dir='ltr'><strong>scripsisset,</strong></span> <span class='ocrx_word' id='word_1_48' title='bbox 2701 726 2846 794; x_wconf 90' lang='lat' dir='ltr'><strong>quod</strong></span> <span class='ocrx_word' id='word_1_49' title='bbox 2877 727 3096 795; x_wconf 89' lang='lat' dir='ltr'><strong>quidam</strong></span> <span class='ocrx_word' id='word_1_50' title='bbox 3128 729 3263 784; x_wconf 88' lang='lat' dir='ltr'><strong>duas</strong></span> <span class='ocrx_word' id='word_1_51' title='bbox 3301 729 3494 783; x_wconf 84' lang='lat' dir='ltr'><strong>volun-</strong></span> 
     </span>
    </p>
   </div>
   <div class='ocr_carea' id='block_1_6' title="bbox 263 810 3490 891">
    <p class='ocr_par' dir='ltr' id='par_1_6' title="bbox 263 810 3490 891">
     <span class='ocr_line' id='line_1_6' title="bbox 263 810 3490 891; baseline 0.004 -25"><span class='ocrx_word' id='word_1_52' title='bbox 263 825 489 874; x_wconf 91' lang='lat' dir='ltr'><strong>numero,</strong></span> <span class='ocrx_word' id='word_1_53' title='bbox 539 810 683 879; x_wconf 88' lang='lat' dir='ltr'><strong>iique</strong></span> <span class='ocrx_word' id='word_1_54' title='bbox 728 811 809 865; x_wconf 86' lang='lat' dir='ltr'><strong>vel</strong></span> <span class='ocrx_word' id='word_1_55' title='bbox 835 821 1099 881; x_wconf 67' lang='lat' dir='ltr'><strong>suspecta:</strong></span> <span class='ocrx_word' id='word_1_56' title='bbox 1139 814 1356 870; x_wconf 87' lang='lat' dir='ltr'><strong>aliunde</strong></span> <span class='ocrx_word' id='word_1_57' title='bbox 1399 815 1544 881; x_wconf 87' lang='lat' dir='ltr'><strong>fidei,</strong></span> <span class='ocrx_word' id='word_1_58' title='bbox 1574 815 1659 870; x_wconf 91' lang='lat' dir='ltr'><strong>vel</strong></span> <span class='ocrx_word' id='word_1_59' title='bbox 1704 831 1813 870; x_wconf 88' lang='lat' dir='ltr'><strong>non</strong></span> <span class='ocrx_word' id='word_1_60' title='bbox 1912 822 2051 869; x_wconf 87' lang='lat' dir='ltr'><strong>tates</strong></span> <span class='ocrx_word' id='word_1_61' title='bbox 2098 815 2155 869; x_wconf 92' lang='lat' dir='ltr'><strong>in</strong></span> <span class='ocrx_word' id='word_1_62' title='bbox 2197 815 2414 872; x_wconf 80' lang='lat' dir='ltr'><strong>Christo</strong></span> <span class='ocrx_word' id='word_1_63' title='bbox 2445 819 2752 873; x_wconf 86' lang='lat' dir='ltr'><strong>contrarias</strong></span> <span class='ocrx_word' id='word_1_64' title='bbox 2793 819 3059 886; x_wconf 86' lang='lat' dir='ltr'><strong>dicerent,</strong></span> <span class='ocrx_word' id='word_1_65' title='bbox 3090 821 3490 891; x_wconf 85' lang='lat' dir='ltr'><strong>rescripsimus,</strong></span> 
     </span>
    </p>
   </div>
   <div class='ocr_carea' id='block_1_7' title="bbox 259 901 3489 979">
    <p class='ocr_par' dir='ltr' id='par_1_7' title="bbox 259 901 3489 979">
     <span class='ocr_line' id='line_1_7' title="bbox 259 901 3489 979; baseline 0.007 -22"><span class='ocrx_word' id='word_1_66' title='bbox 259 903 489 958; x_wconf 75' lang='lat' dir='ltr'><strong>maxima:</strong></span> <span class='ocrx_word' id='word_1_67' title='bbox 517 902 855 969; x_wconf 86' lang='lat' dir='ltr'><strong>auloritatis,</strong></span> <span class='ocrx_word' id='word_1_68' title='bbox 890 904 1186 961; x_wconf 85' lang='lat' dir='ltr'><strong>Honorium</strong></span> <span class='ocrx_word' id='word_1_69' title='bbox 1217 907 1618 964; x_wconf 87' lang='lat' dir='ltr'><strong>Monothelismi</strong></span> <span class='ocrx_word' id='word_1_70' title='bbox 1659 910 1812 964; x_wconf 88' lang='lat' dir='ltr'><strong>dam-</strong></span> <span class='ocrx_word' id='word_1_71' title='bbox 1911 901 2193 959; x_wconf 73' lang='lat' dir='ltr'><strong>Chrismm</strong></span> <span class='ocrx_word' id='word_1_72' title='bbox 2224 923 2333 961; x_wconf 84' lang='lat' dir='ltr'><strong>non</strong></span> <span class='ocrx_word' id='word_1_73' title='bbox 2360 908 2494 962; x_wconf 77' lang='lat' dir='ltr'><strong>duas</strong></span> <span class='ocrx_word' id='word_1_74' title='bbox 2528 909 2840 963; x_wconf 65' lang='grc' dir='ltr'><strong>νοὶυηιδιθε</strong></span> <span class='ocrx_word' id='word_1_75' title='bbox 2865 912 3168 965; x_wconf 62' lang='lat' dir='ltr'><strong>Contrarias</strong></span> <span class='ocrx_word' id='word_1_76' title='bbox 3216 912 3489 979; x_wconf 64' lang='lat' dir='ltr'><strong>habUISSC.</strong></span> 
     </span>
    </p>
   </div>
   <div class='ocr_carea' id='block_1_8' title="bbox 257 994 1295 1064">
    <p class='ocr_par' dir='ltr' id='par_1_8' title="bbox 257 994 1295 1064">
     <span class='ocr_line' id='line_1_8' title="bbox 257 994 1295 1064; baseline 0.006 -14"><span class='ocrx_word' id='word_1_77' title='bbox 257 1004 392 1059; x_wconf 88' lang='lat' dir='ltr'><strong>nant,</strong></span> <span class='ocrx_word' id='word_1_78' title='bbox 422 994 609 1064; x_wconf 90' lang='lat' dir='ltr'><strong>reliqui</strong></span> <span class='ocrx_word' id='word_1_79' title='bbox 635 994 773 1052; x_wconf 88' lang='lat' dir='ltr'><strong>bene</strong></span> <span class='ocrx_word' id='word_1_80' title='bbox 809 999 960 1053; x_wconf 92' lang='lat' dir='ltr'><strong>multi</strong></span> <span class='ocrx_word' id='word_1_81' title='bbox 994 1001 1295 1056; x_wconf 92' lang='lat' dir='ltr'><strong>absolvunt.</strong></span> 
     </span>
    </p>
   </div>
   <div class='ocr_carea' id='block_1_9' title="bbox 319 1086 1808 1160">
    <p class='ocr_par' dir='ltr' id='par_1_9' title="bbox 319 1086 1808 1160">
     <span class='ocr_line' id='line_1_9' title="bbox 319 1086 1808 1160; baseline 0.006 -20"><span class='ocrx_word' id='word_1_82' title='bbox 319 1086 495 1141; x_wconf 87' lang='lat' dir='ltr'><strong>XXIX.</strong></span> <span class='ocrx_word' id='word_1_83' title='bbox 531 1087 701 1154; x_wconf 90' lang='lat' dir='ltr'><strong>Quam</strong></span> <span class='ocrx_word' id='word_1_84' title='bbox 730 1091 806 1145; x_wconf 93' lang='lat' dir='ltr'><strong>illi</strong></span> <span class='ocrx_word' id='word_1_85' title='bbox 835 1091 1236 1148; x_wconf 88' lang='lat' dir='ltr'><strong>inconsiderate</strong></span> <span class='ocrx_word' id='word_1_86' title='bbox 1281 1095 1541 1160; x_wconf 91' lang='lat' dir='ltr'><strong>sentiunt,</strong></span> <span class='ocrx_word' id='word_1_87' title='bbox 1571 1103 1688 1149; x_wconf 89' lang='lat' dir='ltr'><strong>tam</strong></span> <span class='ocrx_word' id='word_1_88' title='bbox 1730 1094 1808 1150; x_wconf 89' lang='lat' dir='ltr'><strong>illi</strong></span> 
     </span>
    </p>
   </div>
   <div class='ocr_carea' id='block_1_10' title="bbox 256 1177 1808 1252">
    <p class='ocr_par' dir='ltr' id='par_1_10' title="bbox 256 1177 1808 1252">
     <span class='ocr_line' id='line_1_10' title="bbox 256 1177 1808 1252; baseline 0.005 -22"><span class='ocrx_word' id='word_1_89' title='bbox 256 1177 626 1246; x_wconf 86' lang='lat' dir='ltr'><strong>circumspecte</strong></span> <span class='ocrx_word' id='word_1_90' title='bbox 653 1195 668 1245; x_wconf 93' lang='lat'>;</span> <span class='ocrx_word' id='word_1_91' title='bbox 704 1195 880 1250; x_wconf 78' lang='lat' dir='ltr'><strong>neque</strong></span> <span class='ocrx_word' id='word_1_92' title='bbox 905 1182 1050 1236; x_wconf 90' lang='lat' dir='ltr'><strong>enim</strong></span> <span class='ocrx_word' id='word_1_93' title='bbox 1076 1182 1233 1237; x_wconf 88' lang='lat' dir='ltr'><strong>aliter</strong></span> <span class='ocrx_word' id='word_1_94' title='bbox 1255 1183 1322 1237; x_wconf 94' lang='lat' dir='ltr'><strong>de</strong></span> <span class='ocrx_word' id='word_1_95' title='bbox 1351 1185 1647 1252; x_wconf 59' lang='lat' dir='ltr'><strong>quaestione</strong></span> <span class='ocrx_word' id='word_1_96' title='bbox 1670 1185 1808 1238; x_wconf 90' lang='lat' dir='ltr'><strong>scri-</strong></span> 
     </span>
    </p>
   </div>
   <div class='ocr_carea' id='block_1_11' title="bbox 253 1269 1808 1345">
    <p class='ocr_par' dir='ltr' id='par_1_11' title="bbox 253 1269 1808 1345">
     <span class='ocr_line' id='line_1_11' title="bbox 253 1269 1808 1345; baseline 0.007 -23"><span class='ocrx_word' id='word_1_97' title='bbox 253 1270 347 1338; x_wconf 86' lang='lat' dir='ltr'><strong>psit</strong></span> <span class='ocrx_word' id='word_1_98' title='bbox 371 1269 655 1338; x_wconf 84' lang='lat' dir='ltr'><strong>Honorius,</strong></span> <span class='ocrx_word' id='word_1_99' title='bbox 693 1287 853 1342; x_wconf 91' lang='lat' dir='ltr'><strong>quam</strong></span> <span class='ocrx_word' id='word_1_100' title='bbox 882 1271 939 1327; x_wconf 90' lang='lat' dir='ltr'><strong>S.</strong></span> <span class='ocrx_word' id='word_1_101' title='bbox 972 1273 1103 1340; x_wconf 91' lang='lat' dir='ltr'><strong>Leo,</strong></span> <span class='ocrx_word' id='word_1_102' title='bbox 1135 1275 1240 1329; x_wconf 90' lang='lat' dir='ltr'><strong>nisi</strong></span> <span class='ocrx_word' id='word_1_103' title='bbox 1285 1277 1426 1345; x_wconf 89' lang='lat' dir='ltr'><strong>quod</strong></span> <span class='ocrx_word' id='word_1_104' title='bbox 1457 1276 1579 1332; x_wconf 87' lang='lat' dir='ltr'><strong>ﬁdei</strong></span> <span class='ocrx_word' id='word_1_105' title='bbox 1608 1279 1808 1345; x_wconf 77' lang='lat' dir='ltr'><strong>dogma</strong></span> 
     </span>
    </p>
   </div>
   <div class='ocr_carea' id='block_1_12' title="bbox 251 1357 1805 1434">
    <p class='ocr_par' dir='ltr' id='par_1_12' title="bbox 251 1357 1805 1434">
     <span class='ocr_line' id='line_1_12' title="bbox 251 1357 1805 1434; baseline 0.005 -20"><span class='ocrx_word' id='word_1_106' title='bbox 251 1368 447 1414; x_wconf 86' lang='lat' dir='ltr'><strong>sanctus</strong></span> <span class='ocrx_word' id='word_1_107' title='bbox 473 1357 585 1414; x_wconf 89' lang='lat' dir='ltr'><strong>Leo</strong></span> <span class='ocrx_word' id='word_1_108' title='bbox 614 1361 832 1416; x_wconf 84' lang='lat' dir='ltr'><strong>brevius</strong></span> <span class='ocrx_word' id='word_1_109' title='bbox 853 1365 1218 1433; x_wconf 88' lang='lat' dir='ltr'><strong>pressiusque,</strong></span> <span class='ocrx_word' id='word_1_110' title='bbox 1244 1365 1511 1434; x_wconf 79' lang='lat' dir='ltr'><strong>prolixius</strong></span> <span class='ocrx_word' id='word_1_111' title='bbox 1533 1367 1805 1422; x_wconf 82' lang='lat' dir='ltr'><strong>Honorius</strong></span> 
     </span>
    </p>
   </div>
   <div class='ocr_carea' id='block_1_13' title="bbox 249 1449 1808 1526">
    <p class='ocr_par' dir='ltr' id='par_1_13' title="bbox 249 1449 1808 1526">
     <span class='ocr_line' id='line_1_13' title="bbox 249 1449 1808 1526; baseline 0.006 -22"><span class='ocrx_word' id='word_1_112' title='bbox 249 1450 494 1518; x_wconf 81' lang='lat' dir='ltr'><strong>exposuit.</strong></span> <span class='ocrx_word' id='word_1_113' title='bbox 525 1449 604 1504; x_wconf 89' lang='lat' dir='ltr'><strong>Ita</strong></span> <span class='ocrx_word' id='word_1_114' title='bbox 635 1449 693 1506; x_wconf 88' lang='lat' dir='ltr'><strong>S.</strong></span> <span class='ocrx_word' id='word_1_115' title='bbox 725 1451 834 1507; x_wconf 89' lang='lat' dir='ltr'><strong>Leo</strong></span> <span class='ocrx_word' id='word_1_116' title='bbox 861 1467 876 1506; x_wconf 90' lang='lat'><strong>:</strong></span> <span class='ocrx_word' id='word_1_117' title='bbox 913 1471 933 1504; x_wconf 82' lang='grc' dir='ltr'>ι</span> <span class='ocrx_word' id='word_1_118' title='bbox 965 1454 1090 1526; x_wconf 79' lang='lat' dir='ltr'><strong>Agit</strong></span> <span class='ocrx_word' id='word_1_119' title='bbox 1113 1465 1344 1524; x_wconf 87' lang='lat' dir='ltr'><strong>utraque</strong></span> <span class='ocrx_word' id='word_1_120' title='bbox 1371 1455 1543 1511; x_wconf 84' lang='lat' dir='ltr'><strong>forma</strong></span> <span class='ocrx_word' id='word_1_121' title='bbox 1579 1473 1703 1512; x_wconf 91' lang='lat' dir='ltr'><strong>cum</strong></span> <span class='ocrx_word' id='word_1_122' title='bbox 1731 1459 1808 1513; x_wconf 89' lang='lat' dir='ltr'><strong>al-</strong></span> 
     </span>
    </p>
   </div>
   <div class='ocr_carea' id='block_1_14' title="bbox 247 1540 1808 1614">
    <p class='ocr_par' dir='ltr' id='par_1_14' title="bbox 247 1540 1808 1614">
     <span class='ocr_line' id='line_1_14' title="bbox 247 1540 1808 1614; baseline 0.008 -20"><span class='ocrx_word' id='word_1_123' title='bbox 247 1540 398 1594; x_wconf 84' lang='lat' dir='ltr'><strong>terius</strong></span> <span class='ocrx_word' id='word_1_124' title='bbox 429 1542 828 1607; x_wconf 90' lang='lat' dir='ltr'><strong>communione,</strong></span> <span class='ocrx_word' id='word_1_125' title='bbox 861 1545 1005 1614; x_wconf 91' lang='lat' dir='ltr'><strong>quod</strong></span> <span class='ocrx_word' id='word_1_126' title='bbox 1029 1547 1307 1614; x_wconf 89' lang='lat' dir='ltr'><strong>proprium</strong></span> <span class='ocrx_word' id='word_1_127' title='bbox 1339 1555 1453 1612; x_wconf 92' lang='lat' dir='ltr'><strong>est;</strong></span> <span class='ocrx_word' id='word_1_128' title='bbox 1497 1549 1676 1605; x_wconf 92' lang='lat' dir='ltr'><strong>Verbo</strong></span> <span class='ocrx_word' id='word_1_129' title='bbox 1701 1551 1808 1606; x_wconf 89' lang='lat' dir='ltr'><strong>sci-</strong></span> 
     </span>
    </p>
   </div>
   <div class='ocr_carea' id='block_1_15' title="bbox 243 1629 1804 1712">
    <p class='ocr_par' dir='ltr' id='par_1_15' title="bbox 243 1629 1804 1712">
     <span class='ocr_line' id='line_1_15' title="bbox 243 1629 1804 1712; baseline 0.01 -28"><span class='ocrx_word' id='word_1_130' title='bbox 243 1629 350 1686; x_wconf 89' lang='lat' dir='ltr'><strong>licet</strong></span> <span class='ocrx_word' id='word_1_131' title='bbox 377 1643 652 1700; x_wconf 88' lang='lat' dir='ltr'><strong>operante,</strong></span> <span class='ocrx_word' id='word_1_132' title='bbox 681 1635 824 1704; x_wconf 91' lang='lat' dir='ltr'><strong>quod</strong></span> <span class='ocrx_word' id='word_1_133' title='bbox 851 1636 1012 1690; x_wconf 91' lang='lat' dir='ltr'><strong>Verbi</strong></span> <span class='ocrx_word' id='word_1_134' title='bbox 1039 1645 1159 1703; x_wconf 89' lang='lat' dir='ltr'><strong>est;</strong></span> <span class='ocrx_word' id='word_1_135' title='bbox 1192 1647 1246 1693; x_wconf 89' lang='lat' dir='ltr'><strong>et</strong></span> <span class='ocrx_word' id='word_1_136' title='bbox 1285 1655 1452 1695; x_wconf 88' lang='lat' dir='ltr'><strong>carne</strong></span> <span class='ocrx_word' id='word_1_137' title='bbox 1481 1653 1804 1712; x_wconf 79' lang='lat' dir='ltr'><strong>exequente,</strong></span> 
     </span>
    </p>
   </div>
   <div class='ocr_carea' id='block_1_16' title="bbox 239 1723 1803 1802">
    <p class='ocr_par' dir='ltr' id='par_1_16' title="bbox 239 1723 1803 1802">
     <span class='ocr_line' id='line_1_16' title="bbox 239 1723 1803 1802; baseline 0.012 -26"><span class='ocrx_word' id='word_1_138' title='bbox 239 1723 366 1792; x_wconf 85' lang='lat' dir='ltr'><strong>quod</strong></span> <span class='ocrx_word' id='word_1_139' title='bbox 377 1727 669 1781; x_wconf 88' lang='lat' dir='ltr'><strong>carnisest.</strong></span> <span class='ocrx_word' id='word_1_140' title='bbox 695 1746 714 1778; x_wconf 76' lang='grc' dir='ltr'><strong><em>ι</em></strong></span> <span class='ocrx_word' id='word_1_141' title='bbox 733 1726 1030 1785; x_wconf 86' lang='lat' dir='ltr'><strong>Honorius:</strong></span> <span class='ocrx_word' id='word_1_142' title='bbox 1056 1749 1074 1782; x_wconf 74' lang='grc' dir='ltr'><strong>ε</strong></span> <span class='ocrx_word' id='word_1_143' title='bbox 1099 1731 1366 1802; x_wconf 90' lang='lat' dir='ltr'><strong>Utrasque</strong></span> <span class='ocrx_word' id='word_1_144' title='bbox 1380 1735 1603 1791; x_wconf 80' lang='lat' dir='ltr'><strong>naturas</strong></span> <span class='ocrx_word' id='word_1_145' title='bbox 1627 1738 1679 1791; x_wconf 92' lang='lat' dir='ltr'><strong>in</strong></span> <span class='ocrx_word' id='word_1_146' title='bbox 1695 1753 1803 1794; x_wconf 90' lang='lat' dir='ltr'><strong>uno</strong></span> 
     </span>
    </p>
   </div>
   <div class='ocr_carea' id='block_1_17' title="bbox 240 1814 1798 1896">
    <p class='ocr_par' dir='ltr' id='par_1_17' title="bbox 240 1814 1798 1896">
     <span class='ocr_line' id='line_1_17' title="bbox 240 1814 1798 1896; baseline 0.011 -26"><span class='ocrx_word' id='word_1_147' title='bbox 240 1814 434 1872; x_wconf 86' lang='lat' dir='ltr'><strong>Christo</strong></span> <span class='ocrx_word' id='word_1_148' title='bbox 460 1820 676 1876; x_wconf 88' lang='lat' dir='ltr'><strong>unitate</strong></span> <span class='ocrx_word' id='word_1_149' title='bbox 698 1824 1222 1896; x_wconf 86' lang='lat' dir='ltr'><strong>naturalicopulatas</strong></span> <span class='ocrx_word' id='word_1_150' title='bbox 1273 1846 1396 1884; x_wconf 92' lang='lat' dir='ltr'><strong>cum</strong></span> <span class='ocrx_word' id='word_1_151' title='bbox 1411 1831 1630 1888; x_wconf 89' lang='lat' dir='ltr'><strong>alterius</strong></span> <span class='ocrx_word' id='word_1_152' title='bbox 1653 1848 1798 1887; x_wconf 90' lang='lat' dir='ltr'><strong>com-</strong></span> 
     </span>
    </p>
   </div>
   <div class='ocr_carea' id='block_1_18' title="bbox 1907 995 3488 1072">
    <p class='ocr_par' dir='ltr' id='par_1_18' title="bbox 1907 995 3488 1072">
     <span class='ocr_line' id='line_1_18' title="bbox 1907 995 3488 1072; baseline 0.004 -22"><span class='ocrx_word' id='word_1_153' title='bbox 1907 995 2109 1059; x_wconf 89' lang='lat' dir='ltr'><strong>carnis,</strong></span> <span class='ocrx_word' id='word_1_154' title='bbox 2138 996 2379 1067; x_wconf 89' lang='lat' dir='ltr'><strong>inquam,</strong></span> <span class='ocrx_word' id='word_1_155' title='bbox 2409 1008 2464 1054; x_wconf 92' lang='lat' dir='ltr'><strong>et</strong></span> <span class='ocrx_word' id='word_1_156' title='bbox 2493 1000 2738 1069; x_wconf 88' lang='lat' dir='ltr'><strong>spiritus,</strong></span> <span class='ocrx_word' id='word_1_157' title='bbox 2769 1000 2911 1054; x_wconf 85' lang='lat' dir='ltr'><strong>sicut</strong></span> <span class='ocrx_word' id='word_1_158' title='bbox 2946 1016 3046 1055; x_wconf 92' lang='lat' dir='ltr'><strong>nos</strong></span> <span class='ocrx_word' id='word_1_159' title='bbox 3077 1001 3341 1057; x_wconf 87' lang='lat' dir='ltr'><strong>habemus</strong></span> <span class='ocrx_word' id='word_1_160' title='bbox 3362 1011 3488 1072; x_wconf 92' lang='lat' dir='ltr'><strong>post</strong></span> 
     </span>
    </p>
   </div>
   <div class='ocr_carea' id='block_1_19' title="bbox 1906 1090 3492 1161">
    <p class='ocr_par' dir='ltr' id='par_1_19' title="bbox 1906 1090 3492 1161">
     <span class='ocr_line' id='line_1_19' title="bbox 1906 1090 3492 1161; baseline 0.006 -22"><span class='ocrx_word' id='word_1_161' title='bbox 1906 1095 2210 1154; x_wconf 90' lang='lat' dir='ltr'><strong>peccatum,</strong></span> <span class='ocrx_word' id='word_1_162' title='bbox 2241 1090 2334 1144; x_wconf 90' lang='lat' dir='ltr'><strong>sed</strong></span> <span class='ocrx_word' id='word_1_163' title='bbox 2357 1106 2521 1144; x_wconf 90' lang='lat' dir='ltr'><strong>unam</strong></span> <span class='ocrx_word' id='word_1_164' title='bbox 2549 1099 2785 1158; x_wconf 90' lang='lat' dir='ltr'><strong>tantum,</strong></span> <span class='ocrx_word' id='word_1_165' title='bbox 2812 1107 2931 1161; x_wconf 89' lang='lat' dir='ltr'><strong>quae</strong></span> <span class='ocrx_word' id='word_1_166' title='bbox 2955 1093 3277 1148; x_wconf 89' lang='lat' dir='ltr'><strong>naturaliter</strong></span> <span class='ocrx_word' id='word_1_167' title='bbox 3297 1095 3492 1149; x_wconf 82' lang='lat' dir='ltr'><strong>huma-</strong></span> 
     </span>
    </p>
   </div>
   <div class='ocr_carea' id='block_1_20' title="bbox 1907 1176 2649 1249">
    <p class='ocr_par' dir='ltr' id='par_1_20' title="bbox 1907 1176 2649 1249">
     <span class='ocr_line' id='line_1_20' title="bbox 1907 1176 2649 1249; baseline 0.005 -19"><span class='ocrx_word' id='word_1_168' title='bbox 1907 1176 2136 1231; x_wconf 88' lang='lat' dir='ltr'><strong>nitatem</strong></span> <span class='ocrx_word' id='word_1_169' title='bbox 2172 1177 2289 1245; x_wconf 84' lang='lat' dir='ltr'><strong>ejus</strong></span> <span class='ocrx_word' id='word_1_170' title='bbox 2320 1180 2591 1249; x_wconf 78' lang='lat' dir='ltr'><strong>signabat.</strong></span> <span class='ocrx_word' id='word_1_171' title='bbox 2622 1179 2649 1234; x_wconf 68' lang='grc' dir='ltr'><strong><em>ἰ</em></strong></span> 
     </span>
    </p>
   </div>
   <div class='ocr_carea' id='block_1_21' title="bbox 1977 1267 3490 1338">
    <p class='ocr_par' dir='ltr' id='par_1_21' title="bbox 1977 1267 3490 1338">
     <span class='ocr_line' id='line_1_21' title="bbox 1977 1267 3490 1338; baseline 0.006 -16"><span class='ocrx_word' id='word_1_172' title='bbox 1977 1267 2216 1324; x_wconf 80' lang='lat' dir='ltr'><strong>XXXIV.</strong></span> <span class='ocrx_word' id='word_1_173' title='bbox 2253 1268 2490 1325; x_wconf 86' lang='lat' dir='ltr'><strong>Joannes</strong></span> <span class='ocrx_word' id='word_1_174' title='bbox 2539 1272 2631 1338; x_wconf 90' lang='lat' dir='ltr'><strong>IV,</strong></span> <span class='ocrx_word' id='word_1_175' title='bbox 2694 1273 2782 1328; x_wconf 88' lang='lat' dir='ltr'><strong>vel</strong></span> <span class='ocrx_word' id='word_1_176' title='bbox 2825 1271 3062 1330; x_wconf 84' lang='lat' dir='ltr'><strong>Joannes</strong></span> <span class='ocrx_word' id='word_1_177' title='bbox 3120 1273 3263 1332; x_wconf 88' lang='lat' dir='ltr'><strong>idem</strong></span> <span class='ocrx_word' id='word_1_178' title='bbox 3306 1276 3490 1332; x_wconf 81' lang='lat' dir='ltr'><strong>Abbas</strong></span> 
     </span>
    </p>
   </div>
   <div class='ocr_carea' id='block_1_22' title="bbox 1907 1355 3491 1436">
    <p class='ocr_par' dir='ltr' id='par_1_22' title="bbox 1907 1355 3491 1436">
     <span class='ocr_line' id='line_1_22' title="bbox 1907 1355 3491 1436; baseline 0.006 -24"><span class='ocrx_word' id='word_1_179' title='bbox 1907 1358 2078 1428; x_wconf 86' lang='lat' dir='ltr'><strong>ipsius</strong></span> <span class='ocrx_word' id='word_1_180' title='bbox 2105 1360 2323 1432; x_wconf 84' lang='lat' dir='ltr'><strong>nomine</strong></span> <span class='ocrx_word' id='word_1_181' title='bbox 2347 1379 2360 1413; x_wconf 91' lang='lat'>:</span> <span class='ocrx_word' id='word_1_182' title='bbox 2395 1379 2413 1412; x_wconf 89' lang='grc'><em>‹</em></span> <span class='ocrx_word' id='word_1_183' title='bbox 2449 1362 2746 1418; x_wconf 72' lang='lat' dir='ltr'><strong>Prtedictus</strong></span> <span class='ocrx_word' id='word_1_184' title='bbox 2770 1380 2901 1436; x_wconf 81' lang='lat' dir='ltr'><strong>ergo</strong></span> <span class='ocrx_word' id='word_1_185' title='bbox 2932 1366 3188 1422; x_wconf 90' lang='lat' dir='ltr'><strong>decessor</strong></span> <span class='ocrx_word' id='word_1_186' title='bbox 3218 1382 3370 1423; x_wconf 89' lang='lat' dir='ltr'><strong>meus</strong></span> <span class='ocrx_word' id='word_1_187' title='bbox 3393 1355 3491 1422; x_wconf 52' lang='lat' dir='ltr'><strong>do?</strong></span> 
     </span>
    </p>
   </div>
   <div class='ocr_carea' id='block_1_23' title="bbox 1906 1450 3488 1522">
    <p class='ocr_par' dir='ltr' id='par_1_23' title="bbox 1906 1450 3488 1522">
     <span class='ocr_line' id='line_1_23' title="bbox 1906 1450 3488 1522; baseline 0.006 -18"><span class='ocrx_word' id='word_1_188' title='bbox 1906 1464 2035 1505; x_wconf 89' lang='lat' dir='ltr'><strong>cens</strong></span> <span class='ocrx_word' id='word_1_189' title='bbox 2059 1450 2126 1504; x_wconf 92' lang='lat' dir='ltr'><strong>de</strong></span> <span class='ocrx_word' id='word_1_190' title='bbox 2151 1453 2410 1520; x_wconf 83' lang='lat' dir='ltr'><strong>mysterio</strong></span> <span class='ocrx_word' id='word_1_191' title='bbox 2440 1451 2834 1510; x_wconf 88' lang='lat' dir='ltr'><strong>Incarnationis</strong></span> <span class='ocrx_word' id='word_1_192' title='bbox 2860 1455 3085 1522; x_wconf 91' lang='lat' dir='ltr'><strong>Christi,</strong></span> <span class='ocrx_word' id='word_1_193' title='bbox 3127 1458 3342 1513; x_wconf 89' lang='lat' dir='ltr'><strong>dicebat</strong></span> <span class='ocrx_word' id='word_1_194' title='bbox 3378 1472 3488 1514; x_wconf 90' lang='lat' dir='ltr'><strong>non</strong></span> 
     </span>
    </p>
   </div>
   <div class='ocr_carea' id='block_1_24' title="bbox 1904 1540 3502 1615">
    <p class='ocr_par' dir='ltr' id='par_1_24' title="bbox 1904 1540 3502 1615">
     <span class='ocr_line' id='line_1_24' title="bbox 1904 1540 3502 1615; baseline 0.008 -21"><span class='ocrx_word' id='word_1_195' title='bbox 1904 1540 2073 1596; x_wconf 87' lang='lat' dir='ltr'><strong>fuisse</strong></span> <span class='ocrx_word' id='word_1_196' title='bbox 2099 1543 2154 1596; x_wconf 90' lang='lat' dir='ltr'><strong>in</strong></span> <span class='ocrx_word' id='word_1_197' title='bbox 2185 1558 2268 1608; x_wconf 92' lang='lat' dir='ltr'><strong>eo,</strong></span> <span class='ocrx_word' id='word_1_198' title='bbox 2297 1544 2438 1599; x_wconf 86' lang='lat' dir='ltr'><strong>sicut</strong></span> <span class='ocrx_word' id='word_1_199' title='bbox 2463 1545 2517 1598; x_wconf 91' lang='lat' dir='ltr'><strong>in</strong></span> <span class='ocrx_word' id='word_1_200' title='bbox 2549 1545 2706 1600; x_wconf 89' lang='lat' dir='ltr'><strong>nobis</strong></span> <span class='ocrx_word' id='word_1_201' title='bbox 2745 1549 3148 1615; x_wconf 88' lang='lat' dir='ltr'><strong>peccatoribus,</strong></span> <span class='ocrx_word' id='word_1_202' title='bbox 3199 1549 3400 1604; x_wconf 86' lang='lat' dir='ltr'><strong>mentis</strong></span> <span class='ocrx_word' id='word_1_203' title='bbox 3430 1557 3502 1607; x_wconf 89' lang='lat' dir='ltr'><strong>et.</strong></span> 
     </span>
    </p>
   </div>
   <div class='ocr_carea' id='block_1_25' title="bbox 1903 1632 3506 1708">
    <p class='ocr_par' dir='ltr' id='par_1_25' title="bbox 1903 1632 3506 1708">
     <span class='ocr_line' id='line_1_25' title="bbox 1903 1632 3506 1708; baseline 0.006 -24"><span class='ocrx_word' id='word_1_204' title='bbox 1903 1632 2085 1687; x_wconf 89' lang='lat' dir='ltr'><strong>carnis</strong></span> <span class='ocrx_word' id='word_1_205' title='bbox 2115 1634 2418 1689; x_wconf 89' lang='lat' dir='ltr'><strong>contrarias</strong></span> <span class='ocrx_word' id='word_1_206' title='bbox 2445 1635 2754 1690; x_wconf 85' lang='lat' dir='ltr'><strong>voluntates</strong></span> <span class='ocrx_word' id='word_1_207' title='bbox 2779 1655 2791 1690; x_wconf 93' lang='lat'>:</span> <span class='ocrx_word' id='word_1_208' title='bbox 2823 1637 2968 1706; x_wconf 89' lang='lat' dir='ltr'><strong>quod</strong></span> <span class='ocrx_word' id='word_1_209' title='bbox 2993 1639 3215 1707; x_wconf 90' lang='lat' dir='ltr'><strong>quidam</strong></span> <span class='ocrx_word' id='word_1_210' title='bbox 3242 1639 3308 1692; x_wconf 88' lang='lat' dir='ltr'><strong>ad</strong></span> <span class='ocrx_word' id='word_1_211' title='bbox 3346 1654 3506 1708; x_wconf 88' lang='lat' dir='ltr'><strong>pro-_</strong></span> 
     </span>
    </p>
   </div>
   <div class='ocr_carea' id='block_1_26' title="bbox 1902 1725 3482 1801">
    <p class='ocr_par' dir='ltr' id='par_1_26' title="bbox 1902 1725 3482 1801">
     <span class='ocr_line' id='line_1_26' title="bbox 1902 1725 3482 1801; baseline 0.005 -23"><span class='ocrx_word' id='word_1_212' title='bbox 1902 1725 2080 1794; x_wconf 89' lang='lat' dir='ltr'><strong>prium</strong></span> <span class='ocrx_word' id='word_1_213' title='bbox 2111 1740 2330 1781; x_wconf 91' lang='lat' dir='ltr'><strong>sensum</strong></span> <span class='ocrx_word' id='word_1_214' title='bbox 2362 1737 2762 1795; x_wconf 87' lang='lat' dir='ltr'><strong>convertentes,</strong></span> <span class='ocrx_word' id='word_1_215' title='bbox 2794 1729 3106 1786; x_wconf 88' lang='lat' dir='ltr'><strong>Divinitatis</strong></span> <span class='ocrx_word' id='word_1_216' title='bbox 3134 1731 3253 1801; x_wconf 86' lang='lat' dir='ltr'><strong>ejus</strong></span> <span class='ocrx_word' id='word_1_217' title='bbox 3281 1741 3336 1785; x_wconf 90' lang='lat' dir='ltr'><strong>et</strong></span> <span class='ocrx_word' id='word_1_218' title='bbox 3379 1732 3482 1786; x_wconf 86' lang='lat' dir='ltr'><strong>hu-</strong></span> 
     </span>
    </p>
   </div>
   <div class='ocr_carea' id='block_1_27' title="bbox 1903 1819 3486 1892">
    <p class='ocr_par' dir='ltr' id='par_1_27' title="bbox 1903 1819 3486 1892">
     <span class='ocr_line' id='line_1_27' title="bbox 1903 1819 3486 1892; baseline 0.005 -22"><span class='ocrx_word' id='word_1_219' title='bbox 1903 1819 2181 1873; x_wconf 90' lang='lat' dir='ltr'><strong>manitatis</strong></span> <span class='ocrx_word' id='word_1_220' title='bbox 2207 1835 2371 1873; x_wconf 90' lang='lat' dir='ltr'><strong>unam</strong></span> <span class='ocrx_word' id='word_1_221' title='bbox 2409 1837 2533 1875; x_wconf 92' lang='lat' dir='ltr'><strong>cum</strong></span> <span class='ocrx_word' id='word_1_222' title='bbox 2559 1821 2892 1877; x_wconf 87' lang='lat' dir='ltr'><strong>voluntatem</strong></span> <span class='ocrx_word' id='word_1_223' title='bbox 2934 1822 3186 1877; x_wconf 88' lang='lat' dir='ltr'><strong>docuisse</strong></span> <span class='ocrx_word' id='word_1_224' title='bbox 3222 1822 3486 1892; x_wconf 87' lang='lat' dir='ltr'><strong>suspicati</strong></span> 
     </span>
    </p>
   </div>
   <div class='ocr_carea' id='block_1_28' title="bbox 239 1896 1783 1985">
    <p class='ocr_par' dir='ltr' id='par_1_28' title="bbox 239 1904 1783 1985">
     <span class='ocr_line' id='line_1_28' title="bbox 239 1904 1783 1985; baseline 0.012 -26"><span class='ocrx_word' id='word_1_225' title='bbox 239 1907 472 1962; x_wconf 86' lang='lat' dir='ltr'><strong>munione</strong></span> <span class='ocrx_word' id='word_1_226' title='bbox 495 1904 807 1979; x_wconf 85' lang='lat' dir='ltr'><strong>operanles,</strong></span> <span class='ocrx_word' id='word_1_227' title='bbox 840 1919 1336 1985; x_wconf 89' lang='lat' dir='ltr'><strong>atqueoperatrices</strong></span> <span class='ocrx_word' id='word_1_228' title='bbox 1362 1921 1607 1976; x_wconf 86' lang='lat' dir='ltr'><strong>confiteri</strong></span> <span class='ocrx_word' id='word_1_229' title='bbox 1633 1923 1783 1977; x_wconf 90' lang='lat' dir='ltr'><strong>debe-</strong></span> 
     </span>
    </p>
   </div>
   <div class='ocr_carea' id='block_1_29' title="bbox 1885 1896 3387 1985">
    <p class='ocr_par' dir='ltr' id='par_1_29' title="bbox 1900 1909 3387 1979">
     <span class='ocr_line' id='line_1_29' title="bbox 1900 1909 3387 1979; baseline 0.001 -17"><span class='ocrx_word' id='word_1_230' title='bbox 1900 1918 2056 1975; x_wconf 91' lang='lat' dir='ltr'><strong>sunt;</strong></span> <span class='ocrx_word' id='word_1_231' title='bbox 2091 1909 2235 1979; x_wconf 90' lang='lat' dir='ltr'><strong>quod</strong></span> <span class='ocrx_word' id='word_1_232' title='bbox 2262 1911 2474 1966; x_wconf 88' lang='lat' dir='ltr'><strong>veritati</strong></span> <span class='ocrx_word' id='word_1_233' title='bbox 2502 1911 2829 1967; x_wconf 85' lang='lat' dir='ltr'><strong>omnimodis</strong></span> <span class='ocrx_word' id='word_1_234' title='bbox 2855 1919 2941 1966; x_wconf 79' lang='lat' dir='ltr'><strong>est</strong></span> <span class='ocrx_word' id='word_1_235' title='bbox 2965 1912 3321 1966; x_wconf 88' lang='lat' dir='ltr'><strong>contrarium.</strong></span> <span class='ocrx_word' id='word_1_236' title='bbox 3368 1932 3387 1964; x_wconf 79' lang='grc'>›</span> 
     </span>
    </p>
   </div>
   <div class='ocr_carea' id='block_1_30' title="bbox 235 1999 1799 2082">
    <p class='ocr_par' dir='ltr' id='par_1_30' title="bbox 235 1999 1799 2082">
     <span class='ocr_line' id='line_1_30' title="bbox 235 1999 1799 2082; baseline 0.014 -34"><span class='ocrx_word' id='word_1_237' title='bbox 235 2009 339 2050; x_wconf 89' lang='lat' dir='ltr'><strong>mus</strong></span> <span class='ocrx_word' id='word_1_238' title='bbox 365 2011 378 2048; x_wconf 91' lang='lat'><strong>:</strong></span> <span class='ocrx_word' id='word_1_239' title='bbox 417 2005 474 2052; x_wconf 90' lang='lat' dir='ltr'><strong>et</strong></span> <span class='ocrx_word' id='word_1_240' title='bbox 501 1999 744 2055; x_wconf 85' lang='lat' dir='ltr'><strong>divinam</strong></span> <span class='ocrx_word' id='word_1_241' title='bbox 772 2004 1010 2072; x_wconf 89' lang='lat' dir='ltr'><strong>quidem,</strong></span> <span class='ocrx_word' id='word_1_242' title='bbox 1045 2022 1164 2075; x_wconf 74' lang='lat' dir='ltr'><strong>quae</strong></span> <span class='ocrx_word' id='word_1_243' title='bbox 1190 2009 1282 2063; x_wconf 92' lang='lat' dir='ltr'><strong>Dei</strong></span> <span class='ocrx_word' id='word_1_244' title='bbox 1312 2019 1454 2074; x_wconf 92' lang='lat' dir='ltr'><strong>sunt,</strong></span> <span class='ocrx_word' id='word_1_245' title='bbox 1483 2024 1799 2082; x_wconf 88' lang='lat' dir='ltr'><strong>operantem</strong></span> 
     </span>
    </p>
   </div>
   <div class='ocr_carea' id='block_1_31' title="bbox 233 2086 1790 2170">
    <p class='ocr_par' dir='ltr' id='par_1_31' title="bbox 233 2086 1790 2170">
     <span class='ocr_line' id='line_1_31' title="bbox 233 2086 1790 2170; baseline 0.012 -31"><span class='ocrx_word' id='word_1_246' title='bbox 233 2093 280 2139; x_wconf 89' lang='lat' dir='ltr'><strong>et</strong></span> <span class='ocrx_word' id='word_1_247' title='bbox 305 2086 613 2153; x_wconf 88' lang='lat' dir='ltr'><strong>humanam,</strong></span> <span class='ocrx_word' id='word_1_248' title='bbox 646 2106 764 2159; x_wconf 68' lang='lat' dir='ltr'><strong>quae</strong></span> <span class='ocrx_word' id='word_1_249' title='bbox 792 2095 971 2149; x_wconf 89' lang='lat' dir='ltr'><strong>carnis</strong></span> <span class='ocrx_word' id='word_1_250' title='bbox 998 2106 1140 2161; x_wconf 90' lang='lat' dir='ltr'><strong>sunt,</strong></span> <span class='ocrx_word' id='word_1_251' title='bbox 1172 2111 1581 2170; x_wconf 81' lang='lat' dir='ltr'><strong>exsequentem,</strong></span> <span class='ocrx_word' id='word_1_252' title='bbox 1611 2114 1718 2160; x_wconf 87' lang='lat' dir='ltr'><strong>etc.</strong></span> <span class='ocrx_word' id='word_1_253' title='bbox 1770 2125 1790 2158; x_wconf 73' lang='grc' dir='ltr'><strong><em>ι</em></strong></span> 
     </span>
    </p>
   </div>
   <div class='ocr_carea' id='block_1_32' title="bbox 291 2178 1794 2259">
    <p class='ocr_par' dir='ltr' id='par_1_32' title="bbox 291 2178 1794 2259">
     <span class='ocr_line' id='line_1_32' title="bbox 291 2178 1794 2259; baseline 0.014 -27"><span class='ocrx_word' id='word_1_254' title='bbox 291 2178 449 2234; x_wconf 85' lang='lat' dir='ltr'><strong>XXX.</strong></span> <span class='ocrx_word' id='word_1_255' title='bbox 495 2181 727 2237; x_wconf 78' lang='lat' dir='ltr'><strong>Videtur</strong></span> <span class='ocrx_word' id='word_1_256' title='bbox 775 2200 903 2256; x_wconf 84' lang='lat' dir='ltr'><strong>ergo</strong></span> <span class='ocrx_word' id='word_1_257' title='bbox 954 2185 1067 2242; x_wconf 87' lang='lat' dir='ltr'><strong>fere</strong></span> <span class='ocrx_word' id='word_1_258' title='bbox 1107 2192 1454 2259; x_wconf 82' lang='lat' dir='ltr'><strong>superﬂuum,</strong></span> <span class='ocrx_word' id='word_1_259' title='bbox 1493 2194 1698 2252; x_wconf 91' lang='lat' dir='ltr'><strong>diutius</strong></span> <span class='ocrx_word' id='word_1_260' title='bbox 1739 2198 1794 2252; x_wconf 90' lang='lat' dir='ltr'><strong>in</strong></span> 
     </span>
    </p>
   </div>
   <div class='ocr_carea' id='block_1_33' title="bbox 230 2269 1794 2358">
    <p class='ocr_par' dir='ltr' id='par_1_33' title="bbox 230 2269 1794 2358">
     <span class='ocr_line' id='line_1_33' title="bbox 230 2269 1794 2358; baseline 0.014 -35"><span class='ocrx_word' id='word_1_261' title='bbox 230 2269 320 2324; x_wconf 90' lang='lat' dir='ltr'><strong>hoc</strong></span> <span class='ocrx_word' id='word_1_262' title='bbox 357 2282 678 2342; x_wconf 78' lang='lat' dir='ltr'><strong>argumento</strong></span> <span class='ocrx_word' id='word_1_263' title='bbox 727 2279 974 2344; x_wconf 89' lang='lat' dir='ltr'><strong>versari,</strong></span> <span class='ocrx_word' id='word_1_264' title='bbox 1024 2285 1328 2349; x_wconf 68' lang='lat' dir='ltr'><strong>praesertim</strong></span> <span class='ocrx_word' id='word_1_265' title='bbox 1378 2303 1500 2341; x_wconf 91' lang='lat' dir='ltr'><strong>cum</strong></span> <span class='ocrx_word' id='word_1_266' title='bbox 1552 2290 1794 2358; x_wconf 70' lang='lat' dir='ltr'><strong>epistolae</strong></span> 
     </span>
    </p>
   </div>
   <div class='ocr_carea' id='block_1_34' title="bbox 228 2362 1795 2452">
    <p class='ocr_par' dir='ltr' id='par_1_34' title="bbox 228 2362 1795 2452">
     <span class='ocr_line' id='line_1_34' title="bbox 228 2362 1795 2452; baseline 0.015 -35"><span class='ocrx_word' id='word_1_267' title='bbox 228 2362 332 2418; x_wconf 69' lang='lat' dir='ltr'><strong>duae</strong></span> <span class='ocrx_word' id='word_1_268' title='bbox 373 2365 619 2433; x_wconf 89' lang='lat' dir='ltr'><strong>Honorii,</strong></span> <span class='ocrx_word' id='word_1_269' title='bbox 667 2385 787 2439; x_wconf 84' lang='lat' dir='ltr'><strong>quae</strong></span> <span class='ocrx_word' id='word_1_270' title='bbox 834 2373 887 2426; x_wconf 92' lang='lat' dir='ltr'><strong>in</strong></span> <span class='ocrx_word' id='word_1_271' title='bbox 937 2384 1092 2430; x_wconf 79' lang='lat' dir='ltr'><strong>sexta</strong></span> <span class='ocrx_word' id='word_1_272' title='bbox 1134 2376 1351 2448; x_wconf 87' lang='lat' dir='ltr'><strong>Synodo</strong></span> <span class='ocrx_word' id='word_1_273' title='bbox 1396 2383 1620 2452; x_wconf 69' lang='lat' dir='ltr'><strong>prolata:</strong></span> <span class='ocrx_word' id='word_1_274' title='bbox 1668 2395 1795 2441; x_wconf 89' lang='lat' dir='ltr'><strong>sunt</strong></span> 
     </span>
    </p>
   </div>
   <div class='ocr_carea' id='block_1_35' title="bbox 226 2455 1793 2540">
    <p class='ocr_par' dir='ltr' id='par_1_35' title="bbox 226 2455 1793 2540">
     <span class='ocr_line' id='line_1_35' title="bbox 226 2455 1793 2540; baseline 0.016 -34"><span class='ocrx_word' id='word_1_275' title='bbox 226 2462 322 2508; x_wconf 86' lang='lat' dir='ltr'><strong>act.</strong></span> <span class='ocrx_word' id='word_1_276' title='bbox 353 2455 414 2508; x_wconf 77' lang='grc'><strong>12</strong></span> <span class='ocrx_word' id='word_1_277' title='bbox 440 2467 492 2510; x_wconf 88' lang='lat' dir='ltr'><strong>et</strong></span> <span class='ocrx_word' id='word_1_278' title='bbox 521 2459 610 2522; x_wconf 81' lang='grc'><strong>15,</strong></span> <span class='ocrx_word' id='word_1_279' title='bbox 639 2460 682 2514; x_wconf 93' lang='lat' dir='ltr'><strong>si</strong></span> <span class='ocrx_word' id='word_1_280' title='bbox 711 2461 1062 2519; x_wconf 90' lang='lat' dir='ltr'><strong>conferantur</strong></span> <span class='ocrx_word' id='word_1_281' title='bbox 1096 2483 1220 2523; x_wconf 90' lang='lat' dir='ltr'><strong>cum</strong></span> <span class='ocrx_word' id='word_1_282' title='bbox 1249 2471 1366 2540; x_wconf 86' lang='lat' dir='ltr'><strong>ipsa</strong></span> <span class='ocrx_word' id='word_1_283' title='bbox 1392 2472 1705 2530; x_wconf 80' lang='lat' dir='ltr'><strong>definitione</strong></span> <span class='ocrx_word' id='word_1_284' title='bbox 1729 2476 1793 2531; x_wconf 90' lang='lat' dir='ltr'><strong>fi-</strong></span> 
     </span>
    </p>
   </div>
   <div class='ocr_carea' id='block_1_36' title="bbox 224 2544 1794 2635">
    <p class='ocr_par' dir='ltr' id='par_1_36' title="bbox 224 2544 1794 2635">
     <span class='ocr_line' id='line_1_36' title="bbox 224 2544 1794 2635; baseline 0.015 -36"><span class='ocrx_word' id='word_1_285' title='bbox 224 2544 304 2601; x_wconf 89' lang='lat' dir='ltr'><strong>dei</strong></span> <span class='ocrx_word' id='word_1_286' title='bbox 347 2548 412 2604; x_wconf 90' lang='lat' dir='ltr'><strong>ab</strong></span> <span class='ocrx_word' id='word_1_287' title='bbox 433 2550 626 2605; x_wconf 85' lang='lat' dir='ltr'><strong>eadem</strong></span> <span class='ocrx_word' id='word_1_288' title='bbox 654 2551 875 2623; x_wconf 88' lang='lat' dir='ltr'><strong>Synodo</strong></span> <span class='ocrx_word' id='word_1_289' title='bbox 901 2560 1220 2628; x_wconf 85' lang='lat' dir='ltr'><strong>composita,</strong></span> <span class='ocrx_word' id='word_1_290' title='bbox 1271 2560 1413 2616; x_wconf 88' lang='lat' dir='ltr'><strong>nulla</strong></span> <span class='ocrx_word' id='word_1_291' title='bbox 1445 2565 1501 2618; x_wconf 91' lang='lat' dir='ltr'><strong>in</strong></span> <span class='ocrx_word' id='word_1_292' title='bbox 1530 2575 1684 2635; x_wconf 89' lang='lat' dir='ltr'><strong>parte</strong></span> <span class='ocrx_word' id='word_1_293' title='bbox 1712 2568 1794 2623; x_wconf 85' lang='lat' dir='ltr'><strong>in-</strong></span> 
     </span>
    </p>
   </div>
   <div class='ocr_carea' id='block_1_37' title="bbox 223 2635 1792 2719">
    <p class='ocr_par' dir='ltr' id='par_1_37' title="bbox 223 2635 1792 2719">
     <span class='ocr_line' id='line_1_37' title="bbox 223 2635 1792 2719; baseline 0.016 -32"><span class='ocrx_word' id='word_1_294' title='bbox 223 2635 498 2692; x_wconf 83' lang='lat' dir='ltr'><strong>veniantur</strong></span> <span class='ocrx_word' id='word_1_295' title='bbox 525 2639 764 2706; x_wconf 81' lang='lat' dir='ltr'><strong>differre,</strong></span> <span class='ocrx_word' id='word_1_296' title='bbox 811 2644 914 2698; x_wconf 80' lang='lat' dir='ltr'><strong>nisi</strong></span> <span class='ocrx_word' id='word_1_297' title='bbox 947 2648 1110 2715; x_wconf 92' lang='lat' dir='ltr'><strong>quod,</strong></span> <span class='ocrx_word' id='word_1_298' title='bbox 1137 2657 1192 2702; x_wconf 92' lang='lat' dir='ltr'><strong>et</strong></span> <span class='ocrx_word' id='word_1_299' title='bbox 1217 2649 1270 2704; x_wconf 93' lang='lat' dir='ltr'><strong>in</strong></span> <span class='ocrx_word' id='word_1_300' title='bbox 1296 2652 1476 2719; x_wconf 88' lang='lat' dir='ltr'><strong>priore</strong></span> <span class='ocrx_word' id='word_1_301' title='bbox 1505 2653 1565 2708; x_wconf 86' lang='lat' dir='ltr'><strong>ﬁt</strong></span> <span class='ocrx_word' id='word_1_302' title='bbox 1589 2658 1792 2713; x_wconf 89' lang='lat' dir='ltr'><strong>mentio</strong></span> 
     </span>
    </p>
   </div>
   <div class='ocr_carea' id='block_1_38' title="bbox 223 2725 1793 2811">
    <p class='ocr_par' dir='ltr' id='par_1_38' title="bbox 223 2725 1793 2811">
     <span class='ocr_line' id='line_1_38' title="bbox 223 2725 1793 2811; baseline 0.016 -33"><span class='ocrx_word' id='word_1_303' title='bbox 223 2725 370 2782; x_wconf 90' lang='lat' dir='ltr'><strong>unius</strong></span> <span class='ocrx_word' id='word_1_304' title='bbox 401 2729 715 2797; x_wconf 88' lang='lat' dir='ltr'><strong>voluntatis,</strong></span> <span class='ocrx_word' id='word_1_305' title='bbox 743 2741 799 2788; x_wconf 91' lang='lat' dir='ltr'><strong>et</strong></span> <span class='ocrx_word' id='word_1_306' title='bbox 821 2734 875 2788; x_wconf 91' lang='lat' dir='ltr'><strong>in</strong></span> <span class='ocrx_word' id='word_1_307' title='bbox 911 2744 1163 2808; x_wconf 88' lang='lat' dir='ltr'><strong>utraque,</strong></span> <span class='ocrx_word' id='word_1_308' title='bbox 1191 2755 1290 2810; x_wconf 91' lang='lat' dir='ltr'><strong>per</strong></span> <span class='ocrx_word' id='word_1_309' title='bbox 1316 2745 1609 2811; x_wconf 88' lang='lat' dir='ltr'><strong>quamdam</strong></span> <span class='ocrx_word' id='word_1_310' title='bbox 1646 2760 1793 2803; x_wconf 66' lang='lat' dir='ltr'><strong>teco-</strong></span> 
     </span>
    </p>
   </div>
   <div class='ocr_carea' id='block_1_39' title="bbox 223 2817 1786 2907">
    <p class='ocr_par' dir='ltr' id='par_1_39' title="bbox 223 2817 1786 2907">
     <span class='ocr_line' id='line_1_39' title="bbox 223 2817 1786 2907; baseline 0.017 -38"><span class='ocrx_word' id='word_1_311' title='bbox 223 2817 484 2885; x_wconf 88' lang='lat' dir='ltr'><strong>uomiam,</strong></span> <span class='ocrx_word' id='word_1_312' title='bbox 537 2822 608 2876; x_wconf 89' lang='lat' dir='ltr'><strong>ad</strong></span> <span class='ocrx_word' id='word_1_313' title='bbox 657 2828 986 2884; x_wconf 89' lang='lat' dir='ltr'><strong>coercendas</strong></span> <span class='ocrx_word' id='word_1_314' title='bbox 1031 2831 1333 2887; x_wconf 90' lang='lat' dir='ltr'><strong>animorum</strong></span> <span class='ocrx_word' id='word_1_315' title='bbox 1382 2838 1786 2907; x_wconf 79' lang='lat' dir='ltr'><strong>contentiones,</strong></span> 
     </span>
    </p>
   </div>
   <div class='ocr_carea' id='block_1_40' title="bbox 221 2909 1788 2997">
    <p class='ocr_par' dir='ltr' id='par_1_40' title="bbox 221 2909 1788 2997">
     <span class='ocr_line' id='line_1_40' title="bbox 221 2909 1788 2997; baseline 0.018 -36"><span class='ocrx_word' id='word_1_316' title='bbox 221 2909 544 2979; x_wconf 88' lang='lat' dir='ltr'><strong>prohibetur,</strong></span> <span class='ocrx_word' id='word_1_317' title='bbox 577 2930 646 2970; x_wconf 93' lang='lat' dir='ltr'><strong>ne</strong></span> <span class='ocrx_word' id='word_1_318' title='bbox 671 2918 831 2972; x_wconf 90' lang='lat' dir='ltr'><strong>unius</strong></span> <span class='ocrx_word' id='word_1_319' title='bbox 856 2920 942 2974; x_wconf 86' lang='lat' dir='ltr'><strong>vel</strong></span> <span class='ocrx_word' id='word_1_320' title='bbox 970 2922 1200 2978; x_wconf 90' lang='lat' dir='ltr'><strong>duarum</strong></span> <span class='ocrx_word' id='word_1_321' title='bbox 1225 2929 1606 2997; x_wconf 91' lang='lat' dir='ltr'><strong>operationum</strong></span> <span class='ocrx_word' id='word_1_322' title='bbox 1626 2945 1788 2989; x_wconf 87' lang='lat' dir='ltr'><strong>voces</strong></span> 
     </span>
    </p>
   </div>
   <div class='ocr_carea' id='block_1_41' title="bbox 220 2997 1169 3082">
    <p class='ocr_par' dir='ltr' id='par_1_41' title="bbox 220 2997 1169 3082">
     <span class='ocr_line' id='line_1_41' title="bbox 220 2997 1169 3082; baseline 0.018 -29"><span class='ocrx_word' id='word_1_323' title='bbox 220 2997 349 3054; x_wconf 85' lang='lat' dir='ltr'><strong>inter</strong></span> <span class='ocrx_word' id='word_1_324' title='bbox 377 3005 781 3071; x_wconf 69' lang='lat' dir='ltr'><strong>praedicandum</strong></span> <span class='ocrx_word' id='word_1_325' title='bbox 821 3003 1169 3082; x_wconf 67' lang='lat' dir='ltr'><strong>usurpentur.</strong></span> 
     </span>
    </p>
   </div>
   <div class='ocr_carea' id='block_1_42' title="bbox 280 3091 1788 3173">
    <p class='ocr_par' dir='ltr' id='par_1_42' title="bbox 280 3091 1788 3173">
     <span class='ocr_line' id='line_1_42' title="bbox 280 3091 1788 3173; baseline 0.018 -27"><span class='ocrx_word' id='word_1_326' title='bbox 280 3091 466 3150; x_wconf 76' lang='lat' dir='ltr'><strong>XXXI.</strong></span> <span class='ocrx_word' id='word_1_327' title='bbox 509 3099 710 3154; x_wconf 90' lang='lat' dir='ltr'><strong>Verum</strong></span> <span class='ocrx_word' id='word_1_328' title='bbox 759 3104 908 3172; x_wconf 91' lang='lat' dir='ltr'><strong>prior</strong></span> <span class='ocrx_word' id='word_1_329' title='bbox 955 3107 1258 3166; x_wconf 75' lang='lat' dir='ltr'><strong>differentia</strong></span> <span class='ocrx_word' id='word_1_330' title='bbox 1306 3113 1508 3170; x_wconf 89' lang='lat' dir='ltr'><strong>nullius</strong></span> <span class='ocrx_word' id='word_1_331' title='bbox 1553 3123 1636 3170; x_wconf 93' lang='lat' dir='ltr'><strong>est</strong></span> <span class='ocrx_word' id='word_1_332' title='bbox 1671 3133 1788 3173; x_wconf 87' lang='lat' dir='ltr'><strong>mo-</strong></span> 
     </span>
    </p>
   </div>
   <div class='ocr_carea' id='block_1_43' title="bbox 215 3187 1783 3276">
    <p class='ocr_par' dir='ltr' id='par_1_43' title="bbox 215 3187 1783 3276">
     <span class='ocr_line' id='line_1_43' title="bbox 215 3187 1783 3276; baseline 0.017 -39"><span class='ocrx_word' id='word_1_333' title='bbox 215 3187 394 3251; x_wconf 85' lang='lat' dir='ltr'><strong>menti,</strong></span> <span class='ocrx_word' id='word_1_334' title='bbox 429 3193 704 3258; x_wconf 89' lang='lat' dir='ltr'><strong>posterior</strong></span> <span class='ocrx_word' id='word_1_335' title='bbox 726 3197 879 3264; x_wconf 89' lang='lat' dir='ltr'><strong>parvi</strong></span> <span class='ocrx_word' id='word_1_336' title='bbox 912 3199 980 3252; x_wconf 87' lang='lat' dir='ltr'><strong>ad</strong></span> <span class='ocrx_word' id='word_1_337' title='bbox 1010 3215 1147 3267; x_wconf 91' lang='lat' dir='ltr'><strong>rem,</strong></span> <span class='ocrx_word' id='word_1_338' title='bbox 1172 3217 1278 3272; x_wconf 90' lang='lat' dir='ltr'><strong>qua</strong></span> <span class='ocrx_word' id='word_1_339' title='bbox 1304 3204 1372 3260; x_wconf 91' lang='lat' dir='ltr'><strong>de</strong></span> <span class='ocrx_word' id='word_1_340' title='bbox 1408 3207 1584 3276; x_wconf 79' lang='lat' dir='ltr'><strong>agitur</strong></span> <span class='ocrx_word' id='word_1_341' title='bbox 1609 3226 1623 3262; x_wconf 88' lang='lat'><strong>:</strong></span> <span class='ocrx_word' id='word_1_342' title='bbox 1660 3225 1783 3263; x_wconf 92' lang='lat' dir='ltr'><strong>nam</strong></span> 
     </span>
    </p>
   </div>
   <div class='ocr_carea' id='block_1_44' title="bbox 215 3279 1785 3365">
    <p class='ocr_par' dir='ltr' id='par_1_44' title="bbox 215 3279 1785 3365">
     <span class='ocr_line' id='line_1_44' title="bbox 215 3279 1785 3365; baseline 0.02 -38"><span class='ocrx_word' id='word_1_343' title='bbox 215 3287 310 3329; x_wconf 87' lang='lat' dir='ltr'><strong>una</strong></span> <span class='ocrx_word' id='word_1_344' title='bbox 341 3279 426 3334; x_wconf 91' lang='lat' dir='ltr'><strong>illa</strong></span> <span class='ocrx_word' id='word_1_345' title='bbox 453 3284 722 3353; x_wconf 86' lang='lat' dir='ltr'><strong>voluntas,</strong></span> <span class='ocrx_word' id='word_1_346' title='bbox 770 3287 925 3358; x_wconf 90' lang='lat' dir='ltr'><strong>cujus</strong></span> <span class='ocrx_word' id='word_1_347' title='bbox 952 3296 1198 3349; x_wconf 90' lang='lat' dir='ltr'><strong>meminit</strong></span> <span class='ocrx_word' id='word_1_348' title='bbox 1223 3297 1492 3365; x_wconf 77' lang='lat' dir='ltr'><strong>Pontifex,</strong></span> <span class='ocrx_word' id='word_1_349' title='bbox 1537 3303 1672 3357; x_wconf 91' lang='lat' dir='ltr'><strong>nihil</strong></span> <span class='ocrx_word' id='word_1_350' title='bbox 1717 3304 1785 3358; x_wconf 89' lang='lat' dir='ltr'><strong>ad</strong></span> 
     </span>
    </p>
   </div>
   <div class='ocr_carea' id='block_1_45' title="bbox 214 3370 1784 3456">
    <p class='ocr_par' dir='ltr' id='par_1_45' title="bbox 214 3370 1784 3456">
     <span class='ocr_line' id='line_1_45' title="bbox 214 3370 1784 3456; baseline 0.019 -36"><span class='ocrx_word' id='word_1_351' title='bbox 214 3370 561 3434; x_wconf 67' lang='lat' dir='ltr'><strong>quaestionem</strong></span> <span class='ocrx_word' id='word_1_352' title='bbox 613 3374 1086 3439; x_wconf 81' lang='lat' dir='ltr'><strong>Monothclitarum</strong></span> <span class='ocrx_word' id='word_1_353' title='bbox 1140 3389 1380 3456; x_wconf 87' lang='lat' dir='ltr'><strong>pertinet</strong></span> <span class='ocrx_word' id='word_1_354' title='bbox 1422 3405 1437 3444; x_wconf 89' lang='lat'><strong>:</strong></span> <span class='ocrx_word' id='word_1_355' title='bbox 1488 3390 1591 3447; x_wconf 86' lang='lat' dir='ltr'><strong>fuit</strong></span> <span class='ocrx_word' id='word_1_356' title='bbox 1637 3395 1784 3450; x_wconf 86' lang='lat' dir='ltr'><strong>enim</strong></span> 
     </span>
    </p>
   </div>
   <div class='ocr_carea' id='block_1_46' title="bbox 212 3456 1785 3545">
    <p class='ocr_par' dir='ltr' id='par_1_46' title="bbox 212 3456 1785 3545">
     <span class='ocr_line' id='line_1_46' title="bbox 212 3456 1785 3545; baseline 0.02 -33"><span class='ocrx_word' id='word_1_357' title='bbox 212 3456 438 3518; x_wconf 83' lang='lat' dir='ltr'><strong>humana</strong></span> <span class='ocrx_word' id='word_1_358' title='bbox 482 3473 537 3520; x_wconf 91' lang='lat' dir='ltr'><strong>et</strong></span> <span class='ocrx_word' id='word_1_359' title='bbox 585 3468 807 3537; x_wconf 88' lang='lat' dir='ltr'><strong>spiritus</strong></span> <span class='ocrx_word' id='word_1_360' title='bbox 851 3476 1090 3545; x_wconf 91' lang='lat' dir='ltr'><strong>propria,</strong></span> <span class='ocrx_word' id='word_1_361' title='bbox 1130 3480 1424 3538; x_wconf 78' lang='lat' dir='ltr'><strong>excludens</strong></span> <span class='ocrx_word' id='word_1_362' title='bbox 1468 3499 1589 3539; x_wconf 89' lang='lat' dir='ltr'><strong>eam</strong></span> <span class='ocrx_word' id='word_1_363' title='bbox 1631 3487 1785 3542; x_wconf 88' lang='lat' dir='ltr'><strong>dum-</strong></span> 
     </span>
    </p>
   </div>
   <div class='ocr_carea' id='block_1_47' title="bbox 211 3558 1784 3648">
    <p class='ocr_par' dir='ltr' id='par_1_47' title="bbox 211 3558 1784 3648">
     <span class='ocr_line' id='line_1_47' title="bbox 211 3558 1784 3648; baseline 0.018 -43"><span class='ocrx_word' id='word_1_364' title='bbox 211 3558 372 3619; x_wconf 73' lang='lat' dir='ltr'><strong>taxat,</strong></span> <span class='ocrx_word' id='word_1_365' title='bbox 403 3572 525 3626; x_wconf 72' lang='lat' dir='ltr'><strong>qua:</strong></span> <span class='ocrx_word' id='word_1_366' title='bbox 568 3562 748 3616; x_wconf 87' lang='lat' dir='ltr'><strong>carnis</strong></span> <span class='ocrx_word' id='word_1_367' title='bbox 773 3564 991 3634; x_wconf 87' lang='lat' dir='ltr'><strong>dicitur,</strong></span> <span class='ocrx_word' id='word_1_368' title='bbox 1021 3585 1249 3641; x_wconf 67' lang='lat' dir='ltr'><strong>qumque</strong></span> <span class='ocrx_word' id='word_1_369' title='bbox 1277 3573 1330 3627; x_wconf 92' lang='lat' dir='ltr'><strong>in</strong></span> <span class='ocrx_word' id='word_1_370' title='bbox 1376 3576 1533 3632; x_wconf 85' lang='lat' dir='ltr'><strong>nobis</strong></span> <span class='ocrx_word' id='word_1_371' title='bbox 1557 3578 1784 3648; x_wconf 80' lang='lat' dir='ltr'><strong>originis</strong></span> 
     </span>
    </p>
   </div>
   <div class='ocr_carea' id='block_1_48' title="bbox 206 3647 1784 3739">
    <p class='ocr_par' dir='ltr' id='par_1_48' title="bbox 206 3647 1784 3739">
     <span class='ocr_line' id='line_1_48' title="bbox 206 3647 1784 3739; baseline 0.018 -44"><span class='ocrx_word' id='word_1_372' title='bbox 206 3654 426 3711; x_wconf 87' lang='lat' dir='ltr'><strong>peccato</strong></span> <span class='ocrx_word' id='word_1_373' title='bbox 463 3647 678 3704; x_wconf 89' lang='lat' dir='ltr'><strong>infectis</strong></span> <span class='ocrx_word' id='word_1_374' title='bbox 718 3654 978 3712; x_wconf 86' lang='lat' dir='ltr'><strong>adversus</strong></span> <span class='ocrx_word' id='word_1_375' title='bbox 1020 3661 1284 3717; x_wconf 84' lang='lat' dir='ltr'><strong>rationem</strong></span> <span class='ocrx_word' id='word_1_376' title='bbox 1331 3664 1576 3720; x_wconf 88' lang='lat' dir='ltr'><strong>rebellat.</strong></span> <span class='ocrx_word' id='word_1_377' title='bbox 1611 3647 1784 3739; x_wconf 76' lang='lat' dir='ltr'><strong>Nega-</strong></span> 
     </span>
    </p>
   </div>
   <div class='ocr_carea' id='block_1_49' title="bbox 206 3735 1786 3819">
    <p class='ocr_par' dir='ltr' id='par_1_49' title="bbox 206 3735 1786 3819">
     <span class='ocr_line' id='line_1_49' title="bbox 206 3735 1786 3819; baseline 0.018 -33"><span class='ocrx_word' id='word_1_378' title='bbox 206 3735 276 3787; x_wconf 80' lang='lat' dir='ltr'><strong>vit</strong></span> <span class='ocrx_word' id='word_1_379' title='bbox 301 3735 359 3790; x_wconf 92' lang='lat' dir='ltr'><strong>id</strong></span> <span class='ocrx_word' id='word_1_380' title='bbox 385 3752 553 3791; x_wconf 91' lang='lat' dir='ltr'><strong>unum</strong></span> <span class='ocrx_word' id='word_1_381' title='bbox 581 3740 784 3796; x_wconf 91' lang='lat' dir='ltr'><strong>scilicet</strong></span> <span class='ocrx_word' id='word_1_382' title='bbox 807 3743 1100 3814; x_wconf 89' lang='lat' dir='ltr'><strong>Honorius,</strong></span> <span class='ocrx_word' id='word_1_383' title='bbox 1129 3752 1273 3819; x_wconf 90' lang='lat' dir='ltr'><strong>quod</strong></span> <span class='ocrx_word' id='word_1_384' title='bbox 1303 3761 1358 3807; x_wconf 88' lang='lat' dir='ltr'><strong>et</strong></span> <span class='ocrx_word' id='word_1_385' title='bbox 1376 3770 1566 3810; x_wconf 89' lang='lat' dir='ltr'><strong>omnes</strong></span> <span class='ocrx_word' id='word_1_386' title='bbox 1592 3735 1786 3813; x_wconf 85' lang='lat' dir='ltr'><strong>Catho-</strong></span> 
     </span>
    </p>
   </div>
   <div class='ocr_carea' id='block_1_50' title="bbox 207 3823 1785 3920">
    <p class='ocr_par' dir='ltr' id='par_1_50' title="bbox 207 3823 1785 3920">
     <span class='ocr_line' id='line_1_50' title="bbox 207 3823 1785 3920; baseline 0.017 -42"><span class='ocrx_word' id='word_1_387' title='bbox 207 3823 309 3891; x_wconf 88' lang='lat' dir='ltr'><strong>lici,</strong></span> <span class='ocrx_word' id='word_1_388' title='bbox 354 3840 692 3899; x_wconf 87' lang='lat' dir='ltr'><strong>assumptam</strong></span> <span class='ocrx_word' id='word_1_389' title='bbox 722 3849 843 3890; x_wconf 87' lang='lat' dir='ltr'><strong>esse</strong></span> <span class='ocrx_word' id='word_1_390' title='bbox 886 3853 916 3891; x_wconf 90' lang='lat' dir='ltr'><strong>a</strong></span> <span class='ocrx_word' id='word_1_391' title='bbox 952 3837 1124 3895; x_wconf 88' lang='lat' dir='ltr'><strong>Verbo</strong></span> <span class='ocrx_word' id='word_1_392' title='bbox 1155 3851 1427 3912; x_wconf 84' lang='lat' dir='ltr'><strong>naturam,</strong></span> <span class='ocrx_word' id='word_1_393' title='bbox 1466 3848 1518 3900; x_wconf 92' lang='lat' dir='ltr'><strong>in</strong></span> <span class='ocrx_word' id='word_1_394' title='bbox 1549 3864 1653 3917; x_wconf 90' lang='lat' dir='ltr'><strong>qua</strong></span> <span class='ocrx_word' id='word_1_395' title='bbox 1684 3867 1785 3920; x_wconf 89' lang='lat' dir='ltr'><strong>pu-</strong></span> 
     </span>
    </p>
   </div>
   <div class='ocr_carea' id='block_1_51' title="bbox 210 3918 1780 3998">
    <p class='ocr_par' dir='ltr' id='par_1_51' title="bbox 210 3918 1780 3998">
     <span class='ocr_line' id='line_1_51' title="bbox 210 3918 1780 3998; baseline 0.017 -30"><span class='ocrx_word' id='word_1_396' title='bbox 210 3925 427 3984; x_wconf 72' lang='lat' dir='ltr'><strong>gnantes</strong></span> <span class='ocrx_word' id='word_1_397' title='bbox 465 3918 613 3976; x_wconf 89' lang='lat' dir='ltr'><strong>inter</strong></span> <span class='ocrx_word' id='word_1_398' title='bbox 640 3937 701 3976; x_wconf 93' lang='lat' dir='ltr'><strong>se</strong></span> <span class='ocrx_word' id='word_1_399' title='bbox 738 3923 919 3980; x_wconf 90' lang='lat' dir='ltr'><strong>forent</strong></span> <span class='ocrx_word' id='word_1_400' title='bbox 943 3928 1268 3998; x_wconf 89' lang='lat' dir='ltr'><strong>voluntates,</strong></span> <span class='ocrx_word' id='word_1_401' title='bbox 1303 3943 1357 3988; x_wconf 89' lang='lat' dir='ltr'><strong>et</strong></span> <span class='ocrx_word' id='word_1_402' title='bbox 1401 3938 1660 3994; x_wconf 80' lang='lat' dir='ltr'><strong>existeret</strong></span> <span class='ocrx_word' id='word_1_403' title='bbox 1686 3918 1780 3995; x_wconf 74' lang='lat' dir='ltr'><strong>fo-</strong></span> 
     </span>
    </p>
   </div>
   <div class='ocr_carea' id='block_1_52' title="bbox 211 4010 1778 4092">
    <p class='ocr_par' dir='ltr' id='par_1_52' title="bbox 211 4010 1778 4092">
     <span class='ocr_line' id='line_1_52' title="bbox 211 4010 1778 4092; baseline 0.017 -33"><span class='ocrx_word' id='word_1_404' title='bbox 211 4019 336 4072; x_wconf 87' lang='lat' dir='ltr'><strong>mes,</strong></span> <span class='ocrx_word' id='word_1_405' title='bbox 379 4017 442 4064; x_wconf 91' lang='lat' dir='ltr'><strong>ut</strong></span> <span class='ocrx_word' id='word_1_406' title='bbox 467 4010 636 4075; x_wconf 89' lang='lat' dir='ltr'><strong>aiunt,</strong></span> <span class='ocrx_word' id='word_1_407' title='bbox 669 4017 898 4080; x_wconf 88' lang='lat' dir='ltr'><strong>peccati.</strong></span> <span class='ocrx_word' id='word_1_408' title='bbox 937 4017 1083 4074; x_wconf 86' lang='lat' dir='ltr'><strong>Istud</strong></span> <span class='ocrx_word' id='word_1_409' title='bbox 1114 4031 1301 4092; x_wconf 86' lang='lat' dir='ltr'><strong>aperte</strong></span> <span class='ocrx_word' id='word_1_410' title='bbox 1327 4027 1620 4082; x_wconf 89' lang='lat' dir='ltr'><strong>ostendunt</strong></span> <span class='ocrx_word' id='word_1_411' title='bbox 1660 4029 1778 4085; x_wconf 87' lang='lat' dir='ltr'><strong>haec</strong></span> 
     </span>
    </p>
   </div>
   <div class='ocr_carea' id='block_1_53' title="bbox 212 4100 1775 4182">
    <p class='ocr_par' dir='ltr' id='par_1_53' title="bbox 212 4100 1775 4182">
     <span class='ocr_line' id='line_1_53' title="bbox 212 4100 1775 4182; baseline 0.02 -32"><span class='ocrx_word' id='word_1_412' title='bbox 212 4100 401 4157; x_wconf 85' lang='lat' dir='ltr'><strong>verba:</strong></span> <span class='ocrx_word' id='word_1_413' title='bbox 437 4122 457 4156; x_wconf 71' lang='grc' dir='ltr'>ι</span> <span class='ocrx_word' id='word_1_414' title='bbox 505 4103 679 4161; x_wconf 88' lang='lat' dir='ltr'><strong>Unam</strong></span> <span class='ocrx_word' id='word_1_415' title='bbox 710 4108 944 4165; x_wconf 83' lang='lat' dir='ltr'><strong>fatemur</strong></span> <span class='ocrx_word' id='word_1_416' title='bbox 969 4115 1300 4174; x_wconf 87' lang='lat' dir='ltr'><strong>voluntatem</strong></span> <span class='ocrx_word' id='word_1_417' title='bbox 1344 4119 1556 4180; x_wconf 90' lang='lat' dir='ltr'><strong>Domini</strong></span> <span class='ocrx_word' id='word_1_418' title='bbox 1602 4127 1775 4182; x_wconf 86' lang='lat' dir='ltr'><strong>nostri</strong></span> 
     </span>
    </p>
   </div>
   <div class='ocr_carea' id='block_1_54' title="bbox 213 4184 1778 4285">
    <p class='ocr_par' dir='ltr' id='par_1_54' title="bbox 213 4184 1778 4285">
     <span class='ocr_line' id='line_1_54' title="bbox 213 4184 1778 4285; baseline 0.021 -43"><span class='ocrx_word' id='word_1_419' title='bbox 213 4184 323 4244; x_wconf 84' lang='lat' dir='ltr'><strong>Jesu</strong></span> <span class='ocrx_word' id='word_1_420' title='bbox 347 4190 572 4258; x_wconf 90' lang='lat' dir='ltr'><strong>Christi,</strong></span> <span class='ocrx_word' id='word_1_421' title='bbox 599 4198 723 4266; x_wconf 89' lang='lat' dir='ltr'><strong>quia</strong></span> <span class='ocrx_word' id='word_1_422' title='bbox 747 4203 992 4268; x_wconf 84' lang='lat' dir='ltr'><strong>profecto</strong></span> <span class='ocrx_word' id='word_1_423' title='bbox 1019 4219 1050 4258; x_wconf 89' lang='lat' dir='ltr'><strong>a</strong></span> <span class='ocrx_word' id='word_1_424' title='bbox 1081 4207 1371 4265; x_wconf 90' lang='lat' dir='ltr'><strong>Divinitate</strong></span> <span class='ocrx_word' id='word_1_425' title='bbox 1397 4226 1673 4285; x_wconf 89' lang='lat' dir='ltr'><strong>assumpta</strong></span> <span class='ocrx_word' id='word_1_426' title='bbox 1696 4227 1778 4275; x_wconf 85' lang='lat' dir='ltr'><strong>est</strong></span> 
     </span>
    </p>
   </div>
   <div class='ocr_carea' id='block_1_55' title="bbox 213 4289 1776 4373">
    <p class='ocr_par' dir='ltr' id='par_1_55' title="bbox 213 4289 1776 4373">
     <span class='ocr_line' id='line_1_55' title="bbox 213 4289 1776 4373; baseline 0.02 -41"><span class='ocrx_word' id='word_1_427' title='bbox 213 4289 381 4350; x_wconf 82' lang='lat' dir='ltr'><strong>nostra</strong></span> <span class='ocrx_word' id='word_1_428' title='bbox 423 4294 638 4352; x_wconf 88' lang='lat' dir='ltr'><strong>natura,</strong></span> <span class='ocrx_word' id='word_1_429' title='bbox 677 4305 785 4344; x_wconf 90' lang='lat' dir='ltr'><strong>non</strong></span> <span class='ocrx_word' id='word_1_430' title='bbox 832 4293 1020 4363; x_wconf 89' lang='lat' dir='ltr'><strong>culpa;</strong></span> <span class='ocrx_word' id='word_1_431' title='bbox 1063 4297 1152 4350; x_wconf 86' lang='lat' dir='ltr'><strong>illa</strong></span> <span class='ocrx_word' id='word_1_432' title='bbox 1199 4300 1463 4367; x_wconf 85' lang='lat' dir='ltr'><strong>profecto,</strong></span> <span class='ocrx_word' id='word_1_433' title='bbox 1493 4319 1612 4373; x_wconf 63' lang='lat' dir='ltr'><strong>quae</strong></span> <span class='ocrx_word' id='word_1_434' title='bbox 1651 4317 1776 4364; x_wconf 90' lang='lat' dir='ltr'><strong>ante</strong></span> 
     </span>
    </p>
   </div>
   <div class='ocr_carea' id='block_1_56' title="bbox 212 4383 1774 4463">
    <p class='ocr_par' dir='ltr' id='par_1_56' title="bbox 212 4383 1774 4463">
     <span class='ocr_line' id='line_1_56' title="bbox 212 4383 1774 4463; baseline 0.018 -35"><span class='ocrx_word' id='word_1_435' title='bbox 212 4383 470 4463; x_wconf 72' lang='lat' dir='ltr'><strong>peccatum</strong></span> <span class='ocrx_word' id='word_1_436' title='bbox 499 4389 689 4436; x_wconf 87' lang='lat' dir='ltr'><strong>creata</strong></span> <span class='ocrx_word' id='word_1_437' title='bbox 717 4392 822 4449; x_wconf 88' lang='lat' dir='ltr'><strong>est,</strong></span> <span class='ocrx_word' id='word_1_438' title='bbox 850 4402 954 4440; x_wconf 91' lang='lat' dir='ltr'><strong>non</strong></span> <span class='ocrx_word' id='word_1_439' title='bbox 986 4404 1104 4458; x_wconf 70' lang='lat' dir='ltr'><strong>quze</strong></span> <span class='ocrx_word' id='word_1_440' title='bbox 1131 4401 1248 4460; x_wconf 85' lang='lat' dir='ltr'><strong>post</strong></span> <span class='ocrx_word' id='word_1_441' title='bbox 1274 4397 1774 4463; x_wconf 66' lang='lat' dir='ltr'><strong>praevaricationem</strong></span> 
     </span>
    </p>
   </div>
   <div class='ocr_carea' id='block_1_57' title="bbox 213 4460 1775 4560">
    <p class='ocr_par' dir='ltr' id='par_1_57' title="bbox 213 4460 1775 4560">
     <span class='ocr_line' id='line_1_57' title="bbox 213 4460 1775 4560; baseline 0.022 -46"><span class='ocrx_word' id='word_1_442' title='bbox 213 4460 400 4560; x_wconf 72' lang='lat' dir='ltr'><strong>vitiata.</strong></span> <span class='ocrx_word' id='word_1_443' title='bbox 426 4487 443 4520; x_wconf 74' lang='grc' dir='ltr'><strong><em>ι</em></strong></span> <span class='ocrx_word' id='word_1_444' title='bbox 461 4468 531 4524; x_wconf 85' lang='grc' dir='ltr'><strong>Ει</strong></span> <span class='ocrx_word' id='word_1_445' title='bbox 547 4480 734 4540; x_wconf 89' lang='lat' dir='ltr'><strong>postea</strong></span> <span class='ocrx_word' id='word_1_446' title='bbox 763 4491 776 4528; x_wconf 88' lang='lat'><strong>:</strong></span> <span class='ocrx_word' id='word_1_447' title='bbox 800 4492 818 4524; x_wconf 75' lang='grc' dir='ltr'>ι</span> <span class='ocrx_word' id='word_1_448' title='bbox 850 4475 966 4531; x_wconf 84' lang='lat' dir='ltr'><strong>Non</strong></span> <span class='ocrx_word' id='word_1_449' title='bbox 993 4489 1077 4534; x_wconf 92' lang='lat' dir='ltr'><strong>est</strong></span> <span class='ocrx_word' id='word_1_450' title='bbox 1100 4460 1292 4553; x_wconf 75' lang='lat' dir='ltr'><strong>itaque</strong></span> <span class='ocrx_word' id='word_1_451' title='bbox 1308 4498 1603 4560; x_wconf 87' lang='lat' dir='ltr'><strong>assumpta,</strong></span> <span class='ocrx_word' id='word_1_452' title='bbox 1635 4493 1775 4548; x_wconf 90' lang='lat' dir='ltr'><strong>sicut</strong></span> 
     </span>
    </p>
   </div>
   <div class='ocr_carea' id='block_1_58' title="bbox 214 4554 1772 4650">
    <p class='ocr_par' dir='ltr' id='par_1_58' title="bbox 214 4554 1772 4650">
     <span class='ocr_line' id='line_1_58' title="bbox 214 4554 1772 4650; baseline 0.021 -43"><span class='ocrx_word' id='word_1_453' title='bbox 214 4554 400 4621; x_wconf 71' lang='lat' dir='ltr'><strong>praefati</strong></span> <span class='ocrx_word' id='word_1_454' title='bbox 433 4573 643 4626; x_wconf 90' lang='lat' dir='ltr'><strong>sumus,</strong></span> <span class='ocrx_word' id='word_1_455' title='bbox 685 4579 715 4617; x_wconf 89' lang='lat' dir='ltr'><strong>a</strong></span> <span class='ocrx_word' id='word_1_456' title='bbox 747 4564 1025 4624; x_wconf 90' lang='lat' dir='ltr'><strong>Salvatore</strong></span> <span class='ocrx_word' id='word_1_457' title='bbox 1053 4573 1242 4628; x_wconf 89' lang='lat' dir='ltr'><strong>vitiata</strong></span> <span class='ocrx_word' id='word_1_458' title='bbox 1271 4554 1644 4650; x_wconf 44' lang='lat' dir='ltr'><strong>natura-quat</strong></span> <span class='ocrx_word' id='word_1_459' title='bbox 1681 4599 1772 4639; x_wconf 87' lang='lat' dir='ltr'><strong>re-</strong></span> 
     </span>
    </p>
   </div>
   <div class='ocr_carea' id='block_1_59' title="bbox 214 4652 1773 4740">
    <p class='ocr_par' dir='ltr' id='par_1_59' title="bbox 214 4652 1773 4740">
     <span class='ocr_line' id='line_1_59' title="bbox 214 4652 1773 4740; baseline 0.02 -40"><span class='ocrx_word' id='word_1_460' title='bbox 214 4657 451 4717; x_wconf 72' lang='lat' dir='ltr'><strong>pugnaret</strong></span> <span class='ocrx_word' id='word_1_461' title='bbox 478 4652 585 4724; x_wconf 79' lang='lat' dir='ltr'><strong>legi</strong></span> <span class='ocrx_word' id='word_1_462' title='bbox 610 4659 806 4712; x_wconf 89' lang='lat' dir='ltr'><strong>mentis</strong></span> <span class='ocrx_word' id='word_1_463' title='bbox 829 4660 981 4730; x_wconf 89' lang='lat' dir='ltr'><strong>ejus;</strong></span> <span class='ocrx_word' id='word_1_464' title='bbox 1015 4664 1106 4718; x_wconf 78' lang='lat' dir='ltr'><strong>sed</strong></span> <span class='ocrx_word' id='word_1_465' title='bbox 1148 4667 1282 4720; x_wconf 80' lang='lat' dir='ltr'><strong>venit</strong></span> <span class='ocrx_word' id='word_1_466' title='bbox 1309 4685 1545 4740; x_wconf 67' lang='grc' dir='ltr'><strong>(μαργινε</strong></span> <span class='ocrx_word' id='word_1_467' title='bbox 1572 4684 1621 4728; x_wconf 87' lang='lat' dir='ltr'><strong>et</strong></span> <span class='ocrx_word' id='word_1_468' title='bbox 1665 4677 1773 4731; x_wconf 83' lang='lat' dir='ltr'><strong>sal-</strong></span> 
     </span>
    </p>
   </div>
   <div class='ocr_carea' id='block_1_60' title="bbox 214 4746 1766 4824">
    <p class='ocr_par' dir='ltr' id='par_1_60' title="bbox 214 4746 1766 4824">
     <span class='ocr_line' id='line_1_60' title="bbox 214 4746 1766 4824; baseline 0.023 -35"><span class='ocrx_word' id='word_1_469' title='bbox 214 4751 318 4794; x_wconf 79' lang='lat' dir='ltr'><strong>me</strong></span> <span class='ocrx_word' id='word_1_470' title='bbox 336 4746 470 4812; x_wconf 84' lang='lat' dir='ltr'><strong>quod</strong></span> <span class='ocrx_word' id='word_1_471' title='bbox 481 4748 735 4817; x_wconf 81' lang='lat' dir='ltr'><strong>perierat,</strong></span> <span class='ocrx_word' id='word_1_472' title='bbox 756 4751 810 4806; x_wconf 89' lang='lat' dir='ltr'><strong>id</strong></span> <span class='ocrx_word' id='word_1_473' title='bbox 832 4762 934 4820; x_wconf 91' lang='lat' dir='ltr'><strong>est,</strong></span> <span class='ocrx_word' id='word_1_474' title='bbox 959 4755 1199 4813; x_wconf 81' lang='lat' dir='ltr'><strong>vitiatam</strong></span> <span class='ocrx_word' id='word_1_475' title='bbox 1223 4761 1457 4818; x_wconf 89' lang='lat' dir='ltr'><strong>hominis</strong></span> <span class='ocrx_word' id='word_1_476' title='bbox 1485 4774 1766 4824; x_wconf 89' lang='lat' dir='ltr'><strong>naturam:</strong></span> 
     </span>
    </p>
   </div>
   <div class='ocr_carea' id='block_1_61' title="bbox 216 4834 1768 4918">
    <p class='ocr_par' dir='ltr' id='par_1_61' title="bbox 216 4834 1768 4918">
     <span class='ocr_line' id='line_1_61' title="bbox 216 4834 1768 4918; baseline 0.021 -33"><span class='ocrx_word' id='word_1_477' title='bbox 216 4842 324 4918; x_wconf 69' lang='lat' dir='ltr'><strong>llam</strong></span> <span class='ocrx_word' id='word_1_478' title='bbox 347 4834 430 4891; x_wconf 78' lang='lat' dir='ltr'><strong>lex</strong></span> <span class='ocrx_word' id='word_1_479' title='bbox 470 4840 579 4894; x_wconf 88' lang='lat' dir='ltr'><strong>alia</strong></span> <span class='ocrx_word' id='word_1_480' title='bbox 609 4842 664 4896; x_wconf 91' lang='lat' dir='ltr'><strong>in</strong></span> <span class='ocrx_word' id='word_1_481' title='bbox 705 4847 987 4913; x_wconf 89' lang='lat' dir='ltr'><strong>membris,</strong></span> <span class='ocrx_word' id='word_1_482' title='bbox 1014 4857 1108 4904; x_wconf 92' lang='lat' dir='ltr'><strong>aut</strong></span> <span class='ocrx_word' id='word_1_483' title='bbox 1128 4852 1377 4910; x_wconf 91' lang='lat' dir='ltr'><strong>voluntas</strong></span> <span class='ocrx_word' id='word_1_484' title='bbox 1407 4857 1621 4914; x_wconf 88' lang='lat' dir='ltr'><strong>diversa</strong></span> <span class='ocrx_word' id='word_1_485' title='bbox 1661 4879 1768 4918; x_wconf 92' lang='lat' dir='ltr'><strong>non</strong></span> 
     </span>
    </p>
   </div>
   <div class='ocr_carea' id='block_1_62' title="bbox 216 4917 1770 5018">
    <p class='ocr_par' dir='ltr' id='par_1_62' title="bbox 216 4917 1770 5018">
     <span class='ocr_line' id='line_1_62' title="bbox 216 4917 1770 5018; baseline 0.023 -47"><span class='ocrx_word' id='word_1_486' title='bbox 216 4917 318 4989; x_wconf 86' lang='lat' dir='ltr'><strong>fuit,</strong></span> <span class='ocrx_word' id='word_1_487' title='bbox 344 4930 423 4983; x_wconf 90' lang='lat' dir='ltr'><strong>vel</strong></span> <span class='ocrx_word' id='word_1_488' title='bbox 453 4936 734 4989; x_wconf 85' lang='lat' dir='ltr'><strong>contraria</strong></span> <span class='ocrx_word' id='word_1_489' title='bbox 757 4935 1044 5007; x_wconf 90' lang='lat' dir='ltr'><strong>Salvatori,</strong></span> <span class='ocrx_word' id='word_1_490' title='bbox 1072 4944 1199 5012; x_wconf 89' lang='lat' dir='ltr'><strong>quia</strong></span> <span class='ocrx_word' id='word_1_491' title='bbox 1224 4961 1386 5015; x_wconf 89' lang='lat' dir='ltr'><strong>super</strong></span> <span class='ocrx_word' id='word_1_492' title='bbox 1414 4948 1586 5018; x_wconf 78' lang='lat' dir='ltr'><strong>legem</strong></span> <span class='ocrx_word' id='word_1_493' title='bbox 1609 4917 1770 5007; x_wconf 84' lang='lat' dir='ltr'><strong>natus</strong></span> 
     </span>
    </p>
   </div>
   <div class='ocr_carea' id='block_1_63' title="bbox 216 5016 1106 5094">
    <p class='ocr_par' dir='ltr' id='par_1_63' title="bbox 216 5016 1106 5094">
     <span class='ocr_line' id='line_1_63' title="bbox 216 5016 1106 5094; baseline 0.025 -28"><span class='ocrx_word' id='word_1_494' title='bbox 216 5024 287 5068; x_wconf 83' lang='lat' dir='ltr'><strong>est</strong></span> <span class='ocrx_word' id='word_1_495' title='bbox 305 5016 544 5080; x_wconf 62' lang='lat' dir='ltr'><strong>humanae</strong></span> <span class='ocrx_word' id='word_1_496' title='bbox 571 5027 912 5094; x_wconf 88' lang='lat' dir='ltr'><strong>conditionis,</strong></span> <span class='ocrx_word' id='word_1_497' title='bbox 944 5039 1050 5088; x_wconf 89' lang='lat' dir='ltr'><strong>etc.</strong></span> <span class='ocrx_word' id='word_1_498' title='bbox 1087 5054 1106 5087; x_wconf 69' lang='grc' dir='ltr'><strong><em>ι</em></strong></span> 
     </span>
    </p>
   </div>
   <div class='ocr_carea' id='block_1_64' title="bbox 275 5107 1765 5199">
    <p class='ocr_par' dir='ltr' id='par_1_64' title="bbox 275 5107 1765 5199">
     <span class='ocr_line' id='line_1_64' title="bbox 275 5107 1765 5199; baseline 0.019 -36"><span class='ocrx_word' id='word_1_499' title='bbox 275 5107 472 5169; x_wconf 81' lang='lat' dir='ltr'><strong>XXXII.</strong></span> <span class='ocrx_word' id='word_1_500' title='bbox 511 5116 668 5174; x_wconf 86' lang='lat' dir='ltr'><strong>Hunc</strong></span> <span class='ocrx_word' id='word_1_501' title='bbox 695 5121 750 5176; x_wconf 90' lang='lat' dir='ltr'><strong>in</strong></span> <span class='ocrx_word' id='word_1_502' title='bbox 785 5138 1002 5180; x_wconf 89' lang='lat' dir='ltr'><strong>sensum</strong></span> <span class='ocrx_word' id='word_1_503' title='bbox 1038 5129 1209 5199; x_wconf 87' lang='lat' dir='ltr'><strong>accipi</strong></span> <span class='ocrx_word' id='word_1_504' title='bbox 1239 5132 1438 5188; x_wconf 85' lang='lat' dir='ltr'><strong>debere</strong></span> <span class='ocrx_word' id='word_1_505' title='bbox 1461 5135 1627 5189; x_wconf 84' lang='lat' dir='ltr'><strong>verba</strong></span> <span class='ocrx_word' id='word_1_506' title='bbox 1657 5134 1765 5191; x_wconf 89' lang='lat' dir='ltr'><strong>Ho-</strong></span> 
     </span>
    </p>
   </div>
   <div class='ocr_carea' id='block_1_65' title="bbox 216 5201 1764 5286">
    <p class='ocr_par' dir='ltr' id='par_1_65' title="bbox 216 5201 1764 5286">
     <span class='ocr_line' id='line_1_65' title="bbox 216 5201 1764 5286; baseline 0.02 -33"><span class='ocrx_word' id='word_1_507' title='bbox 216 5201 354 5266; x_wconf 84' lang='lat' dir='ltr'><strong>norii,</strong></span> <span class='ocrx_word' id='word_1_508' title='bbox 397 5207 595 5264; x_wconf 80' lang='lat' dir='ltr'><strong>ducent</strong></span> <span class='ocrx_word' id='word_1_509' title='bbox 627 5221 736 5267; x_wconf 88' lang='lat' dir='ltr'><strong>tres</strong></span> <span class='ocrx_word' id='word_1_510' title='bbox 783 5215 1192 5286; x_wconf 90' lang='lat' dir='ltr'><strong>locupletissimi</strong></span> <span class='ocrx_word' id='word_1_511' title='bbox 1246 5231 1416 5280; x_wconf 85' lang='lat' dir='ltr'><strong>testes</strong></span> <span class='ocrx_word' id='word_1_512' title='bbox 1461 5240 1475 5279; x_wconf 90' lang='lat'><strong>:</strong></span> <span class='ocrx_word' id='word_1_513' title='bbox 1526 5224 1764 5283; x_wconf 85' lang='lat' dir='ltr'><strong>Joannes</strong></span> 
     </span>
    </p>
   </div>
   <div class='ocr_carea' id='block_1_66' title="bbox 216 5287 1762 5387">
    <p class='ocr_par' dir='ltr' id='par_1_66' title="bbox 216 5287 1762 5387">
     <span class='ocr_line' id='line_1_66' title="bbox 216 5287 1762 5387; baseline 0.019 -43"><span class='ocrx_word' id='word_1_514' title='bbox 216 5287 407 5387; x_wconf 76' lang='lat' dir='ltr'><strong>Abbas,</strong></span> <span class='ocrx_word' id='word_1_515' title='bbox 441 5301 532 5369; x_wconf 88' lang='lat' dir='ltr'><strong>qui</strong></span> <span class='ocrx_word' id='word_1_516' title='bbox 569 5303 849 5371; x_wconf 87' lang='lat' dir='ltr'><strong>epistolam</strong></span> <span class='ocrx_word' id='word_1_517' title='bbox 899 5311 1118 5365; x_wconf 89' lang='lat' dir='ltr'><strong>nomine</strong></span> <span class='ocrx_word' id='word_1_518' title='bbox 1147 5312 1368 5370; x_wconf 88' lang='lat' dir='ltr'><strong>Honorii</strong></span> <span class='ocrx_word' id='word_1_519' title='bbox 1405 5317 1558 5387; x_wconf 77' lang='lat'><strong>181</strong></span> <span class='ocrx_word' id='word_1_520' title='bbox 1611 5333 1762 5372; x_wconf 84' lang='lat' dir='ltr'><strong>com-</strong></span> 
     </span>
    </p>
   </div>
   <div class='ocr_carea' id='block_1_67' title="bbox 217 5385 1763 5472">
    <p class='ocr_par' dir='ltr' id='par_1_67' title="bbox 217 5385 1763 5472">
     <span class='ocr_line' id='line_1_67' title="bbox 217 5385 1763 5472; baseline 0.017 -33"><span class='ocrx_word' id='word_1_521' title='bbox 217 5385 412 5445; x_wconf 80' lang='lat' dir='ltr'><strong>posuit:</strong></span> <span class='ocrx_word' id='word_1_522' title='bbox 443 5389 680 5449; x_wconf 87' lang='lat' dir='ltr'><strong>Joannes</strong></span> <span class='ocrx_word' id='word_1_523' title='bbox 724 5395 813 5460; x_wconf 93' lang='lat' dir='ltr'><strong>IV,</strong></span> <span class='ocrx_word' id='word_1_524' title='bbox 864 5397 1085 5456; x_wconf 86' lang='lat' dir='ltr'><strong>Honorii</strong></span> <span class='ocrx_word' id='word_1_525' title='bbox 1125 5415 1248 5472; x_wconf 89' lang='lat' dir='ltr'><strong>post</strong></span> <span class='ocrx_word' id='word_1_526' title='bbox 1279 5385 1495 5462; x_wconf 53' lang='lat' dir='ltr'><strong>annum—</strong></span> <span class='ocrx_word' id='word_1_527' title='bbox 1520 5385 1763 5465; x_wconf 66' lang='lat' dir='ltr'><strong>medium</strong></span> 
     </span>
    </p>
   </div>
   <div class='ocr_carea' id='block_1_68' title="bbox 217 5482 1762 5558">
    <p class='ocr_par' dir='ltr' id='par_1_68' title="bbox 217 5482 1762 5558">
     <span class='ocr_line' id='line_1_68' title="bbox 217 5482 1762 5558; baseline 0.023 -36"><span class='ocrx_word' id='word_1_528' title='bbox 217 5482 488 5546; x_wconf 84' lang='lat' dir='ltr'><strong>successor,</strong></span> <span class='ocrx_word' id='word_1_529' title='bbox 541 5485 597 5538; x_wconf 92' lang='lat' dir='ltr'><strong>in</strong></span> <span class='ocrx_word' id='word_1_530' title='bbox 625 5485 918 5558; x_wconf 78' lang='lat' dir='ltr'><strong>Apologia;</strong></span> <span class='ocrx_word' id='word_1_531' title='bbox 954 5500 1008 5546; x_wconf 92' lang='lat' dir='ltr'><strong>et</strong></span> <span class='ocrx_word' id='word_1_532' title='bbox 1038 5503 1260 5549; x_wconf 89' lang='lat' dir='ltr'><strong>sanctus</strong></span> <span class='ocrx_word' id='word_1_533' title='bbox 1301 5497 1566 5555; x_wconf 76' lang='lat' dir='ltr'><strong>Maximus</strong></span> <span class='ocrx_word' id='word_1_534' title='bbox 1613 5518 1762 5556; x_wconf 89' lang='lat' dir='ltr'><strong>mar-</strong></span> 
     </span>
    </p>
   </div>
   <div class='ocr_carea' id='block_1_69' title="bbox 219 5564 1758 5651">
    <p class='ocr_par' dir='ltr' id='par_1_69' title="bbox 219 5564 1758 5651">
     <span class='ocr_line' id='line_1_69' title="bbox 219 5564 1758 5651; baseline 0.016 -23"><span class='ocrx_word' id='word_1_535' title='bbox 219 5564 306 5651; x_wconf 59' lang='grc' dir='ltr'><strong>Ψ,</strong></span> <span class='ocrx_word' id='word_1_536' title='bbox 348 5573 625 5645; x_wconf 77' lang='lat' dir='ltr'><strong>utriusque</strong></span> <span class='ocrx_word' id='word_1_537' title='bbox 657 5582 965 5637; x_wconf 88' lang='lat' dir='ltr'><strong>testimonio</strong></span> <span class='ocrx_word' id='word_1_538' title='bbox 1011 5595 1256 5641; x_wconf 87' lang='lat' dir='ltr'><strong>sanctum</strong></span> <span class='ocrx_word' id='word_1_539' title='bbox 1304 5590 1619 5648; x_wconf 84' lang='lat' dir='ltr'><strong>Pontificem</strong></span> <span class='ocrx_word' id='word_1_540' title='bbox 1665 5596 1758 5651; x_wconf 88' lang='lat' dir='ltr'><strong>de-</strong></span> 
     </span>
    </p>
   </div>
   <div class='ocr_carea' id='block_1_70' title="bbox 219 5647 1759 5755">
    <p class='ocr_par' dir='ltr' id='par_1_70' title="bbox 219 5647 1759 5755">
     <span class='ocr_line' id='line_1_70' title="bbox 219 5647 1759 5755; baseline 0.021 -46"><span class='ocrx_word' id='word_1_541' title='bbox 219 5647 436 5752; x_wconf 41' lang='lat' dir='ltr'><strong>fendens,</strong></span> <span class='ocrx_word' id='word_1_542' title='bbox 467 5668 664 5733; x_wconf 90' lang='lat' dir='ltr'><strong>partim</strong></span> <span class='ocrx_word' id='word_1_543' title='bbox 694 5669 745 5723; x_wconf 93' lang='lat' dir='ltr'><strong>in</strong></span> <span class='ocrx_word' id='word_1_544' title='bbox 780 5673 1141 5740; x_wconf 88' lang='lat' dir='ltr'><strong>disputatione</strong></span> <span class='ocrx_word' id='word_1_545' title='bbox 1189 5692 1312 5732; x_wconf 89' lang='lat' dir='ltr'><strong>cum</strong></span> <span class='ocrx_word' id='word_1_546' title='bbox 1357 5678 1585 5750; x_wconf 84' lang='lat' dir='ltr'><strong>Pyrrho,</strong></span> <span class='ocrx_word' id='word_1_547' title='bbox 1632 5701 1759 5755; x_wconf 79' lang='lat' dir='ltr'><strong>par-</strong></span> 
     </span>
    </p>
   </div>
   <div class='ocr_carea' id='block_1_71' title="bbox 219 5742 1025 5824">
    <p class='ocr_par' dir='ltr' id='par_1_71' title="bbox 219 5742 1025 5824">
     <span class='ocr_line' id='line_1_71' title="bbox 219 5742 1025 5824; baseline 0.037 -32"><span class='ocrx_word' id='word_1_548' title='bbox 219 5742 299 5799; x_wconf 87' lang='lat' dir='ltr'><strong>tim</strong></span> <span class='ocrx_word' id='word_1_549' title='bbox 332 5750 381 5806; x_wconf 90' lang='lat' dir='ltr'><strong>in</strong></span> <span class='ocrx_word' id='word_1_550' title='bbox 407 5758 631 5824; x_wconf 87' lang='lat' dir='ltr'><strong>epistola</strong></span> <span class='ocrx_word' id='word_1_551' title='bbox 664 5763 730 5817; x_wconf 90' lang='lat' dir='ltr'><strong>ad</strong></span> <span class='ocrx_word' id='word_1_552' title='bbox 759 5763 1025 5821; x_wconf 79' lang='lat' dir='ltr'><strong>Marinum</strong></span> 
     </span>
    </p>
   </div>
   <div class='ocr_carea' id='block_1_72' title="bbox 280 5835 1754 5936">
    <p class='ocr_par' dir='ltr' id='par_1_72' title="bbox 280 5835 1754 5936">
     <span class='ocr_line' id='line_1_72' title="bbox 280 5835 1754 5936; baseline 0.023 -43"><span class='ocrx_word' id='word_1_553' title='bbox 280 5835 502 5902; x_wconf 85' lang='lat' dir='ltr'><strong>XXXIII.</strong></span> <span class='ocrx_word' id='word_1_554' title='bbox 541 5851 740 5926; x_wconf 61' lang='lat' dir='ltr'><strong>Abbas</strong></span> <span class='ocrx_word' id='word_1_555' title='bbox 768 5853 931 5925; x_wconf 80' lang='lat' dir='ltr'><strong>igitur</strong></span> <span class='ocrx_word' id='word_1_556' title='bbox 974 5857 1210 5919; x_wconf 87' lang='lat' dir='ltr'><strong>Joannes</strong></span> <span class='ocrx_word' id='word_1_557' title='bbox 1253 5864 1394 5936; x_wconf 82' lang='lat' dir='ltr'><strong>apud</strong></span> <span class='ocrx_word' id='word_1_558' title='bbox 1422 5865 1754 5927; x_wconf 79' lang='lat' dir='ltr'><strong>Maximum:</strong></span> 
     </span>
    </p>
   </div>
   <div class='ocr_carea' id='block_1_73' title="bbox 1968 2019 3480 2088">
    <p class='ocr_par' dir='ltr' id='par_1_73' title="bbox 1968 2019 3480 2088">
     <span class='ocr_line' id='line_1_73' title="bbox 1968 2019 3480 2088; baseline 0.001 -14"><span class='ocrx_word' id='word_1_559' title='bbox 1968 2019 2187 2076; x_wconf 86' lang='lat' dir='ltr'><strong>XXXV.</strong></span> <span class='ocrx_word' id='word_1_560' title='bbox 2227 2022 2637 2080; x_wconf 86' lang='lat' dir='ltr'><strong>Observandum</strong></span> <span class='ocrx_word' id='word_1_561' title='bbox 2665 2023 2845 2078; x_wconf 88' lang='lat' dir='ltr'><strong>obiter</strong></span> <span class='ocrx_word' id='word_1_562' title='bbox 2888 2025 2955 2078; x_wconf 87' lang='lat' dir='ltr'><strong>ad</strong></span> <span class='ocrx_word' id='word_1_563' title='bbox 2986 2024 3103 2078; x_wconf 64' lang='lat' dir='ltr'><strong>haec</strong></span> <span class='ocrx_word' id='word_1_564' title='bbox 3131 2022 3443 2078; x_wconf 87' lang='lat' dir='ltr'><strong>testimonia</strong></span> <span class='ocrx_word' id='word_1_565' title='bbox 3465 2063 3480 2088; x_wconf 94' lang='lat'><strong>,</strong></span> 
     </span>
    </p>
   </div>
   <div class='ocr_carea' id='block_1_74' title="bbox 1896 2109 3483 2185">
    <p class='ocr_par' dir='ltr' id='par_1_74' title="bbox 1896 2109 3483 2185">
     <span class='ocr_line' id='line_1_74' title="bbox 1896 2109 3483 2185; baseline 0.002 -20"><span class='ocrx_word' id='word_1_566' title='bbox 1896 2109 2078 2166; x_wconf 91' lang='lat' dir='ltr'><strong>valere</strong></span> <span class='ocrx_word' id='word_1_567' title='bbox 2121 2112 2237 2181; x_wconf 89' lang='lat' dir='ltr'><strong>ipsa</strong></span> <span class='ocrx_word' id='word_1_568' title='bbox 2285 2114 2576 2182; x_wconf 91' lang='lat' dir='ltr'><strong>plurimum</strong></span> <span class='ocrx_word' id='word_1_569' title='bbox 2622 2115 2692 2169; x_wconf 89' lang='lat' dir='ltr'><strong>ad</strong></span> <span class='ocrx_word' id='word_1_570' title='bbox 2726 2114 3073 2169; x_wconf 82' lang='lat' dir='ltr'><strong>evertendam</strong></span> <span class='ocrx_word' id='word_1_571' title='bbox 3106 2114 3483 2185; x_wconf 86' lang='lat' dir='ltr'><strong>conjecturam</strong></span> 
     </span>
    </p>
   </div>
   <div class='ocr_carea' id='block_1_75' title="bbox 1895 2202 3480 2275">
    <p class='ocr_par' dir='ltr' id='par_1_75' title="bbox 1895 2202 3480 2275">
     <span class='ocr_line' id='line_1_75' title="bbox 1895 2202 3480 2275; baseline 0 -19"><span class='ocrx_word' id='word_1_572' title='bbox 1895 2202 2085 2272; x_wconf 89' lang='lat' dir='ltr'><strong>nuperi</strong></span> <span class='ocrx_word' id='word_1_573' title='bbox 2135 2202 2388 2259; x_wconf 80' lang='lat' dir='ltr'><strong>Histortze</strong></span> <span class='ocrx_word' id='word_1_574' title='bbox 2447 2205 2917 2261; x_wconf 87' lang='lat' dir='ltr'><strong>Monothelltarum</strong></span> <span class='ocrx_word' id='word_1_575' title='bbox 2965 2205 3268 2275; x_wconf 87' lang='lat' dir='ltr'><strong>scriptoris.</strong></span> <span class='ocrx_word' id='word_1_576' title='bbox 3323 2205 3480 2271; x_wconf 85' lang='lat' dir='ltr'><strong>Quae-</strong></span> 
     </span>
    </p>
   </div>
   <div class='ocr_carea' id='block_1_76' title="bbox 1894 2292 3476 2364">
    <p class='ocr_par' dir='ltr' id='par_1_76' title="bbox 1894 2292 3476 2364">
     <span class='ocr_line' id='line_1_76' title="bbox 1894 2292 3476 2364; baseline 0.002 -18"><span class='ocrx_word' id='word_1_577' title='bbox 1894 2292 2038 2346; x_wconf 91' lang='lat' dir='ltr'><strong>renti</strong></span> <span class='ocrx_word' id='word_1_578' title='bbox 2065 2292 2210 2346; x_wconf 91' lang='lat' dir='ltr'><strong>enim</strong></span> <span class='ocrx_word' id='word_1_579' title='bbox 2228 2308 2333 2362; x_wconf 90' lang='lat' dir='ltr'><strong>qua</strong></span> <span class='ocrx_word' id='word_1_580' title='bbox 2357 2292 2570 2348; x_wconf 89' lang='lat' dir='ltr'><strong>ratione</strong></span> <span class='ocrx_word' id='word_1_581' title='bbox 2585 2302 2774 2364; x_wconf 88' lang='lat' dir='ltr'><strong>posset</strong></span> <span class='ocrx_word' id='word_1_582' title='bbox 2792 2292 3159 2363; x_wconf 89' lang='lat' dir='ltr'><strong>objectionem</strong></span> <span class='ocrx_word' id='word_1_583' title='bbox 3188 2293 3476 2363; x_wconf 86' lang='lat' dir='ltr'><strong>repellere,</strong></span> 
     </span>
    </p>
   </div>
   <div class='ocr_carea' id='block_1_77' title="bbox 1893 2378 3472 2456">
    <p class='ocr_par' dir='ltr' id='par_1_77' title="bbox 1893 2378 3472 2456">
     <span class='ocr_line' id='line_1_77' title="bbox 1893 2378 3472 2456; baseline 0.001 -18"><span class='ocrx_word' id='word_1_584' title='bbox 1893 2385 2043 2439; x_wconf 90' lang='lat' dir='ltr'><strong>venit</strong></span> <span class='ocrx_word' id='word_1_585' title='bbox 2087 2385 2142 2438; x_wconf 89' lang='lat' dir='ltr'><strong>in</strong></span> <span class='ocrx_word' id='word_1_586' title='bbox 2186 2393 2422 2440; x_wconf 89' lang='lat' dir='ltr'><strong>mentem</strong></span> <span class='ocrx_word' id='word_1_587' title='bbox 2469 2378 2700 2455; x_wconf 88' lang='lat' dir='ltr'><strong>opinari,</strong></span> <span class='ocrx_word' id='word_1_588' title='bbox 2750 2387 3176 2455; x_wconf 84' lang='lat' dir='ltr'><strong>corruptionem,</strong></span> <span class='ocrx_word' id='word_1_589' title='bbox 3231 2399 3395 2456; x_wconf 87' lang='lat' dir='ltr'><strong>quam</strong></span> <span class='ocrx_word' id='word_1_590' title='bbox 3439 2401 3472 2440; x_wconf 85' lang='lat' dir='ltr'><strong>a</strong></span> 
     </span>
    </p>
   </div>
   <div class='ocr_carea' id='block_1_78' title="bbox 1893 2474 3482 2548">
    <p class='ocr_par' dir='ltr' id='par_1_78' title="bbox 1893 2474 3482 2548">
     <span class='ocr_line' id='line_1_78' title="bbox 1893 2474 3482 2548; baseline 0.001 -18"><span class='ocrx_word' id='word_1_591' title='bbox 1893 2474 2098 2532; x_wconf 67' lang='lat' dir='ltr'><strong>Graecis</strong></span> <span class='ocrx_word' id='word_1_592' title='bbox 2131 2476 2334 2532; x_wconf 90' lang='lat' dir='ltr'><strong>factam</strong></span> <span class='ocrx_word' id='word_1_593' title='bbox 2363 2479 2418 2532; x_wconf 91' lang='lat' dir='ltr'><strong>in</strong></span> <span class='ocrx_word' id='word_1_594' title='bbox 2447 2476 2622 2533; x_wconf 88' lang='lat' dir='ltr'><strong>literis</strong></span> <span class='ocrx_word' id='word_1_595' title='bbox 2651 2478 2877 2533; x_wconf 88' lang='lat' dir='ltr'><strong>Honorii</strong></span> <span class='ocrx_word' id='word_1_596' title='bbox 2907 2479 3154 2548; x_wconf 85' lang='lat' dir='ltr'><strong>queritur</strong></span> <span class='ocrx_word' id='word_1_597' title='bbox 3183 2476 3482 2544; x_wconf 83' lang='lat' dir='ltr'><strong>Maximus,</strong></span> 
     </span>
    </p>
   </div>
   <div class='ocr_carea' id='block_1_79' title="bbox 1893 2569 3478 2641">
    <p class='ocr_par' dir='ltr' id='par_1_79' title="bbox 1893 2569 3478 2641">
     <span class='ocr_line' id='line_1_79' title="bbox 1893 2569 3478 2641; baseline 0.001 -17"><span class='ocrx_word' id='word_1_598' title='bbox 1893 2569 1951 2624; x_wconf 88' lang='lat' dir='ltr'><strong>in</strong></span> <span class='ocrx_word' id='word_1_599' title='bbox 2003 2584 2068 2625; x_wconf 91' lang='lat' dir='ltr'><strong>eo</strong></span> <span class='ocrx_word' id='word_1_600' title='bbox 2113 2569 2284 2624; x_wconf 85' lang='lat' dir='ltr'><strong>fuisse</strong></span> <span class='ocrx_word' id='word_1_601' title='bbox 2337 2571 2595 2641; x_wconf 87' lang='lat' dir='ltr'><strong>positam,</strong></span> <span class='ocrx_word' id='word_1_602' title='bbox 2647 2572 2792 2641; x_wconf 88' lang='lat' dir='ltr'><strong>quod</strong></span> <span class='ocrx_word' id='word_1_603' title='bbox 2833 2586 2933 2641; x_wconf 90' lang='lat' dir='ltr'><strong>pro</strong></span> <span class='ocrx_word' id='word_1_604' title='bbox 2980 2587 3114 2624; x_wconf 83' lang='lat' dir='ltr'><strong>nova</strong></span> <span class='ocrx_word' id='word_1_605' title='bbox 3145 2571 3425 2626; x_wconf 80' lang='lat' dir='ltr'><strong>voluntate</strong></span> <span class='ocrx_word' id='word_1_606' title='bbox 3461 2609 3478 2636; x_wconf 85' lang='lat'><strong>,</strong></span> 
     </span>
    </p>
   </div>
   <div class='ocr_carea' id='block_1_80' title="bbox 1893 2662 3478 2731">
    <p class='ocr_par' dir='ltr' id='par_1_80' title="bbox 1893 2662 3478 2731">
     <span class='ocr_line' id='line_1_80' title="bbox 1893 2662 3478 2731; baseline 0.001 -16"><span class='ocrx_word' id='word_1_607' title='bbox 1893 2677 2057 2731; x_wconf 91' lang='lat' dir='ltr'><strong>quam</strong></span> <span class='ocrx_word' id='word_1_608' title='bbox 2087 2662 2316 2717; x_wconf 82' lang='lat' dir='ltr'><strong>dixisset</strong></span> <span class='ocrx_word' id='word_1_609' title='bbox 2342 2662 2637 2728; x_wconf 89' lang='lat' dir='ltr'><strong>Honorius,</strong></span> <span class='ocrx_word' id='word_1_610' title='bbox 2687 2678 2851 2717; x_wconf 81' lang='lat' dir='ltr'><strong>unam</strong></span> <span class='ocrx_word' id='word_1_611' title='bbox 2898 2662 3311 2725; x_wconf 83' lang='lat' dir='ltr'><strong>substituerint,</strong></span> <span class='ocrx_word' id='word_1_612' title='bbox 3352 2676 3478 2717; x_wconf 87' lang='lat' dir='ltr'><strong>cum</strong></span> 
     </span>
    </p>
   </div>
   <div class='ocr_carea' id='block_1_81' title="bbox 1892 2753 3474 2825">
    <p class='ocr_par' dir='ltr' id='par_1_81' title="bbox 1892 2753 3474 2825">
     <span class='ocr_line' id='line_1_81' title="bbox 1892 2753 3474 2825; baseline -0.001 -16"><span class='ocrx_word' id='word_1_613' title='bbox 1892 2754 2116 2810; x_wconf 88' lang='lat' dir='ltr'><strong>Latinas</strong></span> <span class='ocrx_word' id='word_1_614' title='bbox 2160 2768 2322 2810; x_wconf 87' lang='lat' dir='ltr'><strong>voces</strong></span> <span class='ocrx_word' id='word_1_615' title='bbox 2367 2756 2791 2825; x_wconf 84' lang='lat' dir='ltr'><strong>interpretarent</strong></span> <span class='ocrx_word' id='word_1_616' title='bbox 2825 2753 3031 2809; x_wconf 60' lang='lat' dir='ltr'><strong>Graece.</strong></span> <span class='ocrx_word' id='word_1_617' title='bbox 3077 2754 3276 2809; x_wconf 88' lang='lat' dir='ltr'><strong>Verum</strong></span> <span class='ocrx_word' id='word_1_618' title='bbox 3309 2753 3354 2808; x_wconf 82' lang='lat' dir='ltr'><strong>si</strong></span> <span class='ocrx_word' id='word_1_619' title='bbox 3383 2767 3474 2808; x_wconf 88' lang='lat' dir='ltr'><strong>res</strong></span> 
     </span>
    </p>
   </div>
   <div class='ocr_carea' id='block_1_82' title="bbox 1891 2843 3476 2914">
    <p class='ocr_par' dir='ltr' id='par_1_82' title="bbox 1891 2843 3476 2914">
     <span class='ocr_line' id='line_1_82' title="bbox 1891 2843 3476 2914; baseline -0.001 -14"><span class='ocrx_word' id='word_1_620' title='bbox 1891 2846 1966 2900; x_wconf 88' lang='lat' dir='ltr'><strong>ita</strong></span> <span class='ocrx_word' id='word_1_621' title='bbox 1995 2861 2054 2902; x_wconf 90' lang='lat' dir='ltr'><strong>se</strong></span> <span class='ocrx_word' id='word_1_622' title='bbox 2083 2846 2328 2911; x_wconf 86' lang='lat' dir='ltr'><strong>haberet,</strong></span> <span class='ocrx_word' id='word_1_623' title='bbox 2365 2860 2467 2900; x_wconf 91' lang='lat' dir='ltr'><strong>nec</strong></span> <span class='ocrx_word' id='word_1_624' title='bbox 2491 2845 2683 2900; x_wconf 89' lang='lat' dir='ltr'><strong>idonea</strong></span> <span class='ocrx_word' id='word_1_625' title='bbox 2723 2846 2865 2900; x_wconf 91' lang='lat' dir='ltr'><strong>foret</strong></span> <span class='ocrx_word' id='word_1_626' title='bbox 2895 2843 3363 2914; x_wconf 85' lang='lat' dir='ltr'><strong>interpretationis</strong></span> <span class='ocrx_word' id='word_1_627' title='bbox 3386 2857 3476 2898; x_wconf 80' lang='lat' dir='ltr'><strong>ra-</strong></span> 
     </span>
    </p>
   </div>
   <div class='ocr_carea' id='block_1_83' title="bbox 1890 2935 3508 3006">
    <p class='ocr_par' dir='ltr' id='par_1_83' title="bbox 1890 2935 3508 3006">
     <span class='ocr_line' id='line_1_83' title="bbox 1890 2935 3508 3006; baseline -0.001 -16"><span class='ocrx_word' id='word_1_628' title='bbox 1890 2935 1989 3001; x_wconf 89' lang='lat' dir='ltr'><strong>tio,</strong></span> <span class='ocrx_word' id='word_1_629' title='bbox 2021 2952 2128 3006; x_wconf 90' lang='lat' dir='ltr'><strong>qua</strong></span> <span class='ocrx_word' id='word_1_630' title='bbox 2158 2944 2387 3006; x_wconf 89' lang='lat' dir='ltr'><strong>uterque</strong></span> <span class='ocrx_word' id='word_1_631' title='bbox 2415 2935 2655 2992; x_wconf 90' lang='lat' dir='ltr'><strong>Joannes</strong></span> <span class='ocrx_word' id='word_1_632' title='bbox 2683 2937 2884 2998; x_wconf 84' lang='lat' dir='ltr'><strong>utitur;</strong></span> <span class='ocrx_word' id='word_1_633' title='bbox 2914 2950 3016 2991; x_wconf 90' lang='lat' dir='ltr'><strong>nec</strong></span> <span class='ocrx_word' id='word_1_634' title='bbox 3040 2935 3260 2990; x_wconf 89' lang='lat' dir='ltr'><strong>tolerari</strong></span> <span class='ocrx_word' id='word_1_635' title='bbox 3285 2943 3471 3004; x_wconf 92' lang='lat' dir='ltr'><strong>posset</strong></span> <span class='ocrx_word' id='word_1_636' title='bbox 3501 2971 3508 2976; x_wconf 64' lang='grc' dir='ltr'><strong><em>ς</em></strong></span> 
     </span>
    </p>
   </div>
   <div class='ocr_carea' id='block_1_84' title="bbox 1890 3027 3476 3099">
    <p class='ocr_par' dir='ltr' id='par_1_84' title="bbox 1890 3027 3476 3099">
     <span class='ocr_line' id='line_1_84' title="bbox 1890 3027 3476 3099; baseline -0.001 -17"><span class='ocrx_word' id='word_1_637' title='bbox 1890 3029 2173 3082; x_wconf 92' lang='lat' dir='ltr'><strong>amborum</strong></span> <span class='ocrx_word' id='word_1_638' title='bbox 2210 3029 2495 3099; x_wconf 90' lang='lat' dir='ltr'><strong>patientia,</strong></span> <span class='ocrx_word' id='word_1_639' title='bbox 2527 3028 2595 3085; x_wconf 90' lang='lat' dir='ltr'><strong>de</strong></span> <span class='ocrx_word' id='word_1_640' title='bbox 2633 3029 2984 3099; x_wconf 90' lang='lat' dir='ltr'><strong>corruptione</strong></span> <span class='ocrx_word' id='word_1_641' title='bbox 3012 3028 3336 3093; x_wconf 89' lang='lat' dir='ltr'><strong>tacentium;</strong></span> <span class='ocrx_word' id='word_1_642' title='bbox 3366 3027 3476 3081; x_wconf 92' lang='lat' dir='ltr'><strong>imo</strong></span> 
     </span>
    </p>
   </div>
   <div class='ocr_carea' id='block_1_85' title="bbox 1888 3116 3473 3188">
    <p class='ocr_par' dir='ltr' id='par_1_85' title="bbox 1888 3116 3473 3188">
     <span class='ocr_line' id='line_1_85' title="bbox 1888 3116 3473 3188; baseline -0.004 -12"><span class='ocrx_word' id='word_1_643' title='bbox 1888 3136 1991 3176; x_wconf 90' lang='lat' dir='ltr'><strong>nec</strong></span> <span class='ocrx_word' id='word_1_644' title='bbox 2031 3119 2161 3175; x_wconf 89' lang='lat' dir='ltr'><strong>ferri</strong></span> <span class='ocrx_word' id='word_1_645' title='bbox 2190 3118 2418 3175; x_wconf 90' lang='lat' dir='ltr'><strong>Joannis</strong></span> <span class='ocrx_word' id='word_1_646' title='bbox 2448 3119 2671 3175; x_wconf 90' lang='lat' dir='ltr'><strong>Diaconi</strong></span> <span class='ocrx_word' id='word_1_647' title='bbox 2695 3119 2943 3174; x_wconf 89' lang='lat' dir='ltr'><strong>socordia</strong></span> <span class='ocrx_word' id='word_1_648' title='bbox 2967 3118 3059 3188; x_wconf 92' lang='lat' dir='ltr'><strong>qui</strong></span> <span class='ocrx_word' id='word_1_649' title='bbox 3087 3117 3334 3172; x_wconf 63' lang='lat' dir='ltr'><strong>Graecam</strong></span> <span class='ocrx_word' id='word_1_650' title='bbox 3358 3116 3473 3186; x_wconf 88' lang='lat' dir='ltr'><strong>epi-</strong></span> 
     </span>
    </p>
   </div>
   <div class='ocr_carea' id='block_1_86' title="bbox 1891 3208 3476 3280">
    <p class='ocr_par' dir='ltr' id='par_1_86' title="bbox 1891 3208 3476 3280">
     <span class='ocr_line' id='line_1_86' title="bbox 1891 3208 3476 3280; baseline -0.003 -12"><span class='ocrx_word' id='word_1_651' title='bbox 1891 3213 2084 3268; x_wconf 86' lang='lat' dir='ltr'><strong>stolam</strong></span> <span class='ocrx_word' id='word_1_652' title='bbox 2118 3227 2242 3267; x_wconf 89' lang='lat' dir='ltr'><strong>cum</strong></span> <span class='ocrx_word' id='word_1_653' title='bbox 2273 3213 2587 3268; x_wconf 85' lang='lat' dir='ltr'><strong>authentica</strong></span> <span class='ocrx_word' id='word_1_654' title='bbox 2617 3211 2811 3266; x_wconf 91' lang='lat' dir='ltr'><strong>Latina</strong></span> <span class='ocrx_word' id='word_1_655' title='bbox 2867 3211 3095 3266; x_wconf 92' lang='lat' dir='ltr'><strong>contulit</strong></span> <span class='ocrx_word' id='word_1_656' title='bbox 3123 3210 3177 3264; x_wconf 86' lang='lat' dir='ltr'><strong>in</strong></span> <span class='ocrx_word' id='word_1_657' title='bbox 3210 3208 3428 3280; x_wconf 84' lang='lat' dir='ltr'><strong>Synodo</strong></span> <span class='ocrx_word' id='word_1_658' title='bbox 3458 3247 3476 3275; x_wconf 92' lang='lat'><strong>,</strong></span> 
     </span>
    </p>
   </div>
   <div class='ocr_carea' id='block_1_87' title="bbox 1888 3301 3239 3360">
    <p class='ocr_par' dir='ltr' id='par_1_87' title="bbox 1888 3301 3239 3360">
     <span class='ocr_line' id='line_1_87' title="bbox 1888 3301 3239 3360; baseline -0.004 0"><span class='ocrx_word' id='word_1_659' title='bbox 1888 3303 1990 3360; x_wconf 66' lang='lat' dir='ltr'><strong>nec</strong></span> <span class='ocrx_word' id='word_1_660' title='bbox 2026 3304 2094 3359; x_wconf 92' lang='lat' dir='ltr'><strong>de</strong></span> <span class='ocrx_word' id='word_1_661' title='bbox 2121 3302 2310 3360; x_wconf 86' lang='lat' dir='ltr'><strong>fraude</strong></span> <span class='ocrx_word' id='word_1_662' title='bbox 2339 3304 2476 3358; x_wconf 89' lang='lat' dir='ltr'><strong>tanti</strong></span> <span class='ocrx_word' id='word_1_663' title='bbox 2507 3305 2768 3358; x_wconf 90' lang='lat' dir='ltr'><strong>momenti</strong></span> <span class='ocrx_word' id='word_1_664' title='bbox 2797 3302 2986 3358; x_wconf 88' lang='lat' dir='ltr'><strong>Patres</strong></span> <span class='ocrx_word' id='word_1_665' title='bbox 3008 3301 3239 3357; x_wconf 91' lang='lat' dir='ltr'><strong>monuit.</strong></span> 
     </span>
    </p>
   </div>
   <div class='ocr_carea' id='block_1_88' title="bbox 1955 3395 3470 3485">
    <p class='ocr_par' dir='ltr' id='par_1_88' title="bbox 1955 3395 3470 3485">
     <span class='ocr_line' id='line_1_88' title="bbox 1955 3395 3470 3485; baseline -0.001 -17"><span class='ocrx_word' id='word_1_666' title='bbox 1955 3395 2209 3469; x_wconf 62' lang='lat' dir='ltr'><strong>XXXVI.</strong></span> <span class='ocrx_word' id='word_1_667' title='bbox 2239 3413 2377 3481; x_wconf 84' lang='lat' dir='ltr'><strong>Quid</strong></span> <span class='ocrx_word' id='word_1_668' title='bbox 2418 3430 2566 3485; x_wconf 76' lang='lat' dir='ltr'><strong>ergo,</strong></span> <span class='ocrx_word' id='word_1_669' title='bbox 2598 3414 2833 3485; x_wconf 91' lang='lat' dir='ltr'><strong>inquies,</strong></span> <span class='ocrx_word' id='word_1_670' title='bbox 2888 3407 3041 3470; x_wconf 79' lang='lat' dir='ltr'><strong>sexta</strong></span> <span class='ocrx_word' id='word_1_671' title='bbox 3089 3415 3312 3485; x_wconf 88' lang='lat' dir='ltr'><strong>Synodo</strong></span> <span class='ocrx_word' id='word_1_672' title='bbox 3340 3413 3470 3469; x_wconf 83' lang='lat' dir='ltr'><strong>fiet?</strong></span> 
     </span>
    </p>
   </div>
   <div class='ocr_carea' id='block_1_89' title="bbox 1887 3502 3497 3577">
    <p class='ocr_par' dir='ltr' id='par_1_89' title="bbox 1887 3502 3497 3577">
     <span class='ocr_line' id='line_1_89' title="bbox 1887 3502 3497 3577; baseline 0 -17"><span class='ocrx_word' id='word_1_673' title='bbox 1887 3519 1956 3560; x_wconf 84' lang='lat' dir='ltr'><strong>an</strong></span> <span class='ocrx_word' id='word_1_674' title='bbox 1988 3505 2193 3559; x_wconf 84' lang='lat' dir='ltr'><strong>erravit</strong></span> <span class='ocrx_word' id='word_1_675' title='bbox 2229 3514 2298 3560; x_wconf 76' lang='lat' dir='ltr'><strong>‘et</strong></span> <span class='ocrx_word' id='word_1_676' title='bbox 2346 3506 2565 3575; x_wconf 91' lang='lat' dir='ltr'><strong>quidem</strong></span> <span class='ocrx_word' id='word_1_677' title='bbox 2618 3511 2819 3573; x_wconf 87' lang='lat' dir='ltr'><strong>sciens,</strong></span> <span class='ocrx_word' id='word_1_678' title='bbox 2870 3523 2990 3562; x_wconf 91' lang='lat' dir='ltr'><strong>cum</strong></span> <span class='ocrx_word' id='word_1_679' title='bbox 3022 3516 3144 3577; x_wconf 91' lang='lat' dir='ltr'><strong>post</strong></span> <span class='ocrx_word' id='word_1_680' title='bbox 3189 3502 3497 3575; x_wconf 32' lang='lat' dir='ltr'><strong>utriusque&quot;,</strong></span> 
     </span>
    </p>
   </div>
   <div class='ocr_carea' id='block_1_90' title="bbox 1884 3594 3520 3676">
    <p class='ocr_par' dir='ltr' id='par_1_90' title="bbox 1884 3594 3520 3676">
     <span class='ocr_line' id='line_1_90' title="bbox 1884 3594 3520 3676; baseline 0.001 -27"><span class='ocrx_word' id='word_1_681' title='bbox 1884 3594 2113 3651; x_wconf 89' lang='lat' dir='ltr'><strong>Joannis</strong></span> <span class='ocrx_word' id='word_1_682' title='bbox 2151 3595 2469 3661; x_wconf 87' lang='lat' dir='ltr'><strong>solemnem,</strong></span> <span class='ocrx_word' id='word_1_683' title='bbox 2514 3597 2655 3652; x_wconf 89' lang='lat' dir='ltr'><strong>datis</strong></span> <span class='ocrx_word' id='word_1_684' title='bbox 2685 3598 2753 3652; x_wconf 87' lang='lat' dir='ltr'><strong>ad</strong></span> <span class='ocrx_word' id='word_1_685' title='bbox 2801 3599 3192 3666; x_wconf 89' lang='lat' dir='ltr'><strong>Imperatorem</strong></span> <span class='ocrx_word' id='word_1_686' title='bbox 3236 3597 3474 3662; x_wconf 87' lang='lat' dir='ltr'><strong>litteris,</strong></span> <span class='ocrx_word' id='word_1_687' title='bbox 3517 3673 3520 3676; x_wconf 12' lang='lat' dir='ltr'><strong>n</strong></span> 
     </span>
    </p>
   </div>
   <div class='ocr_carea' id='block_1_91' title="bbox 1885 3686 3470 3756">
    <p class='ocr_par' dir='ltr' id='par_1_91' title="bbox 1885 3686 3470 3756">
     <span class='ocr_line' id='line_1_91' title="bbox 1885 3686 3470 3756; baseline 0.003 -16"><span class='ocrx_word' id='word_1_688' title='bbox 1885 3686 2300 3756; x_wconf 78' lang='lat' dir='ltr'><strong>expositionem,</strong></span> <span class='ocrx_word' id='word_1_689' title='bbox 2329 3686 2628 3741; x_wconf 88' lang='lat' dir='ltr'><strong>Honorium</strong></span> <span class='ocrx_word' id='word_1_690' title='bbox 2659 3688 2953 3752; x_wconf 88' lang='lat' dir='ltr'><strong>damnavit,</strong></span> <span class='ocrx_word' id='word_1_691' title='bbox 2985 3688 3132 3744; x_wconf 88' lang='lat' dir='ltr'><strong>velut</strong></span> <span class='ocrx_word' id='word_1_692' title='bbox 3169 3689 3329 3744; x_wconf 87' lang='lat' dir='ltr'><strong>unius</strong></span> <span class='ocrx_word' id='word_1_693' title='bbox 3376 3703 3470 3744; x_wconf 91' lang='lat' dir='ltr'><strong>vo-</strong></span> 
     </span>
    </p>
   </div>
   <div class='ocr_carea' id='block_1_92' title="bbox 1884 3775 3470 3850">
    <p class='ocr_par' dir='ltr' id='par_1_92' title="bbox 1884 3775 3470 3850">
     <span class='ocr_line' id='line_1_92' title="bbox 1884 3775 3470 3850; baseline 0.004 -22"><span class='ocrx_word' id='word_1_694' title='bbox 1884 3775 2110 3831; x_wconf 71' lang='lat' dir='ltr'><strong>luntatis</strong></span> <span class='ocrx_word' id='word_1_695' title='bbox 2144 3785 2387 3842; x_wconf 60' lang='lat' dir='ltr'><strong>asserta,</strong></span> <span class='ocrx_word' id='word_1_696' title='bbox 2423 3793 2685 3848; x_wconf 87' lang='lat' dir='ltr'><strong>reumque</strong></span> <span class='ocrx_word' id='word_1_697' title='bbox 2738 3793 2804 3834; x_wconf 83' lang='lat' dir='ltr'><strong>ex</strong></span> <span class='ocrx_word' id='word_1_698' title='bbox 2846 3780 2976 3835; x_wconf 85' lang='lat' dir='ltr'><strong>suis</strong></span> <span class='ocrx_word' id='word_1_699' title='bbox 3007 3781 3178 3850; x_wconf 90' lang='lat' dir='ltr'><strong>ipsius</strong></span> <span class='ocrx_word' id='word_1_700' title='bbox 3225 3779 3470 3850; x_wconf 86' lang='lat' dir='ltr'><strong>epistolis</strong></span> 
     </span>
    </p>
   </div>
   <div class='ocr_carea' id='block_1_93' title="bbox 1881 3865 3464 3943">
    <p class='ocr_par' dir='ltr' id='par_1_93' title="bbox 1881 3865 3464 3943">
     <span class='ocr_line' id='line_1_93' title="bbox 1881 3865 3464 3943; baseline 0.006 -24"><span class='ocrx_word' id='word_1_701' title='bbox 1881 3866 2128 3936; x_wconf 78' lang='lat' dir='ltr'><strong>peregit?</strong></span> <span class='ocrx_word' id='word_1_702' title='bbox 2157 3865 2273 3921; x_wconf 90' lang='lat' dir='ltr'><strong>Non</strong></span> <span class='ocrx_word' id='word_1_703' title='bbox 2302 3868 2506 3922; x_wconf 90' lang='lat' dir='ltr'><strong>erravit</strong></span> <span class='ocrx_word' id='word_1_704' title='bbox 2532 3869 2724 3938; x_wconf 90' lang='lat' dir='ltr'><strong>procul</strong></span> <span class='ocrx_word' id='word_1_705' title='bbox 2765 3870 2928 3925; x_wconf 91' lang='lat' dir='ltr'><strong>dubio</strong></span> <span class='ocrx_word' id='word_1_706' title='bbox 2958 3879 3144 3926; x_wconf 88' lang='lat' dir='ltr'><strong>sancta</strong></span> <span class='ocrx_word' id='word_1_707' title='bbox 3176 3869 3425 3943; x_wconf 81' lang='lat' dir='ltr'><strong>Synodus</strong></span> <span class='ocrx_word' id='word_1_708' title='bbox 3447 3913 3464 3940; x_wconf 96' lang='lat'><strong>,</strong></span> 
     </span>
    </p>
   </div>
   <div class='ocr_carea' id='block_1_94' title="bbox 1881 3958 3470 4036">
    <p class='ocr_par' dir='ltr' id='par_1_94' title="bbox 1881 3958 3470 4036">
     <span class='ocr_line' id='line_1_94' title="bbox 1881 3958 3470 4036; baseline 0.005 -24"><span class='ocrx_word' id='word_1_709' title='bbox 1881 3973 2005 4012; x_wconf 90' lang='lat' dir='ltr'><strong>cum</strong></span> <span class='ocrx_word' id='word_1_710' title='bbox 2052 3958 2194 4012; x_wconf 89' lang='lat' dir='ltr'><strong>foret</strong></span> <span class='ocrx_word' id='word_1_711' title='bbox 2243 3960 2584 4016; x_wconf 77' lang='lat' dir='ltr'><strong>(ecumenica</strong></span> <span class='ocrx_word' id='word_1_712' title='bbox 2628 3978 2744 4017; x_wconf 80' lang='lat' dir='ltr'><strong>:ex</strong></span> <span class='ocrx_word' id='word_1_713' title='bbox 2794 3963 2941 4030; x_wconf 91' lang='lat' dir='ltr'><strong>suis,</strong></span> <span class='ocrx_word' id='word_1_714' title='bbox 2993 3963 3187 4030; x_wconf 83' lang='lat' dir='ltr'><strong>fateor,</strong></span> <span class='ocrx_word' id='word_1_715' title='bbox 3223 3966 3470 4036; x_wconf 90' lang='lat' dir='ltr'><strong>epistolis</strong></span> 
     </span>
    </p>
   </div>
   <div class='ocr_carea' id='block_1_95' title="bbox 1879 4048 3466 4123">
    <p class='ocr_par' dir='ltr' id='par_1_95' title="bbox 1879 4048 3466 4123">
     <span class='ocr_line' id='line_1_95' title="bbox 1879 4048 3466 4123; baseline 0.006 -20"><span class='ocrx_word' id='word_1_716' title='bbox 1879 4048 2155 4103; x_wconf 72' lang='lat' dir='ltr'><strong>damnavit</strong></span> <span class='ocrx_word' id='word_1_717' title='bbox 2185 4048 2514 4119; x_wconf 88' lang='lat' dir='ltr'><strong>Honorium;</strong></span> <span class='ocrx_word' id='word_1_718' title='bbox 2550 4053 2645 4109; x_wconf 90' lang='lat' dir='ltr'><strong>sed</strong></span> <span class='ocrx_word' id='word_1_719' title='bbox 2681 4055 2825 4123; x_wconf 89' lang='lat' dir='ltr'><strong>quod</strong></span> <span class='ocrx_word' id='word_1_720' title='bbox 2860 4056 3022 4112; x_wconf 87' lang='lat' dir='ltr'><strong>unius</strong></span> <span class='ocrx_word' id='word_1_721' title='bbox 3052 4057 3349 4113; x_wconf 83' lang='lat' dir='ltr'><strong>voluntatis</strong></span> <span class='ocrx_word' id='word_1_722' title='bbox 3377 4073 3466 4113; x_wconf 85' lang='lat' dir='ltr'><strong>as-</strong></span> 
     </span>
    </p>
   </div>
   <div class='ocr_carea' id='block_1_96' title="bbox 1877 4142 3458 4219">
    <p class='ocr_par' dir='ltr' id='par_1_96' title="bbox 1877 4142 3458 4219">
     <span class='ocr_line' id='line_1_96' title="bbox 1877 4142 3458 4219; baseline 0.004 -23"><span class='ocrx_word' id='word_1_723' title='bbox 1877 4150 2038 4196; x_wconf 70' lang='lat' dir='ltr'><strong>serta:</strong></span> <span class='ocrx_word' id='word_1_724' title='bbox 2085 4157 2242 4197; x_wconf 89' lang='lat' dir='ltr'><strong>reum</strong></span> <span class='ocrx_word' id='word_1_725' title='bbox 2275 4142 2482 4209; x_wconf 87' lang='lat' dir='ltr'><strong>fecerit,</strong></span> <span class='ocrx_word' id='word_1_726' title='bbox 2540 4147 2593 4199; x_wconf 86' lang='lat' dir='ltr'><strong>id</strong></span> <span class='ocrx_word' id='word_1_727' title='bbox 2640 4147 2918 4202; x_wconf 90' lang='lat' dir='ltr'><strong>enimvero</strong></span> <span class='ocrx_word' id='word_1_728' title='bbox 2954 4163 3123 4219; x_wconf 82' lang='lat' dir='ltr'><strong>nego;</strong></span> <span class='ocrx_word' id='word_1_729' title='bbox 3176 4150 3284 4204; x_wconf 91' lang='lat' dir='ltr'><strong>imo</strong></span> <span class='ocrx_word' id='word_1_730' title='bbox 3327 4165 3458 4204; x_wconf 91' lang='lat' dir='ltr'><strong>con-</strong></span> 
     </span>
    </p>
   </div>
   <div class='ocr_carea' id='block_1_97' title="bbox 1879 4231 3422 4306">
    <p class='ocr_par' dir='ltr' id='par_1_97' title="bbox 1879 4231 3422 4306">
     <span class='ocr_line' id='line_1_97' title="bbox 1879 4231 3422 4306; baseline 0.004 -22"><span class='ocrx_word' id='word_1_731' title='bbox 1879 4231 2063 4294; x_wconf 88' lang='lat' dir='ltr'><strong>tendo,</strong></span> <span class='ocrx_word' id='word_1_732' title='bbox 2093 4247 2200 4286; x_wconf 90' lang='lat' dir='ltr'><strong>non</strong></span> <span class='ocrx_word' id='word_1_733' title='bbox 2230 4248 2388 4301; x_wconf 90' lang='lat' dir='ltr'><strong>posse</strong></span> <span class='ocrx_word' id='word_1_734' title='bbox 2418 4236 2713 4304; x_wconf 90' lang='lat' dir='ltr'><strong>quidquam</strong></span> <span class='ocrx_word' id='word_1_735' title='bbox 2742 4252 2808 4290; x_wconf 81' lang='lat' dir='ltr'><strong>ex</strong></span> <span class='ocrx_word' id='word_1_736' title='bbox 2841 4236 3040 4306; x_wconf 87' lang='lat' dir='ltr'><strong>Synodi</strong></span> <span class='ocrx_word' id='word_1_737' title='bbox 3071 4238 3209 4290; x_wconf 88' lang='lat' dir='ltr'><strong>actis</strong></span> <span class='ocrx_word' id='word_1_738' title='bbox 3240 4236 3422 4290; x_wconf 74' lang='lat' dir='ltr'><strong>afferri</strong></span> 
     </span>
    </p>
   </div>
   <div class='ocr_carea' id='block_1_98' title="bbox 1877 4321 3454 4394">
    <p class='ocr_par' dir='ltr' id='par_1_98' title="bbox 1877 4321 3454 4394">
     <span class='ocr_line' id='line_1_98' title="bbox 1877 4321 3454 4394; baseline 0.004 -20"><span class='ocrx_word' id='word_1_739' title='bbox 1877 4321 2019 4375; x_wconf 90' lang='lat' dir='ltr'><strong>unde</strong></span> <span class='ocrx_word' id='word_1_740' title='bbox 2051 4321 2103 4375; x_wconf 91' lang='lat' dir='ltr'><strong>id</strong></span> <span class='ocrx_word' id='word_1_741' title='bbox 2136 4322 2382 4375; x_wconf 91' lang='lat' dir='ltr'><strong>concludi</strong></span> <span class='ocrx_word' id='word_1_742' title='bbox 2421 4330 2603 4390; x_wconf 88' lang='lat' dir='ltr'><strong>queat,</strong></span> <span class='ocrx_word' id='word_1_743' title='bbox 2637 4325 2784 4391; x_wconf 90' lang='lat' dir='ltr'><strong>quod</strong></span> <span class='ocrx_word' id='word_1_744' title='bbox 2811 4340 2934 4379; x_wconf 83' lang='lat' dir='ltr'><strong>mox</strong></span> <span class='ocrx_word' id='word_1_745' title='bbox 2965 4326 3454 4394; x_wconf 88' lang='lat' dir='ltr'><strong>demoustrabitur,</strong></span> 
     </span>
    </p>
   </div>
   <div class='ocr_carea' id='block_1_99' title="bbox 1876 4410 3453 4482">
    <p class='ocr_par' dir='ltr' id='par_1_99' title="bbox 1876 4410 3453 4482">
     <span class='ocr_line' id='line_1_99' title="bbox 1876 4410 3453 4482; baseline 0.004 -17"><span class='ocrx_word' id='word_1_746' title='bbox 1876 4410 1966 4465; x_wconf 91' lang='lat' dir='ltr'><strong>ubi</strong></span> <span class='ocrx_word' id='word_1_747' title='bbox 1997 4412 2062 4465; x_wconf 94' lang='lat' dir='ltr'><strong>de</strong></span> <span class='ocrx_word' id='word_1_748' title='bbox 2103 4412 2421 4482; x_wconf 84' lang='lat' dir='ltr'><strong>integritate</strong></span> <span class='ocrx_word' id='word_1_749' title='bbox 2457 4420 2704 4468; x_wconf 88' lang='lat' dir='ltr'><strong>actorum</strong></span> <span class='ocrx_word' id='word_1_750' title='bbox 2733 4430 2857 4470; x_wconf 89' lang='lat' dir='ltr'><strong>cum</strong></span> <span class='ocrx_word' id='word_1_751' title='bbox 2903 4414 3140 4471; x_wconf 85' lang='lat' dir='ltr'><strong>Baronio</strong></span> <span class='ocrx_word' id='word_1_752' title='bbox 3185 4415 3453 4473; x_wconf 63' lang='lat' dir='ltr'><strong>disserueo</strong></span> 
     </span>
    </p>
   </div>
   <div class='ocr_carea' id='block_1_100' title="bbox 1875 4504 2065 4558">
    <p class='ocr_par' dir='ltr' id='par_1_100' title="bbox 1875 4504 2065 4558">
     <span class='ocr_line' id='line_1_100' title="bbox 1875 4504 2065 4558; baseline 0.005 -2"><span class='ocrx_word' id='word_1_753' title='bbox 1875 4504 2065 4558; x_wconf 91' lang='lat' dir='ltr'><strong>rimus.</strong></span> 
     </span>
    </p>
   </div>
   <div class='ocr_carea' id='block_1_101' title="bbox 1947 4595 3462 4660">
    <p class='ocr_par' dir='ltr' id='par_1_101' title="bbox 1947 4595 3462 4660">
     <span class='ocr_line' id='line_1_101' title="bbox 1947 4595 3462 4660; baseline 0.007 -10"><span class='ocrx_word' id='word_1_754' title='bbox 1947 4595 2214 4651; x_wconf 81' lang='lat' dir='ltr'><strong>XXXVII.</strong></span> <span class='ocrx_word' id='word_1_755' title='bbox 2277 4595 2524 4653; x_wconf 82' lang='lat' dir='ltr'><strong>Diximus</strong></span> <span class='ocrx_word' id='word_1_756' title='bbox 2572 4597 2762 4655; x_wconf 86' lang='lat' dir='ltr'><strong>orbem</strong></span> <span class='ocrx_word' id='word_1_757' title='bbox 2804 4597 3175 4657; x_wconf 88' lang='lat' dir='ltr'><strong>Christianum</strong></span> <span class='ocrx_word' id='word_1_758' title='bbox 3226 4603 3462 4660; x_wconf 88' lang='lat' dir='ltr'><strong>scissum</strong></span> 
     </span>
    </p>
   </div>
   <div class='ocr_carea' id='block_1_102' title="bbox 1875 4685 3459 4760">
    <p class='ocr_par' dir='ltr' id='par_1_102' title="bbox 1875 4685 3459 4760">
     <span class='ocr_line' id='line_1_102' title="bbox 1875 4685 3459 4760; baseline 0.006 -20"><span class='ocrx_word' id='word_1_759' title='bbox 1875 4685 2042 4742; x_wconf 85' lang='lat' dir='ltr'><strong>fuisse</strong></span> <span class='ocrx_word' id='word_1_760' title='bbox 2073 4697 2184 4744; x_wconf 91' lang='lat' dir='ltr'><strong>tres</strong></span> <span class='ocrx_word' id='word_1_761' title='bbox 2211 4689 2264 4742; x_wconf 93' lang='lat' dir='ltr'><strong>in</strong></span> <span class='ocrx_word' id='word_1_762' title='bbox 2293 4697 2501 4760; x_wconf 89' lang='lat' dir='ltr'><strong>partes,</strong></span> <span class='ocrx_word' id='word_1_763' title='bbox 2531 4700 2754 4760; x_wconf 88' lang='lat' dir='ltr'><strong>propter</strong></span> <span class='ocrx_word' id='word_1_764' title='bbox 2787 4701 2986 4747; x_wconf 90' lang='lat' dir='ltr'><strong>motam</strong></span> <span class='ocrx_word' id='word_1_765' title='bbox 3016 4693 3084 4748; x_wconf 89' lang='lat' dir='ltr'><strong>de</strong></span> <span class='ocrx_word' id='word_1_766' title='bbox 3121 4707 3229 4748; x_wconf 86' lang='lat' dir='ltr'><strong>una</strong></span> <span class='ocrx_word' id='word_1_767' title='bbox 3255 4693 3459 4750; x_wconf 83' lang='lat' dir='ltr'><strong>Christi</strong></span> 
     </span>
    </p>
   </div>
   <div class='ocr_carea' id='block_1_103' title="bbox 1875 4779 3454 4856">
    <p class='ocr_par' dir='ltr' id='par_1_103' title="bbox 1875 4779 3454 4856">
     <span class='ocr_line' id='line_1_103' title="bbox 1875 4779 3454 4856; baseline 0.006 -23"><span class='ocrx_word' id='word_1_768' title='bbox 1875 4779 1961 4833; x_wconf 92' lang='lat' dir='ltr'><strong>vel</strong></span> <span class='ocrx_word' id='word_1_769' title='bbox 1986 4781 2196 4836; x_wconf 89' lang='lat' dir='ltr'><strong>duabus</strong></span> <span class='ocrx_word' id='word_1_770' title='bbox 2223 4781 2593 4838; x_wconf 89' lang='lat' dir='ltr'><strong>voluntatibus</strong></span> <span class='ocrx_word' id='word_1_771' title='bbox 2616 4799 2648 4837; x_wconf 87' lang='lat' dir='ltr'><strong>a</strong></span> <span class='ocrx_word' id='word_1_772' title='bbox 2685 4783 3052 4841; x_wconf 85' lang='lat' dir='ltr'><strong>Monothelitis</strong></span> <span class='ocrx_word' id='word_1_773' title='bbox 3077 4787 3454 4856; x_wconf 65' lang='lat' dir='ltr'><strong>quaestionem.</strong></span> 
     </span>
    </p>
   </div>
   <div class='ocr_carea' id='block_1_104' title="bbox 1876 4867 3515 4951">
    <p class='ocr_par' dir='ltr' id='par_1_104' title="bbox 1876 4867 3515 4951">
     <span class='ocr_line' id='line_1_104' title="bbox 1876 4867 3515 4951; baseline 0.002 -25"><span class='ocrx_word' id='word_1_774' title='bbox 1876 4869 1946 4926; x_wconf 94' lang='lat' dir='ltr'><strong>Ut</strong></span> <span class='ocrx_word' id='word_1_775' title='bbox 1972 4887 2076 4941; x_wconf 82' lang='lat' dir='ltr'><strong>pax</strong></span> <span class='ocrx_word' id='word_1_776' title='bbox 2105 4872 2361 4927; x_wconf 83' lang='lat' dir='ltr'><strong>Ecclesiae</strong></span> <span class='ocrx_word' id='word_1_777' title='bbox 2388 4871 2732 4939; x_wconf 90' lang='lat' dir='ltr'><strong>redderetur,</strong></span> <span class='ocrx_word' id='word_1_778' title='bbox 2759 4883 2814 4929; x_wconf 90' lang='lat' dir='ltr'><strong>et</strong></span> <span class='ocrx_word' id='word_1_779' title='bbox 2842 4874 2962 4930; x_wconf 90' lang='lat' dir='ltr'><strong>orbi</strong></span> <span class='ocrx_word' id='word_1_780' title='bbox 2993 4878 3304 4939; x_wconf 88' lang='lat' dir='ltr'><strong>concordia,</strong></span> <span class='ocrx_word' id='word_1_781' title='bbox 3339 4876 3452 4933; x_wconf 90' lang='lat' dir='ltr'><strong>col-</strong></span> <span class='ocrx_word' id='word_1_782' title='bbox 3480 4867 3515 4951; x_wconf 20' lang='grc' dir='ltr'><strong>’Δ</strong></span> 
     </span>
    </p>
   </div>
   <div class='ocr_carea' id='block_1_105' title="bbox 1870 4957 3488 5038">
    <p class='ocr_par' dir='ltr' id='par_1_105' title="bbox 1870 4957 3488 5038">
     <span class='ocr_line' id='line_1_105' title="bbox 1870 4957 3488 5038; baseline 0.006 -27"><span class='ocrx_word' id='word_1_783' title='bbox 1870 4957 2069 5014; x_wconf 89' lang='lat' dir='ltr'><strong>lectum</strong></span> <span class='ocrx_word' id='word_1_784' title='bbox 2099 4972 2183 5015; x_wconf 90' lang='lat' dir='ltr'><strong>est</strong></span> <span class='ocrx_word' id='word_1_785' title='bbox 2198 4970 2408 5016; x_wconf 82' lang='lat' dir='ltr'><strong>sextum</strong></span> <span class='ocrx_word' id='word_1_786' title='bbox 2431 4961 2729 5017; x_wconf 85' lang='lat' dir='ltr'><strong>Concilium</strong></span> <span class='ocrx_word' id='word_1_787' title='bbox 2745 4963 3240 5038; x_wconf 90' lang='lat' dir='ltr'><strong>Constantinopoli,</strong></span> <span class='ocrx_word' id='word_1_788' title='bbox 3264 4968 3317 5020; x_wconf 92' lang='lat' dir='ltr'><strong>in</strong></span> <span class='ocrx_word' id='word_1_789' title='bbox 3343 4979 3450 5036; x_wconf 90' lang='lat' dir='ltr'><strong>quo</strong></span> <span class='ocrx_word' id='word_1_790' title='bbox 3485 4979 3488 4982; x_wconf 79' lang='lat'><strong><em>&#39;</em></strong></span> 
     </span>
    </p>
   </div>
   <div class='ocr_carea' id='block_1_106' title="bbox 1871 5051 3451 5129">
    <p class='ocr_par' dir='ltr' id='par_1_106' title="bbox 1871 5051 3451 5129">
     <span class='ocr_line' id='line_1_106' title="bbox 1871 5051 3451 5129; baseline 0.003 -23"><span class='ocrx_word' id='word_1_791' title='bbox 1871 5051 2135 5106; x_wconf 89' lang='lat' dir='ltr'><strong>Catholici</strong></span> <span class='ocrx_word' id='word_1_792' title='bbox 2181 5069 2291 5122; x_wconf 74' lang='lat' dir='ltr'><strong>prze</strong></span> <span class='ocrx_word' id='word_1_793' title='bbox 2339 5053 2458 5108; x_wconf 87' lang='lat' dir='ltr'><strong>zelo</strong></span> <span class='ocrx_word' id='word_1_794' title='bbox 2485 5061 2541 5108; x_wconf 92' lang='lat' dir='ltr'><strong>et</strong></span> <span class='ocrx_word' id='word_1_795' title='bbox 2581 5057 2775 5112; x_wconf 86' lang='lat' dir='ltr'><strong>ardore</strong></span> <span class='ocrx_word' id='word_1_796' title='bbox 2819 5058 2931 5112; x_wconf 87' lang='lat' dir='ltr'><strong>veri</strong></span> <span class='ocrx_word' id='word_1_797' title='bbox 2962 5059 3229 5129; x_wconf 81' lang='lat' dir='ltr'><strong>dogmatis</strong></span> <span class='ocrx_word' id='word_1_798' title='bbox 3264 5058 3451 5111; x_wconf 85' lang='lat' dir='ltr'><strong>defen-</strong></span> 
     </span>
    </p>
   </div>
   <div class='ocr_carea' id='block_1_107' title="bbox 1871 5142 3451 5218">
    <p class='ocr_par' dir='ltr' id='par_1_107' title="bbox 1871 5142 3451 5218">
     <span class='ocr_line' id='line_1_107' title="bbox 1871 5142 3451 5218; baseline 0.003 -21"><span class='ocrx_word' id='word_1_799' title='bbox 1871 5142 2034 5197; x_wconf 91' lang='lat' dir='ltr'><strong>dendi</strong></span> <span class='ocrx_word' id='word_1_800' title='bbox 2063 5159 2173 5198; x_wconf 92' lang='lat' dir='ltr'><strong>uno</strong></span> <span class='ocrx_word' id='word_1_801' title='bbox 2199 5143 2498 5214; x_wconf 89' lang='lat' dir='ltr'><strong>eodemque</strong></span> <span class='ocrx_word' id='word_1_802' title='bbox 2531 5148 2879 5203; x_wconf 90' lang='lat' dir='ltr'><strong>anathemate</strong></span> <span class='ocrx_word' id='word_1_803' title='bbox 2915 5149 3072 5218; x_wconf 77' lang='lat'><strong>182</strong></span> <span class='ocrx_word' id='word_1_804' title='bbox 3103 5147 3451 5218; x_wconf 89' lang='lat' dir='ltr'><strong>perculerunt</strong></span> 
     </span>
    </p>
   </div>
   <div class='ocr_carea' id='block_1_108' title="bbox 1871 5231 3444 5320">
    <p class='ocr_par' dir='ltr' id='par_1_108' title="bbox 1871 5231 3444 5320">
     <span class='ocr_line' id='line_1_108' title="bbox 1871 5231 3444 5320; baseline 0.004 -34"><span class='ocrx_word' id='word_1_805' title='bbox 1871 5231 2146 5286; x_wconf 91' lang='lat' dir='ltr'><strong>Ecthesim</strong></span> <span class='ocrx_word' id='word_1_806' title='bbox 2184 5232 2414 5289; x_wconf 88' lang='lat' dir='ltr'><strong>Heraclii</strong></span> <span class='ocrx_word' id='word_1_807' title='bbox 2466 5245 2520 5291; x_wconf 91' lang='lat' dir='ltr'><strong>et</strong></span> <span class='ocrx_word' id='word_1_808' title='bbox 2551 5237 2755 5308; x_wconf 84' lang='lat' dir='ltr'><strong>Typum</strong></span> <span class='ocrx_word' id='word_1_809' title='bbox 2788 5238 3115 5320; x_wconf 68' lang='lat' dir='ltr'><strong>Constantii3</strong></span> <span class='ocrx_word' id='word_1_810' title='bbox 3167 5237 3270 5290; x_wconf 91' lang='lat' dir='ltr'><strong>hoc</strong></span> <span class='ocrx_word' id='word_1_811' title='bbox 3327 5245 3444 5305; x_wconf 86' lang='lat' dir='ltr'><strong>est,</strong></span> 
     </span>
    </p>
   </div>
   <div class='ocr_carea' id='block_1_109' title="bbox 1871 5325 3427 5394">
    <p class='ocr_par' dir='ltr' id='par_1_109' title="bbox 1871 5325 3427 5394">
     <span class='ocr_line' id='line_1_109' title="bbox 1871 5325 3427 5394; baseline 0.005 -18"><span class='ocrx_word' id='word_1_812' title='bbox 1871 5325 2034 5378; x_wconf 92' lang='lat' dir='ltr'><strong>unius</strong></span> <span class='ocrx_word' id='word_1_813' title='bbox 2061 5326 2396 5394; x_wconf 84' lang='lat' dir='ltr'><strong>operationis</strong></span> <span class='ocrx_word' id='word_1_814' title='bbox 2424 5326 2738 5384; x_wconf 84' lang='lat' dir='ltr'><strong>defensores</strong></span> <span class='ocrx_word' id='word_1_815' title='bbox 2766 5328 3164 5391; x_wconf 85' lang='lat' dir='ltr'><strong>Monothelitas,</strong></span> <span class='ocrx_word' id='word_1_816' title='bbox 3188 5336 3243 5382; x_wconf 89' lang='lat' dir='ltr'><strong>et</strong></span> <span class='ocrx_word' id='word_1_817' title='bbox 3271 5327 3427 5383; x_wconf 84' lang='lat' dir='ltr'><strong>Mono</strong></span> 
     </span>
    </p>
   </div>
   <div class='ocr_carea' id='block_1_110' title="bbox 1871 5413 3508 5488">
    <p class='ocr_par' dir='ltr' id='par_1_110' title="bbox 1871 5413 3508 5488">
     <span class='ocr_line' id='line_1_110' title="bbox 1871 5413 3508 5488; baseline 0.005 -22"><span class='ocrx_word' id='word_1_818' title='bbox 1871 5413 2180 5468; x_wconf 88' lang='lat' dir='ltr'><strong>thelitarum</strong></span> <span class='ocrx_word' id='word_1_819' title='bbox 2213 5416 2470 5484; x_wconf 83' lang='lat' dir='ltr'><strong>fautores,</strong></span> <span class='ocrx_word' id='word_1_820' title='bbox 2488 5418 2577 5488; x_wconf 90' lang='lat' dir='ltr'><strong>qui</strong></span> <span class='ocrx_word' id='word_1_821' title='bbox 2604 5419 2670 5472; x_wconf 89' lang='lat' dir='ltr'><strong>de</strong></span> <span class='ocrx_word' id='word_1_822' title='bbox 2697 5433 2802 5471; x_wconf 89' lang='lat' dir='ltr'><strong>una</strong></span> <span class='ocrx_word' id='word_1_823' title='bbox 2829 5425 2884 5470; x_wconf 88' lang='lat' dir='ltr'><strong>et</strong></span> <span class='ocrx_word' id='word_1_824' title='bbox 2910 5414 3111 5483; x_wconf 91' lang='lat' dir='ltr'><strong>duplici</strong></span> <span class='ocrx_word' id='word_1_825' title='bbox 3133 5419 3444 5487; x_wconf 85' lang='lat' dir='ltr'><strong>operatione</strong></span> <span class='ocrx_word' id='word_1_826' title='bbox 3505 5427 3508 5433; x_wconf 90' lang='lat'>‘</span> 
     </span>
    </p>
   </div>
   <div class='ocr_carea' id='block_1_111' title="bbox 1869 5505 2277 5561">
    <p class='ocr_par' dir='ltr' id='par_1_111' title="bbox 1869 5505 2277 5561">
     <span class='ocr_line' id='line_1_111' title="bbox 1869 5505 2277 5561; baseline 0.01 -4"><span class='ocrx_word' id='word_1_827' title='bbox 1869 5505 2034 5559; x_wconf 88' lang='lat' dir='ltr'><strong>taceri</strong></span> <span class='ocrx_word' id='word_1_828' title='bbox 2061 5506 2277 5561; x_wconf 87' lang='lat' dir='ltr'><strong>vellent.</strong></span> 
     </span>
    </p>
   </div>
   <div class='ocr_carea' id='block_1_112' title="bbox 1941 5595 3439 5672">
    <p class='ocr_par' dir='ltr' id='par_1_112' title="bbox 1941 5595 3439 5672">
     <span class='ocr_line' id='line_1_112' title="bbox 1941 5595 3439 5672; baseline 0.004 -23"><span class='ocrx_word' id='word_1_829' title='bbox 1941 5595 2221 5652; x_wconf 83' lang='lat' dir='ltr'><strong>XXXVIII.</strong></span> <span class='ocrx_word' id='word_1_830' title='bbox 2262 5598 2376 5654; x_wconf 89' lang='lat' dir='ltr'><strong>Hoc</strong></span> <span class='ocrx_word' id='word_1_831' title='bbox 2420 5599 2765 5652; x_wconf 87' lang='lat' dir='ltr'><strong>anathemate</strong></span> <span class='ocrx_word' id='word_1_832' title='bbox 2815 5597 3120 5668; x_wconf 87' lang='lat' dir='ltr'><strong>implicatus</strong></span> <span class='ocrx_word' id='word_1_833' title='bbox 3170 5602 3439 5672; x_wconf 88' lang='lat' dir='ltr'><strong>reperitur</strong></span> 
     </span>
    </p>
   </div>
   <div class='ocr_carea' id='block_1_113' title="bbox 1868 5683 3434 5761">
    <p class='ocr_par' dir='ltr' id='par_1_113' title="bbox 1868 5683 3434 5761">
     <span class='ocr_line' id='line_1_113' title="bbox 1868 5683 3434 5761; baseline 0.008 -24"><span class='ocrx_word' id='word_1_834' title='bbox 1868 5683 2139 5742; x_wconf 86' lang='lat' dir='ltr'><strong>Honorius</strong></span> <span class='ocrx_word' id='word_1_835' title='bbox 2169 5689 2224 5742; x_wconf 91' lang='lat' dir='ltr'><strong>in</strong></span> <span class='ocrx_word' id='word_1_836' title='bbox 2263 5691 2397 5743; x_wconf 90' lang='lat' dir='ltr'><strong>actis</strong></span> <span class='ocrx_word' id='word_1_837' title='bbox 2433 5690 2680 5753; x_wconf 78' lang='lat' dir='ltr'><strong>Concilii,</strong></span> <span class='ocrx_word' id='word_1_838' title='bbox 2720 5692 2900 5761; x_wconf 89' lang='lat' dir='ltr'><strong>qualia</strong></span> <span class='ocrx_word' id='word_1_839' title='bbox 2934 5711 3076 5750; x_wconf 91' lang='lat' dir='ltr'><strong>nunc</strong></span> <span class='ocrx_word' id='word_1_840' title='bbox 3124 5696 3434 5750; x_wconf 85' lang='lat' dir='ltr'><strong>habentur:</strong></span> 
     </span>
    </p>
   </div>
   <div class='ocr_carea' id='block_1_114' title="bbox 1866 5776 3438 5856">
    <p class='ocr_par' dir='ltr' id='par_1_114' title="bbox 1866 5776 3438 5856">
     <span class='ocr_line' id='line_1_114' title="bbox 1866 5776 3438 5856; baseline 0.008 -28"><span class='ocrx_word' id='word_1_841' title='bbox 1866 5776 2115 5845; x_wconf 86' lang='lat' dir='ltr'><strong>Opinatur</strong></span> <span class='ocrx_word' id='word_1_842' title='bbox 2158 5777 2422 5832; x_wconf 85' lang='lat' dir='ltr'><strong>Baronius</strong></span> <span class='ocrx_word' id='word_1_843' title='bbox 2450 5794 2555 5832; x_wconf 89' lang='lat' dir='ltr'><strong>non</strong></span> <span class='ocrx_word' id='word_1_844' title='bbox 2590 5779 2776 5837; x_wconf 87' lang='lat' dir='ltr'><strong>haberi</strong></span> <span class='ocrx_word' id='word_1_845' title='bbox 2827 5785 3064 5852; x_wconf 90' lang='lat' dir='ltr'><strong>sincera,</strong></span> <span class='ocrx_word' id='word_1_846' title='bbox 3106 5787 3438 5856; x_wconf 88' lang='lat' dir='ltr'><strong>opinionem-</strong></span> 
     </span>
    </p>
   </div>
   <div class='ocr_carea' id='block_1_115' title="bbox 1865 5861 3480 5958">
    <p class='ocr_par' dir='ltr' id='par_1_115' title="bbox 1865 5861 3480 5958">
     <span class='ocr_line' id='line_1_115' title="bbox 1865 5861 3480 5958; baseline 0.007 -31"><span class='ocrx_word' id='word_1_847' title='bbox 1865 5888 1969 5947; x_wconf 90' lang='lat' dir='ltr'><strong>que</strong></span> <span class='ocrx_word' id='word_1_848' title='bbox 1997 5889 2147 5930; x_wconf 90' lang='lat' dir='ltr'><strong>suam</strong></span> <span class='ocrx_word' id='word_1_849' title='bbox 2172 5875 2244 5929; x_wconf 90' lang='lat' dir='ltr'><strong>ita</strong></span> <span class='ocrx_word' id='word_1_850' title='bbox 2271 5875 2638 5946; x_wconf 87' lang='lat' dir='ltr'><strong>probabilibus</strong></span> <span class='ocrx_word' id='word_1_851' title='bbox 2665 5881 3330 5958; x_wconf 62' lang='lat' dir='ltr'><strong>conjecturisponlirmat,</strong></span> <span class='ocrx_word' id='word_1_852' title='bbox 3369 5889 3430 5944; x_wconf 86' lang='lat' dir='ltr'><strong>ut</strong></span> <span class='ocrx_word' id='word_1_853' title='bbox 3475 5861 3480 5869; x_wconf 56' lang='grc'><strong>’</strong></span> 
     </span>
    </p>
   </div>
  </div>
