4062 6480
500 391 608 459 155

1769 385 1861 442 ΔΙ)
1896 382 2161 443 LIBRUM
2200 378 2521 439 DIURNUM

3654 382 3764 442 £56

502 504 643 562 viris
659 501 825 559 etiam
853 501 1027 558 doctis
1047 515 1173 559 eam
1190 500 1538 572 persuaserit.
1559 499 1785 557 Sincera
1810 515 1930 557 esse
1955 515 2076 570 quae
2100 502 2155 563 Δ
2178 514 2284 570 que
2329 498 2549 569 Legatis
2578 495 2723 552 sedis
2764 495 3115 566 Apostolicte,
3150 494 3488 568 aliorumque
3511 496 3765 556 Patriar-

502 596 793 660 hahentur,
842 592 1338 665 contenduntalii,
1368 594 1678 666 ,multisque
1724 600 1779 649 et
1826 591 2081 666 gravibus

501 680 836 760 argumentis
852 694 1105 759 pugnant
2032 750 2038 755 ε

572 776 817 836 XXXIX.
858 779 942 836 Ad
989 774 1303 849 opinionem
1340 793 1494 834 suam
1542 775 1861 832 ﬁrmandam
1918 777 2085 832 Baro-

502 874 631 932 nius
665 875 1000 947 argumentis
1028 882 1262 945 quatuor
1286 875 1461 930 utitur
1492 893 1506 928 :
1548 874 1626 929 ait
1648 873 1814 936 enim,
1845 885 1946 926 nec
1971 869 2083 924 Ilo-

504 967 646 1027 norii
673 982 740 1022 ex
768 975 924 1038 parte
965 966 1260 1037 quidquam
1288 966 1454 1024 fuisse
1480 980 1689 1030 causae,
1734 980 1834 1020 cur
1857 963 2084 1017 damna-

503 1067 692 1125 retur;
722 1074 825 1116 nec
849 1067 1173 1129 potestatem
1208 1060 1462 1115 habuisse
1506 1058 1804 1130 Synodum,
1830 1071 1936 1125 qua
1967 1053 2084 1126 pri-

502 1165 650 1207 mam
701 1151 884 1206 sedem
929 1152 1231 1222 judicaret;
1283 1165 1384 1204 nec
1432 1148 1599 1205 fuisse
1642 1148 1943 1211 taciturus,
1991 1143 2088 1213 qui

504 1242 755 1308 aderant,
784 1243 932 1299 sedis
957 1242 1282 1312 Apostolicae
1308 1241 1563 1313 Legatos,
1591 1240 1637 1296 si
1662 1240 1791 1311 quid
1817 1238 2082 1307 ejusmodi

504 1340 833 1405 attentatum
860 1334 1082 1399 fuisset;
1114 1349 1215 1391 nec
1237 1333 1658 1391 adulteratorem
1679 1317 1912 1405 denique
1940 1330 2092 1387 adul-

503 1425 829 1495 terandique
849 1440 1043 1481 causas
1069 1424 1259 1481 latere.

571 1516 685 1572 XL.
709 1516 948 1575 Primum
975 1532 1043 1572 ex
1068 1533 1133 1572 eo
1162 1517 1422 1575 conﬁcit:
1459 1534 1499 1572 ι.
1524 1517 1677 1584 Quod
1705 1516 1947 1588 epistolae
1968 1516 2090 1573 dum

502 1596 727 1663 Honorii
765 1608 901 1663 nihil
956 1608 1355 1669 Monothelismi
1398 1612 1740 1675 contineant,
1789 1625 1889 1665 nec
1932 1609 2089 1663 dam-

498 1705 629 1752 nent
658 1697 766 1753 ullo
793 1700 951 1754 moio
978 1700 1116 1756 duas
1142 1701 1465 1763 voluntates,
1496 1701 1598 1755 nisi
1622 1715 1743 1769 qua:
1768 1710 1959 1754 mutuo
1987 1713 2091 1767 pu-

499 1795 691 1859 gnent,
731 1797 792 1844 ut
830 1806 959 1846 caro
1008 1799 1063 1847 et
1100 1793 1325 1863 spiritus
1372 1809 1388 1847 :
1428 1793 1575 1862 quod
1611 1792 1938 1847 catholicum
1979 1798 2085 1845 est.

2184 591 2433 655 charum,
2461 588 2810 658 exemplaria.
2857 588 2915 643 Id
2943 604 3075 644 vero
3113 587 3375 644 facinoris
3397 591 3519 660 quis
3550 598 3771 649 tentare

2183 705 2367 754 ausus,
2415 689 2521 745 nisi
2573 690 2641 754 is,
2667 687 2820 756 cujus
2868 688 3106 745 maxime
3148 689 3439 755 intererat,
3477 687 3773 760 fueratque

2183 784 2239 841 in
2276 784 2553 839 Romanos
2577 782 2868 836 Pontiﬁces
2893 790 3053 837 vetus
3073 782 3278 845 odium,
3320 790 3381 836 ut
3426 782 3521 852 qui
3547 783 3619 838 ab
3662 782 3771 838 lm-

2183 884 2434 944 pcratore
2475 874 2797 945 importunis
2840 873 3094 944 precibus
3135 874 3466 938 obtinuerat,
3516 887 3585 929 ne
3615 872 3774 928 Vita-

2183 966 2315 1022 liani
2366 981 2562 1021 nomen
2613 965 2785 1021 sacris
2821 965 3093 1036 diptychis
3143 965 3443 1021 inderetur.
3496 965 3775 1021 Perﬁcero

2183 1074 2312 1114 vero
2359 1058 2536 1128 potuit
2587 1057 2730 1127 quod
2775 1066 2988 1113 tentare
3035 1072 3243 1121 ausus,
3288 1057 3549 1128 quoniam
3607 1072 3772 1122 cum,

2183 1152 2440 1208 defuncto
2486 1152 2742 1223 Georgio,
2792 1152 3076 1205 restitutus
3109 1159 3256 1205 esset
3307 1151 3359 1204 in
3391 1150 3574 1205 sedem
3621 1148 3773 1204 Con-

2186 1243 2718 1314 stantiuopolitanam
2760 1257 2903 1297 anno
2930 1242 3035 1296 682
3062 1242 3117 1295 in
3140 1249 3407 1312 potestate
3434 1240 3623 1295 habuit
3650 1249 3776 1296 acta

2187 1336 2304 1406 ipsa
2357 1335 2699 1399 authentica,
2750 1335 3069 1404 priusquam
3097 1350 3160 1387 ex
3194 1332 3331 1389 urbe
3379 1333 3530 1402 regia
3580 1332 3778 1402 Legati

2186 1425 2419 1481 Romani
2475 1426 2796 1481 recederent
2845 1446 2860 1479 :
2914 1425 3047 1495 ipsis
3097 1424 3265 1495 igitur
3303 1438 3369 1479 ac
3406 1422 3527 1478 aliis
3579 1423 3781 1481 vitiata

2191 1518 2432 1574 tradidit.

2257 1608 2438 1664 XLIV.
2483 1607 2585 1676 Qui
2615 1607 2774 1663 aliter
2802 1622 2964 1676 quam
3000 1605 3269 1663 Baronius
3296 1606 3365 1662 de
3404 1614 3552 1665 tanta
3599 1621 3781 1663 causa.

2191 1701 2454 1763 sentiunt.
2498 1701 2573 1754 illi
2614 1708 2671 1754 ut
2706 1700 2871 1754 duum
2910 1707 3036 1756 sunt
3077 1714 3359 1769 generum,
3402 1700 3476 1754 ita
3520 1699 3781 1756 diversas

2192 1792 2260 1847 ad
2321 1792 2555 1861 primum
2601 1789 2910 1846 Cardiualis
2962 1798 3342 1862 argumentum
3392 1789 3783 1860 responsiones

498 1856 562 1933 i1.
602 1879 757 1947 Quod
802 1881 857 1935 in
891 1882 1004 1936 suis
1062 1856 1238 1939 literis
1284 1856 1494 1956 Agatho
1540 1882 1761 1938 Honorii
1806 1887 2086 1938 successor
2118 1856 2165 1917 Β
2192 1856 2470 1939 adhibent.
2540 1882 2642 1950 Qui
2705 1882 3002 1939 Honorium
3028 1856 3303 1937 vcredunt
3371 1856 3783 1935 Monothelismi

500 1969 732 2024 aiIirmet
762 1986 1121 2040 praecessores
1152 1989 1278 2028 suos
1308 1975 1549 2046 integros
1578 1974 1682 2029 ﬁde
1712 1989 1984 2046 purosque
2005 1989 2088 2028 er-

502 2061 646 2117 roris
672 2063 968 2119 exstitisse.
1022 2081 1103 2119 III.
1143 2062 1296 2134 Quod
1330 2065 1610 2121 literarum
1639 2060 1939 2135 Agathonis
1968 2080 2087 2120 mo-

504 2160 749 2207 mentum
776 2169 874 2223 per
902 2170 959 2211 sc
986 2155 1365 2227 gravissimum
1396 2166 1592 2231 augeat
1618 2156 1816 2228 Synodi
1850 2171 2090 2212 (acume-

501 2234 640 2298 nicze
687 2234 975 2312 auteritas,
1006 2262 1131 2303 cum
1154 2263 1247 2302 eas
1299 2245 1457 2319 quasi
1488 2244 1556 2303 ab
1587 2247 1704 2319 ipso
1749 2244 1911 2302 Petro
1958 2260 2090 2301 con-

503 2337 738 2407 scriptas
768 2339 990 2412 recepit.

574 2422 708 2485 XLI.
749 2424 1036 2486 Concludit
1071 2429 1304 2487 alterum
1334 2446 1400 2486 eo
1449 2424 1687 2487 maxime
1724 2438 2047 2500 argumento
2071 2470 2088 2493 ,

501 2521 647 2591 quod
675 2520 846 2593 prima
876 2524 1032 2577 sedes
1059 2536 1089 2576 a
1120 2522 1337 2579 nemine
1360 2522 1656 2592 judicetur,
1685 2537 1914 2593 eamque
1951 2520 2092 2593 juris

500 2610 749 2667 canonici
779 2610 1018 2684 regulam
1047 2612 1359 2679 traditione,
1389 2624 1486 2670 u‘su
1519 2623 1573 2669 et
1600 2615 1927 2670 auctoritate
1954 2608 2093 2668 mul-

502 2710 707 2770 torum,
741 2703 856 2760 sive
905 2720 1239 2763 summorum
1280 2698 1629 2773 Pontificum,
1674 2708 1789 2762 sive
1834 2704 2088 2773 Patrum,

501 2795 811 2853 conﬁrmat.

573 2884 731 2943 XLII.
771 2887 891 2944 Jam
934 2904 1064 2947 vero
1109 2891 1328 2947 tertium
1371 2893 1570 2965 probat
1597 2888 1946 2962 coniecturis.
1990 2890 2094 2948 Le-

502 2978 635 3049 gati,
663 2980 760 3046 ait,
796 2981 841 3037 si
869 2981 995 3053 quid
1043 2991 1229 3037 contra
1259 2984 1403 3038 sedis
1446 2983 1773 3054 Apostolicre
1821 2984 2093 3040 honorem

504 3072 706 3127 tentari
733 3072 994 3130 vidissent
1021 3074 1075 3129 in
1104 3088 1265 3130 causa
1297 3072 1545 3139 Honorii,
1586 3074 1919 3130 restitissent
1944 3084 2093 3130 certe

505 3152 720 3227 eodem,
766 3172 859 3221 aut
898 3166 1062 3220 etiam
1100 3165 1305 3234 majore
1332 3166 1509 3223 studio
1528 3208 1543 3232 ,
1568 3183 1731 3238 quam
1754 3183 1862 3237 quo
1889 3162 2093 3222 calum-

504 3252 655 3309 n’iam
687 3248 883 3325 Vigilio
913 3255 965 3309 in
992 3256 1180 3312 eadem
1209 3256 1428 3328 Synodo
1474 3257 1680 3312 illatam
1727 3258 2046 3329 repulerunt
2077 3274 2091 3314 :

507 3359 689 3414 neque
714 3345 857 3400 extim
883 3364 985 3418 par
1013 3355 1239 3411 tantum,
1272 3346 1367 3404 sed
1392 3349 1555 3405 etiam
1575 3348 1732 3422 longe
1759 3348 1935 3420 major
1959 3354 2098 3408 ratio

505 3434 845 3506 impellebat,
879 3438 1144 3508 siquidem
1195 3436 1376 3511 Vigiiii
1430 3443 1691 3497 memoria
1720 3447 1981 3499 remotior
2022 3444 2100 3500 fo-

507 3535 615 3594 ret,
648 3527 871 3585 Honbrii
901 3545 1053 3601 paene
1080 3546 1339 3601 praesens.
1378 3530 1584 3590 Deinde
1624 3535 1677 3591 id
1710 3552 1875 3591 unum
1906 3528 2098 3593 Cardi-

506 3619 658 3676 nales
685 3614 873 3693 Legati
900 3621 1383 3694 selisApostolicm
1407 3622 1720 3698 Presbyteri
1750 3628 1877 3692 duo,
1902 3637 1959 3682 et
1980 3624 2101 3682 Dia-

509 3724 687 3768 conus
710 3711 947 3769 Joannes
989 3712 1293 3770 habuerunt
1341 3706 1395 3772 Iri
1438 3719 1709 3775 mandatis
1741 3761 1756 3786 ,
1809 3737 1827 3773 ‹
1863 3727 1925 3775 ut
1964 3720 2103 3776 nihil

507 3812 905 3873 praesumerent
934 3819 1151 3876 augere,
1185 3808 1269 3863 vel
1307 3810 1555 3866 minuere
1583 3816 1676 3865 aut
1704 3819 1919 3867 mutare
1939 3853 1954 3878 ,
2005 3814 2103 3866 sed

510 3893 860 3949 traditionem
887 3893 1051 3965 hujus
1075 3894 1401 3968 Apostolicte
1437 3901 1582 3956 sedis
1605 3941 1620 3967 ,
1652 3906 1711 3954 ut
1738 3915 1769 3953 a
1799 3902 2101 3971 praedeces-

517 3985 734 4041 scribus
760 3985 1082 4057 Apostolicis
1114 3987 1470 4046 Pontiﬁcibus
1509 3990 1755 4046 instituta
1789 3998 1892 4057 est,
1926 3992 2101 4046 since-

509 4078 648 4134 riter
667 4092 946 4138 enarrare.
987 4102 1007 4137 ι
1037 4082 1182 4138 Missi
1212 4096 1341 4139 vero
1384 4082 1454 4137 ab
1496 4082 1830 4138 Occidentali
1878 4078 2100 4154 Synodo

513 4168 769 4247 Episcopi
790 4175 844 4231 in
873 4176 1018 4232 aliud
1044 4174 1181 4230 nihil
1210 4176 1577 4230 damnandum
1606 4175 1916 4231 consentire
1951 4183 2102 4247 pote-

513 4257 658 4331 rant,
688 4280 850 4337 quam
882 4267 1023 4338 quod
1050 4267 1166 4339 ipsa
1197 4265 1467 4338 Synodus,
1502 4265 1656 4335 cujus
1691 4275 1847 4323 erant
1874 4269 2098 4339 vicarii,

513 4355 664 4427 prius
690 4357 1027 4418 damnasset;
1066 4356 1309 4426 alioquin
1352 4364 1670 4425 peccassent
1698 4359 1751 4413 in
1785 4360 2099 4430 religionem

516 4446 601 4501 sul
640 4447 903 4510 muneris,
931 4456 985 4500 et
1031 4445 1089 4501 in
1118 4448 1522 4503 observantiam
1556 4449 1700 4505 sedis
1730 4450 2057 4518 Apostolicae
2081 4492 2101 4518 ,

516 4537 669 4606 cujus
696 4537 975 4609 integritas
999 4546 1056 4593 et
1084 4539 1216 4593 ﬁdes
1250 4540 1533 4595 videbatur
1560 4540 1700 4605 laedi,
1732 4544 1815 4595 vel
1860 4542 1976 4615 ipsa
2003 4558 2097 4597 ca-

515 4630 643 4700 pitis
673 4628 1036 4684 accusatione.
1072 4628 1140 4684 At
1166 4628 1418 4701 Synozlus
1442 4630 1810 4687 Occidentalis
1838 4630 1972 4688 nihil
1994 4640 2100 4688 sta-

519 4728 693 4775 tuerat
720 4721 773 4774 in
804 4717 1123 4788 Honorium,
1152 4720 1285 4776 nihil
1314 4718 1595 4779 Pontiﬁcis
1628 4732 1737 4778 tam
1766 4723 1941 4779 sancti
1984 4724 2099 4782 cui-

517 4821 762 4885 paverat.

589 4900 768 4959 XLIII.
810 4900 1071 4972 Quartum
1100 4906 1333 4980 denique
1376 4908 1455 4963 sie
1497 4907 1732 4964 conﬁcit.
1782 4906 2099 4964 Theodorus

520 4997 808 5053 damnatus
836 5006 919 5053 est
950 4994 1109 5074 183
1138 5001 1188 5055 in
1213 4998 1279 5055 Vl
1303 5000 1541 5074 Synodo,
1568 5018 1669 5058 nec
1697 5019 1924 5073 usquam
1949 5015 2099 5061 acto-

520 5100 643 5145 rum
694 5086 863 5157 ipsius
892 5090 1095 5145 mentio
1143 5090 1243 5146 ﬁt:
1281 5090 1601 5146 adulteravit
1639 5092 1802 5164 igitur
1847 5103 1999 5160 acta,
2041 5102 2096 5149 et

522 5177 738 5249 quidem
787 5180 1103 5252 priusquam
1131 5184 1442 5249 ederentur,
1493 5199 1798 5256 nomenque
1830 5183 2093 5252 Honorii,

523 5269 699 5327 deleto
745 5288 864 5339 suo,
896 5275 1194 5331 substituit.
1246 5273 1572 5332 Damnatum
1624 5280 1850 5348 probat,
1898 5278 2097 5351 partim

523 5360 650 5432 quia
681 5362 1028 5423 Monotheiita
1058 5364 1181 5435 fuit,
1219 5366 1547 5441 Macariique
1577 5368 1899 5425 Antiocheni
1938 5369 2097 5425 ﬁdem

524 5454 870 5526 subscripsit;
906 5461 1105 5528 partim
1134 5461 1277 5532 quod
1306 5461 1507 5517 nemini
1554 5456 1805 5532 Synodus
1833 5462 2097 5532 parcitum

524 5546 776 5611 voluerit,
802 5551 894 5619 qui
924 5551 978 5604 in
1008 5568 1071 5607 ea
1099 5555 1289 5609 lueresi
1320 5553 1530 5609 fuisset.
1567 5552 1917 5611 Adulterasse
1954 5562 2095 5617 acta,

527 5654 592 5695 ex
645 5639 860 5696 silentio
909 5644 1128 5716 colligit,
1187 5646 1526 5718 insertosque
1574 5657 1695 5717 post
1746 5662 1784 5699 ιι
1828 5646 2096 5700 actionem

526 5733 944 5801 quaterniones,
983 5738 1179 5807 quibus
1204 5741 1480 5795 damnatio
1526 5738 1748 5794 Honorii
1796 5738 2101 5794 continere-

527 5824 639 5898 tu'r,
667 5821 977 5903 factamque
1000 5830 1451 5894 adulterationcm
1474 5842 1600 5893 ante
1631 5840 1755 5892 acta
1779 5829 1928 5891 edita
1952 5830 2099 5890 data-

2186 1992 2371 2040 reum,
2413 1984 2613 2047 negant
2662 1974 3049 2045 indulgendum
3092 1972 3347 2031 humanis
3376 1973 3478 2027 hac
3525 1972 3580 2025 in
3622 1978 3785 2040 parte

2187 2067 2549 2138 cunjccturis,
2584 2066 2680 2122 sed
2725 2066 2979 2120 standum
3017 2062 3225 2132 judicio
3272 2062 3631 2119 mcumenicae
3675 2060 3785 2130 Sy—

2188 2161 2336 2225 nodi,
2373 2160 2573 2229 quippe
2618 2159 2704 2215 cui
2749 2158 3004 2229 praesedit
3048 2156 3288 2225 Spiritus
3319 2163 3561 2219 sanctus,
3587 2153 3782 2226 Legati

2189 2256 2333 2312 sedis
2350 2252 2657 2324 apostolicae
2674 2249 3057 2315 interfuerunt,
3080 2249 3276 2307 summi
3304 2248 3596 2305 Pontiﬁces
3620 2262 3786 2304 eum-

2187 2348 2307 2404 dem
2338 2348 2623 2409 honorem,
2660 2360 2822 2415 quem
2870 2343 2994 2398 aliis
3039 2342 3279 2412 quinque
3330 2340 3777 2407 universalihus,

2186 2456 2484 2512 paremque
2533 2438 2939 2493 venerationem
2975 2435 3270 2499 exhibent,
3302 2433 3556 2488 universa
3595 2432 3795 2489 Eccle-

2190 2531 2271 2586 sia
2305 2529 2585 2589 Catholica
2627 2542 2959 2584 conseusum
3002 2524 3258 2596 praebuit,
3303 2531 3360 2579 et
3395 2522 3638 2578 Ecclesia
3666 2519 3786 2577 Ro-

2190 2636 2352 2676 mana
2418 2635 2575 2674 suum
2615 2618 2817 2674 cultum
2859 2618 2929 2672 ad
2970 2616 3185 2673 initium
3234 2628 3404 2683 usque
3463 2612 3646 2667 nostri
3685 2625 3795 2667 sm-

2190 2711 2295 2783 culi
2329 2719 2581 2765 testatum
2613 2725 2734 2766 esse
2776 2708 2944 2763 voluit
2965 2706 3196 2777 publicis
3216 2706 3331 2761 suis
3357 2705 3630 2775 precibus,
3656 2703 3797 2759 dum

2192 2800 2246 2855 in
2269 2799 2405 2855 festo
2436 2799 2494 2855 S.
2533 2799 2730 2853 Leonis
2769 2790 2815 2855 ιι
2852 2798 3131 2869 legendam
3164 2796 3543 2868 praescriberet
3569 2792 3801 2850 tertiam

2191 2891 2333 2947 hanc
2389 2898 2748 2960 quartumque
2804 2888 3151 2955 Leetionem,
3223 2889 3291 2945 ad
3330 2890 3656 2943 matutinum
3693 2882 3801 2941 0f-

2193 2982 2395 3038 ﬁcium.
2446 3001 2465 3034 ‹
2511 2982 2610 3037 Hic
2647 2982 2883 3052 suscepit
2932 2992 3179 3039 sanctam
3221 2978 3799 3051 sextam'Syneduns,

2194 3089 2313 3143 quae
2339 3088 2510 3143 nuper
2535 3088 2634 3142 per
2682 3073 2778 3131 Dei
2808 3073 3207 3147 providentiam
3255 3073 3311 3127 in
3345 3072 3494 3143 regis
3530 3071 3669 3126 urbe
3690 3085 3795 3127 ee-

2196 3162 2405 3219 Iebrata
2437 3171 2543 3229 est,
2583 3162 2776 3221 Gl‘tBCO
2809 3164 3025 3234 eloquio
3055 3162 3447 3234 conscriptam,
3476 3166 3801 3229 exequente

2201 3270 2265 3310 ac
2296 3248 2563 3310 residente
2586 3255 2831 3324 piissimo
2853 3271 2917 3311 ac
2953 3254 3385 3313 clementissimo
3415 3267 3608 3323 magno
3629 3250 3807 3307 Pria-

2201 3347 2320 3419 cipe
2364 3342 2724 3403 Constantino
2772 3347 2915 3405 intra
2960 3348 3247 3418 palatium,
3292 3346 3437 3416 quod
3482 3343 3801 3416 appellatur

2204 3432 2419 3492 Trullus
2449 3457 2460 3492 :
2493 3438 2762 3510 simulque
2807 3456 2928 3495 cum
2966 3454 3029 3494 eo
3072 3435 3611 3506 residebant.Legati
3642 3433 3805 3491 sedis

2199 3516 2553 3599 Apostolicaz,
2587 3538 2643 3585 et
2686 3530 2791 3586 duo
2829 3529 3187 3594 Patriarchis,
3229 3525 3803 3593 Constantinowlita-

2200 3634 2307 3675 nus
2357 3628 2412 3673 et
2468 3618 2858 3686 Antiochenus,
2912 3626 3076 3690 atque
3127 3626 3344 3676 centum
3394 3616 3811 3688 quinquaginta

2201 3710 2453 3783 Episcopi
2488 3729 2500 3766 :
2544 3712 2598 3766 in
2643 3729 2749 3783 qua
2787 3710 3010 3784 Synodo
3046 3712 3395 3769 condemnati
3439 3718 3569 3766 sunt
3591 3709 3807 3780 Cyrus,

2204 3800 2449 3875 Sergius,
2483 3798 2775 3869 Honorius,
2801 3803 3061 3875 Pyrrhus,
3094 3802 3292 3859 Paulus
3322 3811 3377 3858 et
3417 3801 3634 3866 Petrus,
3660 3815 3804 3857 need

2201 3906 2308 3945 non
2347 3888 2612 3943 Macarius
2637 3905 2757 3943 cum
2805 3891 3068 3960 discipulo
3103 3905 3202 3946 suo
3232 3890 3542 3959 Stephano;
3591 3888 3688 3944 sed
3736 3895 3806 3945 et

2200 3972 2599 4050 Polychronius
2624 3993 2796 4032 novus
2824 3974 3031 4044 Simon,
3057 3979 3150 4047 qui
3182 3992 3343 4033 unam
3373 3977 3709 4034 voluntatem
3733 3986 3803 4037 et

2200 4069 2574 4140 operationem
2604 4071 2659 4127 in
2687 4069 2919 4127 Domino
2959 4068 3091 4129 Iesu
3127 4068 3348 4129 Christo
3377 4070 3635 4129 dixerunt
3654 4110 3674 4141 ι
3701 4069 3805 4131 vel

2199 4161 2658 4235 praedicaverunt,
2690 4170 2797 4219 etc.
2837 4183 2857 4218 ›

2271 4260 2431 4321 XLV.
2459 4262 2615 4320 Nunc
2636 4264 2794 4321 aliter
2821 4264 2925 4323 ista
2945 4264 3275 4336 breviusque
3298 4264 3573 4338 leguntur.
3605 4281 3625 4315 ι
3655 4261 3803 4320 Pro-

2200 4358 2348 4414 bavit
2373 4367 2493 4413 acta
2529 4366 2695 4414 sextae
2722 4355 2948 4428 Synodi,
2982 4373 3103 4427 quce
3135 4354 3603 4427 Constantinopoli
3640 4354 3802 4412 eelo-

2199 4449 2358 4505 brata
2385 4459 2493 4514 est,
2533 4448 2951 4519 praesidentibus
2989 4445 3207 4518 Legatis
3233 4450 3380 4505 sedis
3416 4448 3743 4519 Apostolicc
3772 4458 3806 4516 ,‘

2201 4548 2470 4612 prmsente
2501 4554 2715 4610 quoque
2756 4537 3116 4596 Constantino
3154 4540 3523 4611 Imperatore,
3563 4549 3622 4596 et
3655 4541 3797 4597 duo-

2198 4633 2303 4688 bus
2335 4631 2690 4697 Patriarchis,
2714 4630 3316 4694 Constantinopolitano
3342 4642 3399 4689 et
3421 4632 3795 4701 Antiochum,

2199 4741 2263 4793 ac
2300 4734 2514 4782 centum
2540 4734 2595 4780 et
2632 4726 2968 4797 septuaginta
2990 4725 3291 4797 Episcopis,
3326 4742 3491 4796 quam
3513 4727 3644 4782 etin
3678 4726 3793 4782 La-

2199 4825 2373 4879 tinum
2436 4822 2737 4883 transtulit.
2780 4821 2841 4879 In
2897 4838 2964 4877 eo
3004 4822 3251 4878 Concilio
3294 4820 3468 4893 Cyrus
3494 4863 3513 4888 ,
3562 4821 3791 4893 Sergia

2205 4913 2366 4988 184
2404 4922 2459 4969 et
2505 4915 2745 4985 Pyrrhus
2775 4914 3125 4971 condemnati
3150 4922 3278 4969 sunt
3300 4954 3317 4981 ,
3348 4931 3515 4971 unam
3549 4923 3788 4971 tanaim-

2202 5007 2362 5060 modo
2398 5006 2730 5063 voluntatem
2773 5013 2829 5060 et
2877 5006 3254 5076 operationem
3290 5006 3347 5062 in
3384 5005 3607 5064 Christo
3644 5019 3790 5078 prm-

2204 5098 2466 5154 dtcantes.
2509 5119 2527 5151 ι

2275 5180 2456 5241 XLVI.
2497 5186 2610 5254 Qui.
2638 5202 2770 5243 vero
2810 5182 3117 5245 Honorium
3159 5189 3367 5245 erroris
3392 5204 3593 5260 purum
3638 5189 3785 5246 arbi-

2205 5287 2438 5343 trantur,
2479 5279 2642 5337 aliam
2691 5281 2762 5337 oh
2803 5296 3031 5339 causam
3067 5272 3389 5337 damnatum
3437 5281 3735 5339 defendut
3761 5319 3781 5348 ,

2204 5384 2397 5440 nempe
2447 5366 2593 5438 quod
2651 5388 2670 5422 ε
2720 5380 2971 5427 autorum
3031 5372 3157 5427 novi
3220 5371 3466 5427 haeretici
3513 5370 3785 5441 dogmatis

2208 5459 2392 5531 pravis
2439 5461 2832 5519 assertionibus
2860 5458 3161 5519 fomentum
3199 5462 3563 5532 impenderit;
3586 5481 3606 5515 ι
3637 5461 3785 5533 quod

2211 5570 2233 5604 ς
2256 5553 2525 5609 hmreseos
2549 5553 2750 5620 fautor,
2777 5571 3071 5613 concursor
3112 5563 3275 5625 atque
3302 5554 3656 5614 conﬁrmatur
3689 5570 3785 5613 es:e

2205 5643 2379 5698 titerit
2393 5661 2408 5710 ;
2423 5665 2438 5695 ι
2460 5646 2601 5715 quod
2620 5665 2636 5696 ι
2649 5644 3013 5716 Apostolieam
3028 5644 3323 5701 Ecclesium
3342 5662 3449 5709 non
3462 5645 3785 5719 Aposton

2206 5736 2516 5793 traditionis
2536 5739 2782 5795 doctrina
2808 5740 3149 5806 lustraverit;
3175 5738 3271 5796 sed
3290 5738 3515 5809 profana
3526 5739 3780 5811 proditio-

2205 5847 2276 5897 ne
2298 5833 2703 5895 immaculatum
2729 5833 2991 5893 maculari
3016 5834 3324 5905 permiserit
3337 5852 3386 5906 μ
3412 5834 3559 5908 quod
3580 5849 3601 5889 ί
3624 5831 3778 5891 ﬁant-
