4062 6454
270 391 368 451 157

1229 391 1840 449 DISSERTATIONES.
1876 420 1950 439 --
1985 395 2439 455 DISSERTATIO
2470 398 2532 456 Π.

3417 402 3514 461 158

266 518 413 563 mam
452 500 688 561 hmretici
721 500 1007 574 dogmatis,
1032 518 1139 561 non
1162 512 1223 559 ut
1258 507 1440 563 decuit
1475 507 1844 577 Apostolicam
1871 511 2131 579 Asedem
2186 513 2534 581 apostolicam
2558 553 2575 580 ,
2623 529 2731 585 qua
2791 516 3002 571 ratione
3058 517 3276 574 tandem
3321 527 3513 587 potutt,

268 594 640 659 autoritatem,
672 594 1022 665 incipientem
1046 598 1492 663 extinxerit,-sed
1521 600 1845 669 negligentia

265 685 572 744 confoverit
588 703 643 751 υ
657 687 801 756 quod
818 706 836 738 ι
848 688 1245 745 immaculatam
1259 691 1583 759 Apostolicte
1600 694 1846 751 traditio-

265 784 354 839 nis
380 782 645 849 regulam,
691 798 855 852 quam
880 799 912 837 a
939 784 1435 853 pradocessoribus
1458 788 1573 844 suis
1600 788 1842 858 accepit,

264 874 528 929 maculari
551 876 908 931 consenserit.
933 895 959 929 ι

336 965 541 1021 XLVII.
580 966 664 1022 Ad
710 967 947 1025 alterum
988 968 1209 1025 Baronii
1254 979 1659 1041 argumentum,
1709 970 1846 1027 nihil

263 1057 463 1113 melius
497 1056 680 1113 aﬂ‘erri
719 1067 900 1127 potest
930 1061 1251 1117 testimonio
1273 1063 1499 1118 Adriani
1530 1063 1593 1124 ll,
1621 1062 1847 1118 Pontifi-

262 1150 367 1212 cis,
398 1150 465 1205 de
503 1166 601 1206 suo
649 1153 1048 1222 predecessore
1091 1152 1346 1218 dicentis,
1398 1156 1451 1210 in
1483 1155 1700 1226 Synodo
1740 1156 1847 1210 Ro-

259 1256 450 1307 mana,
488 1244 635 1312 quod
663 1243 717 1297 in
748 1241 860 1298 Vill
887 1243 1090 1315 Syuudi
1120 1247 1325 1301 action.
1356 1246 1385 1301 7
1428 1248 1682 1303 refertur.
1718 1266 1736 1298 t
1765 1247 1847 1302 ln-

262 1330 568 1386 tolerabilis
593 1341 676 1388 est
704 1334 807 1389 ista
842 1338 1219 1405 pucsumptio,
1244 1348 1301 1394 et
1344 1339 1485 1394 hanc
1515 1355 1675 1395 aures
1709 1354 1845 1409 prm—

258 1426 617 1491 cordiorum,
676 1426 895 1492 fateor,
940 1431 1209 1485 sustinere
1257 1445 1365 1486 non
1411 1444 1658 1501 possunt.
1710 1432 1844 1497 Quis

259 1526 449 1571 autem
496 1524 736 1571 vestrum
770 1518 876 1573 tale
901 1519 1053 1588 quid,
1080 1536 1297 1589 precor,
1333 1523 1559 1588 audivit,
1597 1523 1681 1578 vel
1721 1523 1842 1592 quis

255 1605 572 1673 huiusmodi
621 1610 962 1674 temeritatis,
1015 1611 1206 1665 saltem
1253 1613 1519 1678 lectione,
1569 1614 1844 1670 immensi-

256 1704 427 1751 tatem
461 1698 701 1751 invenit?
739 1699 1019 1767 Siquidem
1066 1700 1369 1757 Romanum
1415 1703 1731 1760 Pontiﬁcum
1777 1706 1842 1761 de

265 1787 513 1842 omnium
575 1788 937 1843 Ecclesiarum
1002 1790 1333 1847 Prtesulihus
1384 1793 1658 1862 iudicasse
1714 1796 1843 1865 legi-

1918 604 2196 674 quamvis
2246 605 2481 659 maxime
2529 606 2853 674 tentaverit,
2916 607 3077 664 toties
3119 616 3239 664 acta
3289 609 3513 676 vitiare,

1945 697 2159 765 quoties
2195 695 2415 751 Honorii
2456 697 2660 752 mentio
2696 698 2841 753 facta
2881 700 3003 754 est?
3056 700 3325 770 quomodo
3366 699 3519 756 licuit

1944 785 2151 841 homini
2179 788 2269 842 uni
2295 787 2685 857 professionem
2714 788 2836 845 ﬁdei
2858 790 3247 862 Episcoporum
3270 791 3518 848 manibus

1944 877 2326 947 subscriptam,
2363 879 2619 949 ipsasque
2670 878 3009 945 Constantini
3058 882 3405 952 imperatoris
3454 882 3519 939 li-

1944 974 2089 1022 teras
2111 968 2449 1025 adulterare?
2472 970 2667 1028 Annon
2694 983 2815 1026 erat
2836 972 2969 1028 fides
2991 972 3181 1045 sigillis
3202 973 3520 1044 obsignata?

1943 1060 2136 1115 Annon
2162 1077 2289 1117 suas
2314 1062 2502 1118 literas
2520 1062 2903 1119 Constantinus
2951 1064 3520 1134 appritncCatbulicus
3566 1123 3577 1131 ε

1945 1168 2106 1206 manu
2159 1168 2258 1207 sua
2311 1155 2668 1224 subscripsit?
2707 1156 2788 1210 An
2830 1157 3093 1225 praecipiti
3137 1156 3518 1225 imprudentia,

1944 1251 1999 1295 et
2039 1258 2144 1297 non
2176 1253 2383 1321 matura
2416 1248 2623 1316 potius,
2664 1256 2722 1302 ut
2759 1248 2810 1303 in
2856 1262 2915 1302 re
2956 1247 3087 1301 tanti
3127 1247 3383 1302 momenti
3422 1261 3522 1316 par

1944 1340 2081 1392 erat.
2130 1332 2359 1389 lectione
2405 1338 2755 1406 recognovit,
2805 1338 2947 1407 quod
2995 1337 3397 1393 subscriberet?
3437 1335 3520 1390 An

1944 1424 2059 1492 ipse
2117 1426 2281 1480 etiam
2344 1425 2667 1496 Imperator,
2717 1444 2878 1497 quem
2927 1428 3283 1484 Constantino
3328 1427 3523 1498 Magno

1946 1513 2193 1584 Synodus
2222 1532 2409 1585 parem
2448 1517 2605 1580 dixit,
2645 1518 2793 1572 venit
2828 1518 2881 1571 iu
2910 1518 3223 1573 societatem
3267 1516 3523 1573 facinoris

1944 1620 2065 1659 cum
2095 1606 2414 1661 Theodoro?
2453 1608 2584 1675 Quis
2613 1608 2737 1673 sibi,
2769 1609 2890 1676 quis
2932 1608 3053 1663 aliis
3090 1608 3439 1678 persuadeat,
3469 1604 3522 1660 id

1946 1702 2212 1750 tentatum
2252 1714 2281 1752 a
2312 1697 2562 1769 Principc
2603 1707 2713 1755 tam
2747 1700 2857 1769 pio,
2888 1708 3104 1770 tamque
3140 1702 3394 1755 ardenter
3417 1697 3522 1753 Ca-

1946 1787 2170 1852 tbolico,
2204 1796 2263 1842 ut
2301 1790 2585 1857 ipsiusmet
2621 1791 2863 1861 parentis
2893 1789 3124 1873 Typu‘m,
3169 1790 3363 1861 avique
3416 1789 3522 1847 Ec-

253 1892 401 1942 mns,
431 1880 500 1934 de
528 1894 595 1933 eo
620 1894 747 1933 vero
775 1896 1102 1950 quemquam
1123 1880 1399 1948 judicasse
1427 1901 1537 1940 non
1584 1886 1835 1956 legimus.
1870 1868 1918 1928 Β
1948 1880 2146 1935 thesim
2179 1882 2605 1950 proscripserit?

252 1967 409 2023 Licet
455 1971 604 2025 enim
651 1970 889 2027 Honorio
916 1973 984 2026 ab
1030 1972 1400 2028 Orientalibus
1440 1985 1563 2044 post
1609 1987 1839 2031 mortem

254 2060 546 2116 anathema
599 2064 672 2118 sit
706 2064 939 2129 dictum,
988 2067 1269 2121 sciendum
1320 2077 1503 2124 tamen
1547 2078 1660 2131 est,
1710 2071 1839 2141 quia

250 2150 437 2206 fuerat
460 2168 626 2223 super
648 2154 839 2209 haeresi
868 2165 1174 2219 accusatus,
1209 2167 1429 2227 propter
1455 2174 1618 2228 quam
1666 2160 1837 2215 solam

248 2247 462 2302 licitum
489 2257 574 2303 est
605 2250 906 2304 minoribus
937 2252 1203 2321 majorum
1230 2268 1456 2311 suorum
1485 2254 1726 2311 motibus
1754 2269 1838 2310 re-

248 2341 503 2404 sistendi,
528 2341 610 2395 vel
653 2357 848 2411 pravos
876 2358 1071 2399 sensus
1099 2344 1267 2400 libere
1310 2347 1622 2416 respuendi,
1648 2364 1839 2417 quam-

248 2434 337 2488 vis
366 2442 423 2489 et
458 2434 530 2489 ibi
557 2450 658 2491 nec
686 2434 1151 2503 Patriarcbarum,
1184 2455 1287 2495 nec
1327 2449 1649 2497 cancrorum
1680 2440 1837 2497 Anti-

248 2527 444 2581 stitum
474 2528 707 2596 cuipiam
756 2530 825 2586 de
863 2545 929 2585 eo
975 2532 1277 2600 quamlibet
1322 2533 1406 2589 fas
1449 2532 1613 2590 fuerit
1661 2534 1840 2605 profe-

252 2615 414 2669 rendi
433 2619 780 2686 sententiam,
811 2620 917 2677 nisi
943 2618 1184 2689 ejusdem
1213 2624 1404 2694 primae
1438 2627 1585 2681 sedis
1608 2642 1839 2696 praeces-

249 2706 419 2763 sisset
450 2712 735 2767 autoritas.
1174 2771 1190 2781 ,

326 2796 552 2853 XLVIII.
587 2802 740 2867 Quod
767 2802 1008 2873 pertinet
1034 2804 1102 2859 ad
1131 2804 1381 2877 Legatos,
1414 2807 1590 2864 facilis
1620 2817 1706 2865 est
1750 2825 1838 2865 so—

249 2887 391 2945 lutio
433 2891 682 2956 rationis,
728 2910 893 2963 quam
927 2894 1193 2953 Baronius
1228 2913 1295 2953 ex
1343 2900 1585 2969 ipsorum
1622 2902 1837 2957 silentio

252 2981 507 3036 desumit.
538 2981 674 3038 Nam
713 2984 906 3055 primo,
931 2995 1058 3040 sunt
1083 2988 1174 3057 qui
1208 3003 1301 3044 eos
1333 2990 1635 3046 timiditatis
1677 3007 1839 3049 accu-

251 3081 399 3137 sent,
422 3083 483 3127 ut
516 3075 608 3145 qui
641 3076 957 3135 meticulose
988 3082 1253 3135 cesserint
1287 3081 1674 3148 Orientalibus,
1706 3084 1837 3141 Ser-

249 3160 323 3233 gii
360 3164 465 3226 sui,
506 3181 664 3234 quem
695 3168 921 3223 miriﬁce
954 3170 1209 3236 colerent,
1238 3188 1339 3229 nec
1364 3176 1664 3232 subducere
1706 3191 1835 3246 pos-

251 3225 279 3233 _
525 3225 538 3234 _
1152 3225 1209 3236 κ,
1314 3225 1331 3229 ν
1365 3225 1661 3232 “wn”-
1706 3225 1802 3246 τη

250 3262 376 3308 sent
396 3256 750 3322 anathemati,
784 3259 1017 3315 dedecus
1051 3262 1431 3320 communione
1471 3265 1835 3321 damnationis
1862 3225 1907 3291 Ο

250 3360 375 3400 cum
410 3344 655 3403 Romano
683 3346 943 3405 Pontifice
973 3350 1217 3409 minuere
1246 3353 1571 3410 volentibus.
1608 3355 1831 3424 Deinde,

249 3448 379 3496 sunt
411 3441 503 3512 qui
539 3444 856 3512 prudentem
899 3448 1259 3502 oeconomiam
1312 3448 1456 3503 laudi
1486 3450 1633 3514 dent,
1667 3450 1838 3520 siqui-

248 3531 372 3587 dem
400 3548 739 3590 communem
768 3536 1034 3592 uuiverste
1065 3537 1322 3593 Ecclesia:
1345 3554 1531 3609 pacem
1557 3541 1716 3594 unius
1741 3542 1836 3596 ho-

246 3625 418 3679 minis
444 3625 636 3677 honori
666 3627 1025 3695 prmtulerint.
1049 3628 1256 3694 Tertio,
1279 3646 1387 3685 non
1406 3630 1837 3700 improbabiliter

241 3714 422 3783 aliqui
437 3713 490 3767 id
503 3715 647 3768 eisin
664 3718 918 3771 mandato
943 3718 1126 3772 datum
1151 3720 1395 3782 credunt,
1427 3722 1571 3789 quod
1599 3728 1654 3774 et
1678 3721 1836 3774 testi-

247 3805 438 3863 monio
464 3805 693 3863 Adriani
731 3820 854 3863 mox
894 3804 1058 3865 allato
1104 3809 1352 3881 probant.
1403 3810 1611 3879 Quarto
1641 3851 1655 3878 ,
1701 3811 1837 3869 nihil

249 3895 395 3955 aliud
415 3894 602 3952 forsan
629 3898 680 3952 in
712 3896 956 3955 Concﬂio
980 3900 1182 3956 factum
1214 3901 1471 3967 Honorio,
1503 3919 1664 3973 quam
1689 3905 1834 3974 quod

245 3989 303 4047 in
350 3989 570 4061 Synodo
621 3990 881 4056 Romana,
934 4004 990 4048 et
1037 3993 1093 4048 in
1137 3991 1438 4065 Agathonis
1477 3995 1682 4061 literis;
1726 3994 1833 4051 nisi

248 4082 390 4153 quod
420 4082 885 4155 Constantinopoli
913 4086 1187 4157 patentius
1213 4096 1268 4142 et
1292 4088 1605 4157 expressius
1627 4098 1828 4156 actum,

248 4174 390 4244 quod
419 4175 474 4228 in
512 4172 732 4245 Synodo
763 4176 1028 4243 Romana,
1060 4177 1301 4249 ipsisque
1327 4179 1631 4251 Agathonis
1660 4179 1832 4236 literis

248 4266 507 4338 implicito
527 4278 581 4320 et
607 4268 959 4325 subobscure.

315 4356 505 4412 XLIX.
546 4356 666 4414 Jam
722 4361 864 4430 quod
913 4358 1110 4417 dicitur
1144 4360 1211 4417 de
1262 4359 1548 4417 Theodoro
1585 4371 1829 4419 actorum

246 4459 591 4520 corruptore,
624 4448 782 4507 fidem
825 4450 939 4508 fere
967 4469 1182 4508 omnem
1220 4453 1367 4509 omni
1397 4470 1462 4509 ex
1487 4464 1643 4527 parte
1673 4471 1831 4526 supe-

2015 1994 2098 2049 ιι.
2148 1994 2413 2050 Baronius
2458 1996 2641 2064 igitur,
2681 1995 2787 2050 etsi
2827 1995 2914 2064 pie
2962 2002 3133 2050 totam
3180 1992 3378 2063 ingenii
3423 1993 3524 2049 do-

1940 2087 2257 2155 ctrinaeque,
2273 2086 2469 2155 quibus
2491 2086 2699 2140 valebat
2720 2086 3033 2155 plurimum,
3058 2086 3169 2139 vim
3192 2083 3522 2149 adhibuerit.

1941 2176 2009 2231 ad
2047 2192 2166 2232 eam
2209 2177 2555 2232 muniendam
2597 2177 2816 2232 llonorii
2859 2177 3182 2235 defendendi
3232 2177 3521 2242 rationem,

1940 2281 2102 2335 quam
2134 2268 2349 2323 unicam
2380 2268 2562 2324 valere
2588 2268 2840 2332 credidit,
2870 2269 3059 2339 paucis
3089 2277 3271 2325 tamen
3294 2266 3525 2323 eruditis

1942 2356 2070 2411 fecit
2108 2367 2399 2427 utcumque
2442 2359 2577 2413 satis
2608 2376 2621 2412 :
2658 2359 2894 2414 maxima
2929 2376 3057 2429 pars
3081 2358 3387 2415 auscultare
3418 2374 3525 2415 non

1941 2450 2150 2504 destitit
2190 2450 2430 2506 antiouis
2469 2450 2868 2520 Scriptorlbus,
2907 2454 3102 2520 quibus
3156 2466 3435 2521 nunquam
3468 2450 3525 2507 in

1940 2551 2181 2596 mentem
2206 2543 2354 2596 venit
2377 2557 2604 2612 arguere
2634 2544 2771 2609 vitii,
2800 2543 2910 2596 imo
2924 2558 3025 2597 nec
3049 2545 3103 2596 in
3121 2544 3345 2597 dubium
3373 2555 3527 2595 revo-

1941 2650 2068 2689 care
2093 2645 2216 2689 acta
2239 2635 2302 2687 Vl
2333 2634 2559 2705 Synodi,
2593 2634 2765 2689 multo
2813 2636 2995 2689 minus
3019 2634 3125 2703 alia
3149 2633 3377 2703 publica:
3402 2631 3526 2689 ﬁdei

1942 2723 2305 2778 instrumenta
2354 2722 2743 2792 suppusitionis
2792 2723 3069 2778 damnare.
3130 2722 3311 2788 Quare
3361 2720 3522 2775 aliam

1941 2812 2185 2867 inierunt
2212 2814 2377 2879 viam,
2404 2812 2675 2881 aliamque
2706 2812 3080 2868 defensionem
3103 2812 3329 2867 Honorii
3348 2808 3523 2867 moliti

1941 2913 2087 2959 sunt.

2010 2996 2118 3051 ιιι.
2165 2994 2403 3052 Joannes
2429 2996 2497 3062 γ,
2523 2996 2619 3067 qui
2639 2995 2995 3052 duodecimus
3023 2996 3092 3051 ab
3115 2994 3356 3051 Honorio
3376 2994 3522 3050 Pon-

1941 3090 2203 3147 tificatum
2229 3091 2419 3161 gessit.
2455 3104 2702 3160 unusque
2740 3089 2840 3144 fuit
2869 3089 3193 3160 Legaturum
3220 3088 3520 3171 Agathonis

1943 3184 2011 3238 ad
2047 3192 2255 3239 sextam
2290 3182 2593 3254 Synotlum,
2634 3198 2755 3239 cum
2795 3182 3021 3237 Romam
3049 3178 3521 3249 Constantinopoli

1938 3282 2255 3340 reverterat,
2287 3273 2467 3327 attulit
2493 3281 2613 3328 acta
2644 3271 2866 3343 Synodi,
2900 3286 3019 3341 quae
3044 3286 3166 3327 cum
3216 3269 3391 3326 literis
3412 3268 3518 3325 lm-

1938 3367 2208 3439 peratoris
2251 3364 2545 3421 deferenda
2583 3364 2815 3421 Romam
2861 3365 3090 3436 accepit.
3146 3363 3337 3431 Qualia
3386 3375 3519 3417 vero

1938 3459 2182 3528 accepit?
2214 3458 2451 3528 Integra,
2494 3474 2571 3514 an
2603 3458 2835 3512 vitiata?
2870 3456 2926 3510 Si
2963 3459 3192 3527 integra,
3234 3470 3335 3511 cur
3364 3467 3523 3509 revo-

1937 3557 2129 3603 cantur
2157 3549 2213 3603 in
2238 3548 2481 3611 dubium,
2503 3563 2623 3617 qua:
2649 3548 2869 3617 scripsit
2903 3547 3013 3602 Leo
3040 3546 3083 3601 ll
3133 3544 3358 3614 integris
3387 3542 3525 3598 actis

1939 3641 2006 3696 de
2033 3639 2273 3694 Honorio
2320 3638 2594 3693 consona?
2642 3637 2700 3692 Si
2739 3638 2948 3702 vitiata,
2994 3634 3269 3706 quonmdo
3310 3632 3523 3695 facinus

1940 3745 2047 3784 non
2102 3728 2343 3799 agnovit,
2393 3741 2517 3782 cum
2562 3741 2747 3782 rerum
2794 3742 2927 3797 pars
2968 3741 3159 3797 magna
3205 3722 3404 3779 fuerit?
3460 3719 3519 3776 Si

1940 3820 2186 3891 agnovit,
2218 3820 2490 3890 quomodo
2537 3835 2647 3874 non
2690 3819 2972 3873 admonuit
2999 3833 3270 3873 summum
3301 3814 3523 3871 Pontifi‘

1936 3925 2077 3975 cem,
2109 3919 2443 3980 questusque
2468 3919 2552 3964 est
2588 3911 2654 3965 de
2698 3908 2910 3969 nefario
2952 3907 3194 3964 scelere?
3245 3905 3516 3976 quomodo

1937 4017 2186 4059 summus
2227 4001 2339 4072 ipse
2370 4000 2620 4056 Pontifex
2649 4002 2706 4059 in
2734 4017 2795 4058 re
2823 4010 2936 4057 tatu
2977 4000 3196 4056 infanda
3223 3997 3521 4055 conticuit?

1933 4094 2206 4163 quomodo
2232 4101 2611 4162 corruptorem
2638 4109 2744 4149 non
2772 4092 3067 4164 postulavit
3092 4089 3313 4146 nefandi
3343 4088 3505 4145 scele-

1934 4185 2013 4241 ris
2046 4185 2186 4251 apud
2220 4184 2645 4252 imperatorem?
2673 4183 2943 4253 quomodo
2988 4190 3352 4237 consentanea
3381 4168 3518 4235 actis

1934 4279 1989 4329 et
2028 4272 2327 4341 imperator
2365 4273 2603 4341 scripsit,
2652 4282 2707 4326 et
2744 4272 2859 4340 ipse
2905 4268 3148 4339 pontifex
3197 4267 3516 4339 rescripsit?

1933 4380 2041 4434 quo
2071 4363 2301 4418 crimine
2334 4365 2416 4416 vir
2440 4363 2813 4418 sanctissimus
2837 4370 2959 4417 acta
2991 4361 3199 4429 vitiata,
3228 4363 3341 4417 sedi
3371 4363 3512 4433 Apo-

1932 4453 2139 4510 stolicze
2174 4452 2454 4520 iniuriosa,
2483 4453 2750 4523 plenaque
2776 4452 3061 4509 calumniis
3108 4453 3164 4508 in
3190 4452 3507 4521 Honorium,

242 4549 350 4597 rat.
394 4540 530 4597 Nam
558 4543 753 4613 primo.
802 4545 944 4613 quod
976 4554 1195 4616 propter
1225 4542 1699 4602 Monothclismnm
1739 4547 1908 4641 de-D
1934 4563 2041 4602 non
2089 4545 2409 4617 approbavit
2453 4554 2683 4611 tantum,
2725 4545 2818 4601 sed
2872 4544 3065 4610 etiam,
3105 4552 3321 4601 retento
3359 4546 3511 4601 vitio.

238 4636 456 4707 positus
498 4635 589 4700 sit,
621 4644 676 4689 et
705 4635 921 4707 quidem
954 4637 1115 4707 paulo
1143 4646 1269 4693 ante
1315 4637 1591 4710 Synodum
1613 4678 1629 4705 ,
1665 4656 1825 4697 nemo

240 4737 494 4784 veterum
544 4726 729 4793 tradit,
778 4744 937 4782 nemo
968 4738 1093 4784 ante
1122 4729 1454 4785 Baronium:
1498 4748 1827 4803 quamquam

238 4821 483 4891 suspicio
527 4817 743 4873 Baronii
797 4818 953 4893 185
997 4837 1104 4876 non
1134 4820 1512 4893 itnprobabilis
1558 4825 1774 4879 videtur
1810 4838 1824 4879 :

238 4929 365 4968 nam
394 4923 451 4968 et
480 4911 735 4967 Macharii
761 4911 1085 4969 Antioebeui
1128 4914 1254 4968 fidei
1282 4913 1634 4984 subscripsit;
1666 4924 1721 4970 et
1762 4930 1828 4972 eo

235 5004 382 5063 facto
411 5005 807 5077 depositionem
843 5006 1059 5072 meruit,
1089 5022 1195 5077 qua
1229 5005 1496 5061 Macarius
1534 5006 1828 5064 mulctatus

234 5110 338 5154 est.
377 5097 604 5164 Deinde,
651 5098 754 5153 etsi
802 5098 1144 5152 consenserit
1183 5096 1443 5163 Macario,
1474 5098 1826 5167 quemadmo-

236 5190 365 5247 dum
402 5199 463 5246 et
494 5189 757 5260 Georgius
786 5202 1088 5255 successor,
1119 5199 1174 5244 at
1198 5190 1457 5261 pertinax
1476 5205 1581 5244 non
1606 5192 1821 5254 mansit,

236 5284 331 5341 sed
364 5282 663 5357 Georgium
710 5284 971 5346 imitatus,
1019 5283 1281 5353 resipuit:
1332 5283 1687 5354 quamobrem
1733 5281 1826 5337 de-

233 5371 427 5430 functo
454 5389 581 5427 mox
608 5373 893 5436 successit,
923 5372 1206 5426 restitutus
1232 5373 1284 5427 in
1313 5371 1496 5426 sedem
1521 5373 1670 5442 prius
1700 5371 1825 5427 reli-

234 5481 401 5528 ctam.
439 5471 692 5543 Synodus
737 5484 864 5527 vero
890 5467 1164 5529 neminem
1192 5464 1545 5539 proscripsit,
1580 5464 1690 5519 nisi
1733 5469 1825 5517 aut

237 5562 558 5619 defunctum
588 5570 682 5616 aut
709 5559 1067 5631 pertinacem.

305 5654 371 5712 L.
422 5655 626 5711 Verum
655 5654 755 5710 etsi
792 5652 913 5707 ficte
942 5648 1217 5722 professus
1256 5646 1470 5703 dicatur
1500 5644 1822 5707 catholicam

236 5744 401 5805 ﬁdem
451 5747 749 5818 cupiditate
797 5744 941 5801 sedis
1001 5742 1363 5813 recipiendae,
1414 5744 1517 5798 etsi
1539 5747 1823 5805 retinuerit

236 5839 423 5900 animo
470 5852 583 5896 non
630 5845 839 5896 tantum
878 5851 1145 5907 errorem,
1194 5833 1295 5895 sed
1332 5843 1499 5894 etiam
1542 5840 1721 5899 odium
1766 5845 1820 5901 in

1930 4638 2123 4695 Latina
2163 4638 2314 4701 fecit,
2349 4635 2712 4708 lliSpanisque
2756 4635 3067 4706 recipienda
3097 4635 3265 4707 186
3308 4635 3516 4706 pariter

1932 4746 1994 4786 ac
2019 4728 2188 4784 Gallis
2216 4727 2396 4782 misit?
2425 4728 2694 4797 quomodo
2728 4727 2918 4783 vitium
2955 4726 3099 4782 istud
3139 4727 3193 4785 in
3223 4727 3514 4797 professio-

1929 4837 2055 4876 nem
2086 4819 2208 4875 ﬁdei
2253 4835 2285 4873 a
2319 4818 2545 4873 summis
2572 4816 2926 4873 Pontificibus
2967 4816 3317 4872 emittendam
3347 4818 3508 4875 indu~

1929 4914 2048 4968 xit?
2096 4913 2154 4969 Si
2192 4913 2308 4970 htec
2350 4911 2689 4971 incredibilia
2728 4927 2839 4969 non
2875 4918 3026 4979 sunt,
3067 4911 3250 4984 qualia
3293 4913 3508 4968 tandem

1928 5006 2091 5061 sunt?

1998 5097 2127 5152 Llll.
2156 5095 2273 5152 Jam
2298 5112 2429 5153 vero
2455 5097 2582 5167 quid
2608 5095 2868 5155 faciemus
2894 5094 3013 5153 aliis
3039 5097 3269 5153 aliarum
3296 5092 3504 5150 sediutn

1928 5205 2247 5261 magnarum
2296 5189 2556 5261 Legatis?
2609 5191 2982 5246 retuleruntne
3027 5198 3084 5245 et
3128 5187 3228 5257 ipsi
3273 5200 3401 5240 suas
3449 5184 3507 5245 in

1925 5278 2239 5336 Provincias
2292 5289 2411 5335 acta
2469 5282 2690 5347 vitiata,
2746 5298 2815 5337 an
2861 5278 3106 5349 integra?
3162 5274 3221 5330 Si
3273 5275 3505 5347 integra,

1927 5373 2193 5443 quomodo
2245 5387 2310 5427 ex
2358 5370 2425 5426 iis
2470 5372 2753 5427 emendata
2802 5385 2909 5424 non
2958 5373 3111 5428 sunt,
3154 5378 3274 5434 qum
3315 5364 3506 5423 vitium

1925 5476 2084 5533 passa
2110 5472 2286 5526 erant,
2315 5460 2548 5516 maxime
2574 5476 2697 5515 cum
2739 5458 2965 5527 septima
2995 5463 3051 5509 et
3078 5464 3267 5511 octava
3299 5454 3503 5529 Synodi

1925 5567 2245 5630 Cogi’l‘ellllll‘
2272 5572 2339 5612 ex
2365 5556 2496 5611 orbe
2526 5555 2680 5609 toto?
2717 5552 2773 5606 Si
2800 5550 3008 5615 vitiata,
3032 5552 3125 5623 qui
3152 5552 3268 5607 fieri
3301 5552 3503 5621 potuit,

1922 5660 1986 5707 ut
2031 5653 2096 5706 de
2142 5651 2270 5704 vitio
2321 5648 2500 5702 nullus
2548 5660 2614 5698 ex
2663 5642 3002 5714 septuaginta
3052 5645 3292 5716 quinque
3332 5658 3503 5714 supra

1924 5753 2141 5802 centum
2187 5738 2483 5811 EpiscOpis,
2526 5732 2700 5787 nullus
2743 5747 2774 5789 e
2803 5733 3249 5808 Presbyterorum
3293 5733 3504 5795 infinita

1921 5856 2059 5914 pene
2100 5829 2445 5925 multitudine
2482 5826 2709 5895 verbum
2743 5824 2951 5897 diceret
2983 5828 3389 5909 scriberemus?
3412 5827 3503 5905 An
