4062 6430
569 381 671 447 159

1768 379 1858 434 AD
1896 372 2156 432 LIBRUM
2191 360 2509 428 DIURNUM

3623 316 3631 318 “
3728 363 3837 426 tso

565 507 714 564 totus
745 501 894 560 orbis
919 506 994 559 'ea
1031 505 1351 572 tempestate
1387 500 1738 570 obstupuerat
1764 513 1830 552 eo
1859 507 2050 563 usque,
2079 499 2139 546 ut

2311 483 2485 539 LVIII.
2529 481 2682 549 Quod
2717 480 2956 551 pertinet
2999 479 3067 535 ad
3097 477 3353 548 primum,
3387 492 3482 534 sex
3511 479 3732 536 omnino
3777 483 3839 539 in

559 609 623 656 et
648 599 838 654 vitium
873 603 928 651 ct
955 595 1166 649 facinus
1198 607 1494 665 agnoscere
1534 606 1641 646 non
1681 596 1883 660 posset,
1914 595 1993 641 tot
2022 585 2146 655 Epi-

559 691 769 761 sc0pis,
804 696 992 756 totque
1024 685 1249 740 Clericis
1282 692 1527 738 actorum
1563 680 1764 752 Synodi
1804 677 2056 740 consciis,
2095 683 2149 730 et

565 780 825 837 accusare
857 778 1165 832 valentibus
1187 819 1201 843 ,
1241 776 1328 830 vel
1376 777 1418 830 si
1452 781 1788 846 agnosceret,
1816 772 1910 826 uni
1941 768 2147 826 homini

567 886 742 941 neque
789 869 1190 940 potentissimo,
1250 880 1425 935 neque
1480 864 1695 933 optimae
1751 861 1928 926 famae,
1973 873 2148 928 neque

567 963 962 1035 gratiosissimo
990 961 1334 1030 Principibus
1371 957 1717 1013 adularetur?

636 1058 770 1112 LIV.
820 1056 958 1124 Quid
991 1056 1145 1127 plura
1172 1056 1508 1125 persequar?
1541 1053 1671 1122 quid
1702 1049 2147 1121 consequentium

554 1148 908 1213 saeculorum,
959 1149 1088 1218 quid
1142 1163 1474 1201 summorum
1499 1145 1842 1208 Pontificum,
1874 1142 2146 1198 Concilio-

564 1256 686 1294 rum
711 1241 1066 1312 generalium,
1097 1239 1389 1295 illustrium
1421 1239 1780 1308 Scriptorum,
1810 1247 1905 1292 aut
1927 1236 2148 1292 Honorii

565 1329 1094 1394 condemnationem,
1122 1338 1216 1384 aut
1248 1331 1314 1384 de
1337 1331 1681 1399 corruptione
1712 1337 1956 1383 actorum
1985 1329 2149 1383 silen-

563 1420 738 1474 tium?
768 1421 894 1489 quid
922 1420 1178 1476 Ecclesia:
1208 1421 1490 1490 ipsiusmet
1517 1421 1771 1474 Romanae
1808 1430 1915 1474 tam
1945 1421 2152 1475 diutur-

563 1525 689 1564 nam
724 1510 778 1564 in
805 1508 993 1566 Ofﬁcio
1031 1511 1088 1565 S.
1116 1511 1314 1565 Leonis
1358 1511 1401 1564 ll
1435 1511 1863 1566 confessionem?
1889 1511 2019 1581 quid
2066 1511 2150 1564 in-

564 1604 716 1660 ﬁnita
745 1605 1004 1675 ejusmodi
1033 1607 1389 1678 argumenta?

633 1697 742 1752 LV.
788 1698 1056 1754 Constans
1103 1700 1268 1769 igitur
1296 1714 1417 1753 cum
1450 1698 1522 1753 sit
1552 1705 1794 1752 actorum
1843 1696 2144 1766 integritas,

562 1799 821 1846 constans
867 1793 1078 1861 pariter
1125 1791 1347 1846 Honorii
1401 1791 1702 1865 ὀρθοδοξία,
1765 1788 2145 1858 inquirendum

561 1888 667 1945 est,
699 1897 819 1950 quae
845 1881 1007 1936 fuerit
1039 1890 1199 1936 tantae
1226 1881 1591 1936 damnationis
1614 1880 1760 1948 justa
1791 1897 1953 1936 causa
1983 1897 1995 1932 :
2022 1895 2144 1934 nam

562 1979 772 2025 sextam
804 1970 1106 2041 Synodum,
1141 1979 1234 2026 aut
1264 1970 1490 2038 rejicere
1516 1972 1664 2026 velut
1709 1973 1970 2041 spuriam,
2001 1971 2146 2041 quod

561 2061 695 2117 fecit
733 2063 985 2120 Albertus
1026 2064 1284 2136 Pighius;
1354 2073 1446 2119 aut
1493 2065 1753 2119 damnare
1805 2066 2030 2130 erroris,
2090 2065 2145 2118 in

562 2156 860 2224 quaestione
891 2154 1043 2221 facti,
1074 2157 1220 2226 quod
1260 2158 1434 2211 visum
1464 2158 1821 2227 quibusdam;
1865 2166 1958 2212 aut
1989 2151 2148 2212 risur-

463 2269 466 2271 λ
556 2254 698 2316 ρθιεε
729 2247 1072 2302 auctoritatis
1115 2248 1166 2301 in
1193 2246 1398 2316 judicio
1427 2247 1649 2303 Honorii
1689 2264 1969 2313 accusare,
2002 2249 2144 2320 quod

549 2336 628 2391 ab
652 2336 770 2391 aliis
806 2345 1102 2404 tentatum;
1141 2353 1249 2392 non
1280 2347 1384 2403 est,
1418 2347 1476 2393 ut
1503 2354 1605 2410 ego
1630 2339 1849 2409 quidem
1878 2355 2019 2404 reor,
2051 2340 2146 2394 ho-

551 2427 741 2492 minis,
772 2427 864 2497 qui
906 2437 1271 2483 consentanea
1319 2427 1466 2498 loqui
1492 2428 1620 2484 velit
1647 2446 1658 2481 :
1686 2445 1810 2484 nam
1855 2431 1899 2484 si
1929 2430 2147 2485 valeant

557 2523 904 2592 exceptiones
931 2523 1258 2593 ejuscemodi
1291 2532 1401 2579 tres
1427 2524 1688 2580 adversus
1713 2527 2044 2581 sententiam
2089 2527 2145 2582 in

557 2613 856 2669 Honorium
908 2631 939 2669 a
985 2615 1051 2671 VI
1100 2613 1318 2685 Synodo
1391 2615 1578 2683 latam,
1625 2618 1820 2673 merito
1869 2619 2146 2688 quaesierit

556 2705 774 2775 aliquis,
805 2706 950 2774 quod
995 2704 1197 2762 factum
1240 2715 1420 2772 antea,
1459 2722 1557 2763 cur
1596 2709 1682 2763 his
1724 2725 1833 2763 non
1879 2710 1988 2764 sint
2035 2711 2142 2777 usi,

557 2794 652 2864 qui
682 2802 807 2864 post
833 2792 1114 2865 Synodum
1140 2796 1415 2863 vixerunt,
1453 2805 1669 2853 veteres
1698 2798 1923 2854 Honorii
1953 2798 2142 2855 defen-

559 2899 741 2952 sores;
799 2901 898 2940 cur
945 2896 1340 2956 consequentes
1385 2888 1588 2961 Synodi
1641 2893 2017 2958 mcumenicae,
2053 2908 2140 2948 se-

552 2975 726 3048 ptima
775 2983 830 3031 et
881 2986 1105 3042 octava,
1157 2987 1367 3033 sextam
1414 2988 1508 3035 aut
1550 2980 1697 3036 velut
1745 2983 1986 3053 spuriam
2035 2999 2144 3040 non

558 3065 885 3136 reiecerunt,
913 3078 1006 3125 aut
1037 3079 1294 3140 tanquam
1321 3080 1596 3128 errantem
1626 3082 1827 3129 secutae
1857 3083 2012 3142 sunt;
2046 3091 2144 3129 cur

559 3158 756 3212 summi
819 3159 1107 3217 Pontifices
1169 3177 1276 3217 non
1333 3163 1492 3218 modo
1545 3179 1652 3220 non
1707 3165 2140 3222 reclamaverunt

560 3248 820 3305 adversus
867 3250 1134 3322 illegitimi
1171 3250 1360 3320 judicii
1410 3270 1558 3310 ream
1585 3296 1602 3321 ,
1658 3257 1753 3311 sed
1797 3272 1915 3312 eam
1959 3258 2140 3328 potius

558 3341 679 3412 pari
725 3357 847 3397 cum
892 3344 1132 3416 quinque
1155 3346 1586 3414 praecedentibus
1625 3349 1974 3405 veneratione
2019 3364 2144 3419 pro-

561 3434 732 3489 secuti
763 3445 919 3502 sunt;
969 3453 1065 3492 cur
1113 3439 1166 3493 in
1197 3455 1316 3494 eam
1341 3439 1884 3514 juraruntEpiscopi
1922 3444 2145 3515 Episco-

556 3540 772 3597 porum,
821 3545 945 3584 cum
998 3529 1054 3584 in
1104 3530 1288 3586 sedem
1331 3532 1697 3604 Apostolicam
1750 3540 2138 3607 ascenderem;

558 3632 660 3674 cur
683 3634 808 3675 cum
852 3620 907 3674 in
950 3636 1072 3676 eam
1110 3619 1379 3690 jurarent,
1428 3639 1534 3678 non
1582 3627 1744 3682 modo
1776 3627 2144 3686 definitionem

558 3708 685 3765 fidei
721 3711 1029 3779 laudarunt,
1063 3714 1158 3770 sed
1192 3713 1356 3770 etiam
1380 3715 1621 3773 damnati
1647 3718 1871 3776 Honorii
1898 3721 2145 3777 nomina-

563 3798 659 3853 tim
697 3801 1061 3857 meminerunt

627 3886 759 3942 LVI.
793 3891 996 3944 Omitto
1021 3890 1222 3960 dicere,
1252 3911 1360 3950 non
1390 3896 1562 3952 solum
1591 3897 1656 3952 de
1677 3906 1865 3954 sancto
1879 3899 2137 3968 Lconell,

557 3981 652 4051 qui
678 3979 976 4052 Synodum,
1003 3986 1168 4040 etiam
1211 4002 1316 4058 qua
1346 4000 1499 4060 parte
1527 4000 1816 4046 accusatur
1845 3992 2139 4061 Honorius,

558 4073 766 4131 Latinis
806 4086 861 4132 et
897 4077 1177 4149 legendam
1225 4092 1279 4137 et
1325 4084 1689 4153 recipiendam
1736 4087 2002 4153 exhibuit,
2046 4089 2140 4143 sed

557 4169 720 4225 etiam
769 4171 835 4226 de
883 4172 1174 4231 Gallicanis
1220 4176 1578 4250 Hispanisque
1623 4179 1988 4248 Przcsulibus,
2045 4184 2139 4256 qui

554 4262 857 4319 exhibitam
898 4281 1179 4338 recepere;
1231 4269 1340 4324 imo
1379 4270 1526 4325 etde
1553 4272 1945 4330 Collectoribus
1970 4274 2141 4332 Cano-

554 4363 684 4428 num
733 4355 1060 4413 doctissimis
1117 4359 1324 4425 Yvone,
1382 4362 1661 4429 Ausclmo,
1722 4367 2032 4433 Deusdedit,
2084 4375 2140 4424 et

555 4439 834 4510 Gratiano,
871 4449 962 4516 qui
999 4461 1208 4502 sextam
1239 4451 1517 4521 Synodum
1552 4458 1709 4526 187
1741 4472 2136 4518 accensucrunt

2246 578 2381 632 locis
2423 586 2665 631 actorum
2711 574 2894 628 afferri
2937 574 3154 628 videtur
3198 587 3387 638 causa,
3437 588 3536 626 cur
3559 572 3841 630 Honorius

2246 669 2554 724 damnetur.
2604 667 2722 721 Act.
2759 683 2879 729 xm,
2910 680 3034 734 pag.
3066 679 3217 719 nova:
3247 662 3512 718 Editiouis
3539 663 3665 730 944,
3689 665 3840 734 quod

2247 760 2364 829 ejus
2413 760 2641 830 epistola
2686 760 2754 813 ad
2785 759 3032 830 Sergium
3071 758 3412 812 dissentanea
3451 757 3523 811 sit
3558 755 3836 812 Patrihus.

2247 852 2472 916 Ibidem,
2505 850 2648 920 quod
2679 849 2855 919 Sergii
2893 857 3126 904 mentem
3175 849 3230 902 in
3259 848 3510 904 omnibus
3551 859 3838 919 sequatur,

2247 951 2303 997 et
2330 943 2582 1012 dogmata
2608 940 2910 996 confirmet.
2944 940 3065 995 Act.
3100 955 3211 1005 xxv,
3245 955 3365 1010 pag.
3397 939 3524 1003 972,
3551 941 3695 1009 quod
3720 941 3826 1010 ejui'

2248 1035 2476 1104 epistola
2521 1035 2575 1088 in
2605 1049 2769 1087 unam
2799 1032 3154 1101 eamdemque
3189 1031 3520 1101 impietatem
3547 1047 3669 1086 cum
3699 1032 3836 1086 scri-

2249 1127 2357 1197 ptis
2383 1125 2762 1181 haereticorum
2791 1130 3100 1179 concurrat.
3146 1123 3268 1176 Act.
3302 1138 3478 1186 xvni,.
3508 1138 3635 1193 pag.
3671 1121 3842 1189 1024,

2250 1221 2393 1290 quod
2434 1235 2530 1288 per
2567 1234 2690 1274 eum
2725 1218 2948 1288 perinde
2984 1225 3146 1286 atque
3184 1230 3281 1286 per
3320 1215 3454 1269 alios
3483 1215 3693 1269 daemon
3725 1215 3843 1270 dis—

2252 1311 2602 1366 semtnaverit
2637 1308 2888 1363 haeresim
2931 1307 3094 1361 unius
3136 1306 3430 1360 voluntatis
3471 1314 3524 1360 et
3566 1307 3843 1375 operatio-

2251 1404 2356 1468 nis,
2385 1413 2490 1458 etc.
2538 1403 2658 1456 Act.
2690 1399 2880 1455 eadem
2923 1415 3048 1469 pag.
3076 1399 3231 1465 1044,
3278 1399 3419 1470 quod
3459 1399 3844 1468 prtedicaverit

2251 1510 2417 1549 unam
2448 1493 2778 1548 voluntatem
2810 1500 2865 1546 et
2889 1492 3282 1561 operationem.
3337 1491 3536 1546 Eadem
3559 1491 3680 1545 Act.
3711 1507 3838 1563 pag.

2251 1584 2414 1649 l055,
2442 1584 2587 1654 quod
2631 1590 2850 1638 secutus
2893 1582 2966 1638 sit
2993 1581 3360 1647 Theodorum,
3391 1578 3666 1652 Sergium,
3703 1580 3842 1652 Pyr-

2254 1675 2429 1736 rhum,
2460 1685 2567 1730 etc.

2303 1765 2456 1826 ,LIX.
2501 1767 2578 1820 Ex
2620 1765 2705 1821 his
2747 1765 2881 1822 locis
2925 1765 3214 1831 contendo,
3246 1765 3290 1821 si
3318 1766 3479 1822 modo
3501 1766 3836 1834 referantur,

2173 1849 2222 1909 B
2249 1867 2309 1913 ut
2347 1875 2405 1913 se
2443 1859 2665 1933 habent,
2699 1859 2950 1915 concludi
2997 1875 3104 1914 non
3139 1875 3297 1930 posse
3332 1858 3628 1914 Honorium
3676 1877 3708 1915 a
3737 1861 3840 1932 Sy-

2247 1955 2390 2007 nodo
2429 1953 2737 2021 perculsum
2784 1955 3163 2019 anathemate,
3204 1961 3490 2023 propterea
3528 1955 3672 2024 quod
3717 1956 3842 2010 uni-

2249 2059 2367 2098 cam
2423 2045 2474 2098 in
2502 2043 2717 2099 Christo
2759 2043 3097 2100 voluntatem
3145 2045 3436 2109 docuisset,
3487 2046 3580 2100 sed
3627 2055 3840 2101 tantum

2247 2135 2390 2205 quod
2415 2135 2732 2190 docentibus
2759 2133 2977 2202 faverit,
3007 2134 3342 2206 docendique
3373 2136 3842 2206 opportunitatem

2249 2228 2699 2300 suppeditaverit.

2316 2339 2429 2394 LX.
2472 2339 2690 2395 Primus
2733 2339 2886 2396 locus
2933 2340 3013 2395 sic
3061 2354 3122 2395 se
3167 2339 3350 2395 habet.
3404 2358 3423 2391 ι
3457 2339 3845 2396 Retractantes

2245 2434 2582 2506 degmaticas
2609 2433 2888 2505 epistolas,
2922 2449 3042 2504 quae
3071 2441 3328 2504 tanquam
3379 2449 3409 2488 a
3440 2432 3630 2506 Sergio
3656 2450 3842 2504 quon-

2245 2527 2369 2582 dam
2395 2526 2716 2583 Patriarcha
2745 2525 2906 2596 hujus
2935 2527 3099 2598 regia:
3126 2527 3278 2582 urtis
3306 2527 3520 2597 scriptae
3545 2537 3690 2592 sunt,
3724 2537 3841 2582 tam

2245 2620 2313 2675 ad
2361 2620 2561 2691 Cyrum
2587 2661 2602 2686 ,
2656 2620 2746 2690 qui
2811 2628 2939 2675 tunc
2982 2620 3162 2675 fuerat
3203 2619 3500 2690 Episc0pus
3545 2619 3839 2686 Phasidis,

2245 2728 2405 2782 quam
2434 2713 2502 2766 ad
2531 2712 2829 2766 Honorium
2856 2713 3124 2781 quondam
3142 2710 3344 2781 Papam
3367 2712 3597 2781 antiqua:
3613 2711 3844 2778 Romae;

2245 2803 2493 2859 similiter
2537 2813 2593 2858 et
2639 2804 2924 2874 epistolam
2971 2805 3038 2859 ab
3088 2802 3201 2868 illo,
3236 2803 3288 2858 id
3325 2813 3428 2870 est,
3458 2803 3693 2859 Honorio
3747 2819 3844 2858 re-

2244 2895 2502 2963 scriptam
2540 2896 2606 2948 ad
2638 2895 2889 2950 eumdem
2927 2893 3176 2966 Sergium
3209 2914 3222 2949 :
3257 2895 3464 2965 hasque
3499 2895 3846 2951 invenientes

2243 2988 2466 3043 omnino
2509 2988 2716 3043 alienas
2758 2990 2992 3044 existere
3023 2991 3090 3043 ab
3121 2989 3447 3060 Apostolicis
3470 2988 3845 3059 dogmatibus,

2240 3089 2297 3135 et
2332 3094 2363 3134 a
2389 3080 2796 3136 definitionibus
2829 3090 3145 3138 sanctorum
3177 3081 3564 3148 Conciliorum,
3615 3089 3673 3135 et
3704 3095 3850 3135 cun-

2168 3212 2212 3277 C
2245 3180 2454 3228 ctorum
2500 3174 2862 3243 probabilium
2892 3175 3141 3242 Patrum,
3179 3175 3333 3246 sequi
3372 3189 3504 3230 vero
3547 3173 3711 3228 falsas
3747 3175 3850 3229 (10--

2245 3267 2450 3322 ctrinas
2493 3267 2896 3334 haereticorum,
2947 3284 3040 3323 eas
3087 3269 3396 3324 omnimodo
3437 3265 3744 3334 abjicimus,
3791 3275 3848 3322 et

2243 3367 2503 3430 tanquam
2532 3361 2727 3416 animae
2753 3361 2944 3416 noxias
2981 3376 3318 3416 execrantur.
3360 3381 3380 3413 ι
3431 3359 3598 3430 Atqui
3627 3376 3693 3415 eo
3734 3363 3849 3418 loci

2243 3451 2424 3507 nullus
2459 3467 2639 3508 sermo
2675 3452 2738 3506 fit
2772 3437 3029 3520 expresse
3063 3453 3130 3507 de
3161 3467 3266 3505 una
3291 3450 3493 3505 Christi
3526 3451 3846 3518 voluntate,

2241 3545 2337 3600 sed
2370 3553 2578 3600 tantum
2610 3545 2908 3614 generatim
2944 3544 3010 3600 de
3046 3541 3199 3597 falsis
3226 3541 3487 3596 doctrinis
3531 3541 3853 3598 abhorren-

2241 3637 2388 3694 tibus
2415 3638 2484 3693 ah
2509 3637 2891 3708 Apostolorum
2922 3636 3230 3692 traditione.
3273 3634 3582 3689 Abhorrent
3608 3633 3849 3704 quidem

2243 3730 2420 3802 Sergii
2464 3738 2520 3784 et
2546 3728 2742 3802 Pyrrhi
2785 3729 3048 3786 doctrina:
3095 3728 3164 3783 ab
3193 3725 3574 3797 Apostolorum
3616 3724 3684 3778 de
3726 3724 3847 3782 fide

2240 3821 2570 3878 traditione:
2607 3823 2868 3876 abhorret
2905 3836 3034 3876 vero
3078 3817 3380 3875 inconsulta
3406 3815 3652 3882 Honorii,
3683 3817 3848 3888 igna-

2239 3912 2381 3964 viter
2422 3909 2657 3964 nolentis
2703 3912 2970 3965 obsistere
3011 3909 3303 3974 haereticis,
3343 3908 3644 3963 oeconomia
3686 3924 3712 3961 a
3744 3924 3844 3979 ge-

2241 4017 2434 4058 nerosa
2483 4001 2804 4057 fortitudine
2843 4002 3020 4066 Pauli,
3056 4001 3393 4071 aliorumque
3419 3999 3838 4072 Apostolorum,

2241 4094 2685 4158 contestantium,
2726 4094 2836 4148 Deo
2886 4092 3060 4164 magis
3105 4108 3268 4162 quam
3314 4092 3624 4148 hominibus
3673 4093 3840 4147 obse-

2239 4186 2465 4243 cundari
2499 4195 2770 4256 oportere.

2309 4281 2446 4336 LXI.
2498 4282 2554 4335 ln
2590 4281 2829 4336 secundo
2864 4279 2984 4334 loco
3015 4278 3283 4351 Synodus,
3316 4286 3603 4348 postquam
3631 4293 3837 4333 nomen

2239 4388 2429 4429 eorum
2498 4374 2865 4444 proscripsit,
2919 4372 3081 4442 188
3131 4387 3360 4441 quorum
3413 4371 3626 4441 Agatho
3679 4369 3836 4440 Papa

2239 4468 2569 4521 mentionem
2629 4466 2835 4520 fecerat
2893 4465 2947 4518 in
3001 4464 3246 4533 epistola,
3297 4464 3350 4519 id
3399 4473 3504 4529 est,
3557 4463 3836 4521 Theodori

555 4531 708 4638 aliis,
773 4535 890 4590 sine
948 4539 1266 4607 exceptione
1315 4542 1423 4638 ulla
1489 4553 1583 4597 aut
1639 4547 2128 4607 animadversione.
2159 4557 2608 4638 DPharanitani,
2644 4557 2771 4628 Cyri
2814 4531 3189 4622 Alexandrini,
3236 4553 3431 4627 Sergii,
3467 4556 3684 4627 pyri-hi,
3722 4555 3834 4613 Pe-

552 4623 746 4680 Annon
775 4635 897 4682 erat
924 4637 1154 4699 utraque
1185 4632 1419 4686 maxime
1455 4648 1609 4701 opus,
1641 4635 1687 4690 si
1726 4638 1807 4692 vel
1847 4642 2029 4710 spuria
2064 4645 2134 4699 sit

553 4731 706 4778 sexta
735 4721 1002 4795 Synodus,
1030 4726 1115 4782 vel
1142 4728 1374 4796 erroris,
1404 4741 1782 4803 usurpataeque
1828 4739 2134 4794 autoritatis

554 4827 645 4868 rea
668 4814 692 4867 ?

559 4923 562 4926 ’
625 4904 777 4963 LVII.
830 4906 902 4962 Ut
920 4908 1068 4978 justa
1107 4907 1472 4969 damnationis
1502 4930 1684 4980 causa,
1715 4931 1876 4986 quam
1904 4917 2132 4988 inquiri-

550 5011 695 5064 mus,
745 4996 1032 5054 manifeste
1076 5013 1355 5071 appareat,
1384 5006 1636 5060 videntur
1663 5007 1796 5062 mihi
1824 5009 1925 5064 tria
1955 5021 2133 5066 osten-

549 5087 744 5147 denda.
790 5091 1054 5162 Primum,
1106 5098 1249 5166 quod
1295 5105 1454 5152 antea
1490 5112 1774 5165 assertum,
1824 5117 1930 5156 non
1971 5117 2131 5172 posse

548 5183 794 5239 concludi
834 5200 901 5240 ex
941 5187 1100 5254 actis,
1144 5189 1251 5243 imo
1288 5203 1461 5259 neque
1497 5205 1708 5258 eorum,
1744 5193 1834 5263 qui
1875 5195 2010 5249 actis
2046 5195 2131 5250 vel

549 5275 896 5335 conficiendis
941 5279 1345 5347 interfuerunt,
1405 5283 1488 5338 vel
1537 5289 1981 5357 recognoscendis
2029 5290 2131 5344 im-

549 5368 764 5434 pensius
789 5374 1130 5440 studuerunt,
1159 5375 1485 5439 testimonio,
1515 5378 1823 5433 damnatum
1856 5395 1884 5434 a
1911 5380 2128 5451 Synodo

554 5454 862 5523 Honorium,
892 5465 1035 5530 quod
1060 5466 1221 5520 unius
1250 5467 1302 5520 in
1325 5465 1542 5521 Christo
1574 5469 1862 5524 voluntatis
1889 5479 2128 5525 assertor

545 5558 707 5603 esset.
756 5552 1032 5622 Alterum,
1081 5560 1444 5615 damnationis
1491 5561 1652 5615 aliam
1703 5579 1956 5629 causam,
2009 5574 2062 5619 et
2092 5580 2126 5620 a

547 5642 764 5714 Synodo
807 5645 1054 5713 indicari,
1101 5659 1157 5705 et
1201 5655 1266 5707 ab
1316 5655 1436 5708 aliis
1485 5654 1725 5721 ejusdem
1761 5657 1937 5710 aetatis
1987 5645 2128 5713 con-i

545 5742 751 5792 stanter
789 5741 1288 5815 concordanterque
1317 5749 1476 5802 tradi.
1534 5748 1891 5814 Postremum,
1919 5749 2123 5818 justam

547 5825 738 5903 fuisse,
767 5849 932 5909 quam
957 5835 1034 5894 illi
1062 5839 1302 5912 tradunt,
1327 5843 1692 5901 damnationis
1720 5859 1959 5903 causam.

2237 4649 2306 4702 tri
2344 4655 2399 4702 et
2431 4647 2583 4701 Pauli
2631 4647 3391 4716 Constantinopolitanorum,
3464 4663 3665 4717 eosque
3710 4667 3728 4698 ‹
3771 4658 3836 4704 ut

2235 4748 2362 4809 pote
2412 4739 2680 4794 contraria
2731 4749 2893 4795 recta:
2943 4739 3068 4795 fidei
3123 4741 3421 4796 sentientes
3493 4742 3833 4796 anathemati

2237 4831 2481 4885 submitti
2528 4830 2794 4887 definivit.
2831 4852 2850 4884 ι
2921 4832 3106 4904 Pergit
3153 4833 3208 4887 in
3249 4835 3365 4888 haec
3396 4835 3602 4889 verba:
3633 4853 3652 4884 ι
3689 4833 3830 4889 Cum

2234 4923 2321 4979 his
2348 4941 2476 4981 vero
2510 4925 2670 4982 simul
2697 4925 2887 4996 projici
2940 4942 2969 4980 a
2999 4934 3187 4981 sancta
3213 4927 3307 4981 Dei
3334 4925 3609 4983 Catholica
3637 4928 3829 4983 Eccle-

2237 5018 2336 5084 sia,
2379 5020 2644 5088 simulque
2685 5019 3137 5074 anathematizari
3171 5017 3517 5087 praevidimus
3554 5028 3608 5073 et
3637 5019 3823 5074 Hono-

2234 5109 2394 5173 rium,
2425 5109 2517 5179 qui
2548 5109 2650 5163 fuit
2679 5109 2824 5178 Papa
2857 5110 3093 5179 antiqua:
3118 5109 3322 5174 Romae,
3353 5125 3418 5164 eo
3445 5111 3586 5178 quod
3615 5109 3826 5164 inveni-

2236 5218 2358 5257 mus
2384 5218 2482 5270 per
2517 5203 2743 5272 scripta,
2773 5219 2892 5272 quae
2923 5203 2990 5256 ab
3019 5218 3083 5257 eo
3111 5201 3251 5258 facta
3290 5213 3415 5258 sunt
3453 5203 3519 5258 ad
3545 5201 3820 5271 Sergium,

2233 5294 2358 5363 quia
2405 5293 2457 5346 in
2497 5293 2750 5347 omnibus
2795 5293 2914 5363 ejus
2956 5301 3192 5349 mentem
3234 5304 3452 5350 secutus
3494 5305 3607 5362 est,
3653 5296 3821 5363 impia

2232 5385 2478 5455 dogmata
2511 5385 2872 5440 confirmavit.
2923 5407 2941 5441 ι

2304 5477 2782 5534 Verumenimvero
2831 5479 2980 5535 locus
3016 5481 3106 5536 hic
3145 5487 3359 5535 tantum
3401 5481 3572 5546 abest,
3605 5487 3665 5534 ut
3689 5493 3818 5549 pro-

2230 5571 2340 5635 bet,
2374 5571 2668 5626 Honorium
2700 5575 2861 5629 unius
2893 5574 3189 5629 voluntatis
3229 5583 3450 5629 asserta:
3475 5575 3812 5640 damnatum,

2229 5671 2289 5717 ut
2317 5665 2368 5716 in
2399 5667 2733 5720 contrarium
2765 5668 2943 5722 afferri
2971 5677 3132 5736 queat
3158 5686 3169 5720 :
3201 5677 3437 5722 mentem
3463 5669 3608 5724 enim
3635 5668 3811 5739 Sergii

2229 5765 2475 5808 secutum
2507 5773 2649 5824 esse,
2689 5775 2794 5813 non
2832 5769 2915 5814 est
2953 5761 3017 5815 de
3045 5761 3295 5832 dogmate
3326 5763 3680 5826 consensisse,
3714 5762 3810 5817 scd

2230 5846 2524 5908 adhaesisse
2585 5853 2810 5910 consilio
2851 5852 2918 5912 de
2967 5853 3183 5912 silentio
3241 5853 3552 5925 indicendo;
3604 5853 3807 5935 .Graece
