4062 6458
263 401 355 457 161

1229 398 1845 460 DISSERTATIONES.
1882 435 1954 448 —
1991 405 2448 466 DlSSERTATIO
2480 407 2543 464 ll.

3421 420 3528 478 162

257 516 404 570 enim
427 515 623 588 legitur
737 515 924 572 ἐκείνου
952 516 1124 590 γνώμῃ
1147 519 1633 584 ἐξακολουθήσαντα,
1660 519 1712 574 id
1735 527 1822 575 est

2018 524 2202 581 LXIV.
2242 525 2556 582 Postremus
2595 525 2746 584 locus
2787 527 2842 584 in
2867 531 3289 603 prosphonetieo
3323 537 3390 592 ad
3416 536 3526 593 Im-

256 608 491 663 consilio
523 607 866 672 famulatum,
911 623 1016 677 quo
1052 607 1194 664 facta
1233 609 1396 680 impia
1431 612 1548 682 ejus
1593 613 1844 683 dogmata

170 721 176 733 ι
255 701 634 768 conﬁrmavit,
683 717 789 755 non
836 701 1240 766 consentiendo,
1295 703 1389 757 sed
1438 704 1794 761 connivendo.

329 791 574 846 Observo
608 793 675 846 ad
707 793 848 846 hunc
879 791 1076 856 locum,
1111 792 1300 862 proiici
1330 793 1400 848 ab
1427 795 1669 850 Ecclesia
1699 813 1845 852 mor-

251 890 475 938 tuorum
511 884 754 947 nomina,
783 899 986 953 eosque
1020 886 1353 941 anathemati
1390 887 1654 956 submitti,
1699 890 1844 947 aliud

251 974 393 1030 nihil
422 990 562 1040 esse,
594 989 757 1044 quam
787 990 975 1030 coram
1013 978 1234 1032 nomina
1275 994 1341 1034 ex
1373 980 1544 1034 sacris
1573 980 1843 1053 diptychis

253 1064 448 1128 deleri,
484 1073 539 1120 et
569 1065 914 1142 inEchesia,
947 1067 1031 1121 vel
1057 1069 1279 1123 omnino
1313 1085 1422 1124 non
1446 1072 1724 1142 appellari,
1755 1073 1842 1128 vel

250 1170 364 1211 non
394 1156 514 1211 sine
544 1155 733 1212 infami
757 1156 933 1228 elogio
969 1167 1131 1229 atque
1157 1159 1442 1216 dedecore.

326 1245 545 1302 Tertius
589 1247 740 1303 Iocus
785 1249 1028 1305 continet
1062 1252 1386 1307 sententiam
1426 1252 1628 1324 Synodi
1671 1255 1735 1310 de
1773 1255 1840 1311 li-

247 1335 429 1402 bellis,
480 1339 666 1404 cartis,
717 1348 771 1395 et
824 1342 1114 1411 opusculis,
1173 1359 1293 1414 quas
1339 1360 1372 1398 a
1413 1344 1840 1418 Chartophylace

245 1428 460 1498 prolata
496 1429 731 1496 fuerant,
761 1440 816 1487 et
852 1449 1036 1488 coram
1061 1433 1315 1490 Patribus
1359 1436 1518 1499 lecta,
1552 1439 1693 1494 inter
1719 1456 1839 1510 qua:

247 1521 477 1577 Honorii
520 1525 759 1594 epistola:
798 1527 918 1582 dua:
948 1527 1183 1592 fuerunt,
1215 1537 1314 1585 τῶν
1345 1516 1540 1591 εἴδησιύ
1569 1533 1836 1601 λαϐόντες,

246 1612 478 1687 ἔγνωμεν
508 1620 580 1677 εἰς
613 1619 732 1686 μίαν
767 1623 853 1673 καὶ
883 1625 973 1678 τὴν
1003 1621 1159 1680 αὐτὴν
1195 1622 1433 1677 ἀσέϐειαν
1463 1625 1718 1700 φέρεσθαι,
1751 1630 1838 1682 καὶ

246 1706 545 1777 συνεὶδομιν
572 1717 738 1764 ταῦτα
761 1713 832 1771 εἰς
855 1711 1042 1785 βεϐηλα
1065 1715 1151 1766 καὶ
1172 1712 1485 1790 ψυχοφθόρα
1506 1727 1837 1790 παραχρῆμα

243 1799 378 1869 πρὸς
411 1800 598 1854 τέλειον
633 1803 914 1872 ἀφανισμὸν
944 1807 1050 1878 πύρ
1088 1804 1455 1880 παραδοθῆναι.
1503 1805 1602 1862 His
1629 1826 1834 1880 perspe-

1943 627 2255 685 peratorem
2314 633 2505 689 parum
2556 604 2844 676 admodum
2888 622 3064 689 valet,
3117 623 3188 679 ad
3233 624 3526 684 Honorium

1943 700 2104 765 unius
2129 710 2422 767 voluntatis
2447 721 2670 768 asserta:
2704 728 2853 768 reum
2880 716 3268 787 peragendum,
3297 717 3527 776 multum

1944 799 2009 853 ad
2052 799 2455 857 absolvendum.
2504 801 2596 858 Sic
2635 804 2781 859 enim
2816 820 2876 860 se
2913 806 3117 862 habet:
3151 825 3172 860 ι
3215 807 3526 878 Supertluas

1942 904 2136 945 vocum
2181 894 2452 950 novitates
2494 903 2550 950 et
2583 896 2779 950 harum
2821 897 3202 955 adinventores
3228 899 3420 972 procul
3458 904 3527 958 ab

1941 983 2331 1041 ecclesiasticis
2389 987 2560 1057 septis
2601 986 2912 1056 abiicimus,
2951 998 3008 1046 et
3045 992 3378 1048 anathemati
3413 1008 3525 1050 me-

1939 1074 2047 1130 rito
2070 1076 2404 1146 subiicimus,
2435 1080 2777 1138 Theodorum
2797 1083 3248 1152 Pharanitanum,
3273 1085 3525 1158 Sergium

1939 1175 1994 1224 et
2016 1168 2265 1236 Paulum,
2291 1171 2560 1242 Pyrrhum
2593 1175 2753 1230 simul
2781 1185 2836 1232 et
2860 1176 3105 1244 Petrum,
3136 1178 3228 1248 qui
3257 1177 3526 1235 Constan—

1939 1261 2240 1334 tinopoleos
2263 1264 2620 1323 Praesulatum
2652 1277 2962 1337 tenuerunt,
2996 1271 3220 1344 insuper
3247 1280 3304 1327 et
3321 1271 3524 1344 Cyrum

1937 1353 2031 1422 qui
2058 1353 2550 1412 Alexandrinorum
2587 1362 2949 1418 sacerdotium
2977 1365 3164 1437 gessit,
3195 1373 3252 1419 et
3281 1380 3404 1421 cum
3442 1365 3522 1420 eis

1938 1443 2260 1514 Honorium,
2289 1451 2380 1518 qui
2413 1449 2514 1505 fuit
2535 1450 2722 1508 Romae
2736 1453 2960 1521 Praasul,
2991 1465 3051 1511 ut
3075 1465 3197 1528 pote
3225 1458 3319 1528 qui
3346 1473 3440 1514 eos
3466 1459 3523 1514 in

1937 1535 2025 1592 his
2053 1549 2273 1594 secutus
2305 1549 2408 1596 est.
2432 1537 2465 1594 ἰ
2503 1541 2712 1611 Graece,
2745 1548 2814 1607 ὡς·
2846 1549 3046 1610 ἐκείνοις
3081 1551 3132 1604 ἓν
3159 1552 3360 1612 τούτοις
3399 1553 3522 1607 δικο-

1936 1629 2280 1690 λουθήσαντα.
2311 1630 2720 1691 Observandum
2751 1645 2953 1704 autem,
2982 1638 3281 1695 Honorium
3311 1641 3380 1696 ab
3403 1640 3525 1697 aliis

1937 1720 2169 1792 seiungi.
2202 1725 2355 1793 quasi
2392 1725 2628 1797 disparis
2654 1729 2982 1785 conditionis
3011 1741 3175 1799 esset,
3217 1742 3272 1788 et
3301 1734 3527 1789 damna-

1935 1817 2051 1865 tum
2098 1814 2228 1880 dici,
2278 1817 2422 1885 quod
2474 1818 2596 1874 aliis
2639 1819 2933 1877 famulatus
2984 1824 3385 1895 obsecutusque
3432 1825 3524 1890 sit,

244 1888 362 1951 etis,
402 1892 738 1960 cognovimus
781 1893 834 1946 in
878 1909 1037 1948 unum
1075 1895 1245 1965 ipsam
1278 1897 1612 1970 eamdemque
1654 1901 1836 1971 impie-
1860 1887 1909 1948 Β
1936 1903 2041 1958 hoc
2083 1905 2229 1959 enim
2276 1907 2546 1976 signiﬁcat
2584 1925 2688 1965 vox
2737 1913 3187 1974 ἀκολουθήσανθος.
3243 1915 3524 1980 Perversis

246 1979 406 2029 tatem
441 1978 674 2044 tendere,
713 1990 759 2034 et
795 1980 929 2034 velut
964 1983 1191 2052 profana
1227 2002 1288 2038 ac
1322 1987 1513 2040 animis
1540 1989 1833 2057 perniciosa

244 2069 498 2121 continuo
526 2071 636 2139 igni
671 2072 929 2126 tradenda
962 2075 1276 2130 censuimus.
1312 2076 1419 2134 Sed
1445 2095 1568 2134 cum
1599 2080 1651 2135 in
1686 2097 1833 2138 eam-

243 2157 367 2214 dem
399 2159 602 2230 dispari
639 2162 800 2218 modo
837 2163 1171 2236 impietatem
1205 2168 1427 2225 tendere
1455 2173 1666 2240 possint
1699 2175 1834 2230 scri-

240 2258 334 2319 pta
363 2251 500 2315 duo;
537 2252 790 2319 alterum,
818 2256 944 2324 quia
967 2256 1162 2328 dogma
1188 2275 1200 2310 :
1232 2257 1478 2324 alterum,
1518 2263 1645 2332 quia
1676 2264 1834 2319 dissi-

242 2341 596 2396 mulationem
621 2344 890 2415 dogmatis
918 2348 1164 2403 continet
1190 2365 1202 2401 :
1228 2351 1549 2407 concludere
1577 2369 1682 2407 non
1706 2354 1835 2409 licet

241 2434 390 2500 inde,
422 2436 677 2505 Epistolis
706 2437 932 2494 Honorii
966 2441 1232 2496 contineri
1270 2443 1490 2498 deﬁnite
1516 2445 1831 2502 haereticum

241 2526 462 2597 dogma,
491 2530 583 2584 sed
614 2529 937 2586 alterutrum
965 2532 1251 2588 dumtaxat
1278 2533 1576 2591 indeﬁnite.

319 2615 475 2669 LXII.
516 2616 692 2673 Nihilo
731 2619 853 2689 plus
893 2620 1038 2676 valet
1071 2631 1302 2692 quartus
1340 2623 1531 2682 locus:
1572 2627 1650 2682 ait
1685 2627 1832 2684 enim

241 2707 515 2778 Synodus,
548 2729 568 2761 ι
601 2712 900 2768 daemonem
930 2729 1028 2784 per
1054 2730 1258 2786 organa
1290 2732 1407 2782 sua,
1433 2718 1487 2774 id
1513 2727 1616 2786 est,
1649 2720 1831 2777 Theo-

239 2799 456 2866 dorum,
497 2801 768 2874 Sergium,
799 2805 1092 2876 Pyrrhum,
1143 2806 1364 2864 Petrum
1403 2820 1459 2865 et
1481 2812 1730 2875 Paulum.
1775 2822 1832 2869 et

239 2889 560 2959 Honorium,
602 2911 666 2951 ac
704 2895 926 2968 Cyrum,
965 2906 1128 2970 atque
1159 2899 1478 2969 Maearium,
1511 2912 1567 2958 et
1600 2903 1832 2976 Stepha-

237 3000 368 3038 num
393 2987 650 3043 Ecclesiaz
680 2991 1026 3046 continenter
1056 2994 1261 3049 erroris
1281 2995 1538 3051 scandala
1564 2998 1826 3065 excitare,

234 3075 396 3129 unius
443 3076 737 3134 voluntatis
781 3088 837 3135 et
881 3084 1213 3152 operationis
1261 3087 1315 3140 in
1366 3088 1575 3144 duabus
1619 3092 1831 3146 naturis

235 3164 441 3220 Christi
463 3169 712 3224 haeresim
744 3172 798 3225 in
818 3174 1076 3242 populum
1097 3174 1436 3233 Catholieum
1466 3183 1822 3251 spargendo.»

235 3256 438 3314 Verum
469 3262 693 3319 haeresis
717 3273 774 3319 et
799 3267 1039 3324 docendo
1065 3279 1120 3325 et
1146 3271 1462 3330 docentibus
1487 3278 1825 3336 connivendo

234 3353 528 3442 spargitur.
573 3353 751 3420 Quare
781 3359 1027 3415 concludi
1070 3377 1136 3417 ex
1175 3364 1277 3420 hoc
1311 3365 1451 3433 loco,
1484 3384 1589 3437 quo
1621 3369 1823 3442 Synodi

234 3440 535 3510 definitiva,
567 3453 628 3499 ut
662 3447 979 3517 loquuntur,
1027 3455 1299 3509 sententia
1330 3440 1673 3528 continetur,
1690 3463 1823 3518 nihil

233 3530 381 3587 aliud
433 3534 669 3604 legitime
714 3549 916 3610 potest,
964 3559 1128 3612 quam
1171 3548 1313 3615 quod
1360 3549 1624 3607 alterutro
1664 3555 1824 3609 modo

233 3624 300 3677 ad
324 3626 582 3679 bteresim
613 3632 972 3700 spargendam
1002 3633 1278 3691 Honorius
1314 3639 1623 3694 contulerit.

301 3715 492 3769 LXIII.
535 3717 766 3783 Quintus
792 3722 946 3777 locus
987 3726 1154 3780 habet
1187 3728 1243 3781 in
1283 3732 1520 3797 speciem
1555 3733 1676 3801 plus
1719 3735 1819 3789 ali-

233 3807 366 3876 quid
413 3810 692 3864 momenti.
739 3810 991 3883 Synodus
1033 3816 1178 3870 enim
1226 3833 1348 3874 cum
1397 3821 1825 3895 interrogaretur

234 3897 301 3950 ab
329 3895 680 3966 lmperatore,
713 3915 782 3954 an
821 3917 1011 3958 omnes
1036 3905 1332 3963 deﬁnitioni
1365 3920 1556 3980 sponte
1585 3915 1824 3972 subscri-

233 3987 781 4057 pserint,'exclamat,
823 3992 878 4046 in
920 3995 1036 4050 haec
1062 3999 1262 4053 verba:
1300 4019 1319 4050 ι
1354 4001 1604 4060 Nestorio
1632 4016 1688 4062 et
1712 4008 1822 4063 Eu-

234 4077 402 4147 tycbi,
453 4085 508 4132 et
547 4080 768 4137 Discoro
807 4087 1117 4142 anathema.
1168 4090 1469 4162 Apollinari
1512 4107 1567 4153 et
1615 4099 1819 4158 Severo

236 4170 539 4225 anathema.
594 4173 984 4232 Consentaneis
1041 4181 1201 4252 189
1248 4201 1437 4240 eorum
1502 4194 1812 4251 anathema.

236 4259 518 4326 Theodoro
544 4261 850 4319 Pharanitae
895 4270 1202 4324 anathema.
1251 4273 1440 4346 Sergio
1485 4287 1540 4332 et
1577 4281 1816 4341 Honorio

233 4354 542 4407 anathema.
591 4354 806 4426 Pyrrho
844 4365 900 4413 et
932 4360 1100 4415 Paulo
1147 4367 1453 4422 anathema.
1498 4369 1734 4428 Macario
1764 4385 1820 4432 et

231 4443 510 4515 Stephano
535 4455 590 4500 et
608 4445 952 4506 Polichronio
991 4455 1298 4512 anathema.
1343 4459 1604 4520 Omnibus
1645 4468 1816 4525 haere-

228 4538 354 4593 ticis
390 4540 700 4596 anathema.
749 4542 850 4609 Qui
893 4547 1347 4619 prmdicaverunt,
1399 4563 1455 4610 et
1495 4560 1809 4629 prtedicant,

227 4636 280 4684 et
327 4631 527 4685 docent
575 4647 640 4686 ac
691 4633 900 4688 docturi
955 4645 1080 4691 sunt
1125 4657 1288 4696 unam
1344 4647 1703 4720 voluntatem,
1757 4663 1814 4711 et

223 4739 391 4782 unam
435 4727 802 4793 operationem
849 4728 905 4782 in
948 4730 1348 4800 dispensatione
1376 4739 1590 4796 Domini
1637 4748 1812 4802 nostri

223 4813 350 4868 Jesu
378 4813 606 4880 Christi,
638 4819 946 4873 anathema.
982 4841 1000 4872 ι
1040 4825 1302 4881 Videntur
1330 4830 1474 4884 enim
1495 4849 1686 4892 omnes
1716 4840 1810 4908 qui

223 4909 481 4978 appellati
511 4911 657 4976 sunt,
704 4931 721 4962 ι
758 4912 864 4968 diei
895 4916 1153 4984 hmretici,
1184 4923 1276 4991 qui
1305 4924 1519 4993 quidem
1546 4931 1809 4996 praedica-

220 5002 401 5056 \erint
427 5018 591 5056 unam
621 5004 973 5061 voluntatem.
1021 5029 1040 5061 ι
1070 5011 1266 5066 Verum
1294 5013 1642 5076 distinctione
1670 5037 1806 5092 pun-

219 5099 436 5149 ctorum
478 5095 752 5150 evanescit
791 5098 967 5154 omnis
1008 5105 1313 5173 argumenti
1355 5107 1438 5162 vis
1471 5119 1525 5164 et
1567 5114 1803 5182 species:

219 5197 347 5243 nam
379 5185 671 5240 anathema
697 5187 897 5244 dicitur
921 5190 1230 5250 hominibus
1264 5198 1584 5256 nominatim
1625 5207 1808 5276 appel-

219 5276 364 5340 atis,
395 5291 564 5330 unam
592 5280 944 5349 eamdemque
968 5283 1037 5338 ob
1061 5299 1280 5340 causam
1309 5288 1363 5342 in
1389 5291 1805 5364 exclamatione,

220 5367 290 5423 ob
314 5383 485 5438 quam
521 5369 576 5424 in
619 5370 954 5439 deﬁnitione,
1003 5376 1066 5430 de
1111 5392 1216 5446 qua
1246 5395 1370 5435 mox
1416 5392 1616 5440 aetum.
1668 5387 1806 5445 Tum

220 5462 437 5533 adiecto
491 5473 693 5534 puncto
742 5463 1123 5536 subiungitur,
1183 5488 1202 5519 ‹
1235 5470 1494 5529 Omnibus
1539 5478 1808 5537 haereticis

221 5554 531 5607 anathema.
582 5574 600 5606 ι
637 5555 836 5609 lterum
880 5555 1092 5626 adiecto
1128 5573 1350 5630 puncto,
1415 5583 1432 5615 ι
1469 5564 1569 5632 Qui
1614 5571 1806 5640 pnedi-

221 5651 489 5700 caverunt
531 5653 586 5701 et
632 5647 948 5716 praedicant,
997 5657 1050 5702 et
1091 5649 1286 5706 docent
1332 5669 1396 5708 ac
1435 5655 1641 5714 docturi
1681 5672 1807 5718 sunt

223 5749 386 5789 unam
423 5736 757 5793 voluntatem
795 5747 850 5793 et
885 5755 1047 5794 unam
1085 5742 1456 5812 operationem
1493 5747 1549 5803 in
1584 5749 1803 5824 dispen-

223 5829 436 5887 satione
464 5827 668 5888 Christi
694 5831 792 5889 Dei
826 5835 1016 5900 nostri,
1046 5834 1351 5892 anathema.
1391 5855 1410 5891 ι

1836 4604 1891 4665 D

1934 2008 2066 2049 vero
2091 1995 2333 2050 consiliis
2361 1996 2587 2052 aliorum
2616 1997 2907 2054 famulatus
2933 2010 3035 2064 est,
3064 2015 3171 2055 non
3199 2002 3522 2069 resistendo,

1934 2095 1996 2139 ut
2021 2100 2122 2155 par
2147 2094 2286 2152 erat,
2320 2087 2414 2143 sed
2443 2103 2542 2158 per
2568 2089 2969 2159 imprudentem
2997 2091 3199 2146 silentii
3221 2093 3524 2163 iussionem

1934 2174 2168 2232 favendo
2194 2194 2210 2232 :
2237 2193 2345 2248 quo
2375 2177 2591 2235 silentio
2617 2181 2773 2236 abusi
2801 2182 3047 2238 hmretici
3073 2183 3266 2256 dogma
3294 2184 3525 2242 Catholi-

1933 2281 2058 2322 cum
2099 2267 2166 2322 de
2205 2267 2415 2325 duabus
2463 2271 2831 2329 voluntatibus
2875 2274 3103 2345 populos
3148 2278 3350 2334 sensim
3405 2279 3524 2335 sine

1933 2374 2096 2416 sensu
2141 2361 2405 2419 dedocere
2450 2365 2750 2421 tentabant.
2805 2367 2926 2423 Non
2972 2368 3138 2440 igitur
3182 2370 3409 2428 haeresis
3436 2387 3526 2434 as-

1933 2461 2093 2508 serta:
2137 2467 2264 2508 reus
2306 2454 2427 2521 fuit,
2476 2457 2571 2512 sed
2617 2457 2777 2526 fotae;
2834 2477 2942 2517 non
2981 2463 3359 2520 consensionis
3399 2479 3524 2522 cum

1930 2543 2224 2611 haereticis,
2259 2547 2352 2601 sed
2383 2547 2705 2605 inconsulta:
2736 2551 3206 2610 dissimulationis.

2004 2657 2166 2736 LXV.
2209 2657 2396 2726 Quoad
2427 2661 2758 2717 secundum:
2785 2664 3085 2734 Imperator
3110 2666 3520 2736 Constantinus,

1934 2749 2026 2819 qui
2057 2727 2273 2820 Sinodo
2318 2753 2584 2819 interfuit,
2635 2764 2693 2809 et
2716 2727 2962 2812 summus
2988 2758 3236 2815 Pontifex
3263 2760 3398 2824 Leo,
3427 2727 3524 2832 qui

1933 2849 2055 2897 acta
2098 2857 2129 2897 e
2166 2841 2372 2899 Graecis
2400 2844 2594 2899 Latina
2637 2846 2786 2913 fecit,
2819 2847 3118 2905 Honorium
3158 2867 3266 2908 non
3298 2853 3523 2910 haeresis

1935 2949 2122 3001 causa,
2153 2935 2247 2989 sed
2276 2935 2501 2991 alterius
2534 2936 2796 2993 facinoris
2823 2939 3140 2995 damnatum
3170 2942 3408 2998 tradunt.

2003 3044 2392 3103 Constantinus
2418 3047 2584 3118 igitur
2614 3048 2668 3103 in
2691 3049 2905 3117 Edicto,
2937 3070 2954 3102 ι
2981 3051 3521 3111 Anathematizamus

1935 3152 2050 3204 eos,
2077 3139 2276 3209 inquit,
2306 3140 2399 3209 qui
2428 3155 2693 3196 novorum
2724 3142 3037 3214 dogmatum
3067 3152 3285 3200 autores
3318 3152 3374 3200 et
3402 3144 3520 3200 fau-

1854 3256 1900 3320 C
1938 3236 2083 3285 tores
2110 3237 2236 3284 sunt
2282 3249 2294 3283 :
2322 3230 2668 3286 Theodorum
2701 3233 2952 3301 dicimus,
2983 3237 3076 3305 qui
3116 3235 3218 3290 fuit
3247 3236 3518 3292 Pharani-

1931 3331 2092 3377 tanus
2121 3323 2449 3391 Episcopus,
2491 3333 2545 3378 et
2572 3322 2854 3396 Sergium,
2902 3327 2994 3395 qui
3035 3327 3141 3382 fuit
3177 3327 3336 3397 huius
3367 3328 3518 3386 urbis

1927 3413 2191 3479 Antistes,
2219 3415 2462 3469 moribus
2493 3414 2784 3470 Theodoro
2811 3425 2866 3472 et
2895 3418 3173 3488 impietate
3197 3435 3406 3488 parem,
3435 3427 3518 3474 at-

1928 3519 2032 3574 que
2062 3503 2226 3558 etiam
2254 3504 2572 3570 Honorium,
2607 3508 2697 3575 qui
2724 3506 2823 3562 fuit
2863 3509 3102 3578 antiquae
3131 3510 3317 3566 Roma:
3347 3511 3513 3581 Papa,

1926 3594 2124 3649 horum
2175 3595 2465 3659 fautorem,
2504 3594 2807 3663 adiutorem
2853 3607 2908 3653 et
2940 3600 3376 3656 conﬁrmatorem
3405 3603 3517 3682 hae-

1928 3688 2121 3752 resis,»
2156 3695 2261 3740 etc.
2291 3686 2548 3741 Homines
2578 3690 2670 3757 qui
2697 3689 3041 3754 damnantur,
3061 3692 3224 3747 duum
3254 3707 3513 3766 generum

1925 3775 2076 3841 facit,
2117 3776 2428 3848 dogmatum
2473 3790 2692 3834 autores
2736 3787 2790 3834 et
2829 3780 3108 3838 fautores:
3139 3780 3422 3840 Theodoro
3458 3795 3512 3842 et

1928 3866 2118 3939 Sergio
2165 3868 2312 3923 velut
2367 3869 2666 3938 autoribus,
2715 3869 2956 3927 Honorio
2983 3883 3243 3946 tanquam
3285 3874 3506 3946 fautori,

1847 3995 1852 3998 -
1922 3960 2053 4016 dicit
2086 3962 2394 4018 anathema-

1918 4113 1924 4119 -
1995 4075 2195 4148 Synodi
2253 4093 2416 4148 porro
2465 4087 2704 4135 mentem
2763 4097 2922 4138 nemo
2974 4074 3167 4139 melius
3215 4079 3503 4158 intellexit,

1920 4183 2082 4238 quam
2127 4169 2444 4239 Imperator,
2495 4171 2654 4242 190
2699 4181 2760 4227 ut
2808 4175 2902 4243 qui
2955 4177 3119 4231 rebus
3169 4169 3506 4247 Theologicis

1922 4261 2164 4330 apprime
2198 4271 2317 4315 erat
2353 4264 2618 4328 eruditus,
2653 4264 2966 4335 Synodique
3007 4269 3310 4324 actionibus
3353 4257 3506 4326 inde-

1919 4351 2061 4407 fesse
2100 4353 2365 4418 interfuit,
2397 4355 2506 4408 imo
2544 4356 2709 4410 etiam
2743 4372 2872 4426 pars
2899 4359 3101 4429 Optima
3131 4362 3331 4417 extitit.
3367 4363 3504 4421 Cum

1917 4447 2078 4518 paqu
2123 4457 2250 4503 ante
2289 4447 2517 4503 dixisset
2555 4449 2622 4505 de
2662 4449 3070 4520 Sacerdotibus,
3115 4456 3207 4525 qui
3248 4471 3504 4526 perverse

1917 4541 2188 4598 Ecclesias
2234 4542 2623 4614 gubernarunt.
2688 4565 2707 4597 ι
2745 4538 2810 4602 Hi
2857 4557 3000 4614 sunt,
3034 4549 3226 4620 inquit,
3256 4551 3502 4628 Theodo-

1917 4649 2031 4699 rus,
2081 4633 2173 4703 qui
2211 4635 2309 4688 fuit
2342 4635 2556 4692 Pharan
2602 4639 2919 4713 Episc0pus,
2974 4641 3215 4714 Sergius,
3259 4648 3351 4716 qui
3398 4647 3502 4705 fuit

1916 4732 2115 4778 nostra:
2155 4740 2186 4777 a
2219 4725 2329 4780 Deo
2357 4730 2739 4784 conservandae
2775 4732 2937 4802 regia:
2965 4734 3115 4789 urbis
3140 4735 3403 4803 Antistes,
3429 4739 3497 4796 ad

1915 4816 2032 4872 haec
2057 4817 2348 4885 Honorius,
2381 4821 2473 4889 qui
2505 4821 2607 4875 fuit
2635 4823 2871 4893 antiquae
2898 4823 3083 4880 Romae
3113 4825 3276 4899 Papa,
3313 4829 3498 4898 huius-

1914 4910 2062 4966 modi
2104 4911 2378 4968 hazreseos
2442 4914 2828 4982 conﬁrmator,
2878 4916 2970 4986 qui
3015 4917 3180 4972 etiam
3229 4920 3334 4975 sibi
3382 4922 3496 4990 ipse

1910 5010 2133 5073 pugnat,
2170 5022 2189 5053 ι
2224 5015 2329 5059 etc.
2380 5005 2551 5060 Vocat
2585 5007 3022 5065 conﬁrmatorem
3052 5011 3340 5078 hazreseos,
3369 5027 3495 5081 pro-

1909 5103 2031 5168 pter
2075 5095 2435 5151 inconsultam
2474 5100 2871 5156 oeconomiam:
2921 5103 3100 5174 arguit
3124 5105 3266 5177 quod
3294 5111 3498 5173 pugnet

1909 5202 2115 5253 secum,
2143 5187 2268 5258 quia
2293 5203 2416 5244 cum
2449 5191 2713 5248 catholice
2752 5195 2928 5264 reipsa
2962 5194 3188 5249 sentiret
3217 5194 3272 5246 in
3297 5192 3490 5260 literis,

1909 5294 2019 5335 non
2067 5289 2247 5334 tamen
2293 5281 2510 5350 spiritu,
2555 5298 2661 5354 quo
2708 5283 2776 5339 ad
2814 5273 3211 5356 profligandam
3238 5281 3491 5342 hazresim

1909 5384 2046 5441 opus
2065 5378 2206 5437 erat,
2230 5379 2286 5427 et
2314 5371 2527 5429 locutus
2553 5386 2637 5431 est
2672 5383 2726 5432 et
2753 5376 2882 5447 egit.

1976 5483 2159 5540 LXVI.
2199 5485 2311 5543 Leo
2337 5488 2399 5543 II.
2441 5488 2498 5544 In
2526 5491 2753 5560 epistola
2780 5489 2848 5542 ad
2871 5487 3290 5550 Constantinum
3309 5494 3493 5569 Impe-

1905 5583 2162 5631 ratorem.
2206 5595 2224 5628 (
2255 5576 2790 5633 Anathematizamus
2837 5577 2962 5633 novi
2995 5583 3197 5640 erroris
3242 5585 3489 5644 invento-

1905 5681 2014 5732 res,
2051 5667 2106 5723 id
2140 5674 2242 5734 est,
2275 5668 2615 5724 Theodorum
2661 5667 3084 5727 Pharanitanum
3133 5675 3484 5750 Episcopum,

1905 5753 2102 5828 Cyrum
2127 5755 2572 5820 Alexandrinum,
2604 5755 2873 5828 Sergium,
2917 5759 3204 5832 Pyrrhum,
3233 5763 3480 5836 Paulum,

1905 5846 2147 5918 Petrum,
2187 5847 2812 5928 Constantinopolitanae.
2831 5852 3088 5923 Ecclesiae
3134 5858 3484 5922 subsessores
