4062 6434
549 343 656 404 483

552 459 740 529 magis.
783 470 944 528 quam
971 451 1269 518 Pracsnles;
1319 464 1533 510 necnon
1576 455 1631 505 et
1670 446 1989 510 Honorium,
2037 445 2130 514 qui

547 553 687 608 hanc
719 550 1084 622 Apostolicam
1123 545 1418 602 Ecclesium
1455 560 1562 599 non
1595 542 1919 612 Apostolicae
1967 537 2134 592 tradi-

549 643 710 696 tionis
754 641 998 695 doctrina
1049 637 1362 702 illustravit,
1413 638 1507 690 sed
1553 635 1778 705 profana
1828 631 2135 702 proditione

548 734 946 799 innnaculatam
979 731 1234 787 maculari
1266 730 1529 800 permisit.
1569 747 1587 779 ι

619 828 675 882 ln
711 825 936 896 epistola
977 825 1045 880 ad
1075 823 1374 892 Episcopos
1400 821 1689 890 llispani1e.
1747 837 1765 869 (
1797 817 2134 874 Condemna—

551 920 692 976 tione
733 917 978 972 mulctati
1024 928 1149 970 sunt
1172 916 1487 970 Theodorus
1512 911 1931 974 Pharanitanus,
1962 910 2135 981 Cyrus

545 990 974 1071 Alexandrinus,
1024 1007 1275 1078 Sergius,
1325 1006 1596 1077 Pyrrhus,
1642 1004 1867 1068 Paulus,
1917 1002 2131 1068 Petrus,

545 1101 1159 1174 Constantinopolitani,
1219 1116 1340 1156 cum
1393 1099 1659 1164 Honorio,
1716 1098 1806 1166 qui
1862 1094 2132 1150 ﬂammam

543 1197 785 1252 bzcretici
825 1195 1093 1266 dogmatis
1133 1209 1267 1256 non,
1317 1200 1376 1246 ut
1421 1192 1602 1246 decuit
1630 1189 1994 1259 Apostolicam
2039 1205 2132 1242 au-

548 1289 864 1358 toritatcm,
923 1286 1271 1357 incipientem
1330 1284 1601 1350 extinxit,
1665 1282 1757 1338 sed
1806 1281 2132 1353 negligentia

547 1382 805 1436 confovit.
834 1400 852 1433 ι

612 1473 672 1536 In
719 1473 943 1542 epistola
992 1472 1058 1525 ad
1101 1470 1376 1540 Erviginm
1425 1470 1646 1538 Regem.
1717 1485 1735 1516 ι
1772 1467 1846 1520 De
1877 1465 2132 1518 Ecclesiae

544 1565 834 1625 Catholica:
869 1565 1195 1622 adunatione
1225 1565 1448 1634 projecli
1483 1572 1606 1618 sunt
1645 1561 1962 1615 Theodorus
1988 1558 2130 1612 Plia—

546 1657 824 1714 ranitanus
881 1655 1203 1724 Episcopus,
1267 1655 1440 1723 Cyrus
1504 1650 1944 1713 Alexandrinus,
2006 1647 2134 1703 Ser—

541 1747 676 1819 gius,
720 1745 938 1812 Paulus,
968 1746 1207 1815 Pyrrhus
1237 1753 1289 1800 et
1317 1745 1533 1806 Petrus,
1568 1743 1840 1811 quondam
1871 1740 2134 1796 Constan-

541 1836 879 1908 tinopolitani
908 1835 1192 1900 Priesules,
1221 1842 1277 1886 et
1317 1850 1421 1886 una
1461 1848 1582 1886 eum
1621 1833 1703 1886 eis
1731 1831 1998 1884 Honorius
2024 1830 2131 1882 Ro—

543 1939 759 1987 manus,
789 1925 880 1994 qui
923 1923 1324 1978 immaculatum
1353 1923 1673 1991 Apostolica:
1713 1921 2016 1976 traditionis
2047 1936 2131 1976 re—

539 2015 747 2087 gulam,
777 2031 938 2088 quam
982 2015 1036 2068 in
1067 2015 1558 2085 prmdccessoribus
1598 2014 1713 2070 suis
1755 2013 1985 2082 accepit,
2016 2028 2132 2068 ma-

543 2109 712 2164 culari
741 2111 1033 2164 consensit.
1073 2130 1092 2162 ι

615 2202 821 2257 LXVII.
870 2202 936 2258 Ut
971 2201 1100 2269 tanti
1133 2202 1427 2258 testimonii
1469 2209 1802 2258 momentum
1829 2201 2132 2272 perpenda-

541 2299 650 2358 tur,
679 2295 1080 2353 observandum
1114 2311 1196 2349 :1.
1241 2293 1287 2346 Α
1338 2294 1555 2348 nemine
1604 2295 1940 2348 eruditorum
1985 2309 2132 2349 nunc

544 2384 717 2445 audiri
746 2385 1058 2448 Baronium.
1093 2385 1182 2454 qui
1212 2385 1476 2440 adversus
1521 2385 1869 2454 Imperatoris
1896 2384 2131 2440 Summi-

541 2489 647 2545 que
690 2474 964 2529 Pontiﬁcis
990 2475 1199 2532 litteras
1235 2476 1389 2544 quasi
1425 2477 1798 2546 supposititias
1847 2476 2127 2532 reclamat.

544 2582 607 2621 ιι.
636 2566 868 2620 Leonem
918 2582 1126 2620 summa
1184 2567 1463 2635 diligentia
1513 2568 1806 2638 perlegisse
1847 2578 1967 2623 acta
2012 2585 2132 2642 qure

535 2659 838 2713 transtulit.
897 2677 915 2709 ι
947 2659 1235 2714 Gestorum
1289 2659 1648 2735 synodalium,
1707 2660 1901 2731 inquit,
1935 2661 2132 2716 seriem

541 2761 906 2815 recensentes,
947 2753 1271 2821 curiosaque
1317 2753 1597 2822 diligentia
1645 2753 1854 2824 singula
1905 2765 2132 2824 qumque

540 2853 689 2916 gesta
734 2844 1058 2914 ﬂagitantes,
1113 2845 1302 2900 eadem
1347 2845 1818 2916 qumApostolica:
1863 2846 2004 2901 sedis
2031 2845 2133 2900 Le-

541 2939 650 3008 gati
690 2946 1078 3003 narraverant,
1123 2939 1339 3007 scriptis
1382 2940 1808 2994 consonantibus
1843 2942 2132 2994 convenire

539 3029 860 3100 reperimus.
909 3028 1286 3100 Comperimus
1334 3032 1502 3096 enim,
1539 3051 1557 3083 ι
1615 3040 1721 3086 etc.
1776 3048 1859 3086 ιιι.
1901 3031 2131 3101 Legatos

543 3124 687 3178 sedis
718 3122 1039 3191 Apostolicaa
1071 3140 1176 3177 non
1207 3123 1516 3179 interfuisse
1556 3132 1765 3178 tantum
1785 3165 1798 3189 ,
1840 3125 1932 3179 sed
1962 3125 2128 3178 etiam

1751 333 1847 392 AD
1881 329 2147 390 LIBRUM
2185 329 2503 390 DIURNUM

3714 343 3826 400 ια

2157 447 2209 508 Α
2236 445 2416 516 Typus
2465 459 2630 516 porro
2679 445 2970 500 damnatus
3013 449 3097 500 est
3130 458 3161 500 a
3189 441 3422 504 Martino
3460 445 3504 514 Ι,
3537 449 3688 508 velut
3725 455 3831 512 im-

2236 541 2377 610 pius,
2419 548 2471 593 et
2503 557 2532 592 a
2565 548 2674 592 tota
2710 538 2928 609 Synodo
2959 537 3312 593 Lateranensi
3364 541 3620 609 rejectus,
3649 545 3833 606 allatis

2233 631 2554 694 rationibus,
2588 647 2706 700 qun
2753 639 2811 683 ut
2849 639 3037 686 sancta
3069 629 3286 702 Synodo
3315 633 3512 705 dignm,
3547 636 3626 692 ita
3653 638 3835 702 inelu-

2234 721 2448 776 ctabilis
2481 731 2607 774 sunt
2652 724 2933 776 momenti.

2307 812 2534 868 LXVIII.
2579 814 2760 869 Facile
2810 829 2953 867 nunc
2998 814 3302 882 conficitur,
3350 820 3494 888 quod
3541 819 3726 878 fuerat
3775 824 3832 884 in

2232 904 2524 974 partitione
2557 906 2774 958 tertium
2803 923 2813 957 :
2847 913 3061 959 constat
3087 907 3229 962 enim
3255 924 3509 978 peccasse
3533 911 3836 974 Honorium

2235 1012 2331 1050 sua
2361 996 2456 1048 illa
2501 997 2829 1060 oeconomia,
2873 1012 2979 1066 qua
3020 996 3205 1061 voluit,
3244 1000 3308 1052 de
3347 1017 3451 1054 una
3495 1003 3580 1057 vel
3617 1008 3838 1074 gemina

2236 1092 2554 1158 Operatione
2595 1091 2786 1154 taceri,
2822 1105 2943 1146 cum
2982 1099 3163 1145 tamen
3200 1093 3478 1165 religionis
3511 1113 3676 1168 causa
3718 1102 3841 1160 exi-
3928 1120 3939 1123 '

2235 1192 2405 1250 geret,
2446 1191 2632 1252 aperte
2679 1183 2950 1253 geminam
2997 1183 3289 1239 defendere
3337 1202 3351 1240 :
3396 1202 3465 1241 ne
3511 1191 3722 1246 scilicet
3768 1195 3839 1248 ab

2235 1272 2698 1343 Eutychianorum
2739 1274 2980 1343 reliquiis
3013 1277 3142 1331 ﬁdes
3174 1279 3239 1334 de
3268 1279 3476 1335 duabus
3511 1284 3722 1339 naturis
3751 1286 3841 1340 in-

2237 1364 2500 1428 confusis,
2545 1366 2920 1434 impermixtis.
2965 1377 3021 1421 et
3060 1369 3412 1439 indistinctis,
3457 1389 3577 1442 qua:
3617 1377 3840 1447 oblique

2233 1456 2545 1523 petebatur,
2610 1466 2850 1511 nutaret.
2915 1457 3130 1514 Nullum
3194 1479 3320 1516 vero
3379 1475 3663 1532 peccatum
3726 1476 3834 1536 est,

2235 1549 2376 1616 quml
2419 1548 2543 1602 ﬁlei
2580 1549 2872 1606 Catholicre
2920 1562 3134 1618 noceat,
3171 1555 3300 1625 quin
3342 1557 3410 1612 ab
3443 1560 3682 1615 Ecclesia
3723 1578 3841 1620 me-

2238 1641 2344 1694 rito
2371 1641 2634 1695 vindicari
2664 1653 2861 1711 queat;
2902 1646 3093 1714 nequit
3130 1658 3334 1708 autem,
3367 1650 3410 1702 si
3443 1662 3729 1722 exemptus
3763 1655 3841 1710 sit

2235 1747 2264 1787 e
2307 1732 2444 1786 vivis
2491 1734 2580 1802 qui
2624 1735 2902 1802 peccavit,
2953 1737 3054 1789 nisi
3102 1753 3260 1792 eraso
3301 1739 3366 1793 de
3409 1743 3582 1796 sacris
3638 1744 3838 1802 tabulis

2157 1814 2206 1874 Β
2237 1824 2483 1884 nomine,
2536 1824 2797 1879 infamata
2845 1828 3141 1893 memoria,
3192 1838 3248 1883 et
3293 1832 3593 1889 combustis
3641 1836 3836 1905 libris,

2234 1927 2352 1984 qua)
2379 1915 2479 1966 tria
2501 1913 2752 1984 Synodus
2779 1918 3036 1973 adversus
3051 1918 3348 1976 Honorium
3381 1925 3655 1979 exercuit:
3681 1929 3839 1986 eradi

2231 2023 2404 2080 porro
2441 2023 2640 2062 nomen
2687 2009 2752 2064 de
2780 2011 2951 2065 sacris
2998 2012 3270 2083 diptychis
3311 2014 3364 2068 id
3399 2015 3570 2086 ipsum
3624 2028 3743 2086 est,
3789 2022 3842 2078 si

2234 2099 2411 2168 agitur
2456 2098 2524 2154 de
2570 2101 2814 2165 mortuis,
2864 2102 3006 2172 quod
3055 2105 3121 2156 ab
3151 2104 3391 2159 Ecclesia
3419 2106 3649 2176 projici;
3687 2111 3840 2168 infa-

2231 2187 2370 2240 mari
2426 2188 2746 2242 memoriam
2798 2191 2933 2247 nihil
2985 2190 3151 2256 aliud,
3200 2209 3364 2264 quam
3409 2207 3634 2269 propter
3663 2216 3844 2256 nocu-

2233 2289 2478 2334 mentnm
2517 2280 2725 2335 illatum
2769 2281 2893 2338 ﬁdei
2925 2282 3204 2351 damnari;
3244 2289 3491 2344 comburi
3527 2290 3846 2360 libros.-est

2234 2372 2485 2441 indignos
2514 2372 2618 2426 dici
2657 2373 2748 2442 qui
2784 2372 3058 2444 lcgantur.

2306 2462 2493 2516 LXIX.
2536 2463 2680 2518 Nihil
2731 2481 2859 2519 vero
2906 2468 3135 2534 mirum,
3185 2469 3376 2524 eadem
3417 2486 3579 2541 pinna
3623 2475 3842 2534 erroris

2234 2553 2506 2622 fautores,
2571 2557 2736 2611 etiam
2783 2559 3079 2628 ncgativos,
3132 2561 3178 2616 si
3227 2561 3355 2618 licet
3398 2564 3471 2618 ita
3512 2564 3700 2636 loqui,-
3725 2583 3843 2638 qua

2235 2655 2454 2701 autores
2511 2647 2674 2718 ipsos,
2725 2648 2893 2714 allici;
2944 2652 3133 2706 eadem
3179 2655 3327 2710 enim
3371 2664 3632 2728 utrosque
3671 2661 3842 2730 culpa

2233 2740 2409 2794 teneri
2436 2738 2636 2794 docent
2658 2743 2854 2795 summi
2879 2742 3191 2800 Pontiﬁces.

2304 2831 2648 2886 Innocentius
2690 2832 2899 2901 primus
2936 2836 3003 2890 ad
3039 2834 3232 2892 Patres
3261 2837 3600 2898 Milevitanos
3626 2859 3639 2895 :
3670 2859 3689 2892 ‹
3727 2841 3843 2899 Ca-

2233 2930 2357 2976 veat
2381 2923 2671 2992 pastoralis
2708 2941 2838 2980 cura
2867 2941 2937 2982 ne
2969 2927 3198 2982 duarum
3225 2930 3408 2986 ovium
3435 2933 3553 2987 dira
3580 2936 3843 3005 contagia

2235 3023 2457 3084 serpant
2487 3013 2713 3070 forsitan
2743 3032 2840 3086 per
2872 3018 3060 3089 vulgus
3099 3022 3402 3088 incautum,
3432 3026 3720 3095 rapacique
3753 3027 3841 3082 lu-

2233 3121 2335 3174 pus
2385 3106 2549 3160 corde
2598 3107 2810 3162 laetetur
2866 3109 3010 3166 intra
3068 3111 3206 3168 ovile
3259 3113 3591 3170 dominicum
3655 3127 3844 3180 tanta

541 3187 821 3284 manage
863 3215 1167 3270 actionibus
1197 3214 1454 3280 concilii,
1498 3216 1552 3270 in
1593 3216 1788 3285 quibus
1825 3223 2005 3269 actum
2045 3187 2201 3271 ρειο
2236 3199 2418 3252 ovium
2453 3198 2601 3254 fusas
2632 3209 2899 3267 catervas,
2931 3203 3060 3258 dum
3096 3219 3127 3257 a
3154 3207 3469 3262 custodibus
3496 3207 3846 3264 dissimulan-

539 3307 607 3361 de
633 3307 874 3360 Honorio
917 3324 930 3359 :
976 3307 1086 3361 imo
1129 3308 1428 3361 definitioni
1477 3317 1529 3362 et
1577 3309 2026 3377 prosphonetico,
2073 3309 2130 3362 in

547 3401 743 3470 ‘quibus
768 3401 1072 3465 damnatur,
1103 3401 1492 3469 subscripsisse
1519 3402 1720 3471 primos
1750 3403 2012 3465 omnium,
2043 3410 2127 3455 at-

537 3507 645 3562 que
697 3493 768 3545 ita
820 3491 937 3546 fieri
992 3509 1098 3546 non
1149 3494 1430 3562 potuisse,
1483 3501 1546 3546 ut
1593 3494 1836 3548 sinerent
1885 3510 1942 3550 se
1992 3495 2130 3550 actis

540 3584 832 3654 Suppositis
886 3584 1062 3648 illudi,
1115 3583 1366 3654 illusiqne
1407 3584 1724 3640 Pontiﬁcem
1778 3587 1830 3639 in
1885 3602 2129 3641 errorem

539 3675 815 3730 ducerent.
846 3689 919 3729 tv.
941 3675 1270 3746 chatorum
1302 3679 1520 3732 nomine
1548 3695 1654 3734 non
1684 3695 1780 3734 eos
1805 3688 2015 3734 tantum
2048 3681 2129 3734 in-

538 3767 704 3837 telligi
746 3767 968 3830 debere,
1008 3769 1098 3836 qui
1147 3767 1322 3822 locum
1361 3768 1658 3838 Agathonis
1705 3779 1974 3836 tenerent,
2033 3772 2128 3825 sed

540 3858 704 3910 etiam
736 3857 826 3925 qui
869 3874 896 3911 a
929 3857 1166 3913 Concilio
1197 3860 1445 3914 Romano
1492 3862 1642 3914 missi
1692 3876 1814 3914 cum
1852 3863 2128 3916 Monac-bis

540 3948 592 4002 in
625 3949 777 4018 191
812 3949 1050 4005 Concilio
1089 3962 1400 4016 censentur,
1433 3968 1633 4021 eosque
1675 3967 1864 4007 omnes
1905 3967 2004 4008 nec
2035 3971 2126 4008 ru-

539 4039 633 4100 des
671 4039 853 4105 fuisse,
894 4058 996 4097 nec
1034 4043 1315 4112 imperitos
1345 4044 1605 4096 doctrina:
1635 4043 1784 4107 ﬁdei,
1817 4044 1910 4098 sed
1949 4045 2128 4098 erudi-

539 4138 625 4188 tos
659 4135 923 4204 apprime,
973 4137 1100 4191 licet
1144 4135 1421 4192 smeularis
1468 4135 1790 4202 eloquentiae
1835 4145 2122 4204 expertes;

538 4238 705 4292 quare
735 4242 840 4282 non
875 4228 1113 4296 potuisse
1153 4235 1264 4294 tam
1303 4226 1497 4295 supine
1536 4223 1669 4289 falli,
1703 4234 1759 4279 ut
1789 4241 1964 4296 neque
2003 4243 2127 4283 sen-

537 4316 765 4370 tentiam
807 4317 1058 4381 Coocilii.
1101 4333 1265 4386 quam
1314 4317 1414 4386 ipsi
1461 4317 1804 4384 praesidendo
1853 4318 2123 4384 tulissent,

535 4419 712 4473 neque
759 4415 1004 4470 actorum
1055 4409 1447 4475 integritatem,
1483 4425 1604 4477 quin
1647 4410 2122 4478 sulLscripsissent,

535 4498 773 4566 satisque
795 4495 1112 4552 Puntilicem
1143 4499 1356 4553 curiose
1387 4500 1810 4569 interrogantem
1841 4502 2120 4557 docerent.

534 4602 588 4644 v.
622 4586 736 4642 Non
767 4585 907 4642 aliud
951 4586 1220 4654 objectum
1269 4589 1437 4644 fuisse
1472 4589 1727 4653 Honorio,
1769 4607 1931 4660 quam
1977 4595 2122 4662 quod

537 4675 730 4743 Sergio
761 4677 1132 4740 consentiret,
1179 4687 1344 4746 atque
1397 4680 1533 4734 adeo
1589 4680 1795 4735 foveret
1846 4684 2118 4739 ἥλιξι-θείω.

536 4765 823 4824 consensit
853 4781 978 4822 vero
1019 4777 1250 4835 tantum,
1283 4786 1390 4840 qua
1418 4781 1570 4839 parte
1603 4775 1823 4844 Sergius
1853 4777 1980 4831 ﬁcto
2009 4794 2124 4846 ,ρει-

538 4859 617 4914 eis
647 4873 863 4914 nonnne
894 4860 1345 4918 dissimulandum
1381 4866 1663 4932 censebat,
1696 4877 1925 4938 uterque
1959 4870 2124 4939 igitur

538 4953 842 5010 contordne
881 4956 1061 5019 ειυς]ἱο
1099 4955 1234 5018 fovit
1254 4958 1506 5015 haeresim
1533 4976 1547 5014 :
1575 4963 1668 5016 sed
1698 4961 1964 5020 Honorius
1991 4966 2124 5021 alie-

535 5061 685 5112 nam,
723 5047 847 5114 quia
887 5065 992 5104 non
1025 5053 1282 5122 peremit;
1325 5069 1478 5110 suam
1515 5054 1756 5125 Sergius,
1793 5058 1918 5126 quia
1959 5061 2121 5114 dissi-

535 5138 778 5193 mulavit.
809 5138 1141 5213 Subscripsit
1163 5156 1396 5215 uterque
1421 5146 1616 5202 similia
1649 5151 1952 5217 reprobatis
1981 5152 2119 5205 duo»

535 5228 637 5286 bus
665 5232 884 5302 scriptis
907 5234 1333 5305 Imperatorem;
1369 5239 1462 5293 sed
1487 5238 1775 5302 Honorius,
1805 5241 1951 5310 Typo
1971 5241 2118 5296 Cun-

535 5323 747 5387 stantis,
797 5341 902 5394 quo
952 5328 1082 5381 nihil
1136 5328 1506 5398 imperabatur
1547 5343 1750 5399 praeter
1800 5333 2115 5399 silentium;

537 5409 776 5484 Sergius,
811 5417 1024 5475 Ecthesi
1066 5420 1318 5486 Heraclii,
1365 5438 1471 5492 qua
1509 5433 1706 5492 praeter
1736 5424 2120 5479 silentii‘indi-

534 5503 770 5561 ctionem
823 5511 1424 5583 continebaturrunius
1479 5515 1776 5572 voluntatis
1820 5515 2113 5586 professio.

2239 3300 2322 3347 ter
2385 3293 2619 3347 habetur
2681 3294 2877 3352 vulnus
2942 3297 3193 3354 duarum.
3256 3298 3700 3369 Prospiciendum
3751 3310 3848 3360 est

2230 3399 2383 3454 ergo,
2432 3400 2500 3438 ne
2541 3386 2906 3453 permittendo
2955 3385 3130 3454 lupos,
3169 3391 3496 3446 mercenarii
3539 3394 3715 3464 magis
3759 3394 3847 3449 vi-

2235 3473 2461 3529 deamur
2487 3490 2607 3529 esse
2643 3492 2808 3545 quam
2840 3483 3112 3545 pastores.
3161 3495 3181 3528 ι

2303 3568 2622 3623 Caelestinus
2660 3567 2678 3622 l
2724 3569 2788 3622 ad
2835 3568 3132 3638 Episcolpos
3176 3567 3512 3623 Galliarum:
3565 3589 3584 3620 ‹
3642 3572 3841 3632 Timeo

2231 3677 2301 3716 ne
2343 3661 2635 3716 connivere
2680 3661 2751 3715 sit
2797 3661 2885 3715 hic
2927 3669 3108 3717 tacere
3140 3677 3154 3716 :
3190 3663 3354 3718 timeo
3397 3678 3470 3720 ne
3510 3665 3684 3734 magis
3729 3667 3842 3737 ipsi

2231 3756 2543 3826 loquantur,
2578 3755 2668 3824 qui
2703 3756 3028 3826 permittunt
3071 3756 3178 3813 illis
3209 3756 3387 3814 taliter
3424 3757 3589 3826 loqui.
3622 3757 3680 3812 In
3707 3760 3836 3815 tali-

2231 3848 2334 3901 bus
2381 3848 2562 3902 caiisis
2601 3863 2706 3902 non
2750 3858 2901 3902 caret
2938 3850 3248 3918 suspicione
3292 3850 3661 3915 taciturnitas,
3700 3853 3834 3921 quia

2231 3946 2546 3993 occurreret
2573 3938 2797 4001 veritas.
2837 3939 2994 4010 192
3027 3941 3070 3994 si
3107 3940 3316 3994 falsitas
3345 3940 3657 4009 displiceret
3682 3962 3694 3996 :
3717 3952 3838 4000 me—

2229 4028 2336 4081 rito
2369 4042 2604 4100 namque
2631 4041 2798 4082 causa
2829 4043 2928 4082 nos
2956 4029 3199 4097 respicit,
3226 4029 3273 4082 si
3306 4029 3523 4086 silentio
3546 4031 3835 4092 faveamus

2228 4118 2423 4172 errori.
2477 4138 2493 4170 ι

2299 4209 2409 4263 Leo
2447 4209 2487 4273 l,
2531 4209 2692 4279 epist.
2722 4208 2813 4273 95,
2860 4209 2930 4264 ad
2965 4208 3247 4266 Turibium
3275 4229 3288 4264 :
3321 4229 3339 4262 ι
3373 4211 3428 4266 Si
3460 4211 3700 4281 profanis
3735 4230 3831 4272 er-

2230 4302 2445 4359 roribus
2488 4300 2846 4356 Saccrdotum
2894 4303 3056 4356 corda
3091 4319 3194 4356 non
3230 4303 3512 4367 resistunt,
3558 4319 3662 4374 qua
3697 4321 3831 4364 con-

2229 4394 2453 4448 sci.-ntia
2503 4394 2765 4446 honorem
2810 4392 2912 4448 sibi
2961 4393 3204 4452 debitum
3247 4394 3558 4462 vendicant,
3597 4397 3688 4465 qui
3728 4413 3829 4467 pro

2231 4485 2518 4538 animabus
2546 4483 2647 4536 sibi
2675 4481 2896 4540 creditis
2927 4499 3031 4537 non
3061 4483 3343 4544 laborant?
3371 4483 3565 4540 Bestia:
3587 4484 3825 4555 irruunt,

2230 4583 2285 4630 et
2329 4573 2507 4628 ovium
2557 4582 2708 4644 septa
2766 4589 2871 4629 non
2920 4574 3176 4629 claudunt
3221 4594 3233 4628 :
3279 4577 3426 4631 fures
3478 4576 3826 4646 insidiantur,

2230 4676 2284 4723 et
2328 4665 2588 4720 excubias
2635 4681 2742 4719 non
2788 4667 3135 4736 przetcndunt
3178 4683 3192 4721 :
3237 4669 3410 4728 morbi
3449 4670 3824 4740 crebrescunt,

2229 4769 2285 4816 et
2316 4759 2553 4814 remedia
2585 4759 2732 4812 nulla
2763 4760 3124 4830 prospiciunt,
3162 4781 3182 4813 ι
3215 4769 3318 4816 etc.

2298 4873 2472 4929 leix
2505 4873 2544 4928 ll
2571 4874 2637 4927 ad
2665 4873 2920 4930 Acacium
2959 4874 3640 4945 Constantinopolitanum.
3675 4896 3696 4928 ι
3725 4877 3830 4935 N9-

2231 4968 2463 5040 gligere,
2508 4983 2631 5030 cum
2665 4969 2844 5036 possis
2879 4969 3168 5023 deturbare
3209 4985 3525 5038 perversos,
3566 4970 3699 5024 nihil
3738 4980 3826 5028 est

2227 5061 2371 5116 aliud
2425 5077 2588 5130 quam
2635 5059 2851 5123 fovere;
2893 5075 2992 5114 nec
3042 5069 3192 5114 caret
3245 5062 3497 5130 scrupulo
3544 5062 3824 5118 societatis

2225 5153 2470 5217 occultae,
2497 5153 2588 5220 qui
2611 5153 2890 5206 evidenter
2915 5149 3139 5206 facinori
3168 5153 3362 5207 desinit
3383 5153 3628 5216 obviare,
3659 5175 3676 5203 ι
3708 5163 3819 5208 etc.

2297 5242 2548 5314 Synodus
2596 5243 2979 5299 Lateranensis
3035 5245 3136 5298 sub
3179 5244 3413 5300 Martino
3464 5245 3503 5310 ι,
3557 5246 3624 5298 de
3669 5245 3822 5315 Typo

2225 5334 2535 5392 Constantis
2573 5352 2758 5406 agens.
2817 5355 2834 5387 ‹
2873 5334 3160 5403 Similiter,
3214 5339 3408 5408 inquit,
3460 5337 3662 5392 malum
3708 5347 3818 5402 est,

2226 5427 2380 5497 pejus
2403 5426 2673 5498 amplecti,
2709 5436 2763 5484 et
2790 5443 2914 5484 cum
2943 5429 3060 5500 ipso
3087 5429 3282 5486 melius
3326 5430 3621 5488 indiscrete
3646 5427 3824 5501 prtu'ir-

2226 5534 2370 5574 cere.
2411 5539 2431 5573 ι

1895 5727 2429 5766 w
