4062 6456
263 352 366 416 165

1240 325 1850 404 ΪΗΞδΕΒΤΔΤΙΟΜᾹδ.
1875 369 1945 380 -
1973 341 2436 400 MSSERTATIO
2472 344 2558 400 III.

3381 334 3384 346 '
3412 349 3517 409 iss

269 485 3509 517 ww

1247 597 1403 672 193
1460 607 2242 700 DISSER'I'ATIO
2320 609 2482 691 III.

1090 808 1411 858 .ArrENpix
1444 808 1523 850 an
1565 805 1764 856 noras
1808 804 2048 849 CAPITIS
2094 806 2181 861 ιν,
2214 788 2300 849 De
2329 809 2449 850 usu
2476 789 2691 870 pallii.

329 1012 371 1070 ι.
411 1009 564 1070 Pallii
612 1003 846 1069 nomine,
893 1017 998 1073 qua
1045 1000 1435 1072 signiﬁcatione
1475 999 1565 1056 hic
1590 1001 1848 1068 sumitur,
1878 1009 1929 1070 Α
1956 997 2115 1054 tiensi
2153 995 2416 1065 Episcopo
2451 994 2700 1066 permisit
2738 995 2958 1065 pallium
2995 1013 3208 1070 gerere,
3241 1010 3376 1062 tunc
3405 1021 3530 1064 cum

259 1121 428 1182 genus
475 1101 744 1173 quoddam
796 1096 939 1152 sacri
988 1095 1295 1152 vestimenti
1347 1093 1698 1164 intelligitur,
1737 1109 1846 1163 quo

259 1195 588 1256 Patriarchze
651 1191 1043 1247 amiciehantur
1085 1187 1299 1258 quidem
1322 1227 1336 1249 ,
1370 1203 1490 1241 cum
1523 1187 1844 1242 ordinaren-

261 1301 376 1354 tur;
413 1287 750 1342 exuebantur
769 1297 921 1344 vero,
949 1281 993 1334 si
1021 1278 1211 1349 deponi
1241 1277 1594 1347 contingeret.

327 1380 392 1435 II.
424 1375 738 1448 Cujnsmodi
766 1373 932 1427 fuerit
960 1373 1012 1426 in
1044 1370 1283 1424 Ecclesia
1316 1366 1598 1434 Orientali,
1628 1383 1734 1422 non
1764 1377 1846 1424 est

255 1473 421 1544 hujus
439 1469 543 1523 loci
571 1467 841 1520 disserere
870 1481 884 1516 :
915 1462 981 1516 ad
1026 1461 1193 1516 solam
1225 1459 1366 1514 enim
1395 1457 1704 1512 Occidentis
1748 1458 1849 1513 Ec-

257 1563 479 1618 clesium
507 1559 739 1622 pertinet
764 1556 946 1620 Liber,
979 1568 1140 1623 quem
1166 1551 1524 1612 illustramns;
1559 1567 1661 1605 nec
1689 1549 1848 1619 hujus

257 1668 474 1726 quoque
517 1651 616 1707 loci
641 1658 726 1704 est
753 1649 954 1711 dicere,
983 1645 1105 1716 quis
1137 1645 1327 1699 modus
1353 1654 1540 1700 nostra
1573 1652 1730 1698 mtate
1755 1643 1847 1708 sit,

241 1745 384 1818 quis
413 1745 549 1797 ritus
587 1738 920 1802 Conferendi,
958 1746 1012 1792 et
1041 1737 1164 1806 quis
1193 1751 1322 1789 usus
1353 1745 1514 1804 atque
1545 1734 1843 1798 autoritas;

255 1851 421 1894 nemo
445 1834 714 1908 siquidem
745 1831 800 1886 id
824 1846 931 1885 non
955 1836 1134 1900 potest
1162 1827 1320 1883 facile
1367 1828 1576 1882 discere
1599 1843 1663 1884 ex
1704 1826 1849 1882 Jnris

257 1925 529 1983 Pontiﬁcii
561 1923 968 1993 interpretibus.
1003 1921 1071 1975 ad
1099 1919 1313 1974 titulum
1339 1919 1403 1973 de
1433 1935 1530 1972 usu
1559 1928 1606 1972 et
1646 1918 1848 1972 antari-

254 2027 367 2072 tate
391 2015 571 2088 pallii.

325 2108 414 2164 III.
457 2107 540 2162 Ad
563 2105 675 2161 sola
705 2105 874 2175 igitur
894 2101 1076 2174 priora
1110 2100 1308 2158 saecula
1332 2107 1541 2172 spectat
1571 2100 1689 2154 hinc
1713 2113 1848 2168 qna-

253 2202 561 2270 Iiscnmqne
590 2207 676 2253 est
703 2205 886 2252 nostra
913 2196 1254 2258 Dissertatio,
1291 2196 1337 2248 si
1366 2203 1540 2256 tamen
1578 2193 1849 2250 Disserta-

257 2296 336 2351 tio
367 2303 482 2360 est,
511 2302 567 2348 et
602 2307 711 2346 non
741 2292 920 2362 potius
964 2288 1343 2362 compendiosa
1376 2287 1623 2358 quaedam
1653 2287 1844 2348 obser-

253 2386 406 2440 vatio

327 2477 422 2531 Π.
463 2475 578 2530 ‘Vox
629 2471 778 2543 pallii
833 2469 975 2541 apud
1029 2467 1343 2524 Latinitatis
1396 2475 1614 2521 autores
1639 2475 1847 2521 vestem

253 2569 412 2626 ﬂiam
440 2566 651 2636 longam
675 2547 969 2634 signiﬁcat,
996 2576 1117 2631 qum
1151 2559 1271 2614 aliis
1298 2559 1624 2613 indumentis
1652 2558 1725 2611 ita
1749 2558 1851 2618 im-

251 2659 508 2733 ponitur,
531 2665 588 2712 ut
623 2656 850 2711 subinde
881 2663 1208 2718 assumatur,
1241 2667 1362 2705 cum
1398 2649 1767 2720 prodeundum
1796 2648 1851 2708 in

256 2751 564 2825 publicum;
594 2749 913 2821 deponatur.
944 2747 1161 2818 quando
1189 2743 1423 2816 quisque
1452 2743 1594 2806 domi
1621 2741 1764 2812 apud
1792 2755 1852 2802 se

258 2853 366 2901 est.

335 2929 399 2987 ν.
437 2931 498 2986 In
529 2931 702 2986 sacris
728 2927 1063 2990 ornamentis
1089 2942 1189 2982 vox
1225 2925 1312 2980 illa
1347 2925 1654 2996 ambiguam
1686 2924 1852 2985 habet

258 3023 712 3100 signiﬁcationem
743 3043 756 3075 ι
790 3021 1020 3077 sumitur
1061 3019 1230 3082 enim,
1260 3017 1548 3086 aliquando
1574 3031 1671 3087 pro
1700 3026 1853 3070 veste

258 3129 440 3179 Sacra,
472 3130 591 3184 qua:
633 3113 1058 3183 superinduitur,
1092 3118 1151 3164 ut
1179 3109 1319 3179 quod
1364 3108 1600 3188 pluviale
1629 3107 1848 3174 dicitur,

257 3206 517 3279 quodque
537 3220 706 3275 cappa
730 3213 783 3258 et
804 3202 1019 3268 casula;
1050 3202 1339 3279 aliquando
1368 3215 1466 3270 pro
1497 3200 1695 3270 insigni
1719 3214 1854 3269 quo-

259 3297 392 3353 dam
427 3298 704 3368 dignitatis
733 3297 966 3359 eximim,
998 3295 1140 3364 quod
1169 3294 1268 3362 ipsi
1293 3294 1456 3346 etiam
1487 3308 1670 3362 cappa:
1696 3307 1854 3348 casu-

257 3388 442 3458 lzeqne
470 3389 763 3458 imponitur
799 3406 811 3442 :
843 3397 1004 3458 atque
1037 3385 1240 3440 idcirco
1276 3384 1424 3456 pallii
1452 3399 1649 3438 nomen
1694 3384 1854 3454 sorti-

259 3487 378 3545 tur,
435 3480 691 3550 quoniam
745 3480 829 3534 vel
881 3479 1043 3546 pallio
1085 3477 1398 3550 imponitur,
1445 3475 1584 3532 sicut
1631 3475 1853 3544 pallium

256 3570 492 3642 reliquis
515 3570 774 3632 vestibus,
803 3567 889 3622 vel
913 3567 1156 3636 estpallii
1177 3574 1551 3620 ornamentum
1583 3567 1854 3636 quoddam

255 3665 318 3714 et
346 3661 560 3713 decus:
593 3658 795 3713 frustra
829 3660 972 3712 enim
1002 3668 1150 3722 sunt,
1183 3659 1276 3726 qui
1305 3672 1466 3727 super
1499 3673 1562 3712 ea
1607 3658 1852 3719 inomina-

256 3752 418 3807 tione
443 3750 604 3803 anxie
639 3751 931 3820 quaerendo
961 3767 1020 3803 se
1046 3751 1314 3802 cruciant.

339 3843 426 3896 VI.
472 3841 755 3896 POstrcma
786 3843 888 3894 hac
925 3848 1189 3910 potestate
1214 3855 1355 3900 nunc
1385 3838 1662 3912 accipitur,
1695 3847 1856 3910 atque

261 3935 342 3992 ita
369 3932 641 4004 signiﬁcat
663 3932 900 4000 idipsum
930 3931 1279 4008 proportione
1317 3929 1370 3982 in
1417 3928 1678 3993 Ecclesia,
1712 3929 1856 4000 quod

263 4027 479 4096 torquis
507 4027 560 4079 in
589 4024 916 4080 militaribus
944 4023 1216 4094 regiisque
1237 4020 1395 4098 194
1423 4022 1735 4084 Ordinibus,
1762 4023 1853 4075 ni,

262 4122 468 4185 mirum
509 4119 718 4190 insigne
753 4117 1034 4190 dignitatis
1069 4114 1347 4186 cujusdam
1383 4115 1772 4184 praecellentis,
1799 4124 1858 4171 et

265 4212 484 4266 neniam
517 4209 678 4279 pallio
708 4223 865 4262 sacro
888 4208 1356 4268 circnmadditam.

344 4307 449 4361 VII.
494 4307 758 4376 Quoniam
795 4321 925 4360 vero
956 4303 1100 4366 nulla
1128 4312 1213 4357 est
1257 4304 1310 4359 in
1343 4303 1585 4358 Ecclesia
1619 4304 1857 4376 dignitas

265 4399 626 4456 Patriarchali
677 4397 872 4472 major,
903 4397 1103 4461 idcirco
1139 4406 1362 4460 ornatus
1401 4397 1488 4452 ille
1515 4397 1859 4457 Patriarcha-

268 4511 389 4549 rum
413 4493 662 4563 pi-Oprius
687 4492 886 4556 extitit,
911 4500 965 4545 et
986 4490 1128 4545 illius
1152 4490 1471 4559 priesertim,
1502 4490 1595 4559 qui
1633 4490 1856 4560 reliquis

265 4587 523 4640 omnibus
549 4584 834 4645 antecellit,
863 4582 1062 4652 quique
1086 4579 1208 4648 jure
1238 4580 1419 4635 divino
1438 4592 1651 4654 praeest,
1675 4583 1732 4637 id
1751 4589 1852 4648 est,

267 4679 466 4735 summi
495 4677 806 4741 Pontiﬁcis,
849 4676 961 4741 sive
991 4675 1245 4750 Episcopi
1283 4674 1532 4730 Romani.

341 4769 473 4825 VIII.
505 4769 640 4825 Cum
673 4779 850 4824 autem
877 4768 930 4822 in
958 4767 1199 4821 Ecclesia
1236 4767 1480 4837 dignitati
1509 4774 1745 4835 potestas
1771 4783 1856 4822 re.

267 4871 553 4934 spondeat,
583 4861 823 4931 pallium,
857 4863 921 4914 de
944 4875 1050 4930 quo
1075 4843 1368 4929 loquimur,
1397 4874 1497 4911 una
1530 4855 1652 4912 cum
1681 4859 1856 4930 digni-

265 4963 401 5019 tate,
454 4951 843 5023 plenitndinem
902 4950 1185 5020 potestatis
1229 4949 1516 5022 signiﬁcat,
1558 4965 1657 5020 pro
1697 4953 1856 5008 modo

1949 1087 2192 1146 Electum
2242 1102 2272 1139 a
2315 1085 2471 1140 Clero
2519 1087 2762 1142 Romano
2804 1088 2862 1152 in
2904 1102 3174 1149 summum
3213 1094 3531 1155 Pontiﬁcem

1945 1193 2096 1234 more
2125 1178 2394 1247 majorum
2428 1178 2723 1233 ordinaret.

2017 1271 2084 1324 Χ.
2126 1269 2244 1324 Non
2276 1270 2480 1324 recedit
2506 1270 2671 1341 igitur
2701 1273 2939 1341 procula
2967 1291 3098 1332 vero
3121 1282 3391 1335 sententia
3417 1282 3533 1338 illo-

1947 1378 2088 1424 rum,
2119 1361 2209 1430 qni
2241 1359 2430 1416 Linum
2456 1359 2605 1414 Petri
2642 1376 3009 1422 succenserom
3043 1368 3202 1433 hujus
3227 1374 3531 1428 ornamenti

1949 1462 2190 1510 antorem
2222 1451 2447 1506 faciunt.
2483 1450 2705 1510 Faciunt
2742 1469 2872 1516 vero
2907 1458 3178 1528 Κηφεῖ-ωε
3217 1462 3532 1531 Tuitiensis,

1951 1551 2007 1600 et
2031 1543 2364 1614 Augustinus
2384 1543 2644 1602 Patritins
2676 1563 2688 1598 :
2723 1546 2810 1600 ille
2835 1548 2890 1604 In
2930 1549 3024 1607 lib.
3055 1553 3164 1607 ide
3188 1552 3386 1609 divinis
3405 1556 3534 1611 Oﬁl-

1951 1637 2050 1694 ciis
2088 1651 2208 1706 cap.
2257 1637 2350 1702 27,
2393 1637 2498 1694 iste
2532 1637 2676 1694 lib..i
2715 1629 2996 1698 sacrorum
3042 1646 3261 1714 rituum,
3303 1659 3436 1704 sect.
3471 1651 3540 1707 de

1948 1727 2136 1798 pallio.

2021 1819 2111 1874 XI.
2148 1818 2393 1874 Mirabile
2415 1835 2577 1889 porro
2603 1826 2871 1893 est,quo,d
2897 1828 3088 1882 scribit
3113 1830 3406 1900 Rupertus,
3433 1835 3540 1890 Ma-

1951 1919 2184 1974 ternum,
2217 1913 2309 1981 qui
2349 1913 2414 1966 ad
2449 1913 2826 1973 Trevirensetn
2878 1918 3172 1976 Ecclesium
3211 1923 3540 1982 fundandam

1949 2016 1980 2056 a
2010 2001 2071 2064 Β.
2104 2002 2267 2057 Petro
2311 2001 2568 2072 Apostolo
2611 2005 2808 2069 missus
2845 2017 2948 2073 est,
2989 2011 3360 2067 hereditatem
3392 2016 3542 2084 pallii

1950 2093 2064 2146 suis
2087 2094 2492 2155 successoribus
2521 2095 2805 2166 reliquisse
2837 2117 2848 2151 :
2883 2098 2938 2152 id
2975 2101 3120 2155 enitn
3146 2103 3194 2156 si
3226 2119 3417 2158 verum
3445 2108 3542 2176 sit,

1949 2182 2106 2238 fateri
2134 2192 2378 2252 oportet,
2412 2187 2468 2240 S.
2499 2185 2722 2242 Petrum
2756 2205 2912 2244 usum
2953 2190 3121 2251 fuisse
3150 2194 3339 2262 pallio,
3369 2212 3542 2268 eoque

1949 2273 2252 2329 Maternum
2283 2276 2534 2343 donasse,
2567 2290 2730 2348 atque
2761 2280 2898 2334 adeo
2924 2283 2992 2337 ab
3017 2286 3245 2340 exordio
3268 2292 3544 2346 nascentis

1874 2355 1922 2415 B
1951 2364 2206 2420 Ecclesia:
2253 2382 2493 2422 summos
2525 2369 2814 2426 Pontiﬁces
2852 2380 2908 2426 et
2947 2375 3202 2443 gessisse,
3237 2387 3291 2434 et
3320 2395 3543 2438 conces-

1951 2456 2086 2510 sisse
2120 2458 2362 2528 pallium.
2406 2457 2626 2526 Verum,
2664 2471 2725 2514 nt
2769 2463 2887 2520 sine
2920 2467 3232 2524 testimonio
3275 2483 3540 2542 veterum,

1955 2559 2110 2602 autor
2136 2549 2226 2602 ille
2257 2551 2562 2610 duodecimi
2591 2555 2874 2612 dumtaxat
2902 2559 3087 2616 seculi
3128 2567 3239 2615 tam
3261 2566 3544 2635 antiquam

1951 2641 2099 2720 pallii
2122 2645 2527 2698 concessionem
2551 2644 2703 2712 facit,
2728 2648 2802 2702 ita
2821 2649 2981 2703 ﬁdem
3004 2652 3088 2706 vix
3107 2653 3352 2713 obtinere
3376 2659 3539 2728 valet,

1953 2731 2145 2786 saltem
2176 2733 2318 2805 apud
2343 2735 2589 2790 homines
2619 2753 2726 2791 non
2753 2740 3106 2800 vehementer
3123 2746 3376 2802 credulos

2025 2821 2137 2882 XII.
2183 2824 2409 2892 Accepit
2440 2840 2468 2880 a
2507 2825 2769 2900 Reperio,
2806 2846 2928 2901 quae
2957 2834 3175 2903 scripsit
3205 2836 3546 2910 Augustinus

1952 2909 2233 2977 Patritius,
2260 2924 2416 2974 autor
2438 2914 2698 2997 librorum
2723 2922 2789 2976 de
2809 2926 2984 2980 sacris
3003 2925 3260 2984 Ecclesia:
3287 2909 3546 2996 Romanae

1955 3005 2172 3071 ritibus,
2213 3021 2350 3076 quos
2399 3009 2493 3077 qui
2551 3011 2795 3068 tribuunt
2837 3015 3249 3089 Chryetophoro
3291 3024 3548 3086 Marcello

1955 3094 2295 3168 Corcyrensi,
2327 3100 2579 3161 videntur
2617 3103 2854 3162 Marcelli
2895 3111 3270 3179 praefationem
3305 3119 3376 3173 ad
3405 3120 3546 3177 Leo-

1955 3205 2079 3245 nem
2130 3193 2176 3256 Χ
2222 3194 2364 3252 inter
2412 3196 2702 3268 legendum
2775 3209 3237 3272 praetermisisse:
3271 3217 3546 3274 scribebat

1955 3283 2100 3336 enim
2147 3285 2522 3354 praefationem
2576 3290 2864 3352 Marcellus
2909 3313 3054 3354 anno
3106 3303 3265 3370 l516,
3327 3310 3548 3367 sedente

1956 3552 2235 3622 Fedcrico,
2268 3567 2328 3611 ut
2352 3561 2638 3620 manifeste
2660 3569 2914 3622 ostendit.

2027 3646 2162 3700 XM.
2206 3648 2665 3715 Quemadmodum
2709 3672 2840 3714 vero
2877 3664 3073 3719 summi
3114 3665 3551 3741 Ponti-lices'po-

1880 3718 1924 3780 (ἶ
1959 3727 2206 3798 testatem
2270 3761 2422 3801 suam
2486 3748 2774 3822 aliquando
2842 3754 3170 3814 Prwsnlibus
3228 3718 3547 3822 inferiorbm

1957 3831 2322 3890 ECCiCeIaI‘UIII
2375 3843 2864 3909 commnnicarunt,
2901 3860 3103 3917 eosque
3149 3852 3203 3904 in
3245 3851 3550 3915 Provinciis

1957 3926 2180 3991 remotis
2228 3927 2468 3993 Vicarios
2518 3946 2645 3988 suos
2692 3945 2966 4002 crearunt,
3017 3939 3094 3995 ita
3131 3946 3548 4006 communicata:

1955 4019 2242 4084 potestatis
2274 4019 2482 4089 insigne
2508 4023 2874 4093 contulerunt,
2909 4045 3030 4099 quae.
3061 4032 3174 4100 ipsa
3213 4047 3301 4089 est
3326 4052 3551 4095 conces-

1958 4105 2036 4160 sio
2060 4108 2204 4176 pallii
2229 4127 2240 4162 :
2272 4111 2412 4166 unde
2431 4112 2654 4180 factum,
2674 4117 2830 4188 195
2849 4128 2905 4182 ut
2930 4123 3171 4190 pristinis
3195 4130 3549 4198 temporibus,

1956 4198 2399 4269 quotiescumque
2448 4205 2700 4259 collatum
2744 4219 2843 4271 est,
2893 4219 3036 4266 nutu
3083 4214 3154 4268 sit
3190 4218 3392 4269 mentio
3419 4235 3552 4273 con-

1957 4299 2123 4339 cessa:
2154 4292 2461 4344 autoritatis
2499 4295 2660 4356 illius,
2696 4313 2817 4365 quae
2845 4314 2943 4366 per
2972 4317 3030 4354 se
3060 4292 3271 4358 summo
3297 4305 3552 4368 Pontilici

1957 4378 2228 4444 convenit,
2272 4395 2464 4451 nempe
2517 4387 2737 4453 cogendi
2796 4387 3078 4458 Synotlos,
3137 4400 3425 4454 exercendi
3480 4402 3550 4460 de

1957 4463 2235 4538 Episcopis
2263 4470 2528 4541 rebusque
2566 4473 2690 4532 lidci
2719 4474 2946 4545 judicia,
2974 4481 3288 4541 facultatem
3319 4488 3551 4560 Episco-

1953 4560 2039 4629 pis
2064 4559 2298 4615 faciendi
2330 4562 2542 4634 longius
2584 4583 2612 4620 a
2637 4583 2733 4624 sua
2764 4570 3004 4630 Ecclesia
3031 4579 3337 4644 recedendi,
3366 4559 3473 4639 etc.

2027 4651 2166 4706 XIV.
2209 4653 2343 4720 Quia
2375 4671 2541 4728 porro
2581 4661 2778 4720 vicaria
2809 4673 3052 4734 potestas
3095 4687 3218 4726 cum
3249 4675 3416 4744 pallio
3443 4678 3548 4734 tri-

1954 4743 2220 4846 buebatur
2245 4763 2274 4799 a
2299 4764 2510 4806 summo
2536 4751 2818 4822 Pontiﬁce,
2857 4757 2947 4827 ius
2994 4743 3330 4837 munitusque
3364 4774 3551 4846 exige-

1954 4834 2068 4899 bat,
2112 4845 2171 4890 ut
2200 4838 2290 4908 qui
2329 4840 2551 4908 pallium
2589 4845 2950 4917 accipiebant,
2974 4834 3278 4924 obligarent
3305 4834 3547 4917 vicissim

1956 4946 2168 4989 summo
2191 4933 2434 4992 Pontiﬁci
2455 4940 2780 5009 peculiarem
2809 4943 2987 5003 ﬁdem.
3019 4949 3214 5009 Verum
3238 4973 3357 5027 quae
3379 4974 3548 5026 angn—

267 5056 450 5101 mmen
473 5060 740 5116 personae,
769 5059 800 5096 a
828 5058 930 5114 qua
955 5044 1163 5115 geritur
1196 5061 1208 5096 ε
1243 5058 1366 5096 nam
1397 5043 1448 5096 in
1477 5057 1691 5098 summo
1713 5042 1854 5098 Ροη,
1878 5076 1932 5136 D
1957 5025 2055 5136 stis
2082 5026 2271 5129 vicarii
2314 5029 2552 5136 muneris
2581 5036 2830 5094 terminis
2863 5040 3120 5112 obligatio
3159 5025 3281 5102 ﬁdei
3316 5025 3542 5106 coerce-

267 5137 433 5198 tiﬁce,
463 5137 518 5189 in
546 5135 841 5190 Ecclesiam
873 5136 1210 5201 universam;
1245 5135 1296 5188 in
1328 5134 1448 5190 aliis
1482 5134 1854 5204 Patriarchiis,

264 5231 324 5284 in
357 5227 602 5300 singulas
646 5243 771 5282 suas
805 5227 1097 5290 dimceses,
1147 5236 1468 5296 potestatem
1507 5227 1858 5288 demonstrat.

339 5319 432 5373 IX.
475 5319 631 5374 Sicut
664 5321 721 5374 in
741 5318 1003 5375 Orientali
1050 5321 1291 5376 Ecclesia
1336 5320 1538 5376 nullum
1587 5323 1860 5392 designari

265 5425 448 5486 potest
488 5422 732 5483 tempus,
766 5429 872 5484 quo
896 5414 1007 5484 geri
1051 5429 1080 5467 a
1123 5414 1452 5470 Patriarchis
1493 5417 1738 5487 cmperit,
1782 5417 1861 5473 sic

266 5519 450 5576 neque
480 5507 534 5560 in
565 5505 896 5562 Occidentali
930 5519 1139 5578 :quare
1180 5515 1468 5578 perpetuus
1511 5508 1709 5562 merito
1752 5507 1856 5564 dici

267 5606 453 5672 potest
477 5613 610 5653 usus
640 5599 694 5652 in
722 5597 948 5653 summis
983 5595 1355 5660 Pontiﬁcibns,
1383 5611 1505 5650 cum
1535 5597 1707 5650 sacris
1731 5613 1857 5668 ope-

267 5698 551 5754 rarentur,
585 5697 677 5744 aut
703 5691 882 5744 munia
920 5689 1022 5745 sibi
1052 5689 1268 5759 propria
1301 5689 1533 5742 obirent.
1562 5687 1684 5743 Fuit
1711 5698 1857 5745 certe

270 5794 406 5839 unus
447 5791 588 5859 ante
609 5797 818 5858 annum
862 5781 982 5848 556,
1017 5795 1124 5851 quo
1166 5795 1307 5837 anno
1338 5779 1550 5842 Marcus
1585 5779 1729 5852 Papa
1760 5780 1858 5838 Os-

1962 5117 2124 5171 batur
2146 5119 2401 5192 primum,
2427 5120 2590 5177 latius
2609 5136 2794 5196 postea
2827 5143 3051 5191 extensa
3081 5145 3188 5191 est.

2031 5207 2147 5264 XV.
2189 5208 2385 5266 Primis
2418 5221 2773 5296 temporiuus,
2815 5239 2938 5280 cum
2966 5227 3186 5296 palliqu
3224 5243 3323 5297 per
3360 5229 3548 5292 literas

1962 5324 1993 5362 a
2035 5307 2388 5372 Pontiﬁcibus
2433 5314 2760 5386 mitteretur,
2802 5321 2973 5380 literae
3022 5325 3392 5395 continebant,
3439 5349 3548 5391 non

1963 5411 2169 5472 tantum
2215 5408 2646 5478 exhortationem
2676 5417 2744 5472 ad
2770 5418 2936 5473 vitam
2969 5419 3212 5477 sanctius
3256 5424 3547 5487 instituen-

1961 5495 2122 5590 dam,
2164 5514 2466 5571 munusque
2504 5508 2774 5574 pastorale
2809 5510 2968 5579 digne
3021 5511 3224 5571 vicaria
3278 5524 3547 5590 potestate

1963 5586 2324 5662 implendum,
2358 5596 2452 5650 sed
2485 5597 2650 5658 etiam
2681 5598 2970 5666 aliquando
2997 5607 3250 5665 mandata
3278 5586 3348 5668 de
3379 5616 3548 5669 extir-

1963 5683 2154 5750 pandis
2183 5685 2512 5754 haeresihns,
2542 5687 2874 5760 zizaniisque
2901 5693 2955 5750 in
2988 5711 3120 5770 agro
3140 5699 3400 5759 Ecclesia:
3426 5721 3548 5760 suc-

1964 5779 2352 5867 crescentibus.
2396 5779 2598 5844 Verum
2637 5780 2706 5842 de
2746 5787 3007 5856 peculiari
3035 5791 3343 5853 obedientia
3366 5796 3575 5868 subjo-'
