4062 6504
485 375 583 437 167

1746 368 1838 425 ΑΙ)
1871 362 2135 423 LIBRUM
2173 357 2494 420 DIURNUM

3651 365 3752 426 168

483 493 768 564 ctioneqne
810 488 991 545 nullus
1031 494 1160 544 tunc
1198 493 1318 543 erat
1361 501 1574 553 sermo,
1619 485 1721 541 fuit
1761 461 2065 556 posteriore
2089 484 2138 545 Α
2166 476 2492 535 Prmsulibus
2521 473 2670 547 pallii
2696 487 2826 530 usus
2852 471 3200 564 tribueretur,
3232 485 3341 564 non
3383 468 3516 529 item
3559 471 3754 547 Hispa-

481 594 661 648 mtate,
695 585 740 640 si
771 599 877 639 non
921 596 1157 650 semper,
1189 580 1378 634 saltem
1410 587 1471 633 ut
1502 579 1813 650 plurimum.
1840 576 1896 629 Id
1922 573 2066 644 quod

487 679 600 734 dixi
627 679 693 733 de
721 677 912 746 primis
933 673 1288 743 temporibus,
1317 679 1528 726 constat
1551 687 1616 725 ex
1649 667 1889 738 epistolis
1910 666 2066 738 Sym-

487 770 685 830 machi,
712 768 1024 838 Pelagiique
1052 764 1116 831 II,
1147 773 1203 820 et
1232 764 1290 819 S.
1324 763 1588 835 Gregorii,
1621 773 1782 833 atque
1802 761 1967 817 etiam
1998 773 2068 815 ex

492 861 742 916 formulis
771 858 979 912 Diumi.

561 951 696 1007 XVI.
738 949 855 1005 Non
899 948 1134 1004 difﬁteor
1177 955 1389 1014 tamen,
1441 946 1571 1016 quin
1619 945 1767 1016 pallii
1821 942 2070 1015 sacrique

457 1043 630 1107 illius
675 1042 884 1112 torquis
929 1040 1347 1096 communicatio
1387 1039 1551 1094 fuerit
1591 1040 1792 1094 arctior
1821 1039 2068 1108 quedam

487 1133 802 1204 accipientis
829 1132 1076 1203 Episcopi
1099 1145 1221 1186 cum
1244 1131 1407 1186 dante
1435 1145 1645 1185 summo
1664 1128 1923 1184 Pontiﬁce
1942 1144 2071 1184 con-

483 1225 724 1297 iunctio,
775 1225 850 1279 ita
895 1231 956 1277 ut
997 1237 1094 1293 per
1144 1222 1466 1292 Episcopum
1514 1219 1757 1275 Pontifex
1796 1217 2071 1274 videretur

490 1322 814 1387 potestatem
852 1329 1004 1370 suam
1029 1327 1281 1368 exercere
1311 1314 1364 1367 in
1396 1311 1697 1367 Provinciis
1741 1309 1954 1379 longius
1985 1324 2072 1363 re.

491 1407 673 1469 motis,
697 1413 753 1461 et
770 1406 968 1475 ubique
989 1404 1243 1460 Ecclesia:
1263 1403 1455 1458 adesse
1476 1392 1761 1474 potestate,
1786 1408 1846 1454 ut
1870 1399 1960 1470 qui
1983 1414 2073 1454 or-

490 1497 612 1553 bem
659 1495 1030 1551 Christianum
1058 1495 1257 1550 Vicarii
1297 1494 1500 1549 Christi
1544 1493 1838 1564 regendum
1884 1504 2070 1545 susce-

491 1592 717 1663 pissent.
765 1589 822 1646 Id
853 1590 1102 1661 Pelagius
1143 1589 1165 1644 l
1219 1590 1440 1644 mittens
1483 1587 1732 1656 Sapaudo
1769 1582 2074 1641 Arelatensi

491 1681 712 1752 pallium
744 1682 938 1736 innuit.
982 1681 1142 1738 Vices
1169 1682 1312 1734 enim
1341 1696 1468 1736 suas
1509 1679 1710 1735 idcirco
1740 1677 1964 1733 traditas
2001 1677 2075 1731 si-

493 1775 714 1845 gniﬁcat
764 1790 915 1830 more
958 1775 1255 1844 majorum,
1289 1791 1309 1824 (
1346 1781 1406 1826 ut
1458 1773 1670 1828 stabilis
1725 1773 1866 1826 illius
1905 1781 2074 1842 petrae

468 1839 824 1938 sempiterna
855 1839 1122 1932 soliditas,
1146 1881 1307 1935 supra
1336 1881 1496 1935 quam
1535 1867 1794 1920 Dominus
1825 1839 2074 1920 Salvator
2100 1839 2148 1899 Β

497 1965 683 2012 noster
736 1958 1016 2026 propriam
1060 1956 1304 2012 fundavit
1345 1957 1661 2022 Ecclesiam,
1715 1973 1745 2011 a
1789 1957 1916 2012 solis
1954 1965 2076 2012 ortu

407 2079 416 2084 -
495 2065 667 2121 usque
684 2050 750 2104 ad
775 2065 1048 2114 occasum,
1077 2050 1341 2121 primatus
1363 2053 1443 2106 sui
1471 2051 1677 2120 apicem
1700 2062 2078 2105 successorum

496 2159 714 2199 suorum
745 2143 1055 2208 autoritate,
1102 2151 1211 2196 tam
1242 2159 1340 2212 per
1365 2158 1444 2208 se,
1483 2158 1646 2212 quam
1688 2157 1788 2211 per
1837 2139 2080 2195 Vicarios

495 2248 648 2298 suos,
674 2233 904 2289 ﬁrmiter
931 2234 1232 2300 obtineret,
1277 2246 1385 2290 etc.
1429 2233 1520 2290 Sic
1551 2234 1874 2305 participata
1903 2232 2080 2287 solici-

496 2323 684 2378 tudine
726 2333 968 2379 sanctam
1016 2323 1110 2379 Dei
1154 2324 1516 2380 universalem
1562 2324 1860 2380 Ecclesiam
1904 2322 2081 2379 nostri

496 2431 596 2485 per
630 2416 724 2472 Dei
756 2417 985 2487 gratiam
1011 2432 1200 2473 rexere
1225 2417 1483 2486 majores,
1522 2438 1542 2468 ι
1573 2425 1679 2473 etc.
1712 2413 1714 2415 ’

572 2510 730 2565 XVII.
761 2510 1026 2578 Quoniam
1048 2527 1180 2567 vero
1208 2519 1361 2567 sexto
1383 2512 1719 2581 septimoque
1746 2511 1941 2566 saeculo
1962 2510 2083 2564 mit-

501 2606 717 2660 tebatur
736 2605 955 2676 pallium
989 2606 1266 2676 Episcopis
1285 2647 1299 2670 ,
1323 2605 1487 2660 etiam
1509 2613 1660 2659 extra
1683 2604 1899 2675 Imperii
1925 2605 2086 2659 ditio-

499 2711 625 2752 nem
674 2697 899 2767 positis,
943 2695 1145 2752 factum
1197 2705 1312 2762 est,
1351 2706 1408 2750 ut
1447 2711 1553 2766 quo
1597 2704 1842 2766 tempore
1889 2695 2084 2750 summi

497 2785 788 2842 Pontiﬁces
811 2801 949 2855 pene
991 2787 1260 2841 servirent
1296 2787 1396 2842 sub
1434 2787 1699 2842 Exarchis
1744 2785 2087 2856 Imperatori-

497 2884 729 2953 husque,
768 2897 942 2952 eoque
983 2882 1377 2952 suspicaciores
1414 2881 1591 2938 forent
1627 2881 1858 2938 Exarchi
1887 2881 1948 2934 ac
1979 2880 2085 2933 Im-

497 2982 798 3048 peratores,
828 2973 972 3042 quod
1015 2972 1106 3026 vix
1150 2972 1336 3027 Romae
1387 2973 1722 3027 dominatum
1766 2971 2081 3034 retinerent,

500 3067 760 3121 adversus
783 3065 1096 3120 invadentes
1118 3062 1600 3135 aliarum'gentium
1623 3063 1830 3132 Reges:
1857 3060 2082 3122 factum,

500 3157 746 3226 inquam,
779 3163 862 3211 est
889 3164 950 3210 ut
992 3154 1302 3220 Pontiﬁces,
1343 3170 1466 3210 cum
1514 3155 1736 3224 pallium
1787 3153 2084 3217 mitterent,
2115 3187 2159 3250 Ο

500 3262 826 3304 consensum
865 3246 1211 3316 Imperatoris
1239 3254 1588 3316 expeterent;
1618 3260 1687 3298 ne
1715 3257 1778 3297 ea
1817 3244 1882 3298 de
1922 3259 2087 3298 causa

502 3339 742 3395 oriretur
769 3338 1002 3408 suspicio
1029 3335 1264 3392 aﬁ‘ectati
1291 3336 1506 3390 aliunde
1541 3333 1796 3404 prmsidii.
1829 3333 1906 3387 Ita
1942 3331 2090 3403 Vigi-

501 3430 608 3487 lius
629 3430 937 3494 Justiniani,
979 3430 1053 3483 ita
1085 3428 1375 3498 Gregorius
1416 3428 1640 3497 Magnus
1685 3425 1918 3503 Mauritii
1965 3440 2094 3479 con-

499 3537 721 3578 sensum
749 3521 992 3591 poposcit
1023 3539 1036 3573 :
1067 3520 1316 3590 gemebat
1345 3519 1490 3573 enim
1528 3519 1629 3572 sub
1668 3517 1965 3572 Theodorae
1990 3516 2091 3571 Ju-

501 3613 828 3682 stinianique
873 3613 1144 3668 serviliter
1190 3612 1366 3667 uxorii
1417 3610 1699 3682 tyrannide
1738 3610 2000 3681 Vigilius,
2036 3616 2091 3665 et

503 3707 800 3777 Gregorius
823 3705 1058 3761 Exarchi
1087 3705 1405 3769 calumnias,
1433 3705 1773 3774 convitiaqne
1795 3703 2094 3772 Imperato-

506 3797 582 3852 ris
595 3798 919 3866 patiebatur.
939 3797 1140 3851 Neuter
1153 3797 1372 3859 scilicet,
1388 3797 1547 3868 196
1559 3812 1656 3866 pro
1671 3812 1764 3850 sua
1781 3797 2089 3866 prudentia,

506 3889 723 3942 volebat
740 3888 949 3941 animos
973 3888 1250 3942 hominum
1285 3890 1638 3958 quaerentium
1672 3889 1818 3943 rixas
1845 3898 2089 3958 tangere,

508 3979 594 4033 vel
619 3979 890 4034 levissima
914 3979 1221 4047 suspicione
1246 3981 1521 4034 societatis
1543 3980 1689 4035 inita:
1712 3996 1834 4036 cum
1857 3979 2091 4049 Regibus

507 4070 875 4135 Childeberto,
923 4069 1278 4137 Theodorico,
1331 4079 1386 4126 et
1446 4072 1818 4128 Theodeberto
1852 4091 1864 4125 :
1899 4080 2094 4126 neuter

509 4161 653 4219 cnim
685 4161 980 4233 ignorabat,
1013 4177 1132 4230 qum
1159 4163 1425 4216 calumnia
1457 4163 1617 4217 simili
1650 4165 1828 4235 Specie
1860 4163 2090 4218 Silverio

509 4263 714 4310 structa
758 4262 920 4320 esset,
955 4269 1225 4324 quamque
1265 4253 1379 4309 dira
1413 4255 1537 4310 inde
1567 4272 1810 4310 summus
1842 4254 2090 4310 Pontifex

510 4349 840 4418 pertulisset.

584 4437 767 4491 XVIII.
797 4439 875 4491 Ex
898 4438 984 4493 his
1012 4439 1370 4496 conﬁciuntur
1391 4442 1496 4497 duo
1523 4460 1536 4496 :
1568 4443 1818 4506 alterum,
1849 4457 1948 4495 nec
1971 4457 2090 4496 esse

512 4545 646 4600 Opus
676 4530 944 4584 laboriose
980 4546 1219 4599 quaerere
1249 4535 1552 4603 generalem
1587 4535 1848 4601 aliquam,
1885 4541 1937 4584 et
1969 4548 2088 4602 quae
2114 4562 2167 4620 Β

511 4622 578 4676 ad
625 4636 813 4676 omnes
861 4621 1149 4679 Pontiﬁces
1191 4626 1480 4694 pertineat,
1532 4639 1749 4679 causam
1790 4636 2089 4675 consensus

511 4709 920 4780 Imperatorum,
957 4715 1048 4784 qui
1089 4730 1120 4768 a
1163 4715 1517 4770 Pontiﬁcibus
1560 4715 1837 4768 dumtaxat
1881 4712 2090 4767 duobus

514 4805 782 4874 expetitus
819 4808 986 4862 scitur
1017 4826 1030 4861 :
1065 4824 1239 4877 neque
1267 4807 1461 4863 rationi
1508 4812 1928 4860 consentaneum
1968 4819 2091 4860 esse

514 4911 733 4953 causam
766 4899 935 4965 illam,
959 4902 1060 4956 etsi
1088 4900 1318 4971 generali
1347 4899 1578 4968 quadam
1614 4912 1750 4965 opus
1778 4905 1940 4961 esset,
1965 4897 2090 4954 inde

514 4988 727 5055 afferre,
753 4993 892 5061 quod
918 4992 1138 5062 pallium
1167 4999 1388 5044 ornatus
1413 4988 1714 5058 Imperialis
1737 4987 1893 5054 foret,
1917 4989 2007 5059 qui
2031 4998 2092 5044 ut

515 5089 660 5138 esset
692 5084 917 5138 summis
959 5081 1305 5135 Pentiﬁcibus
1331 5080 1398 5134 ab
1423 5079 1840 5149 Imperatoribus
1867 5097 2092 5136 conces-

514 5186 626 5236 sus,
654 5173 724 5226 ita
752 5172 1136 5227 communicari
1169 5187 1273 5226 non
1303 5179 1488 5240 posset
1513 5171 1634 5226 aliis
1659 5172 1776 5227 siue
1798 5173 2093 5244 Imperato-

515 5275 634 5316 rum
657 5264 810 5318 venia
837 5282 849 5317 ι
874 5279 996 5316 nam
1018 5262 1375 5331 Imperialinm
1403 5264 1517 5319 haec
1542 5265 1767 5320 vestium
1791 5266 2088 5331 concessio,

517 5355 658 5410 unde
692 5354 831 5411 facta
861 5355 1223 5411 Orientalibus
1268 5355 1599 5412 Patriarchis
1649 5357 1899 5422 habetur,
1949 5357 2092 5414 unde

516 5441 799 5510 Romanis,
846 5446 948 5500 nisi
1000 5445 1137 5500 forte
1181 5463 1248 5503 ex
1294 5448 1632 5504 conclamata
1675 5448 1764 5502 illa
1805 5449 2094 5504 donatione

515 5531 854 5591 Constantini
885 5535 1029 5592 facta
1061 5537 1372 5609 Sylvestro?

588 5625 729 5681 XIX.
769 5627 1029 5695 Alterum,
1085 5634 1320 5702 speciem
1365 5635 1482 5689 veri
1529 5649 1636 5688 non
1685 5633 1908 5696 habere,
1953 5633 2099 5700 quod

517 5731 757 5788 nuperos
803 5723 1021 5792 quidam
1062 5726 1296 5794 scriptor
1336 5732 1669 5780 commentus
1704 5730 1808 5788 est,
1835 5723 1900 5777 de
1930 5739 2097 5780 causa

516 5812 772 5885 expetita:
817 5816 882 5871 ab
914 5816 1330 5887 Imperatoribus
1370 5815 1687 5887 potestatis,
1722 5822 1781 5871 ut
1807 5813 2098 5874 Gallicanis

2167 572 2270 626 nis.
2304 568 2678 640 Temporibus,
2721 567 2915 636 inquit,
2949 563 3125 634 Vigilii
3164 569 3220 616 et
3258 561 3509 635 Gregorii
3551 565 3752 638 Magni,

2165 663 2352 720 Gallize
2381 659 2955 729 Constantinopolitani
2993 657 3357 727 Imperatoris,
3391 667 3484 714 aut
3511 660 3756 719 dominio

2166 755 2344 809 adhuc
2363 753 2704 823 aliquatenus
2729 751 3100 821 subjacebant,
3125 756 3219 802 aut
3239 756 3387 803 certe
3407 752 3756 810 autoritatem

2167 845 2561 916 agnoscebant,
2619 841 2876 914 Hispania
2924 857 3056 897 vero
3093 841 3209 911 jam
3257 841 3479 897 omnino
3523 842 3754 901 Romani

2166 937 2381 1007 Imperii
2397 936 2585 1007 jugum
2612 943 2925 991 excusserat
2955 949 2970 988 :
3000 951 3171 1004 quare
3191 937 3486 1008 Gregorius
3507 936 3758 1008 Magnus,

2169 1028 2263 1091 ait,
2293 1043 2416 1082 cum
2449 1025 2694 1080 Leandro
2741 1024 3040 1096 Hispalensi
3084 1027 3306 1096 pallium
3335 1029 3604 1094 mitteret,
3635 1045 3761 1084 con-

2170 1131 2360 1172 sensus
2385 1119 2452 1171 ab
2472 1116 2802 1186 Imperatore
2824 1117 3028 1170 obtenti
3057 1133 3160 1172 non
3193 1119 3439 1175 meminit
3467 1138 3480 1174 :
3510 1121 3763 1177 meminit

2172 1223 2327 1272 vero,
2358 1221 2480 1262 cum
2510 1206 2724 1278 Siagrio
2750 1207 3244 1276 Augustodunensi.

2241 1315 2359 1372 XX.
2403 1318 2535 1372 Tota
2567 1319 2682 1374 haec
2717 1321 3100 1376 commentatio
3126 1321 3368 1378 vanitate
3403 1339 3500 1379 sua
3530 1327 3764 1382 corruit.

2171 1409 2328 1464 Unde
2362 1409 2506 1462 enim
2537 1409 2687 1463 nevit
2715 1409 2826 1474 ille,
2849 1426 2954 1466 non
2986 1413 3320 1480 postulatam
3342 1414 3511 1470 fuisse
3541 1432 3570 1470 a
3603 1416 3764 1473 Mau-

2172 1500 2301 1556 ritio
2349 1509 2702 1570 potestatem,
2746 1519 2869 1557 cum
2903 1503 3198 1574 Gregorius
3246 1507 3495 1564 Leandro
3537 1509 3765 1579 pallium

2173 1593 2448 1649 mitteret?
2490 1592 2572 1647 An
2619 1592 2744 1664 quia
2794 1593 2953 1648 silent
2999 1594 3185 1659 literze,
3241 1596 3443 1654 factum
3489 1615 3596 1656 non
3639 1603 3770 1656 est?

2177 1683 2350 1739 Silent
2378 1693 2432 1740 et
2461 1683 2652 1749 literae,
2687 1687 2882 1755 quibus
2918 1685 3135 1756 pallium
3171 1689 3358 1754 mittit,
3387 1699 3481 1746 aut
3514 1691 3770 1765 Pelagius

2179 1772 2428 1845 Sapaudo
2457 1773 2783 1840 Arelatensi,
2816 1784 2906 1830 aut
2940 1773 2997 1830 S.
3039 1773 3334 1847 Gregorius
3373 1780 3598 1851 Virgilio
3620 1784 3771 1852 pari-

2176 1871 2261 1917 ter
2299 1861 2599 1917 Arelatensi
2632 1879 2646 1917 :
2685 1879 2751 1917 an
2801 1864 2926 1920 inde
2955 1865 3018 1919 ﬁt
3045 1881 3403 1938 consequens,
3434 1879 3494 1924 ut
3521 1886 3627 1927 nec
3654 1874 3769 1941 ille,

2178 1969 2279 2009 nec
2308 1954 2410 2008 iste
2437 1955 2654 2024 petierit
2680 1955 2746 2009 ab
2774 1955 3104 2026 Imperatore
3145 1960 3591 2016 consensionem?
3619 1960 3677 2018 Si
3707 1963 3773 2020 ﬁt

2178 2061 2537 2116 consequens,
2571 2048 2681 2102 ruit
2706 2048 3048 2102 ratiocinium
3094 2051 3348 2111 hominis.
3393 2067 3516 2108 cum
3545 2070 3653 2124 quo
3677 2071 3774 2113 res

2179 2147 2284 2207 est,
2313 2155 2416 2210 qua
2447 2149 2654 2210 Spectat
2670 2139 2964 2196 Galliarum
2994 2143 3308 2213 Episcopos.
3336 2143 3393 2200 Si
3416 2162 3526 2202 non
3555 2148 3615 2204 ﬁt
3634 2165 3774 2206 con-

2179 2247 2432 2302 sequens,
2474 2233 2582 2286 ruit
2614 2233 2838 2302 pariter,
2884 2249 2990 2304 qua
3036 2233 3301 2305 Hispanos
3333 2237 3543 2294 attinet.
3575 2241 3777 2296 Dicere

2179 2339 2326 2386 vero,
2372 2324 2514 2393 quod
2539 2324 2686 2378 venit
2721 2325 2775 2379 in
2810 2333 3049 2380 mentem
3076 2327 3193 2382 viro
3219 2328 3550 2393 doctissimo,
3584 2341 3778 2400 postu-

2182 2415 2344 2470 latam
2366 2431 2473 2470 non
2497 2413 2663 2470 fuisse
2686 2432 2716 2470 a
2738 2415 2954 2487 Pelagio
2967 2419 3378 2474 consensionem
3397 2421 3776 2491 Imperatoris,

2185 2522 2310 2562 cum
2341 2506 2594 2576 Sapaudo
2623 2507 2842 2578 pallium
2872 2511 3210 2576 concederet,
3241 2512 3364 2582 quia
3396 2511 3510 2582 jam
3540 2528 3779 2572 consue-

2183 2601 2314 2656 tudo
2340 2599 2668 2655 concedendi
2693 2601 3029 2667 obtinuerat;
3057 2617 3164 2657 non
3194 2604 3340 2659 valet
3367 2605 3679 2673 admodum,
3708 2615 3779 2664 ut

2185 2689 2578 2761 respondeatur
2607 2689 2967 2760 Hispanorum
2994 2692 3249 2749 Patrono.
3277 2695 3334 2749 Si
3371 2697 3516 2751 enim
3544 2696 3774 2764 valeret,

2185 2784 2319 2839 nihil
2343 2790 2461 2837 erat
2480 2797 2676 2846 causae,
2700 2797 2800 2836 cur
2820 2784 2934 2837 haec
2955 2785 3147 2839 eadem
3168 2787 3451 2841 consensio
3471 2795 3775 2856 peteretur,

2187 2890 2312 2930 cum
2343 2873 2574 2942 Vigilius
2598 2872 2864 2937 Auxanio,
2896 2873 3293 2944 Aurelianoque
3319 2875 3536 2946 pallium
3567 2879 3721 2932 daret
3755 2891 3775 2931 :

2189 2971 2346 3018 antea
2375 2963 2522 3017 enim
2546 2961 2846 3018 Arelatensi
2875 2962 3112 3019 Czesario
3140 2963 3497 3035 Symmachus
3523 2967 3773 3023 dederat.

2189 3053 2391 3107 Verum
2429 3053 2553 3107 inde
2584 3054 2766 3122 opinio
2797 3063 2984 3109 nostra
3010 3056 3283 3111 stabilitur
3309 3075 3323 3112 :
3352 3057 3601 3130 Pelagius
3626 3059 3778 3115 enim

2190 3142 2607 3197 consensionem
2654 3141 2941 3199 Iustiniani
2993 3161 3102 3200 non
3151 3147 3458 3215 postulavit,
3502 3149 3628 3218 quia
3672 3149 3782 3219 ipsi

2191 3250 2317 3290 cum
2358 3232 2662 3289 Iustiniano
2701 3236 2838 3290 bene
2867 3244 3012 3303 erat;
3045 3237 3339 3307 postulavit
3367 3239 3616 3310 Vigilius,
3646 3239 3781 3309 quia

2191 3327 2354 3381 male.

2263 3417 2404 3473 XXI.
2449 3419 2522 3475 De
2557 3421 2820 3489 personis,
2869 3421 3065 3490 quibus
3108 3421 3491 3477 conferebatur
3525 3423 3778 3492 pallium,
3833 3415 3840 3420 ’

2190 3509 2435 3578 pristinis
2463 3509 2568 3565 illis
2600 3511 2755 3580 197
2786 3512 3135 3581 temporibus,
3165 3512 3218 3566 in
3247 3513 3441 3581 quibus
3464 3529 3779 3580 versamur,

2193 3617 2300 3657 non
2344 3618 2447 3657 una
2485 3611 2570 3659 est
2614 3610 2978 3673 constansque
3023 3604 3266 3660 omnium
3304 3605 3589 3660 sententia.
3640 3605 3787 3661 Sunt

2194 3693 2285 3762 qui
2317 3694 2624 3763 opinentur,
2657 3694 2772 3765 lege
2797 3695 2949 3764 quasi
2980 3695 3273 3758 communi,
3309 3695 3660 3765 Metropolitis
3686 3693 3786 3749 da-

2191 3789 2330 3846 tum,
2371 3781 2718 3838 inferioribus
2765 3784 2886 3839 aliis
2931 3792 3140 3840 tantum
3183 3785 3487 3855 privilegio.
3519 3783 3658 3838 Sunt
3685 3785 3783 3854 qui

2194 3881 2381 3928 contra
2433 3874 2775 3938 existiment,
2818 3875 3123 3944 promiscue
3179 3877 3441 3930 tributum
3491 3875 3778 3941 omnibus,

2192 3969 2354 4031 prout
2395 3961 2569 4014 visum
2618 3964 2912 4032 unicuique
2951 3981 3160 4018 summo
3199 3965 3474 4022 Pontiﬁci.
3522 3966 3781 4024 Nonnulli

2195 4051 2461 4114 dividunt,
2494 4052 2753 4120 aiuntquc
2787 4053 3037 4108 omnibus
3066 4054 3285 4123 quidem
3311 4055 3590 4118 tributum,
3620 4067 3782 4127 prout

2192 4142 2436 4195 Pontiﬁci
2464 4143 2662 4206 visum,
2692 4142 2795 4196 hoc
2825 4152 3002 4197 tamen
3035 4145 3368 4211 discrimine,
3402 4148 3544 4215 quod
3577 4147 3780 4205 Metro-

2191 4231 2371 4302 politis
2413 4231 2540 4286 solis
2583 4247 2704 4286 cum
2734 4240 2999 4302 potestate
3027 4235 3234 4290 vicibus
3279 4236 3424 4291 sedis
3451 4235 3782 4306 Apostolica:

2197 4323 2484 4395 fungendi;
2519 4323 2895 4390 inferioribus,
2946 4341 3070 4380 cum
3119 4328 3419 4383 minoribus
3457 4329 3782 4397 quibusdam

2191 4417 2515 4486 privilegiis,
2566 4418 2632 4471 ad
2676 4425 2924 4471 ornatum
2982 4434 3175 4489 nempe
3217 4429 3377 4490 atque
3419 4421 3780 4477 honoriﬁcam

2192 4507 2616 4576 praesidentiam,
2645 4508 2857 4577 aliaque
2887 4506 3173 4576 ejusmodi.

2266 4616 2428 4670 XXII.
2469 4616 2636 4672 Primi
2664 4621 2973 4688 opinionem
3009 4637 3160 4677 suam
3191 4639 3291 4677 usu
3327 4631 3382 4678 et
3409 4612 3780 4681 rationecon-

2197 4705 2415 4760 ﬁrmant
2445 4725 2458 4760 :
2486 4709 2634 4763 vices
2663 4709 2805 4764 enim
2838 4712 2980 4766 sedis
3007 4711 3328 4781 Apostolica:
3353 4714 3481 4769 solis
3513 4717 3780 4786 Metropo-

2196 4799 2307 4855 litis
2335 4815 2604 4858 concessae
2640 4803 3002 4871 reperiuntur,
3037 4803 3199 4873 idque
3224 4803 3424 4860 factum
3455 4807 3783 4862 convenien-

2196 4897 2303 4954 ter,
2328 4900 2387 4945 ut
2424 4909 2618 4963 nempe
2646 4902 2702 4948 et
2725 4895 2986 4949 autoritas
3030 4910 3238 4950 summa
3270 4896 3446 4951 minus
3489 4897 3644 4967 quasi
3688 4898 3784 4953 de-

2199 4983 2498 5047 scenderet,
2541 4993 2596 5040 et
2640 4986 2730 5055 qui
2760 5001 2954 5055 parere
2999 4987 3258 5042 deberent
3294 4987 3437 5043 sedis
3459 4986 3784 5058 Apostolicae

2198 5072 2450 5138 Vicariis,
2479 5075 2660 5128 minus
2697 5090 2839 5146 aegre
2887 5075 2939 5128 id
2969 5084 3310 5145 praestarent,
3351 5092 3458 5133 non
3487 5075 3784 5134 insolentes

2197 5162 2520 5218 obedientize
2556 5163 2911 5232 Metropolitis
2934 5165 3271 5222 exhibendas.

2267 5273 2456 5327 XXIII.
2499 5273 2732 5328 Secundi
2772 5283 2999 5329 utuntur
3049 5277 3236 5333 iisdem
3283 5279 3635 5350 argumentis,
3675 5297 3781 5337 usu

2196 5378 2389 5434 nempe
2419 5373 2473 5418 et
2499 5365 2706 5421 ratione
2735 5384 2747 5419 :
2773 5381 2898 5420 nam
2927 5368 3056 5437 ipsis
3081 5369 3243 5424 etiam
3270 5369 3521 5425 Diaconis
3548 5367 3781 5443 Presby-

2198 5455 2437 5525 terisque
2465 5457 2730 5512 autoritas
2763 5458 2906 5513 sedis
2939 5458 3259 5529 Apostolicre
3282 5461 3488 5516 credita
3515 5469 3618 5527 est,
3644 5471 3702 5517 et
3723 5463 3778 5516 in

2198 5546 2428 5615 negotiis
2457 5546 2673 5616 quidem
2710 5549 3065 5619 gravissimis.
3097 5549 3255 5604 Certe
3284 5549 3508 5604 Paulum
3537 5546 3782 5606 Patriar-

2197 5635 2355 5691 cham
2397 5636 2820 5694 Alexandrinum
2861 5639 3109 5710 Pelagius
3164 5639 3344 5711 Vigilii
3393 5640 3665 5697 Diaconos
3713 5643 3782 5698 de

2197 5729 2394 5785 throno
2445 5730 2655 5800 dejecit,
2705 5741 2759 5787 et
2801 5733 3078 5802 Philippus
3105 5731 3393 5805 Presbyter
3422 5735 3476 5789 in
3507 5734 3779 5806 Ephesina

2199 5817 2418 5890 Synodo
2441 5819 2711 5878 Calestini
2736 5822 2917 5880 locum
2938 5822 3128 5880 tenuit.
3150 5820 3334 5897 Neque
3354 5839 3482 5883 vero
3503 5825 3557 5881 id
3573 5825 3779 5904 mirum
