4062 6442
294 419 388 480 169

1272 414 1881 481 DISSERTATIONES.
1917 449 1988 463 -
2025 416 2481 480 DISSERTATIO
2520 421 2604 478 III.

3431 422 3536 485 170

289 536 550 616 siquidem
583 535 964 594 beneficiorum
989 534 1106 594 haec
1131 544 1217 593 est
1240 539 1500 606 conditio,
1539 547 1602 594 ut
1638 554 1670 592 a
1703 536 1860 593 Prin-
1884 539 1939 602 Α
1961 551 2106 602 nem,
2137 536 2358 607 pallium
2379 534 2637 591 obtulerit
2657 533 2947 591 Parisiensi
2971 533 3258 606 Episcopo,
3284 553 3352 594 ne
3371 538 3538 612 Regis

288 629 397 697 cipe
425 643 522 697 pro
552 628 796 695 arbitrio,
825 630 1018 700 quibus
1045 628 1327 699 placitum,
1359 630 1682 685 tribuantur.

353 721 542 776 XXIV.
583 721 849 778 Postremi
875 739 974 794 pro
1001 738 1060 778 se
1100 723 1348 779 afferunt.
1383 725 1434 777 l.
1476 722 1628 790 Quod
1653 723 1863 794 episco-

285 812 365 879 pis
396 811 762 878 inferioribus,
793 814 987 882 quibus
1032 829 1347 869 concessum
1375 813 1573 884 legitur
1617 812 1859 882 pallium,

287 910 341 953 ut
369 901 598 956 Maximo
641 903 872 958 Ostiensi
911 921 942 958 a
973 904 1154 960 Marco
1187 921 1312 958 ann.
1342 906 1468 969 556,
1511 903 1720 974 Siagrio
1750 903 1862 955 Au-

287 993 666 1061 gustodunensi
697 1010 727 1048 a
771 993 828 1050 S.
862 994 1124 1066 Gregorio
1165 1012 1294 1050 ann.
1324 996 1448 1059 599,
1482 1003 1537 1048 et
1565 994 1861 1064 Aigilherto

287 1080 673 1140 Cenomanensi
703 1102 733 1140 a
760 1084 968 1141 Joanne
996 1085 1063 1153 V,
1090 1103 1217 1141 ann.
1251 1087 1376 1151 685,
1400 1086 1647 1154 aliisque,
1675 1091 1736 1138 ut
1759 1083 1862 1137 Pa-

287 1176 489 1245 piensi,
532 1177 791 1242 Lucensi,
838 1178 1248 1248 Bambergensi,
1304 1186 1435 1242 etc.,
1465 1177 1666 1232 vicaria
1716 1176 1861 1230 sedis

285 1269 601 1339 Apostolicae
624 1277 861 1339 potestas
890 1270 1089 1324 tributa
1116 1285 1223 1324 non
1251 1269 1539 1340 reperitur,
1571 1268 1663 1323 sed
1691 1268 1857 1336 privi-

287 1359 418 1429 legia
454 1361 733 1414 dumtaxat
763 1361 992 1415 minora.
1025 1361 1079 1414 2.
1122 1361 1274 1428 Quod
1313 1359 1494 1415 nullus
1522 1358 1858 1429 Metropolita

287 1455 585 1524 reperiatur
618 1455 845 1508 donatus
875 1453 1060 1522 pallio,
1109 1453 1226 1508 sine
1247 1453 1516 1507 vicariatu
1540 1451 1684 1506 sedis
1713 1449 1858 1520 Apo-

285 1546 503 1601 stolicaa.
532 1545 610 1600 Ita
638 1545 795 1616 vulgo
821 1545 917 1599 illi.

351 1635 516 1690 XXV.
554 1635 666 1706 Ego
706 1650 836 1690 vero
880 1635 959 1689 sic
1007 1634 1278 1703 existimo,
1331 1633 1494 1689 nullis
1534 1648 1774 1702 unquam
1794 1631 1861 1687 de

282 1725 439 1784 Clero
478 1727 701 1799 pallium
747 1743 1062 1783 concessum
1112 1743 1252 1794 esse,
1294 1727 1398 1782 nisi
1429 1726 1724 1804 Episcopis,
1760 1725 1860 1780 etsi

282 1819 570 1890 aliquando
589 1819 947 1891 Presbyteris,
970 1821 1080 1874 imo
1104 1828 1159 1874 et
1179 1820 1449 1887 Diaconis,
1470 1818 1613 1875 sedis
1632 1819 1859 1887 Aposto-

1963 626 2238 681 videretur
2257 625 2494 679 animum
2519 623 2736 694 repulsa
2765 624 2978 680 laedere.
3008 624 3211 681 Deinde
3232 642 3405 697 nuper
3426 629 3542 684 Au-

1963 719 2352 787 gustodunensi
2375 717 2443 772 ab
2472 716 2786 772 Innocentio
2815 716 2884 772 XI
2912 733 3056 773 nunc
3077 718 3301 774 sedente
3325 734 3524 776 conces

1965 825 2083 864 sum
2106 820 2208 866 est.
2433 862 2436 866 λ

2032 900 2244 956 XXVII.
2291 902 2372 957 Ex
2424 918 2489 957 eo
2535 901 2677 972 quod
2716 908 2903 957 sancto
2940 899 3151 957 Odiloni
3197 903 3542 962 Cluniacensi

1959 989 2156 1044 Abbati
2183 992 2408 1047 missum
2448 1009 2478 1046 a
2507 992 2797 1048 Benedicto
2823 991 2896 1046 IX
2943 993 3192 1063 pallium,
3244 1011 3310 1049 ex
3344 995 3546 1052 Glabro

1963 1079 2130 1134 refert
2157 1081 2426 1139 IIalIerius
2447 1087 2513 1140 de
2543 1087 2715 1141 sacris
2737 1085 3184 1160 Ordinibus,pag.
3209 1089 3336 1156 257,
3361 1102 3546 1160 posset

1961 1171 2228 1240 quispiam
2250 1174 2482 1242 opinari,
2514 1193 2620 1231 non
2651 1178 2780 1232 solis
2820 1178 3146 1234 Prtesulibus
3173 1182 3276 1234 hoc
3306 1182 3545 1252 dignita-

1959 1262 2032 1317 tis
2075 1263 2283 1334 insigne
2325 1266 2578 1320 collatum
2618 1265 2784 1323 fuisse
2818 1287 2830 1321 :
2861 1270 2956 1324 sed
2997 1271 3053 1324 id
3095 1270 3332 1339 faceret,
3387 1288 3545 1342 repu-

1959 1361 2157 1424 gnante
2181 1353 2296 1422 ipso
2324 1353 2543 1410 Glabro.
2575 1356 2711 1410 Nam
2733 1359 2955 1413 missum
2986 1360 3198 1428 quidem
3220 1373 3302 1417 est
3331 1363 3545 1419 Odiloni

1959 1443 2180 1514 pallium
2210 1461 2334 1499 cum
2371 1445 2588 1512 annulo,
2615 1462 2722 1501 non
2749 1441 2856 1517 quo
2877 1456 3057 1503 tamen
3079 1439 3320 1506 uteretur
3338 1452 3540 1521 Abhas,

1959 1537 2054 1592 sed
2083 1538 2226 1606 quod
2254 1546 2468 1608 gereret
2507 1538 2684 1594 factus
2738 1539 2980 1597 Antistes
3027 1535 3282 1599 Ecclesiae
3328 1545 3545 1617 Lugdu-

1959 1630 2169 1693 nensis,
2205 1621 2368 1699 quam
2398 1646 2586 1703 regere
2607 1633 2901 1703 jubebatur
2930 1650 2962 1688 a
2990 1634 3272 1691 Pontilice.
3303 1637 3543 1694 Audien-

1961 1719 2062 1774 dus
2081 1719 2300 1788 Glaber,
2335 1725 2426 1794 qui
2455 1735 2742 1797 postquam
2771 1729 3047 1785 recensuit
3077 1731 3442 1788 dissensiones
3475 1734 3544 1788 de

1960 1808 2220 1866 electione
2236 1811 2512 1885 EpiscOpi,
2535 1816 2848 1873 Burchardo
2865 1819 2918 1872 in
2936 1819 3118 1874 sedem
3132 1821 3546 1890 Lugdunensem

279 1912 396 1968 liae
424 1913 572 1968 vices
619 1914 883 1968 mandata;
925 1913 1033 1967 sint
1067 1931 1079 1966 ;
1108 1927 1282 1982 neque
1309 1913 1453 1967 enim
1492 1913 1546 1966 in
1586 1911 1856 1966 veteribus
1883 1905 1932 1965 B
1959 1904 2282 1969 successuri,
2312 1904 2739 1976 relationemque
2751 1907 3003 1963 Pontiﬁci
3027 1910 3093 1964 de
3119 1911 3546 1968 dissensionibus

279 2001 648 2058 monumentis
668 2001 833 2055 ullum
856 2002 1052 2071 legitur
1078 2001 1334 2055 contrarii
1359 2001 1486 2054 facti
1519 1999 1856 2069 exemplum;

278 2092 530 2164 leguntur
558 2102 734 2147 tamen
760 2093 961 2163 passim
986 2094 1132 2147 vices
1161 2092 1481 2163 Apostolica:
1513 2092 1655 2147 sedis
1685 2091 1857 2145 tribu-

278 2192 368 2251 tae,
400 2193 456 2238 et
481 2183 835 2254 Presbyteris,
877 2196 937 2238 ut
962 2193 1257 2254 pricessent
1292 2183 1543 2254 Synodis,
1578 2183 1742 2238 etiam
1770 2199 1861 2254 ge-

275 2273 573 2340 neralibus,
609 2274 686 2328 sic
716 2272 992 2344 Philippus
1020 2273 1312 2344 Presbyter
1338 2273 1392 2326 in
1415 2271 1655 2328 Concilio
1685 2273 1861 2342 Ephe-

275 2365 399 2421 sino
421 2364 598 2420 locum
631 2363 802 2419 tenuit
827 2365 970 2420 sedis
998 2363 1355 2434 Apostolicze;
1387 2372 1442 2419 et
1469 2363 1744 2430 Diaconis,
1775 2363 1857 2419 vel

275 2457 367 2534 ad
394 2473 616 2534 summae
661 2458 968 2513 autoritatis
1011 2467 1213 2524 actum,
1246 2458 1324 2513 sic
1357 2457 1606 2526 Pelagius
1643 2457 1859 2512 nomine

275 2531 462 2620 Vigilii
481 2549 639 2620 Papa:
665 2550 930 2619 deposuit,
960 2548 1228 2619 adjunctis
1248 2548 1350 2602 sibi
1373 2548 1702 2602 Patriarchis
1730 2548 1861 2603 duo-

273 2641 408 2706 bus,
431 2640 651 2695 Paulum
679 2640 1102 2696 Alexandrinum
1127 2628 1457 2693 Antistitem.
1487 2637 1657 2709 Hujus
1677 2646 1860 2692 autem

275 2733 360 2788 rei
387 2747 548 2788 causa
574 2733 663 2787 vix
708 2731 890 2787 afferri
919 2739 1099 2802 potest
1128 2730 1258 2796 ulla,
1303 2737 1499 2800 praeter
1534 2727 1858 2784 Pontificum

275 2828 606 2883 voluntatem
638 2843 653 2881 :
683 2843 807 2881 nam
844 2827 889 2883 si
931 2826 1142 2882 dicatur
1168 2826 1523 2894 incongruum
1545 2839 1685 2890 esse,
1717 2823 1860 2892 quod

274 2921 570 2993 Presbyter
591 2919 870 2991 Episcopis
897 2929 1056 2989 atque
1083 2919 1245 2973 etiam
1275 2916 1626 2987 Metropolitis
1651 2915 1856 2986 praesit,

275 3029 404 3069 cum
434 3013 722 3067 autoritate
759 3011 847 3065 illa
875 3011 1053 3082 plena,
1083 3010 1235 3081 cujus
1265 3009 1474 3080 insigne
1500 3016 1584 3064 est
1608 3007 1855 3078 pallium,

275 3103 578 3174 excipietur
625 3104 834 3167 statim,
866 3109 921 3156 et
963 3101 1304 3174 praesidentia
1347 3099 1795 3171 Presbyterorum
1826 3112 1856 3150 a

274 3193 424 3264 Papa
447 3195 733 3249 missorum
759 3193 920 3264 198
940 3194 1008 3248 ad
1037 3191 1294 3258 Concilia,
1325 3197 1382 3246 e't
1402 3190 1624 3246 Diaconi
1654 3188 1856 3260 Pelagii
1890 3244 1895 3248 .

1885 3256 1933 3323 C
1962 3288 2053 3330 ces
2081 3275 2402 3345 Apostolica:
2446 3277 2588 3332 sedis
2617 3292 2723 3332 non
2753 3277 3148 3335 demandarunt
3167 3323 3181 3348 ,
3227 3256 3543 3340 Theodorus

267 3286 537 3361 judicium
573 3288 638 3343 de
667 3287 982 3342 Patriareha
1011 3286 1198 3353 Paulo,
1226 3293 1282 3341 et
1311 3285 1534 3340 Abhatis
1576 3284 1630 3339 in
1665 3282 1858 3354 Anglia

267 3377 362 3446 jus
398 3378 730 3433 ordinarium
764 3379 818 3433 in
849 3378 1161 3449 Episcopos.
1204 3377 1357 3444 Quod
1382 3377 1428 3433 si
1454 3391 1642 3432 rursus
1669 3390 1858 3430 cause-

274 3477 369 3523 tur
404 3469 617 3539 aliquis,
668 3469 815 3538 pallii
860 3470 1078 3524 nomine
1123 3469 1346 3539 intelligi
1378 3475 1678 3523 extremam
1703 3481 1857 3521 oram

270 3557 443 3627 pallii,
467 3574 574 3628 quo
593 3558 840 3614 Pontifex
863 3559 916 3613 in
937 3558 1109 3614 sacris
1129 3557 1392 3613 faciendis
1411 3566 1676 3623 uteretur,
1697 3566 1859 3626 atque

269 3648 413 3702 adeo
432 3662 543 3701 non
565 3647 754 3702 decere
771 3647 1173 3719 Presbyterum,
1198 3647 1292 3703 sed
1311 3646 1481 3702 solum
1501 3647 1656 3716 quasi
1677 3659 1859 3715 regem

269 3731 582 3801 sacrorum,
614 3737 931 3806 responderi
955 3744 1153 3806 potest,
1199 3753 1307 3791 non
1335 3737 1494 3790 aliam
1540 3751 1660 3790 esse
1693 3750 1858 3801 nunc,

270 3828 555 3896 fuisseque
579 3827 708 3883 olim
741 3843 898 3884 sacra
928 3827 1175 3884 facientis
1203 3826 1484 3883 Pontiﬁcis
1503 3868 1518 3893 ,
1544 3826 1704 3881 aliam
1731 3825 1860 3882 Pre-

271 3917 480 3989 sbyteri
507 3926 734 3983 vestem,
759 3920 824 3974 de
844 3934 950 3988 qua
971 3920 1145 3988 possit
1169 3934 1288 3973 esse
1312 3919 1400 3973 hic
1425 3919 1672 3987 quaestio,
1695 3926 1857 3986 atque

271 4010 349 4066 ita
376 4009 620 4079 pallium,
651 4009 804 4079 cujus
849 4018 931 4065 est
960 4010 1101 4064 inter
1135 4009 1420 4063 Missarum
1463 4008 1725 4064 solemnia
1771 4007 1856 4063 vel

272 4100 489 4167 unicus,
518 4100 605 4156 vel
631 4099 963 4171 frequentior
990 4115 1142 4165 usus,
1165 4115 1274 4154 non
1299 4098 1478 4154 minus
1507 4097 1850 4170 Presbytero,

275 4205 439 4260 quam
491 4189 778 4260 Episcopo,
831 4189 1140 4256 convenire,
1189 4189 1235 4244 si
1282 4189 1443 4259 hujus
1471 4189 1632 4243 unius
1661 4203 1855 4244 conve-

273 4279 494 4334 nientiaz
518 4281 657 4335 ratio
683 4279 962 4335 habeatur.
989 4280 1143 4346 Quod
1166 4279 1210 4334 si
1239 4287 1514 4351 urgeatur,
1547 4280 1679 4333 alias
1710 4294 1850 4346 esse,

272 4378 475 4440 praeter
496 4368 734 4436 Missam,
766 4369 1092 4435 functiones,
1118 4369 1258 4425 inter
1279 4385 1412 4439 quas
1440 4369 1716 4425 obeundas
1741 4371 1856 4440 pal-

273 4461 348 4534 lio
375 4461 673 4532 Episcopus
693 4470 896 4528 utatur,
910 4469 972 4516 ut
995 4461 1269 4528 ordinare,
1287 4471 1421 4528 etc.,
1443 4462 1498 4516 id
1519 4476 1617 4534 ego
1643 4461 1857 4518 fatebor

271 4532 505 4606 lubens:
535 4550 632 4607 sed
679 4551 1129 4622 quemadmodum
1169 4551 1424 4607 ordinant
1446 4532 1694 4622 Episcopi
1735 4553 1851 4608 sine

269 4642 438 4713 pallio
454 4682 470 4708 ,
494 4643 682 4712 quidni
703 4642 1008 4713 Presbyteri
1035 4640 1252 4713 pallium
1275 4651 1462 4714 gerant
1485 4642 1602 4698 sine
1631 4643 1849 4698 ordina-

273 4734 440 4800 tione,
477 4743 581 4789 etc.

341 4826 537 4882 XXVI.
579 4825 839 4880 Existimo
870 4825 1091 4894 pariter,
1119 4825 1230 4880 imo
1257 4832 1438 4881 certus
1460 4839 1596 4889 sum,
1629 4840 1736 4880 non
1761 4840 1848 4881 so-

270 4922 338 4979 lis
353 4922 713 4993 Metropolitis
729 4936 1044 4977 concessum
1054 4935 1195 4988 esse,
1212 4921 1308 4977 sed
1327 4919 1670 4975 inferioribus
1683 4919 1848 4973 etiam

269 5015 574 5086 Episcopis.
622 5013 680 5070 Id
710 5020 923 5069 constat
952 5012 1212 5083 exemplis
1248 5011 1492 5083 pluribus
1518 5019 1676 5066 antea
1706 5011 1846 5067 rela-

269 5109 362 5174 tis,
394 5107 593 5177 quibus
622 5106 760 5160 adde
781 5103 983 5161 factum
1006 5104 1228 5160 Joannis
1259 5103 1372 5161 VIII
1393 5103 1614 5175 pallium
1640 5104 1853 5160 mitten-

266 5198 340 5254 tis
369 5197 584 5255 Valloui
612 5196 839 5252 Meteusi
863 5196 1148 5267 Episcopo,
1187 5196 1332 5266 quod
1351 5196 1465 5266 jam
1493 5210 1852 5266 praecessores

266 5299 538 5359 quatuor,
576 5303 679 5344 nec
709 5287 1000 5358 quicquam
1028 5286 1448 5343 reclamantibus
1472 5286 1850 5359 Metropolitis,

263 5381 638 5462 obtinuerant.
671 5378 786 5435 Mos
813 5379 916 5434 iste
945 5393 1052 5434 non
1075 5379 1152 5434 ita
1178 5379 1465 5445 obsolevit,
1493 5380 1622 5449 quin
1651 5381 1852 5436 nostris

266 5475 625 5544 temporibus,
643 5487 766 5529 cum
780 5472 898 5528 Rex
909 5471 1406 5529 Christianissimus
1421 5474 1724 5530 Ludovicus
1736 5473 1850 5530 XIII

264 5565 504 5620 instaret
522 5581 735 5621 summo
755 5565 1030 5630 Pontifici,
1059 5573 1121 5618 ut
1143 5565 1443 5621 Ecclesiam
1470 5565 1850 5635 Parisiensem,

263 5667 496 5729 propter
521 5658 842 5729 dignitatem
878 5658 1151 5725 civitatis,
1184 5674 1306 5728 quae
1337 5660 1547 5729 imperii
1584 5670 1765 5732 caput,
1798 5664 1852 5718 in

263 5749 813 5821 Archiepiscopatum
859 5752 1130 5823 erigeret,
1189 5750 1558 5809 difﬁcultatem
1616 5758 1854 5814 sentiens

265 5837 556 5923 Pontifex,
597 5840 668 5900 ob
696 5840 1026 5899 Senonensis
1069 5842 1426 5917 Metropolitae
1467 5850 1852 5909 contradictio-

675 5935 954 6000 Ρηιιοι..
990 5932 1118 6032 (ιν.

1874 4605 1928 4666 D

1960 1991 2182 2060 factam,
2203 1994 2275 2048 ita
2301 1996 2476 2067 pergit
2501 2015 2512 2049 :
2546 2015 2564 2047 ι
2592 1997 2840 2054 Pontifex
2858 2001 3106 2068 protinus
3124 2001 3344 2056 mittens
3367 2005 3544 2058 eidem

1958 2082 2105 2137 Patri
2129 2083 2352 2154 pallium
2380 2086 2539 2140 simul
2565 2095 2621 2140 et
2656 2087 2936 2154 annulum,
2971 2090 3258 2160 imperavit
3289 2094 3540 2148 eumdem
3573 2077 3580 2083 ’

1957 2172 2230 2243 praedicta
2266 2174 2504 2230 civitatis
2543 2175 2659 2232 fore
2685 2177 3198 2250 Archiepiscopum;
3231 2183 3324 2237 sed
3346 2184 3430 2237 vir
3458 2199 3547 2238 re-

1959 2263 2201 2335 ligiosus,
2230 2283 2340 2322 sua:
2367 2268 2690 2324 humilitatis
2717 2273 3001 2327 attendens
3030 2275 3388 2344 propositum,
3421 2292 3539 2330 om-
3599 2258 3601 2260 O

1959 2357 2194 2413 nimodis
2216 2361 2396 2415 renuit
2422 2360 2574 2428 ﬁeri,
2618 2362 2840 2432 pallium
2864 2373 2918 2418 et
2938 2380 3194 2420 annumin
3219 2368 3542 2437 suscipiens,

1960 2450 2058 2515 illi,
2092 2452 2184 2520 qui
2212 2453 2323 2508 Deo
2346 2454 2540 2523 dignus
2564 2456 2845 2522 existeret,
2873 2459 3173 2514 reservavit
3195 2458 3377 2515 futuro
3406 2462 3546 2517 Pon-

1959 2543 2093 2597 tifici
2123 2543 2366 2614 ejusdem
2399 2547 2562 2602 sedis.

2031 2632 2264 2687 XXVIII.
2294 2634 2510 2701 Fateor,
2541 2645 2600 2691 ut
2626 2637 2914 2707 plurimum
2937 2638 3294 2715 Metropolitis
3315 2658 3542 2699 conces-

1961 2740 2082 2779 sum
2119 2740 2242 2779 cum
2283 2725 2488 2780 vicaria
2529 2727 2675 2782 sedis
2727 2729 3049 2798 Apostolica:
3099 2741 3370 2801 potestate
3406 2753 3418 2787 :
3467 2736 3547 2790 sic

1958 2813 2366 2871 Arelatensihus
2410 2815 2668 2887 Vigilius,
2711 2818 2961 2890 Pelagius
3004 2821 3399 2896 Gregoriusque
3433 2829 3546 2897 pal-

1962 2905 2094 2960 lium
2142 2916 2545 2962 concesserunt.
2582 2908 2783 2964 Verum
2825 2926 2892 2966 ex
2941 2913 3185 2983 epistolis
3223 2914 3545 2973 Pontificum

1966 2996 2124 3067 199
2149 2997 2308 3067 pallia
2339 2997 2670 3054 inittentium
2692 3001 2994 3073 intelligere
3016 3015 3248 3074 oportet,
3275 3009 3402 3077 quid
3427 3013 3545 3080 pri-

1959 3087 2139 3158 vilegii
2181 3089 2521 3144 tribueretur.
2566 3089 2925 3162 Symmachus
2968 3094 3254 3152 Theodoro
3299 3098 3545 3156 Laurea-

1962 3181 2147 3246 censi,
2182 3180 2460 3236 Paschalis
2487 3181 2765 3239 Bernardo
2795 3183 3107 3253 Viennensi,
3136 3204 3258 3244 cum
3279 3191 3442 3259 pallio
3460 3192 3546 3246 vi-

1959 3377 2141 3423 tamen
2169 3376 2222 3424 et
2249 3368 2557 3424 Bernardus
2591 3369 2942 3440 MetrOpolitae
2985 3381 3159 3426 erant.
3193 3371 3235 3428 Ε
3277 3390 3542 3434 converso

1959 3460 2315 3531 Metropolitis
2362 3461 2650 3531 aliquando
2696 3461 2844 3517 vices
2894 3462 3215 3532 Apostolica:
3266 3467 3408 3522 sedis
3450 3467 3543 3524 de-

1957 3553 2238 3606 mandatas
2260 3553 2376 3606 sine
2390 3551 2552 3622 pallio
2578 3552 2928 3623 intelligimus
2949 3567 3016 3607 ex
3040 3556 3265 3624 epistola
3294 3557 3543 3615 Hormis-

1957 3643 2040 3698 dae
2090 3643 2247 3711 Papae
2296 3643 2364 3696 ad
2411 3641 2468 3697 S.
2516 3641 2821 3714 Remigium
2862 3644 3183 3702 Remensem
3223 3649 3543 3708 Antistitem

1960 3732 2082 3788 data
2113 3748 2239 3787 ann.
2275 3733 2400 3786 514.

2026 3821 2218 3876 XXIX.
2259 3821 2366 3877 Par
2393 3831 2477 3880 est
2503 3825 2743 3892 credere,
2777 3827 3050 3898 prioribus
3087 3836 3418 3906 temporibus
3446 3840 3543 3895 da‘

1956 3924 2070 3972 tum
2116 3932 2236 3973 esse
2277 3918 2405 3973 solis
2443 3917 2879 3978 Occidentalibus
2923 3941 2954 3978 a
2985 3923 3248 3984 Pontilice
3284 3944 3299 3983 :
3331 3930 3538 3988 nullum

1954 4009 2097 4064 enim
2143 4011 2410 4080 reperitur
2452 4013 2755 4082 exemplum
2801 4015 2911 4070 dati
2962 4015 3361 4088 Orientalibus,
3413 4031 3542 4078 ante

1956 4101 2278 4157 constitutos
2318 4103 2373 4156 in
2420 4101 2638 4160 Oriente
2688 4105 3034 4163 Patriarchas
3080 4108 3304 4165 Latinos
3352 4131 3364 4164 :
3406 4129 3536 4170 nam

1955 4191 2099 4260 quod
2150 4193 2217 4246 de
2263 4200 2451 4247 sancto
2475 4192 2675 4264 Cyrillo
2720 4205 2943 4250 narrant
2978 4197 3312 4263 Theodorus,
3349 4200 3538 4256 Balsa—

1955 4297 2112 4347 mon,
2140 4290 2194 4336 et
2221 4283 2467 4348 Photius,
2498 4299 2625 4361 eum
2652 4287 2924 4354 accepisse
2949 4302 2979 4339 a
3021 4286 3078 4341 S.
3106 4287 3390 4344 Caelestino
3410 4307 3537 4347 cum

1953 4376 2161 4431 vicaria
2202 4384 2472 4446 potestate
2512 4379 2799 4433 exercendi
2823 4380 2876 4434 in
2913 4381 3184 4450 Ephesina
3213 4382 3428 4455 Synodo
3448 4384 3540 4454 ju-

1955 4467 2082 4524 dicii
2123 4468 2190 4522 de
2240 4467 2522 4536 Nestorio,
2574 4468 2888 4542 Phrygium,
2925 4474 3068 4544 quod
3111 4475 3541 4546 interpretantur

1954 4557 2196 4629 pallium,
2222 4557 2438 4613 infirmo
2459 4557 2809 4616 fundamento
2828 4562 3078 4618 innititur
3095 4556 3111 4618 ε’
3127 4566 3391 4636 siquidem
3421 4569 3536 4623 nul-

1952 4647 2063 4702 lum
2076 4648 2139 4702 de
2150 4655 2414 4717 potestate
2429 4649 2750 4719 pmsrdendi
2763 4650 3002 4708 Concilio
3017 4653 3335 4712 demandata
3352 4641 3534 4715 exstat

1951 4742 2006 4797 in
2018 4741 2212 4796 litteris
2226 4741 2283 4796 S.
2299 4741 2563 4797 Czelestini
2578 4744 2821 4815 actisque
2832 4746 3054 4802 Concilii
3068 4752 3312 4819 verbum,
3328 4754 3537 4809 nullum

1953 4843 2009 4891 et
2037 4837 2101 4895 de
2134 4835 2326 4907 pallio;
2357 4838 2465 4893 imo
2493 4839 2732 4905 creditur
2769 4857 2800 4894 a
2830 4843 3104 4898 nonnullis
3141 4846 3257 4902 haec
3286 4846 3466 4904 fabula
3498 4866 3530 4902 a

1953 4925 2562 4999 Constantinopolitanis
2584 4971 2599 4996 ,
2636 4937 2760 4986 tunc
2787 4948 2908 4988 cum
2939 4935 3007 4991 ab
3051 4936 3295 4994 Ecclesia
3339 4941 3535 4995 Latina

1956 5034 2014 5076 se
2047 5019 2457 5086 abstraxissent,
2488 5037 2553 5076 eo
2592 5024 2817 5082 consilio
2847 5028 3094 5096 conficta,
3126 5040 3186 5085 ut
3214 5031 3538 5086 Alexandri-

1956 5126 2149 5166 norum
2191 5111 2507 5181 dignitatem
2553 5113 2953 5186 deprimerent,
2998 5119 3144 5176 velut
3194 5137 3226 5175 a
3275 5121 3536 5178 Romanis

1909 5221 1913 5224 ·
1953 5203 2267 5275 profectam,
2307 5212 2400 5259 aut
2427 5213 2574 5260 certe
2602 5217 2834 5266 auctam.

2029 5295 2196 5351 XXX.
2227 5297 2287 5351 In
2318 5306 2565 5354 veterum
2605 5305 2970 5361 monumentis
3016 5303 3220 5359 nullum
3266 5309 3536 5376 reperitur

1951 5388 2238 5460 vestigium
2270 5389 2380 5444 dati
2410 5390 2680 5448 Africanis
2705 5394 2826 5450 ullis
2846 5435 2861 5460 ,
2900 5394 3088 5450 saltem
3112 5397 3368 5464 quamdiu
3390 5398 3534 5456 Afri-

1954 5496 2087 5536 cana
2109 5479 2344 5537 Ecclesia
2370 5483 2593 5538 retinuit
2614 5484 2811 5554 aliquid
2834 5484 3046 5554 pristini
3068 5487 3399 5558 splendoris;
3423 5493 3532 5548 imo

1954 5575 2136 5630 datum
2164 5576 2385 5631 omnino
2405 5592 2512 5633 non
2539 5575 2725 5640 fuisse,
2752 5578 2889 5631 ratio
2917 5580 3228 5638 convincit:
3261 5600 3386 5639 nam
3407 5600 3533 5640 cum

1953 5664 2114 5736 pallio
2161 5667 2496 5722 tribuebatur
2544 5667 2934 5740 Archiepiscopi
2981 5687 3196 5742 nomen,
3248 5691 3280 5730 a
3316 5690 3422 5744 quo
3452 5677 3530 5730 ita

1953 5758 2283 5815 abhorrebat
2313 5758 2568 5813 Africana
2611 5756 2871 5828 Ecclesia,
2923 5770 2984 5818 ut
3021 5765 3074 5821 in
3119 5766 3360 5824 Concilio
3401 5767 3530 5821 anni

1953 5850 2056 5911 597
2093 5850 2402 5920 saucivcrit,
2451 5867 2471 5904 ί
2503 5864 2571 5908 ne
2603 5851 2790 5928 prima:
2837 5856 2978 5915 sedis
3015 5857 3310 5930 Episcopus
3349 5854 3532 5932 appel-

3097 5951 3136 6015 6
