4062 6436
455 359 555 422 I71

1631 406 1633 408 η
1732 329 1823 391 AD
1857 327 2121 406 uanum
2160 323 2484 402 DIURNUM

3627 315 3738 374 172

2719 393 2745 400 ..4

446 419 592 533 letur
625 463 878 539 princeps
923 453 1299 525 Sacerdotum,
1327 456 1424 507 aut
1464 453 1706 506 Summus
1742 444 2035 540 Sacerdos,
2053 430 2115 528 Ἀ
2137 441 2262 511 quia
2452 430 2756 540 Episcopos
2799 419 3042 540 eximius.
3061 439 3117 489 et
3147 425 3440 540 sabell‘lfle
3488 446 3734 540 ωξπιιξη,

591 525 795 628 aliquid
815 525 1089 624 ejusmodi
1129 547 1210 621 (Id
1245 552 1348 611 est,
1381 538 1892 612 ArchiepiscOpus),
1943 532 2039 593 Sed
2112 525 2198 588 let
2214 529 2498 628 religionis
2523 528 2739 628 «studio,
2767 534 2825 582 et
2851 525 3094 628 scientiae
3123 525 3515 628 sapientiaeque
3548 525 3737 628 laude,

452 662 666 712 tantum
696 648 883 721 primae
917 643 1061 699 sedis
1087 639 1411 710 Episcopus.
1449 655 1470 689 ι

500 741 715 802 XXXI.
750 733 1200 807 Quandoquidem
1238 730 1441 786 dictum
1481 727 1614 783 illud
1641 724 1913 794 Gregorii,
1955 740 2044 778 ra-

450 838 610 893 tionis
629 833 759 889 ordo
785 845 878 885 nos
904 826 1175 888 admonet,
1201 831 1257 875 ut
1275 837 1396 876 cum
1425 835 1523 872 usu
1547 816 1695 888 pallii
1721 816 1901 887 aliqua
1933 814 2043 868 lar-

451 899 553 1004 giri
579 924 851 1000 privilegia
879 918 1161 974 debeamus
1187 956 1202 982 ,
1243 929 1352 968 non
1379 911 1618 982 pertinet
1649 909 1717 964 ad
1747 908 1889 964 solos
1918 905 2038 1004 ΔΜε-

451 999 753 1094 tropolitas,
788 1014 984 1087 quibus
1014 1011 1160 1067 vices
1203 1007 1347 1063 sedis
1386 1004 1708 1076 Apostolicae
1737 999 2044 1094 committe-

450 1091 660 1178 rentur,
691 1112 785 1168 sed
810 1110 878 1165 ad
905 1105 1190 1162 inferiores
1224 1100 1387 1156 etiam
1412 1099 1726 1169 Episcopos,
1757 1095 1847 1164 qui
1881 1091 2043 1164 pallio

453 1206 819 1265 donarentur;
854 1200 918 1252 de
946 1193 1244 1267 privilegiis
1265 1189 1527 1261 ejusmodi
1567 1185 1810 1242 nonnihil
1837 1184 2045 1253 disqui-

457 1294 706 1350 rendum.
751 1291 992 1346 Fuerunt
1028 1287 1120 1341 illa
1159 1299 1290 1340 vero
1333 1279 1621 1351 aliquando
1659 1277 1910 1332 Ecclesiw
1942 1276 2044 1344 ipsi

454 1398 735 1448 concessa,
767 1378 1057 1450 aliquando
1087 1375 1186 1431 soli
1216 1386 1461 1444 persona:
1494 1389 1506 1425 :
1541 1371 1794 1426 diuturna
1822 1365 2044 1421 fuerunt

453 1477 545 1532 illa
566 1517 581 1542 ,
610 1476 724 1530 haec
749 1473 815 1527 ad
841 1480 1072 1540 tempus.
1106 1465 1320 1536 Siagrio
1339 1459 1815 1532 Augustodunensi
1854 1473 1884 1511 a
1911 1456 2046 1512 Gre-

456 1567 609 1640 gorio
638 1565 830 1632 Magno
857 1574 1120 1618 concessa
1155 1563 1239 1612 est
1262 1553 1493 1610 vocandi
1523 1551 1591 1607 ad
1620 1551 1897 1623 Synodum
1927 1563 2046 1640 oms

460 1639 558 1714 nes
584 1657 878 1728 EpiscOpos
905 1653 1005 1709 sub
1029 1650 1236 1706 ditione
1262 1644 1586 1702 Theodorici
1605 1653 1666 1712 et,
1683 1639 2046 1697 Theodoberti

451 1750 659 1821 positos
701 1745 1002 1810 autoritas,
1031 1741 1135 1797 fuit
1178 1741 1284 1796 hoc
1321 1736 1610 1810 personale
1657 1733 2041 1806 privilegium:

452 1853 711 1895 concessa
736 1851 952 1906 quoque
972 1835 1112 1888 inter
1136 1832 1431 1902 Episcopos
1453 1827 1831 1900 Lugdunensis
1854 1831 2044 1895 primae

451 1931 628 2002 prima
652 1935 774 1998 post
791 1926 1085 1980 Primatem
1111 1924 1286 1986 sedes,
1313 1922 1370 1976 id
1394 1920 1496 1975 sibi
1524 1919 1782 1974 collatum
1803 1916 2045 1972 Ecclesia

453 2015 954 2091 Augustodunensis
977 2013 1222 2078 retinuit,
1256 2011 1419 2066 etiam
1448 2010 1566 2064 sine
1595 2007 1781 2079 pallio.

525 2108 740 2165 XXXII.
775 2107 912 2162 Sunt
956 2106 1046 2175 qui
1082 2111 1273 2176 putent
1297 2143 1311 2169 ,
1363 2102 1625 2158 tributum
1677 2099 1796 2154 istis
1831 2113 2045 2170 quoque

456 2201 806 2261 inferioribus
855 2197 1134 2268 Episcopis
1163 2210 1358 2252 nomen
1403 2193 1847 2263 Archiepiscopi,
1894 2199 1948 2246 et
1977 2189 2047 2245 ad

455 2297 512 2352 id
543 2293 883 2366 probandum
930 2288 1165 2344 afferunt
1220 2285 1549 2357 exemplum,
1599 2293 1715 2339 tum
1759 2281 2044 2356 Aigilberti

455 2383 881 2444 Cenomanensis
899 2423 914 2448 ,
961 2381 1052 2453 qui
1081 2379 1537 2449 Arcbiepiscopus
1564 2377 1740 2432 dictus
1766 2375 1963 2446 legitur
1989 2377 2046 2431 in

454 2480 746 2549 diplomate
773 2475 1094 2531 'I'beodorici
1139 2472 1334 2543 Regis;
1369 2481 1483 2526 tum
1524 2469 1899 2541 Chrodegangi
1936 2468 2047 2526 Me-

449 2572 641 2634 tensis,
672 2577 834 2639 atque
861 2566 1025 2622 etiam
1061 2564 1225 2635 200
1251 2561 1572 2632 Angilranni
1607 2559 1815 2631 pariter
1837 2558 2044 2614 Meten-

454 2665 563 2728 sis,
593 2663 704 2717 imo
731 2668 787 2716 et
815 2655 1097 2714 Theodulﬁ
1121 2653 1551 2720 Aurelianensis,
1588 2652 1681 2723 qui
1706 2659 1931 2722 propter
1957 2666 2045 2705 ac-

453 2764 670 2828 ceptum
713 2751 937 2824 pallium
961 2747 1508 2820 Archiepiscoporum
1539 2759 1737 2799 nomen
1768 2741 1870 2798 sibi
1895 2756 2049 2796 arro-

457 2855 676 2921 garunt,
695 2844 943 2917 quamvis
953 2843 1205 2913 Episcopi
1219 2850 1404 2896 essent
1422 2837 1772 2908 Metropolitis
1792 2837 2042 2895 obnoxii:

456 2955 564 3009 qua
588 2938 732 2992 enim
756 2936 860 2990 alia
889 2936 956 2990 de
982 2949 1164 2997 causa,
1195 2932 1469 3004 inquiunt,
1499 2937 1707 2985 tantum
1736 2943 1933 2983 nomen
1957 2943 2048 2984 ac-

460 3034 751 3103 cepissent,
778 3030 882 3086 nisi
906 3029 1030 3098 quia
1060 3035 1282 3099 propter
1302 3031 1581 3095 acceptum
1608 3040 1639 3077 a
1661 3022 1884 3077 Summo
1905 3019 2048 3074 Pon-

461 3129 607 3185 tilice
633 3127 877 3200 pallium,
907 3124 1028 3180 aliis
1047 3123 1329 3195 Episcopis
1349 3119 1658 3193 praecellere
1683 3115 2046 3173 videbantur?

525 3216 762 3274 XXXIII.
783 3217 985 3274 Verum
1009 3214 1076 3269 ad
1097 3213 1213 3269 haec
1234 3213 1479 3284 exempla
1499 3213 1750 3268 observo.
1774 3207 2042 3277 Primum,

455 3310 586 3368 solis
616 3309 784 3366 Gallis
811 3321 1007 3364 nomen
1040 3305 1453 3376 Archiepiscopi
1483 3305 1748 3360 tributum
1769 3303 1908 3375 legi,
1937 3317 2046 3357 non

459 3404 580 3460 aliis
623 3401 1010 3473 cujuscumque
1041 3398 1266 3454 alterius
1309 3397 1485 3469 gentis
1535 3395 1882 3462 Prtesulibus,
1943 3394 2048 3450 etsi

454 3493 639 3565 plures
689 3490 852 3563 pallio
886 3487 1128 3561 insigniti
1179 3488 1310 3543 sint.
1351 3487 1586 3555 Deinde,
1637 3502 1745 3542 non
1793 3485 2046 3541 omnibus

456 3584 626 3641 Gallis
649 3584 926 3646 tributum,
957 3580 1079 3652 quis
1107 3580 1252 3635 enim
1275 3578 1329 3634 id
1355 3579 1418 3634 de
1455 3577 1668 3651 Siagrio
1701 3577 2049 3650 Augustodu-

454 3678 608 3732 nensi
621 3676 847 3748 legerit?
859 3675 981 3743 quis
1002 3675 1065 3728 de
1083 3671 1381 3727 Parisiensi
1394 3671 1418 3725 ?
1431 3669 1634 3735 Tertio,
1652 3678 1887 3742 quatuor
1901 3669 2042 3739 illos,

457 3771 551 3840 Qui
600 3769 853 3824 dicuntur
886 3764 1291 3835 Archiepiscopi
1335 3777 1530 3818 nomen
1575 3762 1829 3834 gessisse,
1876 3760 2047 3818 fuisse

456 3859 628 3925 viros,
667 3865 761 3910 aut
797 3853 1077 3909 nobilitate
1112 3853 1344 3925 generis,
1392 3860 1486 3906 aut
1531 3852 1833 3920 principum
1871 3851 2045 3922 gratia

458 3948 748 4020 pollentes,
775 3955 868 4000 aut
889 3944 1455 4014 Archicapellanorum
1480 3940 1614 3995 aulae
1630 3941 1888 4011 dignitate
1908 3956 2044 4011 pra:-

459 4049 688 4105 stantcs,
720 4040 916 4109 quibus
947 4035 1149 4092 idcirco
1179 4035 1412 4090 adulatio
1439 4032 1817 4101 pnecellentizc
1842 4048 2043 4088 nomen

455 4134 738 4189 tribueret.
767 4131 969 4199 Quarto
987 4170 1002 4195 ,
1035 4128 1237 4183 nullam
1265 4127 1318 4180 in
1355 4125 1552 4180 litteris
1571 4123 1896 4181 Pontificum
1919 4127 2046 4182 mit-

456 4226 688 4283 tentium
726 4221 1010 4294 Episcopis
1045 4218 1206 4289 pallia
1242 4216 1569 4271 mentionem
1610 4215 1729 4271 fieri
1771 4218 2045 4291 Archiepi—

456 4321 600 4390 scopi
642 4317 894 4378 nominis,
929 4329 1053 4368 cum
1099 4321 1278 4366 tamen
1320 4309 1606 4381 aliquando
1647 4310 1739 4366 fiat
1763 4329 2040 4386 expressa,

456 4425 582 4467 cum
611 4410 680 4463 ad
704 4406 1075 4476 Metropolitas
1103 4404 1360 4459 scribitur
1383 4423 1396 4458 :
1426 4419 1593 4475 quare
1625 4406 1670 4461 si
1698 4408 1791 4478 qui
1815 4409 1919 4463 hoc
1947 4424 2044 4463 no-

2074 3167 2121 3232 C

2140 633 2197 680 et
2224 621 2504 678 nobilitate
2541 621 2775 692 generis,
2804 635 2910 690 qua
2931 619 3126 675 forsan
3152 618 3218 673 de
3239 633 3404 674 causa
3431 618 3491 673 in
3518 617 3626 675 alio
3653 619 3742 674 in-

2141 722 2444 770 strumento
2469 713 2767 784 appellatus
2785 721 2873 768 est
2895 713 3151 783 princeps
3171 712 3627 784 Episcoporumi,

2169 831 2174 834 ι
2212 809 2452 865 XXXIV.
2475 809 2630 877 Quod
2652 809 2696 864 si
2718 809 2835 865 haec
2851 809 3154 879 probabilia
3182 809 3313 875 sint,
3333 818 3396 864 ut
3415 820 3564 865 certe
3587 817 3739 878 sunt,

2143 909 2198 955 et
2227 916 2291 956 eo
2317 899 2536 972 quidem
2567 901 2756 972 magis,
2787 901 2933 970 quod
2967 898 3178 955 faciunt
3209 907 3401 956 contra
3434 901 3741 957 inauditum

2144 992 2411 1062 quoddam
2459 991 2671 1048 facinus
2698 1033 2713 1059 ,
2764 1001 2825 1048 et
2866 992 3245 1049 incredibilem
3297 993 3741 1064 appellationem,

2146 1085 2255 1140 ruit
2285 1093 2396 1140 tota
2424 1083 2491 1139 de
2520 1084 2684 1156 pallio
2709 1083 2997 1156 Aigilberti
3027 1083 3360 1154 conjectura,
3404 1085 3604 1155 quippe
3627 1101 3742 1141 non

2146 1175 2273 1241 alio,
2299 1191 2461 1246 quam
2496 1175 2753 1241 nominis,
2779 1174 3134 1232 fundamento
3158 1178 3365 1232 innixa.
3730 1242 3732 1245 ι

2217 1267 2437 1324 XXXV.
2479 1266 2748 1333 Accedat,
2780 1267 2946 1337 quod,
2975 1283 3096 1340 quae
3124 1271 3480 1340 praerogativa
3518 1269 3745 1340 conjici-

2147 1370 2236 1416 tur
2279 1360 2578 1430 Aigilberto
2603 1375 2724 1416 esse
2749 1375 3013 1417 concessa
3057 1378 3182 1418 cum
3222 1363 3406 1434 pallio,
3449 1373 3509 1418 ut
3530 1366 3746 1436 primus

2148 1452 2290 1507 inter
2328 1453 2623 1522 Episcopos
2666 1451 3049 1523 Lugdunensis
3075 1455 3253 1510 tertiae
3279 1464 3402 1526 post
3429 1455 3748 1530 Metropoli-

2149 1552 2285 1608 tam,
2316 1551 2411 1597 aut
2445 1544 2623 1614 reipsa
2655 1545 2889 1612 sederet,
2922 1556 3016 1610 aut
3041 1555 3192 1602 certe
3218 1557 3558 1615 censeretur,
3583 1550 3745 1622 longe

2152 1646 2276 1691 ante
2311 1636 2594 1707 Aigilberti
2635 1645 2848 1694 aetatem
2884 1637 3277 1694 Cenomanensi
3309 1640 3514 1695 civitati
3544 1655 3748 1700 conve-

2153 1726 2336 1782 niebat
2369 1747 2381 1781 :
2414 1726 2680 1797 siquidem
2713 1729 2769 1783 in
2789 1729 2983 1784 notitia
3022 1727 3433 1786 Provinciar‘um
3471 1741 3526 1788 et
3552 1733 3749 1790 civita-

2071 1808 2120 1868 B
2149 1829 2263 1874 tum
2302 1819 2516 1886 Galliae,
2565 1836 2684 1890 qua:
2735 1828 2882 1876 tomo
2924 1819 3103 1890 primo
3144 1821 3516 1878 Conciliorum
3550 1823 3741 1882 Galliae

2143 1913 2501 1984 prmponitur,
2543 1926 2772 1984 quaeque
2802 1913 3170 1970 eruditissimo
3199 1913 3492 1973 Sirmondo
3520 1919 3633 1974 visa
3660 1929 3746 1976 est

2149 2007 2219 2062 ad
2265 2015 2507 2076 tempora
2551 2004 2774 2062 Honorii
2831 2006 3177 2078 Imperatoris
3226 2009 3517 2079 pertinere,
3581 2020 3746 2086 atque

2149 2099 2223 2152 ita
2253 2097 2537 2167 Aigilberti
2575 2098 2974 2154 ordinationem
3011 2100 3221 2156 smculis
3247 2116 3383 2172 pene
3410 2103 3583 2159 tribus
3607 2120 3745 2175 pra}-

2149 2190 2383 2244 cessisse
2407 2231 2421 2255 ,
2453 2190 2507 2245 in
2527 2192 2846 2247 recensione
2865 2191 3163 2248 Provincize
3183 2193 3560 2266 Lugdunensis
3578 2189 3740 2270 201

2151 2282 2325 2337 tertia:
2343 2289 2466 2353 post
2493 2281 2868 2339 Turonensem
2891 2286 3167 2342 civitatem
3193 2285 3616 2346 Cenomanensis
3643 2308 3747 2347 nu-

2150 2384 2412 2430 meratur.
2464 2375 2614 2431 Idem
2646 2377 2936 2433 dicendum
2967 2377 3048 2434 de'
3069 2379 3290 2434 civitate
3321 2379 3568 2450 Metensi’,
3620 2399 3745 2453 quae

2149 2476 2272 2538 post
2299 2465 2640 2539 Metropolim
2677 2469 3028 2526 Trevirorum
3071 2471 3247 2543 prima
3288 2473 3625 2529 censetur..in
3654 2489 3746 2530 ea-

2152 2563 2275 2618 dem
2307 2564 2498 2618 notitia
2533 2579 2546 2618 :
2575 2579 2902 2635 quamquam
2932 2566 3126 2621 notitia
3159 2566 3276 2622 haec
3295 2607 3309 2634 ,
3336 2566 3473 2622 sicut
3491 2576 3583 2624 est
3609 2569 3745 2626 civi-

2149 2655 2292 2711 libus
2315 2656 2476 2710 rebus
2500 2656 2927 2723 accommodata,
2947 2658 3017 2712 ita
3045 2657 3100 2712 in
3125 2657 3524 2717 Ecclesiasticis
3544 2677 3649 2716 non
3669 2659 3745 2715 fa-

2152 2747 2228 2802 cit
2257 2754 2465 2801 certam
2502 2746 2661 2802 fidem
2705 2767 2718 2802 :
2763 2764 2939 2819 neque
2984 2751 3129 2805 enim
3173 2766 3511 2823 consequens
3547 2762 3648 2822 est,
3680 2762 3744 2810 ut

2151 2840 2198 2894 si
2235 2855 2398 2910 quem
2426 2847 2634 2895 certum
2675 2841 2866 2896 civitas
2897 2843 2949 2896 in
2980 2843 3169 2898 ordine
3195 2844 3414 2916 politico
3445 2844 3627 2902 locum
3662 2855 3744 2902 te-

2151 2941 2264 2998 net,
2296 2934 2543 2988 eumdem
2573 2934 2626 2988 in
2648 2933 3030 2992 Ecclesiastico
3053 2940 3301 3006 retineat,
3333 2941 3569 3013 alioquin
3597 2942 3742 3013 quod

2152 3020 2367 3092 Siagrio
2405 3021 2880 3093 Auguswdunensi
2908 3026 3160 3084 conferre
3192 3045 3251 3085 se
3281 3029 3414 3086 dicit
3446 3031 3502 3086 S.
3538 3031 3744 3104 Grego-

2153 3117 2286 3182 rius,
2315 3126 2374 3170 ut
2392 3116 2624 3187 primam
2653 3118 2705 3172 in
2735 3117 3078 3191 Lugdunensi
3111 3124 3284 3194 prima
3313 3135 3434 3196 post
3465 3124 3742 3198 Metr0p0«

2146 3206 2305 3263 litam
2333 3201 2606 3268 obtineret
2629 3209 2831 3276 sedem,
2856 3211 3195 3284 privilegium
3217 3233 3323 3272 non
3351 3227 3496 3274 esset
3524 3237 3536 3272 :
3565 3235 3740 3289 quan-

2152 3299 2442 3368 doquidem
2489 3298 2793 3358 ZEduorum
2843 3304 3035 3361 civitas
3085 3308 3137 3361 in
3195 3319 3496 3366 memorata
3544 3313 3742 3370 notitia

2149 3400 2273 3461 post
2289 3390 2705 3461 Lugdunensem
2726 3397 2982 3452 continuo
3005 3398 3246 3469 ponitur.

2222 3483 2464 3539 XXXVI.
2492 3485 2650 3540 Aliud
2673 3486 3013 3557 privilegium
3035 3489 3182 3560 pallii
3207 3490 3446 3546 nonnulli
3480 3491 3741 3562 afferunt,

2151 3577 2295 3633 istud
2335 3592 2546 3650 nempe,
2598 3579 2739 3648 quod
2767 3579 2859 3650 qui
2902 3579 3132 3637 donatus
3172 3590 3339 3650 esset,
3373 3599 3404 3638 a
3451 3583 3567 3640 sola
3611 3589 3744 3644 sede

2147 3670 2456 3741 Apostolica
2473 3669 2703 3740 judicari
2730 3680 2930 3744 posset.
2960 3671 3065 3730 Sed
3088 3674 3215 3745 quid
3239 3673 3314 3728 illi
3336 3673 3535 3732 facient
3556 3675 3742 3733 Theo-

2149 3761 2350 3834 dulpbo
2383 3762 2787 3834 Aurelianensi,
2836 3765 2933 3838 qui
2963 3765 3183 3836 pallium
3209 3767 3405 3823 dicitur
3441 3783 3472 3824 a
3511 3769 3744 3840 Stepha-

2147 3868 2219 3908 no
2270 3855 2580 3924 accepisse,
2625 3867 2850 3910 vocatus
2888 3865 3067 3910 tamen
3105 3857 3158 3910 in
3201 3857 3562 3926 suspicionem
3612 3875 3744 3915 con-

2147 3941 2459 4013 Spirationis
2487 3943 2745 3999 adversus
2771 3944 3098 4000 Ludovicum
3141 3943 3319 4009 Pium,
3351 3947 3418 4000 ab
3457 3947 3742 4020 Episcopis

2147 4035 2426 4107 depositus
2462 4041 2566 4099 est,
2595 4042 2651 4089 et
2677 4035 2734 4088 in
2756 4033 3141 4090 Monasterium
3171 4034 3460 4094 detrusus?
3483 4040 3737 4112 Conque-

2147 4127 2285 4181 ritur
2313 4125 2401 4179 ille
2429 4126 2745 4196 quidem,se
2777 4125 2845 4181 ab
2873 4123 3064 4181 alienis
3085 4125 3362 4197 judicibus
3391 4131 3731 4189 damnatum.

2269 4238 2448 4310 Solius,
2467 4241 2646 4304 inquit,
2673 4238 2790 4310 illud
2813 4252 2939 4310 Opus
2959 4239 3161 4291 Romani
3189 4241 3419 4293 Prasulis
3441 4251 3624 4310 exstat,

2328 4301 2472 4364 Cujus
2493 4301 2587 4365 ego
2611 4301 2775 4366 accepi
2797 4301 2941 4366 pallia
2960 4311 3122 4354 sancta
3142 4317 3306 4354 manu.

2219 4419 2415 4477 Verum
2441 4421 2816 4493 episcoporum
2863 4421 3011 4477 facto
3031 4424 3339 4480 ostenditur
3385 4426 3731 4498 privilegium

457 4519 582 4558 men
631 4507 915 4572 gesserunt
941 4537 955 4562 ,
1009 4496 1063 4551 id
1091 4510 1373 4567 arrogasse
1417 4497 1540 4564 sibi,
1587 4514 1695 4555 non
1743 4500 2036 4569 accepisse,
2065 4527 2121 4588 Β
2146 4509 2472 4579 hujusmodj,
2495 4512 2544 4567 si
2566 4512 2711 4582 quod
2737 4511 2862 4578 ῑυίι,
2890 4530 2998 4568 mm
3025 4524 3301 4586 τθοθρωιη
3318 4533 3419 4572 usu
3443 4519 3500 4573 in
3521 4496 3729 4575 eam“.

455 4595 631 4650 fastus
673 4593 847 4666 gratia
871 4634 886 4657 ,
933 4607 1040 4647 non
1077 4590 1354 4661 dignitatis
1391 4592 1768 4664 praerogativa.
1817 4591 2038 4657 Quinto,

457 4687 705 4758 exempla
758 4683 1065 4754 liujusmodi
1109 4689 1368 4755 quatuor,
1425 4685 1470 4740 si
1515 4701 1680 4739 unum
1723 4683 2040 4752 Angilranni

453 4783 596 4838 forte
621 4779 866 4850 excipias
887 4819 902 4844 ,
943 4777 1150 4834 desumi
1180 4792 1245 4832 ex
1278 4777 1445 4833 cartis
1496 4778 1677 4831 minus
1712 4775 1876 4841 notis,
1921 4791 2041 4845 quae

455 4875 590 4930 tanti
635 4872 823 4943 procul
864 4870 1028 4926 dubio
1058 4887 1162 4926 non
1191 4878 1336 4937 sunt,
1382 4877 1444 4924 ut
1492 4867 1636 4939 quod
1683 4867 2040 4924 insolentissi-

454 4982 604 5021 mum
647 4973 751 5032 est,
779 4965 1009 5035 probare
1048 4963 1282 5020 valeant.
1318 4960 1516 5029 Quidni
1546 4960 1713 5026 enim,
1757 4970 1817 5015 ut
1852 4961 1906 5016 in
1933 4978 2040 5018 uno

450 5058 733 5132 Aigilberti
778 5058 1202 5115 Cenomanensis
1231 5053 1479 5124 exemplo
1513 5053 1785 5109 haeream?
1827 5055 2035 5125 quidni,

452 5150 695 5220 inquam,
736 5164 895 5206 error
921 5147 1214 5218 irrepsitin
1241 5143 1562 5200 Theoderici
1585 5143 1746 5216 Regis
1778 5147 2035 5218 diploma,

452 5243 800 5298 amanuensis
811 5243 897 5299 vel
927 5239 1221 5311 imperitia,
1251 5235 1335 5291 vel
1367 5235 1542 5292 amica
1563 5252 1692 5309 erga
1715 5236 1880 5312 Regis
1903 5243 2038 5297 ami-

452 5324 576 5391 cum
608 5335 949 5391 adulatione?
991 5331 1188 5400 Quidni
1225 5329 1682 5401 Arcbiepiscopus
1719 5333 1894 5390 dictus
1931 5342 2033 5402 cst,

451 5428 577 5499 quia
605 5431 838 5500 primum
872 5436 995 5501 post
1038 5423 1431 5498 Metropolitam
1477 5424 1622 5480 inter
1659 5425 2034 5498 Lugdunensis

452 5523 625 5576 tertize
680 5523 971 5594 Episcopos
1018 5521 1196 5576 locum
1251 5517 1434 5573 tenet?
1497 5518 1645 5596 ἀρχὴ
1688 5519 1852 5581 enim,
1895 5518 2034 5573 unde

448 5624 864 5694 ἀρχιεπίσκοπος
889 5625 1131 5683 vocatur,
1162 5623 1218 5670 et
1242 5613 1569 5686 principium
1593 5620 1651 5667 et
1686 5611 2032 5666 autoritatem

452 5711 750 5780 significat?
784 5708 978 5778 Quidni
1020 5721 1118 5776 per
1145 5703 1524 5776 hyperbolem,
1574 5716 1682 5756 non
1714 5701 2032 5758 insolentem

452 5802 507 5866 in
528 5804 798 5860 communi
821 5813 1093 5859 sermone.
1123 5797 1434 5855 nominatus
1460 5797 1531 5852 sit
1553 5797 2028 5872 Archicpiscopus,

2143 4603 2344 4658 Deinde
2376 4605 2667 4674 quomodo,
2707 4606 2753 4660 si
2783 4621 2872 4662 res
2915 4607 2990 4662 ita
3013 4622 3074 4662 se
3116 4608 3331 4675 habeat,
3379 4615 3733 4670 concessione

2140 4692 2288 4762 pallii
2346 4695 2489 4753 facta
2538 4695 2883 4754 inferioribus
2935 4699 3248 4770 Episcopis,
3305 4701 3563 4759 violatum
3615 4720 3728 4762 non

2140 4794 2286 4843 esset
2307 4785 2398 4857 jus
2437 4788 2914 4861 Metropolitarum,
2945 4793 3090 4864 quod
3123 4794 3330 4850 salvum
3363 4795 3610 4852 Pontifex
3634 4814 3730 4854 ex-

2139 4881 2341 4951 pressis
2386 4883 2567 4938 verbis
2592 4897 2713 4940 esse
2743 4883 2894 4940 vult?
2921 4883 3186 4957 Denique,
3211 4887 3260 4942 si
3285 4888 3430 4956 quod
3473 4899 3729 4946 oculi-rat

2138 4972 2404 5044 privilegii
2449 4973 2675 5044 hujusce
2715 4974 3042 5044 exemplum.
3073 4973 3180 5032 non
3221 4979 3458 5048 pertinet
3484 4980 3617 5037 illud
3655 4981 3728 5036 ad

2139 5071 2406 5135 tempora,
2436 5065 2700 5135 inquibus
2719 5080 3022 5132 versamur,
3058 5068 3153 5123 sed
3181 5069 3249 5126 ad
3275 5071 3577 5138 posteriora
3599 5075 3726 5143 qui-

2137 5155 2238 5211 bus
2276 5170 2564 5211 commune
2597 5156 2689 5226 jus
2733 5156 2962 5225 privatis
2991 5157 3272 5218 beneﬂciis
3314 5168 3582 5218 Natum
3616 5173 3722 5219 est.

2207 5244 2465 5300 XXXVII.
2501 5245 2580 5300 Ex
2621 5247 2706 5302 his
2747 5247 3014 5304 concludo
3060 5267 3168 5306 non
3213 5253 3552 5322 apertissime
3599 5270 3728 5310 cou-

2135 5342 2302 5402 stare,
2329 5351 2450 5405 qum
2480 5335 2762 5408 privilegia
2790 5336 2994 5394 fuerint
3039 5339 3385 5400 inferioribus
3413 5342 3721 5414 Episcopis,

2135 5441 2260 5481 cum
2297 5425 2460 5497 pallio
2491 5427 2712 5483 tributa.
2743 5428 2926 5498 Quare
2962 5446 3069 5486 non
3107 5432 3514 5502 improbabilem
3549 5435 3724 5492 videri

2133 5531 2322 5572 eorum
2350 5518 2659 5588 opinionem
2689 5523 2782 5592 qui
2827 5530 3132 5587 senserunt,
3179 5523 3282 5580 hoc
3321 5524 3517 5597 insigni
3551 5525 3727 5596 pleni—

2135 5611 2338 5666 tudinis
2372 5613 2656 5682 potestatis
2677 5614 2903 5671 donatos
2934 5632 2963 5670 a
2995 5632 3203 5672 sumo
3227 5616 3490 5675 Pontifice
3511 5619 3722 5690 aliquos

2134 5699 2188 5754 in
2215 5703 2532 5770 provinciis,
2561 5714 2618 5759 ut
2645 5715 2827 5762 essent
2852 5711 2998 5774 velut
3039 5706 3184 5761 oculi
3200 5716 3256 5761 et
3287 5724 3499 5775 manus,
3524 5711 3722 5779 quibus

2133 5807 2223 5848 res
2267 5795 2454 5864 procul
2503 5805 2739 5852 remotas
2766 5798 2975 5854 videret
3018 5805 3076 5854 et
3118 5804 3416 5858 tractaret;
3448 5809 3615 5875 atque
3638 5801 3726 5871 ita
