4062 6442
235 371 329 434 175

1199 349 1812 442 ΒΙΒΞΕΒΤΑΤΙΟΝΕΕ.
1849 385 1922 405 --
1953 354 2412 416 DISSER’I‘ATIO
2447 358 2531 416 III.

3391 365 3506 428 ΠΛ

241 447 480 556 peculiari
523 476 864 532 sacramento
895 470 1182 546 obligatus,
1211 489 1312 544 pro
1348 488 1620 530 concessae
1654 480 1808 529 auto—
1828 443 1889 535 Ἀ
1911 471 2015 526 stio
2056 471 2122 527 de
2149 443 2375 527 materia
2412 472 2582 545 pallii,
2607 467 2806 531 Fuitne
2826 487 3066 551 semper,
3084 494 3208 550 quae
3230 497 3375 542 nunc
3393 493 3500 553 est,
3554 535 3576 556 ρ

249 573 410 630 ritatis
426 567 597 632 modo,
635 575 855 622 vocaret
887 566 942 622 in
969 572 1150 637 partes
1176 567 1374 622 summi
1410 564 1709 637 regiminis,
1724 562 1811 633 ju-

246 669 488 734 beretque
537 661 604 717 de
627 661 808 718 causis
836 659 1184 720 nascentibus
1213 662 1280 716 ad
1330 661 1511 718 sedem
1536 659 1812 731 Apostoli-

247 777 353 817 cam
398 755 618 820 referre,
645 764 702 811 et
737 754 784 810 si
811 755 1024 824 quando
1053 753 1194 810 foret
1216 769 1351 825 opus
1375 795 1390 819 ,
1421 753 1672 810 mandata
1714 767 1812 808 sua

245 853 442 922 exequi.
480 850 614 905 Huic
637 849 877 920 opinioni
896 849 1041 904 favet
1065 864 1173 906 non
1198 849 1401 920 Pelagii
1425 856 1630 904 tantum
1661 847 1813 904 testi-

243 945 464 1002 monium
505 940 618 1012 jam
647 941 909 1010 allatum,
953 941 1047 998 sed
1073 950 1183 1004 tota
1213 941 1270 996 S.
1317 940 1561 1012 Gregorii
1593 940 1658 994 ad
1688 937 1810 994 Sia-

241 1041 402 1112 grium
435 1037 685 1108 epistola,
706 1037 753 1093 si
775 1036 937 1108 paulo
965 1036 1226 1094 attentius
1259 1034 1584 1107 perlegatur.

302 1130 576 1190 XXXVIII.
605 1131 779 1199 Quam
824 1131 1116 1190 obscurum
1159 1138 1260 1196 est,
1313 1130 1458 1201 quod
1481 1129 1642 1186 modo
1669 1128 1810 1184 dixi-

239 1240 365 1292 mus,
404 1231 511 1278 tam
551 1231 608 1277 et
634 1222 778 1278 istud
805 1221 992 1284 forsan
1035 1221 1352 1290 dubitabile,
1378 1222 1430 1276 in
1475 1235 1582 1292 quo
1623 1221 1812 1290 positae

239 1323 406 1372 essent
430 1316 580 1372 vices
602 1315 709 1372 illm
743 1315 890 1374 sedis
931 1313 1273 1386 Apostolicae,
1307 1330 1426 1384 quae
1456 1312 1814 1384 Metropolitis

238 1409 466 1464 teruntur
504 1423 780 1464 concessm
813 1425 827 1462 :
875 1424 1003 1464 nam
1027 1406 1320 1480 Gregorius
1357 1407 1582 1478 Magnus
1621 1421 1716 1462 eas
1744 1405 1814 1464 ad

236 1491 326 1558 tria
351 1501 530 1573 capita
559 1508 801 1569 revocat,
839 1501 908 1558 ad
943 1517 1138 1562 causas
1164 1501 1578 1571 Episcoporum,
1608 1499 1720 1560 imo
1758 1507 1813 1553 et

234 1590 362 1657 ﬁdei,
383 1591 731 1661 iudicandas,
760 1594 830 1650 ad
849 1594 1119 1665 cogendas
1141 1591 1408 1663 Synodos,
1433 1601 1491 1648 et
1513 1592 1581 1650 ad
1605 1591 1815 1654 dandas

232 1682 497 1755 Episcopis
528 1683 740 1755 longius
759 1684 991 1742 abituris
1020 1682 1302 1740 formatas.
1326 1683 1487 1754 202
1504 1683 1668 1754 Atqui
1698 1683 1815 1738 haec

230 1761 434 1844 proprio
449 1774 581 1842 jure
610 1776 678 1832 ad
708 1774 1076 1846 Hetropulitas
1097 1776 1372 1846 pertinent
1399 1792 1412 1827 :
1439 1789 1564 1832 nam
1590 1790 1655 1829 ex
1677 1789 1816 1844 prae-

232 1870 418 1940 scripto
441 1869 674 1927 Concilii
710 1869 915 1926 Nicaeni
941 1869 1027 1926 bis
1057 1869 1112 1926 in
1166 1883 1309 1924 anno
1341 1881 1570 1930 evocare
1612 1866 1816 1924 debent

230 1960 511 2031 Episcopus
543 1962 614 2016 ad
646 1961 922 2033 Synodum
952 1962 1006 2016 in
1050 1977 1156 2032 qua
1183 1961 1456 2019 communi
1483 1960 1710 2018 consilio
1747 1961 1816 2019 de

229 2053 497 2124 Episcopis
511 2053 722 2122 judicia
745 2063 1126 2120 exerceantur,
1158 2061 1212 2109 et
1232 2070 1407 2110 causre
1433 2053 1582 2120 ﬁdei,
1609 2054 1657 2111 si
1690 2068 1822 2124 quae

226 2148 457 2210 oriantur
477 2147 740 2212 haereses,
763 2147 1052 2218 agitentur.
1080 2147 1289 2202 Debent
1319 2154 1375 2200 et
1402 2144 1684 2216 Episcopis
1703 2144 1832 2200 fur-~

225 2247 387 2300 matas
415 2237 553 2296 dare
587 2256 601 2293 :
645 2238 700 2294 id
728 2236 1113 2303 Africanon
1153 2235 1541 2306 Gallorumque
1564 2235 1834 2307 exemplo.

222 2340 442 2398 constat,
477 2333 536 2388 id
579 2338 822 2388 veterum
847 2330 1160 2388 testimonio
1198 2329 1468 2396 ﬁrmatur,
1497 2329 1624 2387 huic
1652 2343 1816 2386 nemo

221 2426 556 2484 contradicit.
609 2425 750 2494 Quid
775 2438 907 2496 ergo
933 2424 1208 2496 singulare
1235 2425 1494 2481 tributum
1539 2439 1663 2482 cum
1699 2423 1833 2494 pol--

219 2516 330 2575 lio?
362 2518 748 2576 Difﬁcultatem
772 2525 937 2588 auget
980 2517 1126 2587 quod
1157 2516 1402 2582 additur,
1450 2514 1816 2585 Metropolita-

219 2627 400 2665 norum
428 2612 557 2682 jure
577 2620 779 2666 servato
809 2626 826 2663 :
862 2609 906 2664 si
931 2610 1074 2664 enim
1103 2617 1374 2672 servetur,
1397 2608 1528 2676 quid
1547 2606 1826 2676 reliquum

220 2710 298 2759 est
322 2702 386 2757 de
416 2701 598 2759 tribus
619 2718 650 2756 a
677 2699 944 2772 Gregorio
982 2699 1178 2770 Magno
1205 2697 1564 2758 memoratis?

284 2791 526 2848 XXXIX.
591 2790 891 2847 Dicendum
943 2798 1097 2860 puto,
1141 2788 1362 2860 proprio
1415 2787 1636 2858 quidem
1687 2784 1836 2855 jure-

221 2881 586 2954 Metropolitas
609 2882 849 2953 potuisse
874 2881 976 2936 tria
1003 2881 1118 2936 haec
1165 2893 1444 2944 exercere,
1474 2878 1569 2933 sed
1600 2878 1656 2932 in
1686 2892 1815 2934 suos

221 2973 491 3030 dumtaxat
519 2973 903 3045 provinciales,
951 2973 1191 3043 potuisse
1215 2987 1346 3027 vero
1381 2971 1436 3026 in
1463 2970 1621 3038 alios,
1643 2971 1813 3028 etiam

220 3063 609 3138 Metrupolitas,
643 3065 929 3128 autoritate
964 3065 1108 3122 sedis
1134 3063 1482 3134 Apostolicm,
1525 3060 1678 3132 cujus
1716 3079 1815 3134 po-

1913 579 1980 618 an
2004 565 2294 636 pretiosior
2327 564 2600 636 quondam
2625 565 2729 624 alia
2755 567 3072 626 ?Orientale
3089 570 3306 628 laneum
3330 551 3500 634 fuisse
3547 551 3563 569 ὁ

1911 657 2099 728 quinto
2129 657 2323 714 saeculo
2360 665 2590 714 testatur
2617 657 2853 717 Isidorus
2879 658 3151 719 Pelusiota
3182 666 3343 734 epist.
3374 667 3502 736 156,

1911 746 2005 802 lib.
2036 764 2079 819 ι,
2107 765 2208 805 nec
2257 749 2469 806 videtur
2505 750 2726 807 dubium
2773 753 2903 823 quin
2939 769 3153 825 semper
3186 755 3371 813 fuerit.
3398 757 3504 814 La-

1911 852 2074 893 neum
2105 855 2321 911 quoque
2347 858 2491 898 nunc
2520 858 2641 899 esse
2668 844 2724 898 in
2753 841 3046 902 Occidente
3073 855 3304 914 constat,
3332 863 3508 920 quan-

1912 945 2076 1004 quam
2097 935 2353 990 crucibus
2373 935 2562 1010 sericis
2575 937 2756 992 rubris
2777 938 3159 1010 distinguitur;
3186 940 3295 997 imo
3308 941 3510 1012 quibus

1831 1087 1834 1092 _
1912 1036 1980 1076 ex
2010 1022 2150 1079 lanis
2189 1025 2302 1094 ﬁat,
2336 1043 2509 1098 quove
2538 1030 2664 1097 ritu,
2694 1031 2859 1086 tradit
2886 1031 3221 1105 Augustinus
3248 1033 3517 1108 Patritius‘

1913 1116 1969 1172 in
1994 1115 2134 1172 libro
2155 1120 2360 1175 rituum
2383 1120 2906 1180 Ecclesiasticorum.

1982 1210 2142 1282 203
2173 1210 2350 1266 XLIII.
2391 1212 2496 1269 Sed
2522 1217 2782 1288 quaeritur
2821 1232 2890 1273 an
2920 1230 2990 1272 ex
3023 1215 3196 1274 altera
3235 1218 3512 1290 quondam

1914 1304 2141 1358 materia
2157 1305 2460 1361 confectum
2488 1307 2576 1362 sit.
2606 1305 2903 1374 Quaestioni
2919 1309 3097 1368 locum
3122 1311 3254 1366 facit
3270 1310 3512 1373 Joannes

1915 1393 2208 1468 Diaconus,
2251 1412 2373 1450 cum
2404 1398 2596 1453 scribit
2618 1399 2712 1454 lib.
2735 1400 2769 1458 4
2803 1401 2937 1458 Vitae
2963 1402 3020 1458 S.
3055 1402 3511 1476 Gregorii,byssu

1915 1487 2183 1546 candente
2209 1498 2522 1546 contextum
2567 1489 2734 1547 fuisse
2759 1493 3006 1564 pallium,
3037 1495 3182 1566 quod
3218 1495 3516 1567 Gregorius

1916 1579 2144 1654 Magnus
2169 1585 2358 1654 gessit,
2402 1584 2655 1656 quodque
2683 1585 2861 1642 adhuc
2889 1602 3032 1644 anno
3060 1587 3188 1654 875,
3234 1602 3342 1660 quo
3368 1595 3515 1643 tem.

1915 1689 2049 1745 pore
2073 1673 2310 1733 Joannes
2351 1674 2602 1744 ﬂorebat,
2635 1678 2692 1736 in
2734 1678 3004 1748 sepulcro
3027 1679 3202 1736 sancti
3233 1678 3518 1738 Pontiﬁcis

1917 1768 2262 1823 cernebatur.
2312 1766 2439 1824 Sive
2483 1778 2667 1826 autem
2693 1771 2919 1844 byssum
2943 1771 3319 1842 interpreteris
3348 1779 3515 1854 tenue

1841 1838 1891 1900 Β
1918 1859 2110 1926 linum,
2133 1861 2460 1917 ntmelioris
2483 1861 2795 1918 Latinitatis
2829 1863 3096 1928 Antores;
3133 1863 3248 1918 sive
3277 1847 3516 1919 sericum

1915 1953 2090 2022 ﬁlum,
2121 1963 2182 2010 ut
2209 1954 2577 2012 Ecclesiastici
2613 1962 2935 2014 tractatures
2957 1954 3242 2025 sequioris
3277 1955 3400 2022 aevi,
3431 1955 3520 2010 la-

1915 2063 2077 2104 neum
2107 2055 2256 2104 certe
2285 2047 2516 2104 nonfuit
2546 2065 2560 2102 :
2588 2048 2729 2103 unde
2757 2047 2818 2103 ﬁt
2846 2062 3210 2118 consequens,
3251 2057 3310 2103 ut
3333 2064 3518 2122 neque

1915 2136 2188 2208 prioribus
2217 2140 2553 2209 temporibus
2602 2137 2817 2194 laneum
2848 2139 3033 2208 fuerit,
3071 2125 3341 2210 siquidem
3393 2157 3522 2198 mea

1916 2230 2021 2285 rito
2051 2229 2202 2287 credi
2228 2231 2422 2301 possit,
2466 2239 2680 2286 tantum
2707 2231 2884 2288 virum
2913 2241 3133 2304 tamque
3175 2232 3405 2289 novitati
3419 2217 3523 2290 ius

1917 2319 2150 2389 fensum,
2169 2321 2408 2378 noluisse
2423 2338 2454 2376 a
2469 2322 2816 2380 decessurum
2835 2339 2934 2379 usu
2957 2323 3256 2392 discedere,
3279 2339 3516 2398 praeser-

1917 2414 2017 2469 tim
2047 2413 2102 2468 in
2138 2429 2199 2470 re
2233 2414 2368 2470 adeo
2397 2423 2617 2485 patente
2645 2414 2926 2484 oculisque
2961 2413 3207 2469 omnium
3244 2415 3522 2487 exposita.

1968 2506 2176 2577 .XLIV.
2221 2507 2324 2575 Qui
2353 2508 2419 2562 dc
2446 2507 2612 2579 pallio
2649 2506 3116 2580 Arcbiepiscupali
3143 2523 3254 2562 non
3300 2506 3377 2562 ita
3404 2506 3522 2578 pri-

1918 2603 2042 2660 dem
2073 2618 2210 2674 opus
2235 2603 2406 2658 edidit
2450 2604 2538 2660 vir
2587 2603 2833 2660 eruditus
2876 2611 2931 2658 et
2973 2604 3222 2674 diligens,
3265 2604 3522 2675 praevidit

1918 2692 2025 2748 hoc
2053 2702 2458 2764 argumentum,
2491 2693 2706 2764 duoque
2734 2693 2972 2764 excepit,
2996 2703 3058 2749 ut
3081 2709 3236 2750 suam
3264 2693 3333 2750 de
3359 2693 3544 2752 lanea

1916 2789 2144 2844 materie
2210 2788 2538 2844 sententiam
2591 2795 2853 2844 tueretur.
2901 2787 3182 2854 Alterum,
3233 2788 3522 2858 deceptum

1915 2878 2086 2936 fuisse
2111 2877 2375 2936 Joannem
2416 2879 2738 2946 Diaconum,
2768 2895 2892 2935 cum
2919 2879 3143 2952 pallium
3171 2879 3231 2936 S.
3265 2877 3522 2951 Gregorii

1916 2973 2258 3044 inspiceret,
2307 2974 2588 3045 linumque
2641 2973 2962 3041 credidisse,
2994 2975 3143 3044 quod
3186 2965 3524 3044 reipsa'fuit

1915 3065 2086 3126 lana:
2165 3066 2500 3137 deceptionis
2567 3081 2792 3123 causam
2855 3066 3158 3136 praebuisse
3218 3067 3526 3122 obscurum-

219 3162 378 3212 testas
422 3157 762 3228 amplissima
809 3165 920 3224 est;
969 3157 1208 3217 idcirco,
1232 3155 1459 3227 Vigilius
1509 3156 1565 3212 in
1620 3169 1810 3211 omnes
1841 3208 1882 3229 η
1915 3159 2201 3228 utriusque
2227 3160 2488 3225 materiae,
2531 3158 2833 3229 prtesertim
2855 3166 3125 3214 vetustam
3149 3165 3364 3214 aetatem
3393 3171 3514 3228 pas‘

217 3245 546 3304 Cbildeberti
583 3246 748 3320 Regis
770 3248 990 3305 ditionis
1024 3249 1318 3320 Episcopus
1343 3247 1594 3304 Auxanio
1617 3246 1809 3303 Arela-

216 3341 350 3396 tensi
379 3351 711 3412 potestatem
733 3343 979 3400 contulit.
1012 3342 1300 3400 Servatum
1324 3358 1489 3414 porro
1513 3349 1599 3400 est
1618 3341 1812 3399 Metro-

213 3431 502 3501 politarum
536 3433 626 3504 jus
655 3435 711 3491 in
738 3451 822 3500 eo,
881 3436 1025 3505 quod
1067 3443 1124 3492 et
1162 3436 1218 3491 in
1251 3435 1365 3492 suis
1405 3423 1703 3507 provinciis
1744 3435 1814 3490 li-

214 3518 337 3580 bere
363 3541 465 3583 sua
496 3526 572 3582 illi
597 3527 780 3584 munia
807 3527 1045 3592 obirent,
1081 3536 1138 3582 et
1157 3526 1507 3584 inferioribus
1527 3526 1809 3598 EpiscOpis

213 3629 316 3680 non
343 3620 576 3674 daretur
595 3618 812 3674 licentia
833 3619 1172 3688 superiorum
1214 3622 1469 3676 mandata
1496 3619 1808 3688 spernendi.

277 3707 400 3762 XL.
430 3706 570 3762 Cum
621 3709 816 3764 summi
851 3708 1136 3778 pontiﬁces
1162 3708 1306 3764 soliti
1356 3711 1466 3764 sint
1492 3709 1808 3778 Episcopus,

213 3813 345 3867 quos
377 3796 550 3867 pallio
570 3797 865 3862 dunabaut,
895 3797 1082 3853 sedulo
1103 3813 1340 3863 monere,
1363 3809 1422 3853 ut
1441 3815 1508 3856 eo
1530 3799 1676 3854 inter
1695 3797 1809 3854 sola

215 3885 501 3944 Missarum
528 3885 793 3943 solemnia
815 3895 1076 3954 utantur;
1113 3887 1222 3943 imo
1260 3886 1556 3958 Gregorius
1583 3885 1808 3958 Magnus

219 3980 589 4038 Ravennatem
634 3979 960 4051 Episcopum
1003 3980 1058 4034 in
1082 3979 1297 4036 letaniis
1326 3988 1603 4050 gerentem
1628 3980 1807 4050 gravi-

218 4080 297 4128 ter
323 4074 638 4146 redarguat,
665 4089 973 4144 quanquam
993 4082 1182 4144 postea
1201 4072 1457 4144 fatigatus
1481 4074 1806 4144 importunis

218 4167 466 4232 precibus
501 4166 556 4222 id
609 4164 851 4231 indulsit,
907 4166 1076 4236 qureri
1129 4180 1240 4221 non
1271 4167 1544 4222 immerito
1593 4175 1802 4236 potest,

221 4273 330 4328 quae
372 4257 546 4313 fuerit
586 4265 696 4314 tam
753 4258 996 4327 expressi
1050 4265 1269 4327 tamque
1317 4257 1570 4312 instantis
1616 4257 1805 4312 moniti

220 4363 392 4404 causa.
434 4348 529 4404 An
575 4347 811 4418 dignitas
849 4346 1020 4417 pallii,
1075 4363 1144 4402 ne
1194 4363 1294 4402 usu
1343 4346 1674 4401 vilesceret?
1721 4344 1805 4400 An

221 4441 576 4511 praerogativa
615 4439 811 4494 summi
846 4437 1124 4493 Pontiﬁcis
1155 4436 1396 4508 quotidie
1434 4439 1662 4504 utentis,
1690 4448 1803 4494 uta

1838 3208 1885 3273 G

1915 3264 2010 3316 sat,
2044 3249 2354 3305 discrimen.
2399 3249 2667 3318 Alterum,
2697 3250 2744 3305 si
2774 3250 3030 3320 deceptus
3055 3248 3292 3306 nonfuit
3317 3249 3515 3305 Diaco-

1912 3355 2038 3406 nus,
2068 3348 2130 3395 ut
2161 3350 2312 3397 certe
2360 3342 2452 3396 vix
2481 3342 2680 3412 potuit,
2732 3340 2944 3398 inﬁnita
2987 3340 3522 3398 multitudine'idetn

1911 3440 2192 3498 cernente,
2218 3433 2264 3488 si
2295 3432 2518 3504 pallium
2548 3447 2738 3489 revera
2765 3433 2967 3488 lineum
3000 3431 3125 3500 fuit,
3160 3432 3354 3489 fecisse
3389 3448 3521 3505 pro-

1910 3535 2034 3592 pter
2070 3523 2392 3578 modestiam
2418 3524 2739 3594 Gregorium
2769 3532 2958 3580 contra
2984 3524 3251 3592 majorum
3279 3539 3512 3580 morem.

1914 3615 2216 3685 Utrumque
2266 3632 2333 3670 ex
2361 3615 2588 3671 Joannis
2633 3617 2858 3672 Diaconi
2894 3617 3077 3672 verbis
3122 3616 3316 3674 conﬁci
3351 3631 3528 3688 posse

1914 3705 2166 3777 upinatur
2193 3722 2204 3758 :
2244 3713 2300 3760 et
2320 3707 2557 3776 primum
2585 3706 2822 3778 quidem,
2878 3723 2945 3764 ex
2973 3721 3040 3763 eo
3061 3707 3206 3778 quod
3233 3707 3321 3765 ille
3347 3707 3514 3780 bysso

1915 3797 2178 3868 candente
2232 3805 2545 3853 contextum
2597 3799 2819 3870 pallium
2871 3801 3034 3868 dicat,
3079 3802 3284 3873 'byssus
3326 3808 3513 3857 autem

1911 3903 2020 3951 non
2042 3889 2290 3956 candeat,
2308 3890 2400 3944 sed
2418 3891 2665 3960 ﬂavescat
2687 3893 2880 3964 potius,
2909 3909 3028 3948 cum
3047 3895 3116 3949 sit
3146 3893 3246 3950 lini
3268 3911 3418 3966 pars,
3445 3903 3512 3953 ut

1909 3979 2127 4050 quidem
2159 3979 2261 4050 ipsi
2291 3980 2528 4048 videtur,
2580 3985 2851 4052 grossior;
2908 3986 3206 4044 secundum
3231 4001 3386 4054 vero,
3436 4001 3509 4050 ex

1908 4085 1973 4126 eo
1999 4073 2144 4142 quod
2183 4073 2455 4130 Diaconus
2483 4074 2645 4141 dicat,
2681 4093 2747 4131 ea;
2773 4076 2926 4148 pallii
2969 4078 3194 4133 materia
3227 4078 3509 4133 mediocri-

1908 4172 2067 4218 tatem
2095 4164 2306 4220 habitus
2334 4183 2368 4220 a
2397 4167 2508 4220 viro
2543 4177 2726 4221 sancto
2755 4170 2944 4239 gestati
2976 4171 3343 4238 repraesentari

1978 4254 2141 4310 XLV.
2176 4257 2245 4312 Ut
2281 4273 2382 4328 ego
2408 4259 2730 4328 simpliciter
2780 4267 2834 4313 et
2866 4259 3012 4314 nude
3040 4259 3306 4327 aperiam,
3360 4261 3530 4330 quod-

1907 4349 2101 4403 sentiu.
2157 4347 2415 4414 Primum,
2477 4365 2584 4405 non
2616 4349 2859 4420 intelligo
2893 4350 3028 4405 satis
3057 4391 3071 4415 ,
3125 4352 3398 4421 quomodo
3440 4353 3515 4410 Ii-.

1906 4457 2068 4496 neum
2097 4441 2318 4511 pallium
2345 4457 2412 4496 eo
2438 4456 2610 4512 usque
2651 4441 2725 4497 sit
2755 4441 2915 4496 laneo
2937 4439 3125 4509 vilius,
3160 4450 3222 4496 ut
3247 4443 3365 4515 ejus
3402 4459 3506 4502 usu

222 4528 428 4598 reliquis
473 4529 762 4599 Episcopis
789 4529 1064 4585 distaret?
1113 4529 1192 4584 An
1217 4530 1362 4599 quod
1402 4529 1599 4586 casula:
1633 4545 1802 4586 sacrae
1826 4563 1881 4626 Β
1907 4533 1987 4587 vir
2009 4533 2353 4604 antiquitatis,
2387 4541 2448 4589 ut
2474 4533 2717 4604 loquitur
2743 4532 3000 4602 Joannes,
3039 4534 3270 4591 voluerit
3307 4538 3500 4594 mode-

222 4633 331 4688 qute
358 4623 507 4678 Inter
539 4622 727 4678 Missas
765 4622 937 4678 solum
965 4622 1227 4689 induitur,
1257 4624 1329 4678 sit
1368 4625 1619 4696 proprius
1638 4640 1801 4681 urna-

223 4712 338 4766 tus?
390 4712 496 4778 An,
537 4713 681 4782 quod
705 4712 1058 4783 probabilius,
1094 4728 1282 4769 omnes
1323 4715 1408 4769 lia:
1453 4730 1630 4772 causae
1673 4732 1803 4773 cun-

224 4806 468 4860 currunt?
499 4803 630 4860 Inde
651 4820 780 4860 vero
804 4804 862 4860 ﬁt
891 4818 1248 4875 consequens,
1280 4815 1340 4862 ut
1358 4808 1611 4877 pretiosae
1637 4809 1800 4875 vesti,

225 4892 518 4963 eujusmodi
547 4909 701 4952 sacra
724 4895 904 4953 casula
928 4936 944 4962 ,
997 4897 1268 4967 pretiosus
1291 4898 1422 4953 olim
1452 4908 1678 4955 ornatus
1706 4900 1801 4954 ad—

227 4983 445 5054 deretur,
481 5002 598 5044 non
621 4987 752 5043 item
777 4987 932 5043 lanea
959 4987 1118 5046 taenia
1139 4995 1196 5043 et
1233 4987 1336 5044 vile
1355 4990 1625 5058 quoddam
1653 4990 1803 5046 addi-

227 5083 536 5133 tamentum.

287 5167 414 5226 XLI.
468 5169 660 5241 Neque
701 5171 864 5241 objici
915 5179 1140 5242 potest,
1195 5175 1339 5244 quod
1404 5173 1797 5244 posterioribus

229 5262 552 5331 temporibus
598 5263 788 5320 eadem
829 5265 1124 5322 admonitio
1169 5266 1548 5336 perseverarit,
1589 5267 1691 5323 etsi
1718 5267 1798 5322 la-

229 5365 376 5408 neum
401 5356 634 5427 cmperit
652 5371 775 5416 esse
802 5357 1026 5428 pallium
1050 5375 1066 5424 ;
1115 5373 1241 5414 nam
1267 5359 1350 5414 vel
1397 5373 1514 5416 mos
1540 5360 1796 5429 antiquus

228 5441 537 5504 admonendi
577 5455 822 5504 retentus
860 5455 966 5514 est,
1011 5447 1136 5519 quia
1173 5457 1395 5506 retenta
1435 5451 1640 5520 pariter
1663 5451 1792 5508 mit-

230 5533 361 5588 tendi
402 5535 553 5605 pallii
591 5545 806 5593 veteres
850 5536 1093 5594 formulte
1123 5555 1138 5605 ;
1167 5538 1252 5593 vel
1304 5541 1584 5597 desinente
1631 5541 1791 5598 tertia

231 5623 445 5692 ratione,
472 5628 594 5685 alite
618 5630 830 5700 priores
856 5630 973 5686 duae
1000 5630 1128 5686 visae
1153 5638 1280 5694 sunt
1304 5631 1481 5687 adhuc
1513 5647 1667 5688 suum
1696 5634 1792 5689 ha-

231 5710 345 5768 bere
373 5728 724 5777 momentum.

293 5803 446 5878 XLII.
471 5809 551 5867 Ex
572 5811 732 5870 dictis
754 5812 1005 5869 nonnulla
1023 5817 1203 5885 potest
1216 5808 1356 5869 oriri
1369 5808 1628 5870 historica
1651 5831 1794 5886 quae-

1905 4628 2027 4683 stim
2048 4643 2211 4684 causa
2239 4643 2270 4684 a
2300 4627 2648 4684 decessurum
2674 4643 2826 4684 more
2851 4627 3135 4685 discedere
3161 4646 3175 4682 :
3209 4644 3337 4685 nam
3365 4629 3500 4704 bys-

1903 4735 1998 4778 sus
2037 4719 2196 4789 longe
2242 4719 2530 4789 pretiosior
2557 4727 2640 4775 est
2691 4719 2837 4785 lana,
2868 4729 2930 4775 ut
2972 4719 3260 4776 conﬁcitur
3285 4734 3354 4779 ex
3402 4720 3504 4779 illo

1902 4809 2319 4868 Proverbiurum
2349 4811 2488 4877 loco,
2514 4813 2608 4867 ubi
2646 4811 2840 4868 mulier
2868 4810 3026 4869 fortis
3049 4812 3322 4881 laudatur,
3349 4815 3498 4886 quod

1901 4905 2251 4976 stragulatam
2293 4913 2482 4960 uestem
2535 4905 2715 4973 fecerit
2765 4905 2887 4973 sibi,
2917 4907 3170 4978 quodque
3214 4909 3398 4980 byssus
3443 4915 3497 4962 et

1900 5012 2136 5068 purpura
2164 4997 2296 5066 foret
2343 4996 2704 5051 uestimentum
2749 4997 2884 5068 ejus.
2915 4997 3108 5054 Mulier
3137 4998 3247 5065 illa,
3277 4998 3491 5070 opinor,

1840 5102 1844 5104 '
1904 5085 2057 5154 cujus
2098 5088 2178 5142 air
2229 5087 2418 5143 nubilis
2472 5090 2529 5146 in
2556 5093 2721 5160 portis
2754 5091 2951 5146 sederet
2983 5108 3103 5147 cum
3147 5090 3492 5148 Senatoribus

1902 5186 2080 5246 terrm,
2097 5179 2151 5234 id
2172 5186 2275 5246 est,
2291 5195 2408 5235 rem
2428 5181 2697 5252 publicam
2712 5183 3136 5250 administraret,
3160 5197 3190 5236 a
3210 5180 3489 5239 rusticana
3527 5176 3532 5180 κ

1902 5284 2011 5326 non
2036 5268 2193 5324 valde
2240 5271 2487 5338 distaret,
2520 5273 2566 5328 si
2593 5282 2763 5348 parte.
2793 5275 2889 5330 lini
2916 5273 3191 5346 grossiore
3216 5279 3483 5330 uteretur.

1967 5363 2174 5420 Deinde
2198 5364 2413 5421 videtur
2434 5367 2566 5422 mihi
2595 5364 2850 5433 Joannes,
2885 5382 3008 5422 cum
3031 5365 3099 5419 de
3117 5363 3283 5436 pallio
3311 5368 3488 5425 sancti

1897 5453 2178 5511 Pontiﬁcis
2198 5455 2455 5526 loquitur,
2483 5457 2617 5513 nihil
2633 5457 2857 5512 laudare
2875 5461 3074 5524 praeter
3101 5456 3481 5528 antiquitatem

1897 5547 2040 5615 viri;
2071 5549 2498 5605 mediocritatem
2545 5564 2696 5615 vero,
2753 5546 2906 5615 cujus
2953 5547 3216 5617 meminit,
3265 5550 3335 5606 ad
3386 5557 3485 5607 ιω-
3527 5556 3534 5560 ’

1896 5640 2042 5696 niam
2070 5641 2295 5709 referre,
2342 5659 2408 5698 ex
2433 5659 2538 5712 qua
2566 5641 2902 5710 dependebat
2931 5652 3185 5716 argentea
3215 5645 3479 5714 reliquia-

1897 5745 2017 5787 rum
2047 5743 2273 5806 custosl:
2301 5749 2424 5788 cum
2451 5732 2596 5786 enim
2627 5733 2953 5802 scripsisset,
3003 5737 3331 5790 veneratione
3357 5753 3478 5804 gm—

1895 5823 2099 5878 tissima
2136 5823 2387 5879 celebrari
2411 5821 2534 5888 tria,
2557 5837 2674 5894 quae
2701 5835 3060 5894 pernoctantes
3084 5827 3142 5881 in
3171 5827 3485 5900 anniversa-s
