4062 6434
508 373 610 433 I75

1765 373 1856 432 AD
1894 370 2156 430 LIBRUM
2190 368 2506 429 DIURNUM

3659 355 3766 419 I76

503 499 586 551 ria
613 497 730 566 festi
745 493 830 548 die
845 489 1226 556 oscularentur,
1243 489 1664 564 pallium,204
1687 490 2084 562 phylacteriam,
2115 486 2166 546 A
2261 482 2446 538 XLIX.
2479 480 2658 537 Nihilo
2699 478 2820 552 plus
2865 474 3027 543 valet,
3054 472 3393 566 quod
3419 473 3640 542 habent,
3672 487 3770 533 aut

502 596 551 640 et
579 585 836 650 balteum;
870 600 991 638 mox
1044 581 1362 650 subjunxit:
1399 602 1417 633 ί
1454 581 1584 648 Qua:
1611 581 1884 651 sigillatim
1914 581 2090 635 consi-

501 675 711 738 derata,
740 683 796 728 et
820 673 1197 744 antiquitatem
1223 672 1350 737 viri,
1377 680 1432 728 et
1461 672 1891 727 mediocritatem
1936 671 2090 726 habi-

505 774 611 830 tus,
640 772 694 818 et
721 765 956 834 speciem
1005 764 1269 832 regularis
1313 764 1572 833 propositi
1621 763 1788 834 signis
1817 763 2091 834 perpetuis

502 863 890 925 repraesentant
945 873 956 906 :
989 870 1114 908 nam
1142 855 1196 908 in
1247 870 1313 910 eo
1357 855 1499 925 quod
1537 857 1654 926 ejus
1680 855 1899 924 pallium
1927 857 2090 925 bysso

502 950 766 1003 candente
797 955 1135 1013 contextum,
1167 947 1330 1003 nullis
1359 949 1598 1003 cernitur
1622 949 1823 1004 acubus
1849 947 2091 1018 perfora-

502 1050 640 1108 tum,
663 1043 741 1098 sic
767 1044 941 1114 ipsum
969 1045 1114 1100 circa
1145 1043 1390 1114 scapulas
1417 1043 1731 1098 obvolutum
1762 1030 1950 1108 fuisse,
1978 1057 2088 1097 non

502 1139 683 1186 autem
711 1133 982 1188 conﬁxum
1009 1133 1360 1205 dignoscitur,
1394 1134 1534 1189 sicut
1560 1134 1940 1189 vetustissimis
1970 1149 2088 1188 mu-

507 1225 639 1280 sivis
683 1225 767 1281 vel
813 1227 1039 1297 picturis
1086 1227 1407 1283 ostenditur.
1472 1227 1625 1294 Quod
1670 1236 1850 1282 autem
1896 1227 2087 1298 phyla-

503 1318 674 1371 cteria
707 1319 856 1373 tenui
883 1327 1106 1390 argento
1129 1319 1411 1385 fabricata,
1449 1319 1649 1388 vilique
1673 1318 1836 1388 pallio
1862 1318 1928 1372 de
1951 1317 2089 1374 collo

504 1423 764 1478 suspensa
814 1410 977 1466 fuisse
1033 1412 1317 1478 videatur,
1378 1411 1597 1466 habitus
1638 1408 1756 1479 ejus
1800 1408 2090 1464 mediocri-

504 1511 589 1558 tas
647 1505 1069 1561 demonstratur.
1115 1505 1287 1562 Porro
1328 1506 1381 1561 in
1437 1505 1678 1560 exilitate
1728 1503 1914 1567 baltei,
1971 1516 2090 1571 quae

502 1595 663 1650 unius
686 1596 893 1664 pollicis
923 1613 1236 1652 mensuram
1261 1612 1539 1667 nunquam
1568 1593 1814 1659 excedit,
1853 1594 2088 1664 speciem

500 1689 762 1760 propositi
798 1690 1062 1761 regularis
1090 1690 1219 1746 olim
1267 1705 1299 1744 a
1328 1699 1515 1746 sancto
1570 1689 1864 1745 Benedicto
1901 1687 2089 1743 statuti

501 1791 624 1833 eum
651 1795 918 1846 servasse,
944 1779 1063 1835 luce
1091 1780 1292 1836 clarius
1319 1779 1648 1836 manifestat.
1675 1800 1694 1833 ι

570 1869 722 1925 Adde
746 1912 762 1936 ,
789 1872 932 1940 quod
951 1913 964 1934 ,
999 1873 1104 1928 nisi
1126 1872 1302 1938 fallor,
1326 1889 1390 1929 ex
1432 1873 1652 1928 Diaconi
1679 1873 1878 1937 verbis,
1901 1880 2090 1927 contra

502 1959 557 2014 id
585 1961 726 2028 quod
749 1961 992 2017 eruditus
1017 1964 1103 2017 vir
1127 1965 1344 2028 asserit,
1367 1979 1473 2019 non
1489 1966 1717 2020 obscure
1732 1963 2088 2030 concluditur,

502 2047 822 2120 Gregorium
851 2052 906 2107 in
951 2070 1052 2109 usu
1078 2054 1244 2123 pallii,
1276 2055 1418 2125 quod
1461 2055 1740 2126 byssinum
1793 2055 1954 2120 foret,
1981 2071 2088 2110 non

497 2141 794 2196 recessisse
825 2158 855 2196 a
903 2141 1170 2212 majorum
1192 2145 1580 2201 consuetudine
1608 2163 1621 2199 :
1655 2134 1812 2201 docet
1832 2145 1976 2200 enim
2001 2144 2090 2199 ille

501 2229 741 2299 quinque
767 2229 832 2286 de
854 2231 1038 2302 pallio,
1103 2235 1250 2304 quod
1275 2249 1340 2290 ex
1367 2235 1530 2306 bysso
1577 2236 1841 2290 candente
1869 2243 2090 2291 contex-

502 2331 617 2376 mm
650 2321 827 2388 foret;
877 2325 1021 2394 quod
1072 2325 1232 2382 nullis
1261 2328 1462 2382 acubus
1519 2326 1891 2397 perioratum;
1945 2327 2090 2397 quod

500 2413 645 2468 circa
671 2415 917 2486 scapulas
948 2417 1276 2480 obvolutum,
1307 2418 1449 2488 quod
1473 2417 1613 2473 idem
1637 2419 1688 2472 in
1712 2417 1933 2472 musivis
1963 2433 2090 2486 ope-

499 2504 652 2558 ribus
691 2507 1084 2575 antiquissimis
1117 2509 1449 2578 picturisque
1491 2509 1901 2575 ostenderetur;
1943 2511 2087 2579 quod

499 2595 618 2652 bzec
639 2598 1012 2667 antiquitatem
1036 2598 1156 2664 viri,
1182 2599 1236 2654 id
1265 2609 1366 2665 est,
1392 2615 1510 2654 mea
1542 2601 1826 2664 sententia,
1850 2600 2086 2655 studium

499 2689 837 2758 antiquitatis
869 2691 1196 2756 retinendae,
1239 2706 1345 2760 quo
1391 2691 1674 2746 tenebatur
1715 2690 1799 2744 vir
1843 2698 2084 2755 sanctus,

497 2791 974 2850 repnesentarent.
1064 2782 1317 2838 Materies
1362 2783 1526 2854 igitur
1574 2783 1724 2854 pallii
1789 2784 2087 2854 modusque

497 2876 686 2930 utendi
753 2877 1129 2946 antiquitatem
1189 2877 1470 2946 sapiebat;
1544 2861 1705 2948 atque
1756 2876 1839 2931 ita
1875 2885 2086 2932 tantum

499 2968 678 3033 abest,
701 2976 762 3023 ut
784 2967 1077 3041 Gregorius
1099 2969 1306 3039 priscos
1331 2984 1456 3025 suos
1478 2969 1790 3024 decessores
1837 2969 1892 3024 in
1918 2969 2087 3024 musi-

497 3058 584 3113 vis
626 3057 881 3128 operibus
911 3059 1152 3129 depictos
1179 3058 1506 3126 deseruerit,
1549 3067 1609 3114 ut
1637 3058 1879 3138 studiose
1905 3058 2086 3128 potius

498 3163 595 3205 eos
623 3150 868 3207 imitatus
899 3151 989 3208 sit.

569 3241 831 3314 Denique,
881 3244 926 3299 si
957 3243 1249 3318 Gregorius
1277 3245 1332 3300 in
1364 3261 1429 3302 eo
1471 3245 1543 3300 sit
1585 3244 1964 3315 antiquitatem
2002 3256 2085 3299 se-

499 3343 675 3400 cutus,
710 3336 853 3406 quod
881 3335 1104 3406 pallium
1135 3337 1297 3409 bysso
1322 3337 1583 3393 candente
1613 3345 1924 3392 contextum
1967 3350 2089 3406 ges-

497 3428 656 3493 serit,
705 3427 1067 3484 conﬁtendum
1095 3438 1199 3495 est,
1236 3437 1481 3485 veterum
1508 3429 1667 3499 pallia
1698 3429 1860 3500 bysso
1881 3427 2088 3497 pariter

497 3520 766 3575 candente
795 3528 1048 3575 contexta
1089 3520 1274 3587 fuisse,
1309 3522 1531 3592 ipsaque
1558 3521 1711 3587 adeo,
1740 3521 1786 3576 si
1812 3519 1959 3591 byssi
1991 3534 2086 3574 no-

494 3610 643 3667 mine
694 3611 1023 3683 intelligatur
1072 3612 1241 3668 linum
1297 3614 1709 3679 tenuissimum,
1766 3621 1825 3668 ut
1881 3613 2116 3668 habent

495 3717 688 3761 omnes
734 3705 1032 3762 dictionum
1083 3707 1429 3778 interpretes,
1481 3707 1622 3762 linea
1671 3705 1933 3773 extitisse,
1976 3721 2084 3760 non

495 3795 674 3852 lanea.
705 3797 859 3864 Quod
910 3801 954 3854 si
1009 3815 1073 3854 eo
1102 3801 1223 3870 quis
1249 3803 1466 3856 nomine
1515 3800 1876 3871 signiﬁcatum
1930 3800 2081 3866 velit,

495 3903 605 3942 non
635 3889 912 3958 quodlibet
931 3891 1127 3957 linum,
1158 3893 1252 3947 sed
1279 3894 1560 3962 byssinum
1588 3892 1735 3957 illud,
1789 3894 1942 3964 cujus
1970 3906 2084 3946 me-

495 3979 656 4033 minit
677 3979 882 4036 Plinius
907 3981 1001 4036 lib.
1036 3981 1101 4037 I9
1151 3982 1412 4048 historitc,
1454 3985 1692 4053 pretiosa
1737 3983 1904 4039 fuisse
1932 3991 2084 4037 vete—

497 4087 617 4125 rum
645 4071 805 4141 pallia
835 4088 1056 4128 necesse
1069 4083 1174 4139 est,
1205 4074 1469 4144 siquidem
1496 4094 1514 4127 ι
1540 4075 1818 4145 quaternis
1845 4073 2081 4128 denariis

495 4161 730 4231 scripula
769 4161 884 4230 ejus
912 4172 1218 4234 permutata
1244 4173 1305 4219 ut
1332 4166 1448 4220 auri
1487 4186 1505 4218 ι
1540 4165 1745 4221 Plinius
1783 4163 1968 4218 tradit.
2014 4161 2083 4217 Et

493 4264 624 4306 vero
651 4251 829 4307 decuit
863 4267 984 4308 esse
1032 4254 1326 4324 pretiosum
1373 4255 1427 4310 id
1456 4255 1778 4320 ornamenti,
1819 4253 1958 4323 quod
1985 4253 2082 4306 im—

492 4350 784 4409 poneretur
824 4343 1080 4411 pretiosis
1101 4345 1363 4410 vestibus,
1400 4347 1598 4416 quibus
1627 4345 1821 4401 summi
1852 4343 2080 4400 Pontiﬁ-

495 4448 588 4488 ces
618 4433 759 4486 inter
788 4449 941 4488 sacra
973 4434 1216 4492 facienda
1245 4447 1547 4492 uterentur.

2111 3181 2158 3246 C

2190 575 2368 644 potius
2397 573 2709 629 Graacorum
2735 585 2890 635 unus,
2914 568 3150 623 Isidorus
3169 565 3466 631 Pelusiota,
3515 567 3580 622 de
3605 567 3774 637 pallio

2189 667 2478 723 Orientalis
2525 664 2779 720 Ecclesia:
2825 660 3117 716 Praesulum
3153 678 3165 713 :
3198 674 3297 736 pro
3340 659 3550 716 Latinis
3597 662 3770 728 enim,

2191 759 2256 814 de
2298 737 2492 827 quibus
2519 755 2756 826 agimus,
2788 768 2894 807 non
2931 751 3088 816 facit,
3125 759 3186 804 ut
3216 757 3402 820 postea
3431 751 3771 806 ostendetur.

2261 849 2323 905 L.
2353 849 2537 918 Neque
2566 845 2779 900 videtur
2820 843 2983 898 etiam
3021 843 3087 897 ab
3122 857 3224 896 usu
3249 829 3530 896 hodierno
3577 840 3774 896 idonea

2189 941 2330 996 ratio
2373 938 2602 1004 desumi,
2653 935 2808 1007 quasi
2841 935 2895 990 id
2940 949 3151 1004 semper
3197 941 3517 1003 usurpatum
3548 935 3653 988 diei
3687 936 3779 989 de-

2188 1031 2330 1096 beat,
2365 1032 2508 1102 quod
2537 1046 2680 1085 nunc
2725 1031 2777 1083 in
2831 1044 2929 1083 usu
2963 1036 3067 1093 est,
3122 1035 3177 1082 et
3215 1027 3530 1098 jamdudum
3569 1026 3688 1092 fuit,
3719 1037 3778 1084 et

2189 1139 2296 1194 quo
2325 1131 2570 1194 tempore
2599 1138 2718 1178 esse
2747 1123 2990 1193 caeperit,
3022 1121 3377 1176 demonstrari
3412 1135 3521 1176 non
3545 1130 3727 1190 potest
3759 1140 3774 1176 :

2190 1229 2316 1269 nam
2342 1213 2494 1269 locus
2528 1211 2750 1268 Joannis
2779 1212 3000 1267 Diaconi
3041 1225 3148 1266 non
3178 1219 3380 1266 temere
3410 1211 3652 1267 creditur
3677 1229 3780 1282 pu-

2191 1321 2356 1377 gnare
2377 1305 2430 1360 in
2465 1305 2821 1371 contrarium,
2853 1312 2908 1360 et
2947 1304 3079 1359 satis
3100 1305 3349 1374 probare,
3394 1314 3520 1359 ante
3555 1314 3774 1360 sextum

2191 1399 2444 1452 satculum
2476 1413 2582 1453 non
2609 1398 2905 1452 obtinuisse
2933 1411 3158 1460 morem,
3189 1397 3280 1465 qui
3306 1411 3449 1450 nunc
3475 1397 3640 1468 viget.

2260 1490 2344 1545 LI.
2397 1490 2582 1560 Neque
2625 1497 3002 1561 argumentum
3052 1504 3083 1543 a
3112 1488 3322 1542 ratione
3356 1487 3586 1557 petitum
3637 1489 3776 1544 satis

2190 1581 2355 1637 habet
2405 1581 2706 1646 momenti,
2760 1589 2821 1634 ut
2871 1579 3144 1635 historica:
3177 1579 3462 1648 quaestioni
3501 1578 3777 1635 solvenda:

2191 1673 2445 1729 sufﬁciat.
2479 1673 2611 1727 Nam
2642 1673 2786 1742 quod
2838 1671 3061 1726 affertur
3087 1672 3152 1726 de
3173 1671 3318 1742 pallii
3366 1671 3508 1726 Ianei
3536 1674 3773 1742 mystica

2191 1765 2601 1837 signiﬁcatione,
2638 1764 2862 1834 perinde
2895 1778 2959 1818 ac
2979 1764 3024 1818 si
3051 1770 3400 1832 repraesentet
3426 1761 3621 1831 pellem
3659 1763 3781 1819 ovis

2117 1830 2166 1889 Β
2192 1830 2503 1930 deperditus,
2536 1830 2698 1928 quam
2721 1859 2899 1914 bonus
2927 1830 3434 1928 pastor'repertam,
3475 1871 3600 1912 cum
3627 1873 3782 1912 erra-

2192 1958 2292 2013 ret,
2325 1949 2670 2018 humerisque
2699 1949 3004 2020 impositam
3033 1958 3276 2020 reportat
3307 1950 3360 2005 in
3389 1950 3550 2015 ovile,
3597 1965 3778 2020 neque

2192 2041 2260 2096 ad
2288 2055 2404 2095 rem
2442 2049 2683 2095 nostram
2714 2049 2817 2106 est,
2855 2046 3030 2110 neque
3068 2041 3246 2110 gravis
3266 2055 3365 2111 per
3391 2055 3450 2096 se
3478 2041 3777 2095 momenti:

2191 2134 2432 2206 mysticae
2483 2134 2628 2189 enim
2671 2133 2813 2188 illius
2857 2132 3266 2204 signiﬁcationis
3308 2140 3467 2188 autor
3512 2132 3778 2198 Isidorus,

2191 2227 2426 2299 primum
2447 2227 2512 2280 de
2535 2223 2889 2280 Orientalium
2907 2222 3070 2294 pallio
3096 2223 3349 2292 loquitur,
3383 2238 3504 2278 cum
3535 2224 3608 2279 sit
3629 2239 3780 2293 qua:-

2189 2319 2295 2376 stio
2315 2320 2380 2375 de
2403 2317 2616 2373 Latino.
2643 2317 2847 2372 Deinde
2875 2331 2940 2371 ea
2966 2317 3116 2382 dicit,
3144 2332 3263 2386 quae
3290 2317 3344 2371 in
3365 2316 3527 2372 alium
3552 2332 3775 2374 sensum

2190 2427 2298 2469 non
2325 2410 2594 2466 violenter
2625 2409 2768 2465 trahi
2798 2417 3021 2479 queunt.
3055 2408 3296 2479 Denique
3321 2409 3554 2464 rationes
3580 2411 3779 2481 mysti-

2189 2519 2282 2560 cas
2305 2512 2418 2558 tam
2444 2502 2623 2558 varias
2650 2502 2786 2557 varii
2827 2500 3222 2572 excogitarunt,
3246 2508 3308 2555 ut
3333 2515 3489 2557 nemo
3518 2515 3624 2557 non
3645 2515 3776 2571 pos-

2188 2597 2259 2652 sit
2287 2596 2466 2666 aliqua
2493 2612 2592 2666 pro
2618 2612 2678 2652 se
2699 2596 2801 2650 uti.

2257 2686 2364 2740 LII.
2398 2686 2504 2742 Sed
2535 2687 2788 2757 quoniam
2846 2686 3036 2741 Isidori
3083 2685 3449 2742 testimonium
3501 2686 3682 2758 magni
3712 2686 3775 2742 ﬁt

2186 2791 2217 2832 a
2245 2777 2660 2842 recentioribus,
2690 2777 2800 2832 imo
2827 2778 3046 2832 unicum
3070 2777 3184 2832 fere
3209 2786 3291 2832 est
3314 2777 3553 2847 vulgaris
3579 2777 3774 2848 przeju-

2186 2868 2312 2924 dicii
2344 2867 2674 2937 praesidium,
2722 2867 2854 2924 illud
2904 2868 3066 2938 paulo
3095 2869 3402 2924 accuratius
3429 2870 3494 2924 ad
3544 2885 3773 2926 examen

2185 2960 2542 3018 revocandum
2556 2967 2659 3026 est,
2677 2959 2786 3014 imo
2807 2968 2918 3015 tota
2938 2960 3164 3030 epistola
3179 2977 3375 3016 cxxxvr
3395 2959 3770 3019 describenda.

2697 3071 2714 3102 ι
2758 3050 3009 3108 Hermino
3062 3052 3272 3109 Comiti.

2264 3165 2284 3199 ς
2314 3145 2587 3214 Quantum
2621 3145 2932 3216 inexplebili
2961 3147 3200 3203 discendi
3231 3149 3525 3220 cupiditate
3553 3148 3765 3221 ﬁagras,

2189 3245 2398 3292 tantum
2427 3250 2526 3309 ego
2577 3237 2644 3292 ad
2673 3252 2758 3303 ea,
2785 3251 2904 3307 qua:
2949 3237 3167 3306 quatris,
3225 3239 3540 3308 explicanda
3593 3254 3774 3310 promo

2184 3338 2309 3401 ptus
2335 3345 2398 3385 ac
2421 3329 2677 3401 proclivis
2707 3343 2823 3384 sum
2855 3346 2870 3396 ;
2901 3329 3185 3384 dummodo
3206 3329 3347 3386 Deus
3383 3332 3634 3400 precibus
3657 3331 3772 3388 tuis

2189 3416 2513 3487 commotus,
2543 3421 2906 3477 inventionem
2935 3419 3066 3474 mihi
3099 3420 3303 3477 caelitus
3331 3425 3610 3478 concedat.

2266 3533 2284 3566 ‹
2306 3513 2553 3570 Linteum
2580 3514 2730 3579 illud,
2759 3527 2881 3568 cum
2907 3527 3012 3581 quo
3039 3512 3257 3566 Diaconi
3287 3511 3342 3567 in
3370 3513 3540 3569 sacris
3567 3523 3775 3585 myste-

2185 3607 2284 3664 riis
2333 3621 2531 3661 munus
2557 3619 2712 3660 suum
2735 3603 2952 3666 obeunt,
2978 3602 3333 3658 humilitatem
3388 3604 3624 3671 Domini,
3675 3607 3772 3676 qui

2186 3697 2573 3768 discipulorum
2611 3694 2776 3765 pedes
2836 3692 2970 3748 lavit
2995 3702 3050 3748 et
3095 3695 3340 3751 extersit.
3385 3695 3542 3751 nobis
3572 3695 3625 3750 in
3655 3711 3773 3752 me-

2183 3789 2414 3844 moriam
2443 3787 2657 3856 redigit.

2257 3901 2277 3935 ι
2295 3881 2351 3935 Id
2378 3887 2558 3935 autem
2579 3877 2889 3943 amiculum,
2918 3877 3058 3946 quod
3089 3876 3351 3932 Sacerdos
3395 3878 3636 3934 humeris
3675 3893 3771 3950 ge-

2181 3981 2311 4037 stat,
2336 3978 2498 4040 atque
2529 3985 2595 4024 ex
2621 3968 2764 4031 lana,
2799 3983 2904 4021 non
2927 3981 2994 4020 ex
3017 3966 3146 4030 lino,
3177 3972 3486 4020 contextum
3517 3977 3615 4030 est,
3645 3971 3764 4026 ovis

2180 4062 2322 4118 illius
2345 4075 2507 4131 quam
2538 4058 2795 4114 Dominus
2811 4057 3148 4110 aberrantem
3175 4055 3439 4124 qutesivit,
3465 4057 3768 4114 inventam-

2180 4169 2285 4224 que
2305 4151 2545 4207 humeris
2575 4147 2690 4204 suis
2712 4147 2946 4213 sustulit,
2959 4147 3151 4217 pellem
3171 4147 3434 4217 designat.
3465 4148 3762 4220 Episcopus

2181 4244 2346 4310 enim,
2375 4244 2468 4314 qui
2497 4241 2698 4298 Christi
2729 4249 2913 4312 typum
2946 4239 3116 4311 gerit,
3141 4238 3308 4310 ipsius
3332 4255 3557 4295 munere
3585 4240 3765 4312 fungi-

2179 4347 2287 4404 tur,
2324 4347 2483 4408 atque
2507 4337 2622 4406 ipso
2655 4335 2816 4391 etiam
2849 4332 3033 4387 habitu
3057 4330 3183 4386 illud
3211 4332 3462 4388 omnibus
3494 4334 3754 4400 ostendit,

2179 4445 2238 4485 se
2264 4430 2390 4485 boni
2419 4429 2560 4484 illius
2587 4443 2650 4482 ac
2673 4425 2851 4497 magni
2880 4423 3110 4493 pastoris
3144 4423 3468 4480 imitatorem
3499 4442 3640 4493 esse,
3666 4427 3760 4497 qui

566 4520 749 4576 XLVI.
785 4522 861 4578 Ex
912 4524 1015 4591 his,
1053 4541 1172 4597 qua:
1210 4529 1470 4584 hactenus
1505 4527 1649 4582 dicta
1678 4535 1823 4592 sunt,
1855 4535 2078 4598 apparet
2101 4557 2154 4617 D
2179 4521 2356 4593 gregis
2386 4520 2730 4574 inﬁrmitates
2766 4517 2867 4617 sibi
2892 4515 3142 4572 ferendas
3175 4517 3477 4617 proposuit.

494 4626 604 4668 non
636 4620 840 4668 temere
866 4617 1032 4685 quaeri
1061 4633 1180 4687 quae
1199 4619 1391 4688 primis
1418 4617 1746 4688 temporibus
1772 4617 1935 4674 fuerit
1963 4633 2077 4672 ma-

494 4702 658 4758 teries
683 4703 988 4773 palliorum,
1017 4710 1212 4777 quibus
1233 4711 1428 4764 summi
1462 4709 1743 4766 Pontiﬁces
1764 4710 2071 4765 utebantur.

491 4792 575 4848 An
617 4794 761 4861 lana,
810 4814 929 4868 quae
973 4799 1332 4855 humilitatem
1382 4800 1660 4869 pastoris?
1690 4816 1758 4854 an
1786 4799 2074 4871 pretiosius

493 4882 768 4953 quiddam,
797 4888 941 4957 quod
965 4888 1281 4959 dignitatem
1313 4888 1670 4945 sacriﬁcantis
1693 4890 1951 4946 deceret?

563 4971 766 5030 XLVII.
817 4975 874 5030 In
912 4987 1161 5032 neutram
1195 4987 1404 5047 partem
1454 4979 1588 5034 solvi
1651 4997 1811 5052 posse
1857 4982 2072 5038 videtur

489 5066 740 5135 quaestio,
769 5067 875 5122 nisi
904 5073 1138 5137 quatudr
1166 5071 1518 5140 argumentis,
1550 5072 1595 5127 si
1623 5089 1909 5129 commune
1934 5091 2071 5144 prte-

481 5154 746 5225 judicinm
775 5157 1034 5226 excipias,
1082 5167 1324 5214 veterum
1355 5176 1546 5232 nempe
1571 5163 1894 5233 scriptorum
1921 5166 2072 5221 testi-

488 5247 690 5310 monio,
717 5248 1005 5304 traditione
1025 5249 1138 5306 sive
1159 5267 1283 5320 usu,
1305 5255 1658 5311 consensione
1678 5257 1956 5326 utriusque
1972 5256 2071 5310 Eo»

487 5334 690 5402 clesize,
705 5349 758 5393 et
774 5341 984 5398 ratione
997 5344 1164 5415 petita
1179 5361 1245 5400 ex
1266 5347 1490 5416 mystica
1507 5347 1642 5402 lanae
1655 5348 2066 5419 signiﬁcatione.

561 5425 788 5484 XLVIII.
843 5433 1043 5490 Verum
1091 5444 1308 5491 autores
1363 5435 1536 5491 Latini
1581 5436 1786 5493 Joanne
1836 5439 2069 5493 Diacono

488 5517 726 5587 majores
754 5523 887 5579 nihil
915 5543 978 5582 ea
1005 5529 1071 5584 de
1097 5545 1174 5593 re,
1213 5527 1356 5598 quod
1384 5528 1572 5592 sciant,
1616 5527 1809 5583 litteris
1837 5529 2071 5584 tradide-

490 5617 617 5663 runt
650 5631 662 5666 :
694 5629 863 5684 quare
900 5620 1104 5673 nullum
1133 5621 1199 5675 ab
1227 5620 1517 5674 autoritate
1547 5631 1674 5689 puto
1705 5620 1864 5690 205
1905 5622 2086 5692 argu-'

487 5712 728 5760 mentum
752 5709 860 5776 peti
889 5717 1083 5778 potest,
1115 5712 1255 5764 unde
1297 5711 1390 5765 ﬁat
1419 5727 1516 5781 pro
1531 5711 1773 5766 Ecclesia
1790 5711 1981 5768 Latina
2010 5713 2064 5768 in

487 5787 802 5870 alterutram
830 5806 1036 5868 partem
1061 5796 1449 5867 prtejudicium.

2259 4632 2277 4663 ε
2313 4612 2390 4669 Ac
2419 4613 2704 4684 diligenter
2734 4610 2972 4664 animum
3005 4608 3262 4665 attende:
3313 4625 3439 4664 nam
3477 4625 3602 4665 cum
3645 4609 3764 4681 ipse

2175 4721 2338 4762 verus
2371 4713 2556 4775 pastor
2587 4719 2684 4773 per
2712 4701 3107 4757 adorandorum
3137 4699 3550 4771 Evangeliorum
3603 4715 3763 4773 aper-

2175 4799 2377 4854 tionem
2406 4797 2635 4862 accedit,
2668 4805 2778 4851 tum
2810 4795 3024 4850 demum
3057 4793 3356 4862 Episcopus
3386 4794 3638 4863 assurgit,
3671 4802 3760 4850 at-

2175 4899 2282 4958 que
2341 4887 2664 4943 imitationis
2708 4885 2954 4941 habitum
3007 4883 3266 4953 deponit:
3323 4882 3449 4937 hinc
3501 4883 3757 4940 nimirum

2173 4984 2460 5040 Dominum
2494 4983 2668 5052 ipsum
2698 4980 2985 5051 pastoralis
3033 4978 3167 5032 artis
3195 4977 3388 5032 ducem
3414 4992 3478 5033 ac
3504 4977 3672 5033 Deum
3700 4988 3756 5036 et

2175 5078 2364 5133 herum
2396 5076 2585 5130 adesse
2615 5071 2941 5143 signiﬁcant.
2974 5091 2992 5122 ›

2245 5167 2408 5236 206
2434 5164 2562 5219 LIII.
2595 5162 3002 5218 Observandum
3028 5161 3224 5232 primo,
3257 5170 3429 5218 totum
3455 5161 3512 5216 in
3542 5174 3609 5218 eo
3633 5175 3756 5218 esse

2171 5258 2459 5321 Isidorum,
2481 5264 2541 5309 ut
2555 5269 2733 5309 rerum
2750 5269 3026 5308 sacrarum
3051 5254 3305 5325 mysticas
3329 5253 3756 5326 signiﬁcationes

2173 5360 2426 5422 exponat,
2457 5365 2564 5420 quo
2593 5357 2911 5420 argumento
2956 5347 3158 5403 nullum
3207 5357 3293 5404 est
3323 5348 3547 5403 vanitati
3574 5347 3754 5414 conic-

2169 5457 2446 5501 cturarum
2467 5440 2840 5514 opportunius.
2866 5441 3070 5497 Deinde
3097 5442 3364 5498 Isidorum
3410 5443 3478 5496 ab
3505 5441 3754 5497 Hirmino

2169 5536 2379 5592 Comite
2439 5524 2704 5605 rogatum,
2768 5533 2899 5604 quid
2950 5533 3193 5605 mysterii
3245 5531 3610 5604 signiﬁcaret,
3665 5532 3749 5587 vei

2168 5625 2422 5691 linteum,
2478 5615 2910 5696 quod'Diaconi,
2941 5625 3024 5679 vel
3073 5625 3548 5695 superhumerale,
3603 5624 3748 5694 quo:l

2170 5717 2440 5787 Episcopi,
2474 5717 2527 5771 in
2558 5718 2728 5772 sacris
2755 5716 3027 5787 mysteriis
3063 5715 3303 5783 ferrent;
3335 5717 3402 5772 de
3429 5716 3596 5772 linteo
3623 5715 3746 5770 Dia-

2173 5817 2428 5862 conorum
2462 5805 2515 5862 id
2540 5807 2905 5878 respondisse,
2933 5807 3076 5891 quod
3103 5807 3192 5863 vix
3225 5807 3479 5891 probetur
3503 5823 3533 5864 a
3560 5819 3752 5891 rerum»
3831 5838 3848 5850 ο
