4062 6440
253 470 348 528 177

1221 461 1829 522 DlSSERTATIONES.
1869 491 1940 504 —
1975 461 2429 521 DISSERTAT‘IO
2461 463 2550 522 Ill.

3405 471 3505 527 I78

251 591 525 635 sacrarum
553 563 989 647 disquisitoribus
1027 587 1041 628 :
1075 574 1152 630 ait
1181 574 1324 630 enim
1343 615 1358 640 ,
1405 589 1470 630 eo
1493 575 1736 630 revocari
1773 572 1826 628 in
1851 573 1907 635 Α
1999 576 2173 632 LVIII.
2212 577 2452 633 Alterum
2471 619 2484 643 ,
2510 576 2730 649 pallium
2761 577 2866 632 dici
2895 578 3268 650 plenitudinem
3292 590 3338 636 et
3362 601 3506 638 com-

248 668 562 724 memoriam
589 667 944 722 humilitatem
973 664 1194 730 Christi,
1227 665 1613 734 discipulorum
1659 667 1822 734 pedes

248 760 476 816 Iavantis
506 767 562 814 et
590 759 868 831 tergentis.
931 757 1000 811 At
1039 772 1221 812 rerum
1272 756 1532 825 ejusmodi
1559 759 1823 828 interpre-

248 861 328 908 tes
361 852 522 906 aliter
555 851 808 916 sentiunt,
839 850 985 918 iique
1011 849 1339 920 probabilius
1363 850 1456 920 qui
1503 849 1818 919 simplicius,

248 945 454 1000 scilicet
472 943 892 999 ministrantium
910 957 1111 997 mensae
1130 941 1350 1013 vulgare
1368 941 1422 995 id
1446 941 1659 1012 signum
1679 955 1817 995 esse.

247 1037 487 1106 Denique
532 1035 700 1091 nihilo
725 1033 1056 1104 probabilius
1101 1047 1242 1097 esse,
1275 1033 1415 1102 quod
1467 1033 1532 1086 de
1560 1031 1822 1104 superbu-

245 1129 431 1184 merali
456 1129 840 1198 Episcoporum
863 1134 1277 1192 commentatur,
1295 1125 1341 1180 si
1367 1133 1546 1180 tamen
1568 1125 1823 1195 superbu-

245 1222 464 1277 meralis
505 1222 721 1275 nomine
759 1221 1087 1291 intelligatur
1126 1220 1201 1285 id,
1237 1219 1380 1288 quod
1429 1219 1482 1273 in
1520 1219 1624 1272 hac
1675 1233 1822 1287 qua:-

245 1313 420 1368 stione
447 1312 667 1382 pallium
694 1319 938 1368 vocatur.

313 1405 444 1462 LIV.
497 1406 621 1460 Ilaec
650 1421 772 1460 cum
803 1406 878 1459 ita
930 1405 1083 1468 sint,
1125 1418 1232 1458 non
1279 1402 1434 1457 video
1463 1417 1566 1472 qua
1613 1402 1821 1459 ratione

241 1498 412 1569 possit
447 1504 737 1567 perpetuus
766 1496 854 1550 ille
876 1495 1017 1550 lanei
1046 1494 1194 1565 pallii
1225 1509 1354 1548 usus
1379 1493 1435 1546 in
1464 1491 1702 1546 Ecclesia
1720 1491 1824 1546 La-

245 1590 354 1643 tina
382 1588 594 1644 defendi
632 1608 644 1641 :
676 1588 842 1642 nolim
892 1595 1072 1640 tamen
1111 1585 1438 1656 opinionem,
1467 1598 1587 1654 quae
1616 1582 1823 1653 longin-

241 1696 351 1753 qua
377 1679 561 1735 decem
592 1679 910 1735 seeculorum
937 1685 1116 1742 aetate,
1161 1683 1216 1730 et
1254 1690 1360 1728 non
1386 1672 1644 1727 mediocri
1672 1681 1822 1726 auto-

241 1787 360 1826 rum
393 1770 736 1824 multitudine
781 1768 1150 1832 conﬁrmatur,
1204 1781 1313 1819 non
1347 1763 1508 1818 modo
1556 1777 1664 1817 non
1696 1778 1822 1818 con-

237 1861 458 1924 vellere,
490 1861 584 1915 sed
614 1875 683 1914 ne
732 1859 1054 1912 labefactare
1084 1856 1321 1926 quidem.
1356 1853 1652 1922 Quominus
1676 1854 1822 1926 enim

1923 671 2234 741 plementum
2250 673 2536 743 potestatis,
2546 671 2859 742 plenissima!
2869 675 3135 744 potestatis
3149 675 3507 746 signum,insi-

1923 780 2021 833 gne
2035 765 2256 830 decoris,
2272 772 2348 830 et,
2363 765 2406 819 si
2428 766 2700 820 credimus
2721 767 3011 833 nonnullis,
3037 767 3333 840 lmperialis
3351 769 3505 841 pallii

1924 873 1957 908 a
1975 853 2315 911 Constantino
2339 856 2660 929 Imperatore
2680 859 2792 911 dati
2814 857 3078 928 Sylvestro
3103 877 3196 915 ora
3223 869 3271 915 et
3296 861 3499 916 instita.

1924 944 2054 1012 Quis
2075 961 2205 1002 vero
2233 949 2418 1004 credat
2445 949 2560 1004 haec
2579 948 2749 1004 lanea:
2777 950 2948 1004 taeniae
2967 943 3294 1005 convenire?

1991 1036 2128 1092 LIX.
2166 1036 2470 1110 Antequam
2506 1039 2812 1110 imponatur
2843 1039 2965 1095 ﬁnis
2999 1041 3125 1095 huic
3154 1040 3505 1097 Dissertatio-

1922 1131 1999 1196 ni,
2032 1130 2286 1186 solvenda
2315 1132 2563 1201 quaestio,
2597 1133 2749 1203 cujus
2774 1133 3114 1190 occasionem
3140 1135 3345 1203 praebet
3367 1134 3505 1190 Grc~

1923 1224 2104 1295 gorius
2143 1222 2385 1293 Magnus,
2435 1225 2794 1293 praescribens
2834 1225 3135 1281 Mariniano
3173 1225 3505 1292 Ravennati,

1923 1315 2193 1387 quomodo
2216 1315 2436 1369 deberet
2459 1315 2537 1368 uti
2566 1315 2750 1385 pallio,
2781 1316 3046 1387 siquidem
3075 1318 3368 1374 secundum
3391 1317 3506 1372 edi-

1926 1408 2124 1462 tionem
2172 1415 2501 1476 postremam
2542 1405 2908 1463 Conciliorum
2957 1409 3073 1464 haec
3114 1409 3278 1464 habet
3319 1427 3331 1462 :
3386 1407 3504 1474 Quo

1923 1513 2025 1550 non
2056 1495 2208 1549 aliter
2233 1505 2280 1549 te
2305 1496 2385 1549 uti
2426 1496 2722 1550 memineris
2741 1537 2756 1561 ,
2796 1498 2898 1551 nisi
2927 1499 2981 1552 in
3007 1499 3220 1568 propria
3247 1507 3350 1552 tute
3376 1497 3504 1558 civie

1924 1589 2069 1652 tatis,
2097 1587 2328 1640 dimissis
2350 1587 2467 1656 jam
2494 1585 2640 1655 ﬁliis,
2685 1586 2943 1654 Ecclesia,
2989 1590 3270 1659 procedens
3303 1607 3336 1643 a
3361 1587 3505 1642 salu-

1923 1679 2113 1732 tatorio
2140 1677 2209 1732 ad
2233 1694 2384 1730 sacra
2412 1675 2697 1732 Missarum
2723 1677 2975 1733 solemnia
3000 1679 3309 1734 celebranda
3333 1697 3352 1734 :
3388 1697 3508 1750 per-

1923 1771 2054 1823 actis
2080 1786 2195 1823 vero
2226 1768 2427 1835 Missis,
2450 1769 2588 1824 idem
2621 1771 2674 1824 in
2700 1769 3011 1826 salutatorio
3046 1787 3256 1826 rursum
3295 1771 3506 1828 curabis

1923 1859 2198 1928 deponere.
2339 1869 2342 1872 '

238 1954 292 2008 in
319 1961 502 2022 partes
531 1951 756 2007 Joannis
793 1950 1015 2005 Diaconi
1050 1949 1205 2019 plane
1248 1949 1562 2012 concedam,
1585 1947 1822 2001 retinent
1848 1944 1896 2002 B
1993 1948 2106 2004 LX.
2147 1949 2472 2018 Priusquam
2499 1959 2835 2021 proponatur
2859 1949 3118 2020 quaestio,
3166 1949 3505 2005 emendanda

236 2060 326 2099 me
368 2044 549 2098 adhuc
582 2042 970 2110 aliquantulum
1001 2041 1105 2093 tria
1135 2054 1150 2092 :
1175 2054 1304 2093 usus
1332 2054 1362 2091 a
1391 2037 1603 2093 saeculis
1633 2038 1819 2093 decem

235 2137 565 2200 continuus;
592 2133 881 2189 difﬁcultas
928 2133 1264 2197 ostendendi,
1295 2146 1402 2201 quo
1448 2139 1687 2202 tempore
1712 2144 1821 2186 cm-

235 2229 396 2299 perit,
424 2235 478 2280 et
505 2243 611 2296 qua
636 2227 701 2281 de
736 2240 897 2280 causa
921 2242 936 2290 ;
971 2225 1258 2280 multitudo
1283 2233 1522 2294 aetasque
1551 2223 1818 2279 Antorum

232 2333 333 2389 pro
355 2319 510 2374 lanea
538 2317 764 2372 materie
787 2317 1258 2372 consentientium.

304 2409 417 2464 LV.
433 2408 766 2478 Quamquam
782 2408 944 2462 trium
965 2407 1225 2476 ejusmodi
1240 2414 1688 2479 argumentorum
1706 2420 1818 2461 vim

233 2499 460 2568 infringi
501 2514 658 2570 posse
686 2499 844 2554 video
876 2519 888 2552 :
927 2515 1052 2553 nam
1082 2499 1371 2554 multitudo
1397 2499 1659 2553 Autorum
1711 2513 1820 2553 non

231 2592 583 2646 vehementer
615 2598 795 2660 urget,
830 2606 952 2645 cum
976 2590 1217 2645 universi
1257 2591 1349 2659 qui
1389 2590 1596 2645 laudari
1648 2590 1821 2646 solent

231 2681 570 2750 scripserint,
611 2682 738 2750 quid
777 2688 1135 2750 usurparetur
1180 2681 1292 2735 suis
1321 2679 1672 2750 temporibus,
1711 2694 1817 2734 non

231 2771 366 2842 quid
392 2771 654 2840 pristinis.
701 2770 801 2838 Qui
834 2770 997 2826 enim
1023 2786 1110 2826 res
1159 2769 1462 2840 Liturgicas
1502 2769 1815 2839 attigerunt,

233 2863 436 2934 partim
461 2870 675 2918 veteres
702 2871 848 2928 sunt,
878 2854 1073 2932 partim
1097 2861 1448 2916 recentiores.
1477 2857 1558 2912 Illi
1594 2866 1732 2912 totos
1757 2872 1816 2912 se

231 2953 495 3009 dederunt
541 2954 813 3024 mysteriis
860 2952 1227 3023 excogitandis
1266 2958 1321 3006 et
1363 2948 1696 3020 pandendis;
1755 2947 1813 3003 lii

229 3045 504 3099 veteribus
548 3045 912 3109 adhaeserunt,
941 3045 1054 3097 sine
1080 3043 1187 3098 ullo
1215 3042 1511 3098 curiosiore
1539 3041 1811 3095 examine.

302 3137 506 3191 Deinde
551 3153 707 3192 usum
735 3138 876 3192 lanci
903 3137 1046 3208 pallii
1078 3137 1366 3206 incoepisse
1419 3135 1640 3190 circiter
1662 3134 1815 3190 initia

230 3227 360 3282 noui
386 3227 586 3292 srcculi,
615 3243 682 3281 ex
723 3226 928 3282 Joanne
980 3227 1218 3282 Diacono
1262 3242 1367 3281 non
1418 3227 1647 3282 obscure
1693 3226 1815 3296 quis

1922 2047 2006 2094 est
2028 2054 2221 2093 vocum
2248 2039 2550 2108 dispositio,
2574 2055 2692 2110 quae
2715 2041 3031 2110 perturbata
3058 2048 3144 2096 est
3167 2058 3180 2094 :
3205 2040 3335 2110 quid
3357 2040 3506 2096 enim

1921 2131 2021 2187 sibi
2046 2131 2160 2185 vult
2197 2131 2299 2186 ista
2335 2133 2586 2202 phrasis,
2629 2133 2859 2187 dimissis
2889 2133 3008 2203 jam
3053 2132 3202 2201 ﬁliis,
3246 2131 3504 2196 Ecclesia,

1921 2224 2065 2280 etc.?
2096 2223 2234 2280 Sunt
2264 2225 2357 2294 qui
2380 2225 2579 2294 legant,
2611 2225 2712 2279 nisi
2745 2227 2800 2278 in
2825 2226 3036 2296 propria
3062 2234 3153 2279 tua
3176 2225 3402 2288 civitate,
3429 2222 3508 2277 di-

1918 2317 2090 2372 missis
2121 2319 2238 2388 jam
2273 2317 2397 2386 ﬁliis
2422 2317 2672 2372 Ecclesite
2694 2359 2708 2382 ,
2739 2326 2843 2373 etc.
2889 2317 3016 2373 Haec
3049 2318 3215 2372 etiam
3247 2317 3407 2373 lectio
3426 2315 3506 2370 vi-

1919 2406 2058 2462 tiosa
2083 2415 2168 2462 est
2201 2423 2216 2460 :
2263 2422 2368 2461 non
2401 2407 2637 2461 cohaeret
2671 2406 2814 2461 enim
2858 2421 2982 2461 cum
3028 2405 3396 2475 sequentibus,
3426 2403 3504 2459 si-

1919 2498 2139 2569 quidem
2169 2499 2562 2564 salutatorium,
2595 2498 2747 2568 cujus
2766 2498 2970 2554 mentio
2996 2498 3088 2562 ﬁt,
3112 2513 3218 2553 non
3246 2497 3502 2562 civitatis,

1921 2589 2017 2644 sed
2040 2589 2294 2644 Ecclesiae
2316 2605 2444 2659 pars
2473 2597 2575 2643 est.
2599 2588 2910 2644 Restituere
2936 2589 3063 2644 licet
3086 2605 3152 2643 ex
3174 2588 3266 2643 lib.
3284 2604 3338 2644 ιν
3365 2589 3505 2644 Vita:

1921 2680 2188 2752 Gregorii,
2215 2696 2335 2749 cap.
2365 2680 2418 2745 5,
2460 2681 2553 2735 ubi
2582 2689 2750 2736 totam
2778 2681 3024 2752 Gregorii
3055 2681 3122 2735 ad
3147 2680 3506 2736 Marinianum

1919 2769 2203 2839 epistolam
2227 2765 2464 2824 Joannes
2491 2769 2763 2825 Diaconus
2785 2769 2972 2835 refert,
3006 2770 3274 2842 legitque,
3307 2771 3408 2824 nisi
3448 2770 3505 2824 in

1917 2861 2131 2930 propria
2183 2868 2289 2913 tute
2335 2859 2562 2914 civitatis
2613 2859 2868 2928 Ecclesia,
2918 2861 3148 2916 dimissis
3189 2861 3308 2930 jam
3351 2845 3504 2930 ﬁliis,

1916 2951 2220 3020 procedens,
2251 2959 2358 3007 etc.

1988 3042 2124 3096 LXI.
2163 3041 2452 3110 Quaeritur,
2486 3043 2578 3112 qui
2614 3043 2723 3097 sint
2758 3042 2836 3097 illi
2870 3042 2962 3098 ﬁlii
2982 3083 2997 3106 ,
3030 3042 3224 3112 quibus
3244 3040 3502 3109 dimissis,

1915 3133 2164 3203 procedit
2200 3149 2232 3188 a
2266 3133 2588 3189 salutatorio
2612 3134 2678 3188 ad
2709 3134 2881 3188 altare
2908 3133 3162 3204 palliatus
3181 3133 3500 3203 Episcopus.

1919 3224 2014 3279 Vir
2038 3224 2284 3280 eruditus
2307 3225 2560 3295 opinatur
2575 3224 2741 3280 fuisse
2769 3225 2956 3291 laicos,
2979 3225 3071 3296 qui
3093 3224 3315 3280 honoris
3335 3238 3504 3280 causa

229 3317 484 3386 conjiciat
509 3337 520 3371 :
547 3319 759 3372 videtur
782 3319 925 3372 enim
961 3317 1152 3372 fecisse
1177 3317 1380 3387 byssini
1409 3317 1556 3386 pallii
1611 3315 1814 3386 Grego-
1839 3297 1886 3360 ο
1917 3316 2206 3371 salutatum
2236 3317 2481 3372 venirent
2509 3316 2830 3388 Episcopum
2851 3358 2865 3382 ,
2899 3319 3042 3373 unde
3080 3326 3134 3372 et
3158 3316 3503 3386 locoifactum

231 3408 373 3462 riani
403 3408 747 3473 mentionem,
774 3416 829 3462 et
859 3408 1018 3462 simul
1044 3408 1423 3476 antiquitatem
1450 3407 1555 3460 viri
1601 3407 1815 3462 laudas-

230 3514 308 3563 se,
335 3514 442 3568 quo
471 3499 632 3552 tacite
680 3499 973 3553 novitatem
1028 3497 1139 3551 suis
1167 3496 1462 3565 aequalibus
1505 3495 1766 3562 ohjiceret
1797 3514 1809 3548 :

230 3606 335 3660 qua
360 3591 504 3643 enim
539 3589 642 3642 alia
671 3590 736 3643 de
757 3605 920 3643 causa
951 3596 1241 3656 utrumque
1268 3587 1644 3656 praestitisset?

293 3681 424 3735 Jam
461 3681 604 3748 quod
630 3695 692 3732 ex
725 3691 964 3749 tempore
988 3680 1302 3732 mutationis
1338 3679 1659 3731 remanserit
1690 3692 1815 3746 per-

228 3782 429 3845 petuus
458 3770 592 3823 lanm
621 3785 770 3832 usus,
819 3769 872 3822 id
915 3785 1014 3839 ego
1043 3768 1386 3823 tribuendum
1411 3777 1540 3836 puto
1576 3782 1817 3822 ceremo-

229 3866 356 3928 niis,
410 3862 608 3931 quibus
634 3869 858 3929 propter
901 3859 1201 3930 analogiam
1246 3859 1515 3922 nominis,
1566 3858 1816 3912 anniver-

230 3953 374 4010 saria
423 3951 737 4006 celebritate
786 3954 924 4003 bona
958 3965 1090 4019 gens
1146 3949 1271 4002 noni
1300 3947 1478 4001 saeculi
1526 3946 1719 4016 virgini
1741 3947 1814 4001 Α-

229 4045 378 4114 gneti
408 4042 602 4097 oﬁ‘erre
640 4042 807 4110 coepit
833 4055 1020 4110 agnos,
1057 4053 1285 4113 quorum
1313 4053 1380 4091 ex
1411 4037 1532 4092 lana
1574 4036 1811 4091 conﬁce-

229 4144 420 4190 rentur
485 4133 644 4202 pallia
677 4150 689 4185 :
723 4131 862 4185 nihl!
897 4130 1041 4183 enim
1089 4129 1448 4194 constantius,
1479 4143 1640 4197 quam
1666 4129 1812 4198 quod

228 4223 561 4281 solemnibus
580 4221 840 4290 ejusmodi
866 4221 1187 4276 ceremoniis
1211 4220 1494 4274 addicitur.

296 4313 433 4368 LVI.
467 4313 536 4368 Ut
559 4315 701 4366 hunc
729 4311 843 4366 fere
872 4311 926 4364 in
955 4311 1173 4364 modum
1212 4325 1330 4378 qua:
1368 4309 1478 4361 dixi
1507 4309 1630 4372 tria,
1661 4307 1812 4361 inﬁr-

224 4404 367 4459 mari
398 4403 628 4472 possint,
685 4401 926 4456 sustineo
967 4409 1146 4454 tamen
1184 4397 1470 4467 judicium,
1526 4405 1813 4452 contentus

221 4492 574 4563 proposuisse
590 4490 815 4545 eruditis
832 4490 1182 4558 quaistionem
1213 4501 1335 4541 cum
1364 4487 1523 4556 207
1555 4486 1669 4541 suis
1698 4501 1814 4539 mo-

222 4583 429 4638 mentis
456 4601 469 4635 :
504 4582 680 4636 ferant
705 4582 780 4636 illi
807 4582 1150 4644 sententiam,
1181 4595 1342 4649 quam
1372 4579 1566 4632 rationi
1617 4593 1811 4633 conve-

221 4673 549 4729 nientiorem
575 4673 834 4742 putarint,
859 4670 951 4725 sed
977 4680 1098 4740 post
1119 4670 1376 4725 attentius
1397 4684 1660 4739 perpensa
1682 4671 1806 4725 duo.

295 4765 452 4820 LVII.
504 4764 746 4818 Alterum
827 4762 1148 4832 Gregorium
1202 4761 1451 4831 Magnum
1498 4761 1636 4814 lanae
1673 4777 1811 4815 nun-

222 4874 389 4930 quam
437 4856 773 4920 meminisse,
816 4870 938 4909 cum
971 4855 1036 4909 de
1082 4853 1244 4924 pallio
1292 4851 1554 4906 scriberet
1602 4852 1668 4906 ad
1692 4867 1805 4916 eos,

219 4951 422 5020 quibus
449 4949 699 5002 mittebat
732 4966 743 5000 :
795 4945 1128 5001 meminisset
1152 4953 1361 5008 ‘tamen
1409 4943 1610 5011 absque
1647 4943 1808 4998 dubio

217 5042 267 5096 si
293 5057 392 5110 per
415 5042 701 5095 veritatem
722 5038 983 5092 licuisset.
1017 5035 1088 5090 Ut
1117 5037 1262 5090 enim
1289 5041 1406 5088 erat
1430 5034 1807 5104 allegoriarum

215 5133 611 5190 incredibiliter
643 5148 851 5196 amans,
903 5148 971 5186 ex
1015 5131 1242 5186 materia
1292 5129 1439 5200 pallii
1491 5129 1808 5199 sumpsisset

213 5234 602 5294 argumentum
634 5224 988 5293 praedicanda:
1033 5222 1373 5286 humilitatis,
1411 5222 1476 5276 ad
1501 5235 1663 5290 quam
1693 5227 1809 5273 tan—

214 5326 410 5384 topere
435 5314 598 5383 pallio
628 5315 853 5368 donatos
880 5314 1242 5376 hortabatur;
1306 5329 1412 5368 non
1457 5311 1684 5380 sumpsit
1726 5318 1809 5364 ta-

209 5422 365 5470 men,
400 5421 522 5459 cum
561 5404 1076 5476 Opportunissimum
1113 5401 1267 5465 foret,
1316 5411 1370 5455 et
1397 5411 1526 5457 tunc
1573 5405 1810 5460 maxime

207 5511 339 5552 cum
385 5495 622 5549 Maximo
653 5495 966 5549 Salonitano
992 5493 1216 5563 pallium
1261 5493 1519 5548 mitteret.
1571 5494 1807 5550 Pallium

207 5588 286 5642 ad
315 5605 474 5641 sacra
501 5587 787 5641 Missurum
813 5586 1067 5640 solemnia
1095 5585 1344 5639 utendum
1366 5602 1431 5640 ex
1458 5603 1600 5642 more
1629 5597 1803 5643 trans-

206 5680 480 5744 misimus,
506 5679 656 5748 cujus
683 5696 770 5733 vos
798 5661 1034 5734 volumus
1059 5694 1152 5748 per
1187 5678 1364 5731 omnia
1391 5679 1599 5749 genium
1624 5682 1802 5736 vendi-

206 5785 337 5823 care
360 5787 379 5824 :
419 5770 582 5839 hujus
626 5771 763 5826 enim
804 5770 1094 5826 indumenti
1126 5771 1293 5825 honor
1331 5769 1597 5828 humilitas
1645 5783 1801 5848 atque

114 5895 124 5941 ι,
203 5862 446 5932 iustitia,
483 5870 588 5919 etc.

1917 3407 2220 3462 salutatorii
2265 3423 2496 3471 nomen,
2556 3422 2787 3478 quorum
2829 3408 2885 3462 in
2937 3415 3230 3479 conspectu
3281 3407 3505 3478 pallium

1918 3497 2216 3568 EpiSCOpus
2246 3500 2530 3554 vetabatur
2559 3515 2805 3567 sumere,
2843 3500 2941 3556 sed
2970 3516 3092 3556 cum
3111 3541 3127 3565 ,
3155 3501 3287 3572 ipsis
3315 3499 3506 3555 dimis-

1919 3588 2014 3653 sis,
2043 3588 2191 3642 solus
2212 3597 2519 3644 remaneret
2543 3589 2751 3646 Clerus.

1987 3676 2148 3730 LXII.
2193 3677 2514 3747 Opinionem
2534 3680 2733 3734 eruditi
2756 3679 2858 3734 viri
2893 3681 3219 3735 conﬁrmant
3239 3679 3360 3734 tria.
3389 3677 3508 3734 Pri-

1919 3783 2088 3835 mum,
2119 3769 2263 3840 quod
2286 3769 2353 3824 de
2382 3768 2576 3825 Proclo
2604 3771 2833 3842 legimus
2854 3772 2995 3840 apud
3021 3771 3301 3826 Socratem
3326 3771 3420 3827 lib.
3450 3770 3504 3838 7,

1917 3872 2038 3928 cap.
2062 3858 2151 3923 47,
2183 3873 2306 3913 eum
2330 3874 2394 3914 ex
2431 3860 2788 3928 primoribus,
2833 3861 2923 3932 qui
2949 3871 3073 3916 ante
3101 3862 3387 3918 Missarum
3412 3876 3504 3917 so-

1915 3947 2112 4003 lemnia
2141 3949 2392 4020 EpiSCOpi
2423 3951 2689 4006 salutandi
2725 3967 2887 4008 causa
2926 3954 2992 4007 de
3031 3968 3183 4008 more
3219 3960 3507 4019 venerant,

1916 4039 2387 4108 comprehendisse
2411 4040 3224 4114 Thalassium,Episcopumque
3244 4042 3509 4098 Caesareae

1915 4129 2266 4200 Cappadociae
2289 4132 2454 4202 208
2472 4148 2539 4186 ex
2568 4132 2832 4188 Praefecto
2861 4133 3059 4205 Illyrici
3081 4135 3380 4190 ordinasse.
3407 4134 3505 4189 Al-

1915 4230 2111 4285 terum,
2137 4223 2278 4290 quod
2302 4223 2423 4277 laici
2446 4223 2686 4278 solerent
2715 4225 2976 4278 Ecclesiae
2999 4224 3096 4278 ﬁlii
3127 4224 3252 4278 dici.
3292 4225 3510 4280 Postre-

1915 4327 2062 4367 mum
2087 4353 2101 4377 ,
2152 4311 2294 4380 quod
2345 4311 2642 4382 Gregorius
2691 4329 2757 4367 eo
2800 4313 2903 4368 loci
2961 4313 3122 4369 vellet
3153 4329 3311 4370 usum
3336 4314 3507 4384 pallii,

1914 4419 2075 4474 quem
2103 4403 2401 4457 insolenter
2431 4401 2669 4457 Joannes
2699 4402 2987 4458 Mariniani
3031 4404 3284 4460 decessor
3319 4413 3509 4462 exten-

1917 4495 2089 4557 derat,
2114 4508 2278 4562 quam
2307 4493 2544 4547 maxime
2569 4495 2914 4564 restringere.

1986 4583 2083 4638 Vir
2113 4583 2253 4636 alter
2283 4583 2526 4637 eruditus
2547 4584 2732 4648 sentit,
2752 4584 2988 4640 ﬁliorum
3008 4584 3264 4642 Ecclesia:
3284 4587 3509 4647 nomine

1918 4673 2140 4745 intelligi
2184 4689 2343 4744 posse
2391 4673 2648 4740 Clericos,
2709 4676 2905 4745 quibus
2946 4691 3013 4731 ex
3051 4676 3370 4735 salutatorio
3391 4676 3508 4748 jam

1917 4764 2184 4834 egressis,
2215 4763 2433 4833 pallium
2479 4772 2715 4819 sumeret
2753 4764 3023 4834 Pontifex,
3075 4776 3130 4822 et
3166 4771 3504 4838 procederet.

1917 4854 2076 4908 Istam
2107 4870 2321 4924 quoque
2349 4855 2714 4924 conjecturam
2742 4855 2981 4924 adjuvat,
3023 4858 3166 4928 quod
3194 4860 3248 4914 in
3270 4861 3375 4918 hoc
3398 4878 3502 4917 no-

1917 4955 2029 5002 stro
2059 4948 2263 5000 Diurno
2291 4947 2487 5002 summi
2537 4947 2828 5003 Pontiﬁces
2859 4949 3092 5005 ﬁliorum
3132 4951 3350 5007 nomine
3385 4950 3506 5007 Cle-

1916 5037 2058 5091 ricos
2088 5037 2441 5106 compellent,
2487 5037 2541 5091 in
2587 5039 2823 5095 secunda
2868 5048 2925 5095 et
2951 5041 3109 5096 tertia
3143 5042 3267 5098 ﬁdei
3292 5040 3502 5112 profes-

1915 5141 2086 5181 διοηθ.

1982 5215 2285 5276 Probabilis
2306 5227 2408 5283 est,
2452 5217 2643 5286 fateor,
2674 5222 2941 5292 doctaque
2967 5224 3085 5278 haec
3113 5229 3342 5290 utraque
3364 5235 3497 5278 con-

1907 5309 2121 5379 jectura
2169 5327 2181 5362 :
2227 5324 2414 5363 verum
2463 5311 2760 5384 simplicius
2807 5313 3064 5383 quiddam
3113 5309 3294 5367 afferri
3335 5327 3496 5384 posse

1907 5411 2038 5473 puto
2061 5442 2075 5466 ,
2114 5401 2349 5457 filiorum
2383 5418 2575 5473 nempe
2603 5406 2818 5460 nomine
2844 5402 3169 5472 appellatam
3198 5403 3497 5466 Cantorum

1913 5495 2162 5552 Scholam
2182 5539 2195 5562 ,
2251 5513 2370 5568 quae
2417 5497 2420 5499 Α
2457 5515 2579 5553 cum
2609 5499 2927 5568 procederet
2955 5496 3022 5550 ad
3049 5497 3219 5556 altare
3242 5500 3497 5564 Pontifex

1908 5603 2062 5642 sacra
2096 5587 2360 5654 facturus,
2385 5590 2541 5659 signo
2561 5589 2689 5642 dato
2715 5586 3088 5644 dimittebatur
3130 5606 3198 5646 ex
3235 5593 3496 5651 salutato-

1906 5683 2010 5748 rio,
2054 5684 2386 5755 praeibatque
2412 5699 2478 5739 eo
2509 5682 2699 5746 modo‘,
2748 5683 2841 5753 qui
2874 5681 3272 5744 describiturin
3295 5701 3495 5759 appen-

1905 5771 2023 5830 dice
2060 5775 2128 5831 ad
2173 5771 2667 5830 Sacramentarium
2699 5770 2757 5827 S.
2795 5773 3044 5848 Gregorii
3074 5792 3201 5850 pag.
3234 5777 3335 5835 261
3373 5779 3495 5834 edi-

1905 5862 2069 5923 tionis
2097 5863 2289 5921 Domni
2319 5861 2557 5935 Hugonis
2595 5860 2854 5923 Memrdi.
