4062 6450
534 472 637 553 17's

1937 483 2117 544 unm
2152 453 2392 568 plnum

3685 483 3792 540 i80

1576 618 2716 770 SUPPLEMENTUM
3173 785 3176 789 ι

1064 853 1340 935 LIBRI
1419 847 1790 929 DIUBNI
1864 836 2515 922 ROMANOBUM
2589 832 3271 920 PONTIFICUM.

1308 985 1472 1050 [Apud
1495 981 1762 1045 Ilabillon.,
1786 977 2009 1034 Museum
2030 971 2272 1031 italicum,
2297 977 2416 1024 tom.
2438 971 2481 1037 Ι,
2509 979 2647 1036 parte
2669 987 2720 1036 n,
2746 985 2857 1038 pag.
2879 971 2982 1039 32.]

707 1145 709 1147 ι
808 1168 1128 1241 Responsum
1157 1148 1226 1220 ad
1261 1164 1556 1236 petitionem
1586 1157 1831 1231 episcopi.
2112 1131 2193 1193 Ἀ
2221 1237 2228 1244 ἱ

1135 1255 1236 1326 (Ad
1257 1269 1381 1326 pag.
1413 1252 1528 1324 97.)

610 1353 916 1418 Basilicam,
952 1363 1112 1420 quam
1145 1347 1358 1403 dilectio
1395 1355 1483 1400 tua
1534 1344 1588 1398 in
1629 1343 1888 1398 honorem
1939 1329 2115 1395 sancti

541 1437 618 1506 ill.
656 1463 686 1502 a
715 1453 768 1501 te
804 1442 1039 1515 suggerit
1075 1452 1194 1495 esse
1245 1437 1573 1510 perfectam,
1621 1431 1973 1489 consecrandi
2017 1427 2117 1512 tibi

543 1556 638 1612 per
667 1533 1041 1611 praeceptionis
1096 1537 1297 1586 nostra:
1340 1528 1533 1584 seriem
1565 1516 1872 1579 facultatem
1901 1520 2117 1577 noveris

542 1630 855 1687 attributam
882 1644 895 1680 :
929 1631 1198 1696 quatenus
1223 1662 1237 1687 ,
1289 1620 1455 1674 frater
1484 1617 1819 1679 cbarissime,
1841 1613 1981 1669 facta
2009 1614 2120 1684 pri-

543 1723 706 1780 mitus
742 1719 1047 1782 donatione,
1087 1729 1206 1785 quae
1239 1712 1492 1784 petitorio
1538 1718 1752 1766 tenetur
1777 1709 2006 1772 adnexa,
2033 1723 2122 1762 vo-

543 1821 720 1869 torum
753 1807 1057 1866 devotionis
1086 1813 1190 1859 tuae
1219 1802 1547 1858 desiderium
1573 1799 1869 1869 complens,
1894 1795 2122 1852 celebri-

543 1883 673 1960 tatis
693 1899 1034 1978 perfectione
1065 1893 1366 1968 gratuleris.
2117 1895 2120 1898 ’

1075 1981 1211 2040 Item
1254 1981 1594 2052 Responsum.

613 2080 954 2141 Oblationem
984 2075 1288 2132 dilectionis
1303 2081 1429 2138 tua},
1444 2070 1570 2128 boni
1590 2067 1767 2141 operis
1788 2067 2122 2140 perfectione

545 2175 864 2250 gaudentes,
892 2182 1133 2238 congrua
1161 2163 1517 2237 gratulatione
1537 2161 1888 2231 suscepimus.
1915 2158 1985 2213 Et
2007 2157 2123 2213 ideo

547 2261 827 2324 basilicam
871 2273 1033 2330 quam
1080 2257 1135 2312 in
1175 2256 1319 2312 beati
1367 2253 1443 2308 ill.
1473 2253 1692 2307 nomine
1730 2250 1971 2322 suggeris
2004 2262 2129 2334 esse

545 2361 945 2418 constructam,
991 2345 1368 2419 praeceptionis
1412 2353 1609 2399 nostra:
1639 2342 1779 2398 serie
1803 2340 2122 2411 quantocius

551 2445 896 2507 consecrabis
921 2459 936 2498 :
963 2451 1020 2498 ut
1033 2443 1284 2513 princeps
1295 2439 1660 2510 apostolorum
1676 2435 1894 2496 claritas
1908 2435 2126 2489 univer-

545 2539 724 2599 sitatis
766 2533 1197 2606 frequentatione
1232 2545 1331 2600 pro
1360 2530 1443 2584 sui
1489 2527 1793 2583 reverentia
1842 2537 2128 2581 consecre-

549 2641 672 2700 tur;
703 2640 758 2690 et
786 2628 1136 2699 circumjecta
1172 2626 1324 2699 plebs
1360 2623 1587 2688 habeat,
1641 2621 1794 2691 cujus
1821 2621 2128 2676 interventu

547 2724 830 2800 petitionis
859 2739 970 2778 suae
992 2722 1100 2776 cito
1133 2725 1404 2774 mereatur
1428 2715 1698 2771 effectum.
1726 2711 1868 2767 Cura
1899 2719 1955 2767 tu
1976 2720 2035 2765 ut
2063 2725 2130 2766 ea

551 2821 672 2889 ‘quae
701 2816 769 2870 ad
802 2813 1113 2870 ordinatum
1155 2810 1272 2881 ejus
1306 2807 1498 2864 collata
1547 2805 1699 2870 dicis,
1726 2804 1808 2860 vel
1836 2819 1868 2859 a
1901 2812 1952 2859 te
1999 2818 2128 2874 sug-

552 2907 699 2982 geris
722 2891 1082 2972 ‘ctmferenda,
1106 2904 1223 2959 sine
1259 2901 1513 2957 dilatione
1551 2898 1823 2971 perficias.

623 2997 894 3055 Decretale
925 3012 1078 3070 quem
1109 2994 1532 3119 tegidtdiafitrps,
1560 2989 1770 3062 quando
1796 2987 2064 3060 episcopus
2134 3002 2135 3006 ‘

1231 3081 1343 3119 iscu
1411 3079 1443 3116 u
1478 3100 1493 3116 .

1231 3079 1493 3119 iscumur.

1133 3155 1240 3231 (Ad
1271 3172 1390 3229 pag.
1415 3152 1530 3228 54.)

627 3247 912 3311 Destitutis
940 3249 1184 3309 ecclesiis
1224 3249 1430 3322 proprii
1465 3245 1696 3304 rectoris
1734 3239 1910 3301 ofﬁcio
1945 3243 2027 3300 sic
2057 3241 2133 3298 al-

557 3343 720 3417 mitas
742 3353 922 3402 vestra
953 3344 1241 3401 subvenire
1263 3341 1560 3406 consuevit,
1592 3340 1646 3394 in
1669 3353 1776 3410 qua
1805 3344 1860 3393 et
1885 3335 2137 3394 sacerdo-

557 3435 623 3491 tii
670 3431 1005 3508 principatus
1039 3433 1242 3490 existit.
1281 3430 1510 3502 ideoque
1535 3429 1798 3502 provoluti
1828 3439 2137 3500 quaesumus

556 3522 918 3596 apostolatum
956 3532 1193 3580 vestrum
1218 3564 1232 3589 ,
1261 3521 1476 3577 domine
1517 3519 1823 3575 beatissime
1860 3533 1997 3588 papa
2019 3557 2035 3584 ,
2077 3521 2138 3571 ut

558 3617 717 3690 nobis
752 3626 1025 3691 pastorem
1079 3613 1444 3687 quaerentibus
1491 3612 1567 3668 ill.
1617 3613 1777 3667 talem
1827 3611 2136 3680 episcopum

554 3707 879 3764 consecrare
904 3707 1218 3780 dignemini,
1248 3707 1402 3777 cujus
1429 3705 1621 3761 merita
1645 3705 1700 3760 in
1734 3703 1922 3759 eodem
1953 3709 2138 3775 postu-

559 3800 724 3855 lando
745 3789 984 3855 omnium
1011 3807 1322 3854 nostrorum
1356 3802 1643 3868 prastatur
1683 3807 1952 3851 assensus.
1977 3793 2141 3864 Opta-

560 3898 687 3948 mus
709 3901 762 3948 te
784 3908 879 3964 per
908 3893 1104 3947 multos
1131 3906 1301 3946 annos
1325 3891 1461 3946 bene
1478 3889 1684 3957 valere,
1700 3888 1915 3945 domine
1938 3885 2138 3940 beatis-

561 3985 702 4040 sime
726 4000 887 4056 papa.

890 4074 1020 4130 Item
1046 4073 1191 4128 aliud
1219 4073 1358 4146 quod
1389 4073 1512 4146 legit
1550 4073 1822 4127 diaconus.

565 4175 568 4178 ’
636 4165 842 4224 Electio
870 4167 926 4222 in
957 4183 1062 4239 qua
1095 4183 1253 4223 nemo
1279 4168 1528 4223 dissentit
1557 4163 1980 4220 desideratorem
2017 4174 2140 4230 per-

567 4259 868 4331 gratulatur
917 4258 1128 4314 affectu.
1163 4257 1281 4314 Jam
1317 4259 1406 4315 diu
1434 4259 1596 4330 igitur
1635 4253 1925 4327 episcopali
1966 4251 2140 4309 ollicio

567 4351 813 4406 destituti
845 4351 901 4406 in
941 4350 1015 4405 ill.
1045 4352 1136 4406 tali
1164 4353 1404 4406 omnium
1448 4359 1754 4406 nostrorum
1781 4356 1905 4404 vota
1952 4354 2142 4402 contu—

565 4441 764 4509 limus,
793 4451 853 4497 ut
890 4447 1248 4502 annuentibus
1286 4445 1439 4500 vobis
1477 4445 1531 4498 in
1561 4443 1674 4511 eius
1705 4443 1881 4497 locum
1913 4440 2006 4510 qui
2046 4439 2140 4493 de-

569 4531 788 4600 functus
813 4542 896 4590 est
923 4537 1258 4610 subrogetur.
1293 4535 1522 4590 Proinde
1549 4548 1834 4604 precamur
1874 4527 2144 4600 apostola-

569 4631 690 4678 tum
710 4634 970 4691 vestrum,
1002 4627 1215 4682 domine
1251 4624 1562 4681 beatissime
1598 4637 1732 4692 papa
1754 4662 1769 4687 ,
1806 4629 1864 4674 ut
1911 4619 1986 4673 ill.
2043 4633 2144 4687 pro

567 4722 752 4769 vestra
775 4713 1108 4785 benignitate
1153 4729 1390 4769 annuere
1418 4712 1735 4784 dignemini,
1756 4710 1900 4780 quod
1930 4707 2143 4779 religio-

569 4805 660 4862 nis
683 4807 860 4864 studio
894 4808 1241 4878 cognOscitur
1266 4803 1547 4875 postulari.
1651 4794 1659 4800 ’

1069 4897 1204 4950 Item
1233 4893 1380 4947 aliud
1405 4891 1658 4962 ejusdem.

642 4985 918 5043 Desioena
944 4983 1369 5039 venerandorum
1403 4995 1670 5035 canonum
1701 4979 2007 5046 traditione,
2037 4995 2143 5035 non

573 5073 882 5148 discrepant
905 5071 1254 5128 beatitudinis
1288 5071 1390 5126 sibi
1424 5072 1768 5141 poscentibus
1791 5072 1996 5143 judicio
2022 5072 2147 5126 sub-

2154 2483 2205 2544 B

2297 1162 2520 1208 DIVERSA
2553 1165 2856 1208 PRIVILEGIA
2892 1165 3232 1209 Δροετοιιειε
3271 1169 3691 1213 Αυετοῐιιτλτιε.

2286 1333 2366 1388 lll.
2415 1333 2698 1404 episcOpus
2742 1349 2931 1390 servus
2972 1341 3253 1393 servarum
3293 1338 3391 1394 Dei
3438 1339 3514 1395 ill.
3545 1342 3805 1414 religioso

2219 1424 2400 1481 abbati
2424 1424 2749 1482 venerabilis
2776 1429 3089 1484 monasterii
3131 1440 3335 1487 sanctae
3377 1429 3470 1488 Dei
3522 1436 3807 1506 genitricis

2219 1517 2433 1584 Semper
2477 1515 2699 1586 virginis
2720 1515 2900 1574 Mariae
2929 1518 3158 1576 dominae
3196 1530 3417 1592 nostrae,
3457 1535 3513 1580 et
3547 1543 3644 1596 per
3679 1545 3807 1584 eum
3873 1589 3880 1600 ,

2220 1604 2362 1662 idem
2423 1608 2716 1663 venerabili
2768 1613 3093 1668 monasterio
3151 1614 3205 1669 in
3267 1624 3610 1686 perpetuum.
3663 1619 3803 1675 Cum

2221 1713 2446 1754 summae
2467 1701 2773 1771 apostolica:
2803 1703 3077 1774 dignitatis
3107 1721 3241 1775 apex
3273 1707 3327 1762 in
3353 1708 3456 1763 hoc
3478 1711 3645 1765 divini
3669 1727 3804 1781 pro-

2223 1799 2440 1860 spectus
2475 1792 2650 1847 nitore
2675 1793 3008 1866 dignoscitur
3033 1795 3372 1868 praefulgere,
3397 1815 3516 1855 cum
3555 1802 3609 1856 in
3651 1817 3811 1860 exer-

2221 1879 2409 1934 cendis
2449 1879 2542 1934 Dei
2578 1880 2825 1938 laudibus
2862 1885 2943 1939 sui
2986 1885 3281 1956 impensius
3323 1891 3561 1946 stridebit
3604 1889 3813 1951 laboris

2226 1968 2469 2023 exhiberi
2501 1979 2793 2037 certamen,
2823 1972 2892 2029 ob
2930 1973 3034 2030 hoc
3062 1974 3241 2032 debita
3279 1995 3378 2034 nos
3407 1979 3646 2050 ejusdem
3674 2000 3810 2056 apo—

2225 2058 2429 2114 stolica:
2474 2062 2764 2137 pastoralis
2793 2065 3049 2134 compulit
3076 2065 3452 2126 sollicitudinis
3484 2087 3632 2139 cura,
3660 2091 3815 2145 quae-

2225 2165 2332 2220 que
2380 2150 2446 2205 ad
2493 2152 2844 2208 stabilitatem
2894 2155 3106 2225 piorum
3163 2159 3435 2229 pertinere
3477 2161 3817 2234 dignoscitur

2224 2239 2464 2296 locorum
2491 2242 2726 2298 ubertim
2767 2245 3118 2319 promulgari,
3143 2257 3198 2303 et
3249 2251 3557 2321 apostolicae
3589 2255 3817 2313 institu-

2225 2332 2391 2388 tionis
2441 2348 2670 2388 censura
2713 2335 3044 2392 eonilrmani.
3089 2338 3257 2406 igitur
3305 2343 3431 2412 quia
3468 2345 3757 2414 postulasti
3787 2363 3818 2403 a

2229 2419 2384 2477 nobis
2419 2431 2684 2492 quatenus
2725 2427 3114 2483 monasterium
3156 2439 3355 2486 sancta:
3382 2430 3475 2487 Dei
3532 2433 3822 2503 genitricis

2231 2525 2447 2583 semper
2475 2513 2704 2584 virginis
2727 2513 2907 2570 Mariae
2925 2516 3154 2573 dominae
3177 2527 3395 2587 nostrae,
3419 2522 3580 2578 situm
3608 2525 3664 2579 in
3695 2525 3822 2584 loco

2232 2600 2324 2672 qui
2370 2609 2598 2657 vocatur
2632 2602 3013 2675 Plumbariolo,
3038 2611 3314 2667 territorio
3339 2612 3671 2685 Aquinense,
3701 2619 3820 2688 pri-

2231 2695 2440 2767 vilegiis
2499 2698 2642 2754 sedis
2696 2703 3002 2771 apostolicae
3050 2705 3234 2762 infulis
3276 2708 3578 2776 decoretur,
3609 2717 3670 2764 ut
3715 2706 3827 2767 sub

2226 2786 2604 2857 jurisdictione
2633 2801 2832 2848 sanctae
2865 2804 3085 2863 nostrae,
3109 2798 3198 2854 cui
3226 2799 3335 2854 Deo
3368 2809 3589 2857 auctore
3636 2799 3828 2857 deser-

2231 2880 2428 2947 vimus,
2461 2881 2715 2939 Ecclesiae
2744 2887 3118 2957 constitutum,
3152 2889 3350 2948 nullius
3370 2892 3597 2950 alterius
3628 2893 3826 2949 Eccleo

2233 2971 2328 3028 size
2374 2973 2842 3042 jurisdictionibus
2883 2979 3269 3037 submittatur:
3308 2998 3407 3056 pro
3462 3000 3571 3056 qua
3618 2999 3679 3040 re
3721 2985 3832 3054 piis

2234 3063 2518 3120 desideriis
2541 3064 2787 3125 faventes
2809 3109 2825 3137 ,
2872 3069 2977 3128 hac
3008 3079 3191 3129 nostra
3224 3074 3549 3132 auctoritate
3599 3075 3654 3130 id
3677 3077 3835 3148 quod

2233 3158 2549 3227 exposcitur
2570 3157 2783 3217 eilectui
2813 3159 3201 3237 mancipamus.
3237 3164 3310 3222 Et
3334 3167 3455 3222 ideo
3484 3181 3703 3224 omnem
3737 3183 3834 3223 cu-

2228 3244 2452 3317 juslibet
2477 3249 2720 3307 ecclesia:
2760 3255 3095 3311 sacerdotem
3142 3255 3199 3310 in
3225 3256 3451 3328 praefato
3493 3256 3836 3313 monasterio

2237 3339 2496 3398 ditionem
2526 3345 2822 3413 quamlibet
2850 3347 3051 3405 habere
3077 3349 3179 3405 hac
3219 3351 3540 3406 auctoritate
3565 3392 3581 3418 ,
3624 3361 3840 3420 praeter

2239 3431 2422 3485 sedem
2452 3434 2823 3503 apostolicam,
2852 3439 3234 3509 prohibemus:
3272 3440 3347 3494 ita
3374 3450 3432 3494 ut
3463 3440 3571 3496 nisi
3609 3442 3680 3497 ab
3733 3443 3838 3499 ab-

2237 3523 2364 3578 bate
2391 3527 2707 3581 monasterii
2738 3526 2900 3583 fuerit
2949 3529 3237 3598 invitatus,
3282 3546 3384 3586 nec
3415 3532 3716 3587 missarum
3751 3550 3840 3590 so-

2238 3613 2571 3672 lemnitatem
2625 3617 2823 3674 ibidem
2867 3619 3133 3690 quispiam
3169 3631 3461 3692 praesumat
3520 3621 3836 3692 celebrare,

2240 3710 2551 3766 omnimodo
2586 3720 2884 3768 statuentes
2933 3715 3225 3786 apostolica
3266 3731 3496 3772 censura
3533 3716 3632 3770 sub
3661 3717 3841 3774 divini

2240 3799 2430 3872 judicii
2480 3801 2838 3860 obtestatione
2865 3847 2880 3872 ,
2929 3815 2984 3862 et
3035 3807 3229 3863 validis
3269 3816 3430 3877 atque
3464 3808 3840 3866 atrocioribus

2245 3893 2604 3948 anathematis
2631 3895 3119 3962 interdictionibus,
3149 3909 3206 3952 ut
3230 3914 3407 3968 neque
3426 3899 3567 3955 ullus
3588 3917 3839 3972 unquam

2240 3980 2536 4054 prresumat
2562 3983 2831 4053 quispiam
2858 3985 3016 4050 alius,
3044 3987 3411 4057 cujuscunque
3450 3990 3521 4044 sit
3551 3990 3841 4062 dignitatis

2242 4075 2498 4146 praeditus
2528 4083 2815 4144 potestate,
2849 4077 2933 4131 vel
2958 4079 3120 4134 etiam
3137 4094 3471 4154 qmecunque
3493 4097 3688 4154 magna
3708 4099 3842 4154 par-

2242 4183 2417 4237 vaque
2437 4184 2668 4239 persona
2695 4170 2750 4225 in
2781 4171 2970 4227 eodem
3012 4175 3364 4241 monasterio,
3396 4175 3480 4231 vel
3510 4176 3627 4246 ejus
3650 4179 3840 4234 causis

2242 4258 2569 4324 incumbere,
2596 4269 2691 4315 aut
2719 4259 2784 4316 de
2813 4262 2977 4318 rebus
3005 4270 3058 4318 et
3080 4266 3537 4336 possessionibus,
3556 4267 3642 4322 vel
3675 4270 3841 4338 quid-

2243 4349 2372 4422 quid
2402 4351 2467 4406 de
2491 4350 2575 4406 his
2603 4367 2725 4421 qua:
2755 4353 2803 4406 ei
2828 4353 3101 4421 pertinere
3130 4353 3402 4422 videntur,
3429 4371 3645 4426 quoquo
3671 4359 3840 4413 modo

2246 4440 2482 4510 auferre,
2509 4451 2604 4498 aut
2640 4442 2915 4497 alienare:
2952 4444 3046 4500 sed
3087 4460 3188 4501 nec
3217 4447 3513 4516 quamlibet
3542 4447 3836 4512 malitiam,

2245 4542 2342 4587 aut
2363 4532 2593 4601 jacturae
2617 4533 2942 4600 molestiam,
2971 4533 3192 4603 ibidem,
3219 4538 3336 4593 sive
3373 4538 3543 4608 pacis,
3568 4539 3683 4593 sive
3711 4539 3819 4595 bar

2245 4623 2418 4679 barici
2449 4625 2724 4694 temporis,
2749 4641 2964 4696 quoquo
2995 4628 3154 4684 modo
3198 4629 3432 4696 inferre;
3489 4632 3617 4686 dum
3645 4632 3835 4702 profe«

2247 4723 2336 4771 cto
2363 4730 2487 4770 eum
2521 4718 2838 4785 perenniter
2865 4728 2971 4773 tam
2999 4719 3082 4792 (ut
3106 4721 3308 4776 dictum
3333 4721 3434 4794 est)
3462 4723 3634 4793 pacis,
3665 4739 3834 4792 quam

2245 4808 2530 4864 barbarico
2572 4818 2813 4881 tempore
2843 4811 2998 4867 ﬁrma
3043 4813 3335 4870 stabilitate
3363 4815 3704 4870 decernimus
3732 4817 3839 4871 sub

2240 4901 2621 4972 jurisdictione
2643 4913 2847 4960 sancta!
2876 4911 3074 4960 nostra:
3099 4906 3355 4960 Ecclesia:
3376 4908 3832 4978 permanendum.

2194 5044 2204 5053 ,
2247 4991 2660 5062 Promulgantes
2705 5009 2899 5063 nempe
2928 5002 2985 5048 et
3011 4994 3113 5049 hoc
3136 4997 3462 5051 auctoritate
3498 4996 3642 5050 beati
3684 4996 3836 5053 Petri

2252 5083 2616 5152 apostolorum
2646 5082 2939 5151 principis,
2988 5097 3172 5138 coram
3223 5083 3336 5139 Deo
3362 5093 3416 5138 et
3453 5084 3684 5140 terribili
3715 5083 3838 5153 ejus

574 5168 766 5221 veniri.
793 5165 960 5234 igitur
990 5176 1111 5215 cum
1141 5161 1368 5217 ecclesia
1404 5171 1589 5217 nostra
1612 5163 1700 5218 diu
1723 5165 1938 5233 proprio
1962 5163 2031 5219 sit
2057 5165 2148 5219 de—
2173 5187 2185 5245 1

2254 5171 2437 5228 futuro
2462 5173 2733 5236 examine,
2757 5188 2854 5242 per
2893 5169 3052 5240 hujus
3080 5174 3251 5229 nostri
3277 5173 3555 5244 apostolici
3577 5174 3836 5229 desiderii

576 5257 762 5311 stituta
790 5261 1020 5319 rectore,
1049 5255 1115 5308 ad
1144 5254 1406 5326 pontificii
1432 5257 1599 5311 vestri
1618 5257 1739 5328 jura
1768 5255 2106 5325 confugimus
2133 5296 2150 5321 ,

577 5348 643 5401 'de
667 5343 819 5414 cujus
841 5346 968 5402 sede
995 5347 1173 5403 omnis
1199 5349 1373 5402 honor
1398 5346 1762 5418 proﬁciscitur
1789 5345 2148 5409 sacerdotum,

576 5446 633 5503 et
668 5435 789 5492 ideo
811 5451 1099 5509 precamur
1122 5439 1480 5511 apostolatum
1511 5449 1772 5506 vestrum,
1797 5441 2009 5494 domine
2029 5453 2151 5492 san-

579 5538 663 5585 cte
688 5538 743 5584 et
769 5533 1091 5588 venerabilis
1113 5547 1283 5606 papa,
1319 5540 1380 5588 ut
1409 5533 1484 5588 ill.
1520 5532 1613 5587 tal.
1650 5534 2024 5603 presbyterum
2057 5544 2153 5584 no-

580 5629 950 5693 strum,quem
995 5639 1288 5682 consensus
1332 5624 1704 5681 universitatis
1733 5623 1915 5694 elegit,
1939 5622 2151 5694 episco-

580 5717 710 5778 pum
753 5726 1073 5768 consecrare
1107 5715 1377 5787 dignetur.
1421 5713 1683 5785 Optamus
1721 5720 1772 5766 te
1826 5728 1922 5783 per
1958 5713 2156 5769 multos

584 5813 756 5857 annos
787 5801 927 5860 bene
941 5803 1141 5871 valere,
1165 5806 1382 5862 domine
1409 5804 1718 5862 beatissime
1745 5796 1901 5876 papa.
1936 5802 2004 5858 Et
2033 5804 2156 5860 sub-

585 5890 902 5960 scripserunt

2255 5272 2416 5334 atque
2437 5263 2716 5318 constituti
2747 5263 3019 5319 sancimus
3044 5273 3208 5337 atque
3233 5266 3596 5333 decernimus,
3624 5275 3686 5321 ut
3719 5266 3837 5322 loca

2253 5370 2372 5424 quae
2409 5353 2476 5408 ab
2499 5354 2691 5409 abbate
2713 5354 2996 5425 cujuslibet
3019 5356 3251 5411 ctenobii
3298 5357 3353 5410 in
3391 5356 3580 5411 eodem
3609 5353 3838 5426 praefato

2253 5451 2453 5499 sanctae
2482 5442 2578 5498 Dei
2623 5442 2904 5511 genitricis
2934 5445 3265 5500 monasterio
3295 5445 3659 5500 Plumbariolo
3689 5461 3840 5501 com—

2257 5543 2464 5590 mutata
2488 5532 2571 5587 vel
2610 5533 2773 5587 etiam
2797 5549 3055 5589 concessa
3081 5544 3226 5602 sunt,
3261 5549 3364 5591 nec
3383 5550 3492 5591 non
3517 5543 3575 5590 et
3598 5535 3734 5590 alias
3757 5534 3839 5588 lo-

2257 5643 2445 5684 eorum
2469 5626 2838 5698 possessiones
2866 5641 2986 5697 quae
3014 5642 3045 5681 a
3077 5627 3321 5698 regibus,
3352 5627 3439 5684 vel
3468 5627 3723 5693 ducibus,
3755 5625 3838 5680 vel

2256 5716 2554 5789 gastaldiis,
2580 5724 2635 5771 et
2661 5731 2691 5770 a
2720 5718 2935 5773 caeteris
2969 5713 3295 5772 Christianis
3329 5717 3385 5772 in
3425 5719 3615 5775 eodem
3647 5724 3838 5772 sancto

2257 5795 2375 5861 loco
2403 5805 2594 5875 largita
2628 5814 2789 5876 atque
2816 5805 2995 5861 oblata
3040 5813 3202 5873 sunt,
3260 5816 3353 5862 aut
3395 5808 3447 5862 in
3489 5807 3836 5880 postmodum

2259 5897 2368 5954 illic
2415 5912 2669 5954 concessa
2701 5896 2926 5962 fuerint,
2967 5896 3121 5953 firma
3176 5899 3472 5955 stabilitate
3514 5896 3634 5963 iure
3662 5897 3832 5960 iusius
