4046 6462
425 2167 492 2200 K

489 404 590 482 {9i

1496 409 1887 470 THEODULFI
1917 406 2470 468 AURELIANENSIS
2504 407 2718 465 EPISC.

3643 393 3753 470 192

487 538 742 599 libertate
773 530 931 603 potiti
971 531 1114 587 bona
1149 528 1268 601 ejus
1311 527 1599 584 invadendi
1621 529 1735 600 jam
1764 528 2064 581 hauserant
2090 525 2145 586 Α
2237 523 2354 603 Νορ
2383 521 2824 603 noster_genitgs,
2855 517 3328 603 nostEr‘babeatur
3356 517 3643 603 alumnus:

487 606 857 677 cupiditatem.

925 670 1196 739 Theodulﬁ
1224 669 1562 740 Epitaphium
1590 682 1638 723 ι.
1894 735 1905 740 _
2039 711 2042 713 .

491 745 714 816 (Mabill.
733 742 998 806 Analect,
1029 749 1069 795 t.
1092 741 1136 806 I,
1159 733 1228 795 ex
1251 733 1562 808 pervetusto
1583 742 1704 797 cod.
1727 733 2066 808 Vitoniano.)

561 858 710 913 Illius
733 857 946 912 cineres
968 871 1100 910 saxo
1123 863 1408 910 servantur
1438 855 1491 907 in
1521 854 1624 908 isto

631 927 732 994 Qui
758 927 1028 996 quondam
1049 925 1258 996 populis
1281 924 1475 995 praesul
1498 932 1552 978 et
1581 923 1720 978 abba
1742 920 1860 976 fuit.

560 1071 586 1098 ιι
628 1058 984 1114 Theodulfum
1012 1057 1230 1112 natione
1253 1055 1444 1109 Italum
1487 1054 1653 1110 fuisse
1684 1054 1932 1114 tradunt,
1964 1051 2068 1106 hoc

488 1136 571 1184 est
609 1128 709 1196 (uti
759 1127 1080 1182 Sirmondus
1125 1125 1396 1196 opinatur)
1437 1141 1504 1180 ex
1557 1122 2065 1196 Gallia__Cisalpi_na.

490 1193 736 1266 Speriam
783 1213 876 1251 seu
910 1193 1222 1266 Hesperiam
1251 1196 1361 1264 ipsi
1396 1197 1627 1264 patriam
1671 1193 1858 1266 tribuit
1892 1193 2069 1266 epila-
2133 1214 2138 1218 -

527 1263 672 1320 bium
704 1274 730 1319 :'
752 1269 845 1322 sed
873 1263 1203 1336 :equii'ocurn
1229 1263 1314 1320 est
1342 1263 1548 1336 nomen
1590 1264 1750 1336 istud,
1778 1263 2071 1336 aliquando

514 1336 735 1400 taliam,
794 1332 1082 1406 aliquando
1129 1335 1449 1406 Hispaniam,
1506 1333 1864 1406 signiﬁcans;
1903 1332 2070 1406 Vetus

487 1407 781 1460 chronicon
831 1401 1147 1460 a'Chesnio
1191 1401 1393 1458 editum
1439 1404 1490 1457 in
1543 1401 1790 1458 Historia:
1825 1401 2070 1455 Francia:

485 1484 632 1529 tomo
662 1476 726 1530 Ill
763 1491 874 1530 rem
911 1476 1097 1530 deﬁnit
1125 1488 1246 1544 pag.
1293 1473 1396 1544 556
1437 1473 1522 1528 his
1548 1473 1728 1544 verbis
1758 1488 1830 1544 ευ(
1858 1471 2070 1524 Floruit

487 1546 670 1616 etiam
703 1546 787 1616 his
823 1541 1154 1616 temporibus
1193 1541 1334 1616 apud
1389 1544 1575 1597 urbem
1598 1541 2070 1616 _Aurelianensem

488 1613 819 1669 Theodulius
837 1612 1139 1683 episcopus,
1173 1614 1263 1683 qui
1289 1612 1774 1683 pr0pterseientia:
1798 1625 2070 1683 prazroga-

485 1684 655 1753 tivam
685 1700 789 1753 qua
823 1679 1084 1753 pollebat,
1117 1699 1145 1737 a
1183 1679 1482 1753 memorato
1519 1682 1844 1753 imperatore
1875 1679 2068 1736 Carolo

331 1749 346 1766 ⁸
380 1758 386 1764 ’
485 1752 680 1824 Magno
701 1749 768 1807 ab
791 1749 953 1808 Italia
977 1755 1028 1808 in
1049 1752 1258 1824 Callias
1279 1752 1568 1824 adductus,
1587 1749 1641 1806 et
1663 1750 2066 1824 Floriacensem

485 1821 555 1876 ab
580 1819 645 1876 co
679 1825 1030 1878 abbatiam'et
1049 1819 1507 1877 iAurelianensem
1531 1820 1689 1874 simul
1724 1820 1924 1875 meruit
1955 1820 2065 1888 epi-

486 1902 786 1960 scopatum.
827 1913 844 1943 ι
878 1893 949 1945 At
985 1893 1070 1946 his
1101 1894 1279 1946 obstat
1320 1892 1461 1960 quod
1494 1889 1825 1960 Theodulfus
1863 1890 1979 1960 ipse
2009 1904 2069 1944 se

488 1976 555 2014 ex
583 1959 840 2018 Hispania
866 1968 1044 2014 ortum
1073 1977 1192 2016 esse
1218 1975 1324 2014 non
1342 1959 1578 2018 'obscure
1603 1959 1779 2016 innuit
1815 1960 1868 2015 in
1891 1959 2070 2017 Paraz-

488 2030 605 2084 nesi
629 2028 696 2083 ad
719 2028 947 2098 judices,
976 2031 1060 2085 his
1086 2031 1336 2085 versibus
1367 2049 1379 2084 :

613 2121 729 2171 Mox
751 2121 921 2185 sedes,
943 2121 1184 2181 Narbona.
1211 2126 1323 2172 tuas
1343 2121 1619 2186 urbemque
1639 2121 1870 2173 decoram

2309 592 2538 646 Protulit
2571 589 2712 645 li'une
2739 589 2949 660 Speria,
2974 589 3145 643 Gallia
3171 590 3261 644 sed
3283 592 3497 645 nutriit.

2241 662 2383 718 Urbs
2403 662 2655 730 populosa
2686 662 2818 731 satis
2846 661 3076 730 Ligerim
3099 674 3261 728 super
3288 661 3620 731 Aurelianis,

2315 729 2443 798 Quie
2465 729 2593 786 olim
2621 732 2744 785 laeta
2774 729 2875 784 fuit
2896 729 2999 784 hoc
3027 731 3299 785 residente
3325 730 3504 786 Patre.
3607 729 3613 731 ’
3645 789 3648 792 ,

2241 801 2383 876 Proh
2404 803 2557 876 dolor
2573 803 2584 854 !
2600 801 2760 876 hunc
2783 800 2986 876 pepulit
3004 801 3222 876 propria
3245 801 3311 856 de
3332 803 3460 876 sede
3474 803 3755 876 malignus

2311 871 2577 926 Moenibus
2600 871 2684 925 bis
2709 871 2942 924 traditur
2961 871 3114 925 exsul
3141 879 3196 925 et
3218 871 3373 927 exsul
3398 881 3532 928 erat.

2354 1024 2639 1084 Tangimus.
2659 1025 2867 1074 occurrit
2885 1035 2983 1084 quo
3005 1024 3122 1074 mihi
3144 1023 3257 1075 lata
3279 1025 3472 1075 cohors.

2294 1085 2550 1148 Belliquize
2576 1086 2736 1134 Getici
2761 1084 2944 1148 pepuli,
2968 1085 3111 1148 simul
3135 1084 3360 1148 HeSpera
3377 1087 3523 1138 turba

2357 1122 3316 1209 ΞέὥιῖεέιῖέίιΐηἕόἫῖὶίυἲὲῖεὲίῖἆὶἷξ

2175 1274 2285 1347 Ubi
2303 1271 2644 1347 Theodulfus
2658 1271 3562 1347 consanguineosvocatliesperiae
3582 1289 3761 1347 popu-

2170 1345 2252 1398 los
2274 1345 2326 1399 in
2351 1343 2693 1413 Septimania
2714 1343 2982 1411 degentes,
3013 1342 3102 1413 qui
3126 1357 3192 1396 ex
3222 1342 3482 1413 Hispania
3521 1342 3598 1400 eo'
3624 1342 3761 1401 con-

2172 1415 2456 1468 ﬁuxerant.
2502 1412 2617 1466 Nisi
2653 1412 2700 1466 si
2733 1412 3163 1482 consanguineos
3202 1412 3334 1466 dicit
3369 1413 3473 1469 hoc
3506 1416 3758 1482 nomine,

2172 1485 2428 1554 quodex
2478 1484 2680 1554 cadent
2707 1489 2877 1554 gente_
2914 1489 3024 1554 tam
3056 1481 3367 1554 ‘Gothiuilli
3403 1481 3762 1553 Septimanize

2170 1550 2383 1625 populi,
2438 1568 2602 1621 quam
2651 1550 3000 1625 ostro-Gothi
3053 1551 3118 1625 in_
3145 1551 3297 1625 Italia
3343 1550 3632 1624 degentes.
3687 1573 3760 1610 ex

2171 1621 2366 1694 quibus
2396 1631 2713 1694 procreatus
2729 1631 2894 1694 esset
2939 1621 3268 1694 Theodulfus
3283 1636 3313 1683 ,'
3335 1621 3757 1694 processissent.

2171 1691 2411 1748 Mortuus
2436 1701 2521 1747 est
2560 1691 2891 1746 Theodulfus
2929 1706 3072 1745 anno
3107 1692 3231 1756 82I,
3257 1692 3433 1746 exsilii
3461 1694 3513 1759 7,
3543 1708 3761 1748 veneno

2169 1771 2414 1826 necatus,
2451 1763 2566 1816 sive
2608 1762 2664 1815 in
2699 1762 2899 1825 reditu,
2926 1769 2986 1832 ut
3017 1761 3354 1832 inchronico
3374 1764 3652 1832 praecitato
3682 1764 3763 1818 le-

2207 1835 2332 1898 itur,
2361 1833 2473 1887 sive
2499 1840 2624 1902 post
2660 1832 2891 1886 reditum
2930 1830 3268 1895 Aurelianos,
3306 1830 3544 1902 utiapud
3577 1832 3764 1886 Letal-

2097 1884 2144 1944 B
2171 1851 2298 1958 gum
2341 1902 2709 1956 Mitiacensem
2747 1901 3067 1955 Monachum
3106 1901 3159 1954 in
3201 1901 3339 1955 libro
3379 1901 3446 1955 de
3485 1901 3763 1956 Miraculis

2209 1920 2298 1956 um
2322 1897 2709 1956 'Mitiacensem
2747 1901 3067 1955 Monachum
3106 1901 3159 1954 in
3201 1901 3339 1955 libro
3370 1897 3454 1955 de
3485 1901 3763 1956 Miraculis

2173 1972 2348 2027 sancti
2382 1971 2661 2026 Maximini
2693 1970 2923 2025 abbatis.
2963 1969 3241 2024 Theodulﬁ
3270 1971 3450 2026 obitus
3480 1971 3534 2024 in
3560 1970 3751 2027 Neero'

2171 2043 2316 2112 logio
2358 2051 2546 2096 nostro
2570 2040 2897 2112 monasterii
2937 2039 3117 2112 Sancti
3162 2039 3759 2112 GermaniPratensis,

2174 2110 2299 2166 ante
2323 2127 2494 2168 annos
2520 2111 2624 2168 800
2649 2119 2894 2176 exarato,
2919 2111 3201 2180 reponitur
3224 2126 3313 2166 xiv
3340 2110 3458 2166 Kal.
3481 2110 3760 2167 Octobris.

511 2275 3761 2310 Μ

1535 2394 1569 2436 ³
1648 2385 2695 2504 TEEODULFI

1742 2595 2314 2658 AURELIANENSIS,
2335 2595 2444 2652 EPI
2452 2596 2551 2653 SC.

878 2771 910 2814 "
963 2768 1480 2854 CAPITULA
1536 2769 1668 2846 AD
1743 2763 2459 2845 PBESBYTEROS
2537 2763 3071 2845 PAROCHLE
3147 2762 3390 2846 SUAE.

493 3028 923 3089 Tmonucrus
973 3013 1278 3078 fratribus
1333 3017 1395 3076 et
1446 3011 1988 3092 compresbyteris
2057 3011 2296 3073 nostris
2360 3008 2858 3073 Aurelianensis
2915 3009 3236 3090 parochiaa
3295 3010 3758 3090 sacerdotibus,

1796 3110 1865 3172 in
1899 3111 2176 3173 Domino
2213 3109 2511 3173 salutem.

1305 3234 1346 3289 I.

491 3333 646 3402 Quod
682 3333 1010 3402 subditarum
1044 3327 1268 3402 plebium
1298 3327 1588 3402 profectum
1621 3343 1807 3380 curare
1831 3325 2069 3393 debeant,

881 3411 928 3455 et
963 3398 1311 3471 dedignitate
1347 3398 1696 3452 sacerdotum.

561 3517 798 3574 Obsecro
831 3529 949 3579 vos,
973 3512 1170 3568 fratres
1203 3510 1557 3575 dilectissimi,
1596 3517 1658 3564 ut
1681 3525 1807 3580 erga
1835 3507 2075 3565 subdita-

488 3626 608 3666 rum
638 3608 874 3680 plebium
909 3603 1210 3676 profectum
1233 3611 1286 3658 et
1319 3602 1748 3656 emendationem
1777 3601 2075 3672 vigilantis-

490 3701 624 3754 sima
682 3713 812 3753 cura
863 3695 1163 3750 laboretis:
1220 3700 1487 3762 quatenus
1543 3691 1647 3746 illis
1691 3692 1832 3744 viam
1886 3691 2074 3745 salutis

490 3791 854 3851 ostendentes,
895 3796 949 3842 et
977 3802 1069 3841 eos
1103 3785 1284 3840 verbis
1323 3793 1379 3838 et
1427 3784 1688 3852 exemplis
1715 3784 2067 3848 instruentes,

491 3887 547 3931 et
569 3893 665 3932 vos
701 3877 767 3931 de
795 3891 980 3930 eorum
1008 3874 1272 3944 profectu,
1306 3882 1360 3928 et
1387 3888 1485 3927 nos
1516 3873 1582 3926 de
1610 3879 1814 3935 vestro,
1844 3872 2072 3927 Domino

490 3979 678 4024 nostro
703 3966 828 4021 Iesu
854 3966 1071 4020 Christo
1101 3965 1414 4029 auxiliante,
1449 3964 1752 4019 fructuosos
1781 3963 1854 4017 illi
1891 3965 2069 4018 mani-

489 4059 647 4131 pulos
681 4065 1036 4127 reportemus.
1069 4055 1307 4112 Obsecro
1340 4056 1504 4110 etiam
1542 4055 1932 4110 fraternitatem
1979 4071 2072 4110 ve-

493 4159 688 4214 stram,
729 4157 788 4202 ut
817 4149 932 4202 hzec
959 4147 1215 4217 capitula,
1246 4161 1366 4216 qua:
1401 4147 1469 4200 ad
1496 4147 1926 4202 emendationem
1949 4147 2073 4201 vita:

491 4241 731 4296 breviter
760 4239 979 4310 digessi,
1029 4237 1244 4292 assidue
1277 4237 1486 4307 legatis,
1525 4244 1579 4291 et
1621 4236 1895 4292 memoria:
1924 4252 2072 4292 com-

491 4331 776 4394 mendetis,
821 4337 876 4382 et
911 4343 1100 4384 eorum
1160 4327 1274 4382 sive
1319 4335 1630 4381 sanctarum
1681 4327 2072 4396 scripturarum

489 4420 721 4476 lectione
781 4434 958 4473 mores
1017 4418 1372 4485 eomponatis,
1417 4417 1585 4470 vitam
1647 4418 1965 4481 emendctis,
2019 4425 2075 4471 et

491 4527 614 4566 cum
663 4508 891 4565 subditis
920 4507 1182 4578 plebibus,
1207 4506 1503 4578 Opitulante
1531 4508 1778 4573 Domino,
1813 4507 1880 4562 ad
1911 4521 2074 4576 regna

617 4664 907 4734 Theodutﬁ.
933 4663 1284 4720 Theodulfum
1312 4666 1529 4721 tradunt
1551 4680 1618 4720 ex
1637 4663 1808 4727 Italia,
1833 4664 1936 4718 hoc
1960 4670 2063 4734 est,

2098 4587 2150 4647 D

2168 4674 2414 4750 mortuus
2449 4665 2862 4750 ειίεἰειιικοέιιιηο.ξ
2891 4675 3208 4750 utapparet,
3243 4667 3363 4750 821Ϊ
3389 4666 3595 4748 Caetera
3632 4667 3758 4750 libri

2173 3231 2416 3288 coelestia
2465 3246 2691 3304 pergere
2733 3233 2974 3289 certetis.
3024 3233 3303 3290 Veraciter
3343 3250 3501 3291 nosse
3551 3235 3765 3292 debetis

2172 3331 2230 3378 et
2254 3338 2469 3393 semper
2504 3324 2830 3385 meminisse,
2860 3326 2985 3394 quia
3016 3340 3132 3390 nos,
3175 3327 3372 3395 quibus
3403 3327 3765 3397 regendarum

2174 3415 2479 3470 animarum
2524 3431 2654 3470 cura
2707 3416 2994 3470 commissa
3039 3424 3140 3479 est,
3172 3431 3271 3485 pro
3300 3416 3385 3470 his
3427 3416 3516 3485 qui
3573 3424 3764 3470 nostra

2173 3506 2498 3577 negligentia
2527 3513 2774 3576 pereunt,
2817 3505 3076 3559 rationem
3102 3503 3360 3560 reddituri
3397 3519 3583 3559 sumus
3617 3505 3764 3575 :‘pro

2172 3597 2258 3653 his
2279 3612 2410 3652 vero
2455 3612 2590 3668 quos
2629 3595 2810 3650 verbis
2854 3603 2907 3649 et
2945 3595 3206 3664 exemplis
3245 3594 3440 3650 lucrati
3474 3593 3760 3658 fuerimus,

2171 3687 2453 3758 przemium
2505 3695 2720 3741 interna:
2758 3686 2881 3739 vita:
2916 3686 3301 3755 percipicmus.
3341 3684 3506 3740 Nobis
3550 3685 3699 3739 enim
3730 3701 3763 3740 a

2173 3779 2401 3834 Domino
2433 3779 2634 3834 dictum
2675 3787 2776 3844 est,
2829 3776 2932 3831 Vos
2975 3778 3098 3831 estis
3135 3776 3215 3831 sat
3257 3787 3408 3830 terra:
3456 3774 3670 3845 (Matth.
3701 3791 3753 3841 v,

2175 3870 2284 3939 15).
2326 3870 2477 3936 Quod
2516 3871 2560 3923 si
2597 3869 2824 3938 pepulus
2859 3868 3031 3923 ﬁdelis
3069 3869 3220 3922 cibus
3252 3877 3334 3921 est
3367 3867 3486 3931 Dei,
3511 3866 3627 3935 ejus
3651 3868 3759 3922 cibi

2173 3965 2573 4019 condimentum
2615 3977 2713 4015 nos
2760 3975 2964 4014 sumus.
3006 3959 3211 4013 Scitote
3249 3967 3487 4013 vestrum
3531 3960 3755 4029 gradum

2173 4064 2359 4110 nostro
2388 4052 2578 4123 gradui
2621 4052 2917 4106 secundum
2973 4058 3028 4104 et
3071 4065 3208 4120 pene
3245 4051 3591 4120 conjunctum
3617 4067 3756 4108 esse.

2173 4147 2324 4202 Sicut
2352 4145 2499 4198 enim
2545 4142 2785 4214 episcopi
2833 4140 3214 4211 Apostolorum
3271 4142 3324 4194 in
3369 4141 3630 4208 Ecclesia,
3680 4143 3757 4197 ita

2173 4238 2427 4294 nimirum
2452 4235 2752 4308 presbyteri
2785 4243 3102 4290 caeterorum
3131 4233 3513 4304 discipulorum
3545 4235 3758 4292 Domini

2171 4331 2346 4386 vicem
2375 4338 2595 4392 tenent;
2625 4335 2681 4382 et
2707 4326 2782 4381 illi
2810 4334 2995 4380 tenent
3013 4325 3237 4395 gradum
3266 4325 3462 4379 summi
3485 4325 3761 4395 pontiﬁcis

2173 4421 2375 4485 Aaron,
2427 4420 2514 4474 isti
2554 4433 2684 4472 vero
2728 4416 2957 4471 ﬁliorum
3012 4415 3147 4484 ejus.
3205 4413 3358 4469 Unde
3401 4424 3612 4486 oportet
3658 4431 3758 4472 vos

2175 4528 2390 4582 semper
2443 4525 2712 4566 memores
2747 4523 2869 4580 esse
2922 4515 3086 4562 tantae
3142 4507 3441 4576 dignitatis,
3491 4523 3760 4565 memores

491 4745 552 4792 ut
575 4737 785 4806 opinor,
817 4733 883 4789 ex
905 4734 1075 4789 Gallia
1096 4735 1365 4858 Cisalpina
1398 4737 1451 4790 in
1477 4736 1616 4789 hanc
1645 4742 1883 4788 nostram
1916 4748 1944 4786 a
1966 4733 2068 4786 Ca-
2169 4736 2286 4804 ejus
2315 4733 2584 4792 docebunt
2610 4755 2621 4788 :
2661 4737 2716 4792 in
2753 4737 2948 4806 quibus
2989 4733 3176 4808 siqua
3208 4744 3386 4800 erunt,
3425 4737 3479 4791 in
3507 4737 3759 4794 versibus

491 4807 610 4858 rolo
635 4820 830 4858 maano
863 4806 1187 4858 translatum
1263 4806 1423 4858 uisse.
1467 4805 1830 4858 donatumque
1862 4803 2068 4858 enisco-
2171 4808 2491 4858 nrmsertim.
2537 4822 2656 4858 uua:
2701 4817 2956 4858 tanquam
2995 4809 3062 4858 ab
3110 4824 3208 4858 usu
3258 4808 3528 4858 communi
3562 4808 3759 4858 abhor-

1263 4823 1278 4858 ι

491 4803 830 4874 νοΙοίιιηεηο
863 4806 1187 4859 translatum
1237 4803 1423 4869 fuisse,
1467 4805 1830 4874 donatumque
1862 4803 2068 4871 episco-

490 4886 619 4947 patu
641 4871 1042 4947 Aurelianensi.
1078 4875 1189 4947 Hoc
1228 4891 1358 4930 vero
1384 4891 1450 4947 ex
1474 4871 1770 4947 Theodulfo
1799 4873 1928 4947 ipso_
1941 4889 2070 4947 con_-_

491 4942 619 5012 atat,
648 4955 703 5000 et
732 4945 878 5000 Missi
905 4945 1158 5000 dominici
1188 4946 1518 5014 amplissima
1544 4942 1860 5012 prmfectura
1889 4942 2069 4998 Caroli

491 5017 737 5088 ejusdem
759 5016 1128 5088 benevolentia
1165 5015 1404 5088 [unctum
1445 5030 1564 5088 esse
1599 5014 1653 5088 in
1687 5021 1910 5088 utraque
1946 5029 2072 5088 pro.

488 5083 665 5142 vincia
696 5084 1052 5149 Narbonensi,
1090 5094 1145 5139 et
1170 5084 1486 5138 familiarem
1532 5083 1656 5154 ipsi,
1683 5083 1879 5154 quoad
1910 5085 2067 5148 vixit,

492 5157 634 5211 inter
669 5156 888 5209 intimos
937 5170 1332 5224 perseverasse.
1379 5154 1506 5208 Post
1541 5152 1718 5224 Caroli
1761 5168 2067 5224 excessum,

491 5243 598 5281 non
628 5225 829 5294 dispari
857 5223 1046 5294 primis
1095 5223 1252 5294 annis
1282 5224 1333 5276 in
1373 5225 1544 5292 gratia
1575 5223 1678 5294 fuit
1714 5223 1857 5294 apud
1896 5223 2071 5278 Ludo-

491 5243 598 5281 non
628 5242 708 5280 (IIS
749 5242 829 5279 art
857 5242 1046 5294 primis
1095 5242 1252 5277 annis
1282 5242 1333 5276 In
1373 5242 1544 5292 gratia
1575 5242 1678 5276 ruit
1714 5242 1854 5290 apuu
1896 5242 2068 5278 Ludo-

491 5297 668 5350 vicum
699 5242 895 5359 filium;
927 5311 956 5347 a
977 5309 1082 5363 quo
1100 5301 1152 5348 et
1179 5291 1451 5362 Stephano
1475 5309 1624 5362 papae
1649 5293 1700 5346 in
1725 5292 1954 5347 Galliam
1975 5308 2068 5346 ve-

492 5365 661 5420 nienti
681 5365 865 5432 jussus
911 5373 994 5418 est
1037 5363 1250 5419 obviam
1291 5363 1511 5416 honoris
1557 5379 1716 5416 causa
1755 5363 2068 5431 procedere.

491 5435 754 5491 Czeterum
777 5433 984 5489 delatus
1013 5442 1073 5488 ut
1094 5433 1363 5503 particeps
1385 5432 1772 5503 conjurationis
1814 5432 2072 5485 Bernardi

492 5505 634 5576 regis
661 5504 915 5576 adversus
950 5501 1222 5576 patruum,
1251 5502 1565 5576 episcopatu
1596 5501 1873 5576 spoliatus,
1905 5508 2066 5576 atque

494 5570 967 5630 in'monasterium'
981 5574 1245 5644 relegatus
1271 5570 1356 5627 est
1377 5573 1515 5641 apud
1541 5571 1877 5641 Andegavos.
1911 5570 2064 5644 Quod

494 5645 584 5700 ille
631 5644 833 5700 crimen
873 5653 932 5698 ut
977 5641 1287 5698 constanter
1313 5657 1692 5711 usquequaque
1729 5641 2062 5711 pernegavit,

495 5715 570 5769 ita
607 5732 711 5770 non
739 5715 1025 5770 defuerunt
1069 5713 1159 5782 qui
1190 5729 1286 5782 per
1315 5708 1568 5769 invidiam
1606 5708 2066 5782 conﬂatum'aﬁir-

495 5793 729 5842 merent.
776 5783 1063 5841 Absolutus
1086 5779 1360 5851 tandem,
1419 5784 1545 5840 dum
1595 5782 1662 5838 ad
1714 5796 1839 5838 suos
1889 5779 2063 5848 redit,

2171 4808 2491 4878 prmsertim,
2537 4817 2956 4878 quaertanquam
2995 4809 3062 4862 ab
3110 4824 3208 4863 usu
3258 4808 3528 4861 communi
3562 4808 3761 4862 abhor-

2173 4877 2349 4932 rentia
2378 4878 2556 4932 minus
2580 4877 2875 4938 arrideant.
2915 4879 3223 4932 meminerit
3265 4878 3436 4932 lector
3469 4879 3758 4932 verborum

2174 4963 2354 5003 naevos
2391 4964 2530 5011 esse,
2561 4948 2652 5016 qui
2691 4947 2972 5016 multiplici
3002 4963 3182 5001 rerum
3213 4947 3391 5003 fructu
3429 4955 3486 5002 ct
3525 4947 3761 5003 utilitate

2176 5025 3062 5157 comﬁgisiiwgtad“presbyteros.
3118 5087 3340 5142 Librum
3388 5087 3531 5143 hunc
3581 5086 3761 5143 Theo-

2173 5153 2469 5218 dulfus,'ct
2501 5153 2620 5222 poSt
2661 5153 2809 5207 illum
2855 5153 3057 5210 similes
3083 5157 3216 5212 alios
3261 5157 3537 5212 Herardus
3585 5157 3762 5212 Turo-

2173 5225 2356 5280 nensis
2382 5223 2693 5298 etliiculfus
2713 5223 3138 5291 Suessionensis,
3161 5242 3226 5282 eo
3250 5228 3394 5298 quod
3423 5227 3760 5298 capitulatim

2173 5295 2415 5362 concepti
2457 5293 3046 5367 distinctique_essent,
3077 5293 3307 5367 capitula
3349 5305 3402 5350 ct
3437 5293 3758 5366 capitularia

2174 5372 2574 5438 nuncuparunt,
2602 5365 3050 5438 quemadmodum
3078 5365 3335 5438 etlegum
3362 5365 3633 5436 regiarum
3667 5383 3761 5421 co-

2173 5433 2342 5506 dices,
2375 5442 2434 5488 ut
2461 5433 2646 5488 iisdem
2691 5436 2997 5491 nominibus
3022 5433 3264 5493 eam'lein
3296 5439 3364 5492 ob
3394 5433 3611 5491 causam
3656 5453 3756 5506 ap-

2173 5504 2457 5628 gellarent,
2504 5513 2807 5574 temporum
2837 5522 3052 5577 quoque
3099 5508 3310 5561 illorum
3353 5523 3469 5560 mos
3499 5504 3754 5560 obtinuit.

2218 5574 2267 5628 ic
2304 5575 2448 5628 enim
2486 5583 2540 5628 et
2574 5576 2710 5628 anud
2762 5574 2980 5628 Graecos
3019 5581 3257 5628 κεφάλαια
3306 5577 3555 5628 similiter
3603 5575 3752 5628 dicta

2218 5574 2267 5628 ic
2304 5575 2448 5648 enim
2486 5583 2540 5648 et
2574 5576 2732 5648 apud
2762 5574 2980 5631 Gratcos
3019 5581 3257 5648 κεφάλαια
3299 5577 3555 5648 ίςίιηὶιίιριξ
3603 5575 3752 5648 dicta

2173 5652 2316 5715 sunt,
2369 5644 2532 5699 Marci
2589 5646 2737 5700 verbi
2779 5648 2950 5715 gratia
2993 5644 3250 5710 ere'mitac,
3298 5646 3575 5709 Diadochi,
3624 5645 3752 5708 Nili,

2173 5713 2509 5787 aliorumque
2554 5713 2808 5787 opuscula
2847 5718 3098 5787 ascetica,
3151 5725 3206 5771 et
3240 5716 3465 5787 Agapeti
3514 5731 3756 5787 paraene-

2117 5795 2124 5834 ῖ
2173 5784 2303 5852 tica,
2334 5793 2389 5840 et
2416 5783 2610 5842 caetera
2646 5786 2699 5840 id
2726 5802 2896 5856 genus
2935 5783 3020 5843 διὰ
3046 5783 3322 5856 aspalatin
3352 5783 3667 5857 composita.
