4046 6462
223 411 328 476 193

1671 412 2038 473 CAPITULA.

3376 417 3482 476 194

217 533 418 585 vestra:
484 521 931 590 consecrationis,
982 533 1254 579 memores
1303 534 1474 577 sacrae
1525 535 1689 594 quam
1744 523 1800 578 in
1827 528 1882 588 Α
1906 536 1963 582 at
2010 539 2171 582 sexus
2219 523 2622 594 imbecillitatis,
2664 533 2720 582 et
2761 525 2963 584 idcirco
2997 538 3186 586 sancta
3232 531 3490 601 quaelibet

217 619 470 676 manibus
503 616 820 687 suscepistis
841 615 1130 681 unctionis,
1159 624 1221 670 ut
1256 630 1357 671 nec
1389 615 1458 670 ab
1491 615 1678 671 eadem
1725 616 1806 670 di-

219 713 426 784 gnitate
471 711 847 783 degeneretis,
896 725 996 765 nec
1045 717 1280 766 vestram
1342 711 1806 766 consecrationem

220 804 435 858 irritam
476 802 708 867 faciatis,
740 816 837 856 nec
853 817 1044 856 manus
1093 817 1246 856 sacro
1281 801 1517 872 unguine
1542 801 1806 857 delibutas

216 895 496 966 peccando
546 894 820 964 polluatis,
861 895 954 948 sed
1001 894 1179 948 cordis
1213 901 1266 948 et
1304 894 1544 964 corporis
1591 893 1807 949 mundi-

219 987 352 1039 tiam
383 993 792 1050 conservantes,
829 984 1072 1054 plebibus
1093 984 1396 1054 exemplum
1429 984 1565 1040 bene
1592 985 1806 1040 vivendi

215 1078 543 1149 prmbeutes,
585 1077 670 1133 his
693 1077 887 1148 quibus
910 1079 1158 1150 praeestis
1189 1079 1443 1135 ducatum
1470 1079 1538 1134 ad
1568 1079 1806 1134 ccelestia

216 1187 387 1242 regna
415 1170 720 1241 praebentis.
1003 1241 1043 1295 η

308 1331 464 1398 Quod
497 1331 705 1386 lectioni
725 1340 772 1386 et
793 1332 1016 1386 orationi
1055 1333 1265 1388 assidue
1289 1333 1580 1388 vacandum
1611 1333 1700 1388 sit.

288 1441 513 1512 Oportet
560 1459 654 1498 vos
697 1453 754 1498 et
797 1443 1168 1498 assiduitatem
1223 1444 1422 1500 habere
1472 1444 1707 1515 legendi,
1751 1451 1807 1499 et

213 1535 532 1590 instantiam
565 1536 779 1602 orandi,
819 1537 945 1606 quia
988 1537 1097 1590 vita
1142 1536 1246 1590 viri
1274 1536 1409 1606 justi
1457 1537 1688 1592 lectione
1726 1537 1805 1591 in-

215 1628 470 1694 struitur,
519 1637 766 1694 ornatur,
809 1637 864 1683 et
910 1628 1224 1684 assiduitate
1272 1629 1520 1684 lectionis
1565 1631 1808 1685 munitur

213 1717 383 1774 homo
422 1734 453 1773 a
480 1729 726 1789 peccato,
751 1720 906 1792 juxta
935 1721 1085 1776 illum
1124 1721 1215 1791 qui
1254 1721 1510 1776 dicebat:
1563 1720 1631 1775 In
1653 1721 1807 1775 corde

213 1829 330 1868 meo
357 1813 606 1867 abscondi
627 1813 835 1885 eloquia
877 1824 991 1880 tua,
1028 1824 1081 1868 ut
1115 1832 1218 1868 non
1245 1831 1448 1886 peccem
1492 1814 1586 1868 tibi
1630 1813 1802 1886 (Psal.

1906 617 1963 672 in
2019 616 2320 673 ministerio
2379 617 2634 673 Ecclesiae
2692 620 3002 690 contingere
3059 620 3486 691 pertimescant;

1906 728 2026 783 quae
2069 713 2230 768 etiam
2265 711 2387 767 laici
2431 711 2535 766 viri
2580 712 2961 782 pertimescere
2999 713 3214 778 debent,
3262 727 3331 767 ne
3365 712 3491 767 Ozae

1905 821 2124 876 pcenam
2155 806 2401 870 subeant,
2433 805 2525 875 qui
2574 805 2698 860 dum
2737 821 2918 861 arcam
2945 806 3156 860 Domini
3191 804 3496 860 extraordi-

1907 897 2060 951 narie
2082 897 2395 967 contingere
2423 894 2612 961 voluit,
2653 895 2880 951 Domino
2921 895 3252 966 percutiente
3282 893 3490 949 interiit

1910 988 1997 1061 (II
2024 989 2155 1060 Reg.
2186 1005 2238 1044 v1
2253 987 2294 1061 ).
2703 1058 2789 1114 vn

2082 1150 2154 1206 Ut
2196 1151 2442 1206 sacerdos
2468 1152 2684 1206 missam
2730 1149 2871 1204 solus
2929 1166 3030 1203 non
3065 1149 3300 1203 celebret.

1979 1242 2247 1299 Sacerdos
2278 1244 2499 1298 missam
2536 1244 2681 1299 solus
2709 1258 3046 1312 nequaquam
3081 1243 3334 1309 celebret,
3363 1239 3490 1312 quia

1909 1337 2048 1393 sicut
2074 1336 2164 1391 illa
2188 1336 2448 1391 celebrari
2488 1351 2594 1390 non
2624 1344 2802 1405 potest
2823 1337 2940 1389 sine
2962 1335 3282 1390 salutatione
3309 1351 3490 1390 sacer-

1909 1427 2072 1492 dotis,
2108 1426 2454 1496 responsione
2503 1425 2696 1494 plebis,
2749 1425 3115 1480 admonitione
3167 1423 3487 1491 sacerdotis,

1908 1518 2261 1588 responsione
2282 1517 2632 1572 nihilominus
2656 1516 2858 1586 plebis,
2893 1517 2967 1572 ita
3000 1517 3256 1572 nimirum
3287 1533 3492 1587 nequa-

1911 1626 2074 1681 quam
2104 1611 2171 1665 ab
2200 1625 2307 1665 uno
2331 1610 2490 1665 debet
2517 1609 2802 1664 celebrari.
2834 1609 2967 1665 Esse
2991 1611 3134 1665 enim
3173 1610 3371 1664 debent
3395 1608 3488 1678 qui

1909 1703 1961 1758 ei
1991 1703 2362 1767 circumstent,
2393 1716 2528 1771 quos
2557 1701 2645 1756 ille
2669 1701 2885 1765 salutet,
2909 1715 2940 1754 a
2971 1701 3165 1770 quibus
3190 1701 3240 1755 ei
3271 1715 3491 1770 respon-

1910 1796 2124 1861 deatur,
2147 1804 2204 1849 et
2223 1797 2289 1849 ad
2315 1795 2631 1850 memoriam
2662 1794 2736 1848 illi
2764 1794 3125 1850 reducendum
3153 1802 3236 1848 est
3253 1792 3381 1847 illud
3395 1793 3495 1847 Do-

217 1918 408 1970 CXVIII,
435 1903 546 1975 11).
584 1884 866 1960 Ηωενευηι
893 1906 1038 1961 enim
1066 1884 1430 1972 arma,rlectio
1471 1884 1719 1961 videlicet
1757 1913 1814 1960 et

1920 1887 2202 1942 minicum:
2223 1884 2526 1956 Ubicunque
2548 1885 2741 1954 fuerint
2753 1885 2858 1938 duo
2873 1885 2950 1938 vel
2962 1894 3065 1938 tres
3087 1885 3143 1938 in
3161 1886 3368 1938 nomine
3379 1901 3493 1938 meo

214 1999 414 2064 oratio,
458 1997 654 2068 quibus
692 1998 938 2054 diabolus
974 2007 1350 2071 expugnatur:
1379 1999 1513 2054 haec
1551 2008 1676 2055 sunt
1722 2000 1808 2055 in-

215 2097 518 2146 strumenta
548 2091 742 2160 quibus
777 2099 978 2146 aeterna
1023 2090 1300 2147 beatitudo
1339 2091 1681 2162 acquiritur:
1723 2093 1810 2148 his

215 2182 387 2238 armis
433 2183 566 2239 vitia
615 2184 1047 2256 comprimuntur
1089 2203 1101 2239 :

215 2273 551 2331 nutriuntur.

1150 2185 1237 2241 his
1265 2184 1539 2242 alimentis
1584 2185 1811 2242 virtutes

965 2345 1054 2402 lll.

415 2435 568 2502 Quod
611 2434 821 2491 lectioni
859 2437 1134 2492 succedere
1179 2437 1363 2493 debeat
1412 2439 1666 2509 operatio.

290 2525 400 2582 Sed
425 2535 480 2582 et
520 2526 566 2582 si
603 2527 819 2598 quando
865 2542 895 2581 a
924 2527 1155 2583 lectione
1198 2536 1462 2594 cessatur,
1488 2528 1650 2582 debet
1697 2540 1812 2581 ma-

215 2635 390 2676 nuum
427 2622 666 2692 operatio
712 2622 992 2691 subsequi,
1038 2621 1166 2690 quia
1201 2621 1447 2676 otiositas
1486 2620 1704 2674 inimica
1730 2627 1814 2675 est

217 2715 436 2779 animae,
461 2723 514 2770 et
534 2715 786 2785 antiquus
826 2716 1017 2780 hostis,
1057 2730 1217 2784 quem
1248 2730 1278 2768 a
1299 2711 1554 2770 'lectione
1583 2714 1698 2769 sive
1741 2714 1812 2768 ab

217 2805 464 2862 oratione
518 2816 799 2863 vacantem
843 2805 1132 2872 invenerit,
1163 2804 1318 2862 facile
1359 2807 1424 2861 ad
1466 2805 1596 2860 vitia
1648 2805 1808 2875 rapit.

219 2894 326 2951 Per
352 2913 510 2954 usum
552 2914 784 2968 namque
814 2897 1060 2954 lectionis
1100 2897 1319 2952 discetis
1361 2897 1594 2968 qualiter
1630 2906 1685 2953 et
1716 2912 1812 2953 vos

217 2990 438 3058 vivatis,
491 3001 546 3047 et
581 2991 716 3047 alios
756 2990 994 3046 doceatis
1024 3009 1036 3043 :
1095 3003 1194 3060 per
1231 3004 1393 3044 usum
1444 2988 1726 3052 orationis,
1756 2996 1813 3042 et

216 3082 376 3137 vobis
404 3092 459 3138 et
496 3083 583 3139 his
619 3083 892 3154 quibusin
922 3081 1189 3138 charitate
1214 3080 1488 3151 conjuncti
1515 3081 1648 3136 estis
1677 3097 1808 3152 pro-

217 3175 382 3230 desse
418 3175 701 3242 valebitis;
747 3192 846 3247 per
879 3191 1136 3231 manuum
1183 3175 1552 3245 operationem
1589 3182 1644 3230 et
1692 3190 1812 3230 cor-

1911 1977 2230 2048 congregati,
2257 1985 2305 2030 et
2330 1991 2421 2046 ego
2442 1977 2496 2030 in
2517 1975 2686 2029 medio
2730 1991 2908 2028 eorum
2955 1971 3170 2047 (Matth.
3197 1989 3350 2041 xvm,
3375 1973 3488 2044 ‘20).

2653 2067 2784 2123 Vlll.

1913 2160 1980 2216 Ut
2005 2164 2060 2217 in
2081 2161 2309 2218 ecclesiis
2333 2172 2523 2233 praeter
2546 2177 2624 2216 res
2645 2176 2826 2215 sacras
2851 2159 2959 2214 alia
2983 2176 3087 2214 non
3111 2159 3394 2215 recondunt
3473 2197 3487 2213 .

1980 2275 2239 2326 Videmus
2286 2275 2477 2326 crebro
2531 2275 2585 2326 in
2648 2272 2891 2326 ecclesiis
2949 2287 3152 2326 messes
3209 2281 3264 2326 et
3311 2175 3487 2326 fenZn

1980 2275 2239 2332 Videmus
2286 2275 2477 2332 crebro
2531 2275 2585 2329 in
2648 2272 2891 2330 ecclesiis
2949 2287 3152 2329 messes
3209 2281 3264 2328 et
3311 2271 3495 2328 fenum

1912 2368 2152 2436 congeri,
2183 2369 2326 2424 unde
2352 2367 2601 2423 volumus
2635 2377 2690 2422 et
2716 2368 2821 2422 hoc
2846 2369 3058 2437 penitus
3087 2368 3496 2432 observetur,ut

1911 2459 2049 2514 nihil
2072 2459 2126 2513 in
2172 2460 2400 2514 ecclesia
2439 2467 2638 2528 praeter
2669 2460 2994 2514 vestimenta
3023 2457 3409 2523 ecclesiastica,
3440 2464 3498 2512 et

1911 2565 2041 2604 vasa
2086 2558 2296 2614 saneta,
2334 2559 2388 2604 et
2414 2549 2580 2605 libros
2625 2551 2987 2605 recondatur:
3015 2549 3093 2604 Ne
3122 2549 3282 2616 forte,
3312 2551 3358 2604 si
3391 2549 3498 2604 alia

1913 2642 1989 2698 ibi
2033 2658 2195 2713 quam
2245 2651 2457 2713 oportet
2505 2643 2720 2709 negotia
2760 2652 3136 2710 exerceantur,
3179 2659 3210 2698 a
3267 2643 3496 2698 Domino

1913 2737 2198 2792 audiamus
2231 2755 2243 2788 :
2285 2735 2483 2790 Domus
2525 2753 2640 2790 mea
2682 2737 2866 2790 domus
2913 2737 3164 2790 orationis
3196 2735 3498 2801 vocabitur;

1913 2846 2001 2884 vos
2040 2837 2215 2882 autem
2257 2826 2451 2897 fecistis
2500 2844 2616 2882 eam
2659 2825 2958 2899 speluncam
2987 2826 3251 2881 latronum
3278 2825 3494 2898 (Matth.

1913 2938 2028 2987 xxx,
2069 2919 2156 2990 15)
2182 2958 2197 2973 .

2656 3003 2748 3060 IX.

1917 3097 1984 3153 Ut
2015 3115 2164 3154 nemo
2193 3097 2461 3169 deinceps,
2503 3106 2694 3169 printer
2717 3113 2912 3169 paucos
2939 3096 3029 3168 qui
3063 3095 3118 3152 id
3158 3095 3329 3152 meriti
3361 3095 3496 3164 sint,

2385 3171 2442 3223 in
2471 3168 2688 3224 ecclesia
2717 3168 3016 3240 sepeliatur.

212 3269 370 3340 poris
407 3270 849 3335 macerationem,
882 3279 938 3325 et
959 3269 1106 3324 vitiis
1139 3269 1393 3324 alimenta
1425 3268 1712 3339 negabitis,
1757 3276 1812 3322 et

1989 3285 2260 3354 Antiquus
2293 3285 2346 3338 in
2374 3283 2460 3338 his
2486 3281 2795 3354 regionibus
2826 3282 2879 3336 in
2910 3281 3138 3337 ecclesia
3166 3280 3500 3352 sepeliendo-

210 3359 419 3414 vestris
443 3359 858 3416 necessitatibus
887 3359 1235 3424 subvenietis,
1269 3366 1324 3414 et
1361 3357 1631 3415 habebitis
1669 3359 1814 3429 quod

210 3450 605 3507 necessitatem
641 3451 973 3522 patientibus
1014 3449 1326 3522 porrigatis.

1010 3545 1102 3601 Ν.

396 3635 514 3704 Quo
539 3650 800 3710 apparatu
843 3639 911 3693 ad
948 3638 1207 3710 synodum
1237 3639 1407 3694 venire
1427 3639 1666 3695 debeant.

290 3728 525 3796 Quando
553 3744 707 3783 more
735 3729 891 3784 solito
922 3729 988 3784 ad
1011 3728 1272 3799 synodum
1305 3731 1627 3795 convenitis,
1654 3730 1815 3785 vesti-

209 3830 429 3886 menta,
461 3828 516 3876 et
543 3819 731 3886 libros,
758 3829 814 3875 et
835 3836 961 3876 vasa
984 3829 1188 3887 sancta,
1218 3835 1338 3876 cum
1366 3822 1558 3891 quibus
1579 3830 1817 3877 vestrum

211 3915 588 3974 ministerium
619 3921 673 3969 et
699 3915 998 3984 injunctum
1047 3913 1278 3969 cilicium
1319 3915 1593 3986 peragilis,
1640 3914 1820 3969 vobis-

213 4023 352 4063 cum
381 4003 614 4070 deferte;
657 4021 758 4060 nec
797 4021 902 4060 non
943 4005 1098 4071 duos,
1139 4015 1231 4060 aut
1266 4015 1377 4060 tres
1408 4005 1652 4069 clericos,
1696 4021 1817 4060 cum

216 4099 425 4170 quibus
461 4099 752 4153 missarum
787 4098 1052 4153 solemnia
1085 4099 1393 4164 celebratis,
1430 4100 1707 4154 vobiscum
1730 4097 1824 4151 ad-

220 4194 430 4259 ducite,
463 4202 522 4248 ut
553 4194 813 4262 probetur
835 4209 996 4262 quam
1038 4192 1346 4264 diligenter,
1383 4209 1544 4262 quam
1585 4192 1825 4247 studiose

221 4289 326 4346 Dei
369 4288 651 4344 servitium
683 4287 978 4358 peragatis.

1024 4377 1086 4432 ν.

227 4471 368 4541 Qua:
403 4488 530 4527 cura
565 4486 674 4526 esse
695 4469 874 4524 debeat
911 4467 1262 4594 rgnis,doini,
1288 4475 1336 4521 et
1361 4481 1534 4536 aqua,
1569 4463 1623 4519 in
1649 4465 1824 4518 missis

852 4558 907 4594 ce
931 4557 956 4594 e
994 4557 1087 4594 ran
1130 4555 1196 4592 is.

852 4555 1196 4594 celebrandis.

303 4637 507 4699 Panes,
527 4649 664 4704 quos
686 4633 796 4687 Deo
819 4632 872 4686 in
897 4629 1225 4686 sacrificium
1246 4627 1472 4694 oilertis,
1501 4636 1594 4682 aut
1613 4642 1644 4680 a
1673 4626 1826 4682 vobis
1852 4621 1905 4681 D

231 4728 389 4798 ipsis,
408 4735 503 4781 aut
521 4742 554 4781 a
582 4725 778 4781 vestris
802 4723 985 4793 pueris
1009 4735 1196 4776 coram
1215 4720 1390 4785 vobis,
1417 4719 1586 4774 nitide
1616 4733 1679 4774 ac
1711 4726 1822 4772 stu-

233 4818 387 4874 diose
434 4817 591 4883 ﬁant,
648 4823 702 4871 et
751 4813 1038 4886 diligenter
1082 4811 1404 4866 observetur
1443 4818 1503 4863 ut
1561 4809 1736 4879 panis,
1769 4817 1827 4864 et

234 4912 449 4976 viuum,
486 4917 543 4965 et
588 4922 749 4980 aqua,
779 4907 899 4962 sine
939 4903 1136 4974 quibus
1179 4902 1357 4957 missa:
1385 4909 1659 4969 nequeunt
1691 4900 1827 4955 cele-

234 5003 404 5067 brari,
465 4999 816 5056 mundissime
859 5005 1022 5066 atque
1047 4993 1288 5050 studiose
1316 4997 1634 5054 tractentur,
1665 4997 1717 5044 et
1741 4989 1825 5043 ni-

238 5094 317 5150 hil
349 5094 404 5148 in
430 5093 517 5148 his
546 5092 673 5157 vile,
700 5090 832 5146 nihil
859 5103 965 5144 non
988 5087 1273 5159 probatum
1305 5083 1662 5148 inveniatur,.
1673 5081 1827 5152 juxta

238 5185 370 5242 illud
401 5185 547 5257 quod
577 5185 652 5238 ait
673 5182 983 5253 Scriptura:
1015 5179 1096 5236 Sit
1123 5179 1280 5232 timor
1306 5175 1521 5231 Domini
1545 5174 1825 5239 vobiscum,

239 5289 433 5338 etcum
472 5277 742 5349 diligentia
767 5282 954 5328 uincta
980 5273 1135 5343 facite
1164 5270 1251 5342 (11
1283 5269 1414 5324 Par.
1447 5284 1560 5334 tux,
1593 5267 1669 5337 9).

996 5366 1081 5421 V’l.

249 5463 313 5519 Ut
361 5464 576 5535 femina:
627 5461 696 5517 ad
733 5458 902 5516 altare
933 5497 948 5523 ,
983 5456 1106 5535 dum
1139 5453 1311 5535 missa:
1339 5451 1687 5516 celebrantur,
1731 5465 1833 5504 non

905 5525 1176 5582 accedant.

317 5626 559 5683 Feminae
614 5626 855 5684 missam,
919 5617 1199 5674 sacerdote
1239 5614 1581 5678 celebrante,
1633 5627 1835 5682 nequa-

249 5733 409 5789 quam
433 5718 503 5773 all
539 5716 711 5772 altare
736 5714 1014 5776 accedant,
1043 5708 1135 5764 sed
1173 5706 1308 5762 locis
1337 5705 1448 5760 suis
1477 5711 1638 5769 stent,
1680 5711 1734 5757 et
1761 5700 1836 5758 ibi

252 5812 508 5868 sacerdos
545 5826 732 5865 earum
769 5807 1066 5864 oblationes
1105 5802 1214 5856 Deo
1269 5799 1546 5854 oblaturus
1587 5797 1832 5868 accipiat.

253 5900 522 5966 leuiores
549 5903 692 5961 enim
728 5914 846 5959 esse
872 5898 1067 5957 debent
1101 5893 1316 5954 femince
1349 5891 1679 5950 infirmitatis
1725 5904 1838 5948 sua:

1919 3393 2040 3433 rum
2067 3385 2405 3431 mortuorum
2435 3389 2566 3429 usus
2594 3373 2710 3437 fuit,
2745 3381 2800 3426 et
2825 3372 3142 3442 plerumque
3170 3371 3290 3427 loca
3316 3372 3499 3427 divino

1918 3468 2084 3524 cultui
2115 3466 2419 3534 mancipata
2439 3506 2452 3531 ,
2487 3472 2540 3519 et
2567 3465 2632 3519 ad
2664 3463 2967 3519 offerendas
2993 3464 3102 3518 Deo
3129 3464 3333 3518 hostias
3361 3477 3500 3533 pra:-

1918 3570 2107 3633 parata
2137 3559 2447 3615 cmmeteria
2479 3559 2594 3613 sive
2622 3557 2936 3629 polyandria
2975 3555 3118 3610 facta
3149 3564 3294 3610 sunt.
3345 3554 3498 3610 Unde

1918 3650 2167 3705 volumus
2196 3658 2258 3703 ut
2285 3655 2354 3704 ab
2379 3649 2481 3704 hac
2511 3664 2569 3703 re
2597 3649 2851 3716 deinceps
2877 3647 3232 3711 abstineatur,
3261 3653 3317 3700 et
3341 3659 3501 3700 nemo

1921 3744 1976 3799 in
2020 3741 2248 3797 ecclesia
2289 3740 2602 3810 sepeliatur,
2649 3739 2753 3794 nisi
2797 3737 2938 3794 forte
2983 3737 3107 3793 talis
3155 3739 3226 3793 sit
3269 3752 3500 3807 persona

1922 3834 2257 3899 sacerdotis,
2302 3841 2394 3887 aut
2439 3831 2724 3901 cujuslibet
2758 3830 2890 3900 justi
2934 3829 3200 3894 hominis,
3249 3844 3366 3898 quae
3403 3843 3502 3898 per

1920 3927 2047 3982 vitae
2092 3925 2345 3979 meritum
2381 3923 2545 3977 talem
2580 3922 2806 3976 vivendo
2849 3935 2947 3976 suo
2991 3919 3205 3989 corpori
3251 3918 3502 3974 defuncto

1921 4020 2101 4075 locum
2147 4016 2450 4086 acquisivit.
2501 4015 2740 4084 Corpora
2773 4028 2903 4068 vero
2945 4028 3064 4083 qua:
3107 4011 3403 4080 antiquitus
3445 4010 3502 4064 in

1923 4113 2168 4169 ccclesiis
2214 4110 2420 4180 sepulta
2465 4117 2590 4164 sunt
2628 4121 2973 4178 nequaquam
2998 4105 3374 4181 projiciantur,
3405 4103 3500 4157 sed

1924 4203 2114 4259 tumuli
2139 4203 2230 4272 qui
2253 4208 2514 4271 apparent
2539 4198 2858 4268 profundius
2886 4197 2942 4250 in
2970 4206 3170 4251 terram
3196 4195 3500 4257 mittantur,

1925 4305 1978 4353 et
2023 4294 2331 4364 pavimento
2375 4291 2604 4360 desuper
2643 4290 2804 4354 facto,
2851 4287 2998 4340 nullo
3040 4285 3365 4340 tumulorum
3407 4299 3502 4338 ve-

1927 4391 2089 4461 stigio
2133 4393 2456 4458 apparente,
2504 4382 2748 4439 ecclesiae
2788 4380 3091 4437 reverentia
3132 4387 3502 4434 conservetur.

1931 4487 2031 4545 Ubi
2060 4500 2190 4540 vero
2221 4490 2370 4536 tanta
2400 4485 2483 4534 est
2509 4474 2798 4532 multitudo
2825 4473 3151 4528 cadaverum
3170 4512 3184 4536 ,
3217 4479 3276 4524 ut
3301 4473 3404 4524 hoc
3427 4469 3508 4524 fa-

1929 4593 2056 4637 cere
2085 4575 2298 4633 difﬁcile
2327 4573 2430 4637 sit,
2461 4571 2614 4625 locus
2643 4567 2732 4622 ille
2756 4580 2855 4636 pro
2878 4563 3194 4620 caemeterio
3223 4559 3503 4626 habeatur,

1931 4673 2110 4728 ablato
2143 4669 2264 4724 inde
2292 4665 2452 4721 altari
2487 4673 2541 4717 et
2568 4662 2624 4716 in
2654 4675 2718 4716 eo
2745 4659 2864 4714 loco
2892 4663 3226 4721 constructo,
3257 4653 3349 4710 ubi
3384 4653 3509 4711 reli-
3575 4733 3580 4735 _

1927 4767 2072 4838 giose
2099 4772 2156 4819 et
2179 4774 2313 4833 pure
2336 4758 2449 4814 Deo
2477 4753 2804 4813 sacriﬁcium
2830 4749 3014 4806 offerri
3042 4747 3232 4804 valeat.

2678 4866 2745 4921 Χ.

1933 4969 2000 5026 Ut
2036 4966 2334 5038 vaniloquia
2373 4972 2423 5018 et
2465 4960 2703 5083 proiciam
2735 4957 2963 5012 actiones
2991 4956 3047 5012 in
3075 4952 3291 5010 ecclesia
3323 4950 3506 5024 prohi—

2631 5038 2834 5083 cantur.

2631 5038 2834 5084 cantur.

2003 5145 2121 5202 Non
2163 5141 2370 5200 debetis
2411 5138 2480 5195 ad
2524 5134 2811 5193 ecclesiam
2839 5132 2908 5188 ob
2937 5130 3099 5187 aliam
3125 5139 3345 5185 causam
3375 5137 3507 5177 cou-

1932 5237 2144 5302 venire,
2191 5235 2298 5291 nisi
2347 5234 2414 5287 ad
2456 5229 2667 5285 laudem
2710 5223 2926 5282 Domini
2973 5231 3030 5279 et
3075 5220 3192 5288 ejus
3231 5213 3510 5270 servitium

1933 5331 2260 5390 faciendum.
2316 5324 2746 5396 Disceptatioues
2790 5333 2951 5382 vero,
3005 5323 3060 5369 et
3110 5308 3404 5374 tumultus,
3455 5310 3513 5362 et

1934 5422 2265 5494 vaniloquia,
2287 5428 2342 5476 et
2363 5427 2574 5483 caetera:
2603 5414 2845 5472 actiones
2867 5409 2936 5463 ab
2959 5403 3148 5461 eodem
3174 5409 3362 5458 sancto
3390 5400 3513 5456 loco

1942 5518 2158 5591 penitus
2181 5514 2528 5588 prohibenda:
2560 5515 2704 5565 sunt.
2754 5501 2856 5559 Ubi
2886 5498 3029 5554 enim
3067 5497 3161 5551 Dei
3196 5510 3394 5552 nomen
3418 5496 3518 5591 in-

1943 5585 2200 5679 vocatur,
2237 5609 2364 5682 Deo.
2392 5604 2720 5664 sacriﬁcium
2761 5593 3005 5659 offertur,
3053 5591 3365 5663 angelorum
3409 5585 3517 5682 fre-

1946 5675 2374 5774 quentia'inesse
2410 5713 2516 5752 non
2554 5691 2852 5751 dubitatur,
2889 5683 3260 5759 periculosum.
3290 5686 3374 5774 est
3411 5675 3518 5774 tale

1947 5763 2150 5865 aliquid
2179 5793 2359 5848 dicere
2385 5785 2471 5841 vel
2496 5797 2657 5856 agere
2685 5776 2826 5850 quod
2860 5778 2981 5835 loco
3008 5791 3116 5833 non
3145 5767 3414 5865 convenit.
3457 5763 3516 5818 Si

1947 5858 2096 5948 enim
2140 5882 2401 5944 Dominus
2443 5878 2565 5937 illos
2603 5877 2670 5936 de
2705 5875 2906 5952 templo
2943 5870 3103 5944 cjecit
3141 5864 3236 5941 qui
3269 5858 3520 5922 victimas
