4046 6440
503 353 608 420 195

501 567 674 639 magis
703 565 821 622 illos
851 551 1020 622 iratus
1047 563 1169 618 inde
1197 555 1412 633 abjiciet
1437 559 1530 632 qui
1564 559 1890 623 mendaciis,
1917 556 2070 614 vani-

501 656 719 726 loquiis,
760 655 956 709 risibus
992 663 1048 708 et
1084 651 1450 722 hujuscemodi
1486 651 1640 722 nugis
1676 650 1852 710 locum
1888 645 2070 704 divino

499 748 668 805 cultui
696 747 1060 818 mancipatum
1085 744 1287 802 fmdant
1315 743 1527 816 (Matth.
1553 759 1665 810 xxx,
1696 740 1826 814 l2)?

1239 859 1330 915 XI.

671 951 737 1007 Ut
765 953 938 1006 missa:
966 952 1066 1006 nisi
1094 952 1150 1005 in
1179 949 1396 1004 ecclesia
1426 965 1529 1003 non
1559 948 1896 1008 celebrentur.

568 1065 855 1119 Missarum
896 1061 1155 1116 solemnia
1199 1074 1538 1129 nequaquam
1568 1057 1694 1112 alibi
1735 1057 1835 1112 nisi
1882 1057 1934 1110 in
1980 1071 2072 1111 ec-

498 1155 660 1210 clesia
687 1152 1006 1209 celebranda
1037 1159 1193 1215 sunt,
1235 1165 1343 1204 non
1379 1150 1435 1203 in
1470 1147 1796 1218 quibuslibet
1822 1146 2068 1200 domibus

497 1255 551 1302 et
580 1248 632 1301 in
660 1245 853 1300 vilibus
883 1243 1048 1306 locis,
1079 1243 1173 1297 sed
1209 1243 1264 1295 in
1294 1240 1413 1295 loco
1443 1255 1603 1310 quem
1629 1238 1852 1309 elegerit
1882 1235 2067 1291 Domi-

497 1356 619 1406 nus,
658 1338 813 1408 juxta
847 1338 973 1393 illud
1004 1337 1148 1407 quod
1178 1336 1437 1404 scriptum
1473 1341 1555 1388 est
1581 1352 1592 1386 :
1637 1329 1760 1385 Vide
1788 1348 1849 1384 ne
1877 1331 2068 1400 offeras

495 1431 803 1484 holocausta
835 1439 924 1482 tua
954 1431 1005 1481 in
1037 1428 1177 1480 omni
1203 1426 1316 1480 loco
1342 1440 1493 1495 quem
1521 1423 1733 1486 videris,
1757 1421 1846 1474 sed
1873 1420 1928 1473 in
1955 1419 2066 1473 loco

493 1537 645 1592 quem
689 1517 894 1591 elegerit
936 1518 1212 1582 Dominus,
1265 1525 1319 1570 ut
1366 1524 1525 1587 ponat
1571 1529 1757 1568 nomen
1799 1528 1952 1566 suum
1996 1511 2069 1565 ibi

495 1611 676 1683 (Deut.
705 1628 802 1678 xu,
829 1611 937 1684 l3).
1225 1677 1318 1735 ΧΠ

681 1771 751 1828 Ut
780 1774 990 1843 femina:
1016 1787 1136 1828 cum
1162 1771 1459 1842 presbytero
1489 1784 1592 1823 non
1617 1767 1868 1823 habitent.

560 1865 717 1920 Nulla
739 1865 939 1920 femina
963 1877 1086 1919 cum
1110 1864 1427 1933 presbytero
1447 1860 1502 1915 in
1523 1875 1632 1914 una
1653 1858 1813 1914 domo
1838 1858 2063 1914 habitet.

491 1955 749 2025 Quamvis
777 1957 920 2010 enim
946 1968 1184 2010 canones
1210 1961 1438 2008 matrem
1457 1993 1471 2017 ,
1501 1959 1558 2007 et
1586 1965 1856 2015 sororem,
1886 1958 1942 2005 et
1969 1950 2070 2004 hu-

485 2047 784 2119 juscemodi
801 2061 1078 2118 personas,
1106 2046 1161 2100 in
1186 2045 1382 2116 quibus
1408 2042 1554 2098 nulla
1579 2042 1652 2096 sit
1675 2041 1927 2110 suspicio,
1944 2057 2067 2096 cum

489 2142 582 2199 illo
622 2139 870 2196 habitam
911 2138 1247 2204 concedant,
1301 2138 1406 2192 hoc
1449 2151 1548 2191 nos
1594 2134 1770 2190 modis
1815 2133 2067 2189 omnibus

491 2235 698 2294 idcirco
740 2241 1085 2304 amputemus
1111 2272 1128 2298 ,
1159 2230 1302 2302 quia
1348 2230 1403 2285 in
1443 2227 1703 2300 obsequio
1751 2226 1864 2282 sive
1909 2241 2068 2282 occa-

489 2325 642 2386 sione
686 2324 900 2383 illarum
942 2325 1168 2382 veniunt
1211 2323 1330 2379 aliae
1369 2320 1586 2378 feminae
1627 2335 1747 2392 qua:
1791 2334 1901 2375 non
1941 2327 2070 2375 sunt

486 2416 539 2476 ei
577 2415 837 2474 afﬁnitate
877 2414 1214 2486 conjunctae,
1256 2422 1315 2469 et
1353 2428 1478 2470 eum
1518 2413 1585 2470 ad
1623 2411 1960 2484 peccandum
1997 2409 2064 2464 il-

484 2507 697 2572 licium.

1207 2575 1344 2634 XIII.

489 2667 558 2730 Ut
591 2670 877 2744 presbyteri
903 2669 966 2724 ab
992 2668 1238 2744 ebrietate
1275 2668 1592 2744 etutabernis‘
1611 2667 1933 2734 abstineant,
1973 2684 2066 2724 nec

751 2737 938 2795 temere
963 2757 1081 2794 cum
1107 2737 1416 2811 quibuslibet
1444 2739 1778 2792 conviventur
1979 2759 1982 2762 η

558 2851 966 2908 Observandum
993 2848 1148 2904 vobis
1165 2857 1266 2914 est,
1282 2857 1340 2902 ut
1362 2856 1417 2902 et
1440 2862 1537 2901 vos
1567 2847 1632 2901 ab
1657 2847 1921 2902 ebrietate
1948 2846 2068 2903 abs-

487 2945 728 3009 tineatis,
763 2953 818 2999 et
861 2951 919 2997 ut
943 2942 1126 3013 plebes
1155 2941 1384 2996 subditae
1409 2939 1717 2993 abstineant
1739 2937 2062 3008 praedicetis,

486 3047 542 3095 et
566 3055 740 3110 neque
764 3053 860 3109 per
885 3037 1142 3094 tabernas
1167 3031 1305 3090 eatis
1332 3031 1565 3088 bibendo
1591 3040 1684 3086 aut
1708 3032 2062 3097 comedendo,

484 3145 661 3201 neque
691 3132 880 3184 domos
910 3137 1002 3188 aut
1026 3129 1178 3184 vicos
1202 3124 1518 3182 curiositate
1542 3121 1780 3194 qualibet
1811 3137 2066 3193 peragre-

537 353 608 428 95
1491 344 1892 408 renonum
1925 335 2482 421 AUREIJANENSIS
2519 339 2737 402 EPISC.

500 490 622 550 quae
648 473 750 530 sibi
778 469 1104 532 offerrentur.
1127 468 1380 532 eruebant
1403 467 1491 527 vel
1516 467 1840 531 vendebant,
1864 439 2064 536 quanto

3641 339 3748 442 ωε

2885 450 3034 520 va.
3147 500 3153 504 .
3239 500 3247 506 .
3693 439 3714 456 "
3785 439 3790 450 '

2252 547 2330 608 De
2356 551 2435 606 his
2460 549 2550 623 qui
2577 550 2776 607 alienas
2803 547 3045 606 ecclesias
3075 539 3373 603 muneribus
3403 549 3660 606 ambiunt.
3795 620 3798 622 γ

2245 642 2301 697 Si
2347 643 2468 712 quis
2511 643 2794 714 presbyter
2839 641 3090 697 inventus
3135 638 3298 696 fuerit
3341 641 3500 697 alicui
3547 643 3750 700 clerico

2172 741 2266 788 aut
2292 732 2432 788 laico
2461 748 2687 788 munera
2713 733 2873 798 dare,
2927 742 3017 786 aut
3064 733 3306 800 dedisse,
3355 741 3417 790 ut
3458 735 3749 792 ecclesiam

2171 823 2393 880 alterius
2416 823 2719 895 presbyteri
2746 823 3028 894 subripiat,
3059 823 3194 880 sciat
3221 840 3276 880 se
3304 841 3402 898 pro
3429 826 3532 881 hac
3559 827 3750 898 rapina

2171 924 2228 971 et
2253 931 2392 971 saeva
2419 916 2740 988 cupiditate,
2782 924 2874 970 aut
2909 917 3132 988 gradum
3174 919 3534 987 amissurum,
3570 928 3660 973 aut
3691 921 3748 975 in

2171 1006 2408 1062 carceris
2429 1023 2670 1062 aerumna
2696 1007 2856 1080 longo
2879 1015 3120 1080 tempore
3143 1009 3515 1080 pmnitentiam
3540 1011 3752 1082 agendo

2171 1097 2539 1153 detinendum.

2877 1191 3038 1248 XVII.

2176 1281 2242 1337 Ut
2285 1284 2519 1355 parvulis
2559 1285 2788 1340 aliarum
2826 1286 3200 1356 parochiarum
3237 1285 3610 1358 mgrotantibus
3645 1287 3749 1344 ba-

2633 1357 2880 1426 ptismum
2917 1374 3020 1410 non
3061 1368 3262 1428 negent.

2241 1445 2298 1502 Si
2338 1447 2596 1518 parvulus
2623 1456 2892 1519 aegrotans
2933 1450 2999 1503 ad
3039 1449 3334 1519 quemlibet
3367 1451 3748 1523 presbyterum
3793 1519 3802 1523 _

2166 1538 2416 1608 baptismi
2446 1540 2620 1607 gratia
2646 1539 2712 1594 de
2743 1539 3028 1607 cujuslibet
3054 1539 3308 1609 parochia
3337 1539 3529 1595 allatus
3559 1541 3746 1607 fuerit,

2167 1629 2217 1686 ei
2249 1631 2505 1702 baptismi
2544 1640 2945 1688 sacramentum
2993 1627 3141 1686 nullo
3183 1633 3342 1687 modo
3387 1643 3637 1704 negetur.
3686 1634 3748 1689 Si

2171 1721 2292 1791 quis
2320 1721 2423 1776 hoc
2450 1737 2644 1777 munus
2672 1721 2876 1793 petenti
2910 1723 3206 1778 concedere
3231 1722 3646 1791 detrectaverlt,
3691 1733 3752 1780 et
3795 1747 3798 1750 ’

2093 1814 2259 1884 Bille
2312 1813 2568 1886 parvulus
2617 1815 2821 1887 absque
2872 1814 3216 1885 baptismatis
3269 1817 3444 1888 gratia
3496 1825 3748 1873 mortuus
3795 1815 3802 1821 ’

2171 1906 2365 1972 fuerit,
2401 1909 2614 1963 noverit
2643 1922 2700 1961 se
2731 1907 2817 1962 ille
2847 1907 2937 1976 qui
2969 1922 3091 1962 eum
3119 1923 3227 1963 non
3260 1906 3593 1980 baptizavit,
3643 1925 3749 1981 pro

2169 1995 2284 2070 ejus
2309 1998 2489 2054 anima
2517 1999 2781 2054 rationem
2809 1998 3164 2054 redditurum.
3501 2005 3518 2023 °

2861 2112 3042 2169 XVIII.
3489 2166 3492 2168 γ

2301 2201 2367 2258 Ut
2392 2221 2518 2258 vasa
2545 2222 2696 2260 sacra
2724 2204 2778 2259 in
2803 2205 2936 2261 alios
2967 2223 3092 2261 usus
3120 2223 3222 2261 non
3249 2207 3609 2279 detorqueant.
3795 2271 3800 2276 _

2236 2294 2424 2352 Nullus
2443 2296 2726 2369 presbyter
2749 2313 2843 2353 seu
2871 2298 3043 2356 laicus
3065 2307 3357 2371 praesumat
3382 2299 3623 2366 calicem;
3651 2309 3751 2358 aut
3801 2301 3804 2304 ’

2165 2399 2416 2460 patenam
2438 2429 2455 2455 ,
2499 2397 2593 2444 aut
2631 2389 2887 2460 quaelibet
2911 2404 3045 2446 vasa
3073 2405 3228 2447 sacra
3269 2399 3323 2448 et
3360 2392 3543 2450 divino
3577 2392 3746 2450 cultui

2165 2482 2491 2552 mancipata,
2512 2481 2580 2536 ad
2601 2481 2736 2538 alios
2758 2498 2888 2538 usus
2909 2491 3248 2555 retorquere.
3280 2483 3413 2540 Nam
3435 2485 3748 2557 quicunque

2166 2574 2233 2630 de
2261 2574 2431 2632 calice
2456 2582 2671 2646 sacrato
2707 2575 2855 2630 aliud
2892 2574 3030 2632 bibit
3071 2586 3268 2647 praeter
3294 2576 3497 2638 Christi
3527 2579 3754 2651 sanguk
3795 2620 3802 2646 τ

2166 2681 2292 2722 nem
2335 2665 2428 2738 qui
2477 2665 2533 2721 in
2570 2674 2913 2722 sacramento
2943 2665 3227 2738 accipitur,
3277 2677 3332 2724 et
3379 2677 3632 2739 patellam
3675 2670 3751 2727 ad

2166 2757 2312 2826 aliud
2349 2758 2582 2814 ofﬁcium
2613 2759 2777 2816 habet
2805 2774 2966 2830 quam
3009 2760 3076 2815 ad
3118 2760 3307 2828 altaris
3343 2762 3745 2832 ministerium,
3793 2809 3798 2812 .

2164 2849 2519 2905 deterrendus
2544 2858 2628 2905 est
2652 2849 2900 2920 exemplo
2922 2849 3194 2908 Baltassar
3215 2853 3309 2924 qui
3333 2854 3459 2910 dum
3483 2869 3612 2912 vasa
3637 2854 3750 2911 Do-

2163 2942 2294 2998 mini
2317 2943 2370 2998 in
2393 2958 2522 2998 usus
2543 2957 2856 3000 communes
2875 2944 3188 3016 assumpsit,
3207 2945 3370 3002 vitam
3392 2947 3598 3020 pariter
3617 2963 3748 3004 cum
3791 2989 3798 2994 ι

2162 3048 2330 3113 regno
2360 3034 2542 3090 amisit
2567 3033 2730 3107 (Dan.
2759 3033 2836 3106 v).

2879 3147 3019 3206 XIX.

483 3221 576 3289 tis,
603 3235 777 3292 neque
805 3235 928 3277 cum
958 3219 1175 3275 feminis
1201 3227 1295 3274 aut
1325 3233 1447 3273 cum
1476 3215 1804 3287 quibuslibet
1837 3215 2059 3285 impuris

2168 3241 2244 3296 Ad
2271 3257 2402 3314 quas
2437 3242 2645 3298 scholas
2683 3243 2889 3318 mittere
2924 3245 3338 3318 consanguineos
3363 3262 3488 3303 suos
3513 3246 3746 3318 possint,

484 3317 733 3388 personis
752 3316 1000 3370 convivia
1018 3315 1342 3370 exerceatis.
1373 3312 1487 3368 Nisi
1511 3311 1649 3369 forte
1673 3311 2062 3383 paterfamilias

485 3407 710 3478 quilibet
752 3422 848 3462 vos
899 3407 967 3462 ad
1012 3406 1232 3461 domum
1277 3420 1432 3460 suam
1475 3404 1810 3467 invitaverit,
1851 3412 2062 3458 etcum

481 3515 578 3557 sua
607 3497 832 3572 conjuge
869 3507 924 3555 et
957 3497 1108 3570 prole
1135 3497 1266 3553 velit
1295 3498 1574 3553 vobiscum
1603 3495 1833 3567 Spiritali
1863 3495 2061 3568 gaudio

480 3590 676 3657 laetari,
699 3600 754 3647 et
773 3592 1064 3648 verborum
1084 3599 1388 3646 vestrorum
1411 3588 1764 3644 refectionem
1793 3588 2056 3658 accipere,

483 3693 540 3740 et
557 3684 709 3739 vobis
729 3681 1080 3739 refectionem
1107 3681 1379 3738 carnalem
1405 3679 1688 3736 charitatis
1711 3676 1887 3734 ollicio
1911 3677 2063 3732 exhi-

483 3773 646 3839 bere;
688 3780 903 3842 oportet
929 3773 1102 3839 enim,
1144 3781 1203 3827 ut
1240 3773 1286 3827 si
1321 3773 1536 3843 quando
1569 3769 1794 3840 quilibet
1823 3769 2060 3824 fidelium

481 3863 792 3920 carnalibus
811 3878 910 3919 vos
934 3862 1110 3919 reiicit
1135 3865 1329 3934 epulis,
1351 3879 1383 3920 a
1406 3862 1562 3920 vobis
1591 3862 1869 3918 reticiatur
1886 3861 2060 3932 epulis

482 3954 831 4028 spiritalibus.

1203 4045 1342 4103 XIV.

482 4141 568 4198 Ne
591 4141 833 4216 .aliarum
876 4140 1213 4216 ecclesiarum
1255 4139 1432 4216 ﬁdeles
1479 4137 1548 4192 ad
1583 4152 1746 4192 suam
1788 4136 2056 4191 ecclesiam

981 4211 1283 4283 pertrahere
1312 4209 1566 4262 nitantur.

549 4301 740 4359 Nullus
767 4303 1053 4375 presbyter
1081 4301 1329 4357 ﬁdelibus
1360 4307 1560 4355 sanctae
1585 4297 1680 4353 Dei
1706 4298 1963 4356 Ecclesia:
1990 4298 2054 4352 de

479 4393 703 4450 alterius
730 4393 1032 4464 presbyteri
1063 4393 1316 4463 parochia
1344 4392 1686 4462 persuadeat,
1716 4399 1776 4444 ut
1804 4393 1870 4447 ad
1899 4406 2054 4446 suam

479 4484 768 4540 ecclesiam
815 4492 1143 4539 concurrant
1189 4482 1376 4538 relicta
1424 4483 1641 4554 pr0pria
1688 4483 1948 4548 ecclesia,
1999 4490 2052 4536 et

2823 3315 2868 3370 si
2895 3315 3072 3370 velint.

2231 3403 2290 3459 Si
2328 3406 2452 3474 quis
2495 3421 2562 3461 ex
2601 3406 2938 3479 presbyteris
2973 3407 3206 3464 voluerit
3249 3417 3504 3480 nepotem
3539 3423 3700 3466 suum
3723 3447 3748 3477 ,

2161 3503 2254 3550 aut
2293 3496 2526 3565 aliquem
2567 3499 3058 3570 consanguineum,
3099 3502 3166 3554 ad
3203 3499 3445 3554 scholam
3485 3500 3743 3567 mittere,

2160 3585 2216 3640 in
2277 3587 2507 3646 ecclesia
2566 3586 2780 3646 Sancta
2831 3588 3062 3654 Crucis,
3134 3597 3228 3645 aut
3287 3589 3342 3646 in
3406 3591 3747 3646 monasterio

2162 3675 2348 3733 Sancti
2390 3677 2588 3734 Aniani
2613 3719 2629 3747 ,
2673 3687 2768 3734 aut
2811 3679 2998 3735 Sancti
3045 3679 3362 3748 Benedicti,
3412 3690 3506 3738 aut
3548 3681 3744 3758 Sancti

2157 3769 2384 3838 Lifardi,
2409 3782 2503 3828 aut
2529 3774 2582 3828 in
2613 3774 2826 3830 caeteris
2853 3774 2920 3830 de
2945 3774 3031 3831 his
3055 3774 3319 3830 cmnobiis
3346 3790 3466 3846 quae
3489 3776 3647 3832 nobis
3673 3776 3746 3832 ad

2157 3864 2455 3934 regendum
2502 3879 2762 3920 concessa
2809 3873 2968 3931 sunt,
3015 3866 3068 3923 ei
3101 3866 3374 3922 licentiam
3414 3867 3468 3923 id
3504 3865 3744 3924 faciendi

2158 3955 2517 4012 concedimus.

2627 4097 2641 4108 .
2886 4045 3005 4101 XX.

2159 4137 2223 4193 Ut
2261 4137 2466 4193 scholas
2505 4138 2605 4210 ipsi
2643 4137 2865 4214 habeant
2906 4139 2963 4192 in
2999 4139 3187 4214 quibus
3215 4138 3451 4209 ﬁdelium
3488 4142 3736 4214 parvulos

2711 4211 2872 4280 gratis
2902 4210 3170 4263 erudiant.

2225 4321 2533 4392 Presbyteri
2567 4335 2666 4390 per
2691 4321 2846 4377 villas
2875 4331 2932 4378 et
2955 4323 3104 4378 vicos
3132 4323 3344 4379 scholas
3374 4323 3642 4392 habeant,
3680 4337 3736 4384 et

2155 4411 2200 4466 si
2231 4412 2456 4482 quilibet
2486 4414 2724 4470 fidelium
2752 4429 2878 4469 suos
2907 4414 3159 4484 parvulos
3187 4414 3252 4470 ad
3279 4416 3564 4473 discendus
3593 4418 3737 4475 litte-

2157 4517 2244 4556 ras
2274 4504 2353 4557 eis
2392 4504 2771 4566 commendare
2799 4504 2946 4569 vult,
2995 4520 3089 4560 eos
3133 4506 3405 4576 suscipere
3445 4516 3500 4561 et
3538 4510 3732 4565 docere

480 4594 609 4634 suas
629 4578 867 4634 decimas
889 4578 990 4634 sibi
1010 4579 1167 4645 deut;
1197 4579 1290 4633 sed
1315 4579 1679 4651 unusquisque
1703 4595 1799 4634 sua
1821 4579 2046 4633 ecclesia
2075 4560 2130 4623 D
2159 4605 2264 4646 ηοη
2309 4564 2571 4660 renuant,
2622 4595 2718 4649 sed
2761 4610 2884 4650 cum
2931 4560 3150 4650 gum,
3183 4560 3447 4653 Cha-rium
3487 4560 3597 4654 reo—5‘

479 4669 535 4726 εἴ
561 4673 759 4742 populo
785 4681 1101 4738 contentus,
1144 4673 1284 4743 quod
1327 4672 1431 4727 sibi
1472 4688 1579 4728 non
1605 4671 1717 4726 vult
1745 4671 1860 4724 fieri
1895 4671 2048 4725 alteri

479 4777 819 4833 nequaquam
847 4762 1032 4829 faciat,
1072 4761 1226 4834 juxta
1267 4763 1393 4818 illud
1433 4761 1813 4830 Evangelicum
1841 4778 1854 4814 :
1887 4760 2047 4827 Quiv-

478 4868 678 4924 cunque
712 4852 866 4908 vultis
909 4863 963 4908 ut
1001 4854 1196 4924 faciant
1236 4853 1376 4910 vobis
1413 4853 1677 4916 homines,
1721 4851 1831 4904 haec
1867 4850 2049 4904 eadem

478 4945 636 5015 facite
673 4944 779 4998 illis
808 4943 1022 5018 (Matth.
1048 4962 1146 5012 vn,
1178 4946 1287 5018 12).
1340 4945 1598 5015 Quisquis
1637 4951 1817 5000 autem
1856 4953 2046 4999 contra

476 5036 591 5090 haec
619 5037 914 5092 constituta
940 5038 1184 5101 venerit,
1229 5044 1320 5090 aut
1358 5037 1441 5091 his
1481 5035 1703 5090 monitis
1731 5035 1930 5090 nostris
1961 5048 2046 5089 re-

474 5127 574 5182 niti
605 5129 912 5194 tentaverit,
947 5139 1039 5185 aut
1065 5130 1292 5204 gradum
1321 5143 1380 5182 se
1410 5129 1550 5183 sciat
1574 5126 1921 5194 amissurum,
1951 5135 2044 5182 aut

475 5219 529 5275 in
556 5235 773 5278 carcere
801 5222 960 5295 longo
985 5231 1226 5292 tempore
1253 5220 1622 5276 detinendum.

1200 5333 1315 5389 XV.

747 5425 829 5482 Ne
859 5426 1055 5482 alienos
1082 5427 1204 5480 item
1231 5424 1443 5480 clericos
1469 5422 1766 5478 sollicitent.

543 5513 656 5572 Hoc
679 5532 889 5588 quoque
915 5517 1086 5572 modis
1108 5515 1358 5571 omnibus
1381 5512 1750 5583 prohibemus,
1777 5522 1837 5568 ut
1864 5512 2039 5570 nullus

472 5616 709 5666 vestrum
763 5607 986 5663 alterius
1027 5605 1285 5661 clericum
1333 5603 1589 5658 sollicitet
1635 5611 1724 5657 aut
1768 5604 2038 5674 recipiat,

473 5703 599 5774 quia
629 5702 809 5776 gravis
835 5701 902 5758 de
928 5699 1032 5756 hac
1065 5712 1126 5756 re
1156 5698 1214 5754 in
1242 5698 1418 5756 sacris
1446 5698 1746 5755 canonihus
1774 5701 2037 5756 sententia

469 5798 576 5874 est.

2157 4693 2352 4750 ceant,
2403 4686 2741 4742 attendentes
2789 4687 2917 4743 illud
2961 4689 3105 4758 quod
3149 4691 3410 4760 scriptum
3452 4700 3578 4747 est:
3625 4693 3732 4758 Qui

2155 4785 2330 4830 autem
2357 4775 2496 4830 docti
2535 4776 2730 4846 fuerint
2770 4777 3036 4849 fulgebunt
3074 4782 3225 4850 quasi
3262 4780 3508 4851 splendor
3541 4783 3729 4851 ﬁrma-

2153 4869 2344 4934 menti;
2373 4880 2421 4924 et
2451 4871 2540 4941 qui
2568 4871 2636 4924 ad
2658 4871 2925 4940 justitiam
2955 4872 3201 4934 erudiunt
3232 4871 3442 4939 multos,
3459 4873 3731 4944 fulgebunt

2151 4962 2303 5024 quasi
2345 4961 2510 5016 stella:
2556 4965 2611 5016 in
2655 4973 2929 5032 perpetuas
2977 4962 3289 5018 (eternitates
3317 4963 3478 5034 (Dan.
3510 4966 3726 5038 xu,5).

2153 5052 2286 5110 Cum
2327 5070 2454 5124 ergo
2492 5070 2587 5109 eos
2627 5055 2852 5118 docent,
2891 5053 3026 5108 nihil
3066 5055 3134 5110 ab
3173 5055 3253 5110 eis
3288 5055 3446 5126 pretii
3486 5071 3586 5126 pro
3626 5057 3732 5113 hac

2153 5158 2214 5198 re
2250 5143 2498 5212 exigant,
2546 5158 2646 5197 nec
2684 5143 2884 5211 aliquid
2921 5141 2989 5196 ab
3024 5143 3107 5199 eis
3141 5145 3448 5215 accipiant,
3497 5155 3730 5218 excepto

2151 5233 2296 5302 quod
2340 5231 2418 5287 eis
2461 5241 2713 5302 parentes
2757 5233 3041 5290 charitatis
3088 5236 3267 5292 studio
3311 5251 3412 5294 sua
3454 5237 3730 5296 voluntate

2151 5323 2463 5378 obtulerint.

2862 5414 3004 5474 XXI.

2341 5507 2474 5563 Vita:
2503 5507 2816 5564 Christiana
2850 5508 3216 5580 compendiosa
3252 5507 3528 5564 institutio.

2214 5605 2348 5662 Cum
2379 5622 2508 5677 ergo
2545 5607 2786 5661 omnium
2829 5616 3138 5661 sanctarum
3179 5604 3580 5678 Scripturarum
3620 5625 3721 5679 pa-

2145 5698 2283 5769 ginae
2319 5699 2689 5752 instrumentis
2717 5697 2984 5752 bonorum
3013 5711 3239 5767 Operum
3269 5699 3481 5755 refertm
3508 5703 3637 5765 sint,
3667 5709 3724 5756 et

2144 5807 2242 5863 per
2263 5799 2570 5846 sanctarum
2589 5789 2994 5861 Scripturarum
3015 5804 3231 5862 campos
3253 5793 3460 5864 possint
3486 5794 3725 5854 inveniri
