4046 6456
231 372 340 436 197

1574 427 1579 432 ρ
1675 380 2039 443 CAPITULA.
2129 425 2131 428 .

3374 394 3476 463 198

223 503 378 544 arma
401 488 598 558 quibus
619 485 752 553 vitia
777 484 1202 564 comprimantur
1226 493 1282 546 et
1303 483 1532 545 virtutes
1554 490 1801 554 nutrian-
1825 493 1882 555 Α
1902 475 2304 574 recompensabi
2313 498 2415 562 tur,
2448 505 2610 568 quam
2639 491 2754 568 ipse
2780 492 3068 569 promisit;
3106 499 3268 574 Quod.
3294 475 3476 574 ,ρειιώ

223 589 332 647 tur,
363 581 520 636 libuit
549 581 704 636 nobis
733 581 859 636 huic
885 588 1069 637 nostro
1098 578 1381 651 capitulari
1409 581 1650 650 inserere
1678 595 1800 636 sen-

222 673 449 726 tentiam
491 671 790 740 cujusdam
815 670 993 727 Patris
1029 670 1095 726 de
1136 671 1508 725 instrumentis
1535 671 1811 725 bonorum

219 781 478 834 operum,
529 766 581 818 in
625 780 730 834 qua
774 779 970 835 magna
998 763 1264 818 brevitate
1300 761 1430 832 quid
1474 763 1559 833 agi
1604 761 1800 836 quidve

216 859 381 911 vitari
413 857 625 923 debeat,
654 859 979 914 continetur.
1007 856 1066 911 In
1096 856 1287 930 primis
1316 855 1602 910 Dominum
1629 855 1799 910 Deum

217 957 373 1004 tuum
412 951 634 1024 diligere
661 968 726 1006 ex
754 958 869 1007 toto
899 951 1095 1018 corde,
1137 958 1248 1005 tota
1287 950 1502 1020 anima,
1541 957 1652 1004 tota
1686 947 1798 1004 vir-

216 1051 369 1109 tute,
417 1043 610 1099 deinde
639 1044 943 1116 proximum
992 1051 1249 1114 tanquam
1295 1043 1548 1112 teipsum.
1598 1040 1798 1098 Deinde

214 1148 326 1188 non
362 1135 642 1201 occidere,
682 1151 789 1191 non
831 1135 1171 1199 adulterare,
1212 1149 1320 1189 non
1354 1132 1533 1190 facere
1563 1131 1812 1199 furtum,

213 1245 323 1283 non
356 1230 770 1300 concupiscere,
807 1244 915 1283 non
944 1227 1137 1296 falsum
1174 1227 1538 1282 testimonium
1583 1225 1815 1296 dicere,

213 1323 487 1376 honorare
521 1336 708 1378 omnes
751 1320 1035 1386 homines,
1080 1327 1134 1374 et
1176 1318 1318 1390 quod
1364 1318 1469 1373 sibi
1512 1319 1633 1390 quis
1681 1315 1797 1372 fieri

211 1406 322 1472 non
348 1411 493 1476 vult,
536 1412 626 1468 alii
654 1429 720 1466 ne
749 1411 929 1468 faciat.
972 1411 1257 1482 Abnegare
1284 1411 1632 1480 semetipsum
1660 1409 1793 1474 sibi,

207 1514 272 1559 ut
319 1514 577 1576 sequatur
619 1505 916 1562 Christum.
973 1505 1182 1577 Corpus
1227 1504 1526 1574 castigare,
1577 1502 1812 1560 delicias

207 1600 319 1648 non
349 1594 598 1666 amplecti
618 1634 634 1660 ,
667 1594 935 1667 jejunium
965 1608 1149 1649 amare
1169 1635 1182 1662 ,
1213 1609 1480 1666 pauperes
1513 1603 1760 1648 recreare
1779 1634 1793 1660 ,

206 1687 415 1743 nudum
446 1687 678 1754 vestire,
724 1686 1001 1742 infirmum
1032 1687 1282 1750 visitare,
1327 1693 1599 1742 mortuum
1643 1700 1797 1757 sepe-

203 1772 339 1845 lire,
382 1778 435 1833 in
467 1778 814 1836 tribulatione
843 1778 1165 1846 subvenire,
1204 1777 1472 1834 dolentem
1505 1776 1789 1834 consolari.

1905 572 2009 638 non
2054 584 2218 652 vidit,
2268 602 2358 639 nec
2406 587 2551 642 auria
2601 579 2830 658 audiuit,
2881 581 2982 653 nec}
3018 594 3073 652 in
3117 572 3211 654 cor
3249 572 3474 661 homini.

1903 677 2156 742 ascendit,
2197 695 2312 749 qua:
2349 681 2664 751 prwparavlz
2702 681 2842 752 Deus
2871 686 2952 740 his
2979 688 3069 757 qui
3094 689 3319 760 diligunt
3357 711 3474 749 eum

1904 766 2059 836 (Isai.
2085 785 2230 836 mv,
2253 769 2319 837 4;
2351 769 2380 824 Ι
2403 769 2525 825 Cor.
2551 787 2611 838 ιι,
2635 771 2716 844 9).
2784 793 2786 795 ν

1943 880 1953 890 ”
2607 883 2750 938 XXII

1905 955 1972 1024 Ut
2007 986 2182 1027 omnes
2215 971 2396 1041 ﬁdeles
2421 975 2707 1100 oraticgtem
2736 975 3064 1034 Dominicam
3098 987 3146 1034 et
3181 981 3471 1052 symbolum

2611 1058 2778 1100 tacent

2611 1058 2778 1102 tscant

1971 1134 2356 1193 Commonendi
2381 1148 2510 1194 sunt
2535 1139 2720 1196 fideles
2748 1149 2807 1196 ut
2829 1143 3156 1213 generaliter
3179 1161 3395 1214 omnes,
3439 1164 3470 1204 a

1899 1225 2123 1282 minimo
2155 1241 2324 1296 usque
2349 1229 2417 1284 ad
2448 1231 2774 1297 maximum,
2805 1235 3104 1291 cntionem
3135 1235 3472 1295 Dominicam

1897 1325 1952 1372 et
1976 1318 2276 1389 symbolum
2311 1321 2558 1388 discant;
2599 1331 2655 1388 et
2684 1326 2971 1382 dicendum
3003 1328 3106 1393 eis,
3133 1331 3278 1400 quod
3305 1331 3362 1386 in
3388 1332 3474 1389 his

1898 1409 2106 1466 duabus
2148 1414 2430 1468 sententiis
2457 1429 2618 1470 unane
2644 1416 2768 1472 fidei
2797 1412 3120 1478 Christiana:
3156 1421 3476 1479 fundamen-

1898 1508 2012 1557 tum
2043 1503 2337 1570 incumbit;
2379 1514 2435 1560 et
2472 1505 2575 1561 nisi
2605 1507 2730 1576 quis
2765 1507 2864 1568 has
2902 1509 3036 1564 duas
3073 1511 3372 1567 sententias
3415 1521 3473 1569 et

1897 1594 2212 1650 memoriter
2239 1597 2508 1662 tenuerit,
2545 1605 2601 1651 et
2628 1613 2695 1653 ex
2726 1607 2842 1654 toto
2872 1601 3035 1655 corde
3065 1602 3387 1670 crediderit,
3419 1611 3476 1660 et

1896 1683 1952 1738 in
1971 1685 2218 1742 oratione
2240 1688 2538 1758 saepissime
2561 1689 3006 1761 frequentaverit,
3029 1692 3329 1750 catholicus
3351 1710 3476 1752 esse

1895 1793 2000 1832 non
2052 1780 2270 1848 poterit.
2335 1780 2700 1838 Constitutum
2757 1800 2993 1856 namque
3042 1795 3125 1842 est
3179 1798 3240 1842 ut
3296 1789 3476 1844 nullus

201 1866 250 1924 Δ
298 1868 478 1925 saeculi
526 1871 736 1926 actibus
783 1886 842 1926 se
890 1867 1073 1927 facere
1123 1870 1376 1927 alienum.
1434 1868 1576 1924 Nihil
1622 1869 1791 1924 amori
1819 1853 1867 1918 Β
1895 1870 2238 1936 chrismetur,
2264 1887 2440 1944 neque
2464 1874 2791 1944 baptizetur,
2816 1853 3290 1948 nequealavacro
3311 1881 3476 1939 fontis

203 1958 409 2015 Christi
447 1975 798 2031 prmponere,
850 1961 984 2016 iram
1021 1976 1127 2016 non
1163 1961 1459 2032 perficere,
1503 1959 1794 2016 iracundia:

204 2059 419 2122 tempus
446 2067 558 2106 non
590 2067 903 2117 reservare,
944 2051 1123 2108 dolum
1156 2052 1208 2106 in
1240 2052 1400 2108 corde
1437 2068 1542 2108 non
1577 2061 1786 2122 tenere,

204 2157 399 2224 pacem
421 2141 612 2201 falsam
635 2159 741 2200 non
765 2144 913 2210 dare,
930 2143 1251 2198 charitatem
1272 2159 1377 2199 non
1394 2144 1787 2220 derelinquere.

201 2231 320 2288 Non
353 2234 573 2306 jurare,
616 2249 684 2290 ne
723 2234 863 2291 forte
898 2233 1162 2305 perjures.
1209 2234 1507 2290 Veritatem
1534 2251 1600 2294 ex
1631 2237 1793 2292 corde

199 2320 257 2380 et
283 2339 380 2380 ore
409 2324 677 2395 proferre,
705 2325 908 2388 malum
938 2340 1037 2400 pro
1067 2324 1211 2381 malo
1238 2342 1346 2382 non
1376 2327 1627 2394 reddere,
1654 2320 1795 2399 inju-

198 2415 344 2472 riam
383 2432 493 2472 non
531 2417 741 2484 facere,
787 2418 882 2474 sed
919 2426 974 2474 et
1013 2416 1211 2473 factam
1249 2420 1520 2490 patienter
1544 2419 1788 2476 sufferre.

200 2507 461 2564 Inimicos
509 2510 773 2580 diligere,
820 2509 1216 2566 “maledicentes
1269 2526 1379 2565 non
1432 2511 1754 2568 maledicere
1815 2513 1818 2520 '

200 2600 300 2655 sed
348 2600 523 2672 magis
563 2601 906 2657 benedicere.
962 2601 1405 2657 Persecutionem
1445 2617 1545 2671 pro
1582 2603 1792 2673 justitia

198 2692 492 2747 sustinere.
526 2690 642 2748 Non
669 2707 791 2748 esse
815 2691 1132 2762 superbum,
1163 2707 1271 2746 non
1296 2691 1656 2758 vinolentum,
1686 2709 1793 2748 non

197 2781 432 2839 malum
476 2783 734 2850 edacem,
783 2797 892 2839 non
928 2783 1326 2838 somnolentum
1349 2824 1362 2849 ,
1406 2797 1516 2838 non
1543 2783 1790 2854 pigrum,

196 2892 310 2932 non
356 2891 758 2933 murmurosum
787 2918 801 2942 ,
853 2892 962 2932 non
997 2878 1381 2932 detractorem.
1437 2874 1600 2946 Spem
1635 2864 1790 2930 Suam

197 2970 313 3026 Deo
335 2971 700 3026 comihittere.
746 2970 955 3026 Bonum
985 2969 1188 3040 aliquid
1217 2969 1272 3024 in
1309 2984 1370 3024 se
1398 2985 1521 3025 cum
1554 2968 1786 3036 viderit,

198 3061 318 3120 Deo
351 3064 584 3134 applicet
584 3105 614 3144 λ
663 3079 772 3120 non
811 3064 964 3119 sibi:
1011 3062 1213 3118 malum
1244 3075 1374 3118 vero
1401 3077 1618 3131 semper
1658 3077 1687 3114 a
1730 3063 1818 3117 se'

196 3160 404 3216 factum
435 3162 607 3227 sciat,
639 3169 698 3215 et
723 3160 827 3215 sibi
865 3166 1097 3232 reputet.
1151 3157 1305 3213 Diem
1342 3156 1533 3226 iudicii
1573 3156 1785 3219 timere,

195 3253 503 3323 gehennam
529 3267 910 3323 expavescere,
936 3251 1100 3305 vitam
1127 3257 1385 3305 aeternam
1415 3249 1560 3304 omni
1591 3263 1790 3303 concu-

194 3344 468 3414 piscentia
496 3343 730 3415 spiritali
759 3343 1101 3408 desiderare,
1131 3349 1362 3397 mortem
1393 3338 1632 3410 quotidie
1665 3348 1790 3394 ante

196 3438 386 3493 oculos
413 3445 718 3507 suspectam
742 3437 965 3492 habere.
1000 3435 1167 3490 Actus
1194 3433 1318 3488 vitae
1344 3447 1456 3487 suae
1478 3431 1626 3486 omni
1657 3431 1791 3485 hora

194 3527 500 3585 custodire.
538 3527 596 3582 In
623 3526 771 3582 omni
796 3526 916 3581 loco
942 3525 1113 3580 Deum
1139 3540 1199 3579 se
1221 3522 1495 3592 respicere
1518 3535 1618 3590 pro
1639 3528 1790 3575 certo
1821 3521 1824 3524 ’

195 3623 364 3679 scire.
394 3619 767 3692 Cogitationes
787 3619 961 3674 malas
988 3617 1138 3672 cordi
1163 3631 1264 3671 suo
1287 3613 1638 3669 advenientes
1663 3627 1791 3666 mox

197 3713 260 3770 ad
283 3711 575 3769 Christum
602 3709 847 3773 allidere,
878 3717 936 3763 et
965 3707 1167 3764 seniori
1197 3706 1429 3778 spiritali
1461 3703 1789 3774 patefacere.

197 3807 267 3864 Os
297 3817 463 3862 suum
496 3817 526 3857 a
558 3801 705 3856 malo
733 3799 817 3856 vel
851 3815 1023 3872 pravo
1059 3797 1272 3868 eloquio
1309 3794 1613 3858 custodire,
1655 3791 1794 3847 mul-

198 3909 312 3956 tum
341 3895 488 3967 loqui
517 3909 626 3950 non
654 3909 858 3958 amare,
887 3893 1053 3949 verba
1079 3905 1218 3945 vana
1245 3898 1340 3944 aut
1366 3886 1497 3942 risui
1528 3892 1653 3956 apta
1681 3899 1788 3939 non

197 3988 389 4059 loqui,
449 3988 620 4043 risum
675 3984 900 4040 multum
948 3990 1044 4037 aut
1083 3995 1372 4060 excussum
1423 3981 1532 4032 non
1579 3989 1784 4030 amare.

198 4081 483 4137 Lectiones
515 4087 737 4134 sanctas
769 4077 1003 4132 libenter
1030 4073 1236 4137 audire,
1267 4069 1500 4126 orationi
1529 4067 1786 4138 frequen-

200 4182 282 4228 ter
308 4171 641 4234 incumbere,
668 4168 810 4224 mala
839 4183 937 4222 sua
963 4165 1237 4236 praeterita
1265 4177 1390 4218 cum
1421 4159 1677 4231 lacrymis
1701 4157 1790 4213 vel

199 4264 400 4336 gemitu
431 4262 670 4333 quotidie
703 4261 757 4314 in
797 4258 1044 4315 oratione
1072 4257 1185 4311 Deo
1223 4254 1488 4310 confiteri.
1540 4253 1617 4308 De
1655 4251 1790 4322 ipsis

198 4357 359 4415 malis
401 4355 468 4411 de
514 4364 711 4411 caetero
755 4352 1088 4418 emendare,
1137 4349 1407 4405 desideria
1453 4348 1635 4402 carnis
1679 4363 1789 4401 non

197 4452 482 4524 perlicere.
530 4449 877 4506 Voluntatem
920 4445 1198 4518 propriam
1244 4443 1453 4508 odisse,
1503 4439 1788 4513 prmceptis

1893 1963 2034 2018 illius
2069 1966 2418 2036 suscipiatur,
2457 1982 2633 2039 neque
2663 1984 2846 2026 coram
2875 1971 3132 2042 episcopo
3169 1974 3237 2029 ad
3278 1974 3477 2030 conﬁr-

1891 2057 2147 2112 mandum
2186 2059 2484 2127 quemlibet
2525 2069 2739 2126 teneat,
2784 2061 2887 2117 nisi
2926 2063 3228 2134 symbolum
3263 2072 3320 2120 et
3352 2079 3502 2121 ora--

1891 2149 2096 2204 tionem
2125 2150 2460 2206 Dominicam
2489 2155 2806 2209 memoriter
2835 2156 3094 2221 tenuerit,
3124 2158 3364 2229 exceptis
3390 2157 3478 2214 his

1893 2255 2031 2310 quos
2054 2242 2124 2296 ad
2147 2241 2478 2312 loquendum
2505 2251 2641 2299 aetas
2666 2245 2887 2300 minime
2911 2245 3164 2316 perduxit

2589 2358 2776 2415 XXIII.

1897 2443 1968 2501 Ut
1989 2463 2167 2504 omnes
2196 2449 2274 2505 bis
2302 2449 2488 2504 saltem
2513 2451 2767 2521 quotidie,
2797 2467 2952 2507 mane
2980 2461 3030 2507 et
3055 2454 3279 2526 vesperi,
3307 2451 3476 2523 Deum

2601 2537 2630 2574 ο
2637 2532 2746 2575 rent

1963 2608 2264 2690 Dicendum
2293 2609 2402 2694 illis
2427 2619 2489 2666 ut
2515 2611 2744 2680 singulis
2771 2613 2961 2672 diebus
2987 2614 3078 2696 qui
3110 2614 3340 2688 amplius
3366 2629 3475 2671 non

1891 2708 2091 2770 potest,
2125 2699 2316 2755 saltem
2349 2700 2558 2756 duabus
2587 2702 2796 2758 vicibus
2826 2712 2976 2769 oret,
3002 2718 3162 2760 mane
3188 2704 3396 2760 scilicet
3423 2711 3478 2760 et

1890 2805 2151 2861 vespere,
2194 2791 2382 2846 dicens
2409 2793 2716 2862 symbolum
2734 2834 2748 2860 ,
2777 2794 2865 2849 vel
2902 2796 3204 2850 orationem
3234 2795 3478 2850 Dominis

1892 2897 2033 2950 cam,
2047 2883 2133 2938 vel
2152 2882 2285 2950 :Qui
2309 2883 2588 2954 plasmasti
2606 2901 2712 2950 me,
2729 2887 2988 2942 miserere
3019 2887 3144 2951 mei,
3163 2887 3249 2942 vel
3276 2887 3440 2942 etiam
3457 2903 3471 2940 :
3508 2885 3516 2890 ’

1891 2975 2052 3042 Dens,
2090 2975 2359 3045 propitius
2393 2982 2513 3032 esto
2543 2977 2676 3032 mihi
2707 2978 3004 3047 peccatori,
3029 2986 3086 3033 et
3120 2977 3234 3032 Deo
3268 2977 3475 3050 gratias

1888 3081 1987 3137 pro
2007 3065 2336 3135 quotidianae
2355 3065 2481 3120 vitae
2501 3067 2912 3134 commeatibus,
2929 3073 2985 3121 et
3006 3067 3132 3138 quia
3159 3082 3219 3122 se
3249 3067 3316 3121 ad
3341 3066 3480 3120 ima-

1891 3157 2070 3228 ginem
2113 3172 2269 3214 suam
2308 3173 2498 3214 creare
2539 3157 2794 3229 dignatus
2837 3159 2943 3224 sit,
2999 3167 3057 3213 et
3101 3173 3133 3212 a
3173 3156 3476 3228 pecudibus

1889 3267 2199 3326 segregare.
2250 3253 2347 3310 His
2381 3255 2520 3310 actis
2553 3261 2606 3310 et
2641 3252 2759 3308 soio
2811 3252 2922 3307 Deo
2955 3257 3204 3306 creatam
3251 3263 3349 3304 suo
3384 3247 3480 3302 ad-

1891 3356 2067 3413 orato,
2098 3356 2319 3404 sanctos
2348 3347 2582 3410 invocet,
2601 3352 2661 3400 ut
2684 3357 2785 3415 pro
2813 3358 2872 3398 se
2901 3341 3240 3397 intercedere
3266 3338 3336 3394 ad
3361 3352 3480 3393 ma—

1887 3442 2139 3512 jestntem
2191 3441 2434 3496 divinam
2487 3439 2797 3506 dignentur.
2857 3434 2983 3489 Haec
3030 3432 3235 3487 faciant
3280 3429 3480 3499 quibus

1892 3529 2130 3586 basilicae
2158 3527 2310 3585 locus
2337 3542 2506 3600 prope
2531 3536 2654 3592 est,
2700 3527 2756 3580 in
2800 3523 3069 3580 basilica:
3117 3519 3211 3590 qui
3248 3532 3378 3573 vero
3424 3518 3481 3572 in

1895 3619 2122 3682 itinere,
2163 3627 2257 3672 aut
2294 3633 2396 3688 pro
2422 3616 2663 3685 qualibet
2696 3613 2985 3670 occasione
3016 3610 3072 3664 in
3101 3608 3254 3666 silvis
3291 3614 3386 3660 aut
3423 3606 3479 3660 in

1895 3711 2040 3781 agris
2087 3717 2211 3774 est,
2263 3708 2570 3778 ubicunque
2611 3721 2735 3760 eum
2774 3705 2891 3774 ipsa
2923 3703 3057 3764 hora
3097 3698 3366 3754 matutina
3393 3695 3480 3750 vel

1893 3798 2202 3870 vespertina
2229 3798 2518 3862 invenerit,
2549 3796 2630 3852 sic
2657 3794 2842 3859 faciat,
2875 3793 3056 3848 sciens
3081 3790 3251 3846 Deum
3277 3788 3480 3857 ubique

1891 3901 2214 3964 praesentem
2242 3907 2393 3957 esse,
2437 3891 2650 3947 dicente
2679 3888 3009 3946 Psalmista:
3063 3886 3132 3940 In
3177 3883 3318 3938 omni
3364 3881 3480 3936 loco

1889 3985 2263 4041 dominationis
2289 3986 2406 4055 eius
2435 3981 2609 4056 (Paul.
2637 3998 2729 4047 cu,
2754 3981 2882 4054 22);
2911 3988 2991 4046 et,
3025 3977 3087 4034 Si
3114 3975 3395 4032 escendero
3422 3974 3480 4027 in

1888 4073 2095 4142 ccelum,
2123 4084 2179 4129 tu
2203 4075 2276 4130 ibi
2301 4092 2355 4130 ea
2383 4073 2556 4147 (Psal.
2583 4087 2850 4138 cxxxvm,
2877 4070 2956 4142 8),
2984 4077 3092 4125 etc.

2587 4184 2784 4240 XXIV.

2257 4255 2336 4310 De
2356 4255 2683 4310 observantia
2711 4253 2815 4307 diei
2846 4246 3128 4305 Dominici.

1963 4348 2078 4405 Diei
2105 4363 2232 4403 vero
2260 4347 2550 4413 Dominici,
2591 4345 2717 4415 quia
2748 4345 2802 4398 in
2831 4358 2894 4398 eo
2925 4341 3065 4395 Deus
3090 4337 3268 4392 lucem
3292 4329 3478 4394 condi-

1893 4429 2002 4508 dit,
2050 4439 2104 4497 in
2152 4455 2217 4496 eo
2258 4454 2455 4494 manna
2492 4437 2547 4492 in
2579 4451 2765 4493 eremo
2788 4434 2944 4505 pluit,
2978 4433 3030 4488 in
3060 4447 3125 4488 eo
3156 4429 3484 4514 Redemptor
3516 4482 3521 4487 .

199 4521 499 4600 sacerdotis
528 4549 582 4597 et
610 4539 960 4612 prmceptoris
988 4538 1043 4592 in
1073 4537 1322 4592 omnibus
1351 4534 1588 4598 obedire,
1622 4535 1785 4588 etiam
1815 4573 1867 4633 D
1895 4533 2115 4590 humani
2150 4530 2366 4602 generis
2413 4538 2601 4600 sponte
2627 4543 2725 4600 pro
2770 4526 2940 4582 salute
2971 4532 3155 4581 nostra
3195 4521 3484 4633 mprtpis

199 4638 243 4694 si
275 4639 392 4708 ipse
424 4637 599 4703 aliter,
642 4635 786 4707 quod
821 4633 978 4697 absit,
1014 4639 1167 4703 agat,
1209 4645 1479 4686 memores
1505 4627 1650 4684 illius
1679 4628 1786 4683 Do-

199 4729 389 4787 minici
435 4728 692 4801 praecepti
719 4746 731 4781 :
771 4725 902 4792 Qua:
931 4725 1112 4780 dicunt
1143 4723 1320 4796 facite,
1351 4739 1469 4795 qua:
1501 4731 1674 4777 autem
1703 4721 1787 4792 fa-

198 4826 346 4880 ciunt
376 4824 552 4893 facere
580 4820 738 4876 nolite
769 4819 984 4892 (Matth.
1017 4834 1174 4882 xxul,
1202 4815 1281 4890 '5).
1337 4814 1454 4872 Non
1497 4814 1635 4870 velle
1681 4811 1788 4868 dici

199 4924 455 4973 sanctum
493 4923 785 4984 antequam
823 4911 926 4977 sit,
967 4908 1062 4966 sed
1099 4908 1250 4980 prius
1286 4924 1406 4964 esse
1439 4906 1581 4976 quod
1612 4902 1790 4961 veriUs

199 5008 438 5064 dicatur.
492 5005 771 5077 Praecepta
818 5003 915 5059 Dei
961 5002 1119 5059 factis
1168 5002 1409 5074 quotidie
1460 4999 1788 5070 adimplere,

200 5102 514 5159 castitatem
543 5114 747 5163 amare,
780 5096 986 5153 nullum
1016 5096 1216 5163 odisse,
1247 5093 1420 5149 zelum
1451 5102 1504 5148 et
1534 5093 1790 5148 invidiam

199 5211 308 5251 non
353 5191 590 5259 habere,
643 5188 1046 5246 contentionem
1087 5202 1194 5244 non
1238 5201 1455 5251 amare,
1503 5184 1793 5241 elationem

200 5285 432 5359 fugere,
475 5292 532 5340 et
572 5283 815 5340 seniores
849 5281 1132 5348 venerari,
1169 5278 1415 5350 iuniores
1443 5279 1686 5352 diligere.
1731 5277 1792 5340 In

200 5377 412 5436 Christi
453 5392 640 5433 amore
675 5390 775 5448 pro
803 5372 1041 5429 inimicis
1075 5387 1254 5428 orare.
1307 5371 1441 5427 Cum
1478 5369 1794 5427 discordan-

203 5472 351 5532 tibus
379 5479 507 5525 ante
537 5469 667 5526 solis
692 5483 947 5524 occasum
978 5465 1033 5522 in
1062 5479 1250 5536 pacem
1281 5464 1459 5520 redire
1482 5504 1496 5529 ,
1524 5471 1580 5518 et
1607 5463 1671 5518 de
1698 5461 1795 5516 Dei

202 5562 584 5620 misericordia
630 5574 909 5630 nunquam
955 5557 1264 5627 desperare.
1320 5555 1461 5610 Ecce
1510 5554 1626 5608 hmc
1671 5561 1796 5609 sunt

204 5657 572 5712 instrumenta
611 5653 746 5708 artis
784 5649 1066 5723 spiritalis,
1100 5664 1219 5718 qua:
1247 5663 1368 5703 cum
1400 5646 1601 5702 fuerint
1633 5662 1662 5701 a
1693 5662 1793 5701 no-

201 5745 290 5803 bis
317 5748 408 5802 die
437 5755 708 5814 noctuque
740 5739 1137 5798 incessabiliter
1167 5737 1483 5808 adimpleta,
1531 5744 1583 5790 et
1625 5737 1675 5789 in
1710 5735 1797 5791 die

202 5834 400 5926 iudicii
443 5836 818 5912 reconsignata
842 5873 858 5906 ,
909 5832 999 5892 illa
1047 5845 1258 5888 merces
1299 5828 1456 5887 nobis
1498 5843 1528 5884 a
1570 5826 1796 5886 Domino

1894 4626 2216 4691 resurrexit,
2246 4624 2298 4679 in
2335 4638 2398 4678 eo
2421 4621 2681 4694 Spiritum
2715 4627 2961 4676 sanctum
2993 4630 3154 4688 super
3191 4613 3482 4686 discipulos

1893 4715 2106 4782 infudit,
2141 4722 2290 4769 tanta
2319 4727 2438 4768 esse
2465 4711 2625 4767 debet
2650 4707 3016 4774 observantia,
3049 4715 3107 4761 ut
3134 4715 3334 4778 praeter
3360 4719 3484 4760 ora-

1894 4808 2090 4872 tiones,
2123 4813 2178 4860 et
2203 4803 2488 4859 missarum
2517 4799 2800 4866 solemnia,
2828 4807 2884 4854 et
2920 4814 2981 4854 ea
3013 4812 3135 4868 quae
3169 4795 3238 4850 ad
3261 4809 3483 4851 vescen-

1895 4899 2022 4953 dum
2046 4896 2338 4969 pertinent,
2371 4891 2505 4948 nihil
2531 4890 2677 4946 aliud
2699 4889 2811 4943 flat.
2853 4887 2989 4942 Nam
3010 4887 3074 4943 'et
3110 4887 3154 4942 si
3184 4884 3482 4941 necessitas

1895 4989 2059 5044 fuerit
2103 4985 2408 5059 navigandi,
2439 4985 2552 5041 sive
2587 4982 2898 5051 itinerandi,
2939 4981 3156 5038 licentia
3189 4980 3376 5044 datur,
3407 4977 3484 5029 ita

1897 5087 2175 5150 duntaxat,
2223 5090 2282 5138 ut
2329 5083 2524 5137 horum
2573 5079 2862 5136 occasione
2903 5077 3071 5134 missa
3109 5083 3164 5131 et
3210 5071 3484 5128 orationes

1897 5193 2006 5247 non
2029 5175 2529 5249 praetermittantur.
2563 5170 3009 5228 Conveniendum
3035 5177 3118 5226 est
3145 5163 3369 5222 sabbato
3399 5160 3484 5214 die

1897 5285 2021 5325 cum
2055 5268 2410 5324 luminaribus
2439 5265 2660 5322 cuilibet
2704 5263 3017 5320 Christiano
3061 5257 3126 5311 ad
3170 5251 3482 5317 ecclesiam,

1897 5362 2325 5430 conveniendum
2352 5369 2437 5417 est
2458 5361 2524 5416 ad
2550 5359 2760 5431 vigilias
2791 5357 2904 5413 sive
2932 5353 2999 5409 ad
3027 5346 3352 5406 matutinum
3371 5343 3486 5401 olli-

1899 5454 2063 5511 cium.
2095 5452 2537 5510 Concurrendum
2568 5460 2652 5506 est
2681 5449 2845 5504 etiam
2870 5459 2995 5501 cum
3022 5437 3386 5497 oblationibus
3417 5437 3486 5493 ad

1896 5548 2185 5603 missarum
2203 5543 2485 5602 solemnia.
2506 5542 2574 5598 Et
2589 5543 2716 5595 dum
2740 5539 2805 5593 ad
2830 5535 3116 5591 ecclesiam
3139 5533 3483 5589 convenitur.

1899 5641 2046 5696 nulla
2088 5655 2250 5695 causa
2299 5637 2404 5693 dici
2451 5635 2610 5692 debet
2637 5631 2722 5686 vel
2752 5627 2950 5695 audiri,
2991 5626 3136 5683 nulla
3156 5625 3339 5700 jurgia
3362 5627 3488 5679 sunt

1899 5733 2183 5788 habenda:
2221 5729 2316 5785 sed
2361 5722 2734 5780 tantummodo
2772 5719 2884 5775 Deo
2922 5718 3223 5776 vacandum
3268 5721 3380 5779 est,
3429 5709 3487 5766 in

1901 5823 2266 5882 celebratione
2292 5815 2542 5874 videlicet
2570 5828 2849 5871 sacrorum
2878 5811 3209 5878 ciliciorum,
3250 5812 3308 5862 et
3332 5799 3490 5864 exhi~
