4046 6458
535 405 640 468 199

1530 405 1923 467 THEODULFI
1959 399 2515 464 AURELIANENSIS
2553 402 2771 463 EPISC.

3695 403 3805 469 200

529 523 736 580 bitione
761 512 1249 594 eleemosynarum,
1279 526 1336 576 et
1355 518 1412 576 in
1439 518 1535 576 Dei
1559 521 1806 578 laudibus
1829 536 1953 578 cum
1975 520 2110 577 ami—
2134 521 2190 584 Α
2213 515 2442 591 (Matth.
2487 531 2602 583 xvi,
2644 515 2795 588 26)?
2832 513 3030 587 quippe
3060 527 3188 572 cum
3233 513 3355 574 aliis
3395 517 3646 577 videatur
3685 526 3815 594 pius

531 620 630 686 cis,
663 617 928 691 proximis
949 624 1004 673 et
1027 614 1332 689 peregrinis
1361 615 1679 687 spiritaliter
1705 615 2054 688 epulandum.

1243 731 1411 787 XXV.

1243 732 1344 787 XX
1398 771 1411 785 .

555 823 624 877 Ut
648 823 1058 894 hospitalitatem
1085 839 1262 878 omnes
1290 732 1512 895 diligant
1540 833 1588 880 et
1615 824 1779 896 gratis
1805 823 2099 879 exhibeant.

604 937 946 994 Admonendi
971 946 1096 993 sunt
1117 945 1176 992 ut
1197 936 1625 1008 hospitalitatem
1645 936 1893 1007 diligant,
1916 943 1971 990 et
1991 935 2122 990 nulli

534 1031 833 1102 hospitium
855 1032 1100 1104 praebere
1128 1033 1456 1099 detrectent,
1487 1041 1542 1088 et
1570 1033 1618 1087 si
1646 1034 1732 1089 cui
1763 1031 1903 1088 forte
1932 1030 2120 1100 liOSpi-

537 1122 673 1178 tium
693 1124 1068 1192 praestiterint,
1095 1123 1295 1178 nullam
1321 1125 1389 1179 ab
1412 1139 1478 1180 eo
1499 1124 1804 1179 mercedem
1827 1121 2117 1192 accipiant,

534 1212 640 1267 nisi
671 1212 813 1268 forte
858 1214 968 1280 ille,
1000 1215 1091 1284 qui
1122 1231 1152 1268 a
1176 1222 1230 1269 te
1261 1215 1545 1285 recipitur,
1573 1222 1765 1284 sponte
1795 1229 1891 1268 sua
1922 1211 2124 1281 aliquid

537 1305 646 1360 det.
690 1304 1095 1375 Dicendumque
1119 1307 1228 1362 illis
1261 1307 1498 1376 qualiter
1533 1307 1688 1361 multi
1711 1321 1808 1376 per
1837 1305 2122 1375 hospitali-

534 1395 666 1451 tatis
694 1395 929 1450 oflicium
955 1395 1065 1451 Deo
1088 1394 1428 1466 placuerunt,
1453 1397 1664 1452 dicente
1688 1396 1948 1465 Apostolo
1969 1436 1984 1461 ,
2016 1393 2125 1449 Per

533 1486 671 1540 hanc
713 1488 851 1542 enim
893 1486 1203 1558 placuerunt
1242 1488 1457 1559 quidam
1496 1487 1638 1553 Deo,
1670 1485 1869 1558 angelis
1901 1486 2123 1555 hospitio

532 1581 787 1650 susceptis
817 1578 1003 1652 (Hebr.
1037 1597 1156 1646 xm,
1185 1580 1262 1651 2).
1294 1581 1364 1634 Ει
1402 1581 1627 1645 iterum,
1674 1579 1972 1651 Hospitales
2012 1580 2124 1633 sine

531 1669 1014 1742 murmuratione,(l
1030 1669 1174 1726 Petr.
1203 1688 1277 1736 ιν,
1293 1671 1368 1740 9).
1395 1672 1463 1726 Ει
1485 1672 1597 1742 ipse
1618 1671 1876 1727 Dominus
1899 1673 1966 1726 ad
1979 1669 2126 1740 judi-

532 1759 678 1814 cium
725 1760 969 1815 dicturus
1018 1769 1123 1827 est,
1161 1760 1365 1832 Hospes
1407 1778 1574 1827 eram,
1625 1771 1673 1815 et
1721 1759 2000 1830 collegistis
2043 1775 2124 1813 me

533 1848 752 1921 (Matth.
787 1867 914 1916 xxv,
955 1851 1067 1922 55).
1111 1851 1301 1907 Sciant
1343 1868 1476 1907 sane
1509 1852 1818 1922 quicunque
1846 1850 2125 1920 hospitali-

532 1947 702 1994 tatem
751 1948 955 2006 amant,
993 1939 1271 1996 Christum
1310 1958 1368 1996 sc
1415 1943 1471 1996 in
1511 1942 1813 2012 hospitibus
1856 1943 2116 2013 recipere.

495 2019 505 2064 Ῐ
532 2029 668 2084 Nam
698 2029 787 2086 ille
809 2032 1000 2086 modus
1028 2032 1414 2102 hospitalitatis
1440 2049 1546 2088 non
1573 2033 1744 2089 solum
1773 2034 2119 2100 inhumanus,

532 2121 628 2175 sed
651 2121 819 2176 etiam
849 2122 1084 2178 crudelis
1114 2131 1214 2190 est,
1262 2139 1368 2194 quo
1399 2140 1676 2195 nunquam
1704 2127 1901 2195 hospes
1937 2125 1992 2180 in
2027 2126 2124 2180 do-

532 2225 682 2266 mum
709 2222 835 2266 ante
863 2213 1145 2284 recipitur,
1176 2215 1284 2269 nisi
1303 2229 1456 2286 prtus
1483 2215 1646 2270 dandi
1672 2215 1889 2285 hospitii
1911 2229 2122 2272 merces

531 2311 935 2373 compensetur,
957 2313 1013 2360 et
1040 2305 1186 2375 quod
1208 2305 1471 2362 Dominus
1502 2323 1664 2378 agere
1683 2307 1846 2378 jussit
1875 2323 1976 2379 pro
1999 2324 2123 2379 per-

531 2393 782 2462 ceptione
813 2396 968 2467 regni
991 2395 1251 2467 caelestis,
1275 2413 1377 2468 pro
1397 2399 1754 2470 acquisitione
1782 2407 2122 2459 terrenarum

533 2501 719 2544 rerum
747 2499 957 2559 agatur.
1235 2559 1406 2616 xxv]

780 2645 847 2704 Ut
878 2666 912 2706 a
937 2650 1163 2721 periurii
1192 2651 1410 2706 crimine
1437 2649 1618 2721 fideles
1643 2663 1878 2710 caveant.

601 2761 1016 2819 Praedicandum
1054 2771 1140 2820 est
1165 2765 1331 2820 etiam
1369 2773 1431 2820 ut
1478 2765 1776 2836 perjurium
1804 2766 1994 2824 ﬁdeles
2021 2783 2118 2824 ca-

531 2863 716 2920 veant,
745 2865 803 2909 et
821 2855 889 2911 ab
914 2855 1018 2911 hoc
1042 2871 1386 2929 summopere
1407 2858 1735 2926 abstineant,
1761 2861 1993 2916 scientes
2018 2862 2123 2917 hoc

533 2948 737 3018 grande
759 2947 938 3004 scelus
956 2963 1098 3015 esse,
1115 2958 1169 3004 et
1190 2950 1246 3004 in
1268 2949 1402 3021 lege,
1418 2959 1472 3007 et
1492 2951 1788 3021 prophetis,
1814 2952 1928 3007 sive
1945 2951 2124 3007 Evan-

533 3037 674 3109 gclio
709 3035 939 3109 (Matth.
979 3053 1044 3105 v,
1082 3037 1184 3110 35)
1228 3039 1580 3110 prohibitum.
1626 3039 1946 3097 Audivimus
1976 3041 2122 3096 enim

533 3132 798 3202 quosdam
818 3132 1213 3204 parvipendere
1236 3133 1339 3188 hoc
1366 3133 1564 3199 scelus,
1590 3142 1644 3188 et
1669 3133 1841 3190 levem
1863 3135 2123 3206 quodam-

2223 610 2478 675 existere,
2521 607 2741 665 sibimet
2767 607 3004 664 crudelis
3034 607 3256 664 existat.

2895 699 3130 755 XXVIII.

2347 791 2419 849 Ut
2445 793 2731 865 presbyteri
2766 791 2836 848 ad
2864 791 3128 848 docendas
3158 792 3328 863 plebes
3351 805 3458 850 sint
3481 799 3677 867 parati.

2294 881 2591 939 Hortamur
2621 899 2720 938 vos
2757 891 2980 955 paratos
3011 898 3133 938 esse
3176 883 3245 939 ad
3293 883 3563 942 docendas
3608 887 3817 957 plebes.

2224 977 2327 1044 Qui
2364 976 2676 1049 Scripturas
2712 977 2848 1044 scit,
2884 975 3143 1048 praedicet
3175 974 3524 1048 Scripturas:
3567 980 3661 1049 qui
3687 994 3818 1035 vero

2225 1072 2430 1138 nescit,
2464 1071 2658 1127 saltem
2699 1071 2804 1127 hoc
2823 1112 2838 1138 ,
2867 1069 3011 1141 quod
3053 1071 3398 1127 notissimum
3427 1081 3510 1129 est
3529 1114 3544 1139 ,
3570 1074 3819 1144 plebibus

2226 1161 2402 1217 dicat:
2430 1161 2503 1218 Ut
2530 1161 2802 1218 declinent
2831 1177 2862 1216 a
2889 1161 3052 1227 malo,
3081 1169 3136 1217 et
3161 1160 3363 1218 faciant
3395 1163 3597 1218 bonum
3640 1162 3816 1236 (Psal.

2226 1252 2586 1324 xxxm,15);
2628 1254 2907 1324 inquirant
2944 1267 3168 1324 pacem,
3219 1261 3273 1308 ct
3318 1264 3618 1326 sequantur
3661 1271 3817 1323 eam,

2227 1347 2353 1416 quia
2382 1345 2523 1402 oculi
2549 1346 2762 1400 Domini
2789 1361 2952 1416 super
2971 1345 3172 1415 justos,
3199 1355 3254 1400 ct
3280 1361 3441 1402 aures
3469 1345 3585 1416 ejus
3604 1347 3672 1402 ad
3697 1362 3820 1418 pre-

2228 1453 2320 1496 ces
2341 1453 2552 1504 eorum,
2567 1447 2674 1494 etc.
2697 1437 2885 1494 Nullus
2905 1453 3036 1508 ergo
3057 1452 3116 1492 se
3135 1451 3399 1493 excusare
3431 1439 3650 1508 poterit,
3674 1439 3823 1509 quod

2227 1548 2336 1589 non
2366 1533 2564 1588 habeat
2589 1532 2825 1605 linguam
2848 1573 2862 1597 ,
2893 1531 3034 1586 unde
3063 1530 3234 1600 possit
3260 1530 3496 1600 aliquem
3525 1531 3818 1588 aedificare.

2226 1624 2352 1680 Mox
2382 1625 2548 1690 enim,
2577 1633 2637 1678 ut
2659 1624 2954 1694 quemlibet
2990 1630 3265 1678 errantem
3295 1621 3515 1689 viderit,
3545 1632 3707 1693 prout
3729 1638 3821 1693 po-

2231 1723 2337 1770 test
2365 1722 2421 1769 et
2447 1713 2613 1782 valet,
2645 1723 2740 1768 aut
2763 1713 3058 1784 arguendo,
3091 1718 3184 1767 aut
3208 1712 3574 1777 obsecrando,
3615 1720 3710 1767 aut
3739 1712 3821 1767 in-

2230 1807 2534 1876 crepando,
2581 1807 2650 1863 ab
2683 1821 2869 1862 errore
2915 1804 3186 1869 retrahat,
3234 1811 3291 1860 et
3339 1805 3406 1858 ad
3453 1805 3823 1876 peragendum

2153 1877 2202 1938 Β
2227 1900 2431 1956 bonum
2455 1916 2590 1971 opus
2611 1901 2880 1956 hortetur.
2907 1896 3043 1953 Cum
3071 1912 3226 1964 vero,
3243 1896 3474 1953 Domino
3498 1899 3820 1968 opitulante,

2229 1988 2296 2045 ad
2325 1990 2590 2062 synodum
2610 1990 2664 2044 in
2687 2005 2851 2045 unum
2875 1988 3309 2053 convenerimus,
3329 1988 3468 2044 sciat
3487 1988 3642 2044 nobis
3660 2005 3825 2044 unus-

2227 2080 2460 2151 quisque
2484 2079 2690 2146 dicere,
2717 2087 2982 2151 quantum
3022 2078 3252 2134 Domino
3277 2077 3568 2150 adjuvante
3605 2079 3823 2134 labora-

2226 2171 2387 2236 verit,
2417 2179 2512 2226 aut
2535 2186 2696 2242 quem
2725 2170 2961 2226 fructum
2989 2171 3325 2241 acquisierit.
3354 2170 3423 2225 Et
3450 2169 3497 2226 si
3529 2172 3652 2240 quis
3681 2169 3826 2225 forte

2227 2271 2414 2321 nostro
2456 2264 2661 2335 indiget
2687 2256 2988 2334 adjutorio,
3021 2278 3121 2319 nos
3152 2278 3277 2318 cum
3317 2262 3582 2318 cbaritate
3631 2262 3826 2318 admo-

2226 2362 2373 2422 neat,
2398 2363 2454 2410 et
2479 2371 2578 2411 nos
2605 2371 2728 2411 cum
2752 2355 3016 2410 cbaritate
3039 2354 3391 2413 nihilominus
3416 2355 3467 2412 ei
3487 2371 3587 2428 pro
3607 2355 3822 2413 viribus

2228 2446 2561 2518 adjutorium
2590 2448 2735 2505 ferre
2764 2464 2876 2506 non
2897 2447 3230 2505 differemus.

2923 2561 3116 2617 XXIX.

2417 2650 2661 2718 Quonam
2687 2651 2876 2706 orandi
2905 2651 3060 2705 modo
3087 2649 3268 2719 ﬁdeles
3293 2652 3372 2705 uti
3397 2651 3636 2707 debeant.

2295 2749 2604 2804 Admonere
2634 2747 2843 2803 debetis
2870 2745 3086 2812 ﬁdeles,
3118 2755 3178 2800 ut
3204 2746 3578 2802 assiduitatem
3611 2754 3666 2800 et
3703 2754 3825 2803 stu-

2227 2838 2378 2894 dium
2403 2839 2638 2894 habeant
2669 2837 2879 2893 orandi.
2906 2837 3026 2908 Ipse
3051 2845 3232 2892 autem
3258 2838 3450 2894 orandi
3474 2837 3668 2894 modus
3693 2838 3826 2894 talis

2225 2944 2346 2986 esse
2367 2930 2546 2997 debet,
2577 2937 2639 2985 ut
2666 2929 2904 3000 primum
2925 2929 3071 2985 dicto
3092 2928 3354 3001 symbolo,
3379 2931 3530 3000 quasi
3555 2931 3680 2986 ﬁdei
3707 2945 3829 2987 suae

2227 3023 2499 3078 recensita
2524 3021 2897 3088 fundamento,
2925 3020 3073 3077 dicat
3094 3023 3340 3092 quisquis
3373 3031 3457 3078 est
3485 3023 3658 3078 tribus
3687 3022 3829 3078 vici-

2225 3113 2359 3169 bus:
2393 3113 2497 3181 Qui
2524 3114 2804 3186 plasmasti
2825 3129 2932 3180 me,
2965 3115 3226 3171 miserere
3256 3117 3379 3180 mei,
3400 3123 3456 3172 et
3483 3118 3656 3172 tribus
3685 3117 3830 3172 vici-

533 3223 694 3279 modo
739 3203 975 3294 perjuris
1020 3225 1354 3295 paenitentiae
1401 3225 1621 3282 modum
1667 3203 1965 3297 imponere.
2017 3226 2120 3294 Qui
2147 3245 2196 3310 ο
2224 3203 2541 3310 “sine”:
2567 3205 2834 3310 Ρῆνουίξίιξδ
2855 3215 2975 3262 “to
2999 3207 3134 3310 ξῐξίιιί
3155 3210 3448 3310 Ρθθῆείοτίν
3473 3216 3528 3265 εί
3551 3208 3830 3279 θοηιΡῙθδι

531 3331 695 3372 ιιοεεε
717 3317 935 3384 debent,
981 3317 1144 3374 talem
1171 3317 1237 3374 de
1259 3315 1519 3389 perjurio,
1557 3319 1772 3390 qualem
1801 3328 1858 3376 et
1881 3322 1947 3376 de
1970 3322 2124 3378 adul-

537 3409 700 3473 terio,
738 3409 803 3464 de
832 3409 1220 3478 fornicatione,
1264 3411 1330 3466 de
1358 3411 1688 3478 homicidio,
1722 3421 1778 3466 et
1817 3413 1883 3468 de
1910 3413 2122 3470 caeteris

532 3500 906 3557 criminalibns
953 3502 1132 3570 vitiis,
1176 3504 1554 3574 paenitentiam
1605 3505 2008 3575 imponendam.
2037 3506 2122 3564 .Si

531 3593 654 3664 quis
678 3609 809 3649 vero
827 3602 1140 3665 perpetrato
1166 3595 1426 3666 perjurio,
1455 3604 1550 3651 aut
1587 3597 1828 3666 quolibet
1853 3597 2119 3653 criminali

529 3693 782 3755 peccato,
812 3685 1012 3741 timens
1041 3684 1375 3756 paenitentiae
1415 3686 1631 3759 longam
1674 3702 2006 3754 aerumnam,
2053 3688 2122 3744 ad

531 3773 932 3830 confessionem
960 3775 1148 3832 venire
1169 3777 1424 3844 noluerit,
1441 3779 1510 3833 ab
1528 3777 1758 3833 ecclesia
1782 3777 2120 3848 repellendus

531 3875 635 3934 est,
661 3868 775 3922 sive
802 3883 834 3922 a
857 3869 1240 3927 communione
1263 3878 1319 3926 et
1339 3871 1612 3926 consortio
1637 3870 1896 3936 ﬁdelium,
1924 3880 1984 3924 ut
2003 3871 2122 3925 nul-

530 3955 614 4011 lus
643 3973 765 4012 cum
786 3974 851 4014 eo
881 3961 1151 4026 comedat,
1180 3976 1356 4030 neque
1382 3960 1548 4025 bibat,
1573 3974 1748 4029 neque
1775 3967 1916 4028 oret,
1945 3974 2120 4029 neque

531 4047 587 4103 in
612 4063 766 4106 suam
796 4065 920 4108 eum
949 4052 1170 4107 domum
1200 4051 1451 4120 recipiat.

1335 4162 1445 4218 VII.

1335 4162 1374 4216 ν
1431 4202 1445 4218 .

741 4254 811 4310 Ut
833 4272 865 4310 a
890 4249 1027 4325 [also
1053 4162 1346 4311 testimtfi‘o
1378 4163 1561 4326 ﬁdeles
1587 4256 1905 4316 abstineant.

601 4366 897 4426 Dicendum
924 4379 1008 4427 est
1034 4371 1115 4428 eis
1145 4380 1205 4428 ut
1234 4390 1265 4428 a
1292 4371 1430 4430 falso
1457 4375 1622 4430 etiam
1653 4377 1965 4434 testimonio
1995 4374 2120 4434 abs-

531 4461 762 4527 tineant,
801 4460 1034 4516 scientes
1058 4472 1114 4517 et
1138 4463 1244 4518 hoc
1277 4464 1658 4534 gravissimum
1684 4467 1858 4524 scelus
1887 4483 2036 4535 esse,
2067 4476 2121 4522 et

531 4554 598 4607 ab
638 4553 755 4622 ipso
779 4551 1005 4607 Domino
1028 4553 1081 4607 in
1118 4562 1302 4609 monte
1337 4554 1488 4610 Sinai
1516 4557 1872 4627 prohibitum,
1905 4559 2117 4616 dicente

529 4644 720 4701 eodem
773 4644 1040 4712 Domino,
1092 4645 1216 4700 Non
1267 4646 1461 4717 falsum
1515 4651 1867 4706 testimonium
1919 4653 2114 4707 dixeris

531 4738 730 4810 (Exod.
769 4753 860 4802 xx,
896 4737 984 4810 15)
1013 4753 1028 4803 ;
1069 4736 1204 4806 sive,
1236 4738 1400 4794 Testis
1433 4740 1598 4811 falsus
1629 4760 1732 4797 non
1759 4744 1857 4797 erit
1888 4743 2115 4814 impuni-

529 4837 614 4882 tus
645 4828 826 4900 (Prov.
865 4845 978 4896 xix,
1017 4828 1092 4902 5).
1123 4828 1270 4885 Sciat
1290 4846 1347 4886 se
1376 4833 1564 4898 etiam,
1589 4833 1836 4904 quisquis
1863 4834 1964 4890 hoc
1985 4850 2113 4905 per-

485 4908 495 4916 ”
528 4921 847 4991 petraverit,
884 4930 976 4976 aut
1009 4921 1099 4975 tali
1134 4923 1453 4992 pcenitentia
1479 4926 1843 4994 purgandum,
1873 4935 1934 4982 ut
1955 4944 2114 5000 supe-

531 5013 643 5067 rius
673 5013 876 5067 dictum
904 5022 986 5069 est
1021 5013 1086 5069 de
1113 5013 1372 5084 perjurio,
1413 5023 1505 5070 aut
1547 5015 1641 5070 tali
1689 5016 2031 5077 damnatione
2057 5029 2114 5077 et

527 5104 1084 5161 cxcommunicatione
1117 5106 1513 5174 damnandum,
1550 5105 1692 5162 sicut
1737 5111 1985 5180 superius
2023 5112 2110 5168 in-

529 5203 734 5250 sertum
761 5205 860 5250 est.
887 5195 1292 5268 Dicendumque
1320 5196 1426 5254 illis
1447 5207 1532 5253 est
1555 5200 1700 5270 quod
1728 5217 1939 5257 summa
1960 5245 1975 5268 ,
2002 5220 2111 5260 non

528 5289 704 5343 dicam
734 5289 983 5356 stultitia,
1013 5292 1109 5347 sed
1152 5291 1389 5361 nequitia
1423 5301 1525 5358 est,
1565 5308 1664 5363 pro
1699 5295 1992 5364 cupiditate
2017 5312 2110 5351 ar-

527 5380 675 5451 genti
703 5389 758 5434 et
782 5384 924 5450 auri,
947 5392 1041 5440 aut
1061 5385 1506 5440 vestimentorum
1525 5426 1538 5450 ,
1572 5394 1665 5440 aut
1687 5386 1971 5455 cujuslibet
2006 5388 2108 5455 rei,

527 5481 621 5527 aut
649 5475 790 5542 quod
816 5477 1144 5533 creberrime
1168 5477 1478 5547 contingere
1499 5477 1655 5543 solet,
1683 5488 1905 5549 propter
1936 5479 2110 5535 ebrie-

525 5571 716 5632 tatem,
748 5565 802 5620 in
831 5576 939 5622 tam
961 5569 1165 5640 grande
1196 5569 1371 5624 scelus
1400 5583 1677 5635 corruere,
1700 5578 1759 5623 ut
1783 5579 1876 5624 aut
1900 5579 2107 5640 septem

527 5657 685 5712 annis
716 5657 771 5712 in
800 5668 950 5713 arcta
971 5675 1209 5715 aerumna
1238 5662 1330 5727 sit,
1363 5667 1457 5715 aut
1483 5659 1550 5716 ab
1579 5660 1807 5717 ecclesia
1834 5663 1903 5717 sit
1932 5662 2109 5733 repul-

526 5761 642 5817 sus,
671 5750 884 5807 dicente
908 5751 1158 5819 Domino,
1188 5751 1327 5818 Quid
1351 5753 1559 5824 prodest
1587 5753 1782 5809 homini
1803 5753 1849 5808 si
1877 5752 2110 5810 lucretur

527 5847 696 5910 totum
739 5841 1023 5912 mundum,
1064 5853 1112 5902 et
1155 5847 1347 5902 animw
1390 5864 1498 5903 stur
1546 5846 1910 5905 detrimentum
1943 5846 2108 5920 faciat

2228 3296 2530 3352 orationem
2585 3296 2944 3352 Dominicam.
2999 3297 3057 3352 Si
3103 3313 3232 3369 ergo
3279 3299 3431 3356 locus
3470 3309 3562 3356 aut
3606 3307 3829 3372 tempus

2227 3388 2492 3460 exegerit,
2519 3387 2841 3458 deprecetur
2862 3397 3080 3445 sanctos
3123 3391 3394 3460 apostolos
3433 3399 3488 3447 et
3523 3403 3827 3463 martyres,

2227 3489 2289 3536 ut
2305 3495 2412 3551 pro
2434 3495 2499 3536 eo
2521 3479 2879 3536 intercedant.
2901 3481 2971 3536 Et
2999 3488 3205 3535 armata
3231 3479 3413 3537 fronte
3436 3483 3591 3552 signo
3613 3485 3829 3552 crucis,

2227 3571 2451 3627 elevatis
2476 3587 2598 3628 cum
2627 3573 2790 3629 corde
2814 3580 2870 3627 et
2891 3571 3142 3626 manibus
3171 3580 3228 3626 et
3251 3571 3442 3639 oculis,
3469 3571 3582 3627 Deo
3611 3576 3829 3645 gratias

2226 3674 2370 3736 agat.
2399 3664 2456 3718 Si
2486 3679 2614 3720 vero
2643 3673 2856 3735 tempus
2880 3665 2948 3719 ad
2967 3665 3084 3719 haec
3108 3663 3290 3719 omnia
3309 3665 3613 3736 peragenda
3637 3666 3830 3723 minus

2227 3754 2497 3812 sufﬁciens
2525 3755 2706 3818 fuerit,
2747 3753 2979 3810 sufﬁciat
3011 3763 3219 3810 tantum
3253 3754 3386 3823 :Qui
3407 3755 3688 3827 plasmasti
3709 3772 3828 3826 me,

2224 3849 2486 3904 miserere
2507 3850 2646 3914 mei;
2672 3857 2748 3914 et,
2764 3849 2925 3914 Deus,
2941 3850 3207 3918 propitius
3229 3856 3347 3903 esto
3370 3849 3501 3903 mihi
3520 3853 3826 3920 peccatori,

2223 3948 2279 3994 et
2306 3939 2484 3993 oratio
2513 3939 2793 3994 Dominica
2844 3946 3053 3994 tantum
3095 3954 3219 3994 cum
3263 3939 3468 4010 gemitu
3515 3949 3571 3995 et
3614 3945 3830 3999 contri-

2225 4031 2371 4087 tione
2396 4030 2593 4085 cordis.

2929 4099 3102 4156 XXX.

2268 4190 2346 4248 De
2379 4192 2705 4264 confessione
2730 4194 3201 4267 peccatorungDeo
3227 4196 3462 4268 quotidie
3491 4197 3761 4266 facienda.

2290 4285 2451 4342 Omni
2480 4288 2681 4344 etenim
2711 4287 2799 4344 die
2827 4287 2940 4344 Deo
2974 4289 3027 4344 in
3067 4288 3316 4346 oratione
3353 4299 3561 4358 nostra,
3589 4299 3686 4345 aut
3722 4307 3817 4348 se-

2219 4379 2351 4445 mel,
2379 4390 2472 4435 aut
2498 4381 2604 4447 bis,
2630 4390 2723 4436 aut
2745 4389 2948 4451 quanto
2969 4382 3202 4452 amplius
3230 4399 3541 4454 possumus,
3564 4385 3820 4441 conﬁteri

2221 4473 2480 4529 debemus
2505 4481 2729 4544 peccata
2754 4483 2958 4537 nostra,
2989 4474 3203 4530 dicente
3230 4473 3523 4546 Propheta,
3550 4475 3820 4532 Delicturn

2219 4581 2395 4619 meum
2437 4565 2701 4633 cognitum
2747 4564 2840 4617 tibi
2889 4565 3010 4634 Ieci,
3042 4575 3089 4619 et
3125 4565 3444 4635 injustitiam
3485 4583 3654 4622 meam
3709 4583 3819 4620 non

2221 4655 2490 4711 abscondi.
2539 4655 2702 4722 Dixi,
2755 4653 3056 4726 Conﬁtebor
3099 4657 3347 4712 adversus
3393 4673 3474 4711 me
3521 4657 3818 4726 injustitias

2219 4766 2361 4805 meas
2391 4747 2642 4815 Domino,
2672 4758 2720 4803 et
2748 4757 2804 4803 tu
2847 4749 3093 4804 remisisti
3131 4750 3447 4820 impietatem
3482 4749 3682 4819 peccati
3712 4751 3819 4804 mei

2219 4839 2394 4915 (Psal.
2425 4857 2578 4908 xxxx,
2609 4840 2685 4912 5).
2733 4840 2904 4896 Facta
2950 4841 3152 4896 ctenim
3200 4839 3541 4895 confessione
3567 4855 3690 4894 cum
3719 4855 3818 4910 ge-

2219 4931 2358 4988 mitu
2384 4940 2440 4985 et
2464 4929 2721 5001 lacrymis
2755 4930 2983 4984 Domino
3013 4929 3067 4982 in
3096 4929 3364 4994 oratione,
3392 4929 3706 4984 recitandus
3728 4938 3816 4984 est

2215 5022 2458 5094 psalmus
2505 5019 3016 5091 quinquagesimus,
3065 5019 3179 5074 sive
3225 5021 3517 5090 vigesimus
3555 5029 3809 5090 quartus,

2212 5113 2328 5169 sive
2349 5111 2659 5182 trigesimus
2680 5110 2904 5180 primus,
2929 5117 3090 5178 atque
3111 5108 3201 5164 alii
3223 5109 3290 5164 ad
3313 5125 3424 5164 rem
3448 5109 3808 5180 pertinentes,

2213 5215 2269 5261 et
2293 5205 2373 5260 sic
2399 5201 2717 5272 complenda
2746 5208 2830 5256 est
2855 5202 3051 5257 oratio.
3079 5200 3218 5268 Quia
3241 5201 3508 5257 confessio
3533 5216 3697 5271 quam
3723 5216 3810 5257 sa-

2213 5295 2524 5354 cerdotibus
2566 5294 2825 5360 facimus,
2874 5295 2978 5350 hoc
3019 5294 3183 5349 etiam
3220 5295 3376 5350 nobis
3414 5292 3804 5348 adminiculum

2214 5384 2394 5451 affert,
2419 5385 2545 5456 quia
2583 5393 2806 5455 accepto
2835 5384 2899 5439 ab
2929 5385 3008 5441 eis
3034 5383 3255 5439 salutari
3280 5383 3528 5450 consilio,
3559 5381 3804 5437 saluber-

2213 5478 2369 5534 rimis
2394 5477 2729 5548 poenitentiae
2763 5477 3262 5542 observationibus,
3303 5475 3418 5530 sive
3443 5473 3648 5530 mutuis
3674 5487 3801 5528 ora-

2213 5568 2480 5634 tionibus,
2513 5576 2856 5638 peccatorum
2905 5565 3142 5622 maculas
3191 5566 3466 5620 diluimus.
3517 5561 3800 5620 Confessio

2211 5677 2362 5728 vero,
2381 5677 2541 5731 quam
2564 5660 2662 5716 soli
2684 5660 2795 5716 Deo
2818 5659 3067 5724 facimus,
3085 5660 3138 5713 in
3159 5660 3261 5713 hoc
3275 5659 3429 5729 juvat
3447 5656 3575 5726 quia
3595 5662 3798 5726 quanto

2213 5768 2313 5809 nos
2338 5767 2608 5809 memores
2654 5767 2840 5807 sumus
2867 5760 3210 5822 peccatorum
3254 5755 3595 5814 nostrorum,
3646 5753 3796 5800 tanto

2211 5845 2404 5908 horum
2431 5845 2689 5904 Dominus
2717 5841 3089 5902 obliviscitur:
3130 5849 3185 5899 ct
3207 5855 3238 5900 e
3262 5837 3556 5911 contrario,
3587 5844 3800 5922 quanto,
