4046 6456
292 359 396 424 ΕΜ

1725 375 2092 438 CAPITULA.

3446 390 3557 448 209

291 492 395 536 nos
417 476 611 535 horum
655 476 1053 549 obliviscimur,
1100 491 1248 541 tanto
1282 485 1541 546 Dominus
1569 490 1872 549 reminisci-
1899 498 1952 560 Α
1977 493 2036 550 Si
2067 494 2123 548 in
2150 493 2310 564 hujus
2331 494 2479 564 Lvita
2509 497 2594 554 via
2626 499 2773 558 videt
2801 514 2864 558 se
2894 497 3175 569 laborare,
3218 510 3277 558 et
3303 502 3565 564 vitiorum

295 577 420 636 tur,
465 569 677 626 dicente
703 571 994 642 Propheta,
1040 575 1108 629 Et
1154 587 1483 647 peccatorum
1529 589 1739 636 tuorum
1773 601 1879 640 non
1980 587 2216 659 procella
2248 588 2402 660 quasi
2426 591 2660 662 quadam
2697 594 2843 652 aeris
2879 595 3200 666 intemperie
3237 597 3563 669 inquietari,

297 667 623 721 memorabor
652 668 865 736 (Jerem.
896 687 1046 736 χχχι,
1074 672 1186 744 54).
1214 673 1295 728 Tu
1324 683 1503 731 autem
1529 692 1738 734 memor
1757 688 1877 737 esto

293 759 435 827 quod
464 757 630 813 David
657 761 915 828 propheta
941 777 999 816 se
1030 763 1224 819 fecisse
1262 774 1523 835 testatur,
1553 785 1676 824 cum
1705 770 1871 836 dicit,

294 847 556 913 Quoniam
583 851 907 920 iniquitatem
929 870 1097 908 meam
1122 873 1215 926 ego
1237 873 1512 927 cognosco,
1537 869 1586 913 et
1605 868 1872 930 peccatum

290 955 463 993 meum
488 951 671 995 contra
702 959 781 997 me
812 955 886 998 est
925 962 1126 1016 semper
1157 946 1330 1019 (Psal.
1359 966 1410 1015 ι,
1441 949 1518 1022 4).

985 1099 1176 1157 XXXI.

288 1199 397 1273 Qui
437 1205 508 1260 ad
537 1205 911 1289 confessionem
941 1213 1147 1289 veniunt
1183 1218 1359 1289 omnia
1404 1218 1674 1289 conﬁteri,
1716 1231 1764 1276 et
1806 1221 1871 1277 de

675 1280 912 1335 omnibus
936 1285 1230 1339 examinari
1269 1287 1473 1344 debent.

357 1363 740 1423 Confessiones
767 1370 955 1425 dandae
974 1382 1100 1427 sunt
1118 1374 1183 1429 de
1213 1378 1462 1433 omnibus
1489 1381 1728 1450 peccatis
1749 1397 1870 1452 quae

285 1454 400 1510 sive
431 1455 485 1509 in
513 1471 696 1526 opere,
725 1461 839 1516 sive
869 1463 923 1516 in
953 1465 1280 1535 cogitatione
1304 1479 1702 1541 perpetrantur.
1736 1474 1870 1531 Octo

281 1553 412 1600 sunt
443 1548 760 1618 principalia
785 1553 937 1619 vitia,
974 1555 1090 1610 sine
1117 1559 1314 1627 quibus
1341 1561 1436 1615 vix
1465 1562 1606 1619 ullus
1634 1565 1866 1622 inveniri

280 1645 480 1706 potest.
516 1639 612 1695 Est
640 1643 782 1697 enim
813 1647 1210 1721 gastrimargia,
1237 1651 1340 1708 hoc
1362 1662 1446 1709 est
1466 1657 1672 1713 ventris
1702 1658 1868 1730 inglu-

278 1730 418 1796 vies,
443 1735 684 1791 secundo
709 1733 1016 1807 fornicatio,
1049 1743 1210 1799 tertio
1248 1747 1434 1802 acedia
1469 1749 1582 1804 sive
1610 1751 1828 1807 tristitia
1848 1793 1863 1820 ,

1979 687 2036 734 et
2062 681 2462 752 receptaculum
2488 683 2754 740 bonorum
2783 702 3009 757 operum
3035 704 3143 744 non
3174 689 3398 757 habere,
3426 695 3564 750 sciat

1977 785 2037 826 se
2061 771 2116 826 in
2141 772 2336 829 itinere
2359 775 2595 844 positum
2630 777 2866 847 hospitio
2891 793 3088 850 egere:
3115 789 3173 836 at
3197 782 3243 838 si
3271 797 3332 838 se
3357 786 3427 838 ad
3455 786 3569 840 vir-

1977 871 2150 918 tutum
2185 865 2406 922 domum
2448 867 2707 937 deducat,
2753 879 2810 927 et
2841 887 2961 928 sese
2990 874 3044 928 in
3083 889 3271 930 earum
3305 881 3571 936 tutamine

1979 953 2224 1025 recipiat,
2256 957 2523 1028 hospitem
2553 961 2770 1030 quidem
2801 964 3046 1034 suscipit.
3074 965 3205 1032 Quae
3228 969 3408 1024 omnia
3444 985 3570 1026 cum

1975 1044 2078 1100 sibi
2121 1047 2441 1116 spiritaliter
2479 1052 2720 1120 exhibet,
2752 1053 3032 1110 Christum
3061 1057 3115 1110 in
3143 1073 3233 1125 se,
3270 1058 3425 1129 cujus
3453 1060 3570 1133 ipse

1973 1138 2278 1195 membrum
2304 1153 2390 1198 est
2409 1183 2424 1210 ,
2450 1146 2656 1214 pascit,
2680 1155 2865 1218 potat,
2899 1149 3094 1217 vestit,
3125 1151 3311 1208 visitat
3345 1168 3412 1211 ac
3450 1168 3570 1212 sus-

1974 1219 2126 1300 cipit.

2649 1331 2891 1390 XXXIII.

1972 1429 2052 1487 De
2083 1435 2248 1505 oﬁicio
2283 1436 2518 1506 ﬁliorum
2556 1457 2681 1512 erga
2690 1456 2994 1584 ﬁgi-sentes,
3037 1458 3085 1505 et
3122 1459 3400 1523 parentum
3442 1469 3572 1528 ergo

2041 1621 2378 1682 Admonendi
2425 1635 2554 1682 sunt
2596 1627 2785 1688 ﬁdeles
2830 1643 3035 1692 sanctae
3073 1636 3170 1692 Dei
3206 1638 3464 1698 Ecclesiae
3508 1652 3570 1701 ut

1971 1711 2111 1771 ﬁlios
2141 1732 2268 1774 suos
2293 1727 2348 1774 et
2382 1721 2523 1779 ﬁlias
2553 1738 2681 1782 suas
2710 1725 2941 1785 doceant
2962 1735 3281 1801 parentibus
3305 1737 3569 1796 obedien-

277 1831 473 1892 quarto
501 1827 730 1884 avaritia
749 1870 764 1896 ,
797 1831 987 1900 quinto
1012 1849 1150 1891 vana
1194 1839 1396 1910 gloria,
1441 1851 1597 1899 sexto
1626 1807 1863 1914 invidia;
1892 1853 1941 1916 Β
2127 1807 2404 1916 Ῡιδώῗτξ
2433 1815 2920 1916 (ἓξθθηιθΒΫωωον
2953 1819 3065 1916 174³
3089 1864 3105 1890 ν
3137 1826 3434 1897 “nm/5‘“
3471 1846 3570 1902 Ρα·

275 1916 512 1986 septimo
543 1917 660 1986 ira,
699 1931 893 1979 octavo
929 1927 1201 1997 superbia.
1239 1931 1464 2000 Quando
1489 1949 1617 2006 ergo
1644 1938 1766 2008 quis
1795 1939 1862 1994 ad

274 2009 675 2069 confessionem
698 2018 863 2085 venit,
887 2020 1173 2092 diligenter
1193 2025 1352 2083 debet
1371 2029 1569 2100 inquiri
1591 2035 1863 2104 quomodo

272 2108 368 2156 aut
389 2118 495 2172 qua
517 2107 803 2164 occasione
825 2123 1109 2181 peccatum
1148 2123 1541 2189 perpetraverit
1564 2126 1708 2197 quod
1732 2143 1861 2198 per-

269 2192 450 2263 egisse
492 2209 553 2251 se
597 2197 906 2268 conﬁtetur,
935 2213 990 2258 et
1022 2206 1179 2278 juxta
1219 2212 1438 2267 modum
1470 2192 1600 2272 facti
1628 2192 1789 2274 debitt
1810 2221 1862 2276 ei

268 2285 589 2355 poenitentia
614 2289 862 2349 indicari.
887 2295 1056 2354 Debet
1073 2301 1123 2356 ei
1151 2306 1464 2372 persuaderi
1487 2317 1548 2364 ut
1568 2317 1623 2366 et
1647 2311 1714 2367 de
1732 2327 1859 2384 per-

268 2377 446 2432 versis
475 2382 893 2452 cogitationibus
931 2387 1096 2446 faciat
1141 2394 1558 2455 confessionem.
1605 2377 1774 2459 Debet
1809 2407 1861 2461 ei

265 2465 433 2521 etiam
466 2467 670 2544 injungi
713 2484 774 2530 ut
819 2477 886 2533 de
917 2489 1041 2536 octo
1081 2483 1470 2556 principalibus
1509 2490 1656 2547 vitiis
1693 2490 1861 2550 iaciat

265 2571 426 2613 suam
448 2561 865 2637 confessionem,
895 2579 951 2626 et
979 2574 1296 2632 nominatim
1328 2580 1379 2635 ei
1406 2581 1565 2638 debet
1600 2586 1859 2644 sacerdos

263 2656 688 2728 unumquodque
719 2661 911 2718 vitium
939 2665 1141 2735 dicere,
1171 2679 1226 2726 et
1254 2685 1408 2727 suam
1445 2673 1511 2730 de
1539 2690 1605 2733 eo
1647 2676 1861 2735 confes-

261 2750 481 2802 stonem
505 2750 772 2823 accipere.

951 2877 1168 2937 XXXII.

261 2970 421 3040 Quod
467 2982 1011 3072 unusquisqueopera
1033 2993 1430 3072 _1nise_ricordite
1465 3017 1583 3072 qua:
1621 3004 1678 3058 in
1719 3005 1854 3062 alios

431 3062 657 3119 exercet,
688 3054 746 3109 in
769 3054 937 3129 seipso
964 3063 1275 3132 spiritaliter
1299 3086 1452 3139 agere
1477 3054 1682 3130 debeat.

330 3137 649 3201 Esurientes
677 3149 908 3207 satiandi
940 3163 1089 3221 sunt,
1135 3137 1381 3217 sitientes
1419 3168 1672 3234 potandi,
1720 3171 1848 3226 nudi

253 3232 562 3303 aperiendi,
590 3237 788 3296 inﬁmi
820 3251 876 3297 et
901 3246 994 3315 qui
1021 3246 1074 3300 in
1103 3263 1323 3306 carcere
1345 3230 1470 3309 sunt
1497 3257 1771 3329 visitandi,
1793 3271 1849 3319 et
1877 3230 1922 3294 Ο

252 3321 496 3393 hospites
541 3329 851 3403 colligendi,
898 3335 1113 3395 dicente
1141 3341 1402 3412 Domino,
1440 3346 1656 3406 Esurivi
1684 3321 1845 3423 enim,

247 3424 304 3468 et
349 3416 564 3476 dedistis
591 3425 721 3479 mihi
749 3429 1111 3488 manducare:
1149 3429 1320 3504 sitivi,
1370 3450 1420 3495 et
1459 3442 1676 3499 dedistis
1718 3448 1847 3503 mihi

247 3502 446 3573 bibere,
477 3520 585 3566 etc.
616 3513 831 3583 (Matth.
858 3536 988 3588 xxv,
1018 3523 1130 3596 35).
1166 3502 1443 3587 Nam—haec
1465 3535 1669 3601 omnia,
1697 3546 1752 3591 et
1792 3502 1845 3592 in

245 3610 310 3650 se
334 3601 566 3670 quisque
595 3605 754 3662 debet
781 3613 1099 3681 spiritaliter
1126 3632 1305 3689 agere,
1335 3632 1389 3676 et
1418 3623 1470 3678 in
1504 3625 1625 3682 aliis
1655 3643 1848 3698 corpo-

243 3685 444 3742 raliter
465 3690 778 3764 adimplere,
804 3701 931 3768 quia
953 3717 1090 3772 pene
1115 3685 1250 3762 nihil
1273 3685 1501 3779 prosunt
1530 3715 1645 3771 haec
1666 3719 1846 3774 omnia

241 3779 315 3834 ad
343 3779 514 3836 vitam
542 3791 803 3843 aeternam
837 3798 1314 3867 compensandam,
1350 3803 1396 3858 si
1424 3802 1699 3863 luxuriose
1719 3850 1732 3875 ,
1756 3826 1846 3866 su-

242 3871 437 3942 perbe,
470 3873 672 3943 invide,
709 3887 787 3947 et,
819 3897 890 3938 ne
932 3885 1142 3957 singula
1180 3891 1456 3962 replicem,
1485 3898 1531 3952 si
1561 3898 1754 3956 vitiose
1788 3911 1842 3958 et

241 3963 551 4021 inordinate
584 3969 710 4038 quis
732 3970 917 4040 vivat,
961 3985 1016 4031 et
1057 3994 1088 4032 a
1136 3985 1348 4040 caeteris
1382 3986 1538 4043 bonis
1585 3992 1840 4060 operibus

242 4063 421 4111 vacet.
458 4056 562 4126 Qui
588 4075 719 4133 ergo
745 4064 892 4122 videt
927 4082 988 4124 se
1017 4068 1294 4130 Christum
1326 4091 1434 4133 non
1477 4056 1710 4150 habere,
1744 4087 1836 4156 qui

243 4145 406 4212 dixit,
421 4145 533 4219 Ego
554 4168 670 4207 sum
690 4159 842 4224 panis
867 4159 1009 4216 vivus
1029 4165 1119 4234 qui
1144 4164 1208 4220 de
1231 4168 1358 4224 ccelo
1380 4171 1628 4230 descendi
1649 4145 1832 4249 (Ῐοᾶκ.

239 4255 317 4305 vr,
351 4240 465 4313 Il),
497 4251 551 4298 et
576 4246 918 4317 charitatem,
952 4267 1072 4326 quae
1115 4265 1199 4313 est
1232 4271 1419 4330 pastus
1463 4240 1690 4332 animai,
1727 4287 1836 4326 non

240 4331 430 4399 habet,
455 4337 628 4393 esurit
655 4340 876 4410 quidem
903 4363 915 4398 :
945 4346 1038 4401 sed
1065 4349 1112 4403 si
1137 4364 1235 4419 per
1256 4353 1397 4408 bona
1428 4371 1594 4427 opera
1619 4331 1836 4419 Christo

237 4423 486 4496 adjungit
515 4442 595 4496 se,
626 4438 681 4485 et
710 4433 992 4493 charitatis
1019 4438 1300 4500 dulcedine
1339 4423 1537 4518 replet,
1591 4454 1836 4510 esurien-

238 4521 351 4567 tem
379 4518 600 4575 omnino
627 4536 687 4577 se
714 4525 879 4593 pavit.
909 4527 1011 4595 Qui
1042 4531 1289 4590 doctrina
1322 4536 1558 4610 Spiritus
1582 4546 1755 4601 sancti
1779 4554 1834 4602 et

237 4605 646 4677 Scripturarum
686 4626 998 4676 sanctarum
1027 4622 1242 4683 ﬂuentis
1275 4642 1442 4696 caret,
1486 4635 1676 4694 sitiens
1702 4648 1785 4696 est
1810 4659 1825 4709 ;
1856 4597 1910 4657 Β

234 4699 333 4751 sed
359 4699 403 4752 si
435 4713 494 4754 se
519 4700 732 4761 ﬂuentis
760 4711 908 4765 verbi
943 4712 1037 4769 Dei
1075 4715 1294 4790 irriget,
1327 4731 1381 4777 et
1406 4735 1646 4784 mentem
1672 4746 1830 4787 suam

233 4792 498 4862 spiritalis
525 4800 702 4867 poculi
745 4801 1028 4863 dulcedine
1071 4811 1276 4882 ebriet,
1308 4816 1412 4874 iste
1445 4835 1504 4877 se
1552 4825 1826 4884 sitientem

230 4893 403 4952 potat.
453 4887 556 4956 Qui
599 4892 746 4949 videt
789 4911 847 4952 se
871 4898 1116 4970 justitia,
1159 4907 1274 4962 sive
1317 4914 1530 4970 caeteris
1559 4915 1827 4976 bonorum

231 4991 459 5044 operum
484 4982 908 5045 exhibitionibus
929 4993 1210 5064 nudatum,
1235 5007 1289 5055 et
1313 5001 1489 5061 induit
1509 5021 1570 5063 se
1587 5009 1823 5082 justitia,

229 5071 350 5124 sive
370 5080 585 5132 caeteris
605 5079 919 5151 virtutibus,
944 5087 1144 5144 nudum
1166 5107 1226 5148 se
1243 5097 1434 5163 procul
1457 5071 1621 5158 dubio
1643 5107 1824 5162 vestit.

229 5161 290 5216 Si
323 5163 378 5218 in
408 5163 550 5224 lecto
574 5171 831 5230 vitiorum
859 5191 1082 5236 suorum
1099 5181 1266 5254 jacet,
1301 5197 1355 5244 et
1397 5194 1589 5252 morbo
1625 5196 1827 5270 iniqui-

227 5257 362 5311 tatis
407 5275 518 5316 suae
555 5262 803 5334 laborat,
847 5278 901 5324 et
943 5271 1163 5334 funibus
1209 5295 1555 5350 peccatorum
1602 5257 1825 5350 suorum

223 5355 557 5412 constrictus
578 5368 684 5425 est,
706 5369 762 5416 et
780 5362 1034 5421 vitiorum
1060 5384 1278 5428 suorum
1302 5378 1512 5434 obsitus
1539 5383 1747 5453 pariete
1770 5387 1824 5442 in

223 5445 473 5501 tenebris
522 5449 824 5522 iniquitatis
853 5471 997 5524 sum,
1039 5467 1122 5515 est
1154 5462 1404 5523 inﬁrmus
1428 5445 1644 5541 quidem
1672 5492 1686 5541 ;
1726 5479 1822 5534 sed

223 5534 271 5588 si
320 5535 388 5589 de
418 5536 531 5594 luto
577 5543 830 5600 vitiorum
868 5563 966 5618 per
996 5551 1388 5614 confessionem
1421 5566 1716 5634 egreditur,
1765 5579 1820 5626 et

221 5641 326 5696 per
353 5632 690 5699 pmnitentite
720 5637 950 5697 lamenta
986 5646 1214 5706 vinculis
1255 5632 1599 5724 peccatorum
1640 5632 1819 5721 absol-

223 5719 391 5787 vitur,
422 5733 480 5780 et
502 5728 570 5782 ad
593 5727 768 5786 lucem
792 5733 1055 5791 bonorum
1082 5719 1305 5809 operum
1335 5751 1632 5821 egreditur,
1661 5756 1815 5813 inﬁr-

223 5829 376 5872 mum
403 5827 459 5876 et
481 5820 537 5876 in
581 5837 801 5880 carcere
825 5831 1058 5898 positum
1090 5848 1148 5890 se
1185 5841 1371 5909 procul
1416 5845 1579 5905 dubio
1609 5851 1812 5912 visital.

555 5940 828 6009 Panos.
873 5945 1002 6016 CV.

1967 1905 2100 1952 trem
2129 1908 2279 1956 tuum
2310 1902 2502 1973 (Eccli.
2531 1921 2630 1975 vn,
2656 1907 2779 1981 29);
2805 1927 2931 1967 nam
2952 1922 3009 1969 et
3030 1914 3132 1985 ipsi
3159 1928 3417 1986 parentes
3437 1936 3571 1996 erga

1967 1987 2107 2045 ﬁlios
2131 2007 2260 2048 suos
2287 2009 2354 2050 ac
2379 1995 2520 2054 ﬁlias
2556 2014 2685 2057 suas
2709 2002 2955 2061 modeste
2998 2005 3200 2065 debent
3237 2026 3400 2082 agere
3420 2053 3439 2081 ,
3485 1987 3571 2071 di-

1966 2089 2122 2137 cente
2143 2081 2432 2155 Apostolo:
2453 2087 2524 2143 Et
2549 2106 2657 2158 vos,
2675 2103 2934 2162 parentes,
2960 2097 3124 2154 nolite
3142 2100 3213 2154 ad
3231 2081 3570 2162 iracundiam

1961 2185 2245 2241 provocare
2282 2177 2425 2247 ﬁlios
2465 2191 2658 2238 vestros
2687 2183 2914 2257 (Ephes.
2946 2203 3024 2258 vt,
3059 2190 3146 2265 4).
3195 2191 3334 2250 Nam
3380 2205 3437 2252 et
3461 2197 3570 2256 hoc

1963 2260 2252 2319 dicendum
2275 2275 2361 2322 est
2388 2269 2469 2326 eis
2490 2279 2551 2326 ut
2569 2273 2614 2329 si
2642 2273 2719 2330 illi
2745 2278 2968 2348 genitali
2999 2260 3195 2339 affectu
3221 2300 3448 2356 parcere
3471 2303 3570 2346 ve-

1960 2349 2064 2408 lint
2087 2353 2300 2424 injuriis
2328 2358 2586 2432 ﬁliorum,
2613 2381 2721 2422 non
2745 2367 2844 2425 has
2875 2370 3096 2442 impune
3118 2349 3384 2436 Dominus
3408 2379 3568 2449 sinit,

1961 2446 2067 2502 nisi
2087 2448 2229 2507 forte
2253 2452 2414 2524 digna
2443 2459 2765 2525 poenitentia
2789 2462 3134 2536 exhibeatur,
3165 2479 3220 2525 et
3243 2472 3372 2544 quia
3393 2446 3570 2532 levius

1961 2546 2046 2593 est
2070 2539 2198 2597 ﬁliis
2221 2555 2510 2613 parentum
2547 2551 2803 2622 quaelibet
2833 2553 3045 2628 ﬂagella
3076 2539 3357 2634 suscipere
3397 2579 3566 2638 quam
3595 2631 3603 2636 ,

1961 2628 2058 2686 Dei
2089 2631 2228 2690 iram
2254 2633 2557 2697 incurrere.

2640 2772 2884 2836 XXXIV.

2371 2878 2503 2940 Vera
2527 2886 2762 2945 charitas
2786 2908 3034 2963 quietum
3057 2898 3143 2957 sit.

2022 2990 2410 3051 Admonendus
2435 3007 2518 3054 est
2558 3002 2791 3072 populus
2814 3008 2961 3076 quod
2997 3009 3115 3068 haec
3142 3013 3216 3069 sit
3251 3029 3383 3074 vera
3423 3017 3559 3077 cha-

1953 3080 2089 3138 ritas
2134 3099 2256 3154 qua;
2285 3086 2456 3144 Deum
2495 3091 2670 3164 diligit
2698 3094 2986 3169 plusquam
3017 3117 3112 3172 se,
3157 3114 3214 3162 et
3241 3109 3556 3180 proximum

1957 3185 2215 3249 tanquam
2242 3197 2321 3250 se,
2351 3193 2406 3239 et
2437 3201 2556 3256 qua:
2600 3189 2736 3245 nihil
2772 3193 2887 3250 vult
2925 3196 3018 3252 alii
3058 3199 3242 3258 facere
3267 3205 3373 3260 nisi
3413 3208 3560 3279 quod

1953 3269 2056 3325 sibi
2087 3272 2203 3327 vult
2241 3273 2391 3343 ﬁeri;
2421 3286 2476 3333 et
2515 3279 2671 3350 plura
2713 3299 2834 3354 qua:
2882 3303 3168 3349 recensere
3199 3269 3556 3366 longum-est.

1948 3360 2088 3418 Nam
2118 3373 2175 3420 et
2199 3367 2512 3442 quicunque
2550 3372 2604 3427 in
2635 3384 2766 3446 potu
2795 3388 2850 3435 et
2881 3379 3007 3438 cibo
3026 3423 3042 3450 ,
3074 3395 3129 3440 et
3168 3360 3363 3446 dandis
3390 3401 3558 3464 atque

1948 3454 2280 3524 accipiendis
2313 3462 2498 3527 rebus,
2546 3464 2872 3526 charitatem
2922 3482 3134 3531 tantum
3177 3488 3405 3548 putant,
3441 3454 3552 3541 non

1947 3546 2300 3604 mediocriter
2331 3564 2554 3622 errant,
2594 3559 2811 3617 dicente
2851 3564 3147 3636 Apostolo,
3178 3546 3431 3644 _Regnum
3455 3576 3556 3632 Dei

1949 3653 2052 3692 non
2083 3650 2159 3695 est
2185 3643 2330 3698 cibus
2360 3655 2408 3700 et
2431 3656 2584 3718 potus
2613 3652 2788 3724 (Rom.
2831 3672 2923 3714 x1v
2944 3701 2964 3727 ,
3009 3663 3120 3736 I7).
3167 3643 3306 3721 Nam
3349 3677 3406 3725 et
3436 3671 3553 3741 ipsa

1947 3732 2162 3798 quando
2207 3749 2328 3791 cum
2367 3739 2636 3802 charitate
2679 3746 2920 3820 faciunt,
2948 3732 3090 3812 bona
3130 3768 3278 3828 sunt,
3312 3770 3368 3818 et
3400 3732 3550 3821 inter

1945 3824 2176 3885 virtutes
2201 3832 2586 3904 computanda.

2625 3977 2846 4039 XXXV.

2012 4073 2153 4144 Quid
2177 4095 2358 4161 cauere
2388 4099 2704 4147 mercatores
2727 4093 2951 4152 debeant
2978 4103 3071 4171 qui
3096 4107 3452 4176 negotiantur.

1937 4294 2060 4335 rum
2084 4285 2386 4357 invigilant,
2414 4301 2475 4346 ut
2495 4309 2599 4349 non
2623 4298 2744 4368 plus
2769 4309 2989 4360 terrena
3011 4305 3160 4364 lucra
3183 4328 3348 4382 quam
3370 4317 3540 4376 vitam

1936 4379 2157 4442 cupiant
2177 4379 2588 4449 sempiternam.
2604 4387 2739 4444 Nam
2763 4393 2854 4463 qui
2875 4395 2998 4466 plus
3026 4401 3092 4455 de
3114 4379 3279 4461 rebus
3304 4415 3540 4470 terrenis

1933 4759 2111 4818 parte,
2136 4753 2276 4810 sicut
2301 4766 2357 4812 et
2379 4758 2434 4814 in
2461 4765 2690 4832 cateris,
2721 4771 3049 4839 apostolicus
3081 4791 3283 4846 sermo,
3314 4786 3406 4855 qui
3433 4789 3532 4857 ait,

1934 4841 2005 4896 Et
2028 4860 2092 4900 ne
2116 4848 2234 4918 quis
2259 4858 2710 4926 supergrediatur,
2739 4879 2902 4935 neque
2936 4868 3309 4930 circumveniat
3351 4879 3407 4934 in
3439 4897 3534 4936 ηε-

1931 4935 2072 5004 gotio
2095 4943 2394 5010 proximum
2437 4965 2592 5004 suum
2620 4951 2686 5025 (Ι
2731 4954 2880 5014 Thes.
2924 4976 3011 5028 tv,
3055 4963 3150 5037 6);
3198 4969 3398 5026 vindex
3442 4983 3529 5032 est

1933 5030 2078 5084 enim
2093 5030 2235 5091 Deus
2251 5036 2316 5092 de
2330 5037 2415 5094 his
2429 5044 2700 5102 omnibus.
2721 5047 2876 5110 Sicut
2889 5055 3036 5132 enim
3053 5030 3223 5114 abhis
3238 5062 3329 5132 qui
3350 5030 3526 5123 labori

1931 5137 2187 5194 agrorum
2217 5136 2272 5182 et
2296 5134 2506 5191 ueteris
2533 5136 2808 5198 laboribus
2844 5130 3047 5204 victum
3071 5159 3234 5220 atque
3253 5130 3519 5214 vestitum

1931 5223 1987 5270 et
2022 5224 2331 5280 necessaria
2378 5229 2565 5287 usibus
2613 5235 2868 5295 humanis
2913 5245 3199 5313 acquirere
3244 5246 3519 5308 inhiantes

1928 5318 2092 5379 stant,
2120 5313 2344 5376 decimae
2386 5330 2442 5378 et
2483 5324 2840 5402 eleemosyna:
2879 5335 3066 5389 dandae
3103 5344 3265 5393 sunt:
3318 5339 3393 5396 ita
3429 5342 3516 5401 his

1927 5417 2141 5476 quoque
2161 5410 2254 5479 qui
2279 5427 2380 5483 pro
2398 5420 2813 5480 necessitatibus
2833 5425 2948 5480 suis
2971 5428 3202 5496 negotiis
3229 5431 3510 5505 insistunt,

1925 5493 2226 5558 faciendum
2258 5514 2360 5561 est.
2411 5508 2713 5583 Unicuique
2748 5516 2893 5570 enim
2937 5493 3143 5576 homini
3184 5523 3331 5583 Deus
3365 5493 3515 5588 dedit

1922 5597 2096 5645 artem
2120 5610 2226 5663 qua
2256 5609 2530 5667 pascatur,
2561 5613 2616 5658 et
2642 5607 3012 5680 unusquisque
3035 5612 3104 5670 de
3133 5625 3254 5674 arte
3282 5635 3414 5689 sua,
3443 5623 3511 5679 de

1921 5696 2027 5751 qua
2050 5689 2296 5756 corporis
2321 5695 2630 5748 necessaria
2660 5698 2898 5758 subsidia
2928 5702 3112 5777 habet,
3155 5712 3350 5768 animae
3373 5730 3512 5786 quo-

1920 5787 2046 5842 que,
2073 5777 2218 5845 quod
2238 5781 2410 5852 magis
2431 5787 2797 5846 necessarium
2821 5801 2923 5864 est,
2951 5799 3251 5858 subsidium
3277 5777 3510 5861 admini-

1920 5873 2096 5927 strare
2119 5868 2296 5928 debet.

3047 6002 3101 6086 ,Ζ
