4046 6458
276 431 386 500 Ξοῢ
1739 421 1868 483 CAP

1972 423 2105 484 JLA.
3436 409 3548 473 Q06

994 540 1144 602 XLII.
1888 543 1944 604 Α
2663 534 2844 592 XLVI.

277 647 432 716 Quod
451 645 783 718 jejnntorum
804 641 984 696 diebus
1012 654 1216 718 cessare
1250 636 1467 692 debeant
1489 633 1604 690 lites
1650 643 1699 689 et
1732 650 1858 690 con-
1965 629 2034 686 Ut
2068 629 2610 718 omnes'cd‘matrem
2650 628 2926 718 ecclesiam
2965 624 3247 718 missarum
3290 625 3550 718 solemnia

933 711 1206 766 tentiones.
2033 711 2080 756 et
2123 699 2518 772 praedicatorem
2568 699 2803 772 audituri
2850 699 3182 772 conveniant,
3231 712 3394 768 neque
3429 706 3552 752 ante

347 839 405 895 In
434 834 869 908 hisjejuniorum
911 832 1105 888 diebus
1148 830 1308 886 nulla:
1355 830 1502 896 lites,
1529 829 1689 885 nullze
1729 845 1858 885 con-

278 931 547 986 tentiones
591 942 712 984 esse
777 925 993 990 debent,
1025 924 1120 980 sed
1162 924 1220 978 in
1260 924 1357 978 Dei
1404 923 1652 978 laudibus
1697 930 1752 977 et
1803 923 1857 976 in

275 1037 442 1095 Opere
470 1019 779 1077 necessario
804 1017 1224 1088 persistendum.
1256 1014 1452 1084 Arguit
1473 1015 1619 1070 enim
1643 1028 1740 1070 eos
1766 1013 1857 1083 qui

277 1115 655 1171 contentiones
691 1119 746 1167 et
771 1110 894 1166 lites
937 1108 1375 1179 Quadragesimae
1423 1116 1663 1178 tempore
1705 1120 1863 1160 exer-

275 1216 425 1271 cent,
453 1215 509 1262 et
533 1206 623 1276 qui
653 1205 832 1261 debita
883 1220 913 1258 a
951 1203 1287 1258 debitoribus
1327 1201 1568 1273 exigunt,
1601 1199 1861 1254 Dominus

276 1313 377 1369 per
396 1299 721 1369 prophetam
741 1297 926 1352 dicens
949 1314 962 1348 :
988 1294 1124 1348 Ecce
1145 1295 1200 1348 in
1223 1293 1308 1347 die
1324 1293 1519 1363 jejunii
1547 1291 1702 1372 vestri
1721 1291 1864 1346 inve-

278 1391 498 1443 niuntur
526 1386 815 1442 voluntates
854 1395 1062 1451 vestrm,
1091 1393 1138 1438 et
1166 1401 1341 1439 omnes
1371 1384 1627 1439 debitores
1667 1393 1862 1438 vestros

279 1481 529 1552 repetitis.
580 1477 717 1534 Ecce
759 1479 829 1532 ad
866 1477 982 1532 lites
1003 1518 1016 1543 ,
1041 1486 1088 1531 et
1131 1476 1485 1530 contentiones
1507 1473 1787 1545 jejunatis,
1813 1480 1863 1527 et

274 1575 546 1647 percutitis
581 1588 756 1645 pugno
783 1572 938 1643 impie
965 1569 1102 1644 (Isa.
1132 1585 1288 1636 LVIII,
1316 1569 1397 1640 5).

957 1683 1140 1740 XLIII.

277 1777 434 1845 Quod
456 1778 642 1833 diebus
646 1777 983 1849 jejuniorum
1004 1774 1373 1831 abstinendum
1388 1775 1456 1828 sit
1478 1785 1510 1827 a
1535 1773 1860 1844 conjugibus.

2031 770 2296 844 peractum
2328 772 2548 842 ofﬁcium
2569 771 2738 823 cibum
2761 770 2992 839 capiant.

2031 863 2415 918 Admonendus
2441 870 2523 918 est
2553 860 2782 932 populus
2825 870 2886 915 ut
2933 868 3059 914 ante
3106 857 3386 930 publicum
3433 872 3555 930 per-

1963 963 2144 1010 actum
2172 951 2406 1009 ofﬁcium
2451 953 2518 1007 ad
2556 954 2732 1008 cibum
2773 967 2878 1006 non
2906 952 3148 1014 accedat,
3175 958 3231 1006 et
3259 965 3450 1006 omnes
3486 950 3556 1005 ad

1961 1051 2208 1100 sanctam
2241 1054 2472 1099 matrem
2519 1042 2807 1098 ecclesiam
2855 1043 3145 1097 missarum
3191 1041 3454 1098 solemnia
3500 1050 3558 1096 et

1961 1137 2406 1209 praedicationem
2458 1136 2696 1192 audituri
2739 1135 3098 1202 conveniant,
3135 1146 3189 1189 et
3237 1134 3556 1190 sacerdotes

1962 1246 2061 1303 per
2083 1232 2321 1287 oratoria
2349 1246 2694 1303 nequaquam
2721 1232 2917 1287 missas
2945 1231 3048 1286 nisi
3079 1238 3192 1285 tam
3236 1239 3398 1287 caute
3428 1239 3558 1286 ante

1965 1324 2260 1379 secundam
2292 1325 2484 1378 horam
2512 1323 2826 1388 celebrent,
2859 1331 2920 1378 ut
2968 1322 3201 1392 populus
3247 1337 3278 1376 a
3325 1320 3560 1392 publicis

1965 1413 2403 1470 solemnitatibus
2427 1429 2533 1469 non
2559 1414 2932 1469 abstrahatur.
2951 1412 3056 1469 Sed
3082 1414 3196 1469 sive
3224 1415 3558 1479 sacerdotes,

1966 1508 2059 1578 qui
2098 1509 2152 1562 in
2183 1507 2417 1563 circuitu
2443 1507 2616 1572 urbis,
2645 1513 2740 1561 aut
2764 1506 2819 1560 in
2857 1506 3046 1562 eadem
3094 1506 3229 1561 urbe
3276 1513 3423 1572 sunt,
3445 1505 3561 1561 sive

1963 1603 2215 1676 populus,
2241 1611 2302 1658 ut
2335 1601 2712 1672 praediximus,
2745 1600 2800 1655 in
2827 1616 2995 1656 unum
3017 1601 3086 1656 a‘d
3129 1601 3399 1672 publicam
3431 1601 3564 1657 mis-

1967 1710 2153 1750 sarum
2185 1693 2610 1750 celebrationem
2656 1693 3003 1760 conveniant,
3032 1693 3277 1764 exceptis
3321 1693 3434 1749 Deo
3477 1709 3564 1749 sa-

1967 1787 2136 1842 cratis
2162 1785 2400 1851 feminis,
2430 1785 2626 1856 quibus
2681 1800 2800 1840 mos
2843 1795 2928 1841 est
2979 1786 3050 1841 ad
3112 1787 3392 1857 publicum
3443 1803 3555 1845 non

345 1888 744 1946 Abstinendum
773 1898 857 1946 est
885 1891 1029 1945 enim
1056 1889 1109 1943 in
1154 1888 1239 1943 his
1265 1886 1652 1943 sacratissimis
1679 1885 1868 1941 diebus
1895 1905 1943 1966 Β
1970 1878 2177 1950 egredi,
2205 1878 2302 1934 sed
2327 1877 2582 1934 claustris
2611 1879 2932 1934 monasterii
2969 1879 3239 1936 contineri
3277 1893 3325 1935 ιι.

277 1999 308 2040 a
330 1983 674 2055 conjugibus,
699 1992 753 2038 et
781 1991 932 2038 caste
961 1989 1016 2037 et
1060 1982 1148 2052 pie
1185 1980 1472 2036 vivendum
1496 2020 1510 2045 ,
1542 1986 1603 2032 ut
1628 1976 1867 2033 sanctifi-

275 2086 400 2134 cato
430 2076 597 2132 corde
629 2083 683 2131 et
711 2085 941 2147 corpore
969 2073 1057 2129 isti
1094 2071 1266 2129 sancti
1306 2072 1422 2127 dies
1471 2070 1864 2141 transigantur,

274 2177 330 2224 et
356 2169 437 2225 sic
471 2167 822 2238 perveniatur
866 2164 933 2221 ad
982 2166 1125 2221 diem
1175 2171 1422 2221 sanctum
1463 2162 1705 2228 Paschaz,
1740 2162 1866 2232 quia

273 2274 417 2332 pene
444 2259 581 2315 nihil
609 2259 750 2314 valet
774 2257 1041 2329 jejunium
1070 2259 1213 2328 quod
1245 2255 1517 2328 coniugali
1543 2261 1708 2326 opere
1756 2254 1870 2325 pol-

272 2353 464 2420 luitur,
499 2361 556 2410 et
589 2353 732 2425 quod
755 2352 1050 2420 orationes,
1073 2350 1270 2424 vigiliae
1299 2358 1353 2407 et
1382 2349 1740 2421 eleeinosynaa
1761 2363 1867 2403 non

277 2447 683 2504 commendant.

979 2535 1162 2592 XLIV.

275 2650 362 2710 De
385 2666 536 2707 sacra
561 2665 948 2715 communione,
970 2665 1074 2720 quo
1112 2646 1291 2720 modo,
1315 2655 1364 2700 et
1385 2661 1542 2718 quam
1571 2645 1872 2717 frequenter

855 2718 1164 2790 usurpanda
1203 2719 1295 2772 sit.

350 2835 736 2892 Admonendus
761 2845 847 2891 est
871 2834 1102 2907 populus
1132 2843 1193 2888 ut
1229 2831 1296 2888 ad
1335 2839 1746 2888 sacrosanctum
1783 2847 1870 2888 sa-

276 2939 619 2986 cramentum
640 2928 886 3000 corporis
909 2935 963 2983 et
983 2925 1260 2998 sanguinis
1290 2924 1505 2981 Domini
1525 2940 1870 2996 nequaquam

280 3020 653 3078 Indifferenter
683 3021 929 3086 accedat,
960 3034 1061 3076 nec
1082 3021 1152 3075 ab
1179 3020 1285 3076 hoc
1309 3018 1534 3074 nimium
1558 3017 1864 3074 abstineat:

278 3111 377 3166 sed
410 3127 531 3166 cum
562 3111 711 3166 omni
748 3107 1028 3180 diligentia
1056 3108 1223 3179 eligat
1253 3116 1484 3178 tempus,
1513 3108 1730 3178 quando
1768 3105 1870 3161 ali-

276 3204 520 3276 quandiu
566 3204 636 3259 ab
678 3218 842 3275 opere
880 3200 1147 3274 conjugali
1193 3202 1481 3269 abstineat,
1527 3209 1582 3257 et
1622 3201 1771 3257 vitiis
1809 3216 1868 3256 se

2037 2013 2067 2054 b
2106 2012 2453 2069 Dilectissimi
2493 2011 2716 2078 fratres,
2749 2012 3084 2069 sanctissimi
3110 2015 3563 2083 consacerdotes,

1966 2113 2024 2163 et
2053 2106 2224 2161 nostri
2251 2089 2544 2161 ministerii
2573 2101 2884 2180 adjutores,
2916 2106 3150 2163 obsecro
3181 2121 3292 2164 vos.
3323 2107 3561 2180 supplici

1969 2200 2149 2254 animo
2183 2198 2239 2253 in
2264 2197 2553 2268 praesentia
2593 2197 2808 2253 Domini
2854 2197 3028 2254 nostri
3078 2196 3210 2256 Jesu
3254 2198 3460 2258 Christi
3503 2211 3564 2258 et

1969 2299 2283 2347 sanctorum
2314 2289 2451 2361 ejus,
2476 2295 2536 2345 ut
2561 2289 2708 2362 digni
2735 2290 2848 2346 Deo
2869 2290 2927 2346 in
2955 2292 3104 2348 omni
3131 2291 3394 2362 religione
3434 2295 3566 2353 cha-

1969 2381 2154 2437 ritatis
2177 2387 2234 2436 et
2271 2380 2545 2436 castitatis
2587 2380 2933 2448 deserviatis,
2961 2389 3020 2438 et
3059 2382 3183 2440 sitis
3225 2383 3427 2457 popqu
3464 2384 3566 2442 Dei

1971 2475 2224 2532 doctores
2249 2482 2306 2530 et
2334 2474 2590 2530 ductores
2614 2463 2670 2530 in
2697 2475 2848 2531 omni
2876 2476 3128 2547 exemplo
3160 2478 3326 2545 bono,
3359 2483 3421 2534 ut
3466 2494 3564 2552 po-

1970 2565 2130 2639 pulus
2150 2565 2246 2622 Dei
2273 2574 2566 2635 utrumque
2591 2573 2648 2620 et
2674 2579 2775 2636 per
2798 2575 3038 2622 vestram
3067 2575 3314 2624 sanetam
3341 2583 3569 2626 conver-

1969 2661 2238 2717 sationem
2289 2670 2344 2716 et
2393 2659 2641 2715 devotam
2685 2659 3127 2730 pradieationem
3182 2662 3462 2719 erudiatur
3505 2663 3566 2718 in

1908 2791 1913 2796 ι
1971 2752 2186 2836 laudem
2209 2759 2266 2808 et
2295 2751 2352 2807 in
2393 2750 2626 2824 gloriam
2657 2752 2832 2807 sancti
2860 2752 3098 2808 nominis
3124 2753 3340 2808 Domini
3392 2755 3580 2810 nostri

1969 2846 2100 2904 Jesu
2125 2844 2352 2913 Christi,
2379 2855 2434 2902 et
2475 2845 2530 2900 in
2566 2844 2796 2901 salutem
2823 2845 3212 2916 sempiternam
3259 2847 3568 2905 animarum

1969 2948 2302 2998 vestrarum.
2335 2937 2750 2995 Conversamini
2775 2953 2962 2996 coram
2985 2939 3098 2995 Deo
3117 2947 3175 2997 et
3203 2954 3390 2997 coram
3415 2943 3568 2999 omni

1969 3032 2170 3105 populo
2223 3033 2280 3088 in
2335 3031 2588 3089 castitate
2633 3031 2882 3102 corporis
2936 3031 3104 3087 vestri
3153 3039 3212 3089 et
3261 3031 3570 3090 humilitate

1970 3125 2168 3182 animae
2206 3133 2424 3190 vestrae,
2457 3131 2514 3180 et
2556 3130 2803 3179 sanetam
2857 3121 3184 3179 cbaritatem
3231 3123 3301 3180 ad
3355 3139 3568 3191 omnes,

1973 3217 2111 3273 nihil
2133 3217 2398 3274 facientes
2424 3216 2570 3271 unde
2597 3213 2967 3272 sacerdotium
3011 3215 3319 3272 sanctitatis
3367 3223 3568 3273 vestras

275 3303 494 3366 purget,
523 3294 817 3350 virtutibus
846 3301 1093 3358 exornet,
1125 3292 1485 3365 eleemosynis
1518 3299 1574 3348 et
1607 3292 1868 3348 orationi-

1976 3309 2408 3380 reprehensibile
2433 3307 2550 3374 fiat,
2577 3322 2679 3364 nec
2707 3307 2914 3378 aliquid
2941 3308 2999 3363 in
3036 3315 3220 3364 vestra
3265 3308 3573 3380 reperiatur

274 3387 652 3454 bus-insistat,
671 3397 725 3444 et
754 3388 832 3442 sic
858 3386 927 3441 ad
959 3393 1170 3442 tantum
1197 3393 1599 3442 sacramentum
1624 3387 1866 3443 accedat.

273 3480 417 3550 Quia
465 3481 608 3537 sicut
649 3481 1015 3554 periculosum
1060 3489 1145 3536 est
1195 3480 1468 3551 impurum
1505 3493 1775 3549 quemque
1802 3479 1872 3534 ad

274 3582 496 3631 tantum
535 3583 938 3631 sacramentum
968 3573 1250 3638 accedere,
1281 3573 1355 3627 ita
1390 3573 1555 3628 etiam
1603 3571 1875 3643 periculo-

273 3683 406 3725 sum
432 3679 518 3722 est
546 3668 614 3723 ab
641 3669 746 3723 hoc
773 3667 986 3738 prolixo
1009 3675 1252 3736 tempore
1277 3666 1574 3722 abstinere.
1600 3663 1765 3721 Salva
1792 3679 1877 3718 ra-

270 3761 431 3816 tione
454 3773 667 3825 eorum,
700 3759 790 3828 qui
841 3757 1318 3821 excommunicati,
1369 3772 1476 3811 non
1528 3755 1745 3827 quando
1795 3755 1876 3811 eis

271 3853 434 3918 libet,
465 3851 559 3906 sed
593 3850 758 3906 certis
807 3850 1144 3921 temporibus
1189 3847 1618 3914 communicant,
1659 3856 1715 3903 et
1755 3849 1877 3903 reli-

273 3944 445 4015 giosis
457 3941 871 4014 quibuseunque
901 3949 1087 3998 sancte
1112 3939 1432 4006 viventibus,
1451 3939 1541 4010 qui
1562 3953 1702 4010 pene
1726 3939 1876 3995 omni

277 4037 368 4092 die
394 4034 448 4090 id
481 4031 711 4089 faciunt.

991 4117 1153 4176 XLV.

279 4239 354 4299 Ut
385 4241 567 4298 diebus
596 4237 886 4296 Dominicis
915 4234 1145 4308 populus
1163 4251 1258 4306 per
1281 4233 1471 4308 missas
1509 4232 1800 4304 peculiares
1838 4248 1872 4285 a

698 4305 925 4380 publicis
954 4305 1057 4361 non
1094 4305 1450 4360 abstrahatur.

357 4427 429 4485 Ut
454 4425 648 4490 Missae,
681 4439 803 4495 quae
830 4437 929 4494 per
957 4421 1074 4476 dies
1122 4419 1433 4475 Dominicos
1479 4417 1784 4488 peculiares
1839 4433 1872 4472 a

275 4518 657 4578 sacerdOtibus
685 4515 845 4582 fiunt,
885 4528 995 4569 non
1034 4512 1110 4568 ita
1157 4510 1214 4565 in
1257 4509 1472 4580 publico
1498 4507 1650 4574 fiant,
1685 4515 1746 4563 ut
1772 4524 1870 4580 per

1974 3401 2086 3456 vita
2109 3401 2252 3472 quod
2275 3398 2424 3469 juste
2449 3416 2480 3455 a
2506 3399 2752 3471 quolibet
2773 3399 2988 3456 detrahi
3017 3401 3210 3472 possit.
3232 3397 3359 3456 Sint
3382 3415 3566 3458 mores

1972 3497 2144 3552 vestri
2173 3495 2292 3552 sine
2335 3496 2634 3566 cupiditate
2677 3495 2840 3562 mala,
2868 3495 2986 3552 sine
3017 3496 3268 3562 avaritia,
3304 3497 3424 3552 sine
3475 3511 3569 3554 co-

1975 3587 2305 3642 messatione
2341 3594 2396 3641 et
2421 3586 2708 3653 ebrietate,
2738 3587 2883 3643 sicut
2905 3587 3061 3642 decet
3087 3593 3306 3643 sanctos
3341 3586 3440 3644 Dei
3488 3603 3573 3644 sa.

1977 3679 2244 3744 eerdotes,
2283 3679 2377 3748 qui
2408 3677 2607 3748 populo
2650 3679 2748 3735 Dei
2782 3693 3019 3751 praeesse
3045 3678 3246 3735 debent
3280 3687 3337 3736 et
3362 3680 3566 3752 guber<

1977 3785 2112 3826 nare
2169 3770 2430 3828 ecclesias
2477 3771 2700 3829 Christi.
2751 3772 2954 3831 Discite
3001 3773 3164 3831 tidem
3216 3775 3564 3844 catholicam,

1976 3864 2270 3935 praedicata
2298 3865 2732 3938 diligentissime,
2761 3876 2818 3926 et
2847 3885 2970 3928 eam
3016 3871 3214 3944 populo
3243 3872 3563 3944 praedicata,

1975 3957 2348 4029 unusquisque
2401 3959 2457 4014 in
2509 3961 2739 4018 ecclesia
2798 3972 2978 4020 vestra
3000 4005 3015 4031 ,
3053 3971 3110 4020 et
3161 3963 3328 4021 facite
3388 3963 3566 4022 ofﬁcia

1975 4058 2157 4105 vestra
2181 4049 2236 4106 in
2279 4049 2374 4106 Dei
2402 4053 2792 4124 omnipotentis
2819 4055 3028 4113 honore
3055 4057 3277 4113 statutis
3302 4055 3566 4128 tempori-

1972 4141 2096 4208 bus,
2125 4151 2187 4198 ut
2241 4143 2384 4199 Deus
2429 4145 2776 4216 omnipotens
2827 4147 3235 4212 bonoriﬂeetur,
3263 4156 3320 4202 et
3368 4161 3570 4202 nomen

1973 4230 2091 4300 ejus
2127 4243 2377 4289 sanctum
2414 4237 2483 4291 ab
2508 4238 2764 4293 omnibus
2791 4237 3060 4303 laudetur,
3093 4237 3188 4307 qui
3229 4250 3329 4292 vos
3375 4236 3564 4292 vident

1975 4317 2276 4380 honorifice
2307 4323 2488 4380 facere
2517 4327 2878 4382 sacerdotium
2903 4334 3167 4393 vestrum,
3193 4333 3250 4381 et
3280 4325 3567 4384 servitium

1974 4414 2360 4486 omnipotentis
2387 4416 2502 4471 Dei.
2521 4415 2689 4488 Digne
2716 4417 3007 4488 pmdicate
3033 4417 3331 4488 populo,ut
3355 4417 3569 4477 confes-

1976 4505 2186 4562 sionem
2213 4505 2420 4563 faciant
2455 4518 2802 4579 peccaton
2830 4525 3052 4566 suorum
3090 4519 3147 4568 et
3187 4511 3565 4583 paenitentiam

274 4627 379 4671 eas
416 4610 648 4684 populus
675 4625 708 4664 a
734 4606 966 4680 publicis
1006 4603 1298 4660 missarum
1343 4600 1698 4666 solemnibus,
1748 4615 1869 4670 quae
1897 4627 1953 4690 D
1977 4601 2250 4670 accipiant
2291 4600 2526 4673 qualiter
2551 4617 2584 4657 a
2614 4601 2727 4659 Deo
2773 4603 3149 4660 remissionem
3196 4604 3401 4662 habere
3456 4621 3566 4662 non

275 4706 420 4764 hora
457 4703 621 4760 tertia
647 4699 912 4758 canonice
938 4697 1104 4763 fiunt,
1127 4695 1478 4752 abstrahatur
1504 4709 1518 4748 :
1545 4693 1671 4764 quia
1703 4693 1870 4763 pessi-

276 4811 405 4852 mus
426 4809 562 4852 usus
587 4802 672 4851 est
704 4792 848 4863 apud
876 4789 1164 4862 quosdam,
1189 4786 1283 4858 qui
1321 4787 1377 4841 in
1411 4784 1600 4842 diebus
1629 4784 1870 4840 Domini-

275 4890 380 4952 cis,
409 4888 528 4944 sive
558 4889 616 4943 in
665 4884 999 4957 quibuslibet
1025 4879 1431 4946 festivitatibus,
1463 4895 1590 4934 mox
1616 4879 1710 4934 ubi
1745 4879 1870 4933 mis-

278 4999 398 5039 sam
437 4980 728 5047 celebrari,
757 4977 974 5035 etiamsi
1003 4991 1104 5048 pro
1129 4973 1400 5032 defunctis
1423 4973 1526 5038 sit,
1569 4970 1866 5036 audierint,

277 5077 604 5143 abscedunt,
634 5083 696 5130 ut
711 5088 811 5146 per
838 5079 1011 5128 totum
1044 5069 1186 5125 diem
1215 5085 1245 5124 a
1266 5068 1444 5140 primo
1487 5080 1648 5121 mane
1693 5065 1868 5120 ebrie-

275 5171 379 5226 tati
400 5179 460 5226 et
479 5167 861 5226 comessationi
883 5166 1067 5238 potius
1094 5179 1257 5235 quam
1287 5162 1400 5218 Deo
1428 5159 1740 5218 deserviant

351 5320 377 5348 ι
420 5304 525 5373 Qui
579 5305 680 5360 hos
727 5298 1288 5373 Thepdulficanones
1338 5297 1548 5373 primus
1585 5295 1641 5350 in
1694 5293 1870 5351 lucem

276 5369 786 5431 dediti'cardinalis
834 5371 1132 5434 Baronius,
1185 5385 1309 5424 cum
1363 5369 1430 5423 de
1489 5375 1732 5436 tempore
1763 5379 1870 5436 quo

278 5447 472 5518 scripti
501 5455 625 5518 sunt
649 5444 781 5500 certi
799 5441 942 5518 nihil
972 5441 1214 5518 haberet,
1235 5441 1289 5494 in
1313 5454 1514 5494 annum
1540 5436 1743 5518 Christi
1767 5436 1872 5518 8.35

278 5508 662 5586 eos'conjecit,
705 5514 883 5571 serius
925 5511 1147 5567 omnino
1203 5525 1363 5579 quam
1420 5523 1518 5586 par
1563 5508 1696 5571 fuit;
1746 5508 1871 5586 quia

279 5579 642 5644 'I‘beodulfum
663 5586 732 5641 ad
753 5599 817 5641 ea
843 5595 1082 5653 tempora
1119 5595 1244 5653 non,
1282 5579 1594 5651 pervenisse
1634 5579 1870 5653 ostendit

277 5657 448 5716 Jonas
472 5659 592 5730 ejus
623 5660 691 5730 in_
706 5652 1111 5730 Aurelianensi
1145 5652 1415 5730 cathedra
1437 5665 1739 5730 successor,
1769 5652 1869 5730 qui

280 5745 310 5784 a
345 5721 622 5785 Ludovico
660 5727 756 5782 Pio
786 5735 907 5796 post
943 5724 1205 5795 synodum
1246 5721 1609 5796 Parisiensem
1660 5721 1873 5796 adEu-

281 5804 500 5873 genium
517 5814 721 5872 papam
760 5791 1400 5873 miss_u_s_'estanno_824.
1449 5791 1615 5847 Nobis
1637 5793 1758 5873 “etsi
1805 5794 1872 5873 de

284 5863 434 5958 intra
460 5863 798 5966 compertum
825 5869 963 5946 nihil
989 5877 1127 5943 erat,
1160 5868 1338 5943 aptius
1365 5873 1547 5922 tamen
1573 5863 1764 5922 referri
1802 5865 1871 5931 ad

1144 6014 1342 6038 *ν’-θ

1974 4703 2202 4766 possunt
2228 4696 2547 4752 delictorum
2571 4711 2814 4765 suorum,
2845 4697 2950 4753 nisi
2977 4707 3168 4769 puram
3197 4696 3405 4756 faciant
3430 4713 3568 4758 con-

1973 4789 2268 4847 fessionem
2293 4799 2349 4847 et
2376 4791 2760 4864 pmoitentiam
2781 4788 3011 4859 justam,
3043 4799 3098 4848 et
3142 4792 3457 4851 abstineant
3509 4806 3572 4850 se

1977 4897 2009 4937 a
2057 4883 2299 4953 peccatis
2345 4898 2467 4954 quae
2515 4889 2644 4938 ante
2694 4880 2960 4946 fecerunt,
2990 4882 3119 4954 quia
3169 4883 3290 4942 haec
3321 4892 3407 4943 est
3436 4899 3568 4941 vera

1975 4976 2298 5046 pmnitentia
2339 4983 2396 5032 et
2427 4975 2732 5031 certissima
2761 4973 3121 5048 indulgentia,
3153 4985 3215 5033 ut
3247 4977 3446 5033 iterum
3473 4989 3568 5032 ea-

1976 5073 2100 5129 dem
2136 5087 2246 5128 non
2268 5070 2436 5128 faciat
2461 5071 2622 5128 homo
2651 5071 2844 5127 delicta
2870 5087 2971 5142 pro
2998 5071 3198 5144 quibus
3220 5070 3436 5127 veniam
3461 5082 3566 5140 po-

1975 5166 2169 5239 poscit.
2193 5165 2517 5222 Abstineant
2545 5179 2606 5221 se
2632 5180 2663 5221 a
2686 5163 3074 5231 fornicatione;
3125 5171 3182 5220 et
3212 5161 3308 5234 qui
3331 5159 3568 5220 feminas

1974 5301 2091 5356 hac
2136 5308 2376 5371 tempora
2419 5299 2597 5371 visum
2645 5309 2749 5365 est,
2799 5313 2920 5371 quae
2962 5295 3184 5368 propius
3229 5292 3459 5371 aberant
3494 5294 3566 5354 ab

1976 5315 2091 5356 tunc
2136 5315 2376 5371 tempora
2422 5315 2597 5355 Visum
2645 5315 2749 5365 est,
2799 5315 2920 5423 quae
2962 5315 3184 5368 propIus
3229 5315 3459 5351 aberant
3494 5315 3566 5354 an

1973 5371 2196 5428 exordio
2251 5370 2596 5441 pontiﬁcatus
2647 5371 2797 5426 Theo
2839 5368 2960 5441 ulli;
3024 5379 3306 5441 quemper
3336 5366 3436 5423 hos
3466 5383 3566 5441 an-

1972 5455 2108 5507 nos,
2135 5434 2299 5513 atqtie
2343 5449 2469 5497 ante
2515 5442 2780 5514 synodum
2843 5434 3405 5514 Erancofordiénsem,
3458 5439 3572 5514 epi-

1975 5506 2327 5585 scopumjam
2358 5506 2783 5574 fuisse.'Alcuini
2815 5508 2885 5564 ad
2922 5506 3175 5563 Carolum
3205 5525 3389 5566 regem
3436 5506 3561 5582 epi-

1975 5587 2113 5644 stola
2137 5587 2392 5642 declarat.

2048 5659 2076 5699 ι)
2116 5658 2245 5725 Qua:
2303 5663 2646 5725 sequuntur,_
2679 5651 2734 5705 in
2783 5649 3019 5725 editione
3045 5650 3368 5725 _Sirm‘ondi,
3399 5655 3565 5722 prout

1975 5719 2459 5788 seriusrecensi'ta,
2479 5727 2544 5776 ad
2568 5721 2768 5776 calcem
2785 5719 3021 5792 Operum
3042 5723 3320 5779 Theodulii
3343 5719 3532 5777 recusa
3546 5759 3565 5792 ,

1975 5799 2082 5857 huc
2111 5810 2447 5855 revocamus.
2477 5795 2632 5850 Eur.
