4046 6442
441 420 547 480 207

1438 415 1831 474 THEODULFI
1865 409 2421 473 AURELIANENSIS
2458 415 2672 474 EPlSC.

3607 415 3713 475 208

440 539 666 608 habent,
693 538 934 612 legitime
964 537 1295 611 temporibus
1323 538 1543 593 statutis
1585 538 1666 593 eis
1693 545 1935 602 utantur,
1969 543 2023 591 et
2051 537 2103 597 A
2126 535 2236 601 dia,
2264 543 2324 591 ut
2352 535 2631 606 indulgeat
2661 532 2768 589 illis
2793 529 2976 589 omnia
3017 523 3219 588 delicta
3259 545 3382 600 sua,
3410 537 3470 588 et
3509 539 3714 592 aeterna

442 635 753 692 honoriﬁce
779 635 1015 691 habeant
1044 633 1273 690 feminas
1297 649 1450 699 suas,
1489 643 1544 689 et
1571 633 1652 688 sic
1677 632 1834 686 ﬁdem
1867 629 2032 684 casti-

441 727 576 782 tatis
601 735 927 782 conservent
955 727 1234 792 uxoribus,
1264 725 1406 780 sicut
1436 724 1605 779 velint
1648 722 1790 793 quod
1834 735 2033 776 uxores

444 835 556 875 sua:
585 819 690 873 illis
713 819 1041 874 custodiant.
1089 818 1258 874 Filios
1303 818 1390 873 vel
1443 817 1582 871 ﬁlias
1621 831 1756 886 quas
1805 814 2029 880 habent,

443 911 695 966 erudiant
719 910 836 965 illos
865 911 920 964 in
953 910 1145 964 timore
1175 911 1271 965 Dei
1298 918 1353 964 et
1387 910 1442 963 in
1491 908 1777 963 sanctitate
1821 922 1939 971 sua,
1972 914 2032 960 ut

442 1015 551 1056 non
603 999 713 1055 sint
761 999 929 1061 fures,
974 1014 1075 1054 nec
1100 999 1355 1060 latrones,
1384 1013 1484 1052 nec
1515 997 1895 1061 fornicatores,
1932 1009 2033 1049 nec

441 1091 579 1146 alias
603 1090 876 1161 quaslibet
905 1091 1279 1145 immunditias
1309 1090 1511 1144 faciant
1554 1091 1609 1144 in
1650 1105 1880 1161 corpore
1933 1104 2030 1144 suo

445 1186 516 1242 ad
547 1184 880 1255 implendam
904 1185 1185 1240 libidinem
1220 1204 1232 1239 :
1264 1194 1324 1240 ut
1352 1185 1462 1240 sint
1496 1186 1813 1241 obedientes
1839 1198 2031 1254 paren—

442 1277 591 1333 tibus
617 1277 731 1332 suis
766 1278 818 1331 in
849 1277 994 1332 omni
1017 1277 1178 1340 bono,
1209 1285 1268 1330 ut
1289 1276 1434 1346 digni
1461 1276 1570 1331 sint
1600 1275 2030 1331 benedictionem

443 1371 694 1441 accipere
723 1386 753 1423 a
781 1369 1042 1434 Domino;
1077 1376 1132 1422 et
1154 1369 1447 1439 prmdicate
1471 1367 1723 1423 omnibus
1747 1367 2033 1421 veritatem

443 1475 647 1525 amare,
689 1461 952 1530 benignos
979 1475 1100 1514 esse
1129 1459 1197 1513 ad
1223 1475 1511 1530 pauperes,
1540 1459 1961 1530 peregrinosque
1978 1465 2034 1512 et

441 1552 692 1613 miseros,
725 1552 794 1609 de
817 1550 1124 1606 substantia
1153 1566 1319 1620 quam
1341 1551 1446 1606 illis
1481 1551 1692 1606 dederit
1721 1552 1893 1614 Deus,
1923 1565 2030 1604 non

441 1643 618 1700 solum
647 1643 822 1698 aliena
852 1656 960 1696 non
994 1642 1288 1712 excipiant,
1315 1643 1408 1698 sed
1443 1643 1608 1697 etiam
1661 1659 1757 1697 sua
1801 1643 2032 1714 benigne

439 1737 700 1792 tribuant.
746 1734 804 1791 Si
849 1735 1017 1790 velint
1050 1735 1482 1792 benedictionem
1525 1735 1620 1791 Dei
1671 1736 1894 1802 habere,
1922 1751 2032 1790 non

439 1827 638 1885 falsum
661 1828 1034 1884 testimonium
1065 1829 1268 1895 dicant,
1298 1844 1365 1884 ne
1392 1827 1631 1898 perjuria
1658 1829 1880 1895 faciant,
1904 1829 2032 1899 quia

2132 631 2327 702 gaudia
2356 628 2463 685 illis
2493 627 2798 700 perdonare
2847 643 2971 683 cum
3023 627 3228 683 sanctis
3275 627 3388 683 suis
3442 627 3716 699 dignetur.

2132 722 2284 789 llaec,
2337 723 2668 778 sanctissimi
2729 721 3044 777 sacerdotes
3099 720 3323 786 Christi,
3355 722 3423 776 ad
3457 731 3716 778 aeterna-

2131 815 2298 870 vitam
2329 831 2452 870 cum
2485 814 2685 870 sanctis
2711 813 2978 885 episcopis
3024 822 3078 869 et
3125 813 3386 885 apostolis
3431 815 3717 871 convocati

2131 908 2421 977 prtedicate
2462 907 2680 977 p0pulo,
2712 914 2768 960 et
2811 907 3173 976 vosmetipsos
3219 905 3412 976 dignos
3448 904 3615 961 facite
3663 905 3719 962 in

2131 998 2280 1054 omni
2304 998 2564 1070 religione
2587 1007 2641 1052 et
2665 998 2915 1053 castitate
2942 998 2996 1052 in
3021 1006 3316 1066 conspectu
3331 998 3718 1068 omnipotentis

2134 1088 2249 1154 Dei,
2280 1098 2548 1160 quatenus
2576 1090 2838 1145 concedat
2869 1090 3023 1144 vobis
3057 1105 3180 1144 cum
3205 1089 3487 1159 multiplici
3518 1089 3721 1145 laboris

2132 1183 2298 1238 vestri
2327 1181 2504 1238 fructu
2529 1191 2746 1238 aeternae
2787 1182 3136 1237 beatitudinis
3182 1183 3406 1253 gloriam
3453 1183 3718 1255 recipere.

2133 1275 2487 1346 Omnipotens
2515 1275 2658 1330 Deus
2694 1289 2784 1331 vos
2805 1276 3070 1346 proﬁcere
3096 1275 3261 1332 faciat
3283 1275 3340 1330 in
3364 1291 3530 1347 opere
3553 1276 3721 1344 bono,

2136 1366 2471 1422 dilectissimi
2492 1366 2710 1422 fratres.

2266 1474 2545 1532 ADDITlO
2575 1475 2667 1529 AD
2699 1475 3140 1534 CAPITULARE
3169 1475 3587 1535 THEODULFI.

2133 1566 2254 1622 Duo
2271 1570 2576 1640 posteriora
2604 1557 2836 1640 capitula
2861 1570 3175 1640 rediguntur
3190 1571 3248 1624 in
3272 1586 3437 1624 unum
3463 1571 3518 1625 in
3544 1569 3727 1626 codice

2302 1639 2613 1702 uessionico,
2643 1639 2886 1692 auctiora
2909 1639 3088 1706 editis,
3116 1657 3234 1711 qua:
3263 1640 3394 1694 talia
3416 1653 3539 1696 sunt

2215 1731 2496 1788 Sancitum
2520 1742 2581 1788 ut
2605 1735 2785 1790 missze
2813 1749 2932 1804 quae
2960 1751 3059 1806 per
3081 1736 3199 1792 dies
3225 1737 3537 1794 Dominicos
3561 1753 3729 1809 pecu-

2135 1823 2296 1880 liares
2329 1842 2360 1878 a
2383 1825 2758 1882 sacerdotibus
2788 1825 2944 1895 ﬁunt,
2970 1842 3038 1882 ne
3077 1828 3153 1883 ita
3185 1828 3239 1882 in
3264 1828 3481 1898 publico
3507 1828 3640 1884 ﬁant
3666 1836 3728 1885 ut

439 1918 608 1977 falsos
638 1926 805 1973 testes
833 1926 890 1972 et
918 1931 1207 1988 perversos
1239 1920 1382 1974 Deus
1409 1919 1630 1974 damnat
1657 1920 1710 1976 in
1735 1930 2029 1987 aeternum;
2061 1914 2108 1974 B
2134 1916 2364 1988 populus
2411 1933 2508 1974 eas
2550 1918 2738 1974 audire
2782 1927 2967 1988 queat,
3000 1927 3055 1975 et
3102 1928 3366 1990 praeterea
3414 1936 3444 1975 a
3496 1919 3730 1990 publicis

441 2019 501 2066 et
527 2011 816 2065 admonete
840 2023 934 2065 eos
968 2017 1030 2066 ut
1059 2009 1265 2066 faciant
1301 2009 1534 2067 ﬁdeliter
1561 2028 1899 2085 quaecunque
1943 2013 2035 2069 do-

440 2098 608 2154 minis
636 2098 751 2154 suis
777 2099 1011 2154 debeant
1033 2098 1216 2156 facere
1245 2101 1302 2155 in
1346 2101 1494 2158 omni
1534 2101 1720 2157 labore
1766 2111 1822 2158 et
1871 2117 2035 2173 opere

439 2190 588 2262 quod
620 2188 924 2260 iniunctum
962 2191 1034 2245 sit
1055 2191 1166 2257 eis;
1197 2199 1256 2245 ut
1287 2191 1488 2262 saepius
1526 2192 1594 2246 ad
1639 2193 1900 2248 ecclesias
1943 2209 2035 2249 ve-

439 2281 618 2348 niant,
643 2282 879 2336 maxime
905 2281 1114 2337 festivis
1146 2283 1356 2350 diebus,
1391 2283 1456 2338 ad
1485 2284 1809 2350 orationem,
1844 2286 1910 2339 ad
1939 2300 2035 2340 au-

440 2373 700 2428 diendum
729 2373 954 2426 verbum
983 2372 1102 2438 Dei,
1130 2382 1185 2429 et
1213 2389 1322 2428 non
1354 2373 1547 2430 otiosis
1575 2373 1756 2429 verbis
1803 2373 1877 2428 ibi
1922 2390 2036 2430 ma-

438 2474 608 2520 neant
637 2465 691 2518 in
739 2465 1040 2520 orationem
1093 2482 1106 2519 :
1156 2480 1349 2536 puram
1397 2474 1452 2521 et
1503 2473 1747 2522 sanctam
1800 2466 2035 2522 habeant

438 2557 802 2614 humilitatem
826 2557 971 2612 inter
1000 2570 1078 2622 se,
1110 2565 1166 2612 et
1213 2558 1530 2628 patientiam
1577 2566 1634 2612 et
1683 2558 2032 2625 charitatem,

439 2664 562 2720 quae
587 2657 674 2704 est
697 2649 865 2705 totius
891 2649 1017 2705 boni
1041 2659 1205 2720 caput
1228 2658 1282 2705 et
1297 2651 1718 2707 ﬁrmamentum.
1738 2651 2036 2707 Prtedicate

436 2750 519 2806 eis
546 2751 689 2821 quod
713 2759 798 2806 est
824 2766 965 2806 unus
993 2749 1136 2806 Deus
1162 2751 1508 2822 omnipotens
1537 2761 1754 2806 creator
1803 2751 1929 2807 εαξιὶ
1983 2759 2040 2804 et

441 2851 628 2909 teme,
653 2843 746 2914 qui
808 2842 863 2898 in
891 2841 1031 2897 Filio
1057 2857 1156 2898 suo
1183 2841 1414 2898 Domino
1437 2849 1624 2898 nostro
1657 2840 1783 2897 Jesu
1818 2841 2036 2896 Christo

439 2931 704 2988 mundum
768 2931 1029 2998 redemit,
1087 2948 1422 3004 regnumque
1470 2932 1733 2988 ctelorum
1784 2933 2036 2988 omnibus

439 3024 690 3080 fidelibus
713 3025 944 3094 aperuit,
979 3025 1034 3080 in
1083 3040 1194 3095 quo
1225 3025 1569 3096 iudicaturus
1615 3031 1699 3079 est
1749 3023 2029 3079 mundum.

437 3115 736 3173 Prtedicate
768 3117 876 3172 illis
905 3117 972 3172 de
1011 3115 1196 3172 futuro
1221 3117 1449 3188 judicio,
1501 3117 1567 3173 de
1613 3117 1792 3188 poenis
1842 3117 2035 3186 impio-

438 3225 562 3264 rum
589 3209 889 3278 perpetuis,
921 3207 1320 3264 confessionem
1347 3217 1404 3263 et
1423 3208 1805 3278 paenitentiam
1851 3206 2033 3264 facere

2135 2010 2426 2066 missarum
2459 2009 2756 2078 solemniis,
2793 2028 2914 2083 qua:
2941 2012 3073 2068 hora
3106 2013 3267 2068 tertia
3298 2029 3557 2069 canonice
3593 2013 3730 2069 ﬁant

2135 2114 2196 2156 se
2224 2101 2538 2168 abstrahat;
2576 2118 2703 2157 nam
2729 2103 3026 2173 pessimum
3062 2119 3217 2158 usum
3257 2105 3479 2175 quidam
3527 2105 3580 2158 in
3621 2105 3731 2159 hoc

2136 2183 2361 2258 habent,
2393 2191 2608 2262 quando
2640 2193 2695 2246 in
2741 2193 2930 2248 diebus
2979 2191 3300 2258 Dominicis,
3332 2194 3444 2248 sive
3498 2193 3554 2246 in
3603 2191 3730 2248 aliis

2137 2283 2469 2340 solemnibus
2495 2284 2688 2339 diebus
2724 2284 2938 2349 missas,
2966 2283 3094 2339 licet
3140 2301 3239 2355 pro
3287 2283 3578 2349 defunctis,
3612 2283 3731 2338 sive

2136 2374 2274 2430 alias
2320 2390 2704 2446 quascunque,
2735 2391 2855 2446 quae
2899 2375 3240 2431 familiariter
3281 2391 3312 2430 a
3354 2374 3730 2431 sacerdotibus

2138 2473 2296 2538 ﬁunt,
2326 2473 2517 2528 audire
2541 2473 2853 2544 respiciant,
2888 2481 2942 2528 et
2966 2489 2996 2528 a
3017 2473 3194 2544 primo
3217 2488 3380 2530 mane
3418 2488 3516 2545 per
3551 2481 3731 2527 totum

2137 2565 2279 2621 diem
2306 2565 2685 2632 ebrietatibus,
2717 2574 2771 2620 et
2795 2565 3345 2622 commessationibus
3377 2573 3540 2635 atque
3565 2563 3728 2618 vani-

2139 2655 2336 2726 loquiis
2359 2658 2540 2728 potius
2565 2673 2729 2728 quam
2770 2657 2880 2714 Deo
2909 2658 3242 2714 deserviunt.
3271 2657 3566 2728 Pr0pterea
3606 2669 3733 2727 pro-

2137 2747 2428 2802 videndum
2457 2756 2541 2802 est
2575 2756 2634 2802 ut
2661 2762 2852 2802 omnes
2884 2748 2952 2802 ad
3000 2747 3273 2818 publicam
3322 2756 3568 2803 sanetam
3612 2761 3731 2802 ma-

2138 2845 2278 2893 trem
2305 2837 2616 2903 ecclesiam,
2646 2839 2713 2893 ad
2741 2839 3031 2894 missarum
3059 2839 3326 2894 sOiemnia
3369 2847 3425 2894 et
3469 2837 3734 2910 praedica-

2138 2930 2340 2984 tionem
2372 2928 2608 2984 audituri
2635 2930 2981 2984 conveniant.
3025 2927 3198 2985 Simul
3231 2939 3285 2986 et
3316 2931 3418 2985 hoc
3465 2938 3730 2985 statutum

2137 3029 2309 3074 estut
2353 3019 2406 3073 in
2437 3019 2659 3074 civitate
2689 3019 2743 3073 in
2787 3035 2892 3090 qua
2939 3021 3224 3090 episcopus
3267 3019 3594 3076 constitutus
3643 3026 3734 3074 est

2138 3128 2330 3170 omnes
2362 3115 2668 3186 presbyteri
2698 3123 2754 3169 et
2779 3115 2985 3186 populi,
3023 3123 3132 3170 tam
3173 3116 3410 3170 civitatis
3459 3129 3622 3187 quam
3673 3122 3734 3170 et

2139 3205 2458 3272 suburbani,
2495 3207 2736 3262 revestiti
2774 3207 2827 3261 in
2856 3207 2972 3278 ipsa
3015 3208 3180 3264 missa
3228 3223 3400 3279 usque
3445 3208 3515 3263 ad
3562 3208 3734 3264 bene-

439 3299 509 3355 de
534 3276 776 3370 peccatis
805 3299 938 3363 suis,
965 3297 1048 3352 vel
1077 3299 1266 3353 eadem
1309 3276 1583 3352 dimittere
1628 3305 1873 3368 peccata.
1921 3297 2031 3352 No-
2059 3276 2105 3338 Ο
2139 3299 2429 3354 dictionem
2461 3299 2698 3370 episcopi
2725 3307 2781 3354 et
2821 3276 3258 3356 communionem
3305 3276 3499 3356 devota
3548 3307 3735 3354 mente

439 3389 650 3445 minate
694 3388 785 3442 illa
836 3395 1060 3457 peccata
1090 3403 1211 3458 qua;
1241 3389 1434 3442 beatus
1468 3386 1667 3442 Paulus
1693 3387 1881 3443 doctor
1903 3403 2034 3459 gen-

439 3479 578 3536 tium
611 3481 977 3545 enumeravit,
1017 3479 1202 3534 dicens
1233 3497 1245 3532 :
1278 3479 1360 3532 An
1393 3479 1605 3534 nescitis
1633 3480 1884 3550 quoniam
1923 3481 2030 3534 ini-

439 3572 530 3644 qui
554 3585 772 3642 regnum
803 3569 897 3624 Dei
923 3587 1027 3624 non
1053 3569 1435 3642 possidebunt?
1467 3569 1520 3624 Ν
1524 3569 1648 3624 alite
1670 3587 1880 3638 errare,
1903 3587 2032 3643 quo-

441 3665 586 3718 niam
613 3679 777 3735 neque
807 3664 1085 3733 fornicarii
1105 3704 1121 3729 ,
1146 3679 1309 3735 neque
1345 3662 1505 3717 idolis
1543 3665 1841 3730 servientes,
1871 3681 2034 3738 neque

442 3756 694 3819 adulteri,
721 3772 883 3826 neque
916 3754 1098 3810 molles
1121 3796 1136 3821 ,
1169 3771 1331 3826 neque
1381 3755 1739 3810 masculorum
1786 3757 2033 3810 concubi-

445 3855 604 3907 tores,
631 3863 794 3908 neque
823 3847 965 3915 fures
986 3887 1000 3909 ,
1026 3863 1188 3916 neque
1229 3848 1376 3900 avari
1393 3887 1408 3911 ,
1434 3863 1597 3918 neque
1621 3847 1810 3900 ebriosi
1835 3888 1847 3913 ,
1871 3864 2033 3918 neque

443 3937 712 4000 maledici,
741 3953 902 4006 neque
943 3937 1168 4006 perjuri,
1200 3954 1363 4007 neque
1411 3953 1652 4008 rapaces,
1678 3954 1889 4007 regnum
1935 3937 2034 3991 Dei

441 4027 782 4098 possidebunt
812 4025 866 4097 (l
893 4025 1016 4080 Cor.
1043 4042 1115 4090 vi,
1135 4027 1190 4096 9)
1213 4045 1227 4092 ;
1263 4028 1354 4096 qui
1377 4043 1510 4085 vero
1533 4027 1648 4082 haec
1675 4028 1757 4082 vel
1780 4029 1864 4082 his
1885 4029 2036 4082 simi-

443 4119 516 4174 lia
550 4129 736 4189 agunt,
766 4121 812 4174 si
853 4119 1098 4174 conﬁteri
1148 4129 1203 4174 et
1256 4121 1632 4190 paenitentiam
1664 4136 1824 4190 agere
1861 4123 2032 4194 negli-

442 4221 600 4282 gunt,
624 4213 844 4267 aeternis
871 4213 1156 4267 tormentis
1183 4223 1240 4267 et
1265 4212 1498 4268 flammis
1523 4229 1645 4268 cum
1673 4214 1887 4270 diabolo
1907 4233 2036 4272 con-

443 4302 842 4358 demnabuntur
871 4319 884 4357 :
912 4304 1005 4373 qui
1035 4319 1166 4358 vero
1189 4317 1416 4373 regnum
1439 4304 1534 4358 Dei
1559 4305 1764 4361 intrare
1785 4308 2033 4377 cupiunt,

445 4391 653 4448 faciant
696 4393 986 4460 justitiam,
1037 4395 1501 4460 misericordiam,
1539 4397 1845 4463 veritatem,
1877 4399 2035 4454 beni-

445 4485 748 4554 gnitatem,
803 4485 1210 4551 obedientiam,
1264 4502 1474 4541 necnon
1523 4494 1578 4542 et
1635 4488 2036 4560 eleemosynam

442 4587 606 4644 prout
642 4577 846 4630 habent
873 4576 1193 4632 facultatem
1225 4596 1236 4631 :
1273 4575 1479 4645 jejunia
1510 4593 1727 4648 quoque
1751 4588 1807 4635 et
1835 4580 2036 4635 oratio-

441 4681 540 4721 nes
569 4677 884 4734 exerceant,
919 4669 1183 4726 habentes
1206 4671 1532 4726 charitatem
1565 4673 1661 4728 Dei
1688 4673 2034 4744 omnipoten-

443 4760 534 4825 tis,
558 4769 614 4814 et
638 4761 840 4816 bonum
871 4763 1133 4820 facientes
1164 4766 1312 4820 omni
1343 4766 1570 4831 homini,
1602 4775 1764 4837 prout
1802 4768 2030 4836 possint.

441 4846 643 4906 Vivant
665 4852 722 4907 in
750 4856 1000 4911 castitate
1023 4865 1079 4912 et
1098 4857 1321 4928 pietate,
1353 4859 1408 4914 in
1452 4858 1775 4925 humilitate,
1807 4869 1863 4915 et
1907 4860 2036 4916 obe-

441 4941 665 5013 dientia,
689 4953 745 5003 et
776 4948 880 5004 ﬁde
905 4948 1066 5018 bona,
1097 4960 1155 5006 et
1182 4951 1456 5009 conﬁdant
1485 4953 1540 5007 in
1581 4951 1677 5008 Dei
1723 4952 2035 5010 misericor-

467 5085 1477 5114 Μαι-...σο

2136 3393 2282 3450 stare
2324 3395 2543 3462 debent,
2574 3403 2628 3450 et
2652 3404 2837 3466 postea
2869 3397 2916 3452 si
2942 3397 3229 3462 voluerint,
3258 3414 3380 3453 cum
3409 3398 3630 3454 licentia
3657 3397 3732 3453 ad

2137 3501 2264 3542 suos
2308 3487 2494 3542 titulos
2537 3488 2918 3544 benedictione
2946 3499 3001 3544 et
3049 3491 3428 3546 communione
3471 3499 3736 3561 percepta

2136 3589 2505 3636 revertantur.
2538 3581 2607 3635 Et
2632 3583 2738 3638 hoc
2772 3597 3114 3653 summopere
3163 3583 3465 3638 cavendum
3508 3591 3594 3637 est
3642 3599 3738 3636 sa-

2137 3674 2467 3739 cerdotibus,
2495 3684 2556 3730 ut
2579 3690 2677 3746 per
2698 3676 2936 3731 oratoria
2963 3689 3138 3746 neque
3160 3689 3259 3746 per
3283 3673 3595 3730 suburbana
3620 3688 3738 3728 mo-

2136 3766 2400 3832 nasteria,
2435 3765 2520 3822 vel
2557 3766 2819 3822 ecclesias
2866 3759 3228 3834 suburbanas,
3282 3767 3476 3822 missas
3526 3779 3734 3834 nequa-

2137 3875 2298 3930 quam
2337 3861 2441 3914 nisi
2485 3869 2593 3914 tam
2634 3870 2793 3916 caute
2834 3872 2959 3917 ante
2995 3864 3288 3918 secandam
3327 3862 3518 3915 horam
3542 3899 3557 3924 ,
3592 3857 3731 3913 fori-

2134 3949 2344 4021 busque
2386 3953 2667 4019 reseratis,
2712 3953 2991 4008 celebrare
3034 3959 3384 4022 praesumant,
3411 3959 3472 4005 ut
3498 3949 3733 4021 populus

2137 4054 2168 4094 a
2195 4041 2427 4110 publicis
2461 4041 2898 4097 solemnitatibus
2949 4042 3038 4096 tali
3089 4043 3376 4098 occasione
3423 4051 3669 4112 accepta,
3696 4055 3730 4094 a

2137 4131 2302 4185 missa
2335 4133 2448 4188 sive
2477 4149 2507 4187 a
2535 4132 2920 4203 praedicatione
2950 4135 3191 4204 episcopi
3221 4150 3278 4188 se
3328 4134 3552 4189 minime
3595 4134 3729 4189 sub-

2139 4225 2357 4279 trahere
2381 4225 2575 4294 possit,
2592 4225 2686 4281 sed
2711 4242 2901 4282 omnes
2930 4235 3040 4281 tam
3067 4227 3378 4282 sacerdotes
3409 4225 3725 4288 suburbani,

2139 4332 2304 4386 quam
2328 4327 2384 4372 et
2409 4318 2466 4372 in
2495 4320 2628 4375 urbe
2661 4320 2964 4382 constituti,
3011 4327 3068 4374 et
3114 4317 3342 4390 populus
3387 4327 3634 4382 cunctus.
3667 4323 3730 4370 ιιι

2137 4407 2513 4478 prtediximus,
2545 4425 2650 4463 una
2697 4426 2818 4464 cum
2866 4409 2973 4464 illis
3015 4409 3080 4464 ad
3121 4407 3394 4479 publicam
3437 4407 3726 4462 missarum

2141 4497 2572 4554 celebrationem
2603 4501 2951 4565 conveniant,
2983 4508 3040 4555 et
3061 4500 3190 4554 nulli
3215 4508 3370 4555 extra
3397 4497 3651 4569 parvulos
3674 4505 3732 4551 et

2141 4585 2409 4654 inﬁrmos,
2442 4589 2570 4644 licet
2596 4591 2818 4646 missam
2851 4592 3092 4646 auditam
3124 4591 3377 4657 habeant,
3407 4598 3521 4644 tam
3557 4589 3612 4644 in
3657 4589 3732 4644 ci-

2142 4675 2402 4732 vitatibus
2439 4693 2601 4748 quam
2638 4689 2694 4734 et
2731 4681 2786 4734 in
2811 4681 3084 4751 parochiis
3109 4683 3271 4737 edere
3297 4690 3353 4737 et
3379 4681 3566 4736 bibere
3590 4694 3731 4750 prte-

2143 4774 2359 4821 sumant
2395 4777 2520 4823 ante
2561 4769 2837 4839 publicum
2878 4781 3158 4841 peractum
3195 4770 3450 4826 ofﬁcium.
3497 4768 3558 4826 Si
3606 4770 3730 4841 quis

2143 4859 2260 4916 haec
2285 4869 2487 4918 statuta
2527 4866 2833 4936 transgredi
2876 4867 3187 4932 tentaverit,
3220 4865 3482 4922 canonico
3522 4864 3732 4937 judicio

2143 4971 2316 5026 usque
2342 4956 2410 5011 ad
2436 4956 2858 5012 satisfactionem
2887 4957 3172 5014 subdatur.

1069 5247 1676 5331 THEODULFI
1761 5252 2407 5332 CAPITULARE
2462 5256 2597 5331 AD
2675 5256 3105 5336 EOSDEM.

1627 5425 1836 5492 (italum,
1863 5426 2095 5489 Miscell.,
2119 5433 2240 5478 tom.
2261 5425 2327 5491 ll,
2345 5442 2457 5493 pag.
2481 5429 2584 5494 99.)

507 5667 557 5724 Α
579 5667 756 5741 primo
780 5666 1018 5725 hominis
1043 5666 1218 5739 lapsu,
1235 5665 1290 5723 in
1316 5681 1424 5737 quo
1448 5665 1652 5722 bonum
1678 5673 1890 5722 natura:
1919 5665 2028 5721 vel-

436 5770 503 5817 ut
525 5762 641 5833 ipsa
667 5761 822 5816 radix
851 5761 1067 5829 generis
1090 5759 1312 5815 humani
1339 5761 1548 5825 vitiata,
1578 5776 1748 5830 usque
1773 5774 1917 5814 nunc
1939 5774 2025 5814 se-

436 5860 730 5916 minarium
767 5857 1020 5912 vitiorum
1052 5865 1259 5912 naturae
1292 5857 1554 5912 inscrtum
1586 5853 1844 5928 pullulat,
1877 5853 2023 5912 unde

2134 5668 2196 5724 ﬁt
2224 5670 2366 5740 quod
2399 5685 2522 5726 cum
2554 5665 2740 5728 labore
2768 5672 3028 5731 discimus
3047 5715 3063 5741 ,
3091 5677 3208 5734 sine
3235 5678 3422 5736 labore
3449 5679 3729 5739 oblivisci:

2133 5778 2275 5829 mur,
2308 5761 2522 5819 diliicile
2552 5767 2619 5818 ad
2651 5765 2877 5821 virtutes
2907 5769 3276 5840 assurgimus,
3315 5769 3475 5827 facile
3504 5773 3560 5828 in
3590 5775 3724 5829 vitia

2129 5855 2444 5914 dilabimur.
2463 5856 2826 5924 Quamobrem
2845 5859 2995 5918 omni
3017 5861 3215 5920 mentis
3233 5863 3728 5938 circumspectione
