4046 6460
310 496 412 555 209

1711 491 2158 550 CAPITULARE.

3445 497 3551 553 210

307 609 656 683 satagendum
678 649 693 675 ,
730 607 944 673 dilecti,
977 622 1010 663 o
1045 609 1386 676 sacerdotes,
1429 617 1490 664 ut
1527 609 1581 664 in
1621 607 1876 663 discendo
1903 608 1956 669 Α
1979 605 2172 670 beant,
2204 603 2427 673 diligant
2453 601 2736 659 Dominum
2773 601 2894 673 plus
2922 615 3087 673 quam
3120 599 3208 668 se,
3238 605 3553 674 proximum

309 704 550 762 laborem
578 701 930 756 adhibeamus
958 710 1012 756 et
1041 703 1092 756 in
1122 703 1403 757 retinendo
1429 702 1570 772 quod
1598 699 1884 755 didicimus

310 812 469 854 usum
499 795 893 865 impendamus,
921 795 1156 850 maxime
1183 810 1280 848 nos
1309 795 1400 863 qui
1431 793 1679 864 regimini
1705 792 1881 846 locum

313 898 561 946 tenemus
592 895 648 942 et
681 887 886 942 similes
921 885 1187 955 ejusmodi
1227 887 1432 942 ordinis
1470 887 1660 941 nostri.
1699 886 1884 954 Itaque

314 996 441 1046 vos,
473 995 506 1035 ο
529 979 836 1034 sacerdotes
866 979 1110 1045 Domini,
1142 979 1496 1035 admonemus
1523 988 1583 1034 ut
1608 977 1768 1034 ﬁdem
1796 992 1886 1032 ca-

313 1073 574 1128 tholicam
602 1081 655 1127 ct
680 1073 995 1128 memoriter
1022 1073 1251 1129 teneatis
1277 1082 1331 1128 et
1358 1075 1522 1129 corde
1551 1072 1884 1143 intelligatis,

314 1166 419 1221 hoc
459 1172 575 1229 est,
606 1162 796 1229 Credo,
828 1172 883 1219 et
917 1165 1206 1236 quicunque
1244 1164 1350 1220 vult
1387 1164 1562 1219 salvus
1596 1181 1736 1229 esse,
1768 1174 1888 1218 ante

315 1259 491 1312 omnia
515 1274 644 1335 opus
665 1267 737 1312 est
761 1266 815 1311 ut
835 1266 1004 1312 teneat
1027 1257 1336 1312 catholicam
1355 1258 1531 1328 ﬁdem.
1557 1256 1889 1313 Discutiendi

317 1357 495 1402 autem
535 1355 662 1402 sunt
686 1361 876 1403 omnes
910 1346 1128 1402 Domini
1167 1348 1475 1403 sacerdotes
1509 1355 1691 1402 utrum
1727 1360 1891 1402 cano-

315 1453 440 1494 nem
470 1439 650 1493 missa:
679 1446 734 1493 et
761 1447 1026 1493 secretam
1060 1445 1154 1492 aut
1185 1437 1257 1492 Te
1283 1439 1447 1510 igitur
1471 1437 1787 1494 memoriter
1812 1446 1892 1493 te-

315 1539 482 1586 neant
506 1539 560 1585 et
584 1530 722 1585 bene
747 1531 1115 1601 distinguant,
1143 1539 1196 1586 et
1224 1546 1445 1586 nomina
1472 1539 1812 1586 mortuorum
1837 1538 1894 1586 et

313 1623 561 1676 vivorum
601 1622 712 1676 suis
742 1621 794 1675 in
826 1620 962 1678 locis
990 1621 1364 1678 ordinabiliter
1387 1631 1444 1678 et
1468 1637 1593 1678 cum
1623 1622 1770 1678 omni
1799 1621 1893 1678 de-

312 1713 532 1767 votione
566 1712 832 1777 recitent,
869 1711 1359 1784 baptisteriumque
1399 1715 1502 1770 rite
1537 1723 1802 1786 peragant
1837 1722 1894 1771 et

315 1804 480 1858 rectis
509 1803 688 1858 verbis
716 1803 1002 1858 enuntiare
1031 1804 1276 1873 possint,
1307 1813 1364 1859 et
1390 1805 1457 1860 de
1482 1805 1808 1877 negligentia
1838 1806 1891 1860 in

311 1896 658 1967 baptizandis
684 1895 951 1959 infirmis,
987 1910 1053 1950 ne
1081 1895 1313 1966 aliquem
1346 1899 1444 1952 sub
1483 1898 1704 1952 obtentu
1736 1896 1888 1951 infir-

1985 707 2238 768 tanquam
2276 713 2368 764 se,
2409 697 2601 753 deinde
2636 704 2696 750 ut
2733 697 2802 750 ab
2834 695 2982 750 omni
3017 696 3158 750 malo
3196 712 3358 768 opere
3383 699 3553 754 absti-

1983 797 2182 854 neant,
2209 797 2266 842 et
2290 787 2430 857 quod
2457 787 2558 842 sibi
2584 785 2773 841 nolunt
2798 785 2915 840 fieri
2941 787 3009 841 ab
3036 785 3178 850 aliis,
3204 787 3310 842 hoc
3335 785 3410 842 illi
3436 788 3557 843 aliis

1985 894 2093 934 non
2120 878 2353 944 faciant,
2381 887 2436 934 et
2464 878 2607 950 quod
2631 877 2816 933 volunt
2842 888 2903 932 ut
2925 877 3028 933 sibi
3055 877 3302 933 homines
3327 876 3555 946 faciant,

1986 969 2102 1025 haec
2130 969 2317 1025 eadem
2349 969 2551 1025 faciant
2577 969 2703 1026 illis.

2056 1059 2287 1126 Deinde,
2317 1061 2362 1116 si
2391 1062 2648 1116 Dominus
2673 1062 2763 1116 dat
2788 1060 3114 1117 intellectum
3133 1102 3149 1129 ,
3174 1063 3279 1118 hoc
3302 1063 3446 1133 quod
3472 1079 3560 1120 sa-

1987 1151 2179 1206 cerdos
2206 1151 2474 1206 veraciter
2502 1151 2749 1223 intelligit
2777 1152 2841 1206 de
2871 1151 3161 1223 Evangelio
3178 1192 3193 1217 ,
3225 1152 3293 1207 de
3319 1152 3561 1224 Epistola

1988 1242 2158 1297 sancti
2193 1241 2379 1306 Pauli,
2413 1251 2672 1312 quantum
2699 1251 2878 1314 potest
2907 1244 3051 1300 dicat
3093 1244 3199 1298 illis
3221 1285 3235 1310 ,
3271 1245 3562 1300 admoneat

1988 1341 2050 1388 ut
2093 1332 2161 1386 ad
2193 1331 2478 1388 ecclesiam
2507 1348 2650 1404 saepe
2673 1342 2928 1402 currant,
2952 1334 3250 1390 oblationes
3275 1351 3404 1392 suas
3429 1335 3562 1392 fide-

1988 1430 2113 1485 liter
2141 1429 2404 1496 offerant,
2435 1426 2808 1484 confessiones
2847 1429 2958 1485 Deo
2989 1437 3047 1484 et
3074 1429 3449 1486 sacerdotibus
3478 1427 3561 1485 fa-

1991 1522 2157 1578 ciant.

2062 1613 2254 1670 Nullus
2287 1613 2360 1669 sit
2389 1613 2533 1669 inter
2559 1628 2653 1669 eos
2680 1613 2775 1684 qui
2803 1612 3085 1670 confessus
3113 1628 3220 1669 non
3252 1614 3325 1670 sit
3351 1614 3565 1671 adulte-

1991 1709 2132 1763 rium
2151 1748 2166 1773 ,
2199 1721 2299 1762 nec
2334 1706 2598 1762 incestum
2621 1746 2636 1771 ,
2668 1721 2770 1762 nec
2802 1705 3218 1762 fornicationem
3257 1721 3381 1761 cum
3411 1705 3570 1762 femi-

1993 1801 2078 1855 nis
2097 1839 2112 1864 ,
2139 1798 2394 1853 masculis
2415 1839 2429 1864 ,
2457 1813 2579 1853 cum
2608 1799 2908 1869 pecudibus
2937 1798 3080 1854 inter
3110 1814 3171 1854 se
3199 1814 3306 1854 non
3337 1814 3571 1855 consen-

1995 1891 2167 1946 tiant:
2203 1889 2297 1945 sed
2325 1889 2368 1944 si
2397 1889 2518 1959 quis
2550 1888 2692 1943 inter
2721 1903 2816 1944 eos
2845 1889 2919 1944 sit
2945 1889 3040 1959 qui
3069 1889 3124 1944 in
3155 1889 3242 1945 his
3270 1891 3570 1946 sceleribus

311 2004 526 2042 morum
552 2004 743 2042 sanum
775 1987 1050 2058 baptizare
1075 1998 1405 2058 praesumant
1433 1989 1536 2044 nisi
1566 1990 1755 2045 diebus
1781 1999 1892 2045 sta-
1917 1967 1964 2027 Β
1992 1981 2173 2054 lapsus
2205 1981 2313 2046 sit,
2353 1979 2633 2052 corrigant
2664 1988 2720 2036 et
2751 1980 2965 2051 publice
2993 1994 3117 2036 cum
3152 1994 3252 2036 suo
3286 1982 3570 2037 sacerdote

313 2082 447 2135 tutis
477 2079 760 2135 Paschatis
783 2087 838 2134 et
866 2079 1234 2135 Pentecostes.
1263 2079 1672 2136 Admonendum
1701 2081 1807 2136 illis
1833 2090 1894 2136 ut

311 2187 411 2241 pro
439 2171 742 2225 ministerio
764 2169 1071 2241 baptizandi
1100 2169 1233 2224 nihil
1258 2171 1497 2241 exigant,
1527 2171 1641 2225 sive
1665 2185 1697 2224 a
1719 2169 1893 2242 bapti-

309 2263 522 2324 zandis,
557 2261 668 2316 sive
697 2277 727 2315 a
756 2261 1074 2331 parentibus
1103 2259 1318 2315 illorum
1337 2302 1353 2325 ,
1380 2260 1514 2316 nihil
1543 2260 1887 2327 munusculi,

311 2352 448 2406 nihil
465 2352 621 2419 pretii
635 2351 871 2415 omnino,
890 2349 982 2405 sed
1003 2366 1124 2406 cum
1139 2351 1437 2420 gratiarum
1458 2351 1671 2406 actione
1693 2360 1892 2406 etcum

311 2459 521 2497 summa
547 2443 830 2498 devotione
855 2443 958 2497 hoc
980 2453 1264 2513 peragant.
1290 2441 1442 2509 Quod
1465 2443 1512 2497 si
1537 2440 1674 2497 forte
1698 2457 1894 2512 paren-

311 2544 397 2589 tes
422 2550 604 2588 eormn
628 2576 641 2598 ,
673 2545 764 2588 aut
790 2535 881 2604 qui
908 2549 1001 2589 eos
1028 2549 1058 2588 a
1084 2535 1256 2590 sacris
1285 2533 1524 2589 fontibus
1550 2535 1888 2607 suscipiunt,

313 2635 502 2694 sponte
525 2635 580 2680 et
607 2627 842 2697 gratuito
869 2625 1073 2694 aliquid
1100 2626 1345 2682 muneris
1371 2626 1526 2683 vobis
1551 2627 1682 2682 dare
1710 2627 1893 2683 volue-

313 2715 453 2781 rint,
484 2715 710 2786 accipite
735 2715 869 2770 nihil
894 2716 1227 2771 hmsitantes.

386 2805 689 2861 Instruendi
729 2813 856 2861 sunt
884 2806 1194 2863 sacerdotes
1219 2806 1533 2878 pariterque
1563 2807 1890 2866 admonendi

309 2898 548 2968 qualiter
574 2900 826 2953 noverint
856 2899 1094 2955 decimas
1121 2907 1177 2955 et
1205 2899 1508 2955 oblationes
1536 2915 1671 2970 quas
1701 2915 1730 2956 a
1759 2901 1891 2957 fide-

309 2988 453 3044 libus
480 2991 784 3059 accipiunt,
813 2991 1223 3062 peregrinorum
1249 3000 1304 3047 et
1327 3007 1625 3062 pauperum
1652 2977 1772 3049 esse
1793 2994 1890 3050 sti—-

310 3079 526 3149 pendia,
543 3090 599 3134 et
615 3096 722 3136 non
745 3082 898 3152 quasi
923 3082 1053 3145 suis,
1073 3082 1166 3137 sed
1189 3083 1340 3152 quasi
1363 3084 1754 3140 commendatis
1774 3084 1883 3152 uti;

309 3170 378 3226 de
408 3170 606 3242 quibus
641 3172 894 3228 omnibus
932 3172 1108 3228 sciant
1142 3187 1200 3229 se
1238 3174 1506 3230 rationem
1531 3175 1805 3246 posituros
1832 3181 1888 3231 et

308 3261 822 3318 condemnationem
849 3277 1125 3333 passuros.
1157 3262 1400 3330 Qualiter
1425 3281 1557 3320 vero
1582 3263 1888 3336 dispensari

309 3353 540 3408 debeant
565 3353 706 3408 sacri
733 3369 968 3425 canones
991 3355 1313 3422 instituunt,
1341 3355 1548 3411 scilicet
1572 3364 1634 3411 ut
1655 3364 1888 3427 quatuor

308 3450 494 3514 partes
535 3443 660 3500 inde
711 3443 878 3510 fiant,
924 3461 1032 3499 una
1076 3445 1142 3500 ad
1179 3445 1443 3502 fabricam
1477 3446 1721 3502 ecclesia:
1755 3447 1892 3502 rele-

307 3533 540 3588 vandam
561 3573 577 3599 ,
602 3533 768 3590 altera
792 3535 1122 3605 pauperibus
1147 3537 1520 3591 distribuenda
1541 3577 1556 3602 ,
1584 3538 1744 3592 tertia
1769 3552 1895 3607 pre-

209 3650 212 3652 η
308 3625 532 3694 sbytcro
561 3640 682 3678 cum
709 3627 824 3680 suis
845 3626 1059 3681 clericis
1092 3627 1340 3680 habenda
1359 3667 1374 3690 ,
1403 3633 1598 3696 quarta
1628 3627 1889 3696 episcopo

307 3720 626 3776 reservata,
662 3720 724 3766 ut
761 3713 1022 3782 quidquid
1066 3715 1192 3768 inde
1219 3715 1446 3784 jusserit
1478 3715 1732 3785 prudenti
1763 3729 1897 3770 con-

307 3803 435 3858 silio
463 3801 576 3856 fiat.

377 3893 736 3950 lnhibendum
754 3895 928 3951 modis
946 3897 1196 3952 omnibus
1220 3897 1686 3967 intimandumque
1703 3904 1762 3952 ut
1776 3895 1896 3951 nul-

307 3987 392 4042 lus
416 3987 694 4052 sacerdos,
727 3987 1006 4052 diaconus,
1041 3985 1422 4054 subdiaconus,
1450 4005 1713 4060 personas
1737 3989 1896 4046 femi-

310 4093 505 4132 narum
524 4119 538 4144 ,
562 4079 704 4133 sicut
726 4079 780 4132 in
805 4093 1012 4134 canone
1035 4080 1300 4135 insertum
1325 4083 1656 4145 continetur,
1684 4081 1750 4136 de
1774 4081 1894 4151 qui-

311 4168 411 4222 bus
441 4169 710 4239 suspectio
735 4183 860 4225 esse
885 4178 1101 4240 potest,
1131 4172 1186 4225 in
1217 4171 1379 4226 domo
1409 4186 1507 4227 sua
1533 4171 1766 4235 habeat,
1796 4171 1892 4226 sed

314 4273 485 4327 neque
511 4259 630 4313 illas
653 4275 792 4330 quas
816 4275 1056 4315 canones
1084 4263 1419 4327 concedunt,
1447 4263 1573 4332 quia
1601 4262 1892 4360 instigante

312 4349 526 4403 diabolo
556 4351 720 4406 etiam
752 4351 805 4404 in
842 4351 948 4406 illis
981 4348 1157 4406 scelus
1183 4349 1497 4422 frequenter
1518 4348 1893 4420 perpetratum

315 4442 586 4496 invenitur
611 4451 703 4495 aut
732 4442 895 4497 etiam
924 4443 977 4496 in
1007 4442 1318 4513 pedisequis
1345 4458 1554 4497 earum.
1584 4441 1696 4496 Nec
1726 4441 1894 4511 igitur

313 4542 540 4588 matrem
559 4573 572 4595 ,
593 4547 768 4602 neque
791 4534 1012 4587 amitam
1031 4575 1045 4599 ,
1062 4549 1240 4604 neque
1259 4549 1501 4590 sororem
1524 4533 1891 4606 permittimus

312 4625 450 4680 ultra
487 4626 739 4682 habitare
779 4627 834 4680 in
855 4627 1034 4682 'd‘omo
1069 4643 1176 4682 una
1205 4643 1329 4683 cum
1356 4627 1659 4683 sacerdote.
1703 4624 1811 4681 Sed
1841 4625 1887 4681 si

311 4718 434 4787 quis
459 4718 528 4772 de
563 4718 649 4772 his
678 4717 930 4773 habuerit
966 4718 1129 4774 talem
1168 4719 1554 4774 necessitatem
1590 4717 1888 4788 patientem

311 4811 396 4864 cui
444 4811 516 4864 sit
561 4809 862 4865 necessitas
894 4809 1219 4866 sustentatio
1254 4808 1602 4879 presbyteri,
1639 4807 1886 4874 diaconi,

315 4901 398 4955 vel
436 4899 755 4956 subdiaconi
777 4940 792 4965 ,
823 4899 1019 4955 habeat
1060 4900 1114 4954 in
1153 4899 1276 4954 vico
1299 4909 1394 4954 aut
1416 4899 1473 4954 in
1499 4897 1626 4953 villa
1669 4897 1891 4952 domum

311 4991 466 5061 longe
489 5007 522 5046 a
548 4992 961 5048 conversatione
982 4991 1321 5063 presbyteri,
1346 4989 1439 5046 ubi
1464 4989 1516 5045 ei
1542 4989 1890 5054 administret

310 5101 430 5154 qua:
458 5084 765 5138 necessaria
794 5090 940 5138 sunt.

382 5172 491 5228 Sed
525 5173 688 5228 etiam
727 5175 830 5228 hoc
863 5174 1159 5230 secundum
1197 5173 1581 5228 auctoritatem
1614 5181 1886 5225 canonum

314 5265 485 5319 modis
513 5265 764 5320 omnibus
794 5265 1195 5334 prohibendum
1209 5274 1319 5344 ,μω
1346 5263 1563 5334 quando
1589 5263 1756 5318 missa
1792 5276 1886 5317 ce-

312 5355 574 5419 lebratur,
604 5355 746 5410 nulla
771 5354 971 5410 femina
999 5356 1068 5410 ad
1057 5347 1266 5444 ﬁre
1290 5362 1587 5425 praesumat
1622 5353 1888 5408 accedere

311 5455 401 5498 aut
431 5447 751 5516 presbytero
783 5443 1102 5526 ministrarq“
1128 5453 1224 5499 aut
1253 5445 1397 5500 intra
1431 5443 1705 5501 cancellos
1737 5451 1888 5500 stare

312 5547 404 5590 aut
434 5538 647 5592 sedere.
811 5590 816 5593 .
1099 5535 1104 5540 ’

380 5631 772 5688 Comnionendi
806 5639 933 5688 sunt
949 5630 1240 5697 .ut,diebus
1268 5630 1568 5688 Dominicis
1593 5645 1694 5703 pro
1721 5638 1885 5703 captu

314 5723 512 5795 ingenii
552 5727 923 5797 unusquisque
946 5724 1201 5782 sacerdos
1231 5723 1300 5779 ad
1329 5723 1542 5794 plebem
1577 5738 1885 5780 sermonem

315 5817 716 5886 praedicationis
747 5816 938 5882 faciat,
973 5817 1210 5888 primum
1247 5817 1544 5872 admonens
1575 5815 1787 5886 plebem
1821 5822 1886 5871 ut

319 5905 549 5966 invicem
608 5924 670 5966 se
714 5908 972 5980 diligant,
1019 5909 1340 5966 cbaritatem
1383 5907 1742 5985 fraternitatis
1786 5909 1882 5964 ha-
1933 5988 1942 5993 '

1991 2074 2301 2130 emendent.

2062 2163 2239 2219 Hiset
2265 2163 2386 2220 aliis
2412 2171 2672 2235 quantum
2699 2171 2880 2236 potest
2903 2163 3132 2236 singulis
3156 2162 3348 2222 diebus
3374 2165 3561 2221 Domi-

1992 2255 2131 2311 nicis
2154 2254 2365 2325 plebem
2391 2271 2543 2310 suam
2570 2255 2820 2311 instruat.

2060 2367 2361 2422 Admoneat
2389 2367 2554 2422 etiam
2597 2377 2659 2422 ut
2691 2367 2942 2424 omnibus
2975 2369 3228 2426 noctibus
3269 2368 3478 2425 sabbati
3514 2378 3573 2426 et

1991 2457 2243 2512 omnibus
2263 2456 2559 2513 Dominicis
2579 2457 2768 2514 diebus
2787 2474 2912 2513 cum
2936 2459 3048 2514 suis
3069 2459 3320 2515 noctibus
3341 2474 3578 2528 sequen-

1991 2550 2156 2616 tibus,
2180 2549 2432 2605 similiter
2454 2558 2509 2604 et
2534 2551 2590 2605 in
2615 2550 3067 2626 solemnitatibus,
3097 2551 3150 2606 in
3173 2551 3576 2626 jejuniisl,~abs-
3654 2581 3664 2590 -

1990 2641 2200 2696 tineant
2226 2656 2285 2696 se
2311 2657 2342 2695 a
2371 2640 2575 2696 carnali
2614 2641 2932 2711 voluptate;
2963 2623 3024 2696 ut
3042 2617 3249 2698 mundi:
3266 2617 3497 2713 (τοψῶἱὲ
3519 2633 3579 2707 et

1989 2733 2156 2790 corde
2182 2733 2250 2788 ad
2279 2732 2566 2788 ecclesiam
2591 2733 2853 2791 accedant
2869 2773 2886 2799 ,
2915 2741 2975 2790 et
3000 2734 3403 2792 solemnitatem
3431 2735 3578 2792 cele-

1985 2825 2143 2882 brem
2170 2824 2488 2894 impuritate
2513 2823 2810 2894 voluptatis
2837 2821 3050 2881 foedare
3076 2841 3186 2880 non
3210 2833 3570 2897 praesumant.

2055 2936 2486 3010 Praecipiendum
2513 2937 2885 2995 sacerdotibus
2907 2937 3126 2996 Domini
3153 2939 3452 2996 secundum
3475 2953 3571 2996 ca-

1985 3029 2242 3086 nonicam
2265 3029 2645 3084 auctoritatem
2670 3030 2739 3087 de
2762 3027 3056 3098 sepulturis
3077 3036 3134 3084 et
3157 3029 3465 3086 hominibus
3490 3045 3579 3088 se-

1986 3123 2248 3196 peliendis
2269 3123 2407 3180 nihil
2428 3121 2670 3178 muneris
2691 3120 2949 3192 exigant,
2968 3122 3076 3178 nisi
3103 3121 3248 3180 forte
3265 3122 3358 3194 qui
3381 3121 3578 3195 sepeli-

1988 3221 2078 3271 tur
2112 3215 2302 3271 vivens
2332 3211 2561 3284 jusserit
2594 3210 2840 3268 ecclesia:
2869 3211 2926 3263 in
2951 3213 3115 3278 cuius
3143 3212 3287 3269 atrio
3316 3213 3579 3286 sepelitur

1915 3313 1959 3376 ί]
1989 3306 2058 3362 de
2091 3306 2206 3363 suis
2233 3305 2400 3361 rebus
2425 3301 2630 3373 aliquid
2656 3287 2932 3365 tribuere,
2963 3307 3060 3354 aut
3086 3299 3254 3356 etiam
3280 3307 3404 3371 post
3431 3318 3582 3361 mor-

1994 3406 2104 3453 tem
2129 3397 2303 3460 illius,
2330 3395 2529 3465 quibus
2549 3391 2900 3449 commissum
2923 3399 3010 3448 est
3035 3390 3154 3460 ejus
3175 3393 3579 3466 eleemosynam

1989 3486 2196 3552 facere,
2225 3487 2295 3541 de
2317 3485 2462 3540 illius
2487 3483 2652 3539 rebus
2677 3481 2881 3551 aliquid
2909 3489 3103 3552 sponte
3128 3483 3259 3538 dare
3280 3477 3575 3541 voluerint.

1996 3577 2203 3633 Tamen
2229 3575 2539 3642 nullatenus
2564 3583 2595 3628 a
2623 3574 2962 3644 presbyteris
2989 3573 3196 3643 aliquid
3223 3575 3291 3630 ab
3318 3575 3427 3632 illis
3461 3579 3579 3635 exi-

1997 3676 2157 3739 gatur
2180 3681 2282 3722 nec
2306 3667 2375 3721 ab
2401 3665 2509 3720 illis
2534 3665 2627 3734 qui
2655 3664 2791 3719 locis
2815 3672 2872 3720 et
2899 3663 3036 3720 vicis
3062 3675 3306 3736 praesunt
3329 3667 3414 3725 vel
3441 3684 3580 3741 quo-

1995 3775 2118 3816 rum
2156 3758 2434 3830 possessio
2469 3764 2556 3812 est
2588 3757 2705 3828 ipsa
2730 3755 2962 3812 ecclesia
3001 3757 3088 3814 vel
3119 3760 3465 3818 hereditario
3489 3763 3578 3820 vel

1995 3849 2347 3908 beneficiario
2366 3847 2510 3918 jure.

2064 3941 2466 3998 Prohibendam
2497 3942 2662 3996 etiam
2691 3943 2987 3998 secundum
3019 3942 3286 4014 majorum
3322 3946 3576 4004 instituta

1993 4041 2054 4090 ut
2079 4035 2135 4088 in
2159 4033 2388 4089 ecclesia
2415 4031 2722 4089 nullatenus
2743 4033 3094 4105 sepeliantur,
3120 4039 3216 4093 sed
3241 4038 3297 4093 in
3319 4040 3461 4094 atrio
3481 4047 3578 4095 aut

1994 4130 2049 4184 in
2075 4128 2288 4198 porticu
2317 4135 2412 4182 aut
2435 4128 2636 4184 exedra
2664 4128 2927 4182 ecclesiae.
2957 4127 3104 4183 Intra
3129 4129 3417 4186 ecclesiam
3441 4145 3576 4187 vero

1992 4233 2162 4290 prope
2204 4219 2375 4272 altare
2393 4257 2408 4281 ,
2436 4217 2531 4272 ubi
2554 4231 2750 4286 corpus
2775 4216 2991 4271 Domini
3019 4226 3076 4272 et
3101 4220 3323 4289 sanguis
3353 4218 3578 4276 confici-

1994 4317 2103 4374 tur,
2132 4307 2440 4362 nullatenus
2461 4308 2698 4362 habeant
2718 4307 2998 4360 licentiam
3025 4307 3346 4378 sepeliendi.

2063 4420 2382 4476 Adulterum
2405 4427 2497 4474 aut
2517 4418 2819 4474 adulteram
2842 4419 2887 4475 si
2909 4422 3194 4492 presbyter
3213 4423 3271 4478 in
3292 4408 3452 4480 domo
3474 4439 3575 4481 sua

1993 4511 2282 4570 retinuerit
2321 4518 2406 4576 et,
2447 4510 2588 4580 quod
2629 4507 2784 4566 nefas
2822 4519 2937 4577 est,
2964 4513 3305 4569 consenserit
3327 4514 3385 4570 in
3411 4513 3575 4572 domo

1993 4620 2092 4660 sua
2117 4601 2444 4659 adulterium
2472 4601 2589 4656 fieri
2609 4641 2624 4668 ,
2651 4601 2790 4656 sciat
2813 4617 2872 4658 se
2898 4603 2979 4658 sui
3007 4605 3204 4675 gradus
3230 4603 3436 4662 honore
3462 4606 3575 4676 pri-

1992 4699 2248 4755 vandum.
2279 4697 2337 4753 Si
2362 4712 2494 4753 vero
2519 4696 2623 4752 hoc
2647 4695 2702 4751 in
2727 4694 2884 4766 plebe
2909 4696 3012 4753 sibi
3039 4698 3328 4756 commissa
3353 4715 3574 4771 repere-

1994 4790 2104 4858 rit,
2125 4792 2230 4847 nisi
2259 4791 2441 4846 statim
2459 4831 2474 4856 ,
2509 4791 2553 4844 si
2583 4789 2728 4843 vires
2756 4797 3082 4859 suppetunt,
3112 4805 3220 4847 non
3248 4792 3574 4848 emendave-

1995 4882 2095 4948 rit,
2125 4882 2223 4937 sed
2248 4888 2342 4936 aut
2380 4888 2603 4951 propter
2639 4881 2896 4950 potentias
2931 4882 3183 4937 timorem
3218 4889 3311 4937 aut
3349 4889 3575 4953 propter

1992 4973 2316 5030 beneficium
2340 4980 2394 5028 et
2421 4971 2631 5028 lucrum
2669 4981 2726 5028 et
2762 4973 3057 5029 amicitiam
3096 4973 3309 5030 illorum
3339 4986 3596 5034 consen-.

1994 5065 2129 5120 serit
2163 5062 2456 5126 adulteris,
2495 5077 2617 5118 cum
2655 5063 2959 5134 depalatum
3001 5063 3164 5121 fuerit
3202 5061 3576 5119 excommuni-

1993 5155 2244 5210 candum.
2285 5151 2345 5207 Si
2365 5166 2496 5208 vero
2523 5151 2614 5209 ille
2639 5161 2901 5224 quantum
2936 5155 3114 5226 potuit
3136 5150 3574 5208 excommunica-

1991 5245 2132 5301 verit
2155 5253 2212 5301 et
2232 5259 2340 5301 non
2363 5245 2539 5315 potuit
2559 5245 2759 5301 malum
2780 5246 2912 5302 illud
2932 5254 3138 5309 vetare,
3157 5243 3394 5298 animam
3414 5258 3573 5303 suam

1990 5339 2263 5395 liberavit.
2287 5337 2670 5396 Verumtamen
2698 5356 2821 5396 cum
2843 5339 2991 5395 omni
3017 5336 3200 5394 studio
3217 5335 3381 5393 debet
3399 5338 3575 5396 archi-

1991 5430 2222 5486 diacono
2248 5445 2348 5487 suo
2373 5438 2429 5488 et
2447 5432 2858 5488 archidiaconus
2879 5429 3136 5500 episcopo
3159 5429 3499 5488 denuntiare.

2064 5541 2143 5598 De
2179 5543 2402 5600 incestis
2436 5542 2582 5599 omni
2612 5541 2792 5598 studio
2817 5538 3241 5612 perquirendum
3272 5543 3576 5600 sacerdoti-

1992 5635 2094 5690 bus
2115 5647 2212 5705 per
2234 5632 2484 5690 homines
2502 5644 2728 5689 veraces
2752 5637 2810 5686 et
2837 5629 3086 5687 timorem
3109 5631 3206 5688 Dei
3233 5641 3362 5689 ante
3386 5631 3576 5690 oculos

1993 5728 2279 5785 habentes.
2299 5726 2366 5782 Et
2386 5726 2432 5780 si
2452 5732 2728 5795 repertum
2748 5723 2930 5792 fuerit,
2946 5726 3130 5782 statim
3149 5735 3247 5782 aut
3263 5725 3366 5798 ipsi
3383 5739 3571 5783 emen-

1994 5818 2126 5874 dare
2163 5817 2450 5880 studeant,
2492 5823 2553 5869 ut
2595 5828 2718 5870 cum
2759 5815 3030 5888 adjutorio
3068 5815 3435 5874 archidiaconi
3475 5821 3572 5869 aut

1993 5909 2234 5978 episcopi
2271 5907 2559 5965 emendare
2585 5915 2637 5965 et
2665 5910 2971 5982 exstirpare
2995 5914 3275 5980 satagant,
3306 5919 3376 5962 ne
3411 5913 3568 5960 tanto
