4046 6470
271 4969 330 4995 νβ’

277 5002 300 5012 ,Α

465 483 573 545 att
1492 480 1884 542 THEODULFI
1921 481 2476 542 AURELIANENSIS
2513 468 2744 542 Episc.‘

449 603 662 679 ﬂagitii
685 600 890 661 scelere
916 600 992 657 illi
1027 599 1338 673 polluantur
1373 609 1429 655 et
1464 609 1692 670 pereant
1729 609 1785 657 et
1819 602 2050 657 aliorum
2079 600 2132 662 Α
2154 599 2210 654 in
2245 599 2498 654 oblivione
2529 609 2700 655 erunt.
2735 597 3078 655 Ptenitentiae
3108 576 3309 672 quippe
3338 599 3530 657 modus
3567 601 3618 657 in
3657 618 3748 660 sa-

451 699 751 770 .vicinitate
774 695 1163 767 omnipotentis
1186 695 1284 750 Dei
1312 695 1452 749 iram
1477 695 1774 751 incurrant.

541 789 883 848 Admonendi
914 795 1043 843 sunt
1077 787 1390 844 sacerdotes
1425 795 1482 842 et
1517 786 1822 843 instruendi
1851 794 1914 843 ut
1943 785 2060 859 pri-

467 897 620 940 mum
645 880 748 954 ipsi
773 880 840 944 ab
865 881 1016 938 omni
1046 879 1419 937 stimulatione
1447 879 1630 936 carnis
1657 880 1768 935 sint
1787 878 1948 935 alieni
1969 921 1983 945 ,
2008 884 2066 934 et

472 991 621 1032 nunc
652 974 902 1046 plebibus
934 974 1040 1030 sibi
1077 974 1341 1046 subjectis
1374 981 1431 1030 et
1466 974 1651 1030 verbis
1677 972 1976 1045 praadicent
2008 980 2065 1030 et

474 1065 789 1137 exemplum
826 1067 1118 1122 ostendant
1150 1073 1213 1121 ut
1245 1065 1315 1121 ab
1351 1065 1498 1120 omni
1528 1081 1588 1121 se
1616 1065 1978 1120 fornicatione
2009 1072 2066 1120 et

472 1159 544 1214 ab
575 1158 724 1226 omni
763 1157 1163 1224 irrationabili,
1203 1157 1369 1212 veluti
1411 1158 1712 1228 pecudum,
1757 1156 1970 1211 luxuria
2007 1164 2066 1212 et

472 1250 774 1324 pollutione
812 1249 1142 1306 abstineant.
1185 1249 1383 1305 Mundo
1424 1265 1482 1306 se
1523 1265 1753 1322 corpore
1787 1257 1842 1305 et
1880 1256 2066 1306 mente

473 1343 589 1400 Deo
611 1351 920 1415 praeparent
947 1342 1014 1397 de
1039 1339 1476 1397 confessionibus
1511 1341 1749 1397 ﬁdelium
1789 1341 2061 1416 accipien-

459 1434 560 1502 dis
591 1443 648 1494 et
676 1434 1073 1506 diiudicandis,
1105 1433 1351 1490 consiliis
1384 1433 1627 1500 blandis;
1660 1434 1785 1503 quia
1813 1433 1942 1488 licet
1965 1447 2066 1504 pro

469 1527 691 1584 modulo
719 1526 1023 1598 quantitate
1046 1526 1258 1598 peccati
1287 1542 1345 1582 se
1369 1527 1710 1598 paenitentiae
1737 1535 1948 1598 tempus
1975 1527 2061 1582 in-

467 1622 807 1685 stituendum
842 1629 897 1676 et
930 1619 1154 1692 longum
1182 1619 1270 1676 vel
1302 1620 1470 1680 breve
1505 1620 1594 1676 vel
1631 1620 1942 1676 districtum
1977 1620 2066 1676 vel

453 1713 588 1772 .leve
613 1714 702 1772 vel
729 1715 1006 1772 mediocre
1045 1713 1353 1781 sacerdoti,
1383 1729 1507 1770 cum
1547 1714 1748 1784 accipit
1777 1712 2067 1782 cujuslibet

457 1806 710 1872 fidelium
736 1805 1139 1864 confessionem
1168 1814 1518 1876 peccatorum
1542 1823 1570 1872 ;·
1587 1805 1712 1875 quia
1739 1805 1865 1860 licet
1891 1819 2066 1874 ipsum

459 1905 754 1968 peccatum
791 1905 1168 1968 perpetratum
1208 1898 1318 1961 sit,
1369 1906 1463 1952 aut
1495 1897 1541 1951 si
1577 1904 1769 1967 postea
1806 1897 2064 1953 iteratum

3635 485 3750 545 212

2162 694 2404 749 cerdotis
2429 692 2631 764 pendet
2652 692 2897 747 arbitrio.
2923 691 3024 758 Qui
3055 693 3311 747 sacerdos
3337 693 3750 764 diligentissime

2164 776 2474 840 sanctorum
2501 783 2723 839 Patrum
2747 783 2993 839 instituta
3019 784 3315 840 discutiens
3337 793 3391 839 et
3420 785 3741 859 intelligens,

2164 877 2466 934 secundum
2509 892 2698 932 eorum
2735 876 3116 932 auctoritatem
3155 878 3538 934 conﬁtentibus
3577 882 3750 949 paeni-

2165 969 2394 1026 tentiam
2425 969 2668 1024 indicere
2699 969 2879 1024 debet.
2910 969 3009 1026 Est
3037 970 3233 1042 quippe
3263 971 3561 1026 auctoritas
3587 987 3752 1029 cano.

2165 1080 2296 1119 num
2327 1071 2382 1118 et
2410 1072 2726 1119 sanctorum
2753 1060 2977 1117 Patrum
3008 1061 3322 1118 ﬁrmissima
3349 1064 3642 1122 institutio.

2237 1155 2599 1211 Homicidium
2633 1155 2677 1210 si
2709 1155 2832 1224 quis
2859 1155 3166 1212 voluntarie
3190 1158 3274 1212 vel
3303 1173 3399 1228 per
3425 1158 3650 1216 insidias
3679 1158 3755 1215 fe-

2165 1247 2323 1314 cerit,
2339 1244 2458 1320 jugi
2480 1262 2540 1303 se
2562 1245 2900 1317 paenitentia:
2922 1248 3243 1314 submittat;
3269 1259 3324 1304 et
3346 1250 3392 1305 si
3415 1248 3517 1305 hoc
3537 1251 3755 1321 publice

2164 1351 2348 1398 actum
2382 1349 2628 1407 constat,
2670 1342 2717 1396 si
2757 1341 2959 1408 laicus,
3002 1343 3237 1414 deponat
3273 1360 3422 1400 arma
3452 1354 3507 1399 et
3534 1359 3754 1399 omnem

2167 1435 2485 1492 saecularem
2522 1434 2777 1490 militiam
2801 1475 2816 1500 ,
2850 1442 2906 1490 et
2943 1435 3157 1506 publice
3205 1436 3544 1501 satisfaciat,
3587 1437 3662 1491 ita
3697 1447 3757 1492 ut

2165 1528 2527 1598 quadraginta
2557 1527 2751 1582 diebus
2779 1534 2937 1581 extra
2967 1526 3256 1582 ecclesiam
3293 1512 3426 1583 foris
3455 1527 3521 1582 ad
3551 1529 3759 1586 ostium

2165 1630 2318 1687 oret;
2349 1622 2546 1691 quibus
2572 1623 2626 1676 in
2647 1636 2787 1692 pane
2807 1628 2862 1676 et
2890 1635 3031 1690 aqua
3057 1621 3289 1686 exactis,
3314 1637 3347 1677 a
3371 1624 3760 1680 communione

2165 1714 2474 1770 orationum
2499 1714 2870 1784 quinquennio
2899 1724 3266 1780 removeatur,
3293 1724 3419 1784 post
3445 1715 3758 1788 quinquen-

2166 1803 2318 1859 nium
2340 1813 2548 1860 tantum
2572 1804 2629 1860 in
2650 1806 2958 1860 orationum
2981 1805 3420 1862 communionem
3441 1807 3757 1877 recipiatur,

2167 1909 2278 1950 non
2304 1895 2528 1964 offerat,
2557 1911 2665 1951 non
2696 1911 2896 1966 corpus
2922 1898 3136 1960 Domini
3164 1899 3387 1955 omnino
3412 1899 3677 1972 attingat;
3705 1901 3761 1956 in

460 1997 567 2048 aut
591 1989 907 2061 frequenter
931 1997 1306 2062 perpetratum
1333 1990 1432 2055 sit,
1463 1988 1509 2044 si
1533 1997 1750 2059 sponte,
1777 1991 1824 2043 si
1850 1996 2059 2057 coacte,
2091 1985 2139 2045 B
2167 2004 2274 2060 quo
2301 1990 2605 2060 perdurans
2631 1989 3047 2060 quatuordecim
3075 2006 3270 2057 annos,
3299 2001 3428 2048 tunc
3453 1993 3521 2048 ad
3544 1993 3764 2064 plenam

472 2081 519 2138 si
547 2097 649 2154 per
677 2083 1001 2138 ebrietatem
1031 2090 1085 2138 et
1113 2097 1214 2152 per
1239 2081 1522 2152 quodlibet
1552 2081 1830 2152 ingenium
1861 2080 2064 2136 factum

469 2177 544 2234 sit
569 2194 584 2243 ;
614 2185 675 2233 ut
705 2192 828 2234 cum
859 2175 1130 2232 invenerit
1161 2176 1306 2232 unde
1336 2175 1490 2230 radix
1522 2174 1670 2230 illius
1697 2175 1907 2245 peccati
1938 2191 2067 2246 pro-

471 2270 675 2335 cessit,
704 2277 838 2324 tunc
861 2282 1157 2339 congruam
1185 2268 1445 2323 adhibeat
1465 2267 1815 2323 medicinam.

544 2360 794 2430 Qualiter
819 2375 948 2416 vero
975 2359 1186 2430 peccati
1215 2357 1525 2414 adhibenda
1551 2367 1627 2413 srt
1650 2358 1947 2424 medicina,
1977 2373 2066 2414 se-

469 2452 712 2508 cundum
747 2465 985 2507 canones
1023 2450 1468 2519 authenticorum
1497 2457 1811 2504 sanctorum
1841 2449 2067 2505 Patrum

466 2560 592 2614 esse
619 2545 813 2611 debet,
843 2550 898 2598 et
923 2559 1033 2599 non
1061 2542 1359 2599 secundum
1388 2541 1649 2613 placitum
1672 2541 1936 2609 hominis,
1965 2557 2067 2598 nec

468 2619 769 2695 secundum
807 2636 1185 2699 voluntatem;
1218 2649 1321 2692 nec
1355 2636 1412 2691 in
1450 2635 1553 2692 hac
1588 2645 1745 2706 parte
1776 2635 2064 2703 voluntas,

469 2739 566 2799 aut
612 2730 787 2807 gratia
829 2728 1071 2786 hominis
1109 2727 1406 2792 sectanda,
1446 2726 1541 2784 sed
1580 2727 1832 2783 voluntas
1873 2728 1968 2783 Dei
2011 2729 2066 2785 in

467 2821 726 2880 omnibus
749 2816 1088 2890 exquirenda
1114 2817 1173 2871 in
1199 2814 1499 2888 Scripturis
1526 2818 1734 2876 sanctis
1752 2859 1768 2884 ,
1796 2827 2068 2889 quatenus

469 2916 649 2989 dignis
687 2912 944 2986 precibus
981 2917 1038 2965 et
1075 2909 1415 2981 paenitudine
1450 2910 1611 2982 digna
1647 2911 1852 2981 placari
1893 2911 2066 2981 possit

469 3005 865 3078 omnipotentis
886 3003 983 3059 Dei
1008 3002 1268 3068 vindicta,
1295 3017 1458 3073 quam
1481 3003 1646 3057 homo
1669 3017 1769 3057 suo
1788 3002 1922 3060 vitio
1946 3017 2068 3072 pro-

470 3099 707 3156 vocavit.
738 3094 822 3153 Ad
847 3095 1224 3168 ptenitcntiam
1258 3108 1388 3147 vero
1412 3092 1644 3164 populus
1671 3093 1854 3150 taliter
1880 3097 2068 3151 admo-

471 3192 686 3250 nendus
724 3205 849 3247 cum
888 3187 1201 3259 fragilitatis
1238 3193 1442 3238 nostra:
1476 3200 1639 3244 casus
1676 3201 1820 3259 saepe
1854 3197 2067 3245 constet

471 3284 678 3342 invitia
695 3279 985 3356 proclivis;
1010 3289 1324 3346 quanquam
1341 3277 1668 3332 subventum
1689 3280 1759 3334 sit
1782 3280 1837 3336 in
1861 3280 2065 3336 Christi

2169 2082 2605 2138 communionem
2631 2098 2755 2137 cum
2784 2082 3126 2138 orationibus
3148 2083 3466 2154 recipiatur,
3492 2085 3639 2141 circa
3659 2101 3763 2142 ex-

2169 2175 2307 2231 itum
2319 2177 2445 2232 vita:
2466 2176 2609 2232 hanc
2624 2184 2994 2246 consequatur
3013 2177 3408 2232 humanitatem
3426 2187 3488 2232 ut
3501 2179 3766 2234 viaticum

2169 2267 2404 2337 accipiat
2433 2267 2844 2323 eucharistiam.
2883 2267 3230 2346 Abstinentia
3261 2268 3403 2324 illius
3433 2269 3505 2323 sit
3533 2270 3589 2324 in
3619 2270 3769 2326 arbi-

2169 2359 2276 2414 trio
2312 2360 2647 2427 sacerdotis,
2677 2361 2976 2417 secundum
3011 2375 3302 2434 personam
3340 2373 3396 2418 et
3431 2363 3768 2433 possibilita-

2171 2461 2280 2508 tem
2307 2455 2388 2510 sic
2413 2455 2463 2510 ei
2490 2455 2806 2526 imponatur
2832 2456 3165 2511 abstinentia
3191 2457 3458 2512 ciborum.
3491 2455 3550 2513 Si
3577 2467 3770 2515 autem

2169 2549 2442 2606 occultum
2481 2551 2584 2616 sit,
2623 2551 2836 2606 occulte
2871 2550 3131 2608 similiter
3168 2560 3297 2626 agat
3330 2553 3474 2611 sicut
3512 2554 3768 2627 superius

2168 2644 2436 2701 insertum
2485 2653 2723 2700 tenetur.

2242 2737 2606 2793 Homicidium
2645 2739 2738 2808 qui
2773 2755 2903 2796 casu
2951 2755 3063 2796 non
3095 2740 3286 2798 volens
3330 2742 3769 2813 perpetraverit,

2169 2832 2320 2903 prior
2344 2831 2561 2900 quidem
2595 2831 2782 2902 regula
2812 2846 2912 2902 per
2943 2840 3150 2902 septem
3178 2847 3352 2888 annos
3382 2834 3774 2904 paenitentiam

2169 2920 2571 2978 communionis
2595 2921 2829 2977 sociavit
2854 2923 3152 2978 secundum
3179 2924 3384 2996 gradus
3411 2925 3770 2982 constitutos.

2169 3011 2294 3068 Haec
2309 3028 2441 3068 vero
2453 3013 2729 3085 Ancyrani
2743 3013 2959 3069 concilii
2981 3014 3229 3069 definitio
3253 3016 3614 3087 quinquennii
3630 3023 3775 3073 tem-

2167 3107 2317 3178 poris
2344 3105 2722 3177 paenitentiam
2747 3106 2940 3160 tribuit
2959 3147 2974 3171 ,
2996 3115 3057 3162 ut
3081 3107 3445 3180 quadraginta
3471 3108 3664 3164 diebus
3688 3107 3778 3164 fo-

2167 3196 2247 3253 ris
2271 3197 2337 3252 ad
2364 3196 2610 3254 ecclesiae
2635 3198 2836 3252 ostium
2863 3207 3003 3264 stet;
3034 3199 3230 3270 quibus
3255 3201 3516 3272 peractis,
3541 3201 3777 3258 biennio

2171 3290 2240 3344 ab
2261 3290 2508 3346 oratione
2529 3297 2852 3346 caeterorum
2874 3289 3113 3347 ﬁdelium
3136 3301 3473 3366 segregetur,
3493 3307 3602 3349 non
3625 3308 3782 3350 com-

469 3350 730 3448 passione
756 3378 819 3425 ut
846 3368 990 3440 quod
1019 3366 1276 3421 meritum
1306 3369 1518 3437 peccati
1548 3369 1829 3439 exigebat,
1859 3370 2066 3428 Christi
2096 3350 2141 3414 (ἶ
2176 3380 2438 3446 municet,
2477 3395 2588 3436 non
2625 3379 2815 3436 offerat
2847 3398 2862 3446 ;
2903 3392 3026 3452 post
3064 3350 3343 3440 biennium
3383 3383 3680 3455 recipiatur
3716 3385 3780 3442 in

472 3466 656 3539 passio
676 3461 988 3520 redimeret.
1013 3458 1082 3513 Et
1104 3473 1230 3513 cum
1254 3457 1584 3513 salutaribus
1607 3460 1872 3519 institutis
1891 3479 2073 3520 sacro-

473 3562 664 3616 sancto
693 3547 1022 3626 baptismate
1050 3552 1104 3606 in
1136 3550 1516 3606 remissionem
1545 3553 1790 3608 omnium
1816 3565 2071 3625 peccato.

475 3665 599 3706 rum
646 3660 910 3702 concesso
954 3642 1261 3706 abluamur,
1319 3649 1503 3696 tamen
1538 3643 1666 3712 quia
1711 3660 1810 3715 per
1847 3649 2069 3704 modum

475 3741 636 3797 istius
661 3737 788 3794 vita:
809 3751 1029 3792 cursum
1057 3734 1175 3789 sine
1201 3733 1456 3789 vitiorqu
1482 3734 1701 3788 turbine
1725 3751 2069 3806 nequaquam

478 3834 677 3904 degere
696 3837 752 3886 et
775 3828 1201 3897 subripientibus
1219 3833 1420 3882 nostrae
1444 3822 1832 3882 imbecillitatis
1853 3828 2071 3900 flagitiis

477 3926 651 3981 vitam
673 3922 790 3978 sine
805 3920 1016 3992 peccati
1037 3920 1248 3973 macula
1271 3920 1469 3974 ducere
1487 3935 1594 3974 non
1614 3935 1922 3990 possumus,
1939 3938 2071 3978 con-

482 4029 700 4074 cessum
722 4020 807 4070 est
834 4009 1241 4067 clementissimi
1265 4012 1356 4066 Dei
1377 4011 1582 4082 pietate
1602 4012 1902 4068 remedium
1927 4028 2070 4070 verte

480 4105 843 4168 confessionis
866 4113 921 4161 et
947 4104 1286 4175 poenitenthc
1315 4103 1522 4160 ablutio
1551 4115 1901 4175 peccatorum
1919 4147 1933 4172 ,
1965 4108 2071 4165 Do.

480 4208 630 4264 mino
654 4202 1008 4278 praecipiente
1031 4215 1130 4272 per
1150 4198 1474 4271 prophetam
1502 4215 1515 4252 :
1545 4196 1687 4252 Nolo
1713 4207 1930 4254 mortem
1952 4218 2073 4272 pec-

482 4283 702 4368 catoris,
727 4299 818 4356 sed
844 4307 898 4353 ut
929 4304 1218 4362 revertatur
1243 4302 1290 4347 et
1317 4293 1470 4349 vivat.
1495 4292 1564 4363 Et
1589 4291 1720 4348 illud
1746 4292 2028 4365 Evangelii
2051 4312 2066 4351 :

485 4391 674 4446 Facite
697 4371 901 4468 fructus
923 4371 1110 4460 dignos
1133 4385 1467 4460 paenitentia.
1491 4383 1560 4438 Et
1578 4384 1872 4467 Apostolus
1899 4405 1912 4440 :
1937 4383 2072 4441 Con-

486 4479 711 4553 ﬁtemini
731 4479 1044 4542 alterutrum
1064 4486 1275 4549 peccata
1289 4484 1542 4543 vestra,et
1569 4487 1716 4531 orate
1737 4477 1807 4530 ad
1830 4477 2069 4544 invicem,

487 4584 547 4637 ut
570 4571 863 4650 salamini.
892 4570 990 4626 Est
1014 4569 1214 4641 quippe
1239 4583 1380 4624 vera:
1401 4569 1762 4628 confessionis
1789 4571 2071 4631 fructuosa

2174 3472 2555 3528 communione
2582 3473 2893 3529 orationum
2919 3483 2974 3528 et
3003 3472 3225 3540 offerat,
3253 3489 3360 3530 non
3398 3484 3580 3531 tamen
3617 3490 3782 3532 com-

2173 3565 2418 3620 municet
2444 3581 2458 3630 ;
2487 3573 2612 3642 post
2635 3566 3070 3636 quinquennium
3093 3565 3163 3620 ad
3188 3565 3404 3637 plenam
3430 3568 3785 3626 communio-

2174 3673 2301 3713 nem
2332 3643 2648 3729 recipiatur.
2675 3658 3024 3716 Abstinentia
3053 3660 3304 3715 ciborum
3334 3661 3392 3716 in
3422 3659 3653 3717 arbitrio
3676 3675 3783 3718 sa-

2174 3751 2415 3807 cerdotis
2439 3744 2716 3819 manebit,
2739 3753 3039 3809 secundum
3061 3769 3353 3824 personam
3374 3763 3430 3810 et
3449 3753 3784 3825 qualitatem

2173 3841 2413 3898 hominis
2431 3885 2446 3908 ,
2475 3844 2556 3900 sic
2582 3853 2636 3898 et
2661 3846 2877 3914 pondus
2903 3853 2958 3900 et
2984 3846 3319 3901 abstinentia
3345 3846 3470 3901 erit.

2246 3935 2305 3990 Si
2341 3936 2466 4006 quis
2503 3937 2790 4007 egrediens
2821 3952 2919 4008 per
2947 3938 3091 3991 viam
3115 3977 3130 4002 ,
3161 3944 3217 3992 et
3239 3944 3335 3991 aut
3365 3937 3421 3991 in
3449 3937 3614 3994 domo
3639 3952 3740 3994 sua
3761 3979 3780 4004 ,

2175 4036 2272 4082 aut
2301 4027 2358 4081 in
2387 4026 2566 4098 platea
2597 4027 2840 4083 civitatis
2871 4037 2966 4082 aut
2993 4027 3166 4093 villa},
3207 4028 3391 4086 subito
3429 4036 3524 4083 aut
3562 4028 3633 4082 ab
3666 4028 3782 4085 alio

2175 4128 2566 4190 superventus,
2596 4128 2692 4174 aut
2717 4119 2828 4176 litis
2867 4121 3250 4185 contentione,
3284 4119 3472 4176 volens
3497 4134 3558 4176 se
3585 4118 3781 4176 defen-

2174 4210 2304 4266 dere
2330 4252 2345 4277 ,
2378 4226 2486 4266 non
2514 4210 2722 4268 habens
2751 4219 2941 4271 contra
2971 4210 3124 4268 illum
3152 4219 3316 4268 antea
3347 4211 3532 4267 odium
3550 4251 3566 4276 ,
3599 4211 3778 4267 inter-

2175 4301 2369 4358 fecerit
2398 4304 2675 4360 hominem
2692 4346 2707 4369 ,
2738 4313 2947 4376 septem
2975 4319 3151 4364 annos
3177 4305 3473 4362 secundum
3499 4318 3779 4362 canonum

2178 4393 2582 4452 institutionem
2607 4396 2872 4467 paeniteat
2887 4436 2905 4462 ,
2930 4397 3106 4453 tribus
3125 4411 3160 4452 a
3184 4397 3569 4458 communione
3594 4397 3778 4466 prive-

2177 4492 2289 4553 tur,
2318 4496 2550 4558 quatuor
2584 4488 2644 4546 in
2681 4489 3064 4556 communione
3095 4489 3410 4546 orationum
3447 4497 3504 4546 et
3535 4489 3776 4546 oblatio-

2177 4596 2308 4637 num
2329 4589 2634 4653 susceptus,
2651 4582 2708 4639 in
2731 4584 3033 4645 sacerdotis
3052 4582 3313 4655 pendebit
3335 4583 3564 4640 arbitrio
3585 4591 3774 4640 utrum

483 4662 808 4769 Ρωῐιξιεῼῑὶθ
824 4702 846 4774 .J
857 4659 1180 4774 paiﬂitenda
1209 4675 1314 4763 ηοξι
1325 4660 1655 4774 ,θάφίίιθτθε
1684 4663 1921 4766 adluis?
1947 4680 2072 4720 cum
2101 4712 2156 4774 Β
2180 4674 2252 4730 sit
2291 4687 2489 4745 corpus
2510 4673 2719 4732 Christi
2747 4676 2948 4749 dignus
2974 4677 3226 4750 accipere
3249 4686 3342 4734 aut
3365 4693 3540 4749 usque
3565 4679 3634 4733 ad
3658 4678 3777 4748 ple-

485 4754 694 4829 gemitu
718 4753 901 4810 cordis
927 4751 1125 4807 deﬂere
1145 4792 1160 4819 ,
1188 4749 1560 4808 satisfactione
1588 4769 1717 4809 vera
1740 4756 2077 4826 poenitentia:

494 4863 684 4906 causas
717 4845 999 4910 excidere,
1031 4858 1130 4900 nec
1166 4858 1353 4899 earum
1393 4845 1828 4917 suggestionibus
1866 4848 2075 4910 aditum

502 4921 769 5026 .ndulgere
789 4980 804 5006 ,
832 4954 935 4995 nec
963 4939 1160 4997 iterum
1191 4941 1245 4995 in
1277 4940 1425 4998 vitiis
1448 4941 1776 5014 perpetratis
1802 4941 2000 5008 delabi.

562 5033 828 5108 Capitalia
850 5042 906 5089 et
924 5031 1175 5112 mortalia
1197 5033 1424 5100 crimina
1447 5033 1660 5104 publice
1685 5032 1928 5092 deflenda
1951 5044 2079 5100 sunt

493 5127 796 5186 secundum
818 5140 1086 5182 canonum
1113 5134 1168 5198 et
1191 5135 1504 5192 sanctorum
1528 5127 1752 5186 Patrum
1777 5129 2077 5188 institutio-

498 5235 644 5278 nem.
670 5218 785 5278 Sed
816 5228 871 5276 et
901 5227 1113 5276 secreta
1141 5219 1520 5278 satisfactione
1537 5221 1674 5277 solvi
1701 5223 1951 5282 mortalia
1972 5227 2082 5282 cri-

498 5312 644 5368 mina
663 5326 773 5368 non
795 5325 1081 5384 negamus,
1103 5319 1310 5376 mutata
1339 5321 1518 5368 tamen
1541 5313 1695 5385 prius
1714 5315 1882 5370 animi
1905 5316 2083 5374 inten-

495 5400 662 5467 -‘.ione,
690 5408 747 5457 et
768 5401 1013 5458 maculari
1036 5402 1305 5473 jactantia
1333 5401 1496 5458 simul
1521 5405 1788 5474 deposita,
1815 5407 1922 5480 piae
1947 5408 2078 5465 reli-

501 5491 672 5564 gionis
690 5491 940 5550 confesso
961 5495 1160 5562 studio,
1183 5510 1282 5566 per
1303 5494 1429 5550 vitae
1452 5497 1850 5553 correctionem
1871 5500 2076 5574 etjugi,

519 5597 605 5639 mo
630 5591 890 5657 perpetuo
915 5584 1061 5643 luctu
1086 5603 1146 5644 se
1173 5587 1543 5645 submittente.
1573 5588 1684 5646 Nec
1713 5589 1871 5648 debet
1896 5601 2078 5652 tamen

502 5677 727 5749 quisque
751 5678 1046 5752 desperare
1068 5681 1134 5737 de
1159 5683 1551 5762 omnipotentis
1578 5682 1675 5740 Dei
1702 5684 2076 5746 misericordia

508 5777 552 5824 at
589 5771 873 5831 innumera
914 5775 1154 5846 pietate,
1194 5763 1324 5846 quia.
1365 5781 1627 5854 scriptum
1672 5788 1793 5838 est:
1824 5781 2081 5844 Peccator

508 5879 821 5940 uocumque
843 5866 930 5923 die
954 5853 1231 5924 conversus
1261 5871 1422 5940 fuerit
1449 5873 1514 5928 ab
1539 5891 1717 5944 errore
1744 5877 1840 5933 via:
1862 5895 2004 5947 sum,
2031 5889 2080 5936 et

509 5951 837 6017 tecIinaoerit
863 5959 930 6016 ab
954 5960 1197 6025 operibus
1220 5963 1376 6020 malis
1391 6005 1408 6034 ,
1433 5982 1611 6024 omnes
1638 5970 1939 6041 iniquitates
1965 5974 2080 6045 ejus

2189 4766 2495 4832 nitudinem
2521 4768 2862 4840 pteuitentiae
2900 4770 2971 4828 ab
3003 4786 3071 4833 eo
3113 4771 3382 4842 separari.
3427 4769 3775 4827 Abstinentia

2190 4859 2435 4922 ciborum
2461 4860 2518 4918 in
2543 4862 2836 4934 prudentia
2861 4862 2969 4919 erit
2995 4864 3300 4922 sacerdotis
3320 4864 3620 4920 secundum
3641 4877 3774 4934 pos-

2189 4952 2507 5027 sibilitatem
2533 4956 2853 5026 ptenitentis
2879 4963 2938 5012 et
2966 4956 3313 5016 devotionem
3339 4965 3397 5013 et
3425 4955 3775 5013 aﬁ‘ectionem

2189 5047 2574 5120 lacrymarum.

2259 5140 2510 5207 Mulieres
2539 5156 2661 5210 qua:
2691 5141 3038 5200 fornicamur
3068 5151 3127 5199 et
3155 5152 3356 5216 partus
3382 5159 3509 5202 suos
3538 5154 3737 5203 necant
3754 5186 3774 5215 ,

2186 5241 2280 5291 aut
2299 5249 2486 5290 secum
2513 5240 2680 5306 agunt
2702 5241 2766 5289 ut
2785 5241 2946 5290 utero
2971 5243 3265 5308 conceptos
3287 5239 3597 5303 excutiant,
3632 5239 3776 5294 anti-

2184 5343 2292 5400 qua
2331 5326 2551 5396 quidem
2585 5325 2830 5384 deﬁnitio
2862 5342 3039 5399 usque
3070 5328 3140 5385 ad
3177 5329 3385 5386 exitum
3415 5332 3542 5387 vitae
3569 5346 3666 5388 eas
3703 5331 3773 5387 ab

2183 5419 2414 5482 ecclesia
2447 5419 2699 5481 removit;
2741 5419 3045 5478 Humanius
3080 5430 3262 5478 autem
3299 5439 3443 5480 nunc
3472 5425 3771 5482 secundum

2183 5511 2455 5584 Ancyrani
2487 5513 2683 5568 concili
2713 5513 3090 5572 deﬁnitionem
3116 5518 3307 5573 decem
3338 5534 3605 5574 annorum
3634 5527 3772 5575 tem-

2183 5618 2286 5675 pus
2303 5605 2641 5677 pmnitentia
2660 5606 3078 5674 submittuntur,
3099 5608 3176 5663 ita
3196 5616 3258 5664 ut
3275 5610 3637 5680 quadraginta
3661 5611 3774 5669 die-

2185 5696 2287 5756 bus
2312 5695 2447 5754 foris
2471 5699 2540 5756 ad
2565 5699 2766 5758 ostium
2791 5701 3041 5759 ecclesias
3064 5711 3256 5770 orent;
3282 5703 3482 5774 quibus
3508 5706 3770 5776 peractis,

2185 5803 2284 5860 per
2305 5806 2572 5848 annorum
2589 5802 2826 5863 quatuor
2851 5795 3027 5866 spatia
3056 5809 3090 5850 a
3118 5797 3504 5854 communione
3523 5784 3770 5856 ﬁdelium

2189 5890 2244 5938 et
2271 5883 2606 5942 oblationum
2634 5893 3041 5954 removeantur,
3076 5888 3279 5944 deinde
3301 5890 3354 5944 in
3383 5893 3769 5949 communione

2188 5979 2496 6036 orationum
2540 5988 2774 6052 recepta
2812 5980 3062 6040 decennii
3110 5991 3322 6055 tempus
3368 5986 3652 6067 impleant
3711 5996 3766 6046 et
