4046 6458
295 472 386 530 ιη

1696 459 2148 519 εΑεδιτυωιιει
2235 437 2240 440 ’

3422 437 3530 519 eti.

294 590 501 656 propter
517 577 908 636 humanitatem
932 576 1314 632 eucharistiam
1339 581 1460 644 post
1481 582 1662 630 actam
1685 575 1857 645 poeni-
1884 578 1931 636 Α
1969 582 2085 628 tum
2113 572 2326 636 fecerit,
2358 572 2638 645 levigetur.
2666 559 2805 629 Dicit
2823 576 2966 631 enim
2990 575 3242 631 Salomon
3271 595 3281 632 :
3330 579 3528 637 Nones

295 677 504 733 tentiam
533 671 819 741 accipiant.
853 671 972 724 Erit
998 676 1179 723 tamen
1210 685 1264 723 in
1295 669 1522 724 arbitrio
1549 669 1850 724 sacerdotis

295 781 357 821 an
386 773 504 818 ante
528 761 912 833 perfectionem
946 761 1283 830 paenitentiae
1318 760 1386 814 ad
1418 775 1613 830 corpus
1649 758 1849 814 Christi

275 854 540 912 “accedere
566 853 817 914 debeant,
852 851 1146 906 secundum
1169 851 1313 920 quod
1337 850 1538 905 viderit
1572 864 1668 903 eas
1703 864 1849 904 com.

293 951 504 1016 punctas
541 951 597 997 et
634 942 688 996 in
730 941 990 1013 lacrymis
1029 949 1377 1012 consumptas
1413 947 1468 995 et
1509 939 1847 995 devotionem

293 1049 528 1104 magnam
564 1033 843 1087 habentes.
875 1032 1132 1088 Ciborum
1159 1033 1486 1086 abstinentia
1524 1031 1628 1085 erit
1666 1031 1720 1084 in
1758 1045 1848 1083 sa-

293 1127 513 1184 cerdotis
537 1127 878 1196 providentia
907 1126 1205 1181 secundum
1231 1125 1375 1193 quod
1398 1139 1492 1178 eas
1519 1122 1718 1178 viderit
1740 1134 1853 1192 pinv

291 1220 452 1276 nitere
475 1226 530 1272 et
559 1233 659 1287 pro
685 1233 1037 1287 personarum
1069 1216 1353 1285 qualitate.

353 1308 537 1363 Mulier
561 1324 682 1378 quae
706 1309 915 1363 duobus
939 1307 1200 1363 fratribus
1225 1309 1473 1377 nupserit
1499 1305 1661 1374 abjiei
1689 1305 1852 1362 debet

287 1417 446 1472 usque
472 1403 538 1456 ad
566 1403 708 1456 diem
738 1404 951 1457 mortis.
985 1402 1092 1457 Sed
1120 1410 1342 1472 propter
1370 1403 1764 1456 humanitatem
1797 1402 1852 1455 in

285 1494 533 1548 extremis
559 1495 674 1549 suis
699 1494 1058 1549 sacramentis
1099 1493 1438 1548 reconciliari
1479 1502 1734 1564 oportet,
1776 1493 1850 1547 ita

287 1595 454 1639 tamen
495 1591 556 1639 ut
600 1585 752 1655 prius
793 1585 1032 1639 solvatur
1072 1583 1380 1655 conjugium
1422 1593 1478 1638 et
1519 1592 1735 1638 maneat
1776 1583 1855 1637 in-

284 1684 473 1746 nupta,
517 1685 576 1732 et
616 1678 702 1730 vir
742 1677 858 1747 ejus
897 1677 1102 1748 absque
1138 1691 1310 1731 uxore
1335 1676 1498 1730 simili
1524 1675 1854 1746 poenitentia:

283 1770 558 1824 subdatur.

344 1858 496 1925 Quod
524 1861 576 1915 si
605 1859 712 1916 duo
738 1858 937 1914 fratres
962 1875 1085 1914 eum
1111 1875 1215 1914 una
1240 1859 1438 1913 femina
1466 1858 1716 1914 fornicati
1743 1857 1856 1914 fue—

1951 665 2166 734 grandis
2191 664 2342 735 culpa
2371 683 2488 719 cum
2514 668 2630 738 quis
2669 667 2880 736 furatus
2900 669 3079 738 fuerit.
3112 668 3353 725 Furatur
3392 674 3532 730 enim

1951 767 2007 808 ut
2027 761 2335 812 esurientem
2369 759 2576 829 impleat
2599 762 2850 816 animam.

2021 847 2124 914 Qui
2173 848 2556 919 perjuraverit,
2610 847 2873 908 similiter
2900 861 3105 925 septem
3148 869 3321 912 annos
3358 858 3535 927 pumil-

1953 946 2084 993 teat.

2024 1029 2125 1096 Qui
2171 1031 2366 1086 falsum
2396 1034 2765 1090 teStimonium
2795 1036 3014 1102 dixerit,
3041 1045 3095 1092 et
3126 1035 3243 1107 ejus
3288 1038 3532 1094 testimoi-

1952 1122 2100 1176 nium
2122 1123 2281 1178 alicui
2309 1127 2576 1193 nocuerit,
2605 1137 2810 1197 septem
2833 1144 3004 1184 annos
3034 1131 3320 1200 pceniteat,
3350 1129 3424 1186 ita
3453 1131 3535 1184 ta'-

1955 1226 2077 1266 men
2108 1221 2170 1266 ut
2194 1213 2284 1267 ille
2306 1215 2397 1283 qui
2432 1218 2795 1272 testimonium
2838 1219 2974 1272 dixit
3001 1220 3254 1275 damnum
3283 1221 3537 1277 restituat

1953 1317 2112 1358 omne
2139 1305 2224 1358 cui
2253 1320 2353 1374 per
2392 1322 2548 1360 suum
2581 1308 2776 1363 falsum
2815 1310 3181 1365 testimonium
3215 1310 3416 1368 nocuit.
3465 1311 3536 1368 Et

1954 1403 2081 1450 tunc
2107 1397 2309 1464 poterit
2343 1399 2412 1452 ad
2444 1399 2655 1452 veniam
2683 1414 2780 1467 per
2821 1400 3199 1469 paenitentiam
3228 1402 3531 1472 pervenire.

1956 1484 2012 1539 Si
2045 1496 2224 1542 autem
2271 1489 2373 1544 hoc
2403 1487 2583 1544 facere
2609 1490 2863 1556 noluerit,
2889 1491 3026 1547 sciat
3055 1493 3134 1548 sic
3158 1507 3216 1547 se
3245 1492 3300 1554 in
3331 1508 3536 1549 vanum

1953 1578 2329 1645 paenitentiam
2354 1595 2534 1652 agere.

2027 1671 2129 1738 Qui
2161 1674 2610 1730 irrationabiliter
2633 1673 2942 1740 versantur,
2975 1677 3039 1731 de
3060 1677 3146 1732 his
3172 1687 3366 1749 agatur
3389 1674 3534 1748 quod

1957 1763 2012 1818 in
2042 1766 2339 1821 canonibus
2355 1768 2660 1822 continetur
2683 1769 2736 1822 in
2764 1770 2918 1824 titulo
2949 1770 3002 1825 in
3041 1787 3148 1841 quo
3195 1770 3383 1826 Grteca
3417 1785 3540 1827 ver—

1957 1854 2026 1908 ba
2055 1861 2202 1920 sunt,
2233 1871 2354 1925 qua:
2401 1857 2456 1910 in
2499 1857 2749 1912 Latinum
2805 1875 2962 1914 versa
3015 1869 3144 1914 sunt
3195 1862 3263 1916 de
3312 1861 3539 1918 consilio

281 1953 416 2017 rint,
446 1954 760 2009 nescientes
786 1955 923 2008 alter
945 1954 1167 2008 alterius
1195 1953 1607 2007 fornicationem
1626 1993 1640 2018 ,
1668 1953 1851 2006 statim
1880 1929 1928 1993 Β
1954 1946 2264 2018 Ancyrano,
2295 1963 2414 2018 cap.
2446 1948 2532 2015 16,
2563 1951 2614 2004 in
2646 1965 2754 2021 quo
2797 1966 2960 2007 sensu
3007 1951 3224 2022 triplex,
3279 1952 3383 2008 hoc
3431 1961 3538 2016 est.

277 2052 332 2098 ut
355 2046 725 2115 cognoverint
747 2045 1064 2099 adulterium
1083 2085 1096 2108 ,
1135 2045 1227 2114 qui
1255 2044 1395 2098 hanc
1419 2044 1582 2098 habet
1606 2057 1851 2108 uxorem,

273 2133 538 2188 dimittat.
568 2134 636 2188 Et
661 2134 750 2188 ille
774 2135 990 2203 quidem
1019 2143 1140 2202 post
1168 2143 1345 2188 actam
1376 2133 1778 2204 paenitentiam,
1808 2131 1855 2187 si

273 2239 401 2278 uxor
439 2225 708 2280 defuncta
745 2224 940 2288 fuerit,
979 2233 1157 2294 potest
1193 2224 1349 2279 alteri
1385 2223 1618 2289 sociari,
1651 2223 1739 2277 illa
1768 2223 1852 2277 vi-

273 2325 427 2370 vente
455 2330 833 2387 nequaquam.
868 2316 961 2370 llla
991 2332 1122 2373 vero
1149 2332 1424 2386 nunquam
1455 2316 1685 2371 ulterius
1709 2318 1857 2385 pote;

273 2392 339 2459 rit
365 2406 414 2459 in
457 2405 780 2477 conjugium
811 2408 1014 2462 asSumi
1033 2449 1047 2472 ,
1066 2417 1122 2462 et
1140 2407 1254 2478 jugi
1279 2409 1610 2478 pmnitenttze
1631 2407 1858 2461 submis-

273 2510 348 2559 sa,
374 2496 440 2550 ad
463 2498 682 2551 exitum
709 2498 836 2552 vitae
861 2498 1258 2552 communionis
1285 2499 1515 2566 gratiam
1536 2497 1818 2566 percipiat.

342 2586 542 2644 Mulier
568 2604 687 2658 quae
708 2589 983 2645 dormiens
1005 2589 1171 2644 filium
1197 2606 1354 2645 suum
1404 2590 1752 2659 Oppresserit,
1803 2598 1860 2646 et

275 2689 513 2735 mortuus
560 2681 742 2746 fuerit,
777 2696 873 2736 sex
913 2697 1085 2737 annos
1113 2682 1391 2751 pteniteat.
1429 2681 1522 2736 Vir
1540 2681 1678 2750 ejus,
1709 2683 1755 2737 si
1799 2683 1857 2738 in

273 2769 426 2824 domo
459 2771 612 2827 illius
659 2772 849 2838 fuerit,
875 2780 1141 2842 quatuor;
1176 2772 1223 2825 si
1250 2787 1376 2827 vero
1406 2772 1460 2826 in
1489 2787 1594 2827 uno
1624 2771 1762 2827 lecto
1788 2773 1862 2828 si-

274 2859 381 2913 mili
418 2861 586 2917 modo
606 2862 884 2932 pmniteat,
914 2862 1048 2917 duos
1079 2861 1131 2916 in
1177 2875 1314 2930 pane
1341 2868 1396 2915 et
1427 2876 1590 2930 aqua,
1621 2861 1859 2930 reliquos

275 2961 508 3024 quatuor
543 2955 842 3010 secundum
867 2954 1014 3025 quod
1034 2958 1286 3010 sacerdos
1311 2955 1434 3010 illos
1456 2955 1650 3009 viderit
1675 2970 1856 3024 posse,

276 3047 348 3101 ita
389 3049 469 3102 eis
514 3049 762 3118 imponat
787 3044 1189 3103 abstinentiam'
1219 3047 1483 3101 ciborum.
1521 3044 1780 3101 Similiter
1804 3053 1860 3102 et

274 3135 358 3190 vir
385 3136 596 3193 habens
620 3152 869 3203 uxorem,
896 3138 944 3193 si
971 3136 1292 3192 adulterium
1318 3135 1728 3208 perpetraverit,
1779 3134 1861 3190 fa-

274 3226 403 3291 ciat,
427 3235 553 3296 post
579 3227 872 3283 triennium
901 3226 1280 3282 communicet.

345 3328 372 3357 ⁸
404 3316 462 3372 Si
486 3316 640 3387 cujus
667 3333 805 3372 uxor
825 3315 1147 3376 adulterium
1169 3316 1583 3387 perpetraverit,
1613 3322 1668 3370 et
1689 3330 1718 3368 a
1739 3313 1859 3369 viro
1885 3287 1930 3348 Ο

275 3411 672 3480 deprehensum
701 3409 865 3465 fuerit
885 3417 940 3464 et
968 3408 1318 3478 publicatum,
1355 3407 1590 3462 dimittat
1610 3420 1857 3470 uxorem,

273 3501 321 3557 si
345 3499 596 3566 voluerit,
626 3510 848 3572 propter
877 3501 1313 3557 fornicationem.
1354 3499 1450 3554 illa
1497 3513 1623 3552 vero
1666 3512 1862 3551 secun-

273 3591 404 3646 dum
433 3591 582 3661 quod
613 3594 861 3662 superius
905 3592 1168 3646 insertum
1197 3598 1280 3644 est
1307 3596 1432 3658 agat
1459 3587 1858 3657 paenitentiam.

273 3684 378 3740 Vir
419 3698 548 3739 vero
603 3684 720 3753 ejus
746 3685 836 3738 illa
872 3684 1090 3738 vivente
1135 3682 1442 3736 nullatenus
1471 3679 1669 3734 habeat
1697 3679 1865 3732 licen-

269 3775 410 3829 tiam
452 3775 621 3829 aliam
663 3775 866 3829 ducere
909 3789 1154 3829 uxorem;
1203 3773 1310 3826 Aut
1353 3772 1399 3826 si
1428 3770 1680 3836 voluerit,
1716 3769 1867 3823 adul-

271 3875 450 3922 teram
497 3867 602 3921 sibi
629 3867 982 3922 reconciliare
1021 3866 1293 3921 licentiam
1319 3864 1538 3929 habeat,
1564 3863 1637 3918 ita
1685 3871 1862 3917 tamen

273 3966 334 4013 ut
359 3957 573 4026 pariter
606 3971 730 4010 cum
781 3956 872 4009 illa
896 3964 950 4009 et
985 3956 1358 4025 paenitentiam
1388 3963 1540 4025 agat,
1573 3961 1630 4007 et
1668 3961 1860 4008 exacta

275 4047 599 4117 pmnitentia
629 4047 699 4101 ad
739 4045 1133 4101 communionis
1161 4046 1412 4116 gratiam,
1437 4044 1577 4099 sicut
1614 4043 1860 4114 superius

275 4138 506 4194 habetur
533 4139 797 4193 insertum
838 4138 1120 4192 accedant.
1155 4136 1358 4192 Similis
1386 4135 1559 4191 forma
1587 4143 1640 4188 et
1663 4136 1718 4189 in
1743 4151 1862 4189 mu-

276 4227 404 4285 liere
439 4230 769 4285 servabitur.
814 4229 873 4284 Si
900 4229 984 4282 vir
1011 4229 1128 4298 ejus
1156 4243 1272 4282 eam
1323 4226 1724 4291 adulteraverit,
1764 4228 1860 4280 ha-

277 4318 396 4376 beat
424 4328 756 4392 potestatem
783 4320 1088 4374 dimittendi
1112 4318 1287 4371 virum
1312 4324 1530 4387 propter
1552 4315 1862 4370 fornicatio-

277 4426 416 4477 nem,
444 4419 668 4466 maneat
693 4411 916 4479 innupta
945 4407 1184 4479 quandiu
1211 4406 1294 4460 vir
1327 4404 1444 4473 ejus
1476 4405 1702 4470 vixerit;
1735 4405 1860 4474 quia

277 4514 374 4557 nec
401 4501 494 4558 ille
531 4501 698 4556 habet
721 4506 1044 4569 potestatem
1076 4496 1324 4566 accipere
1375 4494 1534 4549 aliam
1563 4495 1736 4564 prima
1781 4497 1861 4550 vi-

1955 2039 2022 2093 de
2058 2040 2141 2095 his
2176 2041 2268 2110 qui
2294 2045 2730 2112 cumpecoribus
2759 2046 3038 2101 commixti
3081 2054 3229 2112 sunt,
3273 2044 3424 2101 etde
3452 2045 3540 2102 his

1955 2131 2046 2201 qui
2098 2147 2248 2187 more
2280 2149 2537 2204 pecorum
2587 2136 2794 2191 incesta
2835 2138 3230 2193 commiserunt
3257 2151 3382 2192 eum
3409 2151 3542 2193 con—

1955 2225 2286 2296 sanguineis,
2310 2234 2366 2280 et
2396 2226 2463 2280 de
2504 2229 2592 2283 his
2636 2229 2728 2298 qui
2780 2246 2902 2284 eum
2937 2229 3194 2284 masculis
3226 2228 3537 2286 concubue-

1957 2324 2104 2370 runt.
2144 2316 2421 2388 Quotquot
2465 2319 2630 2390 igitur
2674 2330 2801 2375 ante
2843 2321 3163 2392 vigesimum
3209 2321 3387 2377 artatis
3429 2327 3541 2376 sum

1957 2423 2159 2462 annum
2189 2409 2294 2464 tale
2330 2410 2538 2464 crimen
2567 2411 2908 2477 admiserint,
2954 2412 3260 2481 quindecim
3290 2412 3448 2466 annis
3485 2412 3541 2467 in

1957 2500 2278 2568 pmnitentia
2303 2500 2534 2565 exactis,
2555 2502 2889 2557 orationibus
2911 2511 3114 2556 tantum
3139 2503 3398 2572 incipiant
3420 2518 3544 2572 par-

1960 2591 2192 2660 ticipari,
2233 2601 2288 2646 et
2337 2592 2392 2645 in
2433 2592 2802 2661 quinquennio
2849 2592 3022 2647 altero
3063 2592 3116 2646 in
3163 2593 3543 2647 communione

1958 2682 2190 2752 simplici
2215 2683 2593 2754 perdurantes,
2619 2693 2740 2754 post
2773 2685 3091 2753 vigesimum
3121 2701 3242 2740 cum
3270 2684 3542 2741 oblatione

1961 2775 2026 2830 ad
2050 2776 2484 2831 communionem
2514 2775 2898 2845 suscipiantur.
2929 2775 3262 2831 Discutiatur
3285 2783 3464 2830 autem
3490 2785 3544 2833 et

1959 2867 2070 2921 vita
2115 2882 2302 2920 eorum
2345 2882 2465 2936 quze
2511 2866 2671 2921 fuerit
2718 2873 2962 2936 tempore
2991 2866 3346 2936 pmnitentiar,
3386 2876 3436 2922 et
3469 2867 3542 2922 ita

1961 2958 2103 3014 hanc
2128 2957 2523 3012 humanitatem
2552 2963 2974 3026 consequantur.
3019 2955 3170 3024 Quod
3205 2958 3253 3012 si
3299 2959 3391 3028 qui
3419 2972 3542 3028 pcr-

1959 3057 2277 3104 severantes
2303 3051 2358 3104 in
2386 3049 2519 3119 ipsis
2539 3048 2878 3110 criminibus,
2901 3047 3165 3118 prolixius
3205 3056 3420 3129 tempus
3450 3049 3545 3102 ha:

1960 3140 2123 3196 beant
2146 3141 2544 3207 submissionls,
2571 3149 2624 3196 et
2647 3141 2781 3197 tales
2800 3156 3075 3211 nunquam
3093 3150 3345 3212 poterunt
3370 3142 3436 3195 ad
3463 3159 3545 3196 sa-

1960 3234 2264 3289 cerdotium
2309 3235 2559 3305 provehi.
2592 3233 2868 3304 Quotquot
2908 3242 3098 3289 exacta
3146 3233 3334 3304 viginti
3376 3248 3543 3287 anno-

1963 3341 2084 3380 rum
2115 3334 2275 3381 aetate
2319 3333 2375 3380 et
2405 3326 2478 3380 illi
2507 3326 2599 3396 qui
2639 3323 2835 3380 uxores
2862 3326 3063 3381 habent
3107 3325 3162 3380 in
3194 3327 3312 3381 lucc
3337 3325 3542 3382 scelera
3617 3345 3626 3354 -

1963 3416 2270 3479 inciderint,
2296 3416 2487 3488 viginti
2535 3417 2775 3486 quinque
2799 3417 2958 3471 annis
2984 3416 3301 3486 pcenitentia
3327 3425 3446 3471 acta
3477 3411 3544 3470 ad

1961 3508 2398 3561 communionem
2447 3506 2783 3561 solummodo
2834 3507 3140 3561 orationum
3191 3505 3540 3576 recipiantur,

1964 3595 2136 3650 altero
2184 3611 2314 3650 vero
2340 3596 2710 3666 quinquennio
2757 3596 3116 3665 perdurantes
3167 3595 3380 3666 plenam
3420 3608 3542 3650 cum

1964 3685 2237 3740 oblatione
2266 3684 2533 3753 recipiant
2582 3685 3039 3740 communionem;
3069 3684 3224 3752 Quod
3252 3685 3297 3740 si
3346 3700 3547 3742 uxores

1965 3775 2227 3830 habentes
2253 3783 2309 3829 et
2333 3775 2654 3830 excedentes
2683 3775 3185 3846 quinquagesimum
3213 3787 3324 3831 sua:
3369 3775 3546 3832 aetatis

1964 3877 2162 3919 annum
2205 3865 2259 3919 in
2298 3865 2384 3919 his
2431 3866 2798 3936 peccaverint,
2831 3867 2899 3920 ad
2941 3866 3145 3921 exitum
3177 3866 3302 3921 vitae
3333 3875 3540 3922 tantum

1963 3954 2398 4010 communionem
2447 3964 2776 4010 mereantur.
2805 3955 2873 4010 lli
2902 3969 3030 4010 vero
3063 3956 3156 4026 qui
3211 3956 3353 4012 sicut
3393 3965 3542 4010 muta

1959 4044 2214 4098 vixerunt
2247 4045 2523 4111 animalia,
2552 4054 2607 4100 et
2648 4062 2708 4102 se
2733 4055 2788 4102 et
2812 4047 2948 4102 alios
2987 4048 3291 4119 hujusmodi
3333 4048 3543 4118 peccati

1959 4134 2142 4188 scabie
2162 4135 2684 4203 contaminaverunt,
2732 4137 2786 4192 id
2806 4144 2906 4200 est,
2934 4139 2989 4192 in
3017 4137 3446 4208 consanguineis,
3487 4138 3542 4191 in

1961 4225 2276 4291 pecudibus,
2315 4227 2372 4280 in
2405 4227 2680 4291 masculis,
2706 4236 2910 4281 statuto
2943 4235 3184 4295 tempore
3211 4227 3545 4295 pmnitentizn

1963 4331 2070 4370 non
2103 4318 2244 4371 inter
2275 4318 2408 4373 alios
2438 4333 2600 4387 quam
2625 4319 2763 4371 inter
2785 4333 2880 4372 eos
2906 4325 3054 4372 stare
3077 4324 3132 4371 et
3156 4331 3318 4374 orare
3342 4318 3542 4377 debere

1965 4407 2058 4476 qui
2107 4414 2426 4476 tempestate
2459 4407 2707 4484 lunatiea
2743 4407 3022 4477 jactantur
3064 4407 3184 4464 elisi
3233 4409 3301 4464 ad
3337 4418 3541 4469 terram

1965 4499 2156 4570 spiritu
2181 4499 2458 4555 immundo
2499 4500 2699 4566 vexati,
2731 4499 2785 4554 id
2808 4507 2914 4566 est,
2965 4515 3090 4556 eum
3137 4505 3536 4575 energumenis.

279 4604 455 4663 vente,
487 4612 594 4653 nec
635 4594 725 4651 illa
762 4592 1140 4648 alium‘virum
1191 4589 1390 4645 ducere
1447 4588 1660 4642 vivente
1683 4588 1860 4643 adhuc
1887 4625 1939 4686 Β
1967 4589 2119 4645 Sicut
2155 4596 2333 4644 autem
2356 4590 2478 4661 plus
2503 4589 2864 4646 abominabile
2910 4592 3129 4647 misceri
3153 4609 3275 4648 cum
3293 4595 3541 4664 jumento‘

279 4686 467 4755 primo.
492 4686 711 4743 Habent
733 4691 912 4738 tamen
938 4689 1262 4754 potestatem
1303 4680 1622 4748 semetipsos
1664 4691 1858 4734 recon-

279 4778 486 4834 ciliare.
1265 4843 1268 4847 ,

347 4869 540 4942 Siqua
587 4868 781 4924 mulier
815 4881 922 4921 non
969 4865 1175 4920 habens
1221 4863 1436 4929 virum,
1476 4868 1570 4916 aut
1616 4862 1704 4916 vir
1753 4875 1862 4915 non

283 4959 481 5019 habens
499 4973 755 5025 uxorem,
781 4956 1032 5014 fornicati
1054 4953 1277 5020 fuerint,
1301 4953 1538 5024 quinque
1563 4966 1732 5006 annos
1751 4966 1865 5021 poe-

283 5053 507 5110 niteant.
997 5076 1020 5098 τ
1619 5111 1621 5114 ,

346 5145 500 5216 Quod
525 5145 574 5200 si
597 5143 682 5198 vir
700 5157 809 5197 non
836 5141 1042 5196 habens
1071 5152 1299 5194 uxorem
1327 5151 1449 5192 cum
1473 5133 1696 5189 alterius
1721 5146 1857 5186 uxo-

284 5249 340 5291 re
388 5233 802 5297 adulteraverit,
841 5239 934 5285 aut
965 5230 1008 5285 si
1043 5244 1149 5299 qua
1170 5228 1363 5282 mulier
1409 5241 1516 5282 non
1544 5225 1750 5280 habens
1782 5223 1862 5277 vi-

284 5343 399 5382 rum
425 5342 554 5382 cum
576 5325 802 5380 alterius
818 5324 936 5378 viro
956 5321 1353 5384 adulteraverit,
1371 5319 1580 5374 adulter
1589 5317 1694 5372 erit
1714 5324 1862 5369 uter-

283 5433 406 5488 que,
432 5427 492 5474 et
518 5417 815 5474 secundum
837 5417 980 5485 quod
1001 5411 1247 5483 superius
1267 5409 1573 5465 continetur
1597 5407 1859 5462 insertum

284 5509 654 5576 pmoitentiam
697 5513 881 5579 agant.

351 5599 583 5658 Furtum
625 5600 670 5656 si
720 5599 842 5670 quis
889 5596 1098 5662 fecerit,
1139 5602 1344 5664 septem
1375 5607 1546 5648 annos
1577 5591 1854 5662 pmniteat,

287 5698 392 5747 tres
424 5691 482 5747 in
500 5705 643 5764 pane
667 5697 722 5746 et
742 5704 902 5760 aqua.
932 5686 1236 5742 Secundum
1265 5682 1392 5740 furti
1422 5683 1755 5754 qualitatem,
1783 5681 1856 5738 ita

290 5791 341 5836 et
368 5785 560 5840 modus
586 5783 695 5840 erit
721 5779 1072 5854 poenitentia.
1101 5776 1160 5833 Si
1193 5791 1291 5847 per
1321 5773 1700 5833 necessitatem
1749 5770 1860 5826 fur-

355 5898 380 5933 ⁸
403 5892 607 5949 Com-il.
648 5891 1042 5958 Nannet.,eap.
1075 5887 1158 5941 ηε

1964 4696 2127 4751 quam
2183 4695 2306 4736 cum
2366 4679 2610 4736 masculo
2640 4722 2654 4747 ,
2702 4682 2777 4736 ita
2835 4681 2954 4752 plus
3006 4683 3375 4742 irrationabile
3434 4689 3542 4743 cri-

1964 4787 2087 4827 men
2119 4787 2242 4827 cum
2289 4771 2532 4828 masculo
2567 4787 2727 4842 quam
2783 4788 2908 4827 cum
2958 4773 3202 4830 muliere.
3241 4775 3376 4832 Cum
3411 4795 3542 4834 con-

1966 4863 2266 4933 sanguinea
2325 4870 2382 4917 et
2427 4877 2550 4917 eum
2607 4861 3004 4918 sanctimoniali
3059 4879 3292 4935 peccare
3332 4868 3540 4936 aequale

1966 4957 2203 5009 crimen.
2265 4954 2323 5008 ld
2386 4954 2475 5009 lex
2529 4952 2698 5024 Moysi
2758 4963 2932 5011 morte
2993 4956 3134 5012 mori
3186 4955 3410 5028 iudicat.
3471 4959 3540 5012 Et

1967 5059 2089 5098 cum
2145 5045 2391 5114 jumento
2452 5052 2509 5098 et
2560 5044 2802 5100 masculo
2845 5053 2902 5100 et
2952 5063 3075 5102 cum
3133 5048 3535 5116 consanguinea

1961 5143 2234 5189 coeuntes.

2031 5223 2262 5294 IEquale
2290 5230 2471 5280 autem
2496 5225 2702 5282 crimen
2735 5225 2990 5282 feminam
3022 5241 3145 5281 cum
3188 5223 3388 5279 femina
3413 5243 3537 5297 per.

1962 5329 2089 5369 care
2126 5315 2266 5370 sicut
2305 5316 2602 5372 masculum
2632 5331 2755 5372 cum
2777 5315 3037 5377 masculo,
3084 5322 3140 5369 et
3167 5315 3390 5384 aequalis
3413 5331 3535 5374 esse

1963 5405 2122 5462 debet
2170 5408 2510 5477 pcenitentia.
2552 5409 2632 5464 De
2679 5407 2875 5462 talibus
2919 5405 2996 5458 ait
3033 5403 3360 5474 Apostolus:
3392 5405 3533 5461 Nam

1962 5497 2170 5568 femina:
2194 5515 2374 5554 eorum
2392 5499 2793 5552 immu'taverunt
2823 5491 3118 5549 naturalem
3144 5511 3296 5550 usum
3329 5498 3385 5552 in
3415 5512 3534 5551 eum

1962 5608 2116 5646 usum
2159 5592 2249 5662 qui
2295 5601 2478 5646 contra
2508 5599 2757 5644 naturam
2787 5597 2881 5643 est.
2919 5585 3175 5644 Similiter
3197 5602 3242 5644 ct
3288 5592 3531 5656 masculi,

1961 5681 2140 5737 relicto
2171 5680 2404 5736 naturali
2429 5693 2528 5732 usu
2562 5677 2806 5746 femineo,
2835 5689 3140 5735 exarserunt
3171 5682 3224 5735 in
3258 5681 3532 5736 desideriis

1959 5774 2070 5848 suis
2109 5773 2349 5835 invicem,
2371 5767 2592 5830 masculi
2621 5767 2676 5822 in
2702 5770 2962 5825 masculos
2987 5772 3361 5842 turpitudinem
3406 5772 3532 5835 ope;-
