4046 6436
495 438 607 500 145

1508 412 1901 496 insonet.“
1937 431 2487 492 AURELIAXENSIS
2526 435 2739 492 EPlSC.

502 566 699 614 Nutu.
719 550 873 621 Quod
904 559 1084 606 autem
1110 564 1272 621 supra
1302 550 1535 606 diximus
1562 552 1627 606 de
1653 551 1737 606 liis
1765 558 1956 620 agatur
1979 547 2071 618 qui
2106 550 2147 608 Α
2176 563 2235 602 re
2265 548 2453 603 debeat
2484 551 2550 605 ab
2570 550 2664 604 illo
2693 548 3013 616 ministerio,
3043 565 3110 606 an
3138 564 3463 622 permanens
3482 555 3653 622 possit
3674 557 3756 611 di;

494 645 719 716 publice
764 644 829 698 ad
867 641 1259 698 confessionem
1282 628 1525 698 venerint
1565 652 1623 699 et
1647 642 1857 713 publice
1900 639 2074 711 paeni-

498 738 730 791 tentiam
752 735 981 806 egerint.
1005 734 1158 801 Quod
1196 734 1241 790 si
1266 733 1474 790 occulte
1500 741 1681 789 actum
1730 741 1832 797 est,
1882 739 1937 786 et
1983 746 2078 787 oc-

496 828 649 883 culte
677 826 744 880 ad
790 824 1129 881 sacerdotem
1179 825 1450 891 venerint,
1489 831 1544 881 et
1569 840 1758 896 puram
1783 823 2076 880 confessio-

498 933 627 974 nem
678 914 923 982 fecerint,
978 915 1189 972 occulte
1235 916 1501 985 poenitere
1552 916 1848 971 secundum
1899 913 2076 969 aetatis

499 1010 722 1065 modum
745 1008 887 1078 quod
909 1007 1158 1079 superius
1182 1007 1609 1073 continetur,'ita
1641 1006 1891 1062 videlicet
1930 1014 1989 1061 ut
2031 1006 2076 1060 si

482 1098 629 1160 dante
651 1101 967 1173 vigesimum
991 1116 1191 1154 annum
1212 1106 1304 1155 aut
1325 1115 1421 1170 per
1442 1099 1805 1171 ignorantiam
1825 1099 1927 1153 hoc
1946 1097 2075 1168 egit,

500 1201 599 1249 aut
622 1191 762 1248 forte
782 1189 1063 1263 ignorabat
1088 1202 1194 1245 non
1222 1189 1328 1243 tale
1358 1204 1479 1245 esse
1506 1188 1736 1252 crimen,
1757 1187 1931 1242 levius
1951 1201 2077 1256 erga

500 1285 656 1343 illum
686 1284 977 1354 agendum,
1017 1288 1073 1337 et
1111 1281 1214 1337 boc
1240 1281 1295 1336 in
1325 1281 1621 1336 sacerdotis
1645 1278 1902 1350 pendebit
1932 1276 2080 1332 arbi-

502 1376 630 1433 trio.
662 1375 941 1430 Discntere
963 1373 1121 1427 debet
1144 1371 1376 1439 qualiter
1399 1370 1453 1425 in
1478 1371 1581 1426 hoc
1626 1370 1802 1425 scelus
1829 1368 2080 1443 delapsus

500 1469 594 1534 sit,
622 1476 719 1524 aut
754 1483 915 1538 quam
942 1466 1176 1537 longiori
1221 1473 1464 1535 tempore
1491 1465 1544 1519 in
1570 1465 1672 1520 hoc
1714 1452 1919 1520 scelere
1959 1479 2082 1519 ver~

496 1568 653 1616 satus
682 1560 784 1625 sit;
820 1567 875 1614 et
899 1558 1193 1613 secundum
1220 1557 1362 1628 quod
1398 1556 1583 1612 abillo
1622 1556 1930 1613 confessum
1966 1554 2081 1613 fuee

499 1650 597 1715 rit,
620 1650 694 1705 ita
725 1648 801 1704 illi
846 1650 1040 1705 modus
1069 1647 1397 1718 poenitentia:
1447 1648 1789 1703 adhibeatur.
1818 1645 2081 1703 Videlicet

496 1741 549 1796 si
574 1756 673 1811 per
694 1730 1052 1811 ignorantiam
1096 1739 1201 1795 hoc
1242 1739 1354 1810 egit
1398 1738 1566 1793 semei
1598 1746 1693 1793 aut
1724 1736 1831 1801 bis,
1874 1735 1929 1790 id
1975 1742 2078 1801 est,

492 1852 624 1893 eum
650 1835 914 1900 masculo,
944 1850 1068 1890 cum
1096 1835 1360 1903 iumento,
1404 1841 1461 1888 et
1504 1847 1627 1887 cum
1662 1828 2079 1898 consanguinea,

2174 656 2334 710 gnam
2385 641 2811 697 satisfactionem
2852 642 3081 697 Domino
3116 642 3314 698 exinde
3338 641 3517 700 facere
3550 661 3564 697 :
3599 644 3753 713 Quod

2175 732 2219 787 si
2249 731 2338 786 ille
2359 745 2418 787 se
2443 732 2697 802 lacrymis
2717 740 2772 788 et
2795 733 3130 788 orationibus
3154 734 3497 789 devotissime
3513 736 3756 804 quotidie

2176 820 2368 877 laverit
2402 830 2459 877 et
2502 821 2969 894 eleemosynarnm
3008 823 3344 880 exhibitione
3382 833 3609 895 peccata
3653 828 3779 882 sua'

2176 911 2520 980 exstinguere
2559 914 2861 979 curaverit,
2895 913 2940 969 si
2970 913 3242 968 occultum
3277 922 3385 979 est,
3434 915 3636 984 poterit
3662 931 3757 972 oc-

2177 1001 2319 1058 culte
2345 1005 2398 1057 in
2430 1019 2528 1059 suo
2569 1018 2896 1073 permanens
2940 1004 3109 1076 gradu
3157 1019 3320 1075 agere
3346 1006 3752 1075 penitentiam.

2177 1092 2614 1150 Fornicationem
2643 1095 2688 1149 si
2718 1095 3131 1164 perpetraverit,
3154 1094 3346 1149 eodem
3364 1096 3527 1149 modo
3553 1109 3755 1165 purga-

2179 1186 2324 1241 litur
2357 1196 2558 1255 septem
2589 1186 2767 1240 annis.
2796 1185 2852 1241 Si
2880 1202 3009 1241 vero
3036 1185 3383 1251 sodomitice,
3419 1186 3472 1241 id
3495 1195 3602 1252 est,
3631 1201 3759 1242 cum

2180 1278 2423 1339 masculo
2448 1278 2719 1350 collapsus
2739 1279 2829 1345 sit,
2860 1278 3049 1333 eodem
3088 1277 3250 1333 modo
3288 1276 3357 1331 15
3387 1277 3546 1333 annis
3571 1276 3761 1346 expia-

2179 1370 2345 1426 bitur.

2250 1459 2455 1517 Similis
2477 1459 2647 1515 forma
2679 1466 2736 1515 et
2773 1459 2839 1515 de
2869 1458 3109 1515 diaconis
3139 1467 3195 1515 et
3221 1459 3289 1515 de
3323 1459 3410 1514 bis
3436 1459 3530 1530 qui
3572 1459 3627 1513 in
3668 1472 3759 1514 sa-

2182 1552 2291 1607 cris
2308 1551 2588 1607 ordinibus
2608 1551 2890 1607 constituti
2918 1559 3046 1606 sunt
3064 1551 3425 1618 observanda,
3473 1551 3548 1605 ita
3574 1550 3764 1607 videli—

2181 1650 2272 1698 cet
2298 1650 2359 1697 ut
2411 1642 2672 1697 diaconus
2716 1649 2921 1713 septem
2952 1643 3108 1697 annis
3140 1642 3401 1711 poeniteat
3424 1655 3524 1712 pro
3552 1640 3765 1697 adulto.

2184 1733 2285 1796 rio,
2318 1748 2417 1804 pro
2440 1732 2798 1788 fornicatione
2826 1748 2956 1789 vero
2984 1734 3222 1803 quinque
3258 1732 3438 1798 annis,
3478 1746 3579 1801 pro
3605 1732 3766 1787 sode-

2184 1825 2369 1881 mitico
2406 1825 2594 1880 decem
2637 1824 2816 1889 annis,
2858 1838 2957 1893 pro
3002 1822 3268 1880 adulterio
3309 1823 3547 1892 quinque
3579 1822 3763 1887 annis,
3844 1864 3849 1865 ν

430 1966 439 1971 -
500 1929 687 1989 statim
716 1943 841 1984 cum
868 1893 1176 1998 cognoverit
1196 1927 1299 1980 hoc
1329 1893 1492 1995 grave
1516 1938 1635 1980 esse
1656 1922 1829 1979 scelus
1854 1893 2076 1985 dimisit,
2110 1893 2157 1953 Β
2182 1931 2282 1987 pro
2309 1914 2664 1973 fornicatione
2691 1916 2849 1972 annis
2872 1917 3066 1982 tribus,
3089 1931 3187 1986 pro
3208 1915 3528 1973 sodomitico
3553 1925 3766 1985 septem

496 2019 1193 2091 utbumaniusloquamur,
1225 2026 1429 2088 septem
1466 2033 1636 2072 annos
1672 2015 1955 2086 pmniteat,
1987 2012 2081 2068 tri.

500 2112 605 2167 bus
659 2110 927 2167 abstineat
963 2124 995 2165 a
1047 2125 1244 2175 carne,
1281 2119 1335 2165 et
1369 2125 1510 2165 anno
1547 2125 1653 2164 non
1686 2108 2077 2171 communicet,

502 2215 606 2256 nec
630 2200 699 2255 ad
739 2200 913 2270 ipsum
953 2199 1097 2256 diem
1149 2200 1390 2267 Pascbae,
1422 2215 1522 2254 nec
1567 2198 1787 2261 offerat,
1831 2205 1888 2252 et
1933 2197 2080 2253 omni

498 2305 567 2348 se
590 2298 773 2349 mente
795 2289 1061 2361 subjiciat,
1087 2299 1148 2347 ut
1173 2292 1396 2362 spiritus
1423 2291 1606 2347 salvus
1630 2290 1724 2345 fiat
1748 2290 1802 2344 in
1840 2290 1927 2346 die
1976 2290 2081 2346 Do-

499 2379 670 2443 mini,
716 2366 1047 2449 ceterosque
1090 2381 1382 2437 secundum
1424 2380 1642 2435 modum
1685 2379 1993 2451 fragilitatis
2024 2379 2081 2434 in

505 2469 735 2524 arbitrio
780 2472 1079 2527 sacerdotis
1123 2470 1287 2529 faciat
1322 2471 1378 2526 in
1435 2471 1764 2528 abstinentia
1813 2470 2078 2526 ciborum.

500 2559 659 2627 Quod
692 2559 739 2615 si
765 2559 993 2633 longiori
1026 2571 1267 2631 tempore
1294 2562 1346 2617 in
1391 2563 1494 2618 hoc
1537 2563 1767 2620 crimine
1810 2568 2079 2627 versatus,

493 2651 554 2707 et
582 2657 868 2719 postquam
905 2651 1056 2705 novit
1101 2650 1228 2707 illud
1257 2651 1434 2707 scelus
1460 2667 1709 2723 magnum
1738 2666 1860 2709 esse
1891 2667 2082 2723 pecca-

505 2747 620 2795 tum
647 2741 1028 2807 commonitus,
1055 2740 1251 2797 iterum
1272 2749 1436 2811 atque
1463 2742 1657 2799 iterum
1677 2742 1781 2799 hoc
1801 2750 2082 2812 perpetra-

507 2833 605 2898 vit,
634 2832 777 2889 sicut
795 2835 1044 2903 superius
1072 2835 1379 2891 continetur
1402 2837 1661 2892 insertum
1682 2838 1758 2892 ita
1780 2835 2077 2907 paenitebit.

500 2924 747 2980 Primum
787 2925 1027 2996 quinque
1068 2926 1224 2983 annis
1264 2927 1332 2983 ab
1383 2929 1531 2985 omni
1554 2928 1955 2985 -communione
1997 2941 2084 2984 se-

500 3025 782 3088 gregatus,
820 3027 943 3089 post
971 3019 1092 3076 illos
1144 3020 1455 3090 quindecim
1492 3036 1667 3078 annos
1719 3036 1827 3076 non
1864 3019 2080 3086 offerat,

502 3124 616 3164 non
677 3109 1038 3167 communicet
1062 3110 1133 3166 ad
1169 3112 1492 3178 orationem,
1538 3126 1662 3168 cum
1689 3112 1899 3168 caeteris
1924 3111 2085 3168 Chri-

506 3198 700 3255 stianis
734 3199 789 3255 in
817 3200 1102 3256 ecclesiam
1133 3217 1242 3259 non
1265 3203 1459 3269 intret;
1496 3204 1691 3273 quibus
1711 3205 1936 3268 exactis,
1965 3211 2082 3259 tan-

506 3299 623 3347 tum
663 3292 731 3347 ad
761 3292 1191 3349 communionem
1215 3295 1479 3352 orationis
1504 3295 1848 3366 suscipiatur.
1877 3295 2080 3352 Deinde

498 3382 563 3437 in
594 3383 915 3453 paenitentia
955 3385 1143 3458 viginti
1172 3387 1329 3443 annis
1355 3388 1599 3459 expletis,
1642 3389 1690 3444 si
1715 3389 1853 3445 bene
1874 3397 1929 3444 et
1956 3404 2082 3445 eum

494 3471 762 3545 iacrymis
784 3482 842 3531 et
871 3491 993 3531 cum
1039 3478 1186 3533 omni
1221 3478 1506 3534 devotione
1550 3480 1923 3550 paenitentiam
1947 3480 2078 3551 egit,

501 3564 574 3619 ad
593 3565 808 3635 plenam
838 3569 1273 3628 communionem
1294 3578 1351 3625 ct
1380 3572 1875 3628 reconciliationem
1910 3571 2083 3628 susci-

496 3656 707 3728 piatur.
762 3657 1025 3717 Similiter
1071 3669 1128 3717 et
1174 3662 1240 3719 de
1292 3664 1505 3720 caeteris
1540 3665 1872 3737 temporibus
1918 3678 2080 3735 supra

494 3749 725 3806 insertis
756 3751 1170 3811 observandum.
1212 3754 1294 3821 Si,
1334 3757 1475 3826 quod
1504 3758 1662 3821 absit,
1696 3758 1748 3812 in
1791 3757 1926 3813 locis
1954 3773 2083 3813 san-

491 3838 607 3893 ctis
647 3838 758 3895 tale
805 3841 1009 3896 crimen
1062 3844 1342 3902 admiserit
1397 3848 1611 3916 aliquis,
1644 3848 1945 3916 duplicetur
2003 3848 2079 3903 illi

503 3930 846 3999 paenitentia.
893 3930 1132 3987 Vocatur
1165 3944 1359 3991 autem
1413 3938 1468 3991 in
1526 3935 1823 4006 Scripturis
1874 3938 2077 3994 crimen

454 4090 457 4093 _
494 4021 938 4090 pessimum-tam
960 4025 1028 4080 de
1055 4025 1302 4096 iumento
1345 4043 1507 4097 quam
1534 4029 1603 4084 de
1648 4028 1888 4084 masculo
1919 4044 2080 4099 quam

496 4114 568 4169 de
594 4114 1013 4183 consanguinea.
1046 4114 1285 4172 Vocatur
1312 4126 1492 4173 autem
1514 4118 1569 4173 in
1611 4118 1811 4174 mundo
1850 4119 2083 4175 immun-

498 4205 633 4261 ditia
656 4204 743 4261 vel
784 4206 1102 4265 detestabile
1146 4219 1427 4280 peccatum
1468 4227 1590 4267 cum
1622 4212 1821 4268 femina
1849 4231 1955 4269 non
1982 4231 2081 4271 na»

498 4299 750 4356 turaliter
788 4303 1169 4365 concumbere,
1195 4318 1320 4358 cum
1365 4303 1505 4359 unde
1544 4303 1689 4361 Onas
1715 4303 1853 4361 filius
1874 4303 2010 4360 Juda
2048 4321 2079 4361 a

497 4389 611 4445 Deo
645 4405 940 4460 percussus
972 4391 1074 4447 fuit
1118 4395 1243 4464 quia
1283 4394 1540 4450 fundebat
1566 4396 1622 4450 in
1647 4405 1846 4452 terram
1895 4411 2079 4452 semen

499 4482 775 4551 ingressus
820 4484 889 4538 ad
941 4484 1239 4539 mulierem.
1282 4484 1453 4540 Simul
1507 4488 1671 4541 etiam
1718 4496 1942 4544 vocatur
1979 4488 2079 4544 im-

2107 3242 2155 3305 C
2186 3223 2330 3305 nem.

2180 2008 2357 2064 annis.
2393 2007 2699 2064 Secundum
2727 2007 2977 2077 praefixos
3003 2006 3200 2076 gradus
3225 2022 3395 2077 usque
3426 2008 3496 2063 ad
3512 2007 3766 2063 ultimum

2180 2102 2404 2173 gradum
2426 2101 2855 2158 ecclesiasticum
2877 2100 3217 2156 observantia
3242 2100 3366 2156 talis
3379 2100 3664 2156 habeatur.
3682 2098 3767 2154 Ne

2181 2193 2304 2263 quis
2333 2202 2516 2248 autem
2559 2209 2620 2248 se
2641 2201 2867 2249 excuset
2895 2192 3241 2249 sacerdotum
3283 2206 3352 2246 ex
3399 2206 3466 2246 eo
3489 2189 3636 2261 quod
3683 2188 3768 2245 ait

2178 2284 2378 2341 Paulus
2403 2285 2708 2355 apostolus:
2735 2284 2960 2355 Propter
2982 2285 3382 2356 fornicationem
3407 2292 3582 2337 autem
3597 2297 3770 2337 unus-

2176 2378 2397 2451 quisque
2438 2393 2657 2433 uxorem
2691 2377 2901 2445 habeat,
2930 2378 3105 2432 sciant
3132 2376 3219 2431 his
3259 2382 3468 2430 tantum
3510 2388 3633 2429 esse
3678 2373 3769 2429 di-

2181 2480 2329 2528 ctum
2363 2472 2455 2542 qui
2501 2472 2556 2526 in
2598 2470 2775 2533 laicali
2818 2469 3007 2525 ordine
3054 2467 3336 2525 constituti
3380 2473 3525 2531 sunt,
3557 2465 3642 2521 vel
3671 2466 3769 2536 qui

2182 2565 2412 2621 necdum
2440 2565 2508 2620 ad
2547 2564 2989 2620 subdiaconatum
3018 2567 3386 2617 accesserunt.
3413 2558 3570 2613 Nullo
3601 2557 3771 2614 modo

2180 2657 2326 2711 enim
2349 2655 2416 2711 ad
2438 2655 2880 2710 subdiaconatum
2898 2652 3220 2723 permittunt
3244 2664 3480 2707 canones
3508 2649 3773 2707 accedere

2182 2748 2289 2806 nisi
2315 2763 2410 2805 eos
2437 2748 2527 2818 qui
2565 2756 2877 2818 perpetuam
2913 2744 3304 2801 continentiam
3340 2744 3606 2799 castitatis
3630 2757 3770 2815 pro-

2184 2840 2435 2896 miserint
2466 2854 2525 2894 se
2579 2838 2834 2908 deinceps
2880 2844 3215 2893 servaturos.
3264 2834 3400 2890 Nam
3455 2832 3774 2890 sacerdotes

2182 2932 2489 2991 Iudaeorum
2513 2947 2544 2986 a
2573 2930 2800 2987 Domino
2822 2928 2961 2997 jussi
2986 2939 3114 2984 sunt
3148 2942 3247 2999 per
3288 2926 3524 2999 Moysen)
3565 2924 3774 2980 ducere

2185 3037 2404 3087 uxores,
2436 3031 2491 3078 et
2512 3023 2578 3077 de
2601 3021 2747 3076 nulla
2775 3021 2919 3089 tribu
2949 3021 3054 3076 nisi
3099 3019 3168 3075 de
3198 3018 3328 3075 Levi
3355 3017 3558 3075 flebant
3579 3031 3775 3073 sacer-

2185 3117 2360 3182 dotes,
2390 3124 2451 3170 ut
2495 3113 2780 3186 progenies
2802 3127 2910 3168 una
2939 3111 3304 3168 custodiretur
3326 3123 3425 3183 per
3462 3106 3775 3167 successio-

2255 3298 2409 3355 Nune
2455 3306 2632 3357 autem
2677 3299 2745 3355 de
2786 3297 3038 3354 omnibus
3088 3294 3360 3368 gentibus,
3405 3296 3547 3351 sicut
3571 3293 3640 3349 ad
3667 3294 3779 3348 ba-

2182 3392 2460 3463 ptismum,
2485 3392 2565 3447 sic
2591 3392 2660 3446 ad
2706 3389 3068 3446 sacerdotium
3096 3389 3486 3459 permittuntur
3536 3385 3778 3441 accede-

2183 3502 2272 3552 re;
2300 3486 2553 3556 nullaque
2579 3484 2874 3540 necessitas
2897 3497 3096 3537 uxores
3117 3480 3337 3541 ducere,
3381 3478 3473 3547 qui
3518 3491 3627 3533 non
3667 3491 3779 3548 per

2181 3577 2362 3633 carnis
2387 3576 2809 3640 successionem,
2839 3574 2931 3630 sed
2957 3588 3055 3644 per
3083 3587 3292 3627 morum
3317 3570 3679 3625 imitationem
3706 3569 3779 3625 in

2182 3668 2485 3724 sacerdotio
2518 3668 2898 3737 subrogantur.
2951 3664 3058 3733 Ipsi
3102 3670 3281 3719 tamen
3324 3659 3633 3739 Iudaeorum
3676 3674 3779 3715 sa-

2181 3758 2449 3823 cerdotes,
2468 3772 2578 3814 non
2600 3756 2860 3813 habentes
2879 3762 2988 3810 tam
3008 3761 3252 3810 sanctum
3273 3750 3601 3807 sacriﬁcium
3622 3750 3777 3807 sicut

2180 3862 2281 3905 nos
2308 3850 2590 3911 habemus,
2623 3855 2865 3917 tempore
2891 3846 3025 3901 vicis
3049 3860 3162 3900 sua:
3181 3842 3339 3915 longe
3364 3850 3521 3899 erant
3540 3857 3573 3897 a
3603 3843 3777 3898 ὼιιιο

2180 3953 2298 4004 sua,
2334 3947 2390 3993 et
2411 3952 2442 3991 a
2468 3936 2733 4007 coniugali
2781 3951 2947 4006 opere
2992 3938 3190 3989 remoti
3224 3941 3379 4002 ,uxta
3408 3933 3669 4003 templum
3705 3933 3773 3988 in

2180 4029 2512 4088 continentia
2558 4027 2826 4083 castitatis
2851 4026 3193 4082 excubabant
3223 4026 3397 4081 donec
3419 4033 3633 4097 tempus
3661 4025 3774 4078 mi-

2178 4121 2390 4179 nisterii
2411 4119 2493 4176 sui
2529 4117 2826 4189 explerent.
2849 4117 3004 4172 Nunc
3025 4124 3229 4182 autem,
3261 4116 3404 4172 sicut
3422 4129 3638 4187 semper
3661 4114 3772 4169 mi.

2178 4214 2413 4268 nistrare
2433 4212 2650 4277 debent,
2675 4210 2753 4265 ita
2789 4222 3006 4279 semper
3029 4209 3373 4264 continentes
3395 4222 3519 4263 esse
3547 4213 3773 4277 oportet

2178 4302 2504 4360 sacerdotes.
2557 4302 2819 4358 Tractant
2863 4301 3027 4365 enim,
3054 4315 3165 4356 non
3190 4299 3444 4356 victimas
3468 4297 3768 4370 pecudum.

2177 4396 2273 4452 sed
2302 4398 2474 4466 ipsum
2510 4395 2918 4451 immaculatum
2958 4407 3157 4464 corpus
3174 4401 3231 4449 et
3274 4391 3597 4463 sanguinem
3651 4388 3768 4444 Do—

2178 4487 2334 4543 mini.
2368 4487 2620 4558 Ejusdem
2645 4486 2992 4542 eontinentire
3010 4493 3067 4542 et
3096 4485 3314 4541 diaconi
3347 4492 3405 4539 et
3438 4480 3765 4539 subdiacni

494 4571 762 4626 munditia
822 4573 1075 4629 mollities
1119 4575 1203 4631 vel
1255 4584 1472 4645 propter
1520 4586 1722 4633 tactum
1765 4580 1849 4634 vel
1897 4580 2071 4635 visum
2101 4584 2154 4644 Β
2178 4586 2235 4633 et
2266 4578 2320 4632 in
2347 4577 2576 4633 Domino
2598 4587 2654 4632 et
2680 4577 2783 4648 ipsi
2818 4579 2873 4634 in
2905 4577 3227 4633 tractatione
3252 4575 3385 4631 tanti
3432 4572 3765 4631 sacrm“

497 4661 585 4717 vel
638 4664 1066 4721 recordationem
1114 4667 1376 4733 mulieris,
1409 4677 1467 4722 ut
1508 4670 1687 4739 aliqua
1717 4671 2078 4726 delectatione

497 4753 761 4811 acciderit
786 4756 1052 4827 vigilanti,
1092 4760 1172 4815 vel
1198 4762 1289 4831 qui
1324 4762 1465 4819 inter
1499 4764 1700 4819 femora
1751 4780 1847 4821 sua
1898 4764 2077 4836 impu-

497 4845 713 4901 ritatem
745 4847 894 4903 solus
915 4864 1036 4907 cum
1080 4863 1140 4904 se
1183 4851 1297 4922 ipso
1337 4854 1420 4908 vel
1448 4870 1569 4910 cum
1594 4855 1703 4911 alio
1727 4863 1977 4921 exercet;
2009 4856 2079 4912 de

495 4936 694 5004 quibus
713 4936 789 4992 ait
813 4938 1013 4996 Paulus
1033 4944 1342 5011 apostolus:
1371 4945 1548 5013 Neque
1571 4946 1825 5001 immundi
1860 4961 2075 5017 regnum

493 5026 597 5084 Dei
645 5029 999 5101 possidebunt.
1030 5032 1159 5089 Item
1192 5053 1204 5089 :
1242 5034 1354 5091 Nec
1403 5040 1572 5093 omnis
1612 5038 1945 5093 immunditia
1984 5055 2077 5093 nec

492 5120 792 5175 nominetur
815 5122 873 5176 in
915 5123 1074 5179 vobis.
1120 5125 1185 5179 Et
1212 5127 1337 5181 alibi
1368 5146 1380 5180 :
1417 5129 1600 5199 Neque
1635 5128 1814 5183 malles
1860 5145 2077 5199 regnum

495 5205 594 5261 Dei
634 5210 987 5278 possidebunt.
1045 5213 1145 5281 Qui
1187 5215 1239 5270 in
1293 5217 1377 5271 bis
1434 5218 1639 5283 incidit,
1697 5217 1769 5273 ita
1811 5221 2076 5288 paeniteat

495 5300 648 5368 quasi
673 5300 741 5355 de
766 5302 994 5359 crimine
1022 5307 1164 5375 qum]
1193 5307 1261 5361 de
1288 5322 1454 5377 regno
1480 5310 1574 5363 Dei
1601 5310 1855 5365 exrludit.

565 5387 897 5446 Adulterium
940 5393 986 5448 si
1025 5393 1147 5464 quis
1187 5395 1469 5465 presbyter
1507 5399 1915 5465 perpetraverit,
1959 5400 2073 5454 sive

494 5477 731 5546 palatum
760 5488 819 5536 et
854 5484 1066 5553 publice
1108 5486 1404 5556 cognitum,
1451 5487 1520 5547 ab
1563 5488 1753 5542 ordine
1780 5490 2079 5544 sacerdotii.

494 5569 749 5635 cessabit,
776 5580 830 5627 et
852 5572 1063 5644 publica
1086 5577 1405 5647 pmnitentia
1439 5578 1626 5633 decem
1650 5592 1913 5633 annorum
1944 5592 2072 5647 pur-

493 5660 726 5728 gabitur.
756 5662 911 5730 Quod
935 5667 981 5719 si
1006 5667 1220 5722 occulte
1254 5667 1357 5723 hoc
1397 5666 1606 5733 fecerit,
1652 5675 1711 5723 et
1745 5667 1959 5723 occulte
1999 5669 2069 5722 ad

492 5749 889 5827 confessionem
917 5756 1140 5817 venerit,
1172 5757 1382 5812 occulte
1407 5758 1458 5813 ei
1486 5758 1805 5828 ptenitentia
1826 5758 2069 5829 impona-

478 5847 602 5895 ‘1ur.
632 5842 988 5915 Rclinquatur
1016 5854 1193 5901 autem
1223 5847 1275 5901 in
1296 5864 1392 5902 suo
1418 5850 1644 5904 arbitrio
1664 5859 1853 5924 .utrum
1888 5868 2067 5909 cessa-

2182 4668 2417 4728 miuistri
2443 4668 2708 4724 accedunt
2728 4668 2934 4725 altaris.

2247 4759 2426 4815 Laicis
2450 4774 2580 4815 vero
2618 4759 2703 4816 vel
2748 4760 2841 4831 qui
2881 4773 3221 4829 nequaquam
3252 4757 3320 4812 ad
3364 4755 3555 4811 altaris
3599 4753 3766 4809 mint-

2176 4850 2403 4907 sterium
2451 4852 2714 4908 accedunt
2760 4851 3069 4922 praecipitur
3097 4850 3166 4905 ab
3192 4847 3451 4918 Apostolo
3490 4852 3552 4902 ut
3576 4844 3670 4915 qui
3700 4856 3763 4899 se

2176 4959 2287 5001 non
2314 4944 2598 5003 continent
2619 4943 2823 5000 nubant
2849 4959 2863 4996 :
2894 4940 3085 4995 Melius
3100 4939 3237 4994 enim
3265 4937 3628 5008 nuberem
3648 4932 3759 4988 uri.

2176 5040 2292 5097 Hoc
2324 5051 2430 5107 est,
2480 5038 2673 5093 melius
2716 5044 2800 5091 est
2842 5048 3069 5088 uxorem
3093 5030 3333 5100 legitime
3362 5030 3559 5084 ducere
3594 5040 3763 5097 quam

2177 5130 2534 5186 exardescere
2569 5141 2667 5197 per
2702 5139 2868 5193 opera
2892 5119 3267 5179 fornicationis
3291 5128 3347 5175 et
3366 5117 3619 5174 adulterii.
3643 5117 3761 5173 sive

2173 5220 2473 5275 sodomitici
2494 5227 2547 5273 et
2576 5218 2947 5273 immunditim.

2244 5310 2579 5366 Admonendi
2602 5319 2729 5365 sunt
2753 5308 3061 5381 presbyteri
3083 5315 3146 5363 ut
3175 5306 3505 5367 cbaritatem
3524 5305 3673 5360 inter
3698 5317 3764 5359 su

2174 5403 2433 5459 habentes
2458 5409 2722 5467 indutam,
2756 5401 2946 5473 procul
2990 5400 3059 5456 ab
3101 5399 3252 5457 omni
3298 5398 3439 5454 fastu
3485 5396 3763 5467 superbi.

2171 5501 2226 5547 et
2251 5492 2464 5547 invidiae
2487 5492 2845 5549 mordacitate
2889 5498 3136 5553 sanctum
3172 5488 3478 5560 exemplum
3523 5486 3765 5545 mbditia

2171 5584 2374 5638 donent
2402 5591 2515 5638 tam
2559 5582 2708 5639 clero
2752 5595 2917 5652 quam
2966 5580 3139 5636 laicis.
3188 5578 3305 5634 Non
3348 5578 3456 5634 sint
3501 5590 3754 5646 rapaces.

2170 5688 2277 5729 non
2302 5673 2502 5743 cupidi,
2530 5688 2639 5730 non
2669 5670 2950 5737 vinolenti,
2975 5685 3091 5727 non
3107 5682 3385 5741 procaces,
3422 5683 3539 5725 non
3562 5665 3756 5731 rixosi,

2170 5774 2276 5817 non
2315 5760 2647 5816 calumniam
2669 5761 2923 5831 cuiquam
2966 5757 3244 5822 iacientes,
3283 5758 3379 5815 sed
3403 5758 3461 5813 in
3501 5756 3759 5812 omnibus

2170 5867 2228 5907 se
2275 5852 2421 5922 ipsos
2472 5850 3026 5924 irreprebensibilitcr
3083 5852 3475 5920 wsde
3520 5849 3753 5909 formant
