4046 6456
204 436 299 498 Sl'l

1563 423 2022 484 CAPITULARE.

3343 439 3452 500 218

211 546 380 610 salutis
402 541 544 603 dero
561 548 620 600 et
641 539 889 616 plebibus
915 539 1252 610 ministrent,
1279 548 1546 613 quatenus
1574 554 1760 596 eorum
1787 549 1842 610 Α
1864 539 2036 612 gessit
2067 552 2171 596 nec
2208 539 2419 611 priores
2445 540 2736 600 cicatrices
2765 541 3081 605 vulneribus
3107 545 3231 606 aliis
3263 565 3451 609 resan-

213 638 446 710 exemplis
473 635 541 690 ad
587 644 845 691 aeternam
893 636 1059 690 vitam
1101 643 1156 690 et
1190 651 1403 692 morum
1436 634 1762 706 probitatem

210 721 528 804 proficientes
557 725 860 781 humilitate
887 725 1255 782 subleventur.

268 836 587 896 Admonendi
608 844 736 892 sunt
763 845 824 891 ut
859 852 1054 893 usuras
1078 853 1415 910 nequaquam
1443 844 1760 902 exerceant,

209 941 257 988 et
296 929 528 1001 plebibus
575 928 680 984 sibi
723 927 980 998 subjectis
1008 937 1062 984 et
1101 929 1248 986 clero
1273 929 1567 1000 praedicent
1607 936 1668 983 ut
1695 929 1763 983 ab

205 1025 296 1079 hoc
321 1021 443 1077 vitio
481 1020 734 1076 omnibus
767 1021 942 1077 modis
984 1022 1294 1078 abstineant
1337 1021 1634 1078 secundum
1673 1037 1763 1077 ca-

205 1131 383 1171 nonum
413 1114 829 1170 institutionem.
882 1114 1138 1186 Quisquis
1189 1130 1287 1187 per
1336 1117 1576 1186 quolibet
1615 1117 1764 1188 inge-

202 1207 335 1262 nium
356 1205 525 1277 magis
549 1207 746 1277 accipit
787 1222 949 1277 quam
977 1216 1221 1278 praestat,-
1262 1210 1398 1265 sciat
1423 1224 1482 1266 se
1535 1226 1760 1266 usuram

202 1297 393 1354 fecisse.
426 1296 563 1353 Nam
594 1299 640 1354 si
669 1299 792 1369 quis
818 1300 1058 1356 triticum
1079 1309 1175 1356 aut
1202 1303 1365 1358 aliam
1388 1305 1624 1374 speciem
1647 1303 1762 1360 fru-

197 1404 308 1460 gum
349 1390 674 1455 commodat,
723 1399 916 1448 etnon
962 1394 1212 1450 eamdem
1253 1395 1490 1465 speciem
1544 1397 1761 1467 accipit,

197 1479 392 1534 sedant
437 1481 715 1548 denarios,
743 1494 1006 1552 quantum
1049 1492 1160 1539 tum
1208 1487 1506 1541 venundari
1553 1494 1766 1556 poterat

195 1570 390 1640 quando
429 1571 524 1627 illa
556 1575 940 1641 commodavit,
981 1584 1076 1631 aut
1101 1576 1302 1648 aliquid
1332 1577 1478 1634 aliud
1534 1579 1762 1649 accepit,

194 1663 378 1732 absque
404 1660 576 1718 dubio
617 1680 840 1720 usuram
869 1669 1224 1737 perpetravit.
1275 1667 1334 1724 Si
1373 1670 1495 1741 quis
1523 1685 1651 1747 vero
1699 1685 1764 1725 ex

195 1754 368 1809 ordine
385 1755 720 1812 ‘clericorum
746 1756 850 1814 hoc
889 1773 1052 1828 agere
1079 1763 1506 1832 praesumpserit,
1541 1764 1677 1819 sciat
1707 1780 1766 1820 se

193 1849 262 1904 sui
287 1848 482 1918 gradus
503 1849 809 1919 periculum
843 1851 1170 1907 subiturum.
1200 1852 1256 1908 Si
1283 1869 1413 1910 vero
1436 1854 1604 1910 laicus
1649 1853 1764 1910 fue-

193 1942 270 2006 rit,
296 1941 430 1996 sciat
467 1957 536 1996 se
577 1945 1174 2000 excommunicandum.
1212 1946 1364 2002 Unde
1412 1949 1664 2002 convenit
1703 1956 1764 2002 ut

189 2035 401 2104 primum
431 2050 631 2091 omnes
678 2037 732 2091 in
770 2038 1008 2094 clericali
1039 2040 1228 2095 ordine
1274 2043 1552 2098 constituti
1582 2043 1650 2098 ab
1677 2045 1762 2099 his

191 2127 478 2182 abstineant
508 2137 564 2183 et
586 2129 876 2185 admodum
897 2130 1145 2201 plebibus
1182 2134 1470 2206 injungant
1497 2145 1560 2191 ut
1584 2136 1762 2192 nullus

189 2219 279 2274 hoc
306 2219 480 2276 facere
511 2221 734 2277 omnino
769 2225 968 2278 audeat

249 2352 515 2410 Sacerdos
551 2371 673 2411 cum
723 2374 755 2412 a
803 2358 1050 2418 fidelibus
1100 2363 1495 2420 confessionem
1541 2367 1760 2438 accipit,

187 2447 314 2502 inter
351 2459 556 2506 cetera
584 2453 740 2508 debet
772 2454 1122 2512 confitentem
1154 2458 1447 2513 admonere
1468 2467 1528 2514 ut
1550 2460 1616 2514 de
1639 2470 1764 2516 octo

186 2541 560 2611 principalibus
606 2544 754 2600 vitiis
791 2545 1190 2603 confessionem
1229 2548 1393 2604 faciat
1419 2558 1475 2604 et
1503 2553 1762 2607 emenda-

187 2633 371 2688 tionem
403 2636 689 2704 promittat
714 2647 768 2692 et
803 2641 1181 2710 paenitentiam
1213 2642 1538 2699 medicinam
1569 2647 1766 2702 anima:

183 2737 282 2800 suae
329 2726 612 2796 suscipiat.
665 2727 930 2784 Vitiorum
975 2740 1153 2785 autem
1200 2732 1579 2803 principalium
1618 2746 1762 2805 octo,

183 2812 329 2869 sicuti
372 2817 746 2885 continentur,
790 2821 1010 2876 nomina
1042 2837 1141 2892 per
1183 2824 1397 2895 singula
1443 2825 1760 2898 interroget,

182 2913 232 2959 et
253 2905 336 2961 ille
357 2900 711 2976 confiteatur,
737 2920 791 2967 et
817 2913 883 2969 de
912 2914 1184 2981 omnibus,
1229 2916 1370 2971 sicut
1423 2920 1765 2987 prremissum

183 3005 274 3062 est,
299 2997 700 3058 confessionem
731 3004 912 3060 faciat.
943 3005 1011 3060 Et
1034 3014 1163 3062 tunc
1192 3007 1240 3062 ei
1271 3009 1476 3064 medela
1502 3011 1766 3079 poeniten-

183 3090 263 3145 tia:
289 3092 636 3150 adhibeatur.
662 3094 991 3169 Principalia
1026 3107 1210 3156 autem
1233 3102 1383 3167 vitia,
1417 3103 1532 3159 sine
1567 3105 1765 3174 quibus

182 3182 263 3238 vix
290 3185 431 3242 ullus
466 3187 700 3243 inveniri
727 3197 923 3258 potest,
955 3190 1070 3246 haec
1113 3199 1258 3246 sunt.
1293 3193 1534 3248 Primum
1561 3195 1762 3266 gastris

183 3279 400 3350 margin,
422 3280 530 3336 hoc
553 3289 656 3346 est,
682 3283 887 3338 ventris
913 3283 1195 3354 ingluvies.
1229 3284 1537 3340 Secundum
1585 3285 1760 3341 forni-
1787 3274 1833 3338 C

183 3369 334 3424 catio.
361 3369 606 3428 Tertium
621 3374 807 3429 acedia
828 3374 942 3430 sive
964 3375 1203 3429 tristitia.
1230 3375 1495 3444 Quartum
1512 3377 1758 3431 avaritia.

183 3457 430 3525 Quintum
453 3480 592 3518 vana
615 3464 804 3536 gloria.
831 3465 1054 3521 Sextum
1078 3467 1299 3522 invidia.
1333 3467 1634 3540 Septimum
1660 3469 1757 3524 ira.

181 3547 434 3608 Octavum
464 3556 736 3624 superbia.

243 3662 301 3717 Si
331 3679 498 3733 quem
545 3675 725 3720 autem
767 3670 1131 3723 verecundum
1182 3669 1382 3725 viderit
1416 3672 1672 3726 sacerdos
1711 3680 1766 3727 et

180 3757 585 3811 erubescentem
619 3757 864 3813 confiteri
903 3768 958 3814 et
1006 3761 1371 3830 discooperire
1399 3773 1624 3832 peccata
1671 3781 1766 3820 sua

182 3862 290 3915 quae
336 3849 533 3919 gessit,
594 3850 886 3905 admoneat
933 3851 1084 3905 illum
1130 3852 1317 3908 dicens
1365 3873 1377 3907 :
1427 3854 1620 3910 Frater
1668 3856 1763 3923 mi,

143 3968 146 3970 η
181 3939 366 4007 sapius
410 3954 512 3994 nos
542 3939 806 3995 Dominus
833 3942 1084 3995 hortatur
1127 3943 1194 3996 ad
1234 3945 1593 3998 medicamina
1620 3961 1764 4003 verte

183 4028 552 4097 confessionis,
599 4047 704 4087 non
736 4033 876 4101 quod
911 4032 1052 4087 Deus
1099 4033 1338 4104 indigeat
1376 4045 1576 4090 nostra:
1635 4053 1763 4092 con-

183 4118 447 4189 fessionis,
469 4123 566 4193 qui
609 4125 791 4179 omnia
823 4123 1016 4197 [novit]
1048 4141 1166 4194 quae
1198 4127 1426 4198 agimus,
1468 4128 1760 4198 loquimur,

185 4215 498 4285 cogitamus.
531 4215 640 4276 Sed
666 4217 824 4273 aliter
859 4217 992 4273 salvi
1025 4217 1141 4273 fieri
1177 4235 1282 4274 non
1327 4235 1611 4289 possumus
1659 4223 1763 4277 nisi

184 4307 534 4366 conﬁteamur
562 4311 892 4381 paenitentes
943 4311 1303 4381 quodcunque
1355 4313 1622 4383 gessimus
1664 4328 1762 4367 ne-

184 4397 451 4472 gligentes.
512 4402 671 4459 Dolet
733 4403 980 4458 diabolus
1033 4405 1249 4474 quando
1299 4403 1589 4459 confitetur
1641 4420 1767 4476 pec-

185 4495 298 4543 cata
324 4503 440 4555 sua,
473 4497 534 4547 et
557 4488 832 4545 desiderat
859 4503 959 4544 nos
985 4489 1160 4545 celare
1185 4505 1304 4559 qua:
1330 4488 1558 4545 fecimus
1591 4509 1602 4544 :
1639 4490 1765 4560 quia

185 4576 345 4647 quise
383 4579 570 4651 ipsum
592 4587 811 4635 accusat
852 4579 908 4634 in
952 4580 1192 4650 peccatis
1231 4580 1366 4643 suis,
1398 4581 1543 4636 hunc
1581 4581 1767 4636 diabo-

186 4666 263 4725 lus
280 4685 383 4726 non
405 4672 576 4728 habet
620 4672 814 4726 iterum
841 4685 1100 4726 accusare
1125 4670 1179 4724 in
1216 4671 1302 4726 die
1335 4671 1524 4741 judicii
1552 4689 1566 4737 ;
1591 4672 1633 4727 si
1685 4680 1766 4726 ta-

188 4778 299 4820 men
318 4765 587 4822 confitens
617 4765 929 4836 paenitendo
959 4765 1117 4820 diluit
1142 4780 1261 4835 quae
1311 4765 1458 4831 fecit,
1515 4783 1615 4822 nec
1666 4769 1766 4822 ite-

188 4869 294 4911 rum
313 4866 544 4916 renovat
573 4871 694 4929 quae
713 4857 842 4928 egit.
882 4856 1033 4913 Unde
1068 4855 1304 4912 Jacobus
1340 4858 1617 4928 apostolus
1645 4859 1760 4913 ait:

189 4945 503 5017 Conﬁtemini
536 4949 861 5004 alterutrum
910 4957 1124 5017 peccata
1178 4957 1366 5002 vestra.
1412 4948 1480 5002 Et
1518 4947 1758 5004 Paulus:

191 5035 284 5093 Ore
343 5041 604 5112 confessio
653 5040 716 5109 ﬁt
768 5039 838 5095 ad
883 5039 1128 5094 salutem.
1183 5039 1250 5093 Et
1303 5038 1559 5094 Salomon
1603 5057 1616 5092 :
1659 5039 1763 5107 Qui

189 5129 441 5187 abscondit
462 5130 664 5188 scelera
687 5147 808 5196 sua,
832 5146 938 5185 non
969 5129 1242 5200 dirigetur.
1279 5129 1383 5196 Qui
1433 5139 1606 5185 autem
1643 5147 1769 5185 con-

189 5219 342 5287 fessus
367 5223 528 5293 fuerit
571 5231 620 5278 et
667 5222 934 5294 reliquerit
976 5237 1068 5286 ea,
1124 5223 1542 5277 misericordiam
1589 5239 1770 5278 conse-

188 5326 380 5382 quetur.
436 5317 680 5374 Joannes
722 5330 945 5387 quoque
1003 5314 1336 5384 evangelista
1385 5333 1398 5369 :
1443 5314 1505 5370 Si
1550 5316 1765 5386 conﬁte-

193 5405 308 5458 mini
331 5415 545 5476 peccata
569 5415 758 5471 vestra,
791 5402 963 5474 ﬁdelis
988 5411 1035 5456 et
1052 5403 1232 5472 justus
1259 5403 1400 5459 Deus
1442 5413 1499 5458 ut
1539 5405 1766 5459 remittat

193 5497 320 5552 vobis
375 5509 587 5569 peccata
623 5507 794 5555 uestra
842 5505 888 5551 et
921 5494 1134 5549 mandet
1172 5511 1258 5549 vos
1287 5495 1351 5548 ab
1379 5497 1520 5550 omni
1568 5497 1764 5568 iniqui-

193 5597 306 5643 tate.
358 5590 624 5649 Similiter
666 5589 954 5646 Psalmista
1005 5586 1084 5641 ait
1127 5585 1352 5642 :Dixi:
1398 5586 1763 5643 Pronuntiabo

195 5679 458 5738 aduersum
477 5700 558 5739 me
581 5682 876 5754 injustitias
916 5695 1058 5734 meas
1086 5677 1312 5733 Domino
1333 5719 1348 5744 ,
1388 5687 1439 5734 et
1471 5688 1528 5733 tu
1566 5680 1767 5736 remisi—

197 5773 256 5826 sti
299 5776 615 5846 impietatem
667 5774 862 5846 peccati
924 5772 1045 5826 mei.
1102 5769 1394 5827 Sciendum
1435 5781 1617 5830 autem
1662 5775 1767 5830 hoc

198 5881 441 5932 multum
465 5870 656 5927 salutis
695 5868 1031 5925 medicamen
1056 5878 1165 5920 non
1208 5863 1410 5922 iterare
1440 5882 1560 5937 quae
1599 5867 1763 5940 impie

1839 703 1844 706 _
1867 631 2034 686 ciare.

1933 724 2116 781 Prima
2147 734 2326 783 autem
2351 727 2686 784 hebdomada
2723 738 2849 786 ante
2877 731 3091 788 initium
3140 732 3453 809 Quadrage-

1862 818 2013 873 simae
2034 818 2302 875 confessio
2328 820 2504 875 danda
2547 821 2614 876 de
2641 822 2895 879 omnibus
2938 823 3177 894 peccatis
3228 841 3349 896 quae
3377 825 3454 882 si-

1862 925 1928 966 ve
1959 924 2122 979 opcre
2143 913 2256 967 sive
2282 912 2551 968 locutione
2592 921 2990 984 perpetrantur.
3024 915 3093 970 Et
3140 915 3220 972 sic
3272 917 3450 973 uomi-

1862 1002 2032 1056 natim
2061 1003 2218 1057 debet
2236 1003 2315 1058 eis
2344 1005 2598 1060 sacerdos
2619 1006 2798 1062 dicere
2825 1007 3133 1077 supradicta
3151 1017 3276 1064 octo
3300 1009 3448 1080 prin-

1863 1091 2058 1162 cipalia
2086 1092 2236 1146 vitia.
2263 1092 2508 1150 Primum
2539 1095 2681 1167 gula,
2708 1097 2774 1152 de
2803 1113 2910 1167 qua
2939 1097 3185 1161 diabolus
3237 1099 3455 1170 decepit

1861 1183 2055 1250 Adam,
2101 1200 2199 1255 per
2227 1201 2389 1256 quam
2437 1187 2713 1243 Christum
2751 1189 2979 1245 tentavit
3010 1206 3132 1246 cum
3163 1191 3338 1246 dixit:
3393 1188 3453 1245 Si

1864 1278 2038 1334 Filius
2073 1279 2172 1335 Dei
2213 1297 2288 1346 es,
2314 1281 2398 1335 die
2420 1291 2478 1335 ut
2526 1281 2724 1354 lapides
2747 1284 2834 1338 isti
2868 1300 3028 1356 panes
3056 1283 3209 1354 ﬁant.
3243 1283 3310 1338 Et
3354 1297 3488 1354 per_

1864 1372 2249 1427 abstinentiam
2288 1372 2548 1428 sananda.
2589 1373 2899 1431 Secundum
2926 1375 3116 1430 vitium
3156 1373 3454 1446 principale

1863 1461 2169 1528 fornicatio,
2223 1465 2288 1520 de
2342 1480 2448 1536 qua
2497 1465 2575 1520 ait
2627 1464 2926 1522 Salomon:
2979 1465 3158 1522 Fovea
3186 1466 3452 1539 profunda

1864 1556 2112 1610 meretrix
2141 1565 2190 1611 et
2232 1567 2418 1626 puteus
2461 1568 2715 1628 angustus
2742 1577 2760 1625 ;
2791 1567 2846 1615 et
2871 1558 3014 1615 idem
3051 1560 3241 1615 doctor
3270 1577 3282 1613 :
3321 1557 3453 1624 Quis

1867 1647 2057 1717 fortior
2098 1649 2380 1704 Sansone?
2422 1649 2551 1717 Quis
2574 1652 2860 1722 sapientior
2885 1650 3205 1707 Salomone?
3234 1651 3336 1705 Hic
3383 1650 3458 1720 ﬁ-

1865 1737 1949 1793 liis
1989 1739 2268 1794 mulierum
2298 1740 2608 1812 decipiatur,
2653 1750 2709 1798 et
2733 1751 2984 1798 castitate
3028 1742 3290 1798 sananda.
3324 1741 3458 1796 Ter-

1867 1830 2002 1884 tium
2048 1831 2344 1902 principale
2404 1833 2596 1887 vitium
2639 1835 2848 1899 acedia,
2883 1833 2937 1888 id
2981 1842 3085 1898 est,
3129 1833 3457 1888 instabilitas

1790 1909 1838 1967 Β
1865 1922 1989 1979 1οεί.
2026 1923 2151 1980 Hzec
2184 1941 2289 1980 non
2322 1925 2452 1980 sinit
2480 1925 2754 1980 hominem
2795 1939 3147 1996 perseverare
3201 1924 3254 1978 in
3289 1925 3452 1980 bono.

1867 2013 1992 2069 limo
2031 2029 2129 2085 per
2153 2016 2614 2085 perseverantiam
2659 2015 2786 2071 boni
2810 2017 2989 2086 operis
3015 2016 3276 2079 sananda,
3306 2015 3454 2085 quia,

1866 2105 2422 2178 sicutaitGregorius,
2454 2126 2471 2158 ι
2492 2108 2762 2163 incassum
2778 2108 2981 2164 bonum
3011 2105 3180 2178 agitsi
3207 2113 3332 2160 ante
3354 2113 3458 2160 ter-

1864 2200 2072 2256 minum
2119 2201 2246 2254 vita:
2294 2200 2596 2256 deseratur.
2643 2220 2662 2254 ι
2706 2199 2972 2268 Quartum
3031 2198 3331 2270 principale
3375 2199 3458 2254 vi-

1866 2295 1999 2349 tium
2026 2294 2276 2359 avaritia,
2303 2309 2402 2364 per
2424 2310 2588 2364 quam
2617 2295 2702 2348 vir
2743 2309 2942 2349 avarus
2993 2291 3204 2348 inferno
3261 2291 3457 2347 similis

1865 2393 1966 2440 est.
2023 2384 2203 2439 Avaro
2247 2385 2365 2438 viro
2394 2371 2527 2438 nihil
2558 2383 2860 2439 scelesti-is.
2917 2382 3046 2438 Hzec
3088 2381 3456 2453 eleemosyna-

1866 2492 1989 2531 rum
2026 2485 2111 2531 est
2137 2476 2388 2546 largitate
2420 2476 2691 2540 sananda;
2723 2475 2850 2544 quia
2873 2474 3013 2528 sicut
3031 2472 3258 2526 avaritia
3289 2473 3342 2526 in
3378 2473 3435 2526 in

1867 2565 2079 2622 fernum
2107 2567 2324 2635 mergit,
2371 2565 2446 2619 ita
2475 2565 2698 2635 largitas
2737 2565 2791 2618 in
2833 2564 3030 2618 caelum
3064 2563 3278 2618 elevare
3320 2577 3453 2616 con~

1867 2665 2061 2716 suevit.
2091 2660 2349 2726 Quintum
2379 2659 2679 2729 principale
2703 2657 2897 2712 vitium
2920 2670 3058 2710 vana
3090 2655 3281 2726 gloria.
3329 2653 3456 2708 Haec

1865 2755 2012 2811 omni
2038 2753 2181 2809 bono
2203 2768 2369 2824 opere
2395 2761 2546 2808 caret
2571 2768 2585 2816 ;
2633 2751 2760 2822 quia
2787 2751 2928 2805 sicut
2953 2749 3090 2820 lapis
3121 2748 3322 2803 missus
3345 2761 3454 2801 non

1863 2847 2115 2920 pervenit
2167 2846 2236 2901 ad
2291 2843 2525 2910 coelum,
2571 2844 2652 2899 sic
2699 2844 2874 2898 oratio
2919 2858 3042 2896 cum
3095 2856 3235 2896 vana
3281 2838 3454 2912 gloria

1865 2954 1971 2994 non
2002 2936 2250 3008 pervenit
2279 2935 2346 2990 ad
2383 2935 2572 2990 Deum.
2629 2933 2756 2988 Haec
2785 2932 3071 2988 dilectione
3116 2930 3212 2987 Dei
3259 2944 3456 2985 sanan-

1866 3028 1954 3084 da.
1997 3027 2224 3083 Sextum
2253 3025 2552 3096 principale
2606 3024 2801 3079 vitium
2848 3022 3073 3088 invidia,
3113 3023 3180 3078 de
3232 3035 3335 3091 qua
3377 3019 3457 3074 ait

1866 3119 2126 3176 Salomon
2173 3138 2186 3174 :
2233 3119 2446 3174 Invidia
2495 3116 2692 3172 diaboli
2740 3133 2882 3171 mors
2931 3115 3145 3170 intravit
3178 3113 3233 3168 in
3277 3112 3454 3166 orbem

1867 3221 2154 3266 terrarum.
2216 3209 2345 3265 Hzcc
2394 3209 2662 3265 charitate
2713 3207 2973 3263 sananda.
3033 3205 3288 3261 Charitas
3344 3219 3456 3258 non

1863 3302 2171 3367 aemulatur,
2187 3301 2368 3356 omnia
2383 3299 2590 3356 suffert.
2622 3298 2921 3369 Septimum
2943 3295 3243 3370 principale
3262 3294 3452 3348 vitium

1865 3397 1965 3464 ira,
1990 3397 2056 3452 de
2084 3410 2192 3466 qua
2214 3393 2466 3450 Christus
2491 3394 2568 3447 ait
2605 3410 2618 3445 :
2653 3390 2836 3446 Omnis
2871 3391 2961 3462 qui
3010 3389 3261 3442 irascitur
3295 3385 3455 3456 fratri

1864 3503 1981 3550 suo,
2019 3502 2138 3540 reus
2167 3487 2265 3539 erit
2295 3484 2535 3538 concilio.
2581 3484 2648 3537 Et
2678 3482 2878 3538 Paulus
2911 3501 2924 3535 :
2969 3479 3062 3536 Sol
3101 3496 3204 3533 non
3253 3477 3458 3533 occidat

1863 3594 2021 3647 super
2040 3577 2370 3630 iracundiam
2395 3584 2636 3628 vestram.
2674 3572 2852 3626 Nolite
2880 3571 3051 3625 locum
3073 3569 3200 3623 dare
3220 3567 3455 3623 diabolo.

1866 3670 1934 3724 Et
1963 3670 2158 3723 iterum
2184 3685 2197 3720 :
2231 3667 2355 3720 Non
2381 3683 2467 3720 vos
2491 3665 2840 3734 defendentes,
2864 3663 2953 3716 sed
2980 3661 3101 3715 date
3131 3660 3301 3714 locum
3338 3661 3454 3714 irw.

1868 3765 1996 3819 Haec
2024 3761 2283 3834 patientia
2323 3761 2562 3816 sananda
2589 3778 2602 3813 :
2636 3759 2788 3815 Beati
2810 3758 3041 3830 paciﬁci,
3067 3758 3142 3812 ait
3170 3755 3456 3819 Dominus,

1865 3856 2116 3927 quoniam
2159 3853 2260 3922 ﬁlii
2303 3852 2402 3906 Dei
2453 3852 2793 3906 vocabuntur.
2831 3849 2898 3905 Et
2941 3850 3135 3904 iterum
3181 3866 3194 3902 :
3242 3846 3458 3917 Diligite

1865 3948 2103 4001 inimicos
2129 3955 2348 4009 vestros,
2373 3943 2655 4014 benefacite
2683 3943 2763 3997 his
2799 3942 2890 4015 qui
2941 3959 3027 3997 vos
3075 3949 3457 4012 persequuntur

1864 4048 1912 4094 et
1941 4036 2382 4093 calumniantibus
2407 4035 2566 4090 vobis.
2593 4035 2661 4090 Et
2687 4033 2814 4089 alibi
2841 4052 2854 4088 :
2893 4033 2960 4087 In
2999 4032 3254 4103 patientia
3286 4039 3456 4084 vestra

1864 4129 2190 4201 possidebitis
2226 4129 2430 4182 animas
2453 4137 2668 4182 vestras.
2689 4125 2806 4181 Non
2831 4126 3008 4195 ipsum
3037 4132 3215 4178 autem
3238 4121 3457 4190 proprie

1868 4222 2084 4276 tristitia
2112 4219 2384 4290 quodira.
2412 4218 2658 4273 Tristitia
2687 4219 2755 4271 ad
2785 4215 3029 4272 acediam
3061 4214 3317 4284 pertinet,
3350 4213 3451 4266 tri-

1867 4313 2015 4367 stitia
2036 4311 2220 4366 saeculi
2245 4318 2470 4380 generat
2495 4320 2748 4363 mortem.
2771 4307 3015 4362 Tristitia
3041 4305 3182 4360 mala
3206 4305 3458 4373 despera-

1867 4406 2071 4460 tionem
2106 4410 2366 4474 operatur
2389 4411 2442 4456 ct
2471 4399 2881 4456 instabilitatem
2909 4398 3176 4453 locorum.
3221 4395 3373 4453 Unde
3401 4404 3460 4453 et

1869 4496 2153 4552 acediosus
2177 4494 2375 4548 dicitur
2395 4492 2587 4547 tristis.
2617 4489 2860 4561 Apbstoli
2900 4487 3027 4543 irati
3064 4502 3172 4543 non
3209 4485 3450 4553 fuerunt,

1870 4587 2055 4643 tristes
2077 4594 2256 4640 autem
2295 4584 2534 4638 fuerunt.
2582 4581 2823 4637 Tristitia
2868 4595 3055 4636 eorum
3077 4593 3233 4635 versa
3267 4586 3352 4634 est
3401 4578 3458 4634 in

1869 4677 2143 4748 gaudium.
2191 4676 2259 4730 Et
2298 4675 2520 4730 tristitia
2565 4673 2679 4729 sive
2706 4671 2914 4739 acedia,
2965 4686 3086 4742 qua:
3133 4677 3217 4725 est
3263 4669 3455 4726 vitium

1869 4769 2260 4838 supradictum,
2304 4767 2501 4837 gaudio
2549 4763 2819 4835 spirituali
2875 4763 3136 4819 sananda.
3191 4761 3455 4818 Octavum

1865 4857 2164 4929 principale
2195 4857 2386 4911 vitium
2440 4855 2714 4925 superbia,
2763 4855 2829 4909 de
2872 4869 2978 4924 qua
3025 4850 3272 4907 Christus
3324 4853 3399 4906 ait
3440 4869 3454 4904 :

1869 4949 2054 5003 Omnis
2082 4948 2171 5018 qui
2207 4963 2262 5001 se
2284 4944 2588 5000 exultaverit
2634 4943 3018 4998 humiliabitur.
3057 4943 3126 4998 Et
3152 4941 3408 4997 Salomon
3438 4981 3450 4994 .

1869 5039 1971 5095 Ubi
2011 5040 2170 5110 fuerit
2213 5037 2478 5108 superbia,
2511 5036 2581 5091 ibi
2615 5038 2710 5090 erit
2751 5035 3091 5091 contumelia.
3128 5034 3287 5089 Jesus
3314 5032 3456 5087 ﬁlius

1866 5131 2074 5204 Syrach
2105 5150 2117 5184 :
2150 5128 2373 5182 0dibilis
2399 5145 2578 5182 coram
2617 5127 2729 5182 Deo
2771 5137 2818 5182 et
2848 5127 3142 5183 hominibus
3187 5121 3451 5194 superbia.

1863 5221 2196 5293 Augustinus
2226 5236 2239 5274 :
2274 5237 2293 5270 ι
2336 5218 2474 5285 Quid
2506 5227 2655 5273 tanta
2684 5218 2737 5272 in
2764 5232 2864 5272 nos
2883 5215 3132 5287 superbia
3153 5253 3167 5276 ,
3198 5227 3317 5280 quae
3360 5226 3457 5264 an-

1865 5314 2013 5385 gelos
2041 5311 2294 5382 decepit?
2328 5309 2545 5378 Quanto
2581 5311 2756 5381 magis
2783 5309 3032 5362 homines
3076 5317 3259 5358 secum
3306 5317 3453 5358 mer-

1865 5419 1990 5476 gere
2018 5402 2202 5474 cupit?
2240 5421 2257 5453 |
2293 5401 2419 5457 lnde
2445 5400 2622 5471 angeli
2657 5398 2786 5452 facti
2823 5404 2948 5450 sunt
2983 5393 3274 5448 daemones.
3304 5393 3456 5449 Sicut

1870 5494 2121 5567 superbia
2146 5493 2298 5564 origo
2319 5491 2561 5547 omnium
2592 5488 2906 5549 criminum,
2929 5483 3007 5539 sic
3036 5481 3190 5537 ruina
3213 5485 3455 5540 omnium
3505 5550 3515 5560 _

1873 5585 2151 5642 virtutum.
2184 5585 2418 5640 Sanctus
2461 5577 2754 5649 Gregorius
2783 5575 2900 5630 ait:
2940 5595 2958 5627 ‹
2997 5575 3229 5632 Fructus
3269 5586 3455 5650 putre-

1871 5680 2048 5736 factus
2083 5677 2293 5734 inutilis
2330 5671 2602 5744 agricolis,
2649 5678 2704 5724 et
2735 5667 2944 5724 fructus
2983 5671 3202 5740 superbi
3248 5670 3455 5732 inutilis

1874 5773 2121 5828 Domino.
2158 5790 2178 5824 ι
2210 5769 2364 5824 Sicut
2397 5765 2610 5837 pondus
2651 5762 2925 5821 fructuum
2973 5763 3177 5835 frangit
3221 5779 3454 5827 ramum,

1874 5868 1954 5923 sic
1997 5865 2248 5935 superbia
2291 5863 2540 5919 decorem
2584 5859 2780 5916 evertit
2821 5860 3163 5937 animarum.
3188 5856 3454 5928 Superbia
