4046 6486
625 473 732 532 219

1628 461 2022 523 THEODULFI
2055 459 2612 518 AURELIANENSIS
2646 461 2859 520 EPISC.

3794 465 3891 529 290

626 593 876 663 deposuit
894 584 1277 658 archangelum
1308 592 1363 641 et
1387 590 1641 654 tanquam
1675 583 1857 656 fulgur
1899 582 2028 638 fecit
2067 580 2213 637 deci-
2239 581 2292 639 Α
2315 576 2584 648 negligere
2611 574 2937 631 sacriﬁcium
2971 580 3032 631 ut
3071 587 3180 631 non
3227 571 3394 632 faciat
3437 591 3562 635 cum
3611 579 3888 656 diligentia

627 683 756 752 dere
778 681 832 741 in
855 680 1084 748 lapsum.
1113 677 1239 740 Haec
1287 676 1593 732 humilitate
1638 675 1898 741 sananda,
1950 677 2076 746 quia
2114 675 2211 730 hu-

619 773 856 832 militate
895 770 1141 835 homines
1165 767 1369 840 angelis
1407 769 1775 840 adsequantur.

693 861 821 916 Haec
847 870 970 922 octo
991 859 1310 932 principalia
1331 858 1461 913 vitia
1487 866 1543 914 et
1572 857 1674 913 illae
1693 872 1813 927 quae
1839 855 1904 911 de
1932 856 2208 913 radicibus

620 949 837 1010 illorum
866 951 1117 1018 oriuntur
1168 951 1271 1006 nisi
1319 950 1660 1005 mundaverit
1691 950 1814 1020 quis
1837 948 1925 1008 hic
1959 963 2057 1020 per
2081 965 2208 1005 con-

621 1045 910 1103 fessionem
954 1054 1008 1100 et
1047 1046 1440 1118 paenitentiam,
1472 1061 1578 1101 non
1609 1050 1834 1116 possunt
1867 1043 2113 1098 mundari
2149 1043 2205 1098 in

622 1139 709 1195 die
730 1139 941 1210 judicii,
967 1139 1060 1202 sed
1087 1137 1355 1202 deducunt
1382 1138 1626 1194 homines
1655 1136 1709 1190 in
1738 1135 2029 1191 infernum.
2065 1135 2206 1203 Quid

617 1233 891 1289 erubescit
941 1233 1102 1298 homo
1133 1232 1399 1298 conﬁteri,
1431 1233 1520 1303 qui
1567 1232 1803 1303 peccatis
1846 1246 1952 1286 non
1987 1230 2205 1286 erubuit

617 1316 993 1394 coinquinari?
1017 1323 1337 1387 Conmendo
1367 1323 1589 1378 diluitur
1611 1324 1752 1394 quod
1779 1324 2052 1394 peccando
2075 1339 2204 1378 con-

617 1413 873 1476 trahitur.
921 1413 1199 1486 Quomodo
1249 1423 1430 1484 potest
1467 1415 1708 1469 medicus
1763 1415 1957 1471 vulnus
2007 1428 2202 1471 sanare

614 1505 758 1575 quod
785 1513 1018 1577 aegrotus
1041 1505 1323 1570 erubescit
1375 1506 1695 1562 ostendere?
1725 1507 1982 1578 AEgrotus
2009 1524 2202 1580 pecca-

613 1601 718 1662 tor,
744 1596 996 1652 sacerdos
1025 1597 1239 1667 sapiens
1266 1598 1525 1652 medicus.

683 1684 783 1753 Qui
808 1695 988 1742 autem
1013 1689 1318 1752 conﬁtetur,
1344 1687 1525 1744 ﬂectat
1551 1704 1721 1760 genua
1771 1706 1894 1745 cum
1922 1693 2202 1749 sacerdote

609 1791 795 1832 coram
826 1778 953 1843 Deo,
982 1787 1037 1834 et
1070 1788 1196 1834 tunc
1230 1779 1553 1836 conﬁteatur
1582 1781 1840 1852 quidquid
1868 1798 1898 1836 a
1917 1780 2202 1851 juventute

608 1869 884 1924 recordari
919 1879 1100 1939 potest
1123 1887 1189 1926 ex
1218 1873 1467 1928 omnibus
1495 1875 1670 1930 modis
1699 1891 1820 1944 qua:
1845 1877 2029 1945 gessit.
2056 1877 2125 1930 Et
2153 1877 2199 1932 si

2309 682 2414 737 qua
2444 667 2622 732 debet,
2651 669 2836 723 bibere
2871 667 3198 724 maleﬁcium
3241 669 3326 724 vel
3353 671 3688 730 immundam
3736 693 3853 734 rem
3874 721 3888 749 ,

2307 774 2501 814 usuras
2527 760 2656 815 dare
2673 800 2689 826 ,
2727 775 2816 815 res
2838 760 3042 818 alienas
3075 760 3263 817 toilere
3290 777 3507 834 parvas,
3553 767 3889 840 sacrilegium

2307 853 2489 911 facere
2533 856 2588 910 in
2639 857 2824 925 parvis
2858 857 3040 924 rebus,
3079 857 3134 912 id
3169 866 3257 915 est
3281 899 3298 926 ,
3335 858 3405 914 de
3433 859 3678 918 Ecclesia
3723 863 3889 922 furari

2307 946 2532 1017 aliquid,
2552 947 2836 1016 pecuniam
2858 947 3283 1005 ecclesiasticam
3307 951 3481 1007 furari
3509 952 3593 1008 vel
3615 951 3887 1023 fraudare,

2306 1040 2522 1094 domum
2544 1053 2789 1094 cremare
2812 1038 2929 1094 sine
2969 1040 3167 1095 damno
3208 1058 3424 1114 magno,
3452 1043 3588 1100 alios
3607 1059 3778 1102 eausa
3812 1047 3890 1103 lae-

2303 1131 2440 1186 titiae
2461 1132 2752 1199 inebriare,
2776 1134 3060 1194 morticina
3088 1135 3435 1201 manducare,
3477 1137 3532 1194 id
3565 1147 3674 1205 est,
3695 1142 3886 1196 morti-

2305 1223 2524 1280 ﬂcatum
2550 1225 2788 1291 abestia,
2808 1224 2892 1281 vel
2907 1226 3118 1292 avibus,
3143 1226 3225 1282 vel
3255 1227 3320 1283 de
3345 1229 3536 1296 morbo
3556 1239 3796 1286 mortua.
3819 1231 3886 1286 De

2304 1315 2390 1370 his
2417 1324 2472 1371 et
2494 1315 2693 1372 talibus
2716 1314 2980 1383 ejusmodi
3007 1317 3274 1374 similibus
3317 1319 3605 1390 episcopus
3649 1336 3726 1378 vn
3751 1322 3882 1379 beb-

2303 1407 2560 1466 domadas
2603 1408 2901 1478 poeniteat,
2953 1408 3239 1480 presbyter
3291 1411 3530 1480 quinque
3555 1453 3570 1478 ,
3627 1411 3886 1471 diaconus

2301 1509 2556 1570 quatuor,
2576 1501 2940 1556 subdiaconus
2956 1510 3089 1567 tres,
3103 1501 3333 1558 clericus
3346 1502 3501 1568 duas,
3515 1503 3690 1560 laicus
3703 1521 3883 1562 unam.

2302 1593 2363 1650 Si
2391 1595 2444 1649 in
2475 1593 2665 1663 majori
2689 1595 2916 1650 crimine
2946 1596 3001 1650 in
3031 1595 3162 1665 ipsis
3192 1595 3356 1650 rebus
3379 1595 3466 1650 vel
3507 1595 3631 1652 aliis
3677 1597 3884 1653 inveni-

2304 1695 2411 1754 tur,
2443 1687 2738 1744 secundum
2781 1687 3051 1742 levitatem
3083 1686 3167 1741 vel
3212 1686 3629 1745 aestimationem
3678 1689 3883 1758 peccati

2303 1779 2495 1834 modus
2527 1779 2860 1850 pmnitentiae
2894 1779 2980 1836 vel
3034 1779 3383 1848 ampliabitur
3404 1779 3492 1835 vel
3543 1780 3881 1853 levigabitur.

2305 1870 2468 1927 0dire
2502 1885 2634 1926 vero
2661 1869 2884 1928 fratrem
2910 1913 2926 1937 ,
2973 1873 3028 1926 in
3060 1887 3168 1942 quo
3215 1873 3340 1929 odio
3386 1881 3594 1943 quanto
3643 1881 3883 1945 tempore

607 1959 696 2015 ille
727 1969 835 2014 tota
862 1959 1099 2016 facinora
1128 1977 1225 2016 sua
1249 1965 1520 2018 recordari
1548 1981 1652 2018 non
1681 1966 1874 2034 possit,
1893 1975 1985 2020 aut
2014 1967 2058 2022 si
2083 1965 2194 2023 for-
2225 1946 2274 2004 Β
2303 1965 2488 2028 fuerit,
2517 1971 2666 2018 tanto
2691 1965 2864 2034 spatio
2891 1965 2944 2020 in
2981 1980 3122 2035 pane
3163 1973 3218 2021 et
3243 1981 3382 2036 aqua
3414 1966 3580 2021 vivat.

606 2049 748 2105 sitan
796 2051 1109 2118 erubescit,
1170 2055 1421 2109 sacerdos
1470 2055 1628 2111 debet
1683 2073 1806 2112 eum
1857 2057 2196 2129 interrogare

603 2141 862 2212 qnidquid
884 2143 938 2197 in
959 2144 1318 2214 pmnitentiali
1359 2147 1711 2202 constitutum
1743 2158 1844 2215 est,
1880 2149 1924 2203 si
1965 2149 2018 2203 in
2061 2151 2190 2204 illud

603 2232 689 2286 vel
727 2233 782 2288 in
823 2233 969 2289 aliud
1026 2237 1230 2306 crimen
1258 2239 1469 2294 cecidit.
1510 2239 1614 2295 Sed
1648 2249 1824 2298 tamen
1875 2259 1980 2297 non
2009 2244 2188 2297 onmia

605 2323 838 2388 crimina
869 2324 1028 2382 debet
1059 2328 1108 2383 ei
1152 2328 1509 2396 innotescere,
1535 2332 1658 2402 quia
1686 2332 1854 2387 multa
1884 2334 2010 2388 vitia
2056 2336 2193 2389 reci-

604 2426 789 2476 tantur
811 2420 864 2476 in
887 2423 1246 2492 poenitentiali
1275 2439 1395 2494 qua:
1416 2441 1521 2480 non
1549 2427 1706 2481 decet
1725 2427 1998 2481 hominem
2026 2428 2186 2484 scire.

601 2509 725 2565 [deo
753 2525 863 2576 non
890 2511 1050 2568 debet
1086 2527 1209 2578 eum
1263 2515 1516 2570 sacerdos
1545 2515 1612 2571 de
1655 2516 1906 2572 omnibus
1957 2519 2193 2575 interro-

599 2615 760 2671 gare;
791 2617 860 2657 ne
899 2601 1040 2666 forte
1089 2619 1212 2660 cum
1237 2606 1306 2660 ab
1336 2605 1429 2662 illo
1456 2609 1758 2674 recesserit,
1791 2610 2052 2666 suadente
2076 2612 2191 2666 dia-

601 2690 722 2747 bolo
751 2694 804 2747 in
840 2693 1055 2764 aliquod
1089 2695 1296 2751 crimen
1339 2698 1405 2753 de
1449 2698 1534 2754 his
1563 2714 1683 2769 quae
1739 2709 1866 2755 ante
1913 2703 2191 2758 nesciebat

598 2783 777 2837 cadat.
809 2784 878 2838 Et
927 2796 1213 2858 postquam
1256 2791 1436 2844 omnia
1487 2800 1709 2860 peccata
1766 2808 1864 2849 sua
1909 2792 2188 2852 confessus

601 2873 972 2944 fuerit,.factat
996 2877 1047 2932 ei
1079 2875 1398 2950 Symbolum
1439 2880 1622 2937 dicere
1649 2891 1704 2938 et
1733 2883 1985 2940 omnibus
2009 2886 2101 2955 qui
2132 2886 2184 2940 in

599 2979 657 3020 se
682 2977 1047 3035 peccaverunt
1070 2969 1343 3028 dimittere
1388 2979 1444 3026 et
1485 2973 1920 3030 emendationem
1961 2979 2186 3046 promit-

2369 2056 2706 2112 Admonendi
2733 2057 2895 2112 etiam
2922 2065 3050 2112 sunt
3075 2058 3389 2114 sacerdotes
3427 2060 3494 2116 de
3523 2059 3782 2116 unctione
3811 2059 3884 2116 in-

2298 2147 2578 2203 ﬁrmorum
2608 2159 2666 2203 et
2689 2149 3004 2219 poenitentia
3035 2157 3093 2204 et
3130 2150 3328 2205 viatico
3352 2191 3368 2216 ,
3421 2164 3491 2206 ne
3518 2151 3716 2220 aliquis
3768 2151 3883 2206 sine

2300 2238 2498 2294 viatico
2523 2239 2807 2294 moriatur.
2838 2239 2943 2294 Sed
2990 2241 3111 2295 etsi
3156 2241 3278 2311 quis
3305 2241 3679 2312 pmnitentiant
3714 2241 3768 2295 in
3802 2241 3880 2296 in-

2298 2331 2555 2388 ﬁrmitate
2592 2333 2806 2404 quaerit,
2831 2333 2957 2388 dum
3001 2334 3253 2389 sacerdos
3282 2334 3350 2387 ad
3381 2347 3503 2388 eum
3534 2334 3790 2399 venerit,
3843 2335 3882 2390 si
3976 2383 3981 2388 .

2295 2427 2581 2498 contigerit
2607 2442 2727 2483 eum
2754 2425 2929 2482 oﬁicio
2957 2426 3154 2496 linguae
3173 2426 3398 2496 privari,
3424 2426 3777 2482 constitutum
3802 2436 3882 2482 est

2293 2528 2356 2574 ut
2380 2519 2557 2574 idonei
2588 2519 2690 2575 viri
2721 2519 2797 2574 illi
2827 2519 2919 2588 qui
2945 2535 3067 2576 cum
3119 2519 3187 2573 ab
3235 2533 3299 2574 eo
3352 2519 3504 2574 initio
3539 2519 3876 2575 inﬁrmitatis

2294 2610 2513 2667 fuerunt
2539 2627 2665 2666 vera
2697 2612 3002 2667 testimonia
3031 2611 3215 2668 dicant
3239 2628 3359 2683 quae
3385 2613 3450 2668 ab
3473 2612 3563 2667 illo
3592 2613 3880 2669 audierunt

2294 2702 2421 2757 dum
2458 2701 2604 2771 loqui
2629 2709 2864 2772 poterat,
2894 2703 3008 2757 sive
3029 2701 3096 2755 de
3117 2703 3458 2772 pmnitentia,
3488 2703 3602 2758 sive
3624 2704 3689 2759 de
3711 2703 3877 2760 barba

2293 2793 2582 2857 tondenda,
2605 2793 2718 2848 sive
2744 2793 2809 2848 de
2829 2793 3172 2848 monachatu.
3206 2793 3273 2848 Et
3299 2801 3426 2848 tunc
3450 2794 3704 2849 sacerdos
3731 2809 3878 2849 com-

2293 2883 2530 2938 monitus
2559 2882 2790 2938 oﬁicium
2825 2885 2969 2940 circa
2998 2898 3120 2938 eum
3160 2884 3451 2954 adimpleat
3476 2924 3492 2951 ,
3550 2894 3606 2940 et
3659 2883 3877 2953 ﬁdejus-

2291 2976 2504 3031 soribus
2525 2975 2642 3046 ejus
2671 2976 3045 3046 paenitentiam
3069 2975 3186 3046 ejus
3213 2990 3310 3046 pro
3338 2991 3403 3031 eo
3426 2976 3692 3046 imponat,
3714 2984 3773 3031 et
3802 2976 3876 3032 illi

597 3067 714 3116 tere
739 3059 868 3126 Deo,
893 3076 996 3125 nec
1037 3062 1240 3128 iterum
1295 3065 1364 3121 ad
1417 3065 1505 3121 illa
1544 3075 1764 3138 peccata
1800 3069 2002 3124 redeat.
2049 3069 2182 3126 Cum
2285 3083 2388 3139 pro
2408 3084 2474 3123 eo
2503 3066 2851 3140 adimpleant.

595 3152 712 3208 haec
739 3153 922 3210 omnia
947 3152 1141 3209 fecerit
1167 3195 1182 3222 ,
1229 3157 1594 3214 considerabit
1615 3162 1870 3216 sacerdos
1915 3162 2186 3234 magnitu-

2361 3159 2656 3231 Episcopus
2704 3172 2834 3213 vero
2881 3157 2924 3212 si
2973 3157 3044 3212 ita
3091 3156 3252 3213 fuerit
3284 3156 3587 3212 inﬁrmatus
3631 3164 3694 3213 ut
3744 3170 3876 3212 eum

596 3243 780 3300 dinem
806 3245 1107 3316 culparum,
1130 3255 1184 3303 et
1205 3247 1359 3318 juxta
1389 3252 1608 3307 modum
1635 3254 1876 3324 imponat
1899 3255 1948 3310 ei
1972 3263 2183 3328 tempus
2210 3305 2252 3328 η
2287 3252 2415 3321 ungi
2448 3251 2627 3316 liceat,
2645 3259 2699 3303 et
2729 3249 2868 3313 alter
2896 3251 3181 3320 episcopus
3207 3264 3314 3304 non
3342 3249 3413 3304 sit
3435 3262 3672 3318 pmsens
3703 3248 3797 3318 qui
3829 3248 3877 3302 ei

597 3335 952 3422 poenitentia}.
985 3337 1186 3395 Deinde
1233 3356 1396 3413 super
1419 3357 1542 3398 eum
1572 3353 1777 3416 septem
1806 3348 2041 3420 psalmos
2071 3366 2183 3425 poe-
2209 3335 2254 3369 “
2285 3343 2523 3399 ofﬁcium
2559 3342 2851 3412 adimpleat
2878 3342 3147 3396 unctionis
3171 3381 3186 3406 ,
3234 3339 3550 3410 presbytero
3575 3339 3702 3394 licet
3748 3352 3875 3393 eum

595 3428 906 3487 nitentiales
928 3445 1053 3488 cum
1079 3434 1413 3492 orationibus
1453 3452 1574 3507 qua:
1601 3448 1727 3494 sunt
1769 3441 1824 3495 in
1872 3457 2180 3499 sacramen-

2300 3435 2556 3490 mctionis
2579 3432 2760 3488 ofﬁcio
2797 3447 3136 3488 consecrare.
3193 3429 3348 3484 Nulla
3399 3432 3543 3485 enim
3593 3431 3649 3484 in
3694 3430 3879 3499 primo

596 3523 735 3580 tario
760 3523 927 3595 dicat,
960 3535 1016 3587 et
1041 3527 1282 3586 absolvat
1309 3545 1434 3586 eum
1477 3532 1530 3586 in
1564 3548 1717 3603 pace.
2284 3534 2526 3596 tempore
2565 3525 2932 3595 praedictionis
2960 3521 3320 3593 apostolorum
3348 3521 3602 3575 distantia
3640 3519 3744 3575 fuit
3786 3521 3876 3575 in-

665 3613 956 3674 Sciendum
981 3626 1160 3680 autem
1187 3621 1330 3691 quod
1351 3621 1396 3677 si
1443 3623 1564 3694 quis
1589 3624 1964 3696 episcoporum
2000 3627 2055 3683 in
2085 3627 2181 3684 ali-
2281 3626 2366 3674 ter
2392 3619 2672 3689 episcopos
2701 3626 2757 3672 et
2779 3616 3155 3687 presbyteros;
3189 3629 3290 3668 nec
3329 3611 3503 3667 adhuc
3529 3620 3712 3679 esset,
3766 3613 3878 3668 nisi

592 3720 701 3776 quo
735 3708 802 3764 de
847 3716 970 3765 octo
991 3712 1384 3782 principalibus
1413 3714 1725 3784 inquinatus
1746 3718 1834 3783 sit,
1860 3721 2181 3788 quatuorde-
2281 3725 2444 3766 causa
2483 3708 2835 3764 dissensionis
2870 3705 3250 3761 haereticorum
3271 3703 3484 3758 diversa
3509 3701 3780 3758 docebant
3821 3710 3877 3758 et

601 3798 709 3853 cim
733 3801 887 3857 annis
910 3803 1191 3873 pteniteat,
1243 3808 1526 3878 presbyter
1550 3807 1833 3864 duodecim
1852 3849 1867 3876 ,
1920 3809 2177 3867 diaconus

2300 3801 2554 3856 :ontraria
2581 3799 2684 3854 sibi
2707 3797 2861 3853 multi
2892 3795 3215 3867 presbyteri.

593 3895 739 3954 octo,
763 3889 993 3946 clericus
1021 3907 1132 3957 sex,
1159 3893 1329 3950 laicus
1363 3905 1612 3964 quatuor.
2350 3891 2610 3945 Primitus
2637 3897 2817 3944 autem
2845 3889 3062 3942 inﬁrmo
3085 3885 3403 3957 paenitentia
3435 3883 3865 3951 dctum-Deinde,

663 3978 855 4036 Mulier
875 3995 994 4051 quae
1026 3993 1242 4057 partum
1267 4001 1426 4042 suum
1473 3996 1654 4055 necat,
1687 4005 1778 4044 xw
1799 3989 1956 4046 annis
2002 3995 2179 4064 pugni-
2277 3983 2324 4040 si
2360 3979 2671 4053 permiserit
2700 3979 3009 4043 inﬁrmitas,
3038 3976 3222 4031 abluto
3257 3989 3502 4046 corpore,
3531 3973 3668 4029 albis
3700 3977 3875 4030 vesti-

594 4077 723 4132 teat.
765 4069 822 4128 Si
855 4071 1023 4140 ﬁlium
1069 4090 1223 4138 suum
1253 4076 1543 4143 occiderit,
1588 4095 1659 4134 xv
1683 4081 1843 4137 annis
1887 4084 2172 4153 pceniteat.
2275 4075 2378 4131 bus
2409 4073 2684 4135 induatur,
2712 4080 2768 4126 et
2816 4070 2868 4123 in
2895 4069 3184 4124 ecclesiam
3229 4067 3564 4138 deportetur,
3587 4075 3643 4121 et
3681 4066 3875 4138 jaceat

593 4163 651 4220 Si
676 4164 730 4220 in
756 4173 911 4222 utero
925 4177 1050 4223 ante
1075 4177 1293 4238 partum
1313 4169 1590 4236 occiderit,
1617 4187 1691 4227 vn
1714 4173 1871 4229 annis
1891 4176 2171 4246 pmniteat,
2276 4167 2329 4222 in
2361 4165 2538 4221 cilicio
2566 4162 2866 4236 superjecto
2892 4163 3093 4218 cinere.
3123 4160 3377 4217 Portetur
3399 4159 3473 4216 ibi
3496 4175 3629 4216 crux
3643 4168 3700 4215 et
3718 4175 3868 4230 aqua

593 4255 651 4312 Si
680 4256 858 4316 infans
907 4259 1025 4328 sine
1073 4261 1345 4332 baptismo
1377 4271 1622 4319 mortuus
1674 4261 1870 4331 fuerit,
1926 4276 2174 4336 parentes
2274 4263 2579 4328 benedicta,
2609 4269 2671 4316 ut
2702 4275 2824 4316 cum
2862 4259 3111 4314 venerint
3139 4257 3207 4312 ad
3251 4272 3378 4312 eum
3403 4297 3418 4323 ,
3447 4254 3701 4310 videlicet
3750 4263 3868 4310 tres

591 4347 709 4418 ejus
743 4365 944 4406 annum
983 4353 1255 4424 integrum
1298 4354 1623 4425 poeniteant,
1649 4363 1704 4413 et
1730 4372 2006 4428 nunquam
2058 4361 2174 4415 sine
2274 4354 2612 4428 presbyteri,
2661 4353 2846 4409 dicant
2872 4349 3163 4421 capitulum
3193 4367 3206 4403 :
3236 4345 3358 4402 Pax
3401 4347 3523 4402 huic
3576 4347 3762 4402 domui
3809 4355 3867 4402 et

595 4441 775 4512 aliqua
792 4444 1110 4515 pmnitentia
1133 4444 1283 4502 ﬁant.
2275 4448 2514 4503 omnibus
2542 4444 2895 4501 habitantibus
2937 4443 2994 4496 in
3043 4458 3126 4495 ea.
3181 4439 3300 4493 Pax
3340 4438 3761 4509 ingredientibus
3813 4448 3868 4493 et

657 4533 802 4600 Sunt
841 4537 1029 4609 aliqua
1051 4548 1275 4608 peccata
1304 4555 1444 4610 quae,
1474 4541 1617 4598 sicut
1641 4543 1878 4599 Isidorus
1904 4543 2005 4612 ait,
2051 4545 2174 4615 igne
2273 4539 2652 4610 egredientibus
2691 4537 2744 4591 in
2773 4535 2979 4590 nomine
3023 4532 3254 4588 Domini.
3292 4530 3495 4587 Deinde
3536 4529 3731 4586 fundat
3767 4547 3866 4586 sa-

591 4627 906 4698 P‘ll‘BalOrio
965 4631 1188 4702 purgari
1233 4640 1494 4702 possunt;
1535 4649 1654 4704 quae
1695 4644 1778 4690 est
1829 4633 2171 4708 superﬂuitas
2195 4669 2250 4729 Β
2275 4629 2466 4686 cerdos
2501 4629 2568 4685 de
2605 4627 2725 4684 oleo
2767 4635 2980 4684 sacrato
3027 4626 3081 4681 in
3112 4640 3306 4695 aquam
3325 4624 3696 4729 “benedictae:
3731 4666 3746 4690 ,
3809 4633 3869 4680 et

591 4717 953 4786 manducandi
980 4727 1040 4783 ,et
1065 4720 1312 4790 bibendi,
1360 4726 1643 4794 pausandi,
1671 4725 1942 4796 loquendi,
1973 4735 2027 4781 et
2062 4736 2172 4782 tar—
2195 4716 2244 4729 ”’
2275 4730 2494 4794 spargat
2516 4735 2638 4777 eam
2676 4721 2863 4776 dicens
2891 4719 3278 4790 antiphonam:
3317 4716 3562 4780 Benedic,
3597 4716 3861 4783 Domine,

590 4809 733 4866 ditas
758 4809 1003 4868 inﬁrmos
1023 4813 1295 4882 visitandi,
1325 4817 1393 4872 ad
1413 4818 1698 4874 ecclesiam
1731 4819 2004 4886 veniendi,
2036 4819 2174 4876 elee-
2271 4814 2484 4869 domum
2510 4813 2667 4867 istam
2689 4821 2736 4867 et
2767 4828 2942 4866 omnes
2959 4809 3256 4864 Ιιαὺίταηεεε
3281 4809 3337 4862 in
3371 4825 3433 4862 θα
3459 4825 3476 4874 ;
3505 4809 3758 4880 Quonim
3777 4819 3862 4874 ιιι,

591 4914 873 4972 mosynam
904 4902 1088 4970 dandi,
1118 4905 1199 4960 ira
1242 4908 1542 4976 repentina,
1568 4923 1687 4979 qua:
1729 4923 1836 4963 non
1862 4916 2074 4964 tenetur
2115 4911 2171 4964 in
2271 4905 2513 4969 Domine,
2543 4903 2726 4958 dixisti
2749 4916 2767 4954 :
2797 4899 2916 4956 Pax
2937 4901 3060 4955 huic
3089 4900 3291 4964 domui,
3315 4907 3423 4954 etc.
3454 4898 3710 4964 Benedic,
3753 4900 3865 4954 Do—

592 4995 773 5060 corde,
803 4994 1068 5064 ebrietas,
1120 4998 1166 5054 si
1201 5015 1311 5055 non
1357 4999 1682 5071 frequenter.
1727 4999 1862 5056 Nam
1916 5001 1997 5056 ira
2050 5019 2172 5073 qum
2269 4997 2428 5060 mine,
2456 4997 2690 5050 timentes
2711 5004 2780 5060 te,
2808 4992 3026 5064 pusillos
3073 5008 3190 5046 cum
3219 4991 3529 5062 majoribus.
3583 4989 3862 5047 Benedicti

591 5095 777 5142 manet
803 5086 857 5157 in
881 5089 1043 5144 corde
1064 5098 1120 5146 et
1152 5090 1336 5146 odium
1369 5101 1592 5163 generat
1619 5101 1675 5147 et
1701 5092 1972 5150 desiderat
1997 5093 2172 5148 vindi-
2271 5105 2359 5143 vos
2380 5105 2412 5142 o
2434 5087 2658 5141 Domino
2679 5126 2692 5151 ,
2733 5087 2824 5156 qui
2861 5083 2979 5154 fecit
3003 5082 3186 5137 caelum
3215 5091 3262 5137 et
3282 5090 3495 5138 terram.
3542 5082 3610 5137 Et
3656 5083 3860 5139 iterum

593 5185 757 5243 ctam,
796 5184 853 5234 et
880 5177 1022 5235 inter
1055 5181 1371 5251 principalia
1400 5192 1696 5254 reputatur.
2275 5177 2780 5246 dicatantiphonam
2804 5193 2817 5229 :
2845 5175 3095 5245 Asperges
3109 5173 3855 5244 me,Domine,hyssopo,etc.

662 5268 891 5336 Quidam
919 5269 1171 5328 dixerunt
1195 5273 1404 5328 minora
1429 5285 1650 5343 peccata
1677 5290 1796 5332 esse
1826 5275 2130 5348 hujusmodi
2151 5316 2166 5342 ,
2273 5267 2343 5323 Et
2365 5268 2491 5323 data
2519 5267 2764 5322 oratione
2792 5265 3030 5321 cinerem
3084 5272 3358 5321 sacratum
3392 5265 3637 5335 imponat
3688 5265 3858 5335 capiti

595 5359 649 5414 id
683 5368 766 5414 est
785 5376 1010 5431 parvum
1040 5362 1356 5434 perjurium,
1389 5364 1433 5419 si
1458 5380 1565 5421 non
1593 5364 1904 5436 frequenter
1925 5366 2164 5432 solitum,
2271 5367 2328 5415 et
2367 5358 2570 5431 pectori
2603 5356 2804 5413 inﬁrmi
2852 5357 2908 5412 in
2955 5357 3134 5412 crucis
3158 5358 3378 5412 modum
3402 5356 3625 5411 dicens:
3660 5353 3731 5409 In
3759 5373 3856 5410 su-

595 5447 876 5519 loquentes
935 5453 1075 5508 inter
1124 5451 1358 5522 jocando
1391 5454 1474 5509 vel
1528 5455 1814 5512 irascendo
1864 5471 2046 5528 parva:
2087 5456 2168 5512 rei
2272 5451 2400 5507 dore
2416 5449 2587 5506 vultus
2625 5450 2702 5503 tui
2730 5449 2948 5504 vesceris
2970 5466 3106 5520 pane
3153 5456 3242 5502 tuo
3267 5447 3431 5502 donec
3475 5446 3755 5501 revertaris
3795 5449 3855 5502 in

593 5536 818 5608 furtum,
844 5542 1047 5596 nubere
1071 5557 1193 5599 cum
1213 5559 1380 5601 uxore
1410 5559 1569 5616 quam
1595 5544 1830 5614 polluisti
1859 5546 1914 5600 in
1953 5560 2165 5612 somno,
2273 5555 2468 5601 terram
2510 5543 2575 5598 de
2598 5559 2702 5616 qua
2723 5551 2962 5614 sumptus
2984 5558 3056 5596 es.
3087 5538 3270 5595 Putris
3297 5555 3383 5606 es,
3414 5547 3464 5592 et
3492 5538 3549 5592 in
3583 5536 3858 5608 puluerem

591 5639 881 5702 percutere
911 5631 1183 5690 hominem
1213 5644 1272 5692 ut
1300 5639 1518 5709 sanguis
1541 5634 1688 5703 ﬂuat,
1718 5644 1970 5693 truncare
1997 5652 2172 5693 mem-
2272 5635 2560 5690 reverteris.
2607 5635 2809 5691 Deinde
2843 5633 3105 5705 incipiant
3134 5641 3341 5703 septem
3384 5629 3620 5702 psalmos
3675 5628 3858 5699 pinni-

591 5722 749 5778 brum
778 5720 1011 5778 hominis
1037 5731 1095 5790 ut
1127 5739 1233 5796 non
1272 5727 1555 5794 moriatur,
1588 5726 1734 5782 coire
1763 5741 1885 5781 cum
1915 5740 2085 5782 uxore
2112 5726 2166 5781 in
2271 5727 2516 5802 tentiales
2541 5743 2639 5799 pro
2676 5743 2759 5784 eo.
2791 5727 2880 5794 Et,
2910 5726 2953 5782 si
2983 5735 3179 5798 potest,
3215 5725 3460 5780 inﬁrmus
3488 5732 3595 5779 stet
3618 5723 3854 5794 genibus

595 5817 682 5872 die
714 5815 1015 5882 Dominico,
1033 5817 1115 5871 vel
1130 5818 1185 5872 in
1207 5821 1394 5877 diebus
1416 5822 1612 5892 quibus
1643 5837 1750 5876 non
1776 5819 1921 5887 licet,
1963 5820 2167 5877 violare
2268 5818 2418 5878 ﬂexis
2443 5830 2508 5885 et.
2531 5822 2706 5892 capite
2730 5819 2988 5890 inclinato
3026 5819 3140 5875 sive
3168 5819 3316 5874 omni
3341 5831 3568 5888 corpore
3597 5825 3852 5886 prostra-

597 5914 933 5961 mortuorum
977 5908 1224 5977 sepulcra
1257 5926 1417 5966 causa
1469 5915 1541 5968 ibi
1586 5912 1881 5969 fabricandi
1922 5912 2160 5982 domum,
2265 5920 2372 5970 tus.
2402 5911 2532 5971 Post
2556 5912 2803 5969 litanlam
2830 5911 2974 5968 dicta
3002 5910 3245 5968 oratione
3269 5909 3493 5981 incipiat
3529 5907 3852 5965 unctionem
