4046 6510
299 487 401 549 εει
1709 495 1904 553 CAPIT
1914 495 2159 552 ULARE.
3471 507 3579 566 2'22

299 611 622 669 Canentibus
647 612 859 668 caeteris
884 613 1117 685 psalmos
1139 623 1188 668 et
1213 615 1560 686 antiphonam
1587 632 1889 688 congruen-
1915 622 1966 679 Α
1998 636 2015 667 ‹
2046 617 2365 674 Amentibus
2391 634 2722 693 quaecunque
2745 628 2869 678 sunt
2893 618 3113 693 pietatis
3143 620 3513 682 conferantur.
3551 648 3571 682 ι

301 715 408 772 tes,
432 713 486 760 et
513 704 674 760 faciat
712 705 776 760 de
803 707 920 772 oleo
949 723 1110 778 super
1135 724 1254 762 eum
1285 709 1564 765 duodecim
1591 712 1738 781 signa
1771 726 1892 764 cru—
1990 707 2054 762 Et
2091 709 2192 764 rite
2230 710 2282 764 in
2320 711 2450 765 hora
2489 712 2614 784 quia
2664 713 2841 768 Subito
2878 715 3258 771 obmutescens
3308 718 3576 788 baptizari

309 794 403 859 :is,
434 796 537 849 hoc
568 803 680 850 est:
711 797 939 865 primum
974 797 1114 852 inter
1136 800 1384 868 scapulas
1400 815 1645 870 magnam
1673 816 1889 855 crucem
1990 808 2083 854 aut
2105 803 2481 871 paenitentiam
2511 804 2757 875 accipere
2783 812 2981 876 potest,
3027 805 3079 872 ,si
3107 806 3403 878 voluntatis
3432 825 3575 880 pra:-

298 885 554 954 usquead
580 885 774 940 collum
790 895 838 940 et
856 903 920 940 ex
938 896 1246 945 transverso
1273 905 1440 959 usque
1461 905 1621 960 super
1641 891 1888 961 scapulas
1989 891 2163 945 teritaa
2193 894 2501 949 testimonia
2535 895 2679 966 justa
2710 893 2929 950 fuerint.
2961 894 3052 952 Sic
3077 899 3312 968 quandiu
3340 901 3448 955 vita
3471 918 3570 972 ap-

297 989 426 1028 cum
465 975 728 1042 oratione,
758 977 950 1032 deinde
979 979 1030 1033 in
1074 980 1211 1034 collo
1255 997 1424 1052 usque
1470 981 1537 1036 ad
1586 983 1883 1050 cervicem;

298 1065 522 1119 tertiam
545 1082 707 1136 super
735 1077 896 1140 caput
927 1085 1097 1144 usque
1126 1071 1190 1141 ad
1218 1069 1452 1148 frontem
1492 1071 1546 1127 in
1576 1080 1884 1127 transverso

300 1159 372 1214 ab
396 1175 527 1215 aure
548 1177 719 1233 usque
740 1163 806 1217 ad
833 1178 1050 1230 aurem;
1077 1164 1267 1220 deinde
1295 1153 1544 1235 quartam
1560 1174 1612 1221 et
1640 1167 1882 1237 quintam

295 1250 356 1307 in
385 1252 524 1318 visu,
561 1251 665 1309 hoc
694 1262 796 1321 est,
823 1255 878 1310 in
921 1255 1223 1326 superciliis
1251 1256 1557 1324 oculorum;
1593 1266 1800 1312 sextam
1827 1257 1885 1314 in

293 1341 521 1410 olfactu,
550 1344 604 1398 id
628 1353 728 1410 est,
756 1345 810 1400 in
844 1361 974 1402 naso
996 1348 1108 1403 sive
1139 1349 1190 1402 in
1220 1348 1444 1403 naribus
1468 1365 1482 1377 ·
1513 1349 1797 1418 septimam
1826 1349 1884 1406 in

293 1445 478 1505 gustu,
513 1436 614 1492 hoc
637 1447 741 1504 est,
767 1439 821 1494 in
855 1439 1014 1495 labiis
1045 1459 1060 1507 ;
1092 1452 1341 1498 octavam
1365 1429 1419 1498 et
1449 1457 1644 1498 nonam
1666 1457 1884 1502 crucem

293 1525 351 1580 in
378 1527 588 1595 auditu,
615 1530 670 1585 id
697 1540 800 1597 est,
850 1533 905 1587 in
944 1534 1165 1589 auribus
1204 1534 1443 1601 deforis;
1502 1536 1768 1591 decimam
1827 1537 1883 1591 in

292 1627 540 1688 gutture,
567 1623 908 1678 undecimam
930 1625 984 1679 in
1026 1634 1264 1694 pectore,
1293 1626 1665 1684 duodecimam
1691 1637 1747 1684 et
1792 1629 1884 1686 de-

289 1710 492 1766 cimam
523 1714 738 1768 tertiam
767 1715 821 1769 in
862 1724 1030 1782 tactu,
1061 1717 1114 1772 id
1139 1725 1242 1784 est,
1268 1719 1322 1774 in
1373 1735 1696 1793 unaquaque
1719 1739 1882 1778 manu

288 1799 514 1870 deforis,
535 1803 772 1874 reliquas
795 1806 932 1872 duas
953 1807 1020 1862 τίη
1043 1809 1290 1878 pedibus.
1320 1811 1433 1868 Iloc
1453 1821 1632 1869 autem
1656 1830 1882 1882 numero

1987 989 2142 1052 paret
2169 981 2223 1036 in
2268 983 2504 1051 infirmo,
2537 985 2900 1040 commendari
2951 988 3199 1043 omnibus
3225 988 3420 1046 officiis
3463 992 3576 1064 pie-

1987 1073 2113 1126 tatis
2147 1073 2368 1142 poterit,
2397 1076 2609 1131 etiamsi
2652 1075 2960 1150 testimonia
3002 1077 3292 1136 voluntatis
3317 1080 3434 1152 ejus
3482 1082 3575 1137 dc-

1985 1160 2204 1218 fuerint.
2237 1164 2343 1220 Pro
2373 1164 2476 1222 fide
2518 1175 2698 1222 tamen
2739 1168 3037 1224 amicorum
3075 1170 3255 1224 omnia
3281 1171 3331 1226 ei
3373 1173 3568 1229 debent

1985 1254 2221 1325 impendi
2245 1265 2711 1312 sacramentorum
2737 1258 3024 1329 adjutoria,
3058 1261 3307 1330 exemplo
3335 1276 3570 1333 evange-

1985 1346 2114 1412 lico,
2145 1347 2235 1401 ubi
2274 1347 2432 1402 Jesus
2454 1363 2561 1403 non
2587 1350 2655 1405 ad
2677 1350 2958 1422 paralytici
2985 1351 3079 1407 sed
3119 1351 3187 1406 ad
3213 1351 3426 1408 illorum
3478 1353 3570 1423 qui

1983 1451 2104 1494 eum
2139 1440 2431 1510 portabant
2462 1440 2622 1496 [idem
2671 1443 2970 1513 respiciens
3019 1446 3131 1499 ait:
3169 1444 3359 1510 Homo,
3393 1447 3571 1501 dimit-

1984 1540 2167 1586 tuntur
2183 1534 2281 1587 tibi
2316 1543 2530 1604 peccata
2567 1544 2678 1589 tua.
2730 1535 2844 1591 Hoc
2883 1549 3065 1592 autem
3093 1539 3346 1594 omnibus
3394 1539 3558 1596 modi;

1982 1624 2262 1684 observari
2289 1632 2537 1696 oportet,
2591 1634 2652 1680 ut
2678 1635 2800 1697 post
2857 1635 3086 1682 mortem
3129 1630 3437 1684 communio
3473 1644 3569 1684 eu-

1982 1717 2253 1773 charistize
2298 1719 2353 1772 in
2404 1734 2467 1773 os
2502 1719 2781 1775 cadaveris
2821 1718 2973 1792 [non]
3027 1721 3350 1775 immittatur
3387 1721 3568 1791 aliquo

1979 1806 2180 1862 intuitu
2207 1807 2611 1874 misericordia,
2637 1809 2781 1878 quod
2796 1809 3094 1880 prohibent
3122 1810 3276 1865 valde
3305 1823 3561 1878 canones.

287 1892 647 1960 quindenario
674 1894 900 1953 facimus
921 1913 1110 1956 cruces
1145 1903 1210 1956 de
1237 1902 1355 1957 oleo
1377 1912 1564 1960 sancto
1587 1921 1752 1976 super
1773 1907 1870 1962 ho-
1902 1972 1941 1976 _
1983 1897 2109 1954 Sola
2153 1900 2466 1970 ρωηίιθηῑία
2498 1901 2566 1955 ab
2611 1901 2802 1956 amittis
2845 1916 2942 1970 pro
2973 1910 3187 1955 πηοτιυο
3220 1909 3397 1972 Ροῑθξιῐ
3444 1909 3569 1970 Ροδῐ

285 1981 492 2038 minem
543 1984 816 2042 infirmum
857 1997 1078 2060 propter
1126 1991 1406 2048 Trinitatis
1453 1972 1773 2068 mysterium
1821 2007 1877 2052 et
1900 1972 1950 2032 Β
1977 1999 2204 2046 mortem
2235 1989 2352 2059 ejus
2380 1991 2572 2062 accipi,
2601 1991 2645 2046 si
2676 1999 2824 2045 tanta
2850 1991 2904 2045 in
2931 1991 3011 2046 eis
3038 1991 3206 2045 fuerit
3230 1991 3490 2045 charitas.

285 2075 528 2146 quinque
550 2092 768 2137 sensum
804 2081 1273 2150 significationem.
1327 2086 1490 2142 Terni
1531 2089 1677 2144 enim
1721 2090 1879 2160 quin-

284 2167 444 2237 quies
490 2169 798 2238 quindecim
832 2173 1137 2242 perﬁciunt.
1179 2175 1248 2230 Et
1291 2177 1418 2246 quia
1478 2193 1576 2249 per
1615 2179 1878 2250 imparem

277 2274 572 2318 numerum
603 2264 798 2334 saepius
832 2267 1176 2324 sanctificare
1223 2269 1442 2324 solitum
1499 2279 1618 2338 est,
1655 2273 1876 2343 quidam

285 2350 478 2426 viginti
499 2367 692 2410 cruces
728 2353 908 2412 facere
933 2373 1096 2429 super
1120 2359 1396 2415 infirmum
1422 2361 1633 2429 volunt,
1655 2365 1875 2435 quidam

283 2461 357 2504 ex
391 2455 643 2519 quatuor,
676 2450 729 2505 id
762 2459 867 2516 est,
897 2461 1007 2508 tres
1056 2453 1199 2510 inter
1225 2455 1506 2526 scapulas,
1557 2464 1666 2512 tres
1713 2474 1878 2529 super

283 2540 555 2610 scapulas,
575 2549 688 2598 tres
716 2542 768 2597 in
792 2543 950 2610 collo,
973 2544 1028 2599 in
1049 2547 1278 2612 cervice,
1304 2548 1357 2601 in
1379 2548 1644 2616 cerebro;
1674 2557 1789 2605 tres
1819 2551 1874 2605 in

285 2629 470 2687 fronte
493 2641 544 2690 et
569 2635 897 2704 superciliis,
921 2645 1034 2692 tres
1059 2637 1110 2690 in
1139 2639 1362 2694 naribus
1385 2647 1440 2694 et
1462 2639 1641 2706 labiis,
1666 2642 1800 2695 duas
1821 2641 1875 2696 in

285 2723 530 2791 auribus,
560 2726 693 2780 duas
726 2727 778 2780 in
812 2737 1032 2796 gutture
1056 2736 1113 2783 et
1144 2738 1382 2800 pectore,
1413 2730 1549 2785 duas
1602 2731 1654 2786 in
1706 2733 1877 2787 mani-

283 2815 412 2883 bus,
437 2815 570 2874 duas
601 2819 654 2873 in
683 2819 924 2889 pedibus.
951 2820 1180 2888 Quidam
1228 2824 1296 2877 ad
1317 2824 1433 2884 lunt
1479 2825 1613 2880 duas
1656 2825 1710 2879 in
1741 2834 1877 2881 tem-

279 2907 542 2976 poribus,
572 2907 708 2964 duas
730 2909 782 2964 in
811 2911 1060 2966 manibus
1109 2912 1337 2968 interius
1385 2913 1604 2969 faciunt.
1643 2915 1872 2982 Quidam

283 2999 344 3058 in
369 3000 544 3058 fronte
567 3001 725 3058 ullius
772 3018 871 3058 nec
916 3003 970 3060 in
1013 3003 1261 3060 manibus
1303 3004 1600 3061 sacerdotis
1647 3007 1873 3064 interius

283 3107 504 3150 crucem
526 3094 594 3149 de
615 3093 732 3150 oleo
763 3093 940 3150 facere
985 3104 1236 3166 oportere
1286 3096 1494 3152 dicunt.
1531 3096 1639 3153 Sed
1685 3107 1865 3155 tamen

283 3183 364 3241 nil
386 3185 558 3244 obest.
577 3185 874 3257 Episcopus
893 3187 1039 3244 enim
1058 3203 1164 3243 non
1193 3187 1371 3242 oleum
1395 3187 1753 3256 inﬁrmorum,
1777 3191 1872 3247 sed

280 3274 524 3338 chrisma
557 3275 824 3334 frontibus
853 3278 1097 3334 omnium
1120 3277 1517 3348 baptisatornm
1543 3286 1598 3333 et
1620 3280 1869 3335 manibus

279 3370 624 3428 sacerdotum
652 3371 895 3442 imponit.
939 3372 1074 3428 Nam
1114 3339 1308 3442 pectus
1347 3381 1402 3427 et
1431 3373 1571 3428 inter
1624 3373 1868 3443 scapulas
1896 3339 1941 3402 Ο

277 3463 574 3534 haptizatis
598 3481 815 3521 crucem
852 3465 1102 3522 faciendo
1147 3467 1214 3522 de
1247 3466 1365 3521 oleo
1397 3466 1724 3530 exorcizato,
1758 3482 1868 3522 non

277 3553 353 3612 de
377 3556 500 3613 oleo
528 3558 864 3613 infirmorum
885 3599 901 3622 ,
953 3557 1247 3629 presbyter'
1272 3559 1442 3629 tangit
1488 3565 1614 3611 ante
1668 3557 1870 3627 baptis-

273 3661 454 3704 mum.
481 3645 668 3716 ltaque
691 3649 768 3702 nil
797 3649 988 3704 obesse
1016 3649 1263 3703 videmus
1292 3649 1480 3704 eadem
1501 3647 1618 3703 loca
1643 3647 1792 3718 tangi
1814 3647 1870 3701 in

272 3735 541 3793 unctione
587 3734 787 3790 infirmi
832 3737 898 3791 de
930 3737 1048 3792 oleo
1104 3736 1463 3791 infirmorum.
1503 3736 1745 3806 Apostoli
1775 3752 1871 3790 au-

276 3835 392 3882 tem
413 3834 683 3896 .ungentes
706 3825 826 3882 oleo
851 3826 1094 3882 infirmos
1135 3840 1242 3881 non
1295 3826 1522 3896 amplius
1547 3841 1710 3896 quam
1759 3835 1869 3883 tres

275 3934 472 3976 cruces
497 3933 622 3976 cum
649 3917 770 3974 oleo
811 3933 976 3987 super
1001 3933 1095 3974 eos
1119 3918 1410 3974 faciebant.
1450 3919 1598 3974 Unde
1647 3918 1824 3975 Graeci
1847 3959 1862 3986 ,

277 4012 376 4082 qui
405 4011 572 4080 ipsam
595 4009 942 4065 traditionem
982 4009 1351 4079 apostolorum
1380 4009 1683 4074 imitantur,
1713 4010 1868 4066 simi-

275 4105 409 4160 liter
436 4111 544 4157 tres
568 4109 776 4158 tantum
807 4115 997 4157 cruces
1021 4115 1144 4156 cum
1169 4100 1290 4156 oleo
1321 4099 1545 4165 faciunt,
1572 4099 1863 4156 fundentes

276 4213 407 4255 cum
441 4195 670 4267 ampulla
691 4195 871 4260 oleum
893 4194 1230 4250 inﬁrmorum
1254 4195 1308 4248 in
1325 4194 1503 4249 crucis
1525 4195 1744 4249 modum
1768 4210 1862 4250 su-

277 4307 382 4363 per
429 4298 590 4360 caput
619 4296 676 4346 et
707 4289 1028 4345 vestimenta
1068 4295 1124 4343 et
1177 4295 1347 4342 totum
1392 4303 1588 4357 corpus
1616 4287 1817 4342 infirmi
1844 4329 1859 4352 ,

271 4383 602 4452 incipientes
615 4395 834 4436 crucem
863 4395 892 4434 a
909 4379 1088 4449 capite
1105 4393 1278 4448 usque
1307 4380 1374 4432 ad
1401 4379 1584 4447 pedes,
1608 4378 1665 4432 in
1689 4385 1863 4433 trans-

274 4488 442 4532 verso
473 4488 507 4527 a
538 4488 698 4527 manu
743 4471 963 4526 dextera
1008 4483 1180 4538 usque
1207 4467 1274 4526 ad
1302 4467 1546 4532 brachia,
1575 4475 1630 4522 et
1670 4476 1861 4538 peetus

277 4583 455 4639 usque
476 4568 544 4623 ad
569 4567 847 4622 sinistram
873 4579 1114 4629 manum,
1140 4563 1305 4619 semel
1335 4563 1577 4619 dicentes
1601 4562 1668 4617 ad
1715 4562 1860 4632 ipsas

2045 2083 2180 2153 Ipsis
2210 2098 2425 2154 quoque
2451 2083 2635 2153 pueris
2688 2083 2993 2140 necessaria
3035 2091 3120 2140 est
3149 2082 3411 2146 inunctis,
3440 2096 3565 2138 cum

1975 2173 2216 2243 legamus
2242 2173 2530 2228 nonnullos
2565 2172 2807 2230 virorum
2831 2180 3143 2230 sanctorum
3169 2172 3290 2230 oleo
3319 2173 3562 2235 membra

1973 2279 2263 2335 puerorum
2295 2264 2514 2320 unxisse
2543 2273 2758 2322 sacrato
2791 2272 2846 2320 et
2869 2266 2936 2319 ad
2963 2264 3252 2324 sanitatem
3273 2263 3561 2334 pristinam

1975 2370 2286 2412 revocasse.
2316 2355 2452 2412 Nam
2502 2356 2819 2426 ptenitentia
2860 2357 3043 2426 pueris
3072 2357 3207 2412 adeo
3229 2355 3440 2417 videtur
3463 2369 3562 2409 ne-

1974 2448 2210 2504 cessaria
2271 2456 2330 2502 ut
2372 2447 2613 2518 legamus
2650 2450 2914 2520 quosdam
2961 2463 3158 2518 pueros
3210 2462 3310 2518 pro
3354 2446 3563 2504 meritis

1973 2547 2319 2611 peccatorum
2380 2540 2648 2596 ministris
2689 2538 2904 2597 Satanae
2958 2541 3220 2606 traditos,
3266 2549 3323 2596 et
3354 2541 3560 2610 absque

1975 2629 2300 2700 poenitentia
2338 2629 2681 2686 interierunt.

2048 2723 2200 2778 Sicut
2226 2729 2406 2782 autem
2427 2720 2542 2790 jam
2581 2721 2816 2782 diximus
2838 2762 2854 2786 ,
2901 2721 2974 2776 ita
3009 2721 3214 2777 licitum
3236 2730 3314 2776 est
3341 2722 3563 2791 presby-

1976 2815 2106 2870 teris
2139 2816 2419 2886 episcopos
2449 2829 2654 2886 ungere
2703 2816 2756 2870 in
2814 2808 3242 2880 inﬁrmitatefut
3288 2813 3564 2885 Carthagi-

1972 2923 2140 2964 nense
2177 2907 2464 2964 concilium
2505 2907 2832 2980 presbyteris
2879 2907 3138 2970 concedat
3170 2905 3356 2962 ﬁdeles
3386 2906 3562 2960 chris-

1971 3009 2120 3058 mate
2141 2999 2464 3058 confirmare
2493 3014 2643 3054 more
2662 3000 3058 3069 episcoporum,
3083 2998 3128 3052 si
3162 3006 3341 3052 tamen
3372 2997 3425 3052 in
3466 3010 3562 3066 pe-

1973 3091 2146 3152 riculo
2175 3091 2366 3148 mortis
2393 3091 2629 3162 aliquem
2657 3089 2891 3146 viderint
2911 3089 3001 3159 qui
3027 3089 3096 3145 ab
3118 3089 3371 3159 episcopo
3390 3087 3561 3148 chris-

1972 3190 2116 3238 mate
2139 3189 2326 3239 sancto
2349 3181 2514 3244 fuerit
2538 3181 2906 3238 conﬁrmatus.
2935 3177 3196 3236 Similiter
3215 3180 3280 3235 de
3308 3178 3554 3234 reconci-

1971 3275 2193 3334 liatione
2218 3276 2596 3346 ptenitentium
2638 3277 2694 3332 in
2715 3276 2958 3347 periculo
2986 3276 3177 3332 mortis
3205 3275 3284 3332 eis
3305 3275 3560 3332 concedi-

1972 3375 2080 3424 tur.
2112 3367 2421 3440 Presbyteri
2449 3368 2618 3434 enim,
2639 3367 2764 3432 licet
2815 3365 3161 3437 pontificatus
3187 3366 3394 3437 apicem
3445 3379 3555 3420 non

1972 3459 2227 3523 habeant,
2259 3467 2438 3518 tamen
2464 3459 2688 3522 secundi
2713 3457 2954 3529 episcopi
2978 3465 3124 3522 sunt.

2048 3550 2221 3605 Uncto
2245 3565 2374 3606 vero
2413 3549 2628 3604 infirmo
2676 3564 2798 3604 cum
2827 3547 3170 3606 orationibus
3195 3587 3212 3613 ,
3264 3555 3325 3602 ut
3353 3547 3557 3612 dictum

1972 3650 2078 3702 est,
2100 3641 2354 3710 iubeatur
2381 3657 2412 3694 a
2465 3641 2744 3696 sacerdote
2780 3640 3082 3696 orationem
3124 3639 3459 3694 Dominicam
3497 3647 3554 3693 et

1977 3731 2288 3802 Symbolum
2303 3733 2482 3788 dicere
2497 3740 2552 3786 et
2567 3732 2815 3801 spiritum
2843 3747 2997 3788 suum
3022 3732 3075 3786 in
3091 3746 3282 3800 manus
3294 3730 3387 3786 Dei
3409 3745 3558 3792 com-

1974 3822 2232 3885 mendare
2252 3833 2305 3878 et
2336 3823 2615 3896 signaculo
2645 3824 2821 3886 crucis
2843 3838 2900 3880 se
2923 3824 3135 3882 munire
3165 3831 3222 3880 et
3252 3823 3555 3888 viventibus

1972 3913 2292 3968 valedicere.
2316 3913 2467 3968 Tunc
2498 3914 2754 3970 sacerdos
2784 3914 2873 3978 det
2892 3914 2942 3969 ei
2963 3928 3151 3984 pacem
3181 3921 3234 3968 et
3263 3912 3555 3970 communi-

1969 4017 2056 4062 cet
2091 4023 2237 4073 eum,
2284 4007 2469 4064 dicens
2497 4025 2508 4061 :
2539 4005 2739 4078 Corpus
2768 4018 2815 4062 et
2837 4007 3052 4079 sanguis
3105 4005 3319 4061 Domini
3360 4005 3426 4059 sit
3460 4004 3555 4060 tibi

1969 4098 2206 4152 remissio
2235 4098 2468 4152 omnium
2518 4107 2849 4168 peccatorum
2876 4108 3105 4162 tuorum,
3132 4107 3179 4150 et
3206 4096 3468 4150 custodiat
3497 4105 3546 4150 te

1968 4189 2023 4241 in
2054 4190 2212 4250 vitam
2243 4198 2512 4254 wternam.
2541 4188 2692 4243 Tunc
2715 4190 2838 4242 data
2885 4187 3147 4249 oratione,
3178 4186 3232 4242 in
3260 4185 3365 4238 fine
3400 4183 3548 4252 dicat

1968 4277 2257 4333 sacerdos:
2283 4277 2666 4332 Benedicamus
2687 4276 2930 4331 Domino.
2965 4275 3032 4329 Et
3059 4273 3420 4343 respondeant
3439 4289 3552 4328 om-

1969 4383 2066 4423 nes
2092 4385 2104 4420 :
2131 4367 2240 4421 Deo
2265 4369 2487 4436 gratias,
2520 4377 2574 4421 et
2601 4367 2872 4436 expletum
2900 4373 3002 4426 est.
3027 4365 3086 4419 In
3114 4364 3352 4420 crastino
3380 4373 3434 4419 et
3460 4379 3551 4421 us-

1968 4475 2073 4530 que
2098 4460 2164 4516 ad
2185 4468 2388 4530 septem
2411 4460 2528 4515 dies
2559 4459 2740 4515 visitet
2768 4474 2893 4514 eum
2919 4458 3172 4514 sacerdos
3196 4498 3211 4524 ,
3257 4466 3314 4512 et
3361 4457 3551 4514 fundat

1968 4567 2129 4622 super
2153 4567 2276 4610 eum
2300 4551 2575 4608 orationes
2613 4551 2681 4607 ad
2719 4552 2823 4607 hoc
2845 4559 3223 4623 congruentes.

280 4671 398 4716 tres
429 4673 616 4714 cruces
644 4677 657 4712 :
690 4654 838 4727 Ungo
866 4666 913 4710 te
943 4656 997 4710 in
1038 4655 1244 4709 nomine
1275 4655 1485 4719 Patris,
1531 4665 1580 4709 et
1610 4653 1770 4720 Filii,
1810 4662 1862 4708 et

2039 4665 2335 4721 Dicendum
2369 4665 2535 4721 etiam
2557 4664 2926 4721 sacerdotibus
2950 4670 3010 4719 ut
3035 4662 3252 4733 quando
3281 4661 3546 4733 pmniten-

280 4751 515 4822 Spiritus
535 4749 728 4814 sancti,
751 4757 806 4801 ut
833 4747 1002 4801 oratio
1035 4745 1160 4815 ﬁdei
1191 4745 1352 4799 salvet
1376 4755 1455 4812 te,
1504 4755 1550 4799 et
1574 4745 1774 4800 alleviet
1813 4754 1861 4799 te

279 4845 559 4908 Dominus,
590 4851 638 4897 et
658 4841 704 4896 si
726 4842 784 4895 in
803 4839 1026 4910 peccatis
1052 4839 1146 4904 sis,
1171 4839 1506 4905 remittantur
1526 4838 1636 4891 tibi.
1659 4837 1750 4892 llla
1771 4854 1862 4891 au-

275 4945 393 4992 tem
405 4934 727 4989 vestimenta
739 4930 859 4987 oleo
872 4927 1156 5000 superfusa
1169 4928 1362 4997 quibus
1379 4927 1730 4986 infirmandus
1740 4925 1859 4999 (sic)

275 5043 389 5085 non
411 5024 762 5095 sepeliuntur,
789 5030 845 5078 et
872 5023 918 5078 si
966 5019 1315 5082 convaluerit,
1344 5019 1634 5077 abluuntur
1654 5020 1706 5074 in
1743 5018 1862 5075 loco

275 5117 503 5182 mundo,
530 5122 588 5171 et
608 5115 805 5169 iterum
830 5110 1002 5167 utitur
1028 5109 1126 5164 eis.
1174 5107 1290 5164 Non
1321 5107 1495 5166 solum
1527 5115 1706 5172 aumm
1752 5107 1862 5166 cle-

276 5209 434 5274 ricis,
457 5206 550 5261 sed
593 5204 760 5260 etiam
791 5201 966 5267 laicis,
995 5216 1094 5255 nec
1125 5208 1333 5254 tantum
1371 5198 1521 5260 viris,
1556 5198 1647 5254 sed
1685 5207 1740 5254 et
1784 5199 1864 5256 fe-

276 5301 466 5365 minis,
495 5298 680 5353 unctio
709 5294 832 5352 talis
858 5293 1161 5358 tribuenda,
1177 5292 1221 5346 si
1245 5306 1466 5353 necesse
1503 5290 1666 5348 fuerit
1690 5309 1703 5358 ;
1735 5294 1861 5362 quia

278 5392 550 5463 quosdam
577 5396 796 5445 sanctos
826 5387 976 5452 viros
1022 5385 1249 5452 legimus
1287 5384 1493 5453 puellas
1535 5385 1863 5456 paralyticos

279 5483 406 5539 oleo
445 5490 633 5538 sancto
660 5480 882 5537 unxisse
905 5487 963 5533 et
988 5491 1230 5533 sanasse.
1272 5477 1677 5548 Energumenos
1697 5479 1862 5535 etiam

279 5573 642 5647 legimusoleo
661 5582 847 5631 sancto
868 5579 1156 5644 perunctos
1169 5575 1222 5623 et
1239 5576 1473 5624 sanatos.
1496 5568 1618 5624 Ideo
1632 5570 1676 5625 si
1702 5570 1854 5625 infir-

279 5682 406 5723 mus
426 5669 482 5724 in
495 5666 788 5724 amentiam
804 5677 1013 5726 versus,
1033 5669 1209 5716 tamen
1219 5658 1375 5728 juxta
1391 5661 1676 5717 concilium
1692 5661 1860 5720 Arau-

281 5759 496 5814 sicense
525 5773 685 5814 omne
712 5756 949 5814 ofﬁcium
977 5751 1194 5825 pietatis
1213 5752 1532 5810 exhibeatur
1556 5753 1626 5819 ei,
1659 5762 1714 5810 et
1740 5755 1856 5827 ipsa

282 5849 615 5916 comnmnio,
630 5847 676 5904 si
701 5855 876 5902 tamen
904 5845 956 5914 in
979 5859 1073 5912 sua
1095 5843 1324 5916 sanitate
1350 5842 1667 5899 catholicam
1694 5845 1855 5901 fidem

282 5942 563 5997 credebat.
591 5939 682 5997 Sic
707 5940 849 5998 enim
877 5926 930 5994 in
954 5953 1019 5994 eo
1037 5936 1266 5994 concilio
1293 5937 1522 5993 habetur
1552 5939 1810 6008 scriptum
1837 5957 1851 5994 :

1965 4758 2107 4815 tibus
2126 4757 2410 4827 imponunt
2433 4756 2651 4812 modum
2673 4763 2728 4811 et
2755 4763 2968 4826 tempus
2992 4753 3348 4825 paenitentiae,
3364 4753 3547 4810 dicant

1961 4849 2040 4904 eis
2069 4850 2185 4904 hinc
2210 4848 2373 4904 verba
2399 4865 2413 4902 :
2446 4846 2660 4915 Frater,
2689 4848 2745 4902 in
2774 4848 2878 4903 hoc
2905 4847 3082 4904 omnis
3101 4846 3421 4918 paenitentia
3445 4861 3542 4901 va-

1960 4936 2053 5002 let,
2089 4945 2287 5008 praeter
2338 4937 2413 4992 ita
2441 4936 2672 4994 crimina
2704 4937 2990 5008 paenitere,
3011 4944 3068 4992 et
3099 4951 3130 4991 a
3160 4935 3357 4993 futuris
3379 4935 3546 4992 absti-

1962 5043 2114 5094 nere,
2148 5030 2277 5083 dare
2306 5027 2542 5086 studium
2571 5028 2626 5082 in
2653 5027 2957 5094 laboribus,
3007 5027 3063 5084 in
3093 5028 3314 5098 vigiliis,
3339 5027 3391 5081 in
3420 5040 3546 5080 ora-

1965 5120 2219 5184 tionibus,
2253 5119 2306 5174 in
2324 5117 2568 5188 jejuniis,
2605 5120 2660 5176 in
2699 5120 3076 5192 eleemosynis,
3108 5120 3163 5174 in
3213 5117 3542 5187 indulgentia

1961 5211 2497 5282 inimicorumzquia
2544 5228 2652 5268 non
2709 5215 2938 5285 requirit
2968 5213 3108 5269 Deus
3162 5211 3318 5278 longa
3367 5209 3540 5280 spatia

1960 5303 2309 5372 poenitentiae,
2339 5303 2478 5359 sicut
2507 5319 2602 5375 per
2625 5307 2943 5376 prephetam
2972 5303 3168 5357 dicitur
3193 5317 3204 5352 :
3239 5296 3371 5354 Cum
3411 5314 3538 5354 con-

1961 5409 2136 5449 versus
2158 5393 2490 5464 ingemueris,
2521 5403 2645 5448 tunc
2678 5395 2854 5450 salvus
2893 5392 3014 5447 eris.
3046 5390 3112 5444 Et
3134 5389 3328 5444 iterum
3357 5406 3371 5443 :
3401 5386 3541 5446 Com.

1960 5481 2218 5537 vertimini
2246 5483 2316 5537 ad
2339 5500 2420 5538 me
2447 5524 2462 5548 ,
2511 5493 2561 5539 et
2593 5499 2686 5555 ego
2724 5491 2953 5538 revertar
2978 5479 3048 5534 ad
3083 5496 3189 5536 vos.
3221 5479 3278 5535 In
3306 5481 3410 5538 hoc
3437 5481 3540 5537 mi-

1963 5574 2194 5629 sericors
2222 5573 2504 5642 Dominus,
2529 5583 2584 5630 et
2631 5589 2735 5630 non
2778 5571 2891 5627 vult
2920 5581 3150 5630 mortem
3193 5575 3495 5647 peccatoris
3520 5616 3538 5644 ,

1963 5662 2056 5716 sed
2095 5671 2154 5716 ut
2179 5671 2526 5718 convertatur
2572 5669 2627 5717 et
2670 5661 2836 5716 vivat.
2880 5661 2950 5718 Et
2998 5663 3052 5720 in
3081 5663 3372 5738 Evangelio
3417 5665 3534 5721 ait:

1962 5750 2228 5807 Gaudium
2248 5754 2415 5808 eritin
2441 5751 2567 5806 caelo
2594 5767 2752 5822 super
2777 5769 2880 5810 uno
2900 5765 3166 5827 peccatore
3184 5754 3538 5827 paenitentiam

1961 5853 2141 5912 agente
2165 5843 2330 5912 magis
2371 5857 2529 5912 quam
2552 5858 2709 5913 super
2737 5846 3019 5918 nonaginta
3068 5863 3246 5902 novem
3299 5847 3388 5918 qui
3429 5859 3536 5900 non

1959 5938 2192 6007 indigent
2250 5938 2569 6007 paenitentia.
2619 5937 2687 5994 Et
2713 5939 2909 5996 iterum
2940 5961 2952 5996 :
2986 5941 3104 6008 Qua
3127 5941 3212 5994 die
3257 5953 3532 5995 conversus
