4046 6490
531 443 640 502 225

1549 430 1948 491 THEODULFI
1983 427 2542 489 AURELIANENSIS
2579 429 2797 490 EPISC.

3707 436 3822 495 224

534 555 694 626 fuerit
722 557 962 625 peccator
1000 544 1316 612 coram'me,
1357 561 1533 602 omnes
1557 547 1671 617 ejus
1700 546 1999 615 iniquitates
2035 544 2127 598 de-
2152 548 2203 609 Α
2229 546 2461 616 gemitus
2487 546 2737 602 assiduus
2771 560 2933 618 quam
2961 545 3119 618 longa
3158 551 3216 602 et
3254 542 3432 618 tepida
3465 548 3816 620 poenitentia.

535 648 668 702 lebo.
705 644 836 700 Vide
871 661 1021 716 ergo,
1047 642 1214 697 frater
1241 641 1353 706 mi,
1403 641 1620 710 quantis
1658 638 1982 693 test‘moniis
2033 653 2120 692 re-

534 738 710 793 media
737 744 1086 807 peccatorum
1127 734 1379 795 didicisti,
1419 741 1474 787 et
1501 733 1643 787 scias
1674 747 1782 785 non
1828 732 1988 785 aliter
2027 746 2120 786 ve-

532 829 679 882 niam
706 826 1008 898 promereri
1036 840 1197 896 posse
1227 826 1331 881 nisi
1382 840 1449 880 ex
1481 832 1593 879 toto
1622 821 1784 878 corde
1826 838 2121 878 conversus

535 920 722 975 fueris.
753 919 864 975 Fac
917 935 1046 990 ergo
1095 919 1193 974 tibi
1238 934 1400 972 unam
1433 918 1707 973 sarcinam
1753 933 1822 972 ex
1868 919 2122 973 omnibus

531 1009 772 1081 peccatis
803 1010 926 1074 luis,
951 1025 1070 1081 quae
1095 1026 1370 1080 nunquam
1399 1009 1468 1064 ab
1495 1009 1667 1064 oculis
1709 1010 1817 1065 tuis
1863 1011 2120 1066 recedere

533 1101 730 1173 possit,
758 1102 883 1172 quia
918 1101 1301 1173 acceptabilior
1353 1101 1466 1157 Deo
1513 1101 1786 1174 est,jugis
1834 1103 2009 1158 oratio
2054 1118 2135 1161 ac.

2292 636 2441 694 Sciat
2477 649 2659 695 autem
2715 641 2970 696 sacerdos
2999 641 3140 710 quod
3170 639 3545 697 conﬁtentium
3569 643 3822 714 singulas

2221 732 2408 801 culpas
2433 731 2761 804 investigare
2790 747 2898 788 non
2928 733 3103 788 debet.
3123 731 3352 800 Quando
3373 731 3638 804 majorem
3670 737 3824 792 inve-

2222 823 2385 883 nerit.
2414 823 2480 877 de
2512 823 2629 893 ejus
2650 838 2812 878 causa
2838 821 3122 890 judicabit.

2298 914 2374 970 De
2428 915 2622 972 ovibus
2680 915 2884 971 Christi
2932 914 3208 970 lucrandis
3243 915 3396 972 vobis
3443 917 3827 977 sacerdotibus

2225 1007 2344 1063 haec
2371 1008 2553 1063 dicere
2592 1007 2897 1063 studuimus
2938 1005 3235 1062 auxiliante
3261 1006 3491 1063 Domino
3511 1006 3641 1064 Iesu
3663 1007 3824 1064 Chri-

2224 1109 2330 1167 sto,
2356 1101 2442 1156 cui
2471 1100 2640 1172 gloria
2663 1101 2718 1156 in
2747 1100 2943 1156 saecula
2971 1100 3313 1156 saeculorum.

2680 1233 2994 1244 .—.—————

542 1231 2670 1287 E_W
2680 1231 3820 1283 ma

1869 1275 2296 1286 ——-———-—
2337 1271 3588 1286 *M

1647 1399 2687 1513 THEODULFI

1708 1610 2267 1669 AURELIANENSIS
2305 1611 2615 1670 EPISCOPI

573 1789 610 1837 ⁸
687 1787 820 1917 DE
913 1784 1289 1912 0RDINE
1372 1782 1880 1911 BAPTISMI
1963 1782 2098 1908 All
2184 1782 2609 1911 MAGNUM
2698 1786 3342 1921 SENONENSEM
3427 1750 3824 1932 LIBER.

599 2065 1059 2123 Reverentissimo
1111 2071 1274 2134 atque
1324 2062 1648 2119 charissima
1718 2061 1878 2118 fratri
1931 2061 2127 2135 Magno
2153 2063 2203 2124 B
2231 2077 2329 2118 nes
2358 2061 2684 2135 generaliter
2722 2065 2790 2119 ad
2815 2063 3179 2136 prudentiam,
3217 2066 3505 2138 justitiam,
3547 2073 3832 2136 fortitudi-

528 2159 784 2232 episcopo
808 2155 1142 2213 Theodulfus
1169 2155 1424 2211 salutem.

596 2249 933 2320 Praeceptum
961 2256 1135 2315 tuum,
1179 2248 1265 2302 vir
1293 2246 1620 2302 venerabilis
1663 2246 1872 2319 Magne,
1916 2247 2125 2319 peregi,

525 2349 582 2397 et
619 2341 664 2396 si
714 2356 821 2397 non
875 2340 1060 2396 solerti
1087 2338 1348 2404 efﬁcacia,
1379 2338 1538 2408 plena
1592 2347 1773 2394 tamen
1799 2339 2124 2394 obedientia.

523 2434 840 2504 Praecepisti
879 2435 1025 2490 enim
1060 2433 1192 2488 mihi
1217 2475 1231 2499 ,
1275 2433 1383 2487 imo
1411 2448 1510 2502 per
1544 2440 1598 2487 te
1645 2433 1885 2488 charitas
1926 2448 2128 2502 praece-

522 2525 628 2595 pit,
661 2533 721 2579 ut
749 2525 1075 2594 quibusdam
1117 2522 1506 2593 quaestionibus
1549 2522 1617 2576 de
1646 2523 1835 2577 ordine
1868 2523 2127 2594 baptismi

521 2633 556 2674 a
586 2619 806 2674 domino
841 2629 896 2673 et
940 2618 1175 2688 glorioso
1201 2618 1531 2688 imperatore
1572 2616 1767 2672 Carolo
1810 2619 1910 2674 tibi
1950 2626 2130 2675 trans-

526 2711 712 2766 missis
745 2711 988 2766 breviter
1028 2719 1082 2764 et
1112 2712 1219 2766 cito
1246 2711 1653 2782 responderem.
1707 2712 2130 2769 Coaretantibus

524 2802 708 2873 itaque
734 2819 822 2857 me
842 2804 969 2858 hinc
998 2804 1280 2865 brevitate,
1311 2820 1419 2874 qua
1440 2805 1672 2875 cogebar
1698 2805 1848 2860 brevi
1877 2821 2130 2862 sermone

523 2909 614 2950 res
639 2909 866 2964 magnas
903 2896 1182 2966 eXpedire,
1235 2895 1386 2950 illinc
1430 2897 1692 2967 temporis
1722 2898 1990 2969 angustia,
2023 2914 2128 2968 qua

524 2985 634 3041 cito
663 2985 808 3056 quod
827 2984 1078 3054 jusseras
1109 2985 1408 3056 adimplere
1438 2985 1700 3051 volebam,
1745 2988 1956 3058 explevi
1985 2989 2131 3060 quod

518 3077 747 3148 iussisti.
800 3079 954 3146 Quod
1000 3094 1139 3149 opus
1172 3093 1205 3134 o
1251 3077 1463 3133 utinam
1517 3087 1666 3134 esset
1695 3087 1806 3134 tam
1835 3078 2130 3136 ellicaeiter

525 3170 824 3241 expletum,
861 3186 1024 3241 quam
1047 3179 1130 3226 est
1151 3170 1383 3226 libenter
1406 3179 1718 3242 susceptum
1747 3174 1765 3226 !'
1809 3170 2129 3242 Quanquam

522 3281 655 3338 ergo
681 3266 816 3321 mihi
865 3266 1101 3337 spatiose
1149 3265 1440 3330 tractandi,
1490 3274 1549 3321 et
1581 3265 1805 3322 Patrum
1849 3267 2129 3322 volumina

529 3359 872 3427 revolvendi,
905 3359 1230 3431 quibusdam
1264 3361 1712 3431 occupationibus
1751 3360 2130 3431 praepedienti-

2228 2169 2376 2221 nem,
2418 2157 2832 2225 temperantiam
2889 2168 3053 2228 atque
3101 2162 3468 2220 concordiam.
3524 2165 3617 2224 His
3653 2180 3708 2224 et
3740 2172 3833 2229 his

2229 2243 2496 2301 similibus
2527 2247 2690 2302 rebus
2711 2248 2801 2304 ille
2830 2249 3071 2306 virorum
3113 2254 3373 2322 optimus,
3413 2257 3522 2314 Deo
3560 2260 3664 2316 sibi
3690 2277 3832 2332 pro-

2227 2335 2393 2405 pitio,
2448 2345 2650 2394 sancta:
2685 2338 2944 2396 Ecclesiae
2990 2340 3263 2416 fastigium
3321 2351 3666 2407 accumulare
3713 2370 3834 2413 non

2227 2435 2426 2493 cessat,
2459 2437 2513 2484 et
2541 2429 2849 2485 admirabili
2887 2432 2941 2486 in
2969 2449 3152 2489 rerum
3189 2437 3682 2499 ecclesiasticarum
3709 2447 3835 2503 sive

2229 2515 2466 2575 civilium
2499 2522 2968 2580 administratione
2992 2534 3266 2597 strenuus,
3295 2538 3349 2586 et
3370 2534 3650 2604 sapientia:
3675 2537 3836 2594 fonte

2229 2612 2516 2680 redundat,
2548 2622 2604 2670 et
2630 2613 2850 2670 virtutis
2874 2616 3210 2675 exhibitione
3232 2621 3549 2694 triumphat.

2513 2799 2623 2855 Cur
2645 2800 2826 2871 infans
2854 2805 3257 2863 catechumenus
3287 2811 3526 2881 efﬁcitur.

2300 2887 2453 2956 Quod
2480 2890 2640 2946 modo
2677 2891 2912 2948 infantes
2942 2897 3319 2954 catechumeni
3347 2897 3654 2957 efﬁciuntur
3677 2903 3833 2961 anti-

2229 2993 2368 3048 quus
2413 2995 2533 3036 mos
2573 2990 2843 3038 servatur.
2899 2984 3219 3060 Quicunque
3268 2991 3413 3047 enim
3443 2992 3511 3046 ad
3550 2994 3838 3064 apostolos

2229 3073 2518 3131 credentes
2580 3075 2894 3146 baptizandi
2957 3080 3360 3150 adveniebant,
3415 3085 3840 3143 instruebantur

2229 3175 2286 3224 et
2309 3168 2646 3225 docebantur
2675 3170 2744 3225 ab
2768 3172 2870 3237 eis,
2901 3181 2957 3229 et
2987 3175 3239 3231 instructi
3283 3185 3340 3232 et
3369 3179 3512 3234 docti
3541 3177 3610 3236 de
3637 3194 3839 3236 sacra-

2229 3266 2414 3316 mento
2456 3261 2803 3332 baptismatis
2827 3273 2884 3320 et
2925 3265 2992 3322 de
3022 3269 3235 3324 caeteris
3264 3271 3464 3342 regulis
3492 3271 3648 3339 ﬁdei,
3682 3275 3840 3330 acci-

2228 3354 2449 3424 piebant
2478 3366 2884 3413 sacrosanctum
2913 3363 3232 3433 mysterium
3259 3365 3622 3436 baptismatis.
3662 3366 3836 3424 Unde

525 3451 648 3514 bus,
682 3449 913 3507 facultas
961 3451 1106 3506 nulla
1130 3459 1458 3522 suppeteret,
1500 3460 1555 3506 et
1579 3467 1665 3506 me
1709 3451 1778 3506 ad
1820 3451 2120 3522 jussionem
2149 3435 2194 3498 ί]
2225 3446 2300 3500 ait
2321 3446 2648 3516 Apostolus:
2680 3449 2763 3503 An
2789 3451 3068 3520 ignoratis,
3118 3435 3339 3524 fratres,
3357 3457 3484 3526 quia
3523 3459 3840 3531 quicunque

524 3544 853 3616 implendam
902 3546 1143 3600 charitas
1189 3555 1535 3615 permoveret
1571 3563 1583 3599 :
1623 3547 1691 3600 de
1739 3546 1965 3615 singulis
2001 3560 2122 3614 qua:

522 3635 656 3690 mihi
697 3651 990 3691 occurrere
1036 3645 1332 3706 potuerunt
1378 3635 1538 3691 celeri
1594 3651 1757 3690 cursu
1795 3636 2020 3705 scripsi,
2069 3645 2124 3691 et

520 3735 718 3781 vestrae
746 3725 1072 3782 fraternitati
1095 3728 1220 3792 nisi,
1252 3737 1310 3782 ut
1340 3727 1384 3782 si
1416 3743 1523 3783 non
1551 3727 1840 3782 habuerint
1864 3743 2121 3797 responsa

522 3816 989 3881 emolumentum,
1027 3818 1208 3872 saltim
1256 3819 1567 3873 obedientia
1615 3820 1813 3873 habeat
1863 3819 2117 3874 fructum.

523 3908 864 3974 Qumstiones
915 3910 1121 3964 interea
1169 3911 1322 3974 istae,
1379 3919 1438 3964 ut
1479 3926 1580 3980 ego
1627 3918 1682 3963 te
1730 3925 1892 3965 nosse
1938 3919 2120 3964 certus

523 4011 666 4060 sum,
693 4013 725 4052 a
758 3998 922 4066 regali
955 4000 1354 4054 necessitudine
1392 4016 1500 4054 non
1538 4009 1665 4056 sunt
1691 3999 1847 4055 facta:
1887 4002 2124 4056 necessi-

523 4094 637 4141 tate
666 4086 932 4153 discendi,
971 4089 1065 4142 sed
1118 4089 1299 4143 studio
1341 4090 1569 4144 docendi
1607 4108 1620 4144 :
1655 4105 1757 4145 nec
1795 4099 1856 4144 ut
1895 4090 2008 4160 ipse
2037 4091 2123 4148 his

521 4180 786 4236 absolutis
829 4181 896 4236 de
938 4183 1168 4238 nescitis
1195 4182 1374 4238 valeat
1422 4183 1611 4247 imbui,
1673 4185 1767 4239 sed
1812 4193 1872 4239 ut
1913 4185 2004 4240 alii
2054 4188 2121 4240 de

522 4285 716 4326 somno
749 4271 1004 4327 desidiosi
1057 4274 1292 4343 torporis
1336 4274 1405 4329 ad
1451 4288 1632 4329 rerum
1665 4274 2121 4332 absolvendarum

522 4362 814 4417 utilitatem
860 4364 1079 4419 valeant
1106 4366 1353 4420 excitari.
1407 4365 1615 4437 Quippe
1647 4369 1734 4422 cui
1780 4369 1884 4424 hoc
1910 4372 2124 4439 semper

522 4453 792 4509 familiare
831 4465 934 4521 est,
994 4467 1050 4511 ut
1102 4472 1356 4513 exerceat
1405 4461 1665 4529 prarsules
1693 4464 1760 4516 ad
1807 4472 2120 4517 sanctarum

525 4543 930 4615 Scripturarum
973 4549 1404 4620 indagationem,
1461 4561 1516 4608 et
1544 4570 1732 4609 sanam
1774 4557 2121 4627 sobriamque

523 4638 855 4704 doctrinam,
888 4655 1104 4695 omnem
1150 4641 1352 4697 clerum
1386 4645 1455 4699 ad
1486 4646 1847 4718 disciplinam,
1880 4648 2123 4718 philoso-

521 4732 660 4801 phos
689 4731 758 4786 ad
799 4746 983 4787 rerum
1027 4735 1333 4791 divinarum
1359 4738 1826 4810 humanarumque
1856 4743 2120 4812 cognitio-

523 4840 682 4888 nem,
723 4826 1018 4882 monachos
1048 4829 1115 4884 ad
1167 4829 1515 4901 religionem,
1552 4848 1741 4888 omnes
1788 4834 2118 4903 generaliter

523 4916 590 4971 ad
617 4926 984 4984 sanctitatem,
1031 4921 1297 4990 primates
1335 4925 1402 4979 ad
1444 4925 1754 4990 consilium,
1801 4925 2014 4995 judices
2045 4928 2115 4981 ad

517 5007 812 5079 justitiam,
862 5012 1062 5068 miTites
1095 5015 1164 5070 ad
1199 5031 1475 5072 armorum
1526 5018 1950 5089 experientiam,
1985 5025 2121 5090 prte-

523 5103 663 5160 latos
701 5106 769 5160 ad
801 5107 1188 5175 humilitatem,
1218 5111 1464 5167 subditos
1493 5113 1559 5166 ad
1582 5112 1969 5179 obedientiam,
2004 5129 2123 5168 om-

595 5253 619 5281 n
647 5240 728 5316 De
750 5243 934 5299 ordine
956 5243 1218 5315 baptismi.
1239 5247 1315 5300 Ex
1339 5253 1574 5315 quatuor
1603 5247 1764 5316 hujus
1791 5247 1914 5302 libri
1936 5264 2121 5304 exem-

521 5312 809 5384 plaribus,
838 5329 956 5384 quae
988 5312 1041 5370 in
1076 5333 1271 5371 manus
1317 5312 1466 5371 meas
1516 5312 1802 5379 venerunt,
1851 5320 1952 5373 tria
1994 5329 2120 5374 sunt

523 5397 642 5450 qua:
671 5383 1019 5458 atl_MagntIn1
1053 5388 1369 5458 episcopum
1407 5388 1631 5442 missum
1673 5388 1886 5453 docent,
1919 5391 2116 5444 Virdu-

524 5467 713 5517 nense,
729 5455 1055 5513 Divionense
1079 5455 1133 5513 et
1151 5455 1495 5521 Vaticanum,
1513 5471 1764 5521 quartum
1785 5460 2111 5516 Corbeiense

521 5537 622 5594 pro
666 5523 857 5596 Magno
877 5525 1139 5585 Joannem
1168 5531 1350 5586 habet.
1378 5523 1634 5599 mendose
1667 5538 1726 5582 ut
1754 5531 1966 5599 opinor.
2002 5531 2110 5584 Ex-

523 5601 631 5648 stat
658 5611 795 5674 sane
839 5601 974 5668 apud
1016 5617 1113 5674 nos
1140 5601 1317 5674 Magni
1361 5598 1600 5674 ejusdem
1636 5598 1967 5674 Senonensis
1993 5601 2111 5674 epi-

521 5667 689 5742 scopi,
721 5666 797 5742 De
839 5666 1085 5742 mysterio
1135 5666 1482 5742 baptisma—lis,
1538 5672 1617 5742 sic
1660 5671 1804 5725 enim
1855 5666 2106 5742 appellat,

522 5737 704 5818 brevis
742 5737 972 5818 libellus,
1001 5737 1239 5818 nondum
1267 5744 1464 5818 editus,
1493 5744 1561 5818 ad
1592 5741 1846 5818 Carolum
1875 5737 2031 5810 imp»
2056 5742 2108 5818 ίιξ

523 5815 631 5884 (luo
654 5824 712 5864 se
737 5810 806 5865 ad
821 5809 1179 5884 scribendum,
1195 5815 1344 5884 regio
1361 5811 1518 5882 jussu
1546 5814 1836 5884 impulsum
1860 5809 2107 5884 testatur:

524 5874 719 5936 Exstat
751 5888 807 5938 et
851 5881 994 5938 inter
1033 5874 1454 5954 AlcuiniVOpera
1501 5874 1639 5961 liber
1680 5887 1747 5940 de
1791 5898 1946 5940 sacro
1981 5883 2112 5938 item

2143 4792 2197 4852 D

2227 3537 2477 3609 baptizati
2498 3558 2680 3596 sumus
2706 3543 2762 3596 in
2789 3541 2996 3599 Christo
3024 3545 3174 3610 Iesu,
3218 3547 3273 3598 in
3312 3558 3477 3601 morte
3519 3551 3692 3619 ipsius
3735 3551 3842 3606 ba-

2224 3632 2410 3700 ptizati
2435 3649 2616 3687 sumus
2669 3633 2842 3706 (Rom.
2871 3652 2943 3699 vi,
2976 3636 3075 3706 3)?
3132 3636 3188 3692 In
3216 3638 3610 3708 quibusverbis
3641 3649 3839 3699 osten-

2225 3722 2394 3789 ditur,
2430 3739 2539 3779 non
2568 3740 2663 3779 eos
2694 3726 2973 3797 ignorasse
3013 3730 3341 3784 sacramenti
3363 3728 3724 3800 baptismatis
3750 3748 3836 3788 ar-

2226 3835 2363 3875 cana
2409 3822 2501 3891 qui
2546 3823 2983 3891 baptizabantur.
3043 3824 3150 3880 Sed
3201 3832 3257 3879 et
3282 3824 3542 3879 Dominus
3583 3840 3697 3880 non
3751 3836 3836 3882 ut-

2225 3927 2438 3981 cunque
2474 3914 2570 3976 ait,
2609 3911 2706 3976 lte,
2739 3914 3046 3982 baptizate;
3078 3915 3194 3978 sed,
3227 3914 3332 3979 Ite,
3363 3926 3411 3969 et
3440 3917 3618 3972 docete
3643 3933 3833 3974 omnes

2223 4011 2417 4072 gentes,
2442 4000 2766 4070 baptizantes
2810 4017 2897 4054 eos
2938 4000 3153 4073 (Matth.
3189 4019 3382 4069 xxvm,
3418 4005 3527 4077 19).
3574 4003 3645 4060 Ut
3665 4021 3835 4063 nosse

2224 4091 2519 4162 possimus,
2556 4091 2791 4161 primum
2826 4093 3094 4147 instruere
3125 4101 3181 4148 et
3220 4095 3420 4151 docere
3454 4095 3653 4151 debere
3700 4113 3832 4153 eum

2224 4183 2316 4252 qui
2365 4180 2724 4251 baptizandus
2761 4189 2868 4248 est,
2906 4190 2963 4236 et
3003 4190 3195 4253 postea
3239 4184 3535 4253 baptizare.
3583 4183 3831 4243 Infantes

2223 4288 2354 4344 ergo
2382 4283 2437 4328 et
2468 4273 2749 4329 audientes
2779 4282 2835 4327 et
2863 4275 3243 4330 catechumeni
3269 4275 3425 4340 fiunt,
3464 4290 3572 4330 non
3608 4291 3721 4345 quo
3771 4277 3829 4332 in

2225 4367 2416 4423 eadem
2439 4375 2601 4422 a:tate
2629 4377 2686 4422 et
2712 4367 2907 4423 instrui
2931 4376 2988 4423 et
3033 4368 3217 4424 doceri
3243 4369 3472 4438 possint,
3505 4369 3598 4424 sed
3630 4377 3692 4424 ut
3721 4385 3826 4426 an-

2225 4461 2408 4529 tiquus
2435 4476 2552 4515 mos
2578 4468 2846 4528 servetur,
2875 4477 2983 4530 quo
3011 4460 3240 4532 apostoli
3281 4477 3374 4516 eos
3410 4476 3546 4532 quos
3575 4461 3828 4532 baptiza-

2224 4553 2333 4606 turi
2366 4559 2522 4606 erant
2570 4553 2806 4622 primum
2857 4553 3126 4609 docebant
3170 4563 3226 4608 et
3269 4554 3631 4616 instruebant,
3679 4555 3828 4613 sicut

2217 4641 2331 4713 jam
2357 4643 2560 4698 dictum
2580 4651 2684 4699 est.

2671 4829 2812 4897 Quid
2834 4831 2899 4886 sit
2927 4831 3349 4886 catechumanus.

2293 4923 2730 4980 Catechumenus
2776 4931 2958 4977 autem
2987 4923 3231 4987 audiens,
3266 4923 3380 4979 sive
3408 4923 3711 4982 instructus
3736 4925 3824 4983 in-

2224 5023 2573 5088 terpretatur.
2613 5013 2799 5070 Genus
2825 5014 2969 5068 enim
3000 5013 3296 5068 humanum
3323 5016 3476 5071 audit
3497 5025 3552 5072 et
3588 5017 3819 5074 instrui-

2225 5115 2317 5161 tur
2359 5113 2652 5176 antequam
2691 5105 2757 5159 ad
2805 5105 3133 5174 baptismum
3175 5107 3378 5161 veniat.
3423 5106 3492 5162 Et
3529 5111 3677 5178 quod
3720 5126 3821 5181 per

2219 5240 2546 5309 baptismate
2569 5237 2636 5291 ad
2685 5236 2937 5309 Carolu‘m
2984 5238 3256 5309 eumdem,
3294 5237 3432 5293 falsa
3475 5237 3813 5307 conjectura.

2222 5307 2364 5381 quod
2395 5308 2551 5363 titulo
2578 5316 2809 5381 careret,
2856 5307 3086 5364 Alcuino
3126 5310 3412 5378 ascriptus,
3447 5326 3569 5364 cum
3622 5321 3817 5365 auctor

2222 5378 2413 5436 revera
2461 5381 2532 5434 sit
2576 5378 2883 5433 Amalarius
2908 5380 3217 5450 episcopus,
3253 5381 3715 5450 quemadmodum
3747 5399 3814 5437 ex

2221 5454 2408 5534 codice
2437 5451 2734 5534 Petaviano
2783 5449 3185 5534 didicimusIEt
3225 5449 3356 5534 vero
3403 5467 3523 5534 qua:
3553 5453 3652 5534 sub
3698 5451 3812 5522 ejus

2219 5525 2341 5579 libri
2375 5525 2537 5578 linem
2572 5521 2844 5592 leguntur,
2875 5541 2892 5571 ‹
2929 5521 3143 5586 Dixisti,
3175 5521 3522 5577 scrcnissime
3543 5521 3805 5592 Auguste,

2217 5596 2352 5651 velle
2382 5611 2477 5649 vos
2503 5595 2642 5648 scire
2660 5593 2907 5664 qualiter
2929 5609 3026 5664 nos
3054 5601 3108 5647 et
3152 5593 3320 5664 nostri
3347 5593 3671 5664 suffraganei
3716 5594 3812 5648 do-

2217 5681 2465 5721 ceremus
2511 5663 2765 5734 populum
2819 5663 3021 5734 Deide
3063 5663 3328 5734 baptismi
3385 5663 3750 5726 sacramento,
3782 5685 3799 5716 ι

2216 5736 2478 5804 ejusmodi
2511 5732 2656 5799 sunt,
2687 5750 2804 5805 qua:
2839 5734 2893 5786 in
2921 5732 3230 5805 Alcuiuum,
3256 5734 3348 5804 qui
3383 5735 3668 5805 episcopus
3701 5750 3805 5788 non

2217 5803 2338 5872 fuit,
2369 5807 2563 5862 cadere
2591 5803 2962 5875 nonpossint,
2987 5803 3230 5875 apprime
3256 5803 3438 5862 autem
3477 5803 3806 5863 conveniunt

2216 5878 2496 5934 Amalario
2531 5874 2784 5949 episcopo
2805 5874 3134 5930 Trevirensi.
