4046 6456
211 555 453 649 hloysem
472 554 747 649 mundam
779 555 1238 649 audieratmﬁrgi,

210 620 355 701 Deus
384 620 510 701 tuus
533 645 678 702 Deus
725 663 861 701 unus
897 655 973 701 est
1016 620 1198 718 (ὒέῗιῖῗ
1435 653 1488 700 et
1523 660 1622 715 per
1641 645 1786 716 leges

208 746 270 791 et
291 737 584 808 prophetas
605 736 972 793 instruebatur
1001 737 1068 791 ad
1093 736 1254 792 unius
1277 738 1391 792 veri
1422 736 1517 791 Dei
1539 735 1742 791 cultum
1766 754 1780 790 :

210 831 485 900 modnper
531 831 870 886 sacerdotum
926 830 1288 885 ministerium
1336 838 1390 884 et
1429 828 1653 885 audiens
1674 826 1788 883 efﬁ-

209 924 356 977 citur
389 929 452 976 ut
485 921 680 977 instrui
706 920 904 986 valeat,
934 929 989 978 et
1014 921 1207 977 relicto
1249 920 1357 976 ritu
1383 937 1493 990 quo
1521 928 1786 976 creaturae

209 1013 570 1078 deserviebat,
615 1013 713 1070 soli
742 1013 976 1070 creatori
1019 1013 1129 1069 Deo
1175 1013 1464 1069 deserviat.
1520 1012 1612 1069 Sic
1641 1014 1784 1070 enim

209 1105 585 1160 catechumeni
632 1105 686 1159 in
722 1104 996 1161 Christum
1046 1105 1317 1172 credunt,
1359 1113 1420 1160 ut
1464 1105 1642 1162 adhuc
1687 1120 1786 1162 sua

207 1205 431 1264 peccata
454 1203 690 1264 portent.
718 1194 794 1251 De
811 1196 1005 1266 quibus
1033 1205 1162 1266 puto
1180 1197 1234 1250 in
1251 1195 1541 1268 Evangelio
1559 1196 1783 1261 dictum,

130 1337 138 1343 .
209 1285 314 1351 Qui
336 1286 462 1341 dum
492 1287 860 1342 crederent'm
887 1287 1092 1353 Jesum,
1132 1289 1246 1359 ipse
1269 1286 1428 1344 Jesus
1463 1305 1568 1343 non
1595 1305 1650 1343 se
1676 1305 1788 1347 cree

207 1375 363 1429 debat
389 1377 464 1430 eis
497 1375 677 1448 (Joan.
725 1395 786 1445 ιι,
827 1378 940 1451 24).
993 1379 1310 1450 Quicunque
1353 1396 1486 1452 ergo
1525 1396 1555 1434 a
1581 1380 1788 1436 Joanne

206 1472 582 1538 docebantur,
627 1472 742 1527 sive
791 1472 1199 1528 instruebantur
1239 1479 1294 1527 et
1348 1470 1784 1543 baptizabantur,

205 1565 337 1635 quia
375 1565 672 1636 baptismus
695 1563 812 1634 ejus
830 1575 1050 1634 peccata
1077 1564 1258 1620 delere
1283 1579 1392 1620 non
1420 1573 1657 1636 poterat,
1699 1581 1791 1621 ca-

205 1656 654 1712 techumenorum
682 1664 866 1727 typum
887 1657 1190 1727 praetulisse
1212 1657 1469 1713 noscendi
1497 1665 1645 1712 sunt.

952 1749 1038 1804 Ill.

765 1839 875 1895 Cur
905 1842 1223 1913 exsuﬂlatur.

1342 436 1545 492 LIBER
1583 434 1672 492 DE
1710 435 1967 492 ORDINE
2004 433 2345 490 BAPTISMI.

1269 555 1485 653 μίξει,
1526 555 1783 653 Dominus
1809 563 1863 620 Α
1887 554 2062 653 emplo
2102 570 2411 653 ptenmsute
2461 554 2600 653 alios
2627 556 2945 653 condiant,‘
2975 553 3173 653 debent
3220 553 3470 653 accipere

3361 433 3469 492 226

1887 647 2056 702 salem
2081 648 2377 717 sapientiae,
2407 655 2466 702 ut
2512 646 2772 717 quidquid
2807 647 2862 702 in
2899 647 2978 702 eis
3024 644 3226 700 ﬂuxum
3265 652 3320 699 et
3347 643 3469 698 ﬁui-

1886 739 2014 794 dum
2043 747 2128 795 est
2156 780 2171 805 ,
2221 740 2371 795 verbi
2423 739 2518 795 Dei
2545 739 2656 794 sale
2684 747 2924 804 curetur,
2961 745 3016 794 et
3035 739 3189 808 juxta
3241 735 3473 805 Aposto-

1884 830 1995 885 lum
2043 815 2315 888 memores
2344 833 2457 887 sint
2486 833 2671 888 uxoris
2695 831 2814 888 Lot.
2865 831 2934 886 Et
2961 831 3099 885 sicut
3128 828 3352 883 Eliszeus
3379 843 3470 882 sa-

1883 920 1951 978 lis
2003 923 2334 981 immissione
2367 927 2707 982 sterilitatem
2733 941 2887 997 aquae
2930 923 3160 989 curavit,
3211 922 3287 977 ita
3311 920 3472 979 nimi-

1886 1029 2005 1068 rum
2058 1029 2216 1072 verus
2241 1016 2466 1073 Elisaeus
2513 1018 2769 1073 Dominus
2818 1025 3004 1072 noster
3031 1015 3188 1071 Jesus
3212 1013 3466 1069 Christus

1885 1104 2038 1160 verbi
2067 1107 2149 1161 sui
2180 1123 2372 1177 sapore
2394 1109 2612 1164 ﬂuidam
2639 1109 2851 1180 generis
2875 1106 3096 1163 humani
3129 1105 3470 1162 sterilitatem

1886 1199 1955 1254 ad
1978 1197 2186 1254 dulcem
2224 1199 2348 1256 ﬁdei
2399 1213 2455 1256 et
2479 1202 2743 1258 bonorum
2801 1215 3025 1271 operum
3056 1213 3306 1270 saporem
3348 1212 3470 1268 per-

1888 1287 2056 1343 ducit.
2109 1286 2273 1356 Cujus
2309 1287 2429 1343 lidei
2460 1288 2690 1346 ﬁrmitas
2721 1298 2851 1346 tunc
2879 1289 2992 1360 jam
3019 1289 3163 1345 clare
3190 1286 3466 1351 elucescit,

1887 1397 2009 1436 cum
2031 1382 2077 1437 is
2103 1382 2197 1452 qui
2243 1381 2488 1436 audierat
2525 1382 2692 1437 solius
2738 1383 2831 1438 Dei
2879 1381 3082 1437 cultum
3107 1396 3229 1437 esse
3282 1387 3472 1434 tenen-

1889 1476 2036 1541 dum,
2063 1475 2205 1529 unde
2235 1473 2460 1529 audiens
2484 1483 2710 1529 vocatus
2735 1484 2842 1541 est,
2897 1482 2955 1530 et
3003 1472 3198 1528 instrui
3227 1477 3472 1540 cmperat

1889 1568 1955 1622 de
1981 1583 2123 1623 verte
2152 1567 2429 1638 religionis
2464 1567 2632 1633 cultu,
2664 1567 2806 1622 unde
2831 1567 3257 1622 catechumenus
3305 1578 3471 1618 voca-

1889 1668 1978 1714 tus
2015 1669 2120 1725 est,
2152 1667 2208 1714 et
2232 1674 2329 1729 per
2378 1659 2808 1715 exsuﬁlationem
2849 1667 2902 1715 et
2939 1658 3394 1714 exorcizationem
3441 1672 3473 1711 a

1888 1748 2125 1820 maligno
2154 1748 2347 1818 spiritu
2401 1759 2588 1804 erutus
2615 1759 2718 1815 est,
2751 1758 2808 1806 et
2841 1749 2895 1804 in
2945 1748 3161 1804 datione
3203 1747 3332 1803 salis
3359 1745 3473 1816 jam

1888 1840 2090 1895 habere
2153 1839 2317 1908 erepit
2376 1848 2593 1910 gustum
2662 1840 2827 1894 divini
2889 1839 3061 1904 verbi,
3129 1838 3374 1893 tradatur
3424 1835 3472 1891 ei

277 1932 334 1987 ln
367 1947 600 2002 quorum
643 1933 805 1987 etiam
844 1932 981 1989 facie
1021 1951 1050 1989 a
1079 1935 1362 1990 saterdote
1394 1949 1492 2003 per
1533 1932 1781 1990 exsuﬁla-
1809 1922 1857 1981 B
1885 1930 2205 2002 symbolum,
2247 1931 2298 1985 id
2326 1938 2410 1986 est
2441 1946 2580 1986 ver-.2
2611 1930 2735 1986 ﬁdei
2785 1931 2993 2001 integra
3045 1937 3100 1983 et
3150 1927 3468 1983 inconvulsa

203 2023 408 2078 tionem
439 2023 655 2096 signum
687 2024 864 2078 crucis
889 2023 968 2089 ﬁt,
998 2033 1056 2078 ut
1083 2032 1136 2078 et
1162 2022 1407 2079 diabolus
1435 2023 1680 2094 fugetur,
1726 2033 1781 2080 et

202 2115 423 2172 Christo
463 2117 551 2170 via
585 2125 953 2186 praeparetur:
987 2123 1046 2169 ut
1075 2115 1167 2185 qui
1209 2115 1524 2172 illecebrosa
1559 2131 1782 2187 persua-

203 2208 356 2262 sione
393 2223 490 2262 sua
539 2207 754 2276 generis
796 2207 1040 2272 humani,
1087 2208 1229 2276 quod
1271 2201 1324 2261 in
1355 2208 1652 2277 primordio
1696 2208 1781 2264 sui

202 2298 530 2368 spiraculum
558 2299 682 2353 vitze
708 2305 1012 2368 acceperat,
1048 2298 1319 2353 habitator
1349 2307 1487 2364 erat,
1528 2297 1644 2368 ejus
1671 2300 1782 2353 vir-

201 2397 320 2445 tute
339 2399 396 2446 et
422 2390 786 2446 sacratissimo
826 2390 980 2462 signo
1014 2405 1111 2460 per
1138 2391 1501 2446 ministerium
1530 2392 1782 2447 sacerdo-

201 2489 320 2535 tum
345 2481 494 2537 exire
533 2489 778 2552 cogatur,
816 2481 907 2551 qui
957 2488 1012 2536 et
1046 2481 1101 2535 in
1133 2481 1426 2552 discipulos
1455 2498 1582 2538 suos
1612 2481 1782 2539 insuf-

199 2571 385 2640 ﬁasse,
413 2581 467 2630 et
492 2574 714 2646 spiritus
737 2574 1046 2630 immundos
1075 2573 1386 2646 increpasse
1408 2574 1623 2646 legitur.

932 2648 1036 2723 'tv.

749 2756 858 2814 Cur
885 2759 1230 2814 exorcizatur.

273 2849 429 2906 Unde
475 2856 532 2906 et
571 2849 914 2905 exorcizatur
941 2849 1086 2904 idem
1135 2848 1404 2920 malignus
1431 2848 1670 2920 spiritus,
1721 2859 1783 2904 ut

201 2953 363 3000 exeat
408 2951 463 2999 et
488 2943 704 3000 recedat
732 2944 800 2998 ab
827 2943 918 2999 illo
943 2943 1229 3014 plasmate,
1261 2943 1404 3013 quod
1425 2942 1539 3012 jam
1579 2942 1780 2998 dudum

198 3051 299 3106 per
350 3044 629 3106 peccatum
674 3035 837 3106 primi
886 3034 1119 3090 hominis
1170 3035 1496 3105 possidebat.
1553 3034 1620 3088 Et
1653 3035 1779 3104 quia

201 3143 310 3181 non
331 3136 434 3193 est,
459 3125 615 3196 juxta
630 3125 965 3197 Apostolum,
986 3127 1254 3181 conventio
1281 3125 1476 3180 Christi
1496 3127 1565 3180 ad
1587 3125 1776 3194 Belial,

200 3238 293 3275 nec
318 3221 536 3276 societas
576 3219 681 3275 luci
719 3221 788 3276 ad
835 3220 1068 3276 tenebras
1116 3219 1197 3292 (II
1212 3219 1335 3276 Cor.
1366 3238 1441 3286 v1,
1477 3220 1586 3292 15),
1629 3236 1780 3293 egre-

197 3312 419 3368 diantur
458 3313 696 3368 tenebrae
718 3320 775 3368 et
801 3311 893 3368 lux
933 3327 1062 3368 vera
1117 3311 1364 3368 Christus
1420 3313 1774 3384 ingrediatur.

197 3405 303 3473 Qui
343 3415 400 3460 et
439 3405 492 3460 in
525 3405 788 3462 Zacharia
829 3404 1004 3476 typice
1030 3413 1251 3475 propter
1295 3413 1516 3474 peccata
1567 3413 1774 3472 nostra,

195 3513 323 3569 quae
349 3497 404 3552 in
429 3511 655 3566 corpore
677 3512 776 3552 suo
799 3496 1054 3567 portavit,
1088 3496 1302 3552 sordida
1327 3496 1652 3551 vestimenta
1680 3497 1779 3550 ha-

196 3589 384 3645 buisse
417 3589 613 3660 legitur
651 3586 835 3659 (Zach.
864 3604 946 3652 ιιι,
969 3587 1046 3659 ὗ).
1086 3588 1155 3642 Et
1182 3589 1469 3658 increpans
1495 3591 1776 3654 Satanam,

195 3679 540 3736 Hierusalem
565 3678 748 3750 elegit,
777 3687 1017 3733 sanctam
1037 3678 1291 3734 videlicet
1315 3679 1632 3742 Ecclesiam,
1660 3695 1781 3750 quae

193 3781 278 3828 est
312 3769 465 3824 Visio
494 3769 664 3840 pacis,
693 3784 854 3838 quam
882 3769 1119 3837 quotidie
1167 3769 1317 3839 prole
1344 3785 1482 3825 nova
1507 3770 1778 3827 fecundet.

193 3865 298 3921 Cui
335 3877 434 3932 per
453 3861 775 3932 prophetam
806 3859 1038 3914 dicitur:
1066 3858 1195 3913 Filii
1214 3861 1291 3913 tui
1309 3861 1372 3916 de
1394 3860 1546 3932 longe
1560 3862 1779 3928 venient,

194 3967 246 4012 et
298 3953 428 4024 ﬁlim
454 3962 560 4008 tute
603 3951 668 4006 de
696 3951 858 4006 latere
885 3961 1096 4021 surgent
1133 3951 1268 4021 (Isa.
1297 3969 1385 4017 ιιι,
1416 3953 1493 4023 4).
1536 3953 1782 4010 Exorcis-

196 4063 326 4105 mus
351 4054 611 4117 praeterea
640 4054 724 4103 est
775 4062 954 4102 sermo
977 4047 1359 4118 increpationis
1388 4047 1500 4102 sive
1527 4047 1776 4118 conjura-

198 4138 387 4195 tionis.
430 4137 583 4195 Unde
624 4146 680 4194 et
737 4139 792 4193 in
827 4139 1050 4196 Actibus
1092 4141 1460 4211 apostolorum
1495 4143 1778 4198 exorcistae

199 4232 374 4288 fuisse
411 4231 691 4302 leguntur,
721 4241 775 4289 et
796 4242 983 4288 sancta
1005 4233 1244 4290 Ecclesia
1275 4235 1416 4289 inter
1446 4236 1643 4305 gradus
1683 4251 1776 4292 ec-

197 4321 535 4378 clesiasticos
584 4323 978 4378 exorcistarum
1022 4324 1187 4378 etiam
1212 4323 1570 4380 ministerium
1596 4327 1779 4382 habet.

201 4413 497 4470 Sciendum
525 4428 759 4484 namque
785 4422 870 4470 est
898 4414 1023 4484 quia
1051 4430 1174 4470 cum
1210 4416 1536 4471 exorcizatio
1582 4415 1663 4482 ﬁt,
1693 4416 1782 4473 ille

199 4505 394 4579 procul
443 4505 604 4562 dubio
644 4507 988 4563 exorcizatur
1030 4509 1208 4578 quiet
1249 4509 1578 4580 baptismati,
1608 4518 1664 4564 et
1690 4524 1780 4565 sa-

1883 2021 2171 2086 confessio,
2218 2029 2276 2074 ut
2301 2022 2492 2078 domus
2519 2021 2703 2092 prisco
2738 2020 3042 2075 habitatore
3073 2018 3332 2074 derelicto
3365 2017 3474 2073 ﬁde

1882 2123 2126 2181 ornetur,
2152 2121 2201 2169 el
2241 2115 2305 2169 de
2329 2130 2436 2185 qua
2464 2115 2630 2184 spina:
2656 2112 3046 2168 incredulitatis
3097 2109 3295 2166 evulsae
3323 2117 3469 2172 sunt,

1883 2208 2144 2279 incipiant
2168 2208 2222 2262 iu
2246 2224 2310 2262 ea
2337 2223 2477 2263 veras
2525 2206 2650 2262 ﬁdei
2677 2208 2997 2262 documenta
3023 2203 3280 2276 plantari.
3312 2202 3474 2258 Prius

1881 2301 2028 2355 enim
2075 2299 2366 2354 evellenda:
2414 2305 2540 2352 sunt
2612 2295 3001 2352 incredulitatis
3052 2295 3165 2348 sive
3218 2291 3472 2347 vitiorum

1882 2396 2070 2466 spinae,
2128 2401 2183 2449 et
2211 2401 2398 2464 postea
2445 2391 2734 2464 plantanda
2781 2397 2904 2444 sunt
2960 2387 3083 2443 ﬁdei
3123 2395 3177 2442 et
3206 2386 3474 2440 bonorum

1881 2499 2103 2554 operum
2131 2484 2457 2538 rudimenta.
2507 2479 2659 2535 Unde
2687 2487 2743 2534 et
2787 2478 3048 2533 Dominus
3098 2487 3228 2530 ante
3275 2473 3475 2527 faciem

1881 2573 2117 2628 ﬁliorum
2139 2572 2304 2627 lsrael
2333 2578 2538 2640 septem
2559 2577 2748 2638 gentes
2779 2575 2965 2638 typum
2993 2564 3249 2618 vitiorum
3283 2570 3473 2616 tenen-

1883 2672 1965 2720 tes
1991 2663 2269 2729 contrivit,
2318 2663 2371 2716 in
2400 2675 2632 2731 quarum
2688 2658 2808 2714 loco
2864 2657 2920 2711 in
2956 2664 3084 2728 typo
3117 2655 3376 2708 virtutum
3400 2652 3478 2707 ls-

1882 2757 2186 2812 raeliticum
2213 2754 2468 2826 populum
2499 2752 2802 2808 collocavit.
2832 2750 2902 2805 Et
2929 2751 2996 2804 ad
3022 2747 3313 2803 Jeremiam
3347 2762 3475 2815 pro-

1880 2849 2098 2919 phetam
2135 2846 2301 2901 dicit:
2337 2843 2474 2898 Ecce
2496 2842 2742 2898 constitui
2773 2853 2821 2894 te
2865 2838 3018 2893 hodie
3041 2853 3196 2908 super
3217 2845 3391 2908 gentes
3421 2843 3471 2889 et

1880 2955 2037 3010 super
2069 2955 2249 3009 regna,
2285 2947 2338 2990 ut
2379 2934 2588 3001 evellas,
2646 2943 2695 2989 et
2726 2933 2988 2998 destruas,
3017 2923 3085 2984 et
3132 2929 3374 3000 dissipes,
3421 2937 3469 2981 et

1880 3023 2170 3101 disperdas,
2202 3037 2248 3083 et
2282 3027 2532 3096 aediﬁces,
2562 3034 2610 3080 et
2659 3023 2861 3096 plantes
2917 3020 3051 3095 (Jer.
3085 3038 3126 3088 ι,
3166 3020 3276 3090 10).
3307 3018 3469 3074 Prius

1881 3123 2026 3177 enim
2065 3121 2204 3176 dixit
2231 3118 2587 3183 evulsionem,
2639 3123 2695 3170 et
2732 3113 3175 3177 destructionem,
3224 3119 3279 3165 ct
3304 3109 3463 3164 dissi-

1879 3215 2178 3284 pationem,
2231 3218 2285 3266 et
2315 3208 2704 3280 dispersionem
2729 3246 2747 3274 ,
2785 3216 2839 3261 et
2871 3211 3059 3276 postea
3085 3200 3316 3270 subjecit
3340 3200 3474 3255 aedi-

1884 3305 2194 3360 ﬁcationem
2222 3309 2277 3357 et
2306 3300 2716 3370 plantationem,
2749 3306 2937 3373 etper
2965 3295 3212 3350 eumdem
3243 3291 3478 3365 prophe-

1881 3409 1992 3455 tam
2019 3399 2093 3452 ait
2127 3416 2140 3450 :
2171 3395 2320 3452 Sicut
2351 3393 2562 3466 vigilavi
2596 3372 2914 3462 super
2940 3399 2996 3444 ut
3023 3388 3284 3444 evellerem
3309 3396 3354 3442 et
3385 3386 3478 3442 de-

1878 3493 2093 3547 molirer
2113 3499 2161 3544 et
2191 3489 2498 3559 dissiparem
2525 3496 2572 3540 et
2607 3485 2950 3564 dispergerem
2978 3490 3025 3537 et
3059 3481 3370 3552 afﬂigerem,
3395 3479 3471 3532 sic

1879 3587 2103 3658 vigilabo
2127 3601 2281 3656 super
2316 3601 2424 3646 eos,
2448 3592 2504 3636 ut
2537 3580 2792 3649 ludiﬁcem
2818 3589 2866 3634 et
2887 3577 3115 3649 plantem
3147 3575 3283 3648 (Jer.
3315 3591 3468 3639 χχχι,

1879 3677 1992 3750 28).
2014 3677 2083 3730 Et
2102 3677 2206 3731 hoc
2232 3674 2352 3729 ideo
2382 3673 2508 3742 quia
2551 3679 2676 3742 post
2711 3668 3172 3725 exorcizatioucm
3209 3675 3262 3721 et
3292 3662 3474 3722 exsuf-

1881 3766 2182 3832 ﬂationem,
2216 3763 2446 3836 symboli
2471 3761 2717 3833 sequitur
2748 3758 2986 3815 traditio.

2634 3875 2714 3932 VI.

1929 3971 2061 4038 Qua:
2087 3971 2152 4026 sit
2175 3968 2536 4041 interpretatio
2573 3965 2811 4039 Symboli
2854 3964 3139 4022 secundum
3192 3962 3428 4018 Latinos.

1951 4063 2104 4130 Quod
2133 4061 2431 4133 symbolum
2461 4060 2651 4115 Latine
2671 4057 2956 4122 indicium,
3007 4054 3091 4112 vel
3121 4055 3354 4126 signum,
3389 4049 3474 4105 vel

1879 4155 2095 4210 collatio
2141 4156 2547 4224 interpretatur.
2605 4153 2890 4215 Indicium,
2939 4152 3065 4218 quia
3104 4163 3202 4218 per
3240 4148 3293 4200 id
3322 4145 3462 4199 indi-

1882 4254 2036 4302 catur
2060 4245 2184 4300 ﬁdei
2212 4246 2529 4316 integritas;
2577 4244 2814 4313 signum,
2841 4241 2986 4310 quod
3007 4255 3072 4294 eo
3101 4239 3236 4292 bene
3265 4242 3476 4289 retento

1887 4347 1944 4395 et
1973 4337 2244 4394 intellecto
2296 4334 2563 4391 ﬁdelesab
2586 4332 2892 4388 inﬁdelibus
2914 4331 3330 4393 discernuntur;
3364 4325 3476 4381 col-

1883 4431 2036 4495 latio,
2081 4428 2210 4499 quia
2242 4428 2298 4482 in
2321 4441 2388 4482 eo
2415 4423 2644 4497 apostoli
2681 4437 2898 4480 omnem
2935 4421 3058 4476 ﬁdei
3107 4417 3474 4488 integritatem

1883 4522 2248 4580 contulerunt.
2281 4519 2435 4588 Quod
2461 4526 2642 4574 autem
2689 4531 2879 4573 omnes
2920 4513 3038 4586 pari
3087 4512 3212 4568 ﬁdei
3249 4510 3474 4568 sinceri.

200 4597 307 4653 luti
338 4596 589 4695 ﬁdelium,
618 4604 676 4652 et
701 4599 953 4656 omnibus
998 4600 1286 4656 virtutibus
1323 4599 1440 4670 ejus
1469 4602 1781 4658 contrarius
1806 4634 1860 4695 Β
1887 4625 1997 4672 me
2027 4615 2192 4672 corde
2225 4613 2531 4668 retinebam
2555 4651 2572 4678 ,
2610 4624 2708 4667 ore
2751 4607 2985 4665 confessi
3013 4614 3161 4671 sunt,
3191 4613 3246 4661 et
3273 4602 3471 4673 singuli

201 4700 310 4748 est.
340 4689 436 4745 lllo
456 4690 602 4745 enim
630 4691 940 4746 exorcizato
985 4691 1098 4747 sive
1120 4691 1363 4763 expulso,
1417 4693 1584 4749 divini
1633 4693 1783 4751 verbi

201 4783 608 4840 condimentum
633 4782 977 4839 credentibus
1006 4783 1181 4838 datur.

974 4872 1040 4927 ν.

523 4962 632 5020 Cur
655 4963 1052 5019 catechumenus
1079 4963 1264 5035 accipit
1295 4963 1478 5019 salem.

274 5058 348 5115 Et
368 5057 571 5115 idcirco
594 5057 652 5113 hi
675 5057 769 5128 qui
800 5056 1110 5128 baptizandi
1153 5066 1277 5112 sunt
1300 5057 1466 5112 salem
1501 5056 1557 5112 iu
1597 5072 1783 5114 sacra-

201 5158 392 5208 mento
411 5149 706 5220 accipiunt,
731 5156 792 5204 ut
819 5147 936 5218 ejus
965 5157 1125 5220 gustu
1151 5149 1548 5205 condimentum
1578 5150 1785 5220 sapien-

204 5244 297 5298 tiae
324 5241 652 5313 percipiant,
675 5254 850 5310 neque
879 5254 910 5294 a
936 5255 1128 5310 sapore
1171 5239 1373 5296 Christi
1421 5241 1780 5312 decipiantur,

203 5345 259 5390 et
284 5335 398 5390 sint
435 5333 623 5390 insulsi
659 5342 713 5389 et
733 5331 885 5387 fatui.
940 5331 1039 5398 Qui
1068 5332 1212 5388 enim
1238 5333 1313 5387 ait
1332 5333 1605 5403 discipufts
1628 5334 1741 5389 suis
1767 5352 1780 5388 :

213 5427 320 5482 Vos
342 5428 464 5483 estis
489 5426 569 5483 sal
592 5435 744 5483 terra:
782 5425 998 5500 (Matth.
1026 5441 1078 5490 v,
1105 5425 1212 5498 l5),
1247 5427 1364 5496 ipse
1409 5427 1544 5482 dixit
1571 5445 1584 5481 :
1616 5425 1784 5482 Nemo

204 5520 419 5573 mittens
452 5535 667 5573 manum
721 5533 874 5573 suam
899 5517 960 5584 in
981 5525 1180 5580 aratra,
1225 5525 1273 5570 et
1311 5517 1589 5587 respiciens
1626 5527 1784 5584 retro,

206 5628 367 5682 regno
407 5610 655 5666 ctelorum
705 5621 856 5682 aptus
908 5627 1018 5665 esse
1063 5618 1232 5681 potest.
1262 5608 1413 5681 (Luc.
1446 5627 1523 5676 ιι,
1553 5609 1663 5682 62).
1717 5609 1790 5666 Ut

206 5715 391 5761 autem
424 5708 519 5776 qui
568 5707 912 5776 baptizantur
943 5721 1109 5778 regno
1139 5705 1399 5762 caelorum
1425 5707 1533 5777 apti
1557 5709 1688 5774 sint,
1735 5715 1792 5763 et

207 5813 278 5852 ue
305 5797 582 5868 praaterita
623 5808 844 5868 peccata
883 5807 1144 5853 iterantes
1190 5798 1481 5868 respiciant
1509 5808 1684 5867 retro,
1735 5811 1790 5858 et

212 5892 522 5953 eﬁiciantur
544 5901 724 5948 statua
753 5891 902 5964 salis,
933 5899 989 5950 et
1037 5899 1378 5949 remanentes
1403 5891 1662 5953 inseusati
1698 5908 1793 5956 ex-

1853 4706 2140 4778 -proprias
2194 4703 2488 4760 sententias
2517 4700 2877 4765 conferentes,
2915 4697 3239 4770 symbolum,
3283 4695 3338 4752 id
3387 4701 3472 4750 est

1892 4802 2057 4858 totius
2083 4798 2207 4854 ﬁdei
2231 4797 2589 4864 collationem,
2630 4795 2936 4852 ediderunt.
2993 4793 3297 4850 Discessuri
3325 4792 3474 4847 enim

1893 4894 1961 4950 ab
1986 4891 2217 4947 invicem
2262 4903 2510 4945 normam
2564 4887 2759 4942 futurae
2803 4885 3205 4956 praedicationis
3242 4883 3298 4938 in
3328 4895 3474 4937 com—

1891 4995 2056 5039 mune
2084 4987 2410 5048 statuerunt,
2446 4993 2518 5034 ne
2551 4976 2796 5034 localiter
2839 4976 2911 5033 ab
2940 4976 3172 5034 invicem
3196 4972 3474 5030 disceden-

1892 5083 1975 5130 tes
1994 5073 2267 5127 diversum
2291 5070 2495 5142 aliquid
2521 5068 2607 5124 vel
2643 5067 2923 5124 dissonum
2959 5065 3336 5138 praedicarent.
3370 5061 3472 5114 De-

1888 5162 2258 5221 centissimum
2309 5175 2542 5230 namque
2580 5167 2636 5215 et
2679 5158 2810 5214 utile
2837 5165 2990 5224 erat,
3041 5165 3103 5212 ut
3128 5155 3324 5225 quibus
3351 5159 3472 5205 erat

1891 5256 2067 5312 anima
2094 5269 2202 5309 una
2230 5261 2286 5308 et
2311 5267 2407 5308 cor
2444 5267 2612 5306 unum
2650 5251 2705 5305 in
2753 5249 3006 5313 Domino,
3052 5253 3108 5300 et
3131 5256 3267 5312 quos
3297 5241 3470 5294 sancti

1892 5346 2125 5417 Spiritus
2161 5327 2728 5433 amatus‘geg‘etabat,
2776 5341 2936 5396 unius
2978 5335 3142 5391 etiam
3178 5330 3303 5386 ﬁdei
3345 5347 3474 5387 con-

1889 5440 2057 5498 fessio
2083 5421 2550 5581 exornaretrlg
2576 5437 2720 5494 enim
2748 5430 2931 5490 dirimi
2957 5429 3014 5484 in
3055 5427 3232 5498 aliquo
3255 5427 3340 5483 vel
3370 5442 3469 5498 po-

1892 5535 2073 5581 terant
2097 5527 2182 5581 vel
2227 5527 2469 5581 debeban
2514 5566 2530 5581 .
2581 5526 2674 5581 aui
2701 5523 2863 5578 unius
2886 5517 3011 5575 ﬁdei
3039 5517 3256 5573 vinculo
3283 5527 3469 5574 necte-

1892 5535 2073 5586 terant
2097 5527 2182 5584 vel
2227 5517 2530 5593 debebanf',
2581 5526 2674 5596 qui
2701 5523 2863 5578 unius
2886 5517 3011 5575 ﬁdei
3039 5517 3256 5573 vinculo
3283 5527 3469 5574 necte-

1889 5621 2104 5677 bantur.
2154 5619 2406 5690 Plerique
2447 5619 2648 5677 interea
2695 5612 2918 5668 verbum
2962 5608 3335 5666 abbreviatum
3371 5625 3471 5679 per
3501 5614 3546 5644 ’σίν

1888 5712 2084 5769 Isaiam
2125 5714 2464 5784 prophetam,
2489 5704 2822 5808 iyswibolo
2849 5714 2904 5761 et
2925 5705 3167 5762 oratione
3192 5703 3472 5760 Dominica

1893 5805 2118 5876 intelligi
2149 5805 2351 5860 volunt.
2375 5803 2430 5857 ln
2455 5799 2636 5856 alt‘e'rd'
2649 5801 2794 5856 enim
2817 5799 2963 5868 ﬁdei,
2978 5800 3034 5856 in
3056 5799 3226 5854 altero
3244 5811 3470 5868 precum

1899 5895 2208 5955 continetur
2232 5893 2534 5965 integritas,
2559 5903 2616 5949 ut
2645 5903 2700 5951 et
2736 5893 2792 5951 in
2815 5891 3102 5952 duodecim
3125 5886 3308 5947 verbis
3331 5883 3468 5946 duo-
