4046 6466
550 351 655 416 227

1565 340 1954 407 THEODULFI
1991 345 2543 405 AURELIANENSIS
2581 341 2796 408 EPISC.

3682 355 3793 414 228

544 471 720 531 decim
737 467 1101 542 apostolorum
1122 460 1529 531 doctrina,etin
1552 472 1758 536 septem
1773 459 2122 534 petitionibus
2149 463 2201 523 Α
2225 459 2280 514 in
2309 460 2411 514 hac
2434 467 2620 515 sancta
2669 459 2937 514 Trinitate
2983 457 3130 528 ullosj
3155 461 3353 533 gradus
3391 463 3588 533 quibus
3613 466 3810 540 aliquis

543 577 706 618 omne
733 561 1076 616 contineatur
1109 556 1367 629 quidquid
1393 556 1462 611 ad
1510 557 1795 626 praesentis
1843 563 1898 610 et
1927 554 2122 608 futurae

544 652 667 708 vitae
703 652 941 722 pertinet
965 649 1440 720 dispensationem.
1471 646 1726 714 Quamvis
1764 645 1927 700 etiam
1958 643 2122 699 totius

544 744 804 800 doctrinm
824 744 1048 802 verbum
1075 741 1179 796 dici
1206 739 1376 810 possit
1403 739 1792 803 abbreviatum,
1821 739 1944 808 quia
1981 735 2120 806 quod

542 837 694 909 prius
715 836 801 892 lex
822 847 876 892 et
898 837 1174 908 prophetae
1201 835 1549 891 continebant
1577 834 1630 887 in
1677 833 1960 887 latitudine
1984 846 2122 900 pra:-

543 937 842 998 eeptorum,
896 929 1121 984 veniens
1167 925 1425 981 Dominus
1453 924 1824 996 pronuntiavit
1867 931 1922 976 et
1963 922 2119 988 dixit,

541 1020 738 1093 Diliges
768 1021 1068 1093 Dominunt’
1080 1029 1225 1073 tuum
1253 1034 1318 1072 ex
1347 1027 1452 1072 toto
1490 1016 1644 1070 corde
1671 1024 1760 1070 tuo
1782 1056 1795 1080 ,
1827 1023 1873 1068 et
1904 1030 1970 1067 ea:
2012 1022 2120 1067 tota

485 1118 718 1174 .I‘anima
739 1126 849 1181 tua,
896 1125 944 1170 et
972 1129 1035 1170 ex
1061 1116 1180 1168 totis
1204 1111 1397 1168 viribus
1426 1113 1549 1177 tuis,
1584 1119 1632 1164 et
1657 1110 1948 1181 proximum
1972 1115 2119 1160 tuum

435 1211 474 1247 δ’
539 1215 789 1276 tanquam
829 1205 1069 1275 teipsum.
1118 1201 1185 1258 In
1213 1202 1292 1258 his
1330 1201 1533 1257 duobus
1585 1199 1850 1253 mandatis
1880 1207 1988 1252 tota
2036 1196 2121 1251 lex

285 1278 288 1281 .
365 1279 430 1324 ιζ.)

241 1331 274 1364 μ)
325 1329 394 1365 ,Ι

536 1297 724 1365 pendet
753 1305 800 1350 et
839 1297 1100 1366 prop/tetra
1156 1293 1372 1366 (Matth.
1425 1309 1556 1354 χχιι,
1605 1292 1718 1358 '57).
1767 1292 1824 1345 In
1867 1306 1974 1360 quo
2009 1289 2120 1346 evi-

537 1387 726 1442 denter
768 1386 1054 1457 prophetas
1083 1397 1137 1442 et
1180 1387 1352 1454 legem
1398 1385 1606 1440 duobus
1642 1384 1726 1438 his
1779 1382 2119 1438 sermonibus

534 1476 762 1533 breviat.
822 1475 948 1532 Hmc
1002 1478 1068 1532 de
1119 1475 1375 1548 Symbolo
1427 1484 1482 1531 et
1532 1476 1749 1532 nomine
1800 1475 1918 1530 eius
1973 1475 2117 1530 dicta

539 1570 669 1623 sint.

1276 1639 1382 1694 VII.

535 1727 608 1784 De
634 1731 962 1798 credulitate,
1002 1730 1259 1803 quomodo
1282 1729 1596 1803 credendum
1626 1719 1691 1803 sit
1722 1730 1779 1803 in
1811 1725 2117 1803 Deum-Apa-

604 1813 734 1876 trem
764 1797 1163 1876 omnipotentem
1190 1843 1204 1866 ,
1239 1812 1287 1855 et
1317 1804 1371 1855 in
1395 1801 1577 1854 Jesum
1623 1799 1886 1876 Christum
1915 1797 2113 1876 Fit/ium
2145 1817 2190 1876 Β

603 1874 717 1941 ejus
758 1883 805 1926 et
849 1867 917 1925 ἑνί
943 1871 1193 1942 δμὶνὶιιιηι
1237 1882 1497 1934 sanctum,
1543 1881 1782 1942 sanctam
1826 1867 2115 1942 Ecclesium

600 1938 933 2006 catholicam,
960 1938 1005 1995 et
1029 1954 1214 1996 cwtera
1239 1958 1356 2012 quar
1377 1951 1664 2012 sequuntur
1685 1941 1740 1993 in
1759 1939 1939 1993 eodem
1965 1938 2120 2009 Sym-

606 2011 743 2066 bolo.

599 2124 850 2182 Ceterum
880 2125 1014 2183 fides
1039 2144 1158 2198 quae
1183 2129 1234 2182 in
1271 2129 1377 2184 hoc
1414 2127 1654 2200 symbolo
1683 2127 2008 2191 continetur,
2042 2126 2117 2182 ita

528 2218 597 2273 ab
623 2218 708 2273 his
742 2219 833 2288 qui
859 2219 1163 2288 baptizandi
1192 2229 1317 2274 sunt
1340 2219 1562 2291 intelligi
1594 2219 1773 2284 debet,
1806 2227 1867 2273 ut
1890 2220 2116 2275 credant

529 2309 582 2364 in
611 2310 777 2365 Deum
808 2310 1022 2368 Patrem
1048 2313 1495 2383 omnipotentem,
1545 2321 1846 2369 creatorem
1874 2313 2116 2369 omnium

527 2401 820 2457 visibilium
855 2413 912 2459 et
947 2404 1318 2472 invisibilium,
1347 2405 1438 2474 qtti
1465 2404 1613 2460 solus
1641 2404 1768 2475 quia
1805 2419 1914 2458 non
1943 2411 2027 2459 est
2049 2402 2117 2459 de

531 2491 659 2560 alio,
705 2494 826 2550 ideo
864 2495 1011 2551 solus
1062 2496 1365 2568 appellatur
1419 2498 1708 2568 ingenitus.
1763 2497 1831 2552 Et
1856 2496 1913 2552 in
1931 2493 2115 2553 Jesum

525 2585 803 2654 Christum
844 2586 1044 2643 Filium
1079 2587 1217 2659 ejus,
1274 2605 1372 2661 per
1391 2605 1552 2661 quem
1588 2591 1770 2646 omnia
1793 2590 1937 2646 facta
1967 2599 2112 2656 sunt,

524 2689 714 2730 verum
735 2675 905 2732 Deum
927 2679 1269 2751 unigenitum
1295 2697 1590 2752 verumque
1616 2681 1712 2737 Dei
1739 2682 1956 2750 Filium,
2007 2698 2115 2738 non

529 2765 736 2824 factum
777 2779 872 2826 aut
918 2773 1252 2844 adoptivum,
1284 2774 1378 2830 sed
1429 2775 1670 2846 genitum
1695 2785 1750 2830 et
1777 2777 1940 2832 unius
1992 2791 2117 2832 cum

527 2859 691 2919 Patre
716 2863 1056 2933 substantiae,
1081 2875 1244 2937 atque
1269 2868 1344 2923 ita
1382 2883 1479 2937 per
1501 2870 1684 2923 omnia
1707 2867 1967 2937 aequalem
1997 2867 2111 2924 Deo

530 2940 702 3022 Patri,
729 2965 788 3011 ut
814 2972 915 3012 nec
953 2968 1219 3030 tempore,
1247 2973 1346 3015 nec
1365 2959 1555 3030 gradu,
1583 2973 1684 3014 nec
1706 2967 1973 3030 potestate
1994 2973 2116 3015 esse

525 3047 700 3119 possit
728 3047 974 3116 inferior,
1010 3057 1333 3122 tantumque
1387 3065 1506 3106 esse
1534 3051 1683 3106 illum
1709 3051 1800 3121 qui
1840 3059 1923 3107 est
1965 3054 2089 3123 geni

527 3146 633 3207 tus,
659 3149 895 3211 quantus
924 3151 1007 3197 est
1042 3141 1130 3196 ille
1154 3143 1246 3213 qui
1277 3144 1480 3215 genuit.
1535 3139 1770 3198 Credant
1798 3144 1960 3200 etiam
1989 3161 2114 3201 eum

528 3242 718 3289 natum
744 3232 812 3290 de
834 3233 1038 3306 Spiritu
1077 3250 1268 3292 saneto
1307 3253 1376 3294 ex
1407 3237 1575 3293 Maria
1605 3253 1819 3310 semper
1852 3242 2060 3311 virgine
2095 3260 2107 3296 :

525 3323 578 3379 id
615 3331 718 3390 est,
740 3335 801 3380 ut
831 3325 1036 3398 Spiritu
1065 3337 1256 3384 sancto
1277 3339 1623 3400 cooperante,
1657 3346 1845 3387 verum
1869 3333 1970 3390 sibi
1996 3350 2118 3390 cor-

522 3429 624 3485 pus
645 3430 713 3470 ex
739 3417 948 3486 virgine
989 3419 1133 3473 idem
1171 3417 1267 3474 Dei
1296 3418 1465 3475 Filius
1505 3424 1880 3492 assumpserit,
1937 3433 1994 3483 ut
2023 3425 2115 3495 qui

523 3515 642 3562 erat
666 3508 721 3562 in
748 3509 1031 3564 divinitate
1056 3510 1152 3565 Dei
1203 3509 1381 3566 Patris
1409 3511 1600 3579 Filius,
1629 3513 1744 3585 ipse
1764 3513 1940 3571 factus
1967 3516 2037 3571 sit
2062 3519 2115 3571 in

523 3597 858 3657 humanitate
908 3602 1142 3658 hominis
1178 3604 1371 3659 matris
1418 3603 1605 3661 Filius.
1676 3604 1912 3662 Credant
1951 3607 2115 3662 etiam

522 3708 647 3748 eum
695 3694 1036 3752 descendisse
1089 3696 1281 3753 ultimo
1313 3707 1557 3768 tempore
1600 3713 1702 3769 pro
1745 3697 2116 3769 redemptione

523 3785 711 3838 mundi
731 3801 762 3838 a
788 3785 970 3853 Patre,
1006 3789 1097 3858 qui
1147 3805 1422 3859 nunquam
1456 3789 1616 3844 desiit
1637 3805 1758 3846 esse
1785 3806 1908 3846 cum
1934 3789 2114 3858 Patre,

527 3881 584 3929 et
608 3875 886 3930 hominem
909 3891 1096 3932 verum
1120 3878 1345 3945 factum,
1380 3880 1748 3934 utbumanum
1772 3895 1942 3950 genus
1955 3881 2116 3938 homo

523 3965 802 4022 liberaret.
835 3966 904 4021 Et
927 3967 1046 4038 ipse
1074 3969 1168 4038 qui
1191 3971 1401 4040 absque
1427 3971 1585 4028 initio
1612 3974 1972 4029 aeternitatem
1993 3987 2115 4031 cum

523 4055 689 4114 Patre
712 4063 770 4113 et
791 4056 998 4130 Spiritu
1035 4068 1223 4115 sancto
1249 4062 1510 4131 possidet,
1544 4063 1598 4118 in
1636 4061 1745 4118 line
1795 4065 2113 4122 saeculorum

523 4149 826 4224 perfectum
840 4151 1048 4208 naturae
1061 4161 1258 4209 nostrae
1281 4155 1553 4212 hominem
1574 4158 1894 4229 susceperit,
1911 4166 1968 4216 et
1981 4158 2118 4215 Ver-

521 4242 649 4300 bum
666 4259 796 4302 caro
838 4245 1043 4301 factum
1076 4247 1170 4313 sit,
1203 4249 1528 4305 assumenda
1564 4251 1975 4320 humanitatem,
2011 4269 2119 4310 non

520 4337 876 4406 permutando
892 4336 1246 4393 divinitatem.
1265 4337 1501 4396 Credant
1514 4341 1678 4398 etiam
1694 4359 1817 4399 eum
1830 4345 2118 4417 pertulisse

521 4431 831 4500 passionem
846 4439 901 4485 et
930 4438 1180 4498 mortem,
1219 4445 1327 4488 non
1351 4435 1408 4489 in’
1431 4435 1634 4494 virtute
1660 4438 1982 4508 divinitatis,
2016 4442 2113 4496 sed

524 4519 580 4575 in
630 4519 948 4576 infirmitate
996 4523 1386 4591 humanitatis,
1439 4537 1714 4584 mortuum
1755 4546 1886 4587 vera
1931 4533 2188 4619 carnisD

2223 549 2449 606 inferibr
2493 551 2806 622 superiorve
2835 551 2940 606 dici
2983 552 3172 621 possit.
3210 553 3450 611 Credant
3495 559 3663 616 etiam
3691 577 3789 620 san

2223 649 2368 697 ctam
2400 640 2696 696 Ecclesiam
2731 640 3077 707 catholicam,
3105 643 3160 698 id
3188 653 3272 700 est
3290 647 3670 719 universalem,
3697 671 3808 713 non

2223 732 2277 786 in
2308 739 2547 787 sanctam
2578 732 2901 799 Ecclesiam,
2957 741 3016 788 ut
3042 736 3326 793 credentes
3376 739 3429 794 in
3463 740 3806 802 Trinitatem.

2222 824 2456 880 Credant
2476 827 2716 896 ejusdem
2745 835 2947 882 sancta:
2989 827 3270 886 Trinitatis
3296 833 3514 888 domum
3541 849 3662 893 esse
3689 855 3813 896 san-

2222 923 2368 969 ctam
2412 916 2731 972 Ecclesiam.
2777 919 2818 971 Α
2871 918 3024 988 cujus
3062 923 3438 979 communione
3467 927 3814 989 discedentes

2222 1009 2550 1065 schismatici
2594 1018 2649 1066 et
2683 1010 2922 1067 haeretici
2957 1022 3236 1080 vocantur,
3268 1023 3323 1071 et
3354 1026 3553 1074 aeterna
3584 1022 3810 1080 damna.

2222 1101 2368 1157 tione
2385 1103 2697 1173 puniuntur.
2726 1105 2781 1158 In
2805 1105 2922 1175 ejus
2947 1121 3075 1162 vero
3095 1110 3474 1166 communione
3496 1128 3813 1182 permanen-

2221 1200 2324 1257 tes,
2355 1201 2410 1248 et
2430 1193 2672 1248 membra
2688 1194 2889 1250 Christi
2912 1213 3053 1263 esse,
3076 1208 3130 1253 et
3163 1201 3534 1258 remissionem
3558 1216 3812 1274 peccato-

2221 1301 2340 1338 rum
2385 1287 2703 1357 pereipere,
2760 1297 2816 1343 et
2863 1289 2930 1344 ad
2977 1292 3142 1346 vitam
3193 1301 3450 1349 aeternam
3511 1299 3808 1366 pertinere.

2220 1375 2356 1444 Quia
2378 1392 2508 1450 ergo
2535 1380 2767 1449 parvuli,
2800 1383 3028 1437 necdum
3058 1384 3268 1439 ratiOne
3300 1395 3532 1453 utentes,
3567 1390 3683 1447 haec
3711 1394 3814 1448 mi-

2218 1471 2364 1526 nime
2395 1487 2590 1543 capere
2615 1482 2861 1544 possunt,
2909 1484 3123 1546 oportet
3152 1485 3212 1530 ut
3249 1492 3374 1532 cum
3401 1481 3468 1534 ad
3500 1480 3814 1554 intellig-ibi-

2218 1564 2323 1620 lem
2351 1574 2568 1622 aetatem
2607 1568 2950 1637 pervenerint
2979 1570 3276 1624 doceantur
3303 1612 3317 1636 ,
3365 1580 3429 1626 et
3463 1573 3588 1629 fidei
3632 1590 3816 1631 sacra:

2219 1663 2434 1724 mentis,
2483 1671 2538 1718 et
2595 1663 2952 1720 confessionis
2999 1681 3110 1720 suae
3145 1668 3437 1736 mysteriis,
3471 1677 3530 1722 ut
3561 1681 3628 1724 ea
3655 1685 3815 1725 vem-

2215 1755 2353 1811 citer
2372 1753 2596 1812 credant
2616 1767 2670 1813 et
2697 1757 2938 1826 diligenti
2966 1775 3094 1814 cura
3137 1761 3462 1814 custodiant.
3495 1759 3811 1817 Confessio-

2223 1864 2345 1904 nem
2375 1865 2525 1904 suam
2561 1849 2715 1921 plane
2746 1852 3003 1917 diximus,
3034 1854 3158 1922 quia
3191 1854 3437 1922 quamvis
3471 1853 3548 1908 illi
3579 1855 3813 1910 necdum

2221 1941 2365 2015 loqui
2394 1947 2622 2015 possint,
2676 1960 2776 2015 pro
2817 1946 2922 2001 illis
2949 1955 3002 2000 et
3046 1946 3372 2001 confitentur
3419 1955 3473 2001 et
3510 1947 3816 2017 loquuntur

2221 2038 2312 2107 qui
2338 2040 2433 2094 eas
2479 2037 2544 2093 de
2573 2037 2790 2093 lavacro
2817 2039 2980 2094 fontis
3019 2039 3338 2109 suscipiunt.
3390 2037 3502 2093 Nec
3535 2039 3816 2097 immerito

2219 2128 2441 2199 dignum
2478 2138 2582 2194 est,
2631 2137 2691 2184 ut
2717 2131 2808 2200 qui
2849 2130 3077 2185 aliorum
3121 2129 3362 2200 peccatis
3393 2130 3612 2186 obnoxii
3659 2140 3814 2198 sunt,

2220 2219 2447 2276 aliorum
2492 2222 2655 2276 etiam
2710 2220 3052 2278 confessione
3097 2236 3196 2293 per
3238 2223 3555 2293 mysterium
3605 2223 3820 2293 baptis-

2219 2311 2380 2365 matis
2435 2311 2814 2368 remissionem
2868 2312 3210 2385 originalium
3268 2314 3572 2385 percipiant
3614 2327 3818 2386 pecca-

2218 2411 2414 2459 torum.

2940 2475 3071 2534 VIII.

2788 2580 2791 2581 '
2814 2567 2892 2624 De
2921 2570 3202 2626 scrutinio.

2289 2679 2391 2747 Qui
2417 2694 2548 2736 vero
2577 2679 2720 2736 illius
2764 2689 2890 2736 sunt
2911 2682 3024 2752 jam
3049 2683 3226 2740 aetatis
3264 2690 3326 2738 ut
3372 2683 3643 2739 rationem
3687 2698 3816 2741 cre-

2217 2770 2461 2828 dulitatis
2515 2787 2626 2828 sua:
2681 2773 2908 2828 reddere
2961 2775 3190 2845 possint,
3251 2775 3496 2848 diligenti
3549 2777 3813 2833 examine

2217 2863 2496 2921 scrutandi
2525 2873 2671 2931 sunt,
2699 2872 2881 2920 utrum
2901 2866 3173 2921 veraciter
3197 2868 3442 2933 credant,
3480 2881 3548 2922 an
3575 2864 3814 2938 alicujus

2216 2956 2476 3014 falsitatis
2511 2959 2566 3013 in
2595 2958 2676 3014 eis
2707 2956 2918 3014 macula
2948 2958 3155 3014 celetur
3183 2973 3199 3013 :
3231 2973 3300 3014 ne
3330 2959 3478 3026 dum,
3518 2966 3612 3014 aut
3640 2959 3813 3015 timo-

2217 3062 2278 3104 re
2301 3057 2394 3104 aut
2434 3046 2618 3104 favore
2650 3045 2989 3104 terrenarum
3031 3058 3384 3120 potestatum,
3433 3058 3536 3105 aut
3566 3049 3819 3122 acquisi-

2219 3141 2366 3197 tione
2386 3142 2742 3212 quarumdam
2766 3157 2973 3208 rerum,
3018 3143 3084 3197 ad
3114 3143 3459 3212 baptismatis
3487 3158 3812 3200 sacramen-

2217 3241 2334 3289 tum
2365 3233 2737 3303 ignorantibus
2761 3234 3024 3290 ministris
3049 3233 3304 3290 Ecclesiae
3325 3235 3670 3306 perveniunt,
3694 3243 3817 3289 tra-

2218 3327 2384 3382 datur
2407 3335 2656 3382 sanctum
2677 3327 2928 3393 canibus,
2957 3334 3010 3382 et
3034 3328 3318 3382 mittantur
3336 3326 3644 3398 margaritas
3667 3327 3820 3383 inter

2217 3433 2435 3491 porcos,
2483 3427 2540 3475 et
2574 3419 2684 3489 lupi
2710 3420 2871 3474 ovina
2893 3419 3032 3490 pelle
3081 3420 3401 3474 vestiantur.
3460 3416 3617 3474 Hunc
3655 3420 3814 3476 enim

2218 3525 2426 3567 morem
2473 3509 2716 3566 Ecclesia
2768 3525 2986 3565 servare
3011 3509 3310 3575 consuevit,
3371 3517 3431 3564 ut
3464 3526 3565 3581 per
3597 3511 3818 3583 aliquot

2217 3604 2427 3660 dierum
2457 3604 2692 3675 spatium
2719 3604 2773 3658 hi
2806 3604 2898 3675 qui
2930 3604 2984 3659 in
3023 3604 3364 3660 solemnitate
3412 3603 3668 3662 Paschali
3713 3609 3818 3662 ba-

2216 3695 2457 3767 ptizandi
2499 3706 2623 3753 sunt
2657 3705 2987 3764 scrutentur,
3013 3707 3073 3753 ut
3102 3698 3385 3755 instructis
3438 3709 3494 3755 et
3523 3700 3716 3763 doctis,
3757 3709 3820 3756 et

2217 3784 2448 3854 simplici
2495 3785 2660 3840 corde
2710 3784 2778 3840 ad
2827 3784 2985 3840 ﬁdem
3037 3801 3222 3841 veram
3260 3786 3626 3854 venientibus,
3666 3788 3803 3842 vitae

2219 3881 2561 3930 sacramenta
2583 3875 2986 3945 impertiantur.
3041 3877 3247 3942 Quibus
3298 3881 3360 3931 ut
3383 3879 3619 3947 aptiores
3649 3878 3812 3935 inve-

2219 3969 2442 4022 niantur
2505 3968 2850 4038 baptismatis
2902 3978 3278 4036 sacramento,
3343 3978 3399 4025 et
3442 3983 3625 4024 eorum
3669 3969 3816 4027 fides

2217 4058 2554 4130 probabilior
2608 4059 2699 4121 sit,
2749 4059 2996 4127 quietiam
3059 4059 3194 4114 fiunt
3252 4061 3626 4131 corporaliter,
3683 4076 3814 4131 quae

2217 4151 2445 4223 spiritali
2473 4159 2633 4222 gustu
2664 4152 2949 4223 degustata
2975 4152 3263 4225 mysticum
3317 4154 3451 4225 quid
3477 4162 3535 4210 et
3559 4153 3813 4226 spiritale

2217 4244 2451 4316 sapiant.

2997 4317 3088 4373 IX.

2437 4408 2546 4464 Cur
2565 4417 2858 4480 tanguntur
2877 4408 2941 4463 de
2973 4418 3125 4480 sputo
3149 4424 3302 4464 aures
3341 4418 3388 4464 et
3413 4425 3587 4467 nares.

2289 4521 2608 4594 Tanguntur
2636 4523 2819 4591 itaque
2842 4521 2908 4576 de
2939 4530 3096 4593 sputo
3131 4535 3293 4576 nares
3331 4529 3385 4577 et
3408 4533 3589 4586 aures,
3632 4528 3688 4575 et
3715 4520 3806 4576 di-

523 4618 724 4679 tnorte,
749 4615 1114 4670 resurrexisse
1134 4627 1264 4672 vera
1288 4620 1470 4675 carnis
1483 4624 1906 4691 resurrectione,
1937 4632 1992 4680 et
2020 4640 2109 4680 re-
2135 4611 2179 4619 ”
2212 4614 2391 4671 citur:
2420 4614 2610 4669 Eﬂ'eta.
2639 4612 2907 4680 Nares,ut
2937 4611 3214 4670 Christum
3240 4615 3294 4668 in
3321 4615 3486 4668 odore
3500 4621 3808 4685 unguento-

525 4703 860 4759 surrectione
873 4719 966 4763 sua
989 4715 1139 4776 spem
1167 4707 1323 4764 nobis
1348 4712 1765 4769 resurrectionis
1787 4715 2106 4772 contulisse:
2148 4733 2173 4759 ι
2211 4722 2333 4762 rum
2357 4714 2654 4785 sequantur
2684 4711 2748 4762 et‘
2766 4707 2978 4762 dicant:
3000 4705 3172 4761 Τναθοε
3197 4718 3296 4771 "te,
3321 4714 3436 4777 Ροσε
3458 4716 3507 4760 ιθ
3527 4719 3805 4760 curram

526 4794 600 4850 ita
627 4796 886 4853 duntaxat
917 4805 977 4854 ut
1003 4801 1141 4856 sicut
1166 4801 1256 4858 ille
1283 4805 1550 4863 tertia‘die'
1568 4809 1867 4864 resurrexit
1890 4809 2045 4866 vivus
2076 4826 2108 4866 a

526 4889 774 4957 mortuis,
806 4889 879 4945 ita
904 4898 960 4947 et
989 4903 1092 4949 nos
1125 4893 1181 4950 in
1211 4895 1317 4952 fine
1343 4898 1664 4956 saeculorum
1680 4902 2028 4971 resurgamus
2053 4903 2109 4958 in

2213 4806 2392 4880 (Cant.
2431 4824 2473 4874 ι,
2497 4806 2577 4880 5),
2609 4816 2808 4863 etcum
2835 4805 3095 4878 Apostolo
3120 4804 3478 4876 profiteantur
3504 4804 3756 4860 dicentes
3783 4822 3806 4858 ε’

2213 4897 2408 4955 Christi
2449 4900 2613 4955 bonus
2650 4899 2782 4954 odor
2826 4913 3020 4953 sumus
3045 4898 3156 4953 Deo
3198 4896 3283 4969 (ΙΙ
3311 4894 3433 4952 Cor.
3471 4914 3532 4963 ιι,
3584 4897 3696 4968 15),
3739 4905 3802 4952 et

525 4982 878 5054 eademqu"
905 4984 1435 5047 ‘.“’rivimuscarne.
1461 4990 1696 5047 Credant
1731 4990 2028 5047 etiameum
2052 4994 2109 5048 in
2210 4993 2361 5048 illius
2405 4993 2651 5048 membra
2694 4987 2996 5046 efﬁciantur
3023 4989 3109 5044 cui
3163 4975 3360 5046 dicitur
3399 5007 3410 5042 :
3444 4985 3511 5042 Et
3541 4989 3674 5043 odor
3714 5005 3803 5054 ve-

527 5075 718 5130 codem
744 5088 855 5130 corr
916 5083 1000 5143 :e,
1040 5078 1196 5149 quod"
1224 5079 1290 5137 de
1317 5082 1528 5155 virgine
1556 5084 1869 5154 assumpsit,
1905 5093 1958 5140 et
1983 5101 2112 5156 pas-

528 5168 734 5226 sionem
760 5167 1016 5227 sustinuit
1040 5180 1095 5228 et
1122 5173 1444 5242 resurrexit,
1476 5178 1786 5239 ascendisse
1807 5180 1860 5234 in
1891 5179 2108 5246 omium,

527 5274 580 5318 et
604 5263 656 5319 in
685 5265 872 5322 eodem
921 5273 976 5320 et
1000 5279 1145 5321 nunc
1173 5281 1312 5334 esse,
1360 5275 1416 5323 et
1443 5268 1508 5322 ad
1532 5270 1792 5340 judicium
1826 5281 2111 5328 venturum

529 5370 668 5420 esse,
701 5364 756 5410 et
801 5358 1136 5415 resuscitatis
1162 5359 1444 5425 omnibus,
1497 5361 1626 5417 dare
1655 5362 1774 5417 aliis
1797 5379 1895 5433 pro
1919 5378 2113 5433 pecca-

530 5447 600 5500 tis
622 5448 866 5519 supplicii
893 5453 1081 5507 aeterni
1108 5451 1454 5517 sententiam,
1479 5451 1599 5512 diis
1629 5469 1728 5524 pro
1749 5455 1972 5525 justitiae
1999 5471 2109 5510 me-

530 5537 650 5594 ritis
689 5549 905 5597 aeterna:
931 5542 1278 5598 beatitudinis
1306 5543 1610 5613 prtemium.
1665 5543 1900 5600 Credant
1950 5555 2005 5601 et
2053 5547 2108 5601 in

530 5630 791 5704 Spiritum
841 5643 1108 5700 sanctum,
1154 5637 1321 5692 Deum
1359 5630 1548 5709 Qum
1582 5651 1649 5692 ex
1679 5636 1838 5692 Patre
1869 5636 2110 5709 Filioque

530 5729 929 5796 procedentem,
958 5728 1219 5798 aequalem
1248 5744 1344 5799 per
1369 5727 1549 5785 o't'nnia
1577 5727 1724 5784 Patri
1751 5736 1807 5785 et
1829 5728 1985 5794 Filio,
2008 5745 2108 5785 vo-

533 5817 759 5906 luntate,
798 5828 1087 5902 potestate,
1123 5824 1449 5898 aeternitate,
1488 5824 1813 5898 substantia,
1849 5839 1951 5885 nec
1993 5837 2114 5886 esse

2213 5084 2574 5144 alimentorum
2597 5089 2810 5136 tuorum“
2847 5096 3004 5151 super
3029 5081 3206 5135 omnia
3225 5089 3466 5134 aromata
3500 5077 3682 5151 (Cant.
3715 5094 3794 5145 tv,

2217 5175 2325 5249 l0).
2354 5175 2522 5240 Quem
2545 5174 2766 5228 odorem
2795 5182 2924 5228 tunc
2950 5173 3088 5227 bene
3114 5172 3317 5228 habere
3335 5171 3556 5242 poterit,
3601 5170 3646 5225 si
3671 5185 3801 5226 cum

2216 5267 2402 5330 Maria,
2457 5283 2576 5339 qum
2614 5268 3004 5338 interpretatur
3047 5265 3265 5321 domina
3300 5267 3415 5320 sive
3455 5263 3797 5328 luminatrix,

2216 5361 2489 5417 alabastro
2515 5359 2796 5429 unguenti,
2855 5358 2956 5414 hoc
2994 5366 3079 5414 est
3113 5371 3280 5412 sacrae
3311 5356 3432 5411 fidei
3475 5355 3713 5426 puritate
3741 5364 3803 5410 et

2214 5454 2367 5509 bonae
2395 5452 2725 5524 operationis
2755 5449 3034 5518 exercitio,
3067 5457 3272 5522 ungant
3292 5450 3456 5521 pedes
3479 5448 3632 5515 Jesu,
3668 5465 3802 5519 apo-

2215 5547 2475 5602 stolorum
2515 5546 2766 5601 videlicet
2806 5543 3010 5599 monita
3047 5541 3379 5612 complentes
3408 5540 3489 5595 vel
3535 5541 3804 5609 praedica-

2216 5649 2392 5695 torum
2423 5637 2808 5710 quorumlibet,
2867 5651 2966 5706 per
3002 5649 3137 5704 quos
3187 5632 3436 5689 Christus
3473 5631 3799 5697 inambulat,

2215 5741 2271 5787 et
2298 5733 2509 5798 domus,
2554 5729 2786 5784 mundus
2822 5727 3074 5782 videlicet
3120 5725 3234 5781 sive
3292 5723 3622 5778 universitas
3672 5735 3802 5791 san-

2215 5831 2316 5883 ctae
2341 5821 2615 5892 Ecclesiae,
2670 5835 2858 5881 eorum
2881 5819 3022 5877 bona
3049 5817 3326 5896 opinione,
3364 5815 3521 5895 quasi
3553 5815 3808 5894 quodam
