4046 6456
164 360 278 424 929

1304 359 1510 423 LIBER
1549 364 1641 424 DE
1674 365 1932 426 ORDINE
1966 363 2314 426 BAPTISHI.

3345 362 3458 429 950

168 486 318 545 dulci
349 490 408 542 et
443 479 596 540 suavi
619 485 789 542 odore
817 483 1110 557 repleatur.
1163 483 1232 542 Et
1272 487 1398 557 quia
1441 487 1765 559 plerumque
1791 492 1845 554 Α
1869 489 2024 554 ritus,
2069 489 2184 546 sive
2227 500 2393 560 opera
2442 478 2663 541 luminis
2699 491 2756 541 et
2797 483 3208 553 misericordia,
3269 492 3454 548 cordis

166 579 354 636 odoris
382 579 622 634 suavitas
657 587 714 634 et
741 579 956 634 diversa
995 579 1351 652 thymiamata
1399 579 1678 638 dissolutis
1707 589 1762 637 et

169 671 509 727 amatoribus
557 671 911 740 conveniunt,
966 673 1054 728 isti
1088 689 1118 728 e
1146 674 1443 741 contrario,
1488 683 1542 730 et
1587 675 1763 730 conti-

169 775 363 820 nentes
394 770 449 819 et
491 763 695 819 Christi
725 774 1000 822 amatores
1031 763 1209 821 eil‘ecti
1247 765 1388 822 illius
1420 766 1760 822 solummodo

165 856 510 913 salutiferum
538 870 752 927 semper
779 851 1177 928 amplectantur
1207 857 1451 912 odorem.
1509 856 1761 927 Tangun-

171 959 265 1003 tur
313 956 367 1004 et
399 959 579 1014 aureis,
621 957 682 1002 ut
733 950 1014 1004 audientes
1049 950 1214 1004 verba
1267 949 1363 1003 Dei
1415 957 1469 1004 et
1499 948 1761 1004 facientes

165 1056 252 1101 ea,
280 1039 485 1095 similes
521 1040 631 1096 sint
656 1039 949 1096 secundum
974 1041 1326 1112 Evangelium
1357 1041 1474 1094 viro
1504 1041 1758 1110 sapienti,

166 1135 260 1204 qui
311 1131 601 1189 aedificavit
653 1133 874 1190 domum
903 1151 1055 1190 suam
1080 1150 1242 1204 supra
1273 1143 1485 1205 petram
1539 1133 1755 1204 (Matth.

165 1242 266 1292 vn,
313 1225 432 1298 24),
488 1235 542 1282 et
571 1227 801 1299 spiritali
848 1229 1034 1283 auditu
1073 1241 1288 1297 semper
1329 1225 1590 1298 spiritalia
1636 1241 1760 1280 aus-

160 1320 371 1376 cultent
405 1339 418 1375 :
453 1329 514 1376 ut
539 1337 662 1376 cum
685 1321 858 1376 David
885 1321 1070 1376 dicere
1102 1320 1314 1389 possint
1344 1337 1356 1373 :
1383 1319 1612 1373 Audiam
1633 1319 1758 1390 quid

159 1414 415 1484 loquatur
442 1413 497 1468 in
537 1408 900 1468 tne/Dominus
932 1413 1073 1468 Deus
1112 1413 1284 1485 (Psal.
1328 1429 1550 1478 Lxxxw,
1578 1413 1654 1484 9),
1705 1419 1761 1466 et.

159 1521 289 1560 cum
323 1503 482 1572 Isaia,
535 1504 794 1560 Dominus
836 1503 977 1560 Deus
1020 1505 1222 1576 aperuit
1259 1505 1388 1558 mihi
1415 1521 1619 1570 aurem,
1664 1521 1758 1574 ego

163 1609 345 1652 autem
389 1614 492 1652 non
519 1597 847 1661 contradico,
900 1607 1189 1652 retrorsum
1235 1614 1337 1651 non
1388 1597 1495 1650 abii
1540 1595 1675 1667 (Isa.
1704 1613 1756 1660 1.,

157 1686 218 1761 ὅ)
243 1707 258 1754 ;
311 1695 373 1744 ut
397 1705 517 1760 qua)
546 1690 869 1761 spiritaliter
899 1691 1155 1744 dicuntur
1185 1689 1505 1760 spiritaliter
1535 1688 1760 1742 audien—

159 1789 244 1837 tes
283 1823 298 1848 ,
361 1783 429 1837 ad
488 1783 812 1852 spiritalium
862 1798 1087 1854 operum
1139 1783 1500 1836 emolumenta
1565 1793 1756 1849 perve—

155 1875 332 1930 niant.
363 1871 498 1930 Cum
542 1876 728 1945 itaque
756 1875 1018 1930 Dominus
1049 1875 1100 1929 in
1127 1873 1416 1943 Evangelio
1447 1872 1616 1926 dicit:
1648 1871 1752 1938 Qui
1783 1857 1827 1915 Β

156 1969 316 2024 habet
336 1987 497 2024 aures
522 1969 776 2024 audiendi
799 1970 984 2025 audiat
1013 1969 1230 2042 (Matth.
1262 1986 1336 2032 χι,
1372 1968 1480 2037 i5),
1507 1977 1560 2022 et
1579 1966 1745 2022 Joan-

157 2078 258 2119 nes
299 2063 353 2119 in
400 2063 729 2135 Apocalypsi
767 2079 863 2120 sua
899 2083 912 2119 :
948 2064 1051 2131 Qui
1093 2063 1244 2117 habet
1285 2050 1450 2119 aureis”
1477 2052 1789 2134 {audiendi}

156 2155 344 2210 audiat
373 2155 500 2228 quid
527 2154 756 2226 Spiritus
777 2157 920 2209 dicat
945 2154 1194 2211 Ecclesiis
1221 2154 1407 2226 (Apoc.
1437 2169 1497 2220 tt,
1531 2153 1620 2225 7);
1659 2153 1751 2209 hic

155 2262 266 2303 non
306 2263 470 2302 aures
505 2247 774 2312 carnales,
836 2247 936 2302 sed»
973 2247 1246 2316 spiritales
1293 2254 1636 2315 (ItltBt‘tlnlUl‘,
1692 2253 1748 2298 et

155 2353 258 2408 per
296 2337 509 2392 aurium
547 2353 741 2393 nomen
795 2338 1070 2393 interioris
1125 2338 1362 2392 hominis
1397 2338 1618 2392 auditus
1658 2337 1754 2392 de-

159 2432 432 2502 signatur.
481 2431 538 2486 In
579 2447 736 2488 sacro
775 2432 976 2488 etenim
1010 2432 1226 2501 eloquio
1286 2431 1604 2502 plerumque
1654 2445 1754 2501 per

159 2525 410 2580 membra
434 2526 676 2595 corporis
706 2524 979 2595 spiritales
1029 2525 1226 2579 anima:
1257 2523 1490 2578 virtutes
1540 2521 1751 2577 intelli-

158 2625 388 2688 guntur.
442 2614 575 2684 Quia
634 2631 766 2686 ergo
811 2617 1070 2671 divinitas
1120 2615 1393 2672 hominem
1437 2629 1752 2682 assumens,

157 2699 435 2778 quoddam
484 2721 549 2762 ex
581 2707 923 2762 eonnexione
963 2708 1193 2762 duarum
1225 2707 1655 2762 substantiarum
1698 2706 1756 2760 in

170 2816 283 2855 una
312 2800 409 2855 Dei
450 2800 544 2855 lilii
581 2817 813 2872 persona
864 2801 1149 2873 collyrium
1198 2800 1350 2866 fecit,
1395 2800 1540 2855 unde
1586 2814 1757 2871 genus

159 2891 460 2949 humanum
499 2897 643 2967 quod
681 2911 886 2952 caicum
925 2913 955 2950 a
991 2897 1180 2966 primis
1219 2895 1538 2966 parentibus
1568 2903 1755 2950 natum

159 2996 283 3040 erat
332 2985 688 3055 illuminaret,
749 3004 858 3044 non
910 2989 978 3044 ab
1017 3005 1076 3044 re
1125 2999 1284 3060 sputo
1322 3003 1484 3044 aures
1526 2997 1756 3058 tangun-

161 3086 252 3132 tur
292 3088 349 3134 et
379 3095 562 3147 nares,
609 3089 670 3136 ut
691 3081 784 3152 qui
828 3095 1071 3153 expuens
1104 3079 1345 3153 linguam
1381 3079 1517 3136 muti
1559 3081 1752 3152 tetige-

156 3178 261 3236 rat,
315 3177 370 3224 et
420 3181 578 3241 sputo
624 3171 798 3228 lutum
841 3173 1070 3238 fecerat,
1119 3181 1173 3227 et
1209 3171 1398 3227 oculos
1448 3171 1579 3227 eieci
1631 3171 1747 3227 nati

157 3273 468 3334 aperuerat,
524 3283 670 3323 nunc
725 3282 824 3338 per
871 3267 1231 3323 ministerium
1283 3267 1654 3333 sacerdotum,
1695 3273 1752 3322 et

159 3355 410 3410 auditum
445 3357 752 3427 spiritalem
781 3357 867 3415 his
912 3359 1006 3429 qui
1036 3359 1351 3429 baptizandi
1374 3367 1501 3415 sunt
1525 3359 1749 3425 tribuat,

157 3455 215 3500 et
268 3455 419 3503 recte
463 3448 744 3520 loquendi,
784 3450 838 3506 id
887 3458 975 3506 est
1023 3449 1185 3506 fidem
1230 3466 1415 3506 veram
1461 3451 1752 3506 confitendi

157 3533 482 3593 facultatem
508 3540 769 3610 praebeat,
802 3548 860 3596 et
903 3555 1065 3596 nares
1095 3541 1292 3611 quibus
1316 3541 1518 3596 bonum
1548 3539 1752 3596 Christi

155 3627 387 3682 odorem
461 3631 683 3699 capiant
735 3631 964 3700 aperiat.
1015 3631 1214 3687 Pectus
1256 3633 1402 3687 enim
1451 3631 1596 3687 illius
1660 3633 1754 3702 qui

154 3717 472 3787 baptizatur
526 3717 787 3774 refertum
839 3736 1054 3792 semper
1108 3736 1231 3777 esse
1269 3722 1451 3789 debet,
1494 3729 1552 3777 et
1586 3722 1754 3777 divini

149 3812 343 3869 odoris
381 3819 608 3869 nectare
640 3820 696 3869 et
735 3813 966 3884 spiritali
998 3815 1257 3872 unctione
1294 3815 1614 3872 delibutum.

939 3927 1012 3983 X.

153 4015 271 4075 Cur
317 4025 496 4088 peetus
515 4015 630 4074 oleo
670 4019 906 4144 ungitlur,
948 4021 1026 4146 vf!
1062 4020 1297 4092 scapulae
1328 4022 1626 4094 signantur,
1671 4020 1752 4078 vel

829 4108 978 4146 tntun
1003 4108 1086 4146 ur.
1130 4131 1133 4134 -

829 4108 1086 4146 tntuntur.
1130 4131 1133 4134 -

237 4179 392 4239 Unde
418 4182 583 4239 etiam
613 4184 700 4240 his
719 4185 812 4256 qui
844 4185 1150 4256 baptizandi
1182 4195 1310 4241 sunt
1338 4196 1526 4258 pectus
1545 4189 1611 4244 de
1626 4188 1746 4246 oleo

156 4266 475 4344 et'scapula:
489 4281 804 4346 tanguntur,
821 4284 882 4330 ut
896 4275 1039 4330 illius
1059 4275 1164 4330 olei
1177 4277 1348 4331 sancti
1371 4277 1622 4332 videlicet
1642 4278 1753 4348 spi-

155 4367 301 4424 ritus
315 4369 568 4425 unctione
581 4368 754 4435 leniti,
769 4371 836 4426 de
849 4386 955 4441 quo
968 4371 1258 4442 Apostolus
1275 4373 1352 4427 ait
1370 4370 1552 4470 :‘Siqcpt
1574 4373 1750 4427 unctio

158 4461 279 4535 ejus
317 4461 464 4518 docet
494 4480 589 4535 ags
629 4461 695 4520 de
737 4463 976 4520 omnibus
1037 4463 1088 4538 (Ι
1133 4464 1295 4520 Joan.
1347 4460 1599 4532 u’iﬁl‘ﬁ,
1623 4475 1752 4521 ante

1775 3217 1824 3284 C

1863 580 2013 638 locus
2059 581 2315 637 unctione
2355 579 2632 649 utrimque
2664 579 2932 646 munitur,
2977 577 3032 633 id
3069 587 3154 634 est
3209 584 3455 639 anterior

1863 686 1919 732 et
1938 678 2228 748 posterior,
2249 684 2302 731 ct
2325 674 2560 745 undique
2587 687 2739 729 mens
2766 671 3066 728 Christiani
3115 681 3170 728 et
3224 674 3452 744 pingue-

1863 769 1990 824 dine
2021 769 2195 824 sancti
2221 767 2479 840 Spiritus,
2508 774 2564 822 et
2589 765 2854 837 operibus
2872 765 3091 822 luminis
3113 774 3275 838 atque
3290 769 3452 823 mise-

1863 859 2109 916 ricordia:
2134 860 2412 917 exuberet.

2616 949 2702 1004 XI.

2299 1043 2440 1110 Quid
2471 1045 2538 1098 sit
2577 1044 3012 1099 abrenuntiatio?

1933 1137 2139 1206 Quibus
2177 1138 2316 1195 bene
2345 1139 2626 1203 exuberat,
2680 1139 2725 1194 si
2765 1139 3201 1194 abrenuntian'do
3231 1138 3448 1196 diabolo

1860 1241 1915 1285 et
1936 1231 2191 1301 operibus
2247 1231 2385 1300 ejus,
2433 1231 2856 1287 dominationem
2901 1231 3052 1287 illius
3104 1240 3447 1304 aspernetur,

1861 1332 1916 1379 et
1951 1323 2140 1395 jugum
2187 1325 2329 1395 quod
2370 1339 2428 1378 se
2470 1324 2773 1394 premebat,
2829 1325 2976 1381 illius
3026 1324 3132 1382 olei
3191 1326 3448 1382 unctione

1861 1419 2099 1485 fatiscat,
2154 1426 2207 1473 et
2253 1419 2541 1489 impleatur
2595 1418 2726 1472 illud
2767 1419 3191 1490 propheticum:
3222 1416 3448 1491 Compu-

1861 1520 2046 1566 trescet
2068 1511 2261 1582 jugum
2297 1527 2332 1563 a
2369 1510 2502 1580 facie
2552 1511 2653 1564 olei
2693 1509 2832 1582 (Isa.
2882 1527 2939 1576 χ,
2991 1511 3104 1582 27).
3153 1510 3443 1578 Abrenun-

1861 1606 1998 1660 tiare
2028 1604 2228 1658 etenim
2279 1602 2405 1673 poni
2446 1602 2584 1657 solet
2626 1617 2727 1672 pro
2761 1618 2827 1658 eo
2853 1604 2998 1672 quod
3038 1612 3124 1659 est
3159 1619 3438 1674 spernere,

1861 1695 2106 1764 rejicere,
2158 1694 2557 1758 contradicere,
2613 1694 2728 1750 sive
2781 1693 2939 1749 aliud
2977 1693 3108 1764 quid
3158 1693 3301 1764 quod
3343 1695 3447 1750 hoc

1859 1790 2026 1844 verbo
2072 1789 2123 1843 in
2154 1789 2258 1844 hoc
2287 1801 2456 1855 sensu.
2477 1787 2706 1856 exprimi
2757 1795 2951 1856 potest.
3012 1786 3273 1854 Quamvis
3299 1786 3445 1842 enim

1855 1880 2002 1936 illius
2038 1880 2190 1935 verbi
2222 1880 2366 1949 quod
2414 1891 2497 1934 est
2537 1880 2726 1934 nuntio
2763 1889 2956 1935 sensus
2988 1879 3042 1932 in
3073 1887 3326 1949 promptu
3351 1880 3442 1945 sit,

1855 1987 1978 2027 cum
2014 1973 2131 2028 sine
2165 1972 2544 2042 praepositione
2573 1970 2871 2041 profertur,
2918 1980 3223 2042 et'accepta
3243 1986 3448 2042 przepo—

1855 2063 2054 2118 sitione
2094 2063 2366 2118 interdum
2391 2078 2423 2117 a
2456 2078 2552 2118 sua
2591 2061 2994 2132 significatione
3031 2077 3140 2118 non
3170 2062 3329 2134 longe
3359 2078 3447 2118 re-

1854 2155 2030 2220 cedat,
2078 2164 2136 2210 ut
2185 2163 2268 2210 est
2322 2155 2502 2210 illud:
2547 2154 2795 2209 Narrabo
2839 2165 2890 2209 et
2921 2156 3231 2211 renuntiabo
3259 2153 3436 2233 (ἔθεσι.

1853 2263 1962 2311 ων,
2018 2247 2130 2318 18),
2178 2247 2446 2302 interdum
2483 2262 2612 2302 vero
2638 2248 2691 2301 in
2718 2248 2882 2303 alium
2915 2262 3134 2303 sensum
3173 2255 3441 2316 vertatur,

1857 2349 1914 2393 ut
1939 2351 2025 2396 est
2050 2340 2178 2395 illud
2210 2358 2223 2393 :
2255 2339 2348 2395 Sic
2392 2357 2514 2410 ergo
2549 2341 2718 2395 omnis
2738 2356 2806 2395 ea:
2823 2343 2964 2395 vobis
2985 2341 3075 2412 qui
3101 2357 3206 2395 non
3245 2357 3444 2396 renun-

1855 2433 1953 2484 tiat
1992 2430 2231 2486 omnibus
2261 2447 2378 2502 quia
2399 2431 2652 2501 possidet,
2695 2447 2800 2486 non
2836 2441 3001 2503 potest
3041 2429 3187 2486 meus
3202 2449 3312 2488 esse
3336 2431 3445 2488 dis-

1855 2521 2060 2593 cipulus
2088 2521 2240 2594 (Luc.
2277 2537 2389 2588 xiv,
2420 2522 2553 2593 55);
2598 2519 2986 2576 abrenuntiare
3013 2531 3194 2576 tamen
3227 2536 3446 2592 semper

1857 2612 1912 2667 in
1935 2626 2003 2668 eo
2034 2628 2197 2668 sensu
2224 2613 2352 2684 poni
2392 2611 2676 2668 consuevit
2727 2625 2890 2682 quem
2915 2612 3168 2682 superius
3188 2612 3441 2668 diximus.

1854 2704 2259 2760 Abrenuntiare
2285 2704 2485 2760 etenim
2509 2717 2568 2760 se
2591 2701 2793 2759 fatetur
2821 2701 3060 2768 Satanae,
3093 2711 3150 2757 et
3182 2703 3440 2759 omnibus

1855 2801 2114 2873 operibus
2142 2801 2280 2870 ejus,
2311 2810 2367 2857 et
2393 2801 2646 2856 omnibus
2671 2800 2892 2870 pompis
2918 2797 3057 2867 eius.
3083 2799 3259 2866 Quam
3286 2798 3446 2852 abre-

1856 2896 2256 2952 nuntiatiouem
2292 2903 2442 2952 recte
2473 2893 2750 2951 confessio
2799 2903 3002 2950 sanctae
3041 2891 3330 2947 Trinitatis
3362 2905 3444 2947 se-

1856 2988 2059 3058 quitur,
2111 2997 2171 3043 ut
2222 2988 2313 3044 ubi
2361 2986 2657 3044 abundavit
2703 2994 2992 3058 peccatum
3031 2983 3444 3054 sape‘rabu'ndet'

1856 3080 2050 3152 gratia,
2077 3089 2134 3134 et
2161 3078 2253 3135 ubi
2294 3077 2626 3149 computruit
2643 3077 2836 3150 jugum
2869 3076 3137 3133 diabolita‘
3163 3074 3302 3131 faeie
3343 3088 3446 3130 un-

1856 3171 2048 3227 ctionis
2086 3169 2321 3241 Spiritus
2362 3171 2558 3238 sancti,
2618 3169 2873 3226 adveniat
2922 3165 3068 3222 illius
3106 3163 3300 3237 iugum
3346 3164 3440 3234 qul

1855 3263 1992 3319 dixit
2018 3281 2031 3318 :
2061 3263 2259 3319 Discite
2282 3280 2315 3318 a
2345 3279 2428 3318 me
2457 3264 2582 3336 quia
2628 3263 2772 3318 mitis
2793 3268 2981 3315 sumet
3017 3257 3234 3312 humilis
3255 3257 3433 3320 corde,

1852 3367 1900 3412 et
1929 3357 2200 3412 invenietis
2237 3357 2465 3429 requiem
2504 3355 2782 3410 animabus
2834 3353 3036 3408 vestris.
3071 3351 3271 3422 Iugum
3304 3348 3441 3403 enim

1853 3468 2025 3505 meum
2067 3468 2227 3506 suave
2248 3460 2347 3518 est,
2394 3460 2441 3505 et
2467 3467 2598 3505 onus
2623 3461 2796 3502 meum
2833 3445 2940 3500 leve
2969 3443 3187 3516 (Matth.
3212 3458 3288 3507 ιι,
3320 3439 3436 3507 29).

1856 3541 2088 3598 Satanas
2112 3543 2277 3608 enim,
2318 3541 2410 3612 qui
2436 3549 2492 3596 et
2523 3538 2772 3595 diabolus
2799 3541 3168 3604 nuncupatur,
3217 3548 3248 3586 a
3277 3529 3444 3586 fideli-

1854 3633 1956 3691 bus
1985 3635 2400 3692 abrenuntiatur
2421 3641 2483 3688 ut
2518 3632 2630 3687 Deo
2659 3627 2932 3686 Salvator'i
2976 3624 3444 3713 liberiuslservia-

1857 3737 1966 3796 tur,
1993 3730 2119 3800 quia
2137 3727 2295 3798 juxta
2329 3725 2571 3796 ejusdem
2593 3723 2809 3780 Domini
2840 3735 3047 3787 vocem,
3079 3709 3256 3824 Nemi}
3275 3715 3441 3790 poiest

1854 3826 2060 3882 duobus
2081 3825 2310 3881 dominis
2333 3819 2693 3894 seruire(Luc.
2727 3833 2841 3886 xvr,
2877 3815 2988 3889 15).
3224 3815 3237 3824 ’
3255 3815 3282 3824 “

2594 3932 2704 3988 XII.

1851 4030 1931 4088 De
1989 4029 2445 4087 abrenuntiatione
2495 4024 2730 4090 Satante,
2789 4029 2836 4078 et
2895 4019 3134 4078 omnibus
3189 4015 3430 4090 aperibus

1921 4104 2036 4174 ejus
2100 4112 2254 4175 atque
2313 4100 2552 4172 pompis,
2611 4095 2688 4152 vel
2720 4089 2858 4168 qua:
2917 4107 3076 4164 opera
3135 4089 3336 4167 diaboli
3378 4095 3430 4142 et

1921 4190 2144 4245 pompm.

1923 4268 2353 4324 Abrennntiatur
2402 4265 2569 4321 etiam
2619 4262 2876 4333 operibus
2920 4259 3059 4329 ejus,
3110 4254 3237 4325 quia
3276 4266 3442 4324 Opera

1854 4361 1998 4418 illius
2046 4359 2322 4416 contraria
2361 4365 2490 4414 sunt
2541 4355 2800 4426 operibus
2836 4337 3172 4414 Salvaioris;
3209 4357 3266 4403 et
3312 4346 3440 4418 quia

1854 4457 1944 4513 ille
1992 4455 2160 4510 armis
2188 4453 2322 4518 suis,
2377 4451 2432 4508 id
2461 4458 2546 4507 est
2571 4448 2738 4513 vitiis,
2790 4461 2959 4519 genus
2991 4445 3288 4500 humanm
3326 4439 3434 4498 sibi

159 4564 220 4613 et
244 4565 400 4612 retro
431 4555 648 4624 muniti,
698 4557 753 4612 id
783 4565 867 4612 est
900 4565 1093 4614 contra
1129 4558 1312 4613 omnia
1343 4569 1603 4628 prOSpera
1633 4559 1748 4613 sive

1858 4547 2105 4620 subjecit,
2147 4545 2410 4602 Dominus
2456 4542 2624 4598 armis
2679 4541 2823 4605 suis,
2891 4539 2946 4594 id
2996 4545 3080 4593 est
3119 4534 3434 4599 virtutibus,

161 4647 398 4705 adversa
423 4649 536 4705 sint
560 4650 960 4721 circumspecti,
1001 4659 1056 4706 et
1091 4651 1392 4707 caelestium
1433 4651 1748 4706 animalium

160 4740 471 4797 imitatione
498 4749 625 4797 ante
665 4750 722 4799 et
749 4750 898 4798 retro
924 4741 1068 4812 pleni
1099 4742 1208 4797 sint
1236 4741 1432 4809 oculis,
1461 4742 1517 4798 id
1541 4751 1646 4804 est,
1693 4743 1749 4797 in

160 4831 502 4902 praeteritum
525 4840 581 4887 et
606 4831 851 4888 futurum
894 4834 1248 4904 respicientes
1284 4834 1474 4890 salutis
1495 4851 1608 4891 suae
1656 4851 1750 4891 cu-

161 4921 399 4976 stodiam
426 4935 534 4978 non
562 4925 832 4980 amittant.
878 4923 1139 4994 Tangitur
1178 4925 1259 4981 eis
1281 4933 1492 4996 pectus,
1539 4933 1599 4980 ut
1625 4943 1749 4982 cum

161 5010 339 5068 David
391 5014 573 5071 dicere
608 5016 865 5088 possint:
894 5016 965 5071 Et
1007 5017 1370 5072 misericordia
1407 5016 1521 5087 ejus
1557 5034 1750 5088 praeve-

164 5104 277 5160 niat
317 5121 401 5160 me
443 5104 616 5180 (Psal.
672 5123 826 5177 LVIII,
883 5107 995 5176 11).
1047 5108 1368 5180 Tanguntur
1401 5107 1654 5179 scapulae,
1694 5116 1756 5164 ut

165 5212 290 5252 cum
348 5198 542 5254 eodem
573 5199 761 5278 dicant
799 5219 811 5254 :
853 5199 922 5254 Et
945 5199 1307 5255 misericordia
1330 5203 1444 5269 ejus
1464 5199 1752 5271 subsequa-

164 5299 252 5346 tur
289 5309 375 5347 me
417 5289 590 5362 (Psal.
642 5311 779 5362 xm,
831 5294 910 5367 6).
961 5295 1021 5351 Id
1056 5302 1140 5351 est
1178 5295 1472 5359 anteriora,
1527 5302 1588 5350 ut
1617 5294 1756 5350 bene

169 5384 372 5451 velint;
421 5387 746 5456 posteriora,
791 5401 862 5442 ne
918 5384 1120 5442 frustra
1162 5385 1348 5442 velint.
1393 5387 1536 5442 Bene
1574 5394 1754 5441 autem

1856 4643 2008 4700 illum
2059 4638 2364 4697 debellavit.
2412 4637 2468 4692 In
2499 4635 2642 4690 illius
2671 4633 2818 4690 enim
2847 4631 3062 4696 militia,
3100 4629 3155 4686 id
3197 4636 3281 4685 est
3308 4642 3440 4699 pec-

1856 4735 1994 4791 catis
2017 4741 2218 4789 nostrae
2240 4728 2518 4787 servitutis
2539 4739 2889 4799 permanens,
2937 4723 3147 4793 accepit
3171 4729 3437 4778 mortem:

1857 4826 1914 4882 in
1955 4825 2112 4882 istius
2166 4820 2382 4888 militia,
2439 4820 2494 4876 id
2527 4826 2612 4876 est
2657 4816 2970 4880 virtutibus,
3020 4813 3317 4884 accipimus
3361 4812 3441 4867 vi-

1856 4925 1971 4973 tam
2031 4916 2315 4972 aeternam.
2374 4911 2596 4982 Septem
2648 4908 2833 4978 itaque
2900 4904 3225 4978 principalia
3277 4904 3438 4969 vitia,

1858 5009 2056 5081 quibus
2093 5005 2339 5063 diabolus
2365 5017 2538 5074 genus
2560 5002 2860 5058 humanum
2901 4997 3144 5065 infestat,
3208 5011 3318 5052 non
3357 4996 3441 5050 in-

1854 5114 2096 5171 congrue
2139 5111 2308 5170 opera
2359 5094 2577 5152 Satanae
2623 5094 2804 5152 dicere
2859 5107 3179 5166 possumus;
3229 5089 3437 5159 quibus

1857 5201 2208 5267 opponuntur
2243 5199 2449 5262 septem
2475 5189 2808 5262 principales
2855 5189 3105 5252 virtutes,
3165 5195 3286 5254 quae
3311 5193 3440 5250 ope-

1857 5304 1918 5345 ra
1961 5294 2086 5344 sunt
2112 5284 2302 5358 procul
2340 5285 2503 5341 dubio
2542 5283 2821 5340 salutaria.
2881 5279 2993 5336 Nec
3017 5279 3198 5333 minus
3226 5274 3438 5330 interea

1856 5381 2070 5453 pompis
2106 5378 2222 5449 ejus
2252 5379 2682 5444 ahrenuntiatur,
2733 5389 2854 5446 quas
2884 5372 3074 5440 utique
3117 5382 3283 5440 opera
3314 5374 3440 5424 sunt

165 5475 308 5532 velle
338 5485 394 5532 et
417 5478 679 5549 perficere
707 5480 776 5536 ab
795 5493 861 5535 eo
888 5477 1046 5533 nobis
1073 5475 1252 5542 datur,
1293 5492 1324 5532 a
1358 5491 1465 5547 quo
1492 5484 1577 5532 est
1601 5487 1762 5532 omne
1861 5473 2081 5532 Satanae
2111 5491 2122 5526 :
2151 5471 2244 5528 sed
2278 5487 2344 5528 eo
2395 5472 2551 5543 quasi
2575 5468 2812 5526 discerni
2848 5463 3104 5519 videntur
3146 5476 3177 5516 a
3223 5462 3439 5518 caeteris

170 5565 360 5622 datum
391 5570 680 5640 optimum,
708 5577 765 5626 et
788 5584 950 5626 omne
977 5568 1176 5624 donum
1198 5567 1516 5638 perfectum.
1541 5567 1607 5622 Et
1626 5581 1762 5638 quo-
1859 5569 2118 5640 operibus-
2160 5565 2298 5636 cjus,
2331 5566 2457 5638 quia
2490 5565 2543 5619 in
2589 5564 2669 5618 eis
2718 5556 2994 5628 superbia,
3034 5554 3188 5627 cujus
3217 5554 3308 5611 ille
3340 5570 3440 5610 au-

171 5658 319 5713 niam
347 5661 406 5715 in
444 5663 625 5718 cordis
650 5663 869 5720 nomine
889 5677 1032 5734 saepe
1063 5677 1217 5716 mens
1245 5661 1579 5732 designatur,
1621 5661 1761 5718 sicut
1859 5671 1982 5719 ctor
2017 5667 2120 5727 est,
2177 5667 2235 5716 et
2285 5673 2406 5728 qua:
2434 5671 2557 5713 eum
2589 5652 2806 5721 deiecit,
2852 5649 3251 5721 quodammodo
3293 5647 3442 5704 desi-

173 5757 257 5804 est
285 5751 418 5806 illud
445 5772 456 5809 έ
491 5753 560 5809 In
589 5764 697 5810 toto
713 5756 869 5811 corde
888 5771 1000 5811 meo
1024 5754 1275 5824 exquisivi
1293 5763 1343 5808 te
1370 5750 1543 5825 (Psal.
1570 5769 1758 5819 cxnn,
1860 5763 2077 5829 gnatur.
2118 5752 2336 5821 Pompa:
2365 5749 2528 5819 igitur
2555 5743 2673 5812 ejus
2707 5752 2852 5808 sunt,
2887 5743 3149 5810 ambitio,
3183 5751 3447 5812 arrogan-

179 5840 292 5924 ίο),
341 5857 400 5914 ει
417 5849 488 5918 in
510 5849 865 5918 oleiuoutinc
889 5846 1416 5954 intelligituwnctjs
1439 5847 1612 5916 sancti
1637 5846 1770 5932 Spia
1787 5895 1798 5900 -
1817 5846 2132 5922 naufraga
2152 5841 2440 5944 gloria,,et
2480 5843 2678 5896 caetera
2704 5836 3014 5919 hujusmodi
3039 5851 3162 5916 quae
3183 5835 3267 5911 ‘de
3293 5831 3450 5917 fonte
