4046 6444
518 392 619 452 231

1535 389 1924 453 ΤιιΕοῡιιιιιτι
1959 386 2517 450 AURELIANENSIS
2551 385 2765 448 EPISC.

3659 385 3778 448 252

519 502 781 574 superbia:
826 501 1122 574 procedere
1159 501 1566 576 dignoscantur.
1610 503 1870 576 Pompam
1915 502 2083 568 enim,
2114 511 2166 570 Α
2189 499 2444 557 Ecclesiae
2490 501 2762 574 praecipua
2816 507 3176 566 sacramenta,
3233 509 3294 556 ut
3329 497 3386 557 in
3422 497 3596 560 altero
3635 521 3776 564 con-

520 595 871 652 ambitionem
925 596 1039 651 sive
1079 595 1421 666 jactantiatn,
1489 605 1547 652 et
1596 597 1684 653 his
1705 595 1900 651 similia
1929 593 2089 650 intel-

521 685 609 756 ligi
672 687 869 742 debere
926 688 1276 758 propheticus
1337 703 1519 744 sermo
1581 689 1915 744 demonstrat
1967 701 2091 742 cum

519 776 693 831 dicit:
736 776 827 831 Va:
875 778 966 849 qui
1005 777 1234 848 opulenti
1277 781 1400 835 estis
1441 779 1495 834 in
1536 779 1690 846 Sion,
1729 789 1776 834 et
1824 777 2091 848 conﬁditis

519 871 574 924 in
626 881 798 926 monte
845 870 1127 938 Samariw,
1185 873 1476 944 optimates,
1539 873 1711 943 capita
1755 869 2087 942 populorum,

520 961 862 1030 ingredientes
898 961 1186 1033 pompatice
1225 963 1436 1016 domum
1459 960 1628 1015 Israel
1665 961 1844 1033 (Amos
1891 975 1961 1023 γι,
2014 957 2090 1029 1).

522 1053 631 1108 Sed
680 1064 735 1109 ct
775 1054 1021 1111 Clemens
1067 1055 1434 1121 Prudentius,
1487 1054 1874 1111 disertissimus
1933 1061 2094 1121 atque

521 1144 1015 1202 Christianissimus
1041 1155 1223 1217 poeta,
1275 1147 1331 1202 in
1367 1147 1469 1202 hac
1498 1145 1890 1217 signiﬁcatione
1942 1159 2094 1216 pom-

521 1249 646 1305 pam
692 1236 871 1308 posuit
906 1237 961 1292 in
989 1236 1128 1293 libro
1157 1235 1602 1309 Psychomacbia,
1639 1234 1732 1290 ubi
1763 1235 1877 1290 ait:

710 1349 890 1422 gompa
911 1352 1205 1422 ostentatrix
1230 1352 1344 1422 ysni
1363 1347 1635 1412 splendoris
1656 1347 1787 1398 inani

708 1409 912 1460 Exuitur
933 1411 1109 1462 nudata
1130 1411 1293 1476 peplo.

523 1518 782 1586 Quamvis
809 1531 939 1589 ergo
979 1531 1141 1572 omne
1171 1525 1450 1588 peccatum
1477 1513 1727 1585 superbia
1752 1511 1861 1567 dici
1901 1510 2096 1582 possit,

522 1610 647 1679 quia
680 1609 897 1680 quando
935 1607 1059 1677 quis
1104 1614 1313 1677 peccat,
1363 1605 1474 1661 Deo
1521 1605 1613 1675 qui
1661 1617 1888 1675 peccare
1921 1601 2102 1673 prohi-

520 1696 642 1751 buit
683 1697 958 1753 contraire
999 1695 1233 1762 videtur,
1284 1695 1431 1751 aliud
1461 1703 1643 1750 tamen
1674 1702 1758 1750 est
1811 1692 2098 1757 desidiose,

525 1786 671 1843 aliud
716 1787 1001 1853 malitiose,
1062 1787 1209 1843 aliud
1257 1787 1514 1853 scienter,
1565 1786 1710 1842 aliud
1764 1785 2096 1856 ignoranter,

2194 591 2443 656 secratio,
2499 592 2555 646 in
2584 591 2755 647 altero
2786 591 3062 647 mundatio
3091 591 3269 647 eidem
3305 591 3640 650 tribueretur
3673 598 3778 653 Ec—

2193 683 2392 740 clesiae.
2435 684 2844 755 Regeneramur
2881 699 3117 754 namque
3139 701 3206 741 ex
3241 684 3483 752 lavacro,
3538 701 3594 741 ut
3645 705 3775 744 con-

2193 789 2472 830 secramur
2493 783 2549 828 et
2586 775 2868 846 sanguine.
2937 773 3090 830 Unde
3129 783 3184 831 et
3228 777 3460 847 populus
3489 794 3636 833 mare
3667 779 3778 832 Rn-

2193 867 2350 922 brum
2373 865 2611 933 transiit,
2640 867 2766 936 quia
2793 868 3097 937 baptismus
3129 867 3331 924 Christi
3363 874 3626 941 sanguine
3648 891 3776 926 cutt-

2200 965 2470 1010 secratur.
2503 955 2636 1022 Quia
2663 971 2792 1026 ergo
2841 957 3167 1013 elementum
3193 974 3344 1030 aquae
3372 961 3425 1015 in
3450 961 3552 1016 hoc
3575 966 3782 1017 mundo

2195 1045 2445 1101 omnibus
2479 1046 2760 1103 elementis
2785 1047 3071 1118 purgandi,
3119 1049 3447 1116 vivificandi,
3493 1055 3778 1108 recreandi

2194 1137 2366 1208 gratia
2412 1139 2592 1209 aptius
2637 1146 2740 1205 est,
2786 1154 2894 1194 non
2923 1140 3192 1196 immerito
3221 1142 3271 1198 ei
3300 1143 3554 1213 baptismi
3587 1145 3774 1216 digni-

2198 1239 2282 1284 tas
2325 1229 2626 1296 confertur,
2677 1230 2803 1300 quia
2853 1239 2910 1286 et
2950 1233 3444 1303 regenerandorum
3489 1235 3780 1292 hominum

2196 1317 2508 1387 efﬁcaciam,
2546 1335 2668 1374 cum
2720 1320 2947 1392 spiritus
3005 1321 3100 1376 Dei
3144 1322 3199 1375 in
3243 1323 3432 1378 mundi
3477 1323 3784 1393 primordio

2197 1424 2360 1480 super
2402 1411 2456 1466 id
2502 1411 2795 1478 ferebatur,
2830 1411 3191 1483 concipiebat,
3244 1424 3299 1469 et
3348 1415 3781 1484 purgandorum,

2199 1519 2323 1560 cum
2349 1519 2415 1560 ex
2445 1505 2614 1560 latere
2640 1505 2842 1561 Christi
2889 1506 3202 1578 proflueret,
3236 1507 3552 1577 dignitatem
3599 1509 3784 1579 capie-

2199 1597 2312 1652 bat.
2347 1596 2452 1652 Per
2497 1599 2600 1653 hoc
2646 1599 2848 1654 etenim
2873 1600 3085 1655 visibile
3125 1600 3451 1657 elementum
3475 1617 3563 1658 res
3592 1601 3686 1657 illa
3710 1603 3788 1658 in-

2200 1688 2429 1745 visibilis
2466 1690 2730 1760 signatur,
2772 1699 2833 1746 ut
2875 1692 3015 1748 sicut
3051 1708 3189 1764 aqua
3242 1704 3507 1765 purgatur
3543 1697 3790 1752 exterius

2204 1797 2427 1855 corpus,
2477 1784 2550 1840 ita
2597 1784 2829 1840 latenter
2873 1787 2990 1857 ejus
3050 1788 3310 1858 mysterio
3353 1803 3454 1857 per
3501 1787 3775 1859 Spiritum

523 1878 670 1935 aliud
731 1879 1083 1951 negligenter,
1137 1879 1284 1935 aliud
1305 1887 1644 1949 arroganter,
1680 1893 1927 1950 peccare.
1957 1878 2102 1945 Quo-
2129 1866 2176 1928 Β
2203 1882 2450 1930 sanctum
2509 1875 2829 1946 purificetur
2858 1885 2914 1931 et
2957 1878 3188 1933 animus.
3245 1877 3500 1934 lnvocato
3548 1895 3787 1949 namque

528 1969 660 2025 libet
696 1978 876 2024 autem
907 1970 1067 2026 modo
1110 1970 1232 2040 quis
1259 1978 1465 2040 peccet,
1490 1970 1536 2025 si
1557 1970 1827 2040 poenitere
1861 1978 2105 2024 contem-

524 2061 627 2125 nit,
693 2059 748 2114 in
787 2074 1040 2131 magnum
1087 2075 1146 2114 se
1190 2059 1455 2130 superbiae
1490 2061 1772 2115 baratrum
1801 2061 2095 2131 immergit,

523 2151 592 2205 de
625 2165 734 2220 quo
770 2165 879 2205 non
911 2151 1016 2206 nisi
1047 2165 1144 2222 per
1179 2150 1574 2207 confessionem
1601 2161 1949 2223 peccatorum
1981 2168 2106 2207 suo-

523 2257 664 2308 rum,
700 2249 756 2297 et
809 2243 1240 2298 emendationem
1271 2257 1504 2309 morum,
1534 2251 1589 2298 et
1633 2243 1891 2298 salutaris
1929 2243 2104 2313 pteni-

522 2332 706 2387 tentiaa
750 2331 1136 2386 adminiculum
1198 2333 1382 2403 egredi
1429 2340 1624 2402 potest.
1681 2333 1901 2388 Duobus
1951 2332 2100 2386 enim

521 2424 698 2480 modis
725 2424 886 2480 homo
918 2425 1027 2478 Deo
1057 2423 1322 2494 superbit,
1365 2440 1488 2480 cum
1535 2431 1629 2478 aut
1673 2420 1960 2495 praeceptis
1981 2424 2104 2494 ejus

522 2510 841 2566 inobediens
887 2511 1090 2576 existit,
1144 2521 1200 2566 et
1228 2526 1292 2566 ea
1327 2527 1448 2581 quae
1479 2513 1753 2582 prohibita
1781 2521 1908 2568 sunt
1955 2528 2106 2568 com-

524 2605 717 2670 mittit,
758 2614 852 2660 aut
889 2605 1179 2660 commissa
1206 2605 1473 2676 pmnitere
1498 2605 1741 2678 negligit.
1797 2605 1950 2662 Unde
1992 2606 2108 2661 sive

523 2696 580 2752 hi
623 2697 715 2767 qui
764 2696 1074 2768 baptizandi
1105 2706 1250 2762 sunt,
1301 2697 1417 2752 sive
1446 2712 1547 2752 nos
1592 2698 1685 2768 qui
1719 2697 1970 2767 baptismi
2011 2712 2102 2752 sa-

525 2798 864 2847 cramentum
901 2788 1016 2860 jam
1068 2790 1430 2862 percepimus,
1489 2799 1615 2845 ante
1665 2790 1852 2846 oculos
1905 2803 2110 2860 ponere

527 2881 789 2938 debemus
813 2889 1060 2952 pactum,
1110 2881 1256 2951 quod
1282 2896 1406 2936 cum
1448 2881 1561 2936 Deo
1588 2882 1644 2936 in
1665 2881 1989 2952 baptismate
2024 2879 2105 2945 fit,

529 2975 622 3030 ubi
649 2975 1064 3032 abrenuntiatur
1089 2973 1325 3040 Satanae,
1356 2982 1412 3030 et
1437 2974 1691 3045 Operibus
1711 2973 1848 3042 ejus,
1879 2981 1934 3028 et
1959 2987 2111 3043 pom-

525 3067 630 3139 pis.
679 3065 834 3134 Quod
881 3075 1099 3138 pactum
1151 3075 1280 3122 tunc
1352 3066 1568 3121 irritum
1635 3064 1728 3131 fit,
1793 3064 1840 3120 si
1896 3074 1990 3119 aut
2053 3063 2108 3118 in

527 3159 632 3216 fide
677 3162 799 3231 quis
848 3160 1216 3232 permanendo
1253 3159 1434 3226 vitiis,
1480 3167 1576 3214 aut
1623 3174 1653 3212 a
1706 3159 1810 3216 ﬁde
1853 3157 2110 3214 exhorbi-

528 3225 712 3308 tando—
744 3225 1011 3310 idolorum
1071 3252 1324 3318 cultibus,
1373 3225 1466 3307 aut
1513 3253 1781 3308 haeresum
1827 3251 2111 3308 erroribus
2136 3225 2181 3288 (ἶ

534 3343 820 3400 subdatur.

1243 3436 1379 3492 Xlll.

955 3529 1034 3586 De
1072 3541 1402 3586 sacramento
1421 3530 1684 3606 baptismi.

601 3621 739 3690 Quia
754 3622 919 3694 igitur
937 3631 1154 3680 constat
1173 3625 1451 3695 pactiones
1473 3625 1811 3680 credentium
1825 3639 1944 3681 esse
1955 3625 2107 3690 duas,

531 3733 693 3773 unam
740 3719 794 3773 in
821 3733 929 3789 qua
959 3720 1376 3776 abrenuntiatur
1400 3721 1614 3777 diabolo
1635 3731 1691 3777 et
1729 3723 1940 3793 pompis
1973 3722 2110 3792 ejus,

532 3819 587 3864 et
631 3811 883 3866 omnibus
913 3813 1167 3880 operibus
1196 3811 1332 3881 ejus,
1384 3812 1614 3868 alteram
1649 3830 1753 3884 qua
1796 3830 1854 3870 se
1893 3817 2115 3871 credere

533 3901 860 3955 confitentur
913 3901 968 3955 in
1023 3901 1241 3957 Patrem
1289 3910 1346 3957 et
1392 3903 1588 3957 Filium
1645 3913 1702 3958 ct
1755 3906 1810 3959 in
1855 3905 2114 3975 Spiritum

534 4001 805 4058 sanctum,
831 3999 1042 4061 oportet
1082 3993 1181 4046 has
1211 3993 1540 4047 inconvulsre
1579 3995 1778 4050 mentis
1812 3995 2114 4051 intentione

536 4083 733 4149 teneri,
784 4091 840 4138 et
896 4090 958 4138 ut
1016 4083 1343 4138 intemerate
1385 4085 1644 4139 custodiri
1696 4087 1926 4154 possint,
1974 4087 2116 4141 illius

535 4189 752 4245 semper
801 4172 1130 4242 adjutorium
1179 4187 1446 4243 quaerere,
1503 4174 1595 4244 qui
1631 4173 1887 4244 baptismi
1932 4191 2119 4232 sacra-

537 4274 777 4322 mentum
823 4264 889 4320 ad
931 4265 1162 4322 salutem
1221 4267 1437 4336 generis
1465 4267 1687 4322 humani
1723 4267 1971 4333 contulit,
2021 4284 2116 4322 cu-

536 4361 621 4431 ius
656 4360 971 4431 mysterium
999 4369 1054 4415 et
1091 4360 1147 4416 in
1171 4360 1352 4416 Veteri
1384 4361 1731 4416 Testamento
1754 4375 1851 4431 per
1881 4360 2115 4432 Moysem

537 4451 944 4521 praefiguratum
973 4460 1077 4516 est,
1141 4467 1266 4507 cum
1307 4451 1536 4522 populus
1563 4452 1615 4506 in
1659 4452 1800 4507 nube
1822 4452 1950 4506 etin
1980 4450 2116 4505 mari

538 4544 843 4613 baptizatus
867 4551 972 4610 est,
995 4552 1049 4597 et
1073 4543 1127 4597 in
1151 4541 1299 4597 Novo
1329 4544 1485 4598 nobis
1520 4559 1617 4613 per
1647 4544 1997 4600 mediatorem
2022 4541 2116 4597 Dei

539 4645 594 4689 ct
639 4635 910 4690 hominem
955 4635 1298 4705 apertissime
1325 4636 1772 4692 demonstratum.
1821 4635 1938 4706 Ipse
1966 4634 2114 4689 enim

541 4731 636 4795 ait,
690 4729 944 4800 quoniam
995 4726 1116 4783 Nisi
1153 4730 1267 4800 quis
1315 4738 1526 4784 renatus
1560 4729 1719 4800 fuerit
1761 4745 1826 4783 ea:
1881 4744 2024 4798 aqua
2066 4734 2120 4806 et.

543 4820 744 4889 Spiritu
781 4829 982 4886 sancto,
1017 4837 1121 4875 non
1161 4821 1351 4890 poterit
1383 4821 1601 4878 introire
1620 4821 1674 4873 in
1716 4833 1932 4889 regnum
1962 4807 2116 4878 catla-

543 4927 658 4964 rum
716 4908 897 4984 (Joan.
951 4892 1162 4981 111,53).
1205 4910 1269 4964 Et
1334 4909 1571 4965 Joannes
1626 4909 1693 4963 de
1747 4921 1812 4962 eo
1858 4904 2115 4976 ait:Ego

542 5001 844 5071 lmptizolijn
904 5017 1042 5072 aqua
1086 5001 1143 5054 in
1177 5002 1524 5074 paenitentia_;
1569 4999 1773 5054 medius
1823 5006 1997 5052 autem
2039 5013 2118 5051 vc-

541 5102 707 5145 strum
731 5101 855 5157 stat,
885 5108 1037 5162 quem
1083 5109 1168 5147 vos
1205 5093 1433 5156 nescitis,
1473 5093 1581 5161 ipse
1610 5107 1698 5144 vos
1736 5089 2022 5159 baptizabit
2061 5088 2117 5140 in

545 5184 743 5248 Spiritu
787 5195 968 5240 sancto
1007 5195 1055 5240 et
1094 5185 1201 5257 igni
1236 5185 1451 5258 (Matth.
1478 5199 1560 5249 ιιι,
1592 5185 1650 5237 Η
1683 5201 1698 5250 ;
1748 5183 1907 5237 Joan.
1938 5181 2114 5250 1,26).

543 5275 646 5330 Per
687 5276 790 5331 hoc
837 5277 928 5346 qui
975 5277 1253 5333 nascimur
1313 5275 1535 5339 mundo,
1583 5273 1922 5328 renascimur
1964 5273 2112 5337 Deo;

544 5375 599 5420 et
624 5368 714 5434 qui
742 5382 839 5436 per
871 5377 1150 5438 peccatum
1177 5383 1396 5422 eramus
1451 5365 1545 5420 filii
1576 5367 1692 5431 iraa,
1740 5381 1835 5436 per
1881 5365 2116 5436 gratiam

545 5455 808 5510 efficimur
846 5457 940 5512 filii
990 5458 1107 5514 Dei.
1140 5458 1254 5514 Hac
1279 5457 1424 5512 enim
1451 5456 1713 5510 tinctione
1757 5466 1812 5510 et
1842 5457 1948 5510 hoc
1975 5456 2118 5508 lava-

547 5561 642 5600 cro
681 5547 919 5604 Ecclesia
961 5558 1261 5622 vegetatur.
1309 5549 1388 5603 Ex
1433 5563 1554 5603 osse
1585 5549 1905 5602 dormientis
1935 5556 2120 5617 proto-

546 5636 705 5708 plasti
761 5640 954 5695 mulier
997 5642 1257 5696 aedificata
1301 5650 1405 5708 εει,
1471 5656 1541 5696 ex
1597 5639 1770 5695 latere
1813 5639 2016 5696 Christi
2066 5640 2120 5695 in

549 5745 710 5785 cruce
729 5731 1046 5788 dormientis
1071 5733 1312 5788 Ecclesia
1338 5734 1570 5790 formata
1608 5741 1711 5789 est.
1743 5730 2124 5788 Profluxerunt

550 5823 694 5878 enim
737 5841 806 5880 ex
857 5824 973 5894 ejus
1000 5824 1169 5882 latere
1206 5828 1426 5900 sanguis
1460 5837 1516 5883 et
1563 5844 1719 5898 aqua,
1764 5825 1870 5885 duo
1919 5835 2124 5888 sancite

2143 4585 2196 4644 D

2204 1968 2316 2024 Deo
2371 1970 2652 2025 descendit
2705 1968 2938 2040 Spiritus
2983 1979 3203 2027 sanctus
3252 1971 3318 2027 de
3352 1973 3507 2027 ctelis
3554 1981 3612 2027 et
3658 1988 3791 2026 san-

2205 2058 2460 2116 ctificatis
2524 2061 2679 2131 aquis
2727 2061 2917 2116 tribuit
2958 2063 3039 2117 eis
3079 2063 3188 2117 vim
3239 2064 3596 2134 purgationis.
3659 2063 3793 2119 Inde

2206 2151 2367 2206 homo
2401 2152 2467 2206 ad
2498 2151 2788 2221 imaginem
2826 2162 3110 2222 reparatus
3149 2161 3349 2208 sancte
3379 2152 3685 2216 Trinitatis,
3721 2154 3790 2207 ad

2205 2258 2368 2313 quam
2412 2243 2661 2298 conditus
2715 2241 2893 2297 fuerat
2943 2243 3251 2312 expellitur,
3307 2251 3364 2298 et
3415 2245 3504 2312 qui
3547 2254 3704 2298 vetus
3739 2245 3793 2298 in

2206 2348 2300 2390 eas
2324 2349 2423 2404 per
2463 2343 2742 2404 peccatum
2784 2334 2946 2404 primi
2991 2334 3226 2389 hominis
3254 2334 3574 2400 intraverat,
3617 2351 3795 2388 novus

2207 2441 2273 2480 ex
2297 2424 2375 2480 eis
2399 2439 2498 2496 per
2511 2424 2711 2480 Christi
2728 2426 2957 2494 gratiam
2979 2427 3278 2497 egreditur,
3309 2433 3365 2480 et
3386 2425 3574 2495 spiritu
3602 2427 3799 2496 gratia:

2209 2520 2263 2575 in
2297 2519 2490 2574 melius
2524 2519 2860 2584 immutatus,
2905 2519 3062 2590 longe
3106 2519 3250 2574 aliud
3285 2534 3446 2589 quam
3482 2518 3659 2572 fuerat
3679 2517 3800 2571 eiii-

2208 2609 2367 2666 citur.
2412 2607 2610 2665 Foedus
2647 2609 2793 2664 enim
2835 2617 2953 2664 erat
2993 2607 3336 2664 deformitate
3387 2616 3783 2680 peccatorum:

2209 2702 2283 2757 ibi
2323 2701 2594 2757 reducitur
2632 2702 2859 2772 pulcher
2901 2700 3238 2756 dealbatione
3278 2701 3558 2757 virtutum.
3601 2699 3798 2755 Nulla-

2209 2800 2368 2848 tenus
2411 2792 2592 2863 itaque
2645 2793 2899 2863 baptismi
2954 2794 3272 2865 mysterium
3325 2792 3509 2865 perﬁci
3569 2801 3800 2865 potest,

2209 2883 2331 2940 nisi”
2354 2884 2456 2940 sub
2486 2885 2825 2941 invocatione
2855 2893 3058 2941 sanctae
3101 2885 3411 2952 Trinitatis,
3442 2885 3568 2955 quia
3603 2893 3660 2940 et
3689 2884 3803 2941 Do-

2210 2974 2391 3031 minus
2431 2975 2498 3030 ad
2532 2975 2804 3046 apostolos
2841 2975 2979 3032 dixit
3013 2996 3026 3031 :
3055 2976 3159 3043 Ite,
3187 2978 3366 3033 docete
3389 2993 3564 3032 omnes
3591 2987 3797 3048 gentes,

2212 3068 2532 3138 baptisantes
2553 3085 2639 3124 eos
2667 3068 2723 3123 in
2748 3070 2954 3124 nomine
2993 3068 3191 3134 Patris,
3219 3081 3266 3125 et
3295 3069 3449 3135 Filii,
3476 3079 3523 3124 et
3561 3069 3802 3140 Spiritus

2211 3159 2382 3213 sancti
2417 3157 2631 3230 (Matth.
2673 3176 2868 3227 xxviii,
2916 3160 3026 3234 i9).
3071 3161 3140 3215 Et
3197 3162 3337 3218 idem
3390 3161 3651 3217 Dominus
3692 3162 3803 3217 hoc

2213 3258 2613 3306 sacramentum
2654 3250 2912 3318 firmavit,
2943 3267 3065 3307 cum
3093 3253 3147 3306 in
3200 3268 3299 3308 suo
3335 3251 3661 3323 baptismate
3695 3250 3802 3306 Pa-

2214 3351 2296 3399 ter
2323 3343 2628 3399 declaratus
2659 3345 2825 3400 estin
2861 3359 3015 3411 voce,
3051 3344 3222 3400 Filius
3263 3346 3315 3399 in
3360 3361 3610 3416 corpore,
3674 3343 3801 3417 Spi-

2213 3434 2352 3490 ritus
2386 3443 2608 3490 sanctus
2639 3435 2692 3490 in
2725 3435 2985 3491 columbae
3024 3435 3354 3491 ostensione.
3385 3435 3430 3491 Ο
3463 3436 3793 3506 praeclarum

2212 3535 2269 3584 et
2298 3528 2618 3585 admirabile
2654 3536 3072 3595 sacramentum,
3107 3529 3249 3599 quod
3295 3529 3362 3583 de
3411 3528 3535 3582 filiis
3581 3529 3679 3583 ira:
3715 3527 3802 3584 fa-

2212 3619 2289 3675 cit
2309 3619 2448 3675 filios
2468 3619 2586 3687 Dei,
2616 3621 2681 3677 de
2722 3621 2996 3677 veteribus
3020 3635 3205 3684 novos,
3241 3619 3308 3676 de
3331 3619 3490 3675 fmdis
3513 3620 3797 3690 pulchros,

2214 3711 2400 3782 inquo
2421 3721 2477 3766 et
2510 3728 2919 3785 regeneramur,
2959 3721 3015 3770 et
3054 3729 3368 3786 purgamur,
3406 3721 3462 3768 et
3485 3713 3799 3785 exemplum

2214 3806 2406 3862 mortis
2437 3806 2639 3863 Christi
2679 3808 2976 3863 imitamur.
3003 3807 3284 3876 Quomodo
3317 3823 3445 3878 ergo
3483 3806 3587 3862 hoc
3615 3821 3802 3863 exem-

2213 3897 2361 3969 plum
2402 3899 2676 3954 imitemur
2712 3901 2859 3955 dicat
2898 3899 3205 3968 Apostolus.
3256 3900 3338 3953 An
3382 3899 3657 3970 ignoratis,
3706 3898 3796 3954 in-

2215 3990 2352 4058 quit,
2381 3991 2505 4060 quia
2530 3990 2821 4061 quicunque
2844 3990 3089 4060 baptizati
3118 4005 3300 4043 sumus
3323 3990 3378 4044 in
3405 3989 3615 4044 Christo
3634 3986 3792 4055 Iesu,

2214 4081 2271 4133 in
2309 4089 2472 4134 morte
2519 4080 2682 4150 ipsius
2731 4080 2980 4150 baptizati
3027 4081 3254 4136 sumus?
3305 4079 3608 4152 C'onsepulti
3667 4098 3794 4152 ergo

2214 4187 2394 4225 sumus
2425 4187 2541 4224 cum
2587 4172 2680 4226 illo
2711 4189 2804 4243 per
2835 4172 3148 4243 baptismum
3177 4174 3232 4228 in
3269 4184 3451 4248 morte,
3505 4183 3560 4227 ut
3606 4189 3792 4243 quem-
3833 4224 3843 4230 .

2215 4265 2499 4319 admodum
2551 4267 2837 4321 resurrexit
2881 4259 3194 4322 Christus'a
3248 4267 3470 4320 mortuis
3525 4281 3619 4335 per
3685 4264 3799 4334 glo-

2217 4358 2352 4411 riam
2385 4355 2588 4424 Patris,
2618 4360 2693 4412 ita
2717 4368 2765 4413 et
2798 4375 2890 4414 nos
2927 4360 2982 4413 in
3034 4360 3261 4414 novitate
3301 4359 3420 4413 vita:
3469 4355 3797 4410 ambulemus

2219 4447 2390 4519 (Rom.
2423 4464 2496 4513 vt,
2521 4449 2599 4519 ὅ).
2652 4450 2914 4506 Morimur
2938 4467 3068 4523 ergo
3102 4459 3346 4521 peccato,
3402 4447 3615 4521 quando
3639 4449 3798 4503 abre-

2221 4541 2534 4595 nuntiamus
2563 4541 2777 4598 diabolo
2805 4551 2860 4598 et
2888 4544 3141 4600 omnibus
3179 4559 3298 4614 quae
3324 4541 3441 4611 ejus
3464 4549 3620 4607 sunt;
3667 4557 3798 4595 con-

2222 4631 2514 4702 scpelimur
2553 4631 2790 4701 Christo,
2845 4651 2968 4691 cum
3037 4637 3138 4692 sub
3205 4635 3546 4691 invocatione
3595 4644 3798 4688 sanctzc

2223 4723 2506 4779 Trinitatis
2557 4727 2657 4782 sub
2708 4728 2854 4782 trina
2921 4729 3212 4794 mersione,
3263 4727 3319 4782 in
3381 4725 3530 4782 fonte
3593 4725 3796 4779 lavacri

2221 4816 2376 4886 quasi
2410 4816 2464 4870 in
2494 4819 2727 4886 quodam
2766 4819 3074 4890 sepulcrum
3111 4817 3517 4883 descendimus;
3570 4831 3800 4872 consur—

2221 4911 2397 4981 gimus
2438 4907 2685 4977 Christo,
2741 4927 2865 4967 cum
2931 4912 3079 4967 exuti
3128 4911 3380 4967 omnibus
3430 4910 3689 4982 peccatis,
3734 4911 3800 4965 dc

2223 5005 2372 5062 fonte
2415 5006 2568 5077 quasi
2629 5006 2695 5060 de
2749 5002 2996 5074 sepulcro
3048 5003 3379 5071 egredimur.
3456 5000 3564 5057 Sed
3621 5015 3799 5071 neque

2217 5097 2538 5168 mysterium
2578 5095 2743 5150 trium
2797 5093 3010 5148 dierum
3062 5107 3128 5149 ac
3167 5093 3430 5160 noctium,
3495 5091 3695 5163 quibus
3743 5092 3799 5146 in

2218 5186 2466 5257 sepulcro
2498 5185 2758 5241 Dominus
2816 5183 2984 5240 fuisse
3028 5183 3243 5254 legitur,
3300 5185 3627 5256 prmteritur,
3673 5199 3799 5238 cum

2218 5280 2468 5335 invocata
2513 5285 2701 5332 sancta
2750 5275 3055 5342 Trinitate,
3105 5291 3226 5346 qua:
3272 5275 3458 5346 utique
3521 5289 3649 5330 vera
3703 5273 3796 5328 lux

2217 5378 2326 5437 est,
2357 5370 2412 5425 in
2461 5368 2663 5425 fontem
2695 5368 3092 5424 descendimus.
3138 5367 3253 5422 Lux
3295 5376 3378 5423 est
3425 5367 3570 5422 enim
3613 5366 3794 5428 Pater,

2221 5471 2278 5519 et
2323 5464 2379 5520 in
2426 5463 2628 5519 lumine
2670 5461 2808 5531 ejus,
2870 5463 2997 5532 quia
3041 5470 3127 5516 est
3178 5460 3381 5525 Filius,
3426 5459 3606 5514 lumen
3651 5458 3802 5513 vide-

2224 5569 2345 5610 mus
2381 5552 2642 5624 Spiritum
2677 5560 2948 5607 sanctum.
2975 5550 3227 5605 Facimus
3266 5558 3446 5604 autem
3487 5559 3542 5604 et
3573 5557 3683 5604 tres
3701 5562 3801 5602 no-

2223 5655 2358 5711 ctes,
2397 5661 2520 5701 cum
2550 5645 2896 5700 tenebrarum
2933 5650 2987 5697 et
3012 5641 3330 5713 ignorantiae
3345 5641 3513 5712 patri,
3538 5655 3643 5694 una
3671 5653 3795 5694 cum

2225 5736 2524 5800 mendacio,
2563 5736 2707 5805 quod
2736 5749 2804 5790 ex
2848 5748 2914 5789 eo
2961 5743 3145 5786 natum
3199 5740 3304 5798 est,
3347 5740 3403 5787 et
3446 5731 3674 5787 mendax
3715 5736 3802 5784 est

2225 5829 2367 5890 sicut
2398 5836 2453 5886 et
2485 5835 2641 5900 pater
2681 5825 2820 5899 ejus,
2859 5832 2916 5881 et
2955 5838 3079 5881 cum
3131 5822 3371 5895 loquitur
3429 5819 3800 5888 mendacium,
