4046 6464
221 421 324 476 233

1358 416 1562 472 LIBER
1601 417 1691 474 DE
1727 415 1986 474 ORDINE
2023 417 2360 474 BAPTISMI.

3387 429 3492 484 254

219 538 284 594 de
328 533 442 590 suis
493 534 728 605 propriis
773 533 1033 604 loquitur,
1101 531 1549 590 contradicimus.
1592 533 1698 588 Sed
1754 542 1810 589 et
1836 537 1887 595 Α
1913 551 2058 606 meus
2082 537 2134 589 in
2161 536 2264 589 Deo
2287 551 2422 620 meo.
2461 535 2599 600 Quia
2640 523 2809 590 induit
2835 555 2915 592 me
2949 515 3264 616 vestimengo
3284 544 3494 612 salutis,

217 627 382 682 tertio
425 625 542 678 loco
603 626 855 695 spiritum
911 625 1114 679 erroris
1159 622 1512 688 destruimus,
1568 626 1660 694 qui
1722 625 1806 680 in-

217 719 391 789 Spirat
433 717 952 786 pseudoprophetas,
1001 725 1060 770 ut
1110 717 1315 771 dicant.
1361 716 1485 771 Haec
1527 718 1658 772 dicit
1699 719 1804 772 D0-

217 811 419 873 niinus,
447 824 582 878 quos
630 809 886 862 Dominus
930 825 1035 862 non
1074 809 1244 862 misit.
1277 809 1619 863 Destruimus
1653 811 1801 863 enim

216 901 335 956 haec
359 907 414 955 et
459 899 858 964 conculcamus,
929 901 974 954 si
1013 899 1312 968 consepulti
1355 915 1542 952 sumus
1590 897 1806 953 Christo

217 995 383 1047 etiam
435 993 729 1047 secundum
774 991 902 1046 illud
941 994 1086 1064 quod
1147 993 1260 1062 ipse
1295 993 1425 1046 dicit
1461 991 1638 1044 :Ecce
1686 989 1806 1043 dedi

217 1084 360 1137 vobis
403 1092 708 1153 potestatem
744 1083 986 1136 calcandi
1050 1099 1210 1155 super
1252 1092 1517 1151 serpentes
1576 1091 1624 1134 et
1660 1096 1806 1134 scor-

216 1179 418 1248 piones,
475 1186 524 1229 et
547 1193 700 1246 super
741 1193 943 1229 onmem
990 1176 1229 1229 virtutem
1285 1175 1480 1228 inimici
1541 1173 1692 1245 (Luc.
1737 1191 1791 1239 ι,

219 1269 332 1338 19).
400 1266 528 1334 Qua)
572 1267 782 1339 singula
819 1268 892 1320 ita
934 1275 1060 1320 sunt
1084 1265 1356 1319 contraria
1396 1275 1597 1319 sanctae
1636 1263 1812 1318 Trini-

219 1363 317 1416 tati
360 1370 417 1414 ut
466 1377 572 1415 nox
625 1361 762 1424 diei,
808 1368 869 1414 ut
918 1360 1152 1413 tenebrae
1205 1358 1332 1423 luci,
1375 1367 1434 1411 ut
1471 1357 1810 1412 mendacium

224 1454 470 1508 veritati.
525 1453 668 1508 Fons
714 1469 929 1523 quoque
951 1452 1207 1522 baptismi
1236 1451 1648 1505 similitudinem
1674 1450 1813 1521 gerit

221 1547 460 1616 sepulcri
501 1545 724 1606 Christi,
771 1545 915 1615 quod
962 1561 1160 1600 novum
1207 1544 1374 1599 fuisse
1422 1545 1812 1614 legitur:quia

216 1644 528 1711 quicunque
556 1642 609 1694 in
650 1656 714 1694 eo
759 1639 1125 1710 consepelitur
1154 1639 1373 1693 Cbri~to
1396 1645 1451 1693 et
1487 1639 1536 1692 ei
1581 1653 1807 1691 consur-

216 1737 295 1806 git
333 1734 636 1788 secundum
665 1733 911 1788 eumdem
958 1731 1299 1795 Aoostolum,
1333 1733 1385 1784 in
1426 1732 1665 1784 novitate
1692 1731 1815 1782 vitae

218 1824 570 1879 deambulare
607 1823 785 1876 debet.
814 1821 979 1889 Cujus
1005 1821 1168 1875 fontis
1192 1830 1397 1890 septem
1438 1819 1656 1890 gradus,
1691 1830 1799 1873 tres

219 1914 276 1969 in
310 1915 574 1969 descensu
624 1923 735 1966 tres
781 1920 990 1974 noctes,
1055 1919 1108 1966 et
1151 1922 1262 1965 tres
1310 1912 1363 1964 in
1411 1926 1638 1964 ascensu
1701 1918 1812 1964 tres
1843 1900 1888 1959 B

221 2004 336 2059 dies
383 2003 698 2074 significare
751 2001 1023 2064 videntur,
1085 2001 1151 2055 de
1193 2001 1390 2071 quibus
1449 2001 1698 2070 superius
1733 2001 1814 2054 di-

227 2110 378 2152 ctum
419 2106 522 2150 est.
571 2095 844 2165 Septimus
882 2111 1028 2170 vero,
1075 2094 1185 2170 qui;
1214 2101 1268 2148 et
1306 2106 1547 2164 quartus,
1591 2094 1678 2148 ille
1734 2106 1819 2149 est

225 2190 293 2244 de
325 2205 433 2258 quo
471 2187 686 2257 quidam
716 2186 790 2239 ait
826 2203 837 2239 :
869 2185 935 2238 Et
988 2166 1230 2262 ιῖὲῥὲὲιῖιὲ
1265 2187 1442 2255 quarti
1483 2186 1672 2239 similis
1701 2187 1816 2255 ﬁlio

224 2279 326 2334 Dei
368 2279 530 2342 (Dan.
572 2295 631 2333 ιιι
703 2277 815 2349 99).
858 2277 959 2344 Qui
1004 2261 1280 2333 fornacem
1313 2279 1452 2348 ignis
1494 2279 1816 2348 exstinguit,

222 2373 317 2443 qui
340 2375 444 2426 est
478 2370 901 2426 stabilimentum
929 2372 1145 2439 pedum,
1187 2371 1595 2425 fundamentum
1632 2386 1813 2439 aquae;

225 2465 282 2518 in
323 2479 451 2534 quo,
473 2463 627 2533 juxta
661 2463 999 2531 Apostolum,
1050 2461 1317 2516 Inlmbitat
1345 2464 1513 2516 omnis
1545 2461 1816 2533 plenitudo

225 2558 522 2611 divinitatis
566 2555 910 2625 corporaliter
941 2553 1165 2626 (Colass.
1207 2571 1268 2618 ιι,
1305 2555 1382 2624 9).
1410 2554 1616 2608 l.lcirc0
1639 2562 1820 2607 autem

223 2649 529 2719 baptismus
567 2664 671 2701 non
721 2648 972 2712 iteratur,
1021 2649 1144 2717 quia
1177 2656 1233 2701 et
1266 2648 1518 2702 Christus
1553 2664 1662 2702 non
1697 2663 1815 2701 am-

224 2742 372 2810 plius
414 2755 572 2809 quam
635 2739 800 2794 semel
856 2741 1103 2794 moritur.
1159 2740 1388 2796 Peccata
1459 2743 1626 2803 enim,
1699 2755 1821 2810 quae

225 2843 354 2906 post
395 2833 720 2901 baptismum
783 2831 1218 2897 com-mittuntur,
1264 2831 1602 2902 pmnitentite
1641 2831 1821 2901 lacry-

228 2925 359 2986 mis,
399 2922 773 2994 eleemosynis,
809 2931 865 2977 et
885 2925 1095 2978 eaateris
1129 2925 1393 2979 bonorum
1417 2940 1644 2995 operum
1666 2924 1822 2978 exhi—

227 3017 567 3082 bitionibus,
622 3033 730 3072 non
786 3017 1133 3088 baptismatis
1199 3017 1488 3072 iteratione
1551 3016 1818 3071 delentur.

230 3109 514 3164 Dominico
561 3109 770 3164 interea
826 3110 1041 3180 corpori
1091 3109 1400 3180 sepeliendo
1462 3109 1822 3164 mundissima

1908 636 1956 678 et
1980 627 2339 680 indumentu'm
2357 627 2582 696 justitite
2609 629 2951 682 circumdedit
2976 647 3056 684 me
3097 631 3494 708 (lsa.t.x1,10).
3547 641 3550 644 ’
3619 661 3622 664 ·
3691 661 3694 666 ·

1907 719 1998 774 Ille
2026 723 2343 775 vestimenta
2374 721 2474 775 ista
2503 737 2602 775 nos
2628 722 2903 775 custolire
2931 723 3097 778 faciat
3121 725 3212 794 qui
3239 741 3302 779 ea
3330 728 3494 792 dedit,

1908 822 1967 866 ut
2007 815 2073 867 de
2108 815 2260 867 nobis
2298 813 2403 868 dici
2439 814 2608 884 possit
2634 815 2774 882 quod
2800 814 2851 867 in
2879 814 3196 885 Apocalypsi
3227 818 3492 886 scriptum

1908 912 1992 956 est
2037 921 2048 955 :
2095 903 2286 958 Beatus
2332 907 2419 975 qui
2470 903 2645 972 vigilat
2689 913 2738 957 et
2782 905 3007 957 custodit
3061 906 3360 960 vestimenta
3399 924 3497 961 sua

1911 989 2095 1060 (Apoc.
2130 991 2383 1060 xvi,15).
2435 991 2568 1058 Quia
2615 1007 2744 1062 ergo
2789 993 2967 1046 omnia
3012 993 3064 1045 in
3106 993 3360 1062 baptismi
3409 1010 3499 1048 ra-

1912 1083 2058 1136 tione
2101 1083 2348 1137 redolent
2379 1084 2670 1154 mysteriis,
2700 1092 2754 1137 et
2784 1085 3084 1138 exuberant
3121 1087 3498 1152 sacramentis,

1910 1185 2271 1244 opportunum
2320 1184 2440 1228 erat
2495 1182 2555 1228 ut
2601 1190 2774 1229 novus
2825 1176 2987 1230 homo
3035 1190 3172 1229 nova
3232 1178 3504 1246 acciperet

1911 1266 2234 1318 vestimenta
2287 1272 2343 1318 et
2392 1274 2655 1335 purgatus
2711 1267 2911 1320 veteris
2966 1283 3120 1322 noxa:
3177 1268 3500 1334 colluvione,

1913 1357 2262 1414 candidarum
2292 1358 2525 1411 vestium
2552 1359 2864 1414 induerelur
2892 1361 3084 1414 nitore.
3121 1360 3330 1432 Moyses
3356 1362 3500 1416 enim

1913 1451 2093 1505 Aaron
2125 1458 2179 1503 et
2208 1448 2345 1504 filios
2372 1447 2488 1515 ejus
2515 1450 2665 1520 prius
2702 1453 2858 1519 aquis
2894 1451 3043 1516 lavit,
3075 1462 3130 1506 et
3155 1462 3278 1522 post
3324 1452 3505 1506 linteis

1916 1542 2089 1596 induit
2134 1541 2508 1603 vestimentis,
2560 1542 2686 1610 quia
2733 1550 2785 1594 et
2829 1551 3014 1596 noster
3061 1559 3221 1597 verus
3272 1543 3501 1615 Moyses,

1916 1637 2006 1704 qui
2045 1635 2299 1704 populum
2323 1636 2388 1688 de
2416 1633 2738 1705 Egyptiaca
2761 1637 3042 1702 servitute,
3083 1637 3150 1691 de
3190 1638 3508 1707 gentilitatis

1916 1729 2175 1782 videlicet
2213 1743 2398 1781 errore
2451 1726 2680 1790 liberat,
2740 1728 2831 1796 qui
2879 1737 2961 1781 est
3015 1729 3279 1783 mediator
3319 1729 3411 1783 Dei
3454 1740 3508 1783 et

1918 1822 2231 1885 hominum,
2286 1821 2368 1875 sui
2418 1836 2515 1875 nos
2566 1821 2944 1875 inenarrabilis
2990 1823 3318 1876 sacramenti
3363 1823 3502 1876 unda

1917 1916 2190 1986 puriﬁcat,
2223 1923 2278 1969 et
2307 1913 2572 1968 bonorum
2611 1927 2832 1981 operum
2881 1914 3209 1967 indumentis
3253 1922 3504 1968 exornat.

1919 2006 2085 2075 Cujus
2130 2006 2320 2069 facies,
2354 2003 2717 2058 manifestatio
2755 2003 3007 2058 videlicet
3043 2003 3340 2057 divinitatis
3366 2001 3506 2070 ejus,

1920 2098 2230 2152 testimonio
2259 2097 2390 2167 legis
2423 2104 2476 2150 et
2503 2095 2888 2165 prophetarum
2942 2097 2993 2148 in
3042 2103 3222 2149 monte
3254 2094 3511 2149 Ecclesia:

1919 2198 1979 2243 ut
2020 2189 2099 2242 sol
2130 2188 2472 2258 resplendet,
2503 2195 2558 2239 et
2583 2187 2907 2239 vestimenta
2942 2184 3079 2252 ejus,
3118 2185 3169 2238 id
3210 2193 3295 2239 est
3335 2185 3510 2240 sancti

1920 2296 2130 2344 omnes,
2179 2279 2484 2334 efﬁciuntur
2524 2279 2664 2333 sicut
2714 2278 2836 2331 lana
2887 2279 3029 2343 alba,
3077 2277 3156 2332 vel
3203 2279 3345 2333 sicut
3393 2278 3508 2332 nix.

1922 2367 2021 2427 Cui
2071 2388 2193 2426 eum
2223 2371 2544 2442 Apocalypsi
2569 2371 2769 2442 gratias
2810 2387 3060 2439 agamus,
3106 2372 3196 2441 qui
3238 2370 3364 2426 lavit
3411 2389 3505 2427 nos

1923 2484 1953 2519 α
1978 2468 2203 2536 peccatis
2232 2466 2428 2532 nostris
2441 2465 2501 2538 in
2525 2464 2779 2534 sanguine
2803 2482 2919 2529 suo,
2947 2475 2993 2518 et
3015 2465 3136 2535 fecit
3167 2481 3259 2518 nos
3294 2481 3511 2534 regnum
3546 2503 3588 2534 ςη
3635 2517 3650 2524 -

1922 2567 1970 2610 et
2008 2538 2302 2609 sacerdotes
2327 2539 2616 2634 DeoLPatri
2651 2573 2779 2622 suo,
2815 2557 2899 2609 cui
2934 2566 3010 2616 est
3033 2556 3202 2626 gloria
3229 2559 3284 2610 in
3313 2557 3512 2611 sarcula

1924 2648 2240 2701 aemulorum
2269 2647 2452 2717 (Apoc.
2484 2664 2522 2710 ι,
2565 2646 2616 2707 5,
2663 2647 2740 2717 6).
2794 2647 2906 2700 Hoc
2946 2648 3147 2701 etenim
3195 2663 3420 2718 regnum
3455 2657 3510 2705 et

1924 2737 2320 2802 sacerdotium,
2369 2745 2425 2790 et
2467 2736 2667 2791 visibili
2716 2738 3027 2792 chrismatis
3082 2750 3354 2808 unguento
3414 2755 3514 2809 per

1922 2828 2286 2886 ministerium
2330 2829 2698 2892 sacerdotum,
2727 2837 2783 2884 et
2812 2829 3069 2883 invisibili
3103 2827 3337 2900 Spiritus
3381 2845 3511 2885 san-

1924 2923 1996 2977 cti
2026 2921 2202 2994 gratia
2232 2937 2264 2976 a
2293 2921 2522 2975 Domino
2550 2921 2761 2975 linitur.

2660 3033 2778 3089 XV.

2141 3127 2250 3182 Cur
2278 3144 2430 3183 sacro
2462 3127 2744 3183 chrismate
2777 3137 2932 3198 caput
2963 3130 3293 3200 perungitur.

228 3201 553 3306 ξξηεξδηιίυδ
607 3210 662 3256 εἴ
704 3201 1328 3306 ἥξοξηίξιδῇξάδίδθηξυξν
1366 3201 1490 3271 qni“
1543 3209 1595 3255 εί
1637 3201 1683 3254 is
1729 3201 1821 3304 ‘IUi
1851 3243 1896 3306 ρ
2001 3220 2165 3290 Cujus
2215 3222 2477 3290 unguenti
2529 3230 2930 3277 sacramentum
2979 3239 3008 3276 a
3055 3223 3238 3294 Moyse
3280 3226 3518 3294 primum

229 3293 451 3349 Christo
487 3293 810 3364 consepeliri
849 3293 1142 3359 desiderat,
1191 3295 1236 3348 si
1269 3292 1385 3362 jam
1425 3302 1558 3348 aetas
1594 3294 1823 3364 permit-

225 3390 317 3454 tit,
363 3389 612 3458 quamvis
664 3396 910 3442 mortuus
949 3389 1021 3442 sit
1060 3403 1157 3458 per
1207 3388 1475 3458 originale
1515 3395 1820 3457 peccatum,

227 3478 379 3546 quod
419 3477 595 3532 adhuc
641 3485 842 3547 portat,
888 3479 1049 3534 debet
1090 3485 1270 3533 tamen
1305 3482 1568 3533 bonorum
1597 3493 1824 3548 operum

225 3568 568 3623 exhibitione
605 3569 854 3640 flagrare,
913 3579 968 3626 et
1010 3571 1227 3626 mundis
1271 3571 1420 3626 indui
1466 3573 1729 3632 vestibus,
1761 3571 1828 3623 de

225 3662 434 3732 quibus
471 3663 738 3732 propheta
781 3663 1096 3718 sacerdotes
1151 3664 1300 3717 indui
1345 3673 1467 3718 orat
1509 3681 1632 3718 cum
1656 3663 1826 3717 dicit:

229 3751 554 3808 Sacerdotes
587 3755 661 3806 tui
695 3755 988 3809 induantur
1018 3757 1288 3826 justitiam
1313 3756 1485 3828 (Psal.
1527 3774 1712 3821 cxxxt,
1750 3756 1826 3829 9).

229 3844 289 3900 Si
341 3860 477 3915 ergo
517 3855 810 3914 antequam
835 3857 1178 3912 renascatur,
1223 3858 1278 3902 et
1311 3850 1560 3920 originali
1606 3861 1829 3920 peccato

228 3945 518 4008 purgetur,
551 3947 612 3991 et
651 3936 871 3992 Christo
909 3941 1330 4009 consepeliatur,
1369 3944 1704 3997 aromatibus
1733 3945 1828 3998 de-

227 4030 329 4084 bet
369 4028 630 4098 fragrare,
695 4027 918 4085 odorem
981 4042 1263 4101 praestare,
1320 4042 1376 4088 et
1449 4036 1825 4091 mundissimis

230 4119 482 4174 vestibus
532 4119 702 4184 indui,
755 4131 958 4190 quanto
1015 4125 1188 4196 magis
1249 4135 1492 4192 renatus,
1538 4138 1823 4199 purgatus,

235 4210 458 4264 Christo
497 4213 934 4278 convivificatus,
976 4214 1030 4268 in
1095 4217 1331 4271 novitate
1379 4219 1502 4272 vita:
1543 4221 1828 4275 ambulans

233 4315 380 4356 nova
437 4309 682 4355 creatura
717 4303 961 4369 ell‘ectus,
990 4316 1044 4359 et
1066 4307 1250 4362 odoris
1287 4307 1587 4379 fragrantia
1631 4312 1831 4366 exube-

235 4406 384 4451 rare,
414 4399 470 4444 et
506 4391 862 4447 eandidorum
904 4393 1356 4451 vestimentorum
1403 4401 1704 4455 clarescere
1743 4403 1833 4455 de-

235 4485 335 4540 bet
369 4483 587 4541 nitore?

966 4581 1106 4637 XIV.

633 4665 745 4723 Cur
765 4670 897 4725 albis
925 4673 1168 4728 induitur
1190 4677 1435 4731 vestibus.

317 4756 390 4813 Ut
429 4773 558 4828 ergo
600 4775 720 4825 nos,
755 4763 845 4830 qui
895 4766 1098 4819 mundo
1146 4768 1426 4833 morimur,
1463 4769 1678 4825 Christo
1706 4787 1837 4828 con-

238 4851 540 4922 surgimus,
569 4853 830 4908 bonorum
852 4871 1076 4926 operum
1105 4859 1277 4914 nitore
1307 4861 1616 4925 induamur,
1646 4877 1701 4918 et
1723 4880 1836 4920 coa-

239 4944 466 4998 lestium
496 4945 816 5014 gaudiorum
870 4963 964 5018 spe
1009 4949 1412 5014 confirmemur,
1457 4955 1837 5011 decentissima

241 5039 461 5092 ratione
505 5040 753 5109 angelus,
803 5043 894 5110 qui
942 5042 1058 5112 ejus
1101 5046 1556 5100 resurrectionem
1604 5049 1836 5114 nuntiat,

243 5134 300 5187 in
329 5132 474 5188 albis
504 5136 748 5190 vestibus
779 5138 971 5192 sedere
1001 5139 1350 5206 describitur,
1387 5150 1443 5196 et
1471 5142 1560 5210 qui
1591 5143 1706 5212 ejus
1751 5159 1840 5197 re-

247 5228 421 5283 ditum
461 5229 719 5298 apostolis
751 5232 1002 5285 nuntiant
1040 5233 1092 5286 in
1127 5233 1264 5288 albis
1290 5236 1531 5290 vestibus
1557 5246 1839 5306 apparent,

247 5329 302 5376 et
329 5337 432 5375 nos
475 5322 612 5376 albis
648 5331 770 5392 post
816 5325 1136 5394 baptismum
1179 5327 1454 5382 induimur
1493 5331 1750 5394 vestibus,
1784 5339 1844 5385 nt

247 5411 578 5465 munditiam
624 5421 906 5468 teneamus
953 5415 1006 5467 in
1045 5431 1207 5484 opere
1247 5434 1410 5487 quam
1448 5422 1756 5489 accepimus
1789 5422 1842 5474 in

250 5503 692 5572 regeneratione,
730 5514 1011 5560 servat-tes
1044 5517 1099 5560 et
1135 5518 1376 5563 nostram
1417 5512 1842 5580 innovationem,

251 5604 306 5650 et
335 5596 567 5667 angelici
606 5597 907 5667 splendoris
935 5600 1209 5662 decorem.
1240 5613 1294 5657 et
1325 5604 1520 5658 dentur
1555 5607 1708 5662 nobis
1737 5609 1848 5662 sin-

255 5689 394 5758 gulis
449 5690 604 5745 stola:
653 5692 810 5757 albae,
862 5709 986 5764 sps
1032 5693 1283 5750 videlicet
1327 5697 1749 5754 immortalitatis
1793 5709 1848 5756 et

258 5787 476 5834 eterna:
500 5780 795 5846 felicitatis,
819 5793 877 5836 ut
899 5798 1022 5839 cum
1054 5786 1315 5857 propheta
1344 5787 1522 5844 dicere
1544 5791 1842 5860 possimus:

263 5864 509 5928 Gaudeas
555 5873 792 5944 gaudebo
833 5877 888 5928 in
928 5876 1174 5948 Domino,
1219 5889 1267 5936 et
1312 5882 1591 5940 exsultavit
1633 5888 1846 5964 spiritus

602 5966 879 6031 ΡΑτιιοι.
927 5968 1072 6058 CV.

1921 3314 2147 3384 jubente
2177 3316 2406 3370 Domino
2438 3316 2491 3369 in
2525 3317 2709 3370 Exodo
2739 3315 2938 3386 legitur
2973 3317 3348 3388 compositum,
3381 3327 3435 3372 et
3467 3319 3520 3374 in

1927 3405 2078 3461 Novo
2105 3407 2454 3462 Testamento
2506 3423 2536 3460 a
2569 3407 2798 3462 Domino
2843 3411 3112 3464 veraciter
3161 3411 3515 3477 declaratum,

1929 3497 2020 3566 qui
2062 3507 2254 3552 unctus
2284 3507 2368 3552 est
2400 3513 2429 3551 a
2457 3498 2618 3552 Patre
2645 3499 2769 3553 oleo
2806 3499 3006 3553 ltetitiaa
3031 3515 3142 3570 pra:
3174 3502 3519 3556 consortibus

1931 3588 2089 3652 suis;
2152 3589 2236 3642 cui
2291 3605 2395 3642 non
2446 3589 2512 3642 ad
2563 3605 2872 3644 mensuram
2925 3590 3018 3644 dat
3061 3589 3202 3645 Deus
3247 3591 3524 3661 spiritum,

1932 3679 2186 3746 quoniam
2225 3683 2276 3734 in
2317 3682 2432 3750 ipso
2468 3682 2679 3736 habitat
2717 3684 2896 3737 omnis
2926 3683 3203 3752 plenitudo
3228 3685 3525 3740 divinitatis

1933 3773 2306 3840 corporaliter.
2361 3773 2463 3843 Ipsi
2514 3774 2656 3828 enim
2685 3774 2927 3830 Ecclesia
2961 3777 3091 3830 dicit
3120 3795 3131 3830 :
3159 3775 3346 3830 Oleum
3390 3779 3524 3847 e/fu-

1931 3884 2047 3920 sum
2084 3878 2157 3936 est
2197 3885 2384 3922 nomen
2421 3879 2600 3931 tuum,
2645 3869 2761 3922 ideo
2793 3868 3198 3923 adolescentuli?
3230 3869 3525 3925 diIea'erunt

1932 3969 1980 4013 te
2003 3958 2180 4032 (Cant.
2211 3976 2251 4024 ι,
2272 3961 2358 4031 2);
2390 3965 2515 4030 quia
2545 3961 2815 4025 videlicet,
2845 3971 2899 4016 et
2926 3980 2952 4015 a
2980 3963 3277 4017 chrismate
3299 3964 3526 4030 Christi,

1931 4062 1987 4107 at
2035 4070 2064 4107 a
2095 4053 2314 4109 Christo
2354 4054 2787 4110 Christianorum
2845 4071 3039 4110 nomen
3103 4064 3352 4110 exortum
3417 4065 3521 4111 est.

1931 4145 2071 4199 Ante
2103 4147 2392 4200 adventum
2441 4149 2642 4201 etenim
2688 4147 2828 4215 ejus,
2861 4164 3013 4218 reges
3061 4147 3399 4201 solummodo
3427 4163 3526 4200 un-

1935 4239 2199 4304 geiiantur
2253 4245 2306 4289 et
2367 4238 2708 4298 sacerdotes,
2757 4237 2847 4305 qui
2899 4237 3062 4289 etiam
3111 4235 3308 4290 Christi
3357 4250 3526 4290 voca-

1935 4325 2138 4378 bantur
2179 4341 2192 4375 :
2236 4333 2358 4392 post
2391 4325 2682 4378 adventum
2713 4340 2846 4379 vero
2894 4325 3031 4392 ejus,
3081 4342 3185 4380 non
3209 4325 3323 4396 jam
3351 4327 3524 4382 solum

1936 4428 2094 4482 reges
2120 4422 2170 4466 et
2198 4415 2531 4473 sacerdotes.
2571 4415 2662 4468 sed
2700 4413 2876 4467 omnis
2904 4415 3006 4469 hac
3041 4415 3296 4471 unctione
3341 4432 3534 4474 conse-

1937 4509 2124 4555 cratur
2166 4498 2430 4564 Ecclesia,
2463 4500 2587 4569 quia
2628 4508 2844 4556 constat
2882 4517 3000 4557 eam
3041 4519 3161 4558 esse
3208 4521 3432 4578 regnum
3474 4515 3532 4562 et

1862 4594 1915 4655 D
1941 4589 2324 4655 sacerdotium,
2366 4600 2422 4646 et
2462 4591 2599 4646 filios
2628 4591 2743 4661 ejus
2782 4609 2936 4666 reges
2970 4604 3024 4650 et
3060 4597 3391 4653 sacerdotes.
3427 4598 3532 4653 Ba-

1936 4683 2263 4752 ptizatorum
2313 4684 2496 4753 itaque
2526 4686 2704 4754 capita
2735 4687 3030 4743 chrismate
3069 4688 3350 4752 liniuntur,
3387 4701 3447 4745 ut
3476 4691 3534 4746 in

1938 4788 2108 4844 regno
2150 4782 2203 4827 et
2252 4776 2559 4830 sacerdotio
2587 4777 2844 4832 Ecclesia:
2879 4779 3124 4843 delibuti,
3157 4791 3211 4835 et
3236 4781 3530 4836 Christiani

1940 4865 2176 4918 nominis
2219 4867 2627 4936 prinrogativam
2681 4869 2972 4937 accipiant,
3024 4880 3078 4924 et
3129 4872 3244 4942 ejus
3286 4874 3531 4928 membra

1942 4954 2034 5023 qui
2063 4968 2158 5009 eos
2187 4956 2414 5009 redemit
2441 4966 2495 5010 et
2524 4972 2709 5011 eorum
2742 4967 2904 5028 caput
2931 4968 3035 5026 est,
3067 4960 3203 5015 ellici
3219 4962 3452 5018 valeant.

2673 5073 2806 5128 XVI.

2305 5156 2416 5213 Cur
2441 5163 2658 5231 mystico
2691 5164 2884 5234 tegitur
2903 5165 3179 5220 velamine.

2018 5250 2151 5318 Quia
2192 5250 2354 5322 igitur
2395 5253 2534 5307 idem
2566 5253 2897 5326 Redemptor
2937 5267 3121 5310 noster
3160 5269 3276 5318 rex,
3321 5256 3408 5310 cui
3435 5272 3537 5328 per

1947 5343 2263 5412 prophetam
2304 5344 2535 5398 dicitur:
2565 5343 2801 5416 Regnum
2843 5358 3013 5410 tuum,
3041 5346 3285 5408 Domine,
3318 5363 3534 5418 regnum

1949 5438 2181 5489 omnium
2215 5437 2548 5503 srrculorum,
2585 5451 2630 5493 et
2655 5439 2946 5495 dominatio
2983 5449 3073 5492 tua
3114 5440 3169 5494 in
3208 5444 3348 5495 omni
3378 5461 3538 5516 gene-

1952 5529 2156 5582 ratione
2177 5539 2223 5582 et
2245 5533 2628 5600 generationem
2657 5531 2828 5601 (Psal.
2857 5547 3035 5597 chIv,
3064 5533 3174 5606 l5),
3218 5535 3309 5604 qui
3346 5537 3537 5593 diabo-

1952 5617 2085 5686 lum,
2128 5631 2380 5687 mortem,
2414 5632 2468 5677 et
2503 5622 2760 5676 mundum
2796 5621 3024 5679 mirifice
3058 5627 3450 5697 triumphavit:
3483 5635 3540 5681 et

1954 5714 2226 5777 sacerdos,
2273 5718 2356 5767 cui
2389 5730 2486 5784 per
2516 5715 2764 5769 eumdem
2815 5719 3133 5787 prophetam
3187 5721 3422 5774 dicitur:
3461 5718 3538 5772 Tu

1953 5817 2005 5856 es
2049 5803 2293 5858 sacerdos
2335 5805 2388 5857 in
2419 5814 2671 5857 retentum
2717 5807 3004 5862 secundum
3051 5809 3285 5863 ordinem
3320 5805 3542 5859 Melchi-

1953 5893 2137 5948 sedech
2161 5894 2331 5969 (Psal.
2361 5911 2471 5965 eix,
2496 5895 2573 5971 4),
2601 5897 2690 5969 qui
2721 5914 2779 5954 se
2805 5900 2914 5955 Deo
2946 5898 3093 5954 Patri
3122 5899 3176 5952 in
3205 5894 3537 5952 sacriﬁcium

3003 5994 3042 6059 8
