4046 6452
482 355 590 417 235

1493 292 1891 414 Turonum
1925 301 2481 397 AURELIANENSIS
2517 327 2736 389 EPISC.

3668 324 3778 381 236

484 466 681 527 obtulit
706 482 720 521 :
761 461 1202 522 decentissimum
1231 467 1317 518 est
1343 464 1406 516 ut
1443 467 1631 516 sancta
1660 438 1777 523 ejus
1804 450 2071 513 Ecclesia,

2205 444 2392 499 )omini
2429 441 2580 497 Iesu.
2639 422 2785 494 Tunc
2823 438 3159 510 imponebant
3203 453 3393 493 manus
3435 452 3593 508 super
3631 436 3780 507 illos,

485 564 608 632 qua)
638 554 823 628 utique
859 570 1058 628 corpus
1087 553 1206 625 ejus
1232 554 1335 619 est,
1367 562 1421 609 et
1452 556 1679 623 regnum
1711 551 1784 604 sit
1813 544 1868 602 et
1898 560 2081 601 sacer-

485 652 728 715 do'tiunt,
760 656 817 703 et
846 658 944 704 nos
987 648 1041 702 in
1082 663 1145 703 ea
1179 646 1480 719 regenerati
1502 686 1517 707 ,
1548 642 1638 715 qui
1675 639 1793 710 ejus
1835 640 2079 693 membra

485 756 698 812 smnus,
728 757 883 816 reges
912 743 1083 799 simus
1112 751 1167 799 et
1191 741 1535 805 sacerdotes;
1576 752 1748 808 reges,
1788 742 1848 789 ut
1876 742 1930 788 et
1958 748 2083 788 con-

488 848 574 897 tra
615 832 886 892 diabolum
918 835 1149 891 viriliter
1182 834 1527 897 dimicemtis,
1569 834 1623 885 et
1656 825 2083 884 administratio—

484 949 612 990 nem
644 924 769 986 vitae
799 937 1000 984 nostra:
1042 918 1347 984 admirabiLi
1377 922 1781 995 dispensatione
1808 920 2082 991 guberne-

487 1040 650 1081 mus:
680 1022 736 1077 et
779 1012 1111 1086 sacerdOtes,
1152 1029 1211 1074 ut
1252 1020 1305 1074 in
1350 1013 1549 1087 templo
1573 998 1668 1070 Dei
1708 1020 1897 1068 sancto
1940 1002 2088 1079 quod

492 1133 681 1174 sumus
712 1116 831 1181 nus,
873 1114 1047 1169 altare
1088 1102 1213 1167 ﬁdei
1250 1094 1608 1173 :cdilicautes,
1637 1105 1903 1161 bonorum
1957 1117 2083 1173 ope-

420 1251 433 1266 .
490 1227 613 1268 rum
642 1211 691 1266 e‘i
719 1208 927 1265 hostias
957 1204 1214 1278 pacilicas
1250 1196 1566 1265 oll‘eramns,
1596 1192 1653 1253 et
1682 1214 1805 1255 cum
1828 1180 2086 1268 Apostold

489 1302 734 1362 dicamus
772 1321 785 1357 :
821 1284 1137 1355 Benedictus
1181 1295 1324 1351 Deus
1355 1288 1404 1348 et
1452 1286 1616 1347 Pa’ter
1655 1282 1869 1344 Domini
1920 1287 2088 1342 nostri

488 1396 620 1452 Iesu
654 1380 870 1459 Christi,
903 1390 992 1463 qui
1034 1385 1295 1444 benedixit
1324 1402 1420 1441 nos
1464 1385 1519 1438 in
1561 1384 1703 1438 omni
1733 1380 2089 1465 benedictione

488 1485 721 1561 spiritali
761 1486 818 1540 in
859 1461 1149 1539 etelestibus
1193 1481 1250 1535 in
1292 1468 1502 1533 Christo
1551 1464 1769 1547 (Ephes.
1796 1492 1837 1541 ι,
1887 1461 1965 1543 3).
2013 1461 2116 1529 be‘

494 1594 603 1651 quo
649 1578 810 1633 altari
853 1572 1035 1631 fumus
1081 1564 1391 1630 orationum
1424 1572 1735 1625 nostrarum
1766 1567 1815 1622 ei
1845 1565 2089 1637 quotidie

493 1660 787 1735 ascendat,
828 1658 984 1736 juxta
1018 1662 1149 1720 illud
1178 1656 1324 1734 quod
1359 1661 1437 1715 ait
1476 1658 1781 1730 propheta:
1810 1652 2096 1727 Dirlgatur'

491 1761 663 1818 oratio
714 1777 828 1815 mea
869 1760 1005 1814 sicut
1044 1758 1317 1812 incensum
1360 1753 1417 1808 in
1453 1742 1730 1822 conspectu
1781 1758 1871 1803 tuo
1912 1742 2087 1821 (Psal.

2182 549 2228 595 et
2290 532 2611 609 accipiebaiil
2660 532 2917 606 Spiritum
2968 542 3231 588 sanctum.
3302 530 3548 602 Denique
3606 534 3785 590 scicn-

2182 634 2308 689 dum
2358 636 2482 696 est,
2550 629 2677 699 quia
2733 625 2875 683 sicut
2935 636 3135 683 cetera
3196 622 3543 698 baptismatis
3598 643 3788 685 sacra-

2182 731 2365 779 menta
2412 724 2511 793 per
2548 718 2858 777 sacerdotes
2907 716 3197 774 visibiliter
3242 716 3416 783 tium,
3464 733 3564 789 per
3612 719 3787 776 Deum

2184 806 2532 874 invisibiliter
2593 808 3031 879 consecrantur,
3089 814 3163 869 ita
3240 800 3496 868 nimirum
3556 821 3612 870 et
3664 813 3791 886 Spi-

2186 907 2324 964 ritus
2371 906 2547 962 sancti
2594 906 2768 977 gratia
2816 906 2913 976 per
2968 890 3373 976 impositionem
3430 921 3691 963 manuum
3735 917 3795 964 et

2186 998 2550 1055 ministerium
2613 996 2994 1067 episcoporum
3043 995 3292 1053 fidelibus
3344 982 3581 1052 traditur
3618 1017 3633 1055 :
3667 1015 3796 1070 pre~

2188 1092 2396 1164 sbyteri
2426 1092 2577 1156 vero,
2610 1085 2740 1144 licet
2780 1090 2890 1144 sint
2928 1078 3278 1154 sacerdotes,
3314 1089 3668 1159 pontificatus
3705 1099 3795 1146 ta-

2188 1184 2317 1239 men
2348 1181 2556 1253 apicem
2589 1197 2693 1236 non
2722 1166 2944 1236 babeni.
2998 1168 3115 1237 Hoc
3147 1189 3328 1235 autem
3360 1178 3493 1236 solis
3520 1181 3798 1253 pontiﬁci-

2190 1277 2298 1332 bus
2324 1274 2533 1340 deberi,
2568 1273 2628 1328 ut
2662 1272 2745 1328 vel
2776 1272 3012 1345 signent,
3036 1274 3123 1328 vel
3159 1274 3494 1344 paracletum
3524 1273 3797 1346 Spiritum

2198 1361 2439 1434 tradani,
2485 1366 2592 1423 non
2642 1364 2817 1422 solum
2882 1352 3217 1422 consuetudo
3276 1356 3652 1426 ecclesiastica
3702 1370 3797 1427 de-

2193 1465 2481 1521 monstrat,
2509 1458 2700 1514 verum
2739 1458 2906 1514 etiam
2950 1457 3200 1529 superior
3245 1444 3339 1514 illa
3370 1454 3530 1514 lectio
3556 1450 3800 1519 Acutum

2193 1552 2604 1625 Apostoltirum,
2638 1566 2760 1623 quae
2792 1549 2989 1607 asserit
3018 1536 3240 1606 Petrum
3282 1558 3339 1607 et
3379 1549 3647 1608 Joannem
3673 1569 3801 1612 esse

2195 1642 2477 1714 directos;
2535 1646 2629 1717 qui
2679 1643 2796 1715 jam
2842 1642 3132 1718 baptizatis
3184 1648 3470 1704 traderent
3523 1638 3800 1721 Spiritum

2197 1740 2465 1798 sanctum.
2517 1739 2656 1796 Nam
2698 1726 3063 1813 presbyteris,
3113 1741 3228 1797 sive
3276 1728 3632 1809 absentibus,
3680 1744 3803 1802 sive

493 1873 618 1922 an,
643 1842 720 1926 Ξ).
758 1844 947 1924 Capita
993 1850 1179 1921 itaque
1222 1863 1413 1903 eorum
1452 1845 1543 1916 qui
1578 1820 1985 1914 ireg’cneiantur
2021 1857 2089 1897 ex
2117 1827 2174 1888 Β
2194 1830 2556 1925 ρι’ωειθιιιίὺιιε
2587 1833 2885 1905 episcopis,
2911 1834 3191 1919 Mplilate
3228 1841 3285 1917 et
3310 1820 3621 1906 baptizatos
3652 1837 3805 1895 chri-

496 1942 640 2020 aqua
676 1954 733 2001 et
760 1944 967 2020 Spiritu
1004 1952 1193 1999 sancto
1230 1940 1462 2013 mystico
1500 1932 1770 1993 velamine
1808 1944 2090 2008 teguntur,

494 2016 567 2095 ιιἰῂ
584 2038 666 2094 eis
703 2016 809 2108 per
826 2016 1045 2091 Petrum
1074 2035 1287 2090 dicatur
1314 2050 1330 2089 :
1371 2028 1471 2086 Vos
1496 2029 1623 2097 estis
1649 2030 1813 2101 genus
1846 2028 2091 2095 electum,

494 2129 670 2202 regale
691 2126 1071 2193 sacerdotium,
1095 2143 1221 2197 gens
1248 2128 1457 2191 sancta,
1480 2122 1706 2196 populus
1729 2110 2093 2195 acquisitionis

496 2204 550 2295 (Ῐ
574 2208 693 2277 Pet.
729 2237 789 2287 ιι,
819 2219 909 2291 9);
948 2227 1009 2274 ιιι
1049 2218 1155 2273 hoc
1200 2217 1474 2272 velamine
1516 2223 1570 2270 et
1595 2214 1845 2270 diadema
1883 2214 2119 2286 regium,

497 2306 553 2369 et
583 2307 941 2370 sacerdotalis
976 2310 1175 2382 capitis
1212 2309 1576 2365 velamentum
1625 2304 1962 2378 significetur
1993 2319 2008 2358 :
2039 2311 2098 2360 et

495 2406 622 2478 quia
667 2422 768 2478 per
808 2410 973 2475 caput
1014 2420 1170 2460 mens
1211 2403 1532 2474 plerumque
1586 2400 1640 2454 in
1681 2415 1839 2455 sacro
1878 2398 2096 2468 eloquio

502 2496 675 2568 accipi
716 2482 879 2561 solet,
909 2488 1063 2564 juxta
1106 2494 1236 2549 illud
1268 2513 1283 2552 :
1330 2495 1592 2567 Respicite
1633 2504 1683 2549 et
1716 2494 1881 2549 levate
1920 2494 2096 2565 capita

495 2584 667 2645 uestra
693 2586 845 2662 (Luc.
873 2604 988 2653 xxi,
1015 2582 1130 2660 28),
1161 2603 1315 2643 mens
1361 2596 1675 2643 renatorum
1720 2594 1777 2643 et
1820 2585 1983 2657 regite
2013 2585 2097 2640 di-

495 2682 722 2755 gnitatis
769 2684 1113 2742 Ornamenta,
1152 2688 1207 2735 et
1244 2679 1602 2735 sacerdotalis
1639 2676 1863 2735 verticis
1898 2678 2100 2732 habeat

399 2815 402 2818 .
495 2781 896 2846 tegumentum,
921 2780 980 2827 ut
1006 2779 1065 2828 et
1090 2781 1281 2828 contra
1306 2772 1441 2826 vitia
1471 2770 1795 2849 sacerdotali
1826 2768 2097 2825 velamine

497 2865 797 2930 muniatur,
823 2856 877 2919 et
901 2866 1164 2919 virtutum
1191 2864 1421 2935 gemmis
1443 2864 1759 2934 spiritaliter
1780 2870 2097 2929 exornetur,

499 2966 556 3016 et
586 2958 844 3013 unctione
874 2956 1212 3012 sacrosancti
1240 2957 1556 3012 chrismatis
1595 2956 1841 3011 liniatur.
1890 2954 2099 3022 Quibus

500 3050 668 3107 etiam
720 3048 1053 3121 septiformis
1107 3050 1295 3121 gratia:
1359 3049 1581 3119 Spiritus
1629 3063 1730 3118 per
1786 3047 2099 3103 chrismatis

506 3145 822 3202 unctionem
871 3138 1207 3209 Conceditur,
1253 3150 1315 3197 ut
1359 3138 1468 3197 non
1512 3132 1687 3198 satum
1718 3136 1964 3211 spiritus,
2004 3140 2097 3210 qui

2196 1918 2374 1983 smate
2416 1940 2622 1997 ungere
2670 1925 2833 1990 licet,
2876 1918 2972 1981 sed
3017 1926 3168 1998 quod
3211 1925 3283 1981 ab
3339 1927 3593 1998 episcopo
3630 1927 3804 1986 fuerit

2196 2020 2583 2075 consecratam
2610 2033 2625 2073 :
2655 2030 2767 2072 non
2815 2012 2997 2073 tamen
3048 2016 3287 2074 frontem
3333 2031 3404 2074 ex
3447 2020 3640 2076 eodem
3679 2021 3808 2078 oleo

2198 2112 2445 2184 signare,
2482 2113 2630 2183 quod
2668 2110 2800 2167 solis
2833 2110 3063 2167 debetur
3097 2113 3368 2184 episcopis
3406 2129 3534 2170 cum
3576 2114 3805 2172 tradunt

2205 2201 2472 2273 Spiritum
2499 2203 2856 2275 paracletum.
2898 2202 3003 2272 Qui
3031 2203 3271 2275 Spiritus
3296 2205 3604 2276 paradetus
3633 2208 3811 2279 septi-

2199 2294 2391 2353 formis
2419 2296 2586 2352 etiam
2615 2298 2805 2368 gratia:
2832 2298 3051 2363 dicitur,
3090 2307 3314 2372 prope:
3355 2302 3651 2370 septenarii
3697 2321 3813 2360 nn-

2198 2376 2339 2446 meri
2378 2392 2720 2463 mysterium,
2761 2372 2816 2445 in
2842 2404 2952 2461 quo
2994 2388 3207 2445 summa
3240 2390 3511 2462 perfectio
3543 2392 3809 2465 intelligi-

2199 2489 2308 2537 tur.
2354 2466 2449 2537 Est
2485 2482 2633 2538 enim
2665 2480 3004 2552 compositus
3031 2497 3101 2538 ex
3131 2490 3248 2539 toto
3272 2483 3449 2554 primo
3472 2484 3615 2555 pari,
3648 2493 3708 2541 et
3736 2501 3811 2543 ex

2200 2582 2316 2631 toto
2341 2575 2518 2646 primo
2570 2574 2767 2646 impari
2814 2592 2830 2628 :
2871 2589 2940 2630 ex
2981 2582 3097 2631 toto
3138 2574 3328 2654 primo
3352 2576 3473 2653 pari
3510 2576 3605 2648 qui
3632 2577 3811 2635 dividi

2199 2660 2398 2736 potest,
2429 2673 2485 2721 et
2515 2680 2583 2721 ex
2619 2674 2735 2721 toto
2767 2665 2945 2736 primo
2982 2650 3204 2748 impari,
3359 2650 3527 2746 dividi
3568 2683 3679 2723 non
3705 2683 3813 2739 po-

2200 2750 2330 2814 test.
2380 2750 2555 2813 Habet
2593 2757 2740 2812 enim
2776 2757 2832 2813 in
2863 2758 3103 2813 ternario
3141 2757 3465 2830 mysterium
3489 2757 3810 2827 Trinitatis,

2201 2850 2260 2907 in
2297 2848 2651 2921 quaternario
2697 2832 2997 2918 Evangelii.
3044 2830 3172 2906 Sive
3209 2848 3355 2904 enim
3392 2856 3505 2906 tres
3536 2864 3634 2923 per
3671 2865 3816 2923 qua-

2202 2938 2351 3008 tuOr,
2380 2940 2495 2997 sive
2520 2938 2755 3009 qdatuor
2789 2954 2888 3011 per
2929 2950 3044 2997 tres
3080 2924 3533 3013 multiplicemur,
3562 2941 3635 2997 ad
3664 2943 3813 2999 duo-

2205 3026 2489 3091 denarium
2520 3046 2809 3113 numerum
2844 3018 3111 3113 surgitur,
3141 3034 3267 3104 quia
3288 3035 3622 3113 mysterium
3671 3049 3813 3091 san»

2206 3134 2308 3183 ctte
2336 3108 2646 3190 Trinitatis,
2677 3132 2733 3179 et
2758 3108 3006 3181 doctrina
3038 3108 3318 3209 Evangelii
3347 3108 3446 3197 per
3470 3142 3549 3183 xu
3582 3134 3814 3197 aposto-

499 3236 667 3292 unins
695 3242 778 3291 est
809 3248 932 3290 cum
961 3230 1124 3289 Patre
1154 3201 1209 3288 et
1241 3232 1379 3289 Filio
1411 3201 1762 3298 Sillistaiitize;
1807 3221 1901 3287 sed
1932 3201 2100 3288 totius
2128 3201 2177 3268 ο
2206 3219 2289 3275 105
2332 3219 2388 3274 ίη
2419 3224 2653 3288 (ιιιειυοτ
2696 3217 2883 3273 mundi
2919 3226 3122 3288 Partes,
3151 3201 3419 3301 orientem
3460 3218 3717 3275 videlicet
3758 3226 3822 3274 et

502 3334 707 3385 sancta:
732 3326 1019 3384 Trinitatis
1041 3322 1418 3383 habitaculum
1447 3308 1590 3380 e‘ﬂicl
1618 3322 1954 3380 mercantur.

1223 3462 1389 3521 XVII.

503 3578 617 3639 Cur
637 3579 704 3638 ob
735 3580 977 3655 episcopo
1005 3581 1353 3655 conﬁrmatus
1378 3590 1473 3653 per
1497 3577 2105 3655 manusimpositionem

779 3652 1003 3724 accipiat
1025 3654 1348 3725 semiformis
1370 3654 1558 3724 gratim
1578 3652 1842 3724 spiritum.

576 3786 733 3858 Quod
774 3803 906 3863 ergo
946 3790 1285 3863 presbyteris
1325 3789 1629 3861 baptizatos
1669 3788 1965 3846 chrismate
2004 3798 2107 3845 un-

504 3898 675 3957 guere
702 3881 851 3949 licet,
880 3882 1143 3954 Spiritutn'
1173 3880 1306 3938 vero
1337 3882 1584 3937 sa‘itctum
1626 3898 1725 3952 per
1763 3886 1958 3938 manus
1996 3882 2105 3957 imr-

504 3956 831 4051 positionem
882 3977 1096 4032 tradere
1127 3978 1235 4031 nbn
1273 3975 1423 4040 licet,
1455 3975 1711 4046 antiquus
1748 3974 1852 4030 iste
1888 3990 2005 4030 mos
2038 3956 2106 4030 ab

509 4071 769 4144 apostolis
796 4066 1054 4124 Ecclesia:
1100 4060 1184 4123 est
1235 4067 1486 4123 traditus.
1523 4065 1615 4123 Sic
1652 4066 1799 4121 enim
1846 4064 2112 4122 scribitui‘

510 4164 565 4219 in
613 4163 841 4219 Aetibus
885 4158 1267 4231 Apostolorum
1295 4179 1307 4213 :
1339 4153 1568 4213 Factum
1616 4166 1694 4213 est
1738 4168 1936 4224 autem,
1985 4156 2106 4211 cum

505 4253 694 4326 Apollo
730 4262 861 4309 esset
898 4250 1139 4307 Corinthi
1161 4293 1176 4317 ,
1210 4258 1264 4306 ut
1296 4232 1501 4304 Paulus
1538 4249 1831 4322 peragratis
1864 4248 2105 4321 superio-

508 4347 655 4401 ribus
685 4340 921 4417 partibus
956 4338 1149 4399 veniret
1174 4338 1463 4416 Ephesum,
1490 4346 1538 4397 et
1573 4342 1828 4396 inveniret
1851 4336 2107 4414 quosdam

510 4438 829 4510 discipulos,
874 4439 1108 4505 dixitque
1158 4437 1229 4490 ad
1271 4453 1356 4491 eos
1398 4452 1418 4487 :
1461 4426 1522 4489 Si
1566 4434 1828 4504 Spiritum
1865 4443 2110 4487 sanctum

512 4530 786 4603 accepistis
821 4520 1134 4586 credentes?
1174 4528 1239 4580 At
1285 4526 1363 4581 illi
1406 4528 1653 4581 dixerunt
1689 4524 1759 4580 ad
1800 4543 1920 4581 eum
1951 4546 1967 4583 :
2006 4512 2110 4581 Sed

514 4643 679 4698 neque
700 4628 747 4680 si
764 4623 994 4697 Spiritus
1017 4633 1228 4678 sanctus
1250 4632 1324 4678 est
1351 4624 1669 4678 audivimus.
1717 4621 1818 4677 Ille
1844 4610 1967 4698 pero
2001 4623 2109 4677 ait:

515 4694 722 4789 In-quo
761 4694 884 4790 ergo
927 4716 1180 4788 baptizati
1219 4717 1382 4772 estis?
1425 4717 1529 4784 Qui
1574 4716 1818 4771 dixerunt
1843 4694 2111 4771 :joaunis

516 4811 846 4883 baptismate.
892 4810 1038 4865 Dixit
1075 4820 1248 4864 autem
1271 4807 1477 4864 Paulus
1499 4823 1517 4860 :
1550 4790 1783 4863 joannes
1830 4807 2113 4879 baptizavit

455 4926 458 4933 ν
517 4901 777 4973 baptismo
819 4902 1133 4973 paenitentia:
1171 4900 1456 4971 populum,
1506 4888 1721 4964 dicens,
1763 4900 1819 4953 in
1867 4916 1987 4953 eum
2024 4900 2117 4973 qui

517 5008 769 5053 venturus
807 4988 882 5049 esi
914 5003 1026 5065 post
1064 4995 1247 5065 ipsum.
1272 4993 1562 5057 crederent,
1594 4992 1693 5045 hoc
1725 5000 1801 5045 est
1833 4992 1886 5045 in
1907 4989 2111 5046 Iesum.

521 5086 623 5142 His
667 5068 885 5150 auditis,
939 5085 1193 5156 baptizati
1237 5084 1358 5138 sunt
1401 5085 1456 5138 in
1481 5084 1687 5137 nomine
1710 5083 1921 5138 Domini
1948 5082 2114 5149 Iesu;

521 5188 569 5234 et
598 5195 716 5233 cum
756 5178 1083 5249 imposuisset
1118 5176 1224 5233 illis
1264 5178 1450 5231 manus
1477 5170 1700 5239 Paulus,
1728 5178 1859 5231 venit
1884 5176 2116 5249 Spiritus

522 5278 738 5326 sanctus
774 5280 930 5345 super
962 5287 1067 5334 eos,
1096 5281 1142 5327 et
1169 5270 1517 5342 loquebantur
1548 5269 1741 5339 linguis
1773 5283 1820 5326 et
1843 5272 2119 5345 propheta-

527 5364 652 5419 Dant
681 5362 820 5436 (Act.
842 5344 961 5429 ιιι,
990 5365 1065 5436 ι).
1106 5362 1240 5419 nem
1274 5362 1325 5416 in
1368 5362 1476 5416 alio
1506 5362 1624 5417 loco
1652 5380 1664 5415 ε
1692 5344 2119 5439 εηιιξ,ἀιιᾶίδεειιτ

428 5462 441 5479 “·
528 5454 752 5527 apostoli
772 5453 863 5527 qui
892 5463 1040 5510 erant
1072 5450 1473 5520 Hierosolymis,
1499 5449 1622 5521 quia
1656 5452 1841 5520 recepit
1871 5451 2120 5506 Samaria

528 5543 741 5600 uerbum
765 5543 995 5610 Domini,
1029 5545 1280 5599 miserunt
1305 5541 1375 5594 ad
1399 5550 1485 5596 eos
1514 5537 1729 5596 Petrum
1754 5550 1801 5595 et
1822 5542 2119 5608 Joannem;

530 5637 622 5707 qui
657 5650 778 5692 cum
812 5636 1099 5700 uenissent,
1144 5640 1422 5689 arcuerunt
1455 5650 1549 5705 pro
1583 5633 1708 5705 ipsis
1744 5642 1797 5686 ut
1833 5633 2124 5704 acciperent

538 5723 798 5798 Spiritum
831 5734 1089 5785 sanctum.
1121 5724 1372 5781 Nondum
1399 5727 1536 5782 enim
1576 5727 1628 5780 in
1656 5740 1967 5799 quemquam
2005 5724 2125 5780 illo-

541 5832 661 5876 rum
700 5829 929 5896 venerag,
968 5820 1058 5877 sed
1097 5820 1350 5893 baptismi
1391 5830 1600 5878 tantum
1639 5830 1790 5879 erant
1835 5821 1894 5880 in
1919 5822 2129 5905 nomine

2202 3312 2566 3376 occidentem,
2590 3302 3016 3383 septentrionem
3043 3319 3099 3368 et
3121 3312 3402 3369 meridiem
3431 3312 3677 3369 derivata
3700 3322 3815 3369 est.

2202 3398 2307 3461 Hic
2332 3405 2480 3461 enim
2518 3402 2782 3483 numerus
2818 3403 2874 3459 in
2902 3418 3060 3461 sacro
3086 3404 3318 3485 eloquio
3343 3420 3442 3481 pro
3466 3400 3823 3476 perfectione

2202 3496 2332 3568 poni
2388 3494 2691 3551 consuevit.
2723 3492 3127 3552 Consummatis
3161 3494 3308 3550 enim
3355 3494 3501 3551 Deus
3551 3496 3825 3566 operibus
3869 3493 3874 3497 ’

2206 3586 2322 3643 suis
2359 3587 2593 3657 septimo
2630 3584 2718 3642 die
2761 3568 3049 3656 requievit,
3088 3591 3144 3640 et
3171 3570 3378 3649 Enoch,
3411 3585 3503 3656 qui
3540 3587 3825 3657 septimus

2206 3676 2293 3737 est
2319 3670 2388 3737 ab
2414 3670 2612 3748 Adam,
2639 3696 2764 3737 cum
2792 3664 3024 3737 Domino
3049 3679 3369 3745 ambulavit,
3398 3686 3457 3737 et
3484 3678 3606 3750 eius
3632 3690 3825 3737 trama

2206 3772 2340 3829 latio
2386 3789 2539 3844 spem
2589 3756 2747 3829 nobis
2777 3765 2997 3830 atteram
3026 3773 3235 3855 requiei
3262 3773 3512 3831 contulit.
3559 3773 3715 3830 Unde
3760 3782 3827 3831 et

2208 3860 2466 3919 Jubiltnus
2513 3862 2710 3927 annus,
2744 3861 2798 3916 in
2840 3879 2948 3933 quo
2986 3863 3233 3934 plenaria
3280 3863 3498 3935 requies
3539 3864 3819 3936 signatur,

2210 3960 2413 4026 septem
2454 3938 2883 4009 hebdomadibus
2913 3944 3219 4010 coniicitur.
3276 3938 3492 4025 Septies
3532 3956 3677 4010 enim
3722 3971 3826 4012 se.

2209 4061 2354 4123 ptem
2385 4038 2524 4102 iiu'nt
2546 4040 2637 4113 49,
2668 4047 2760 4119 qui
2800 4032 3032 4102 monade
3074 4032 3260 4103 addita
3288 4057 3493 4104 nostra:
3524 4042 3827 4104 adunatio—

2209 4143 2296 4199 nis
2327 4138 2599 4212 impletur.
2644 4132 2816 4211 ilujus
2846 4140 3059 4196 numeri
3106 4140 3500 4211 perfectionem
3544 4141 3823 4213 propheta

2212 4228 2556 4291 commendat
2589 4230 2711 4288 cum
2750 4214 2924 4289 dicit:
2970 4232 3171 4304 Septies
3219 4216 3276 4288 in
3315 4217 3399 4288 die
3437 4231 3649 4285 laudem
3692 4229 3826 4287 dixi

2212 4324 2307 4382 tibi
2351 4323 2470 4398 (Ps.
2500 4322 2686 4390 cxvut,
2718 4316 2864 4394 164).
2918 4310 3071 4398 Quod
3120 4306 3174 4397 iu
3228 4320 3336 4377 alio
3374 4321 3609 4398 psalmo
3650 4324 3823 4393 quasi

2213 4394 2511 4489 exponens
2538 4414 2715 4483 aperit
2749 4428 2871 4468 cum
2912 4395 3041 4467 dicit
3070 4430 3083 4464 :
3118 4394 3332 4481 Semper
3362 4394 3480 4466 laus
3507 4412 3695 4485 ejusin
3719 4430 3827 4472 oro

2216 4524 2327 4562 meo
2355 4505 2529 4578 (Psal.
2556 4520 2753 4568 xxxi",
2780 4503 2858 4575 2).
2888 4502 3022 4559 Nam
3058 4513 3113 4559 et
3137 4501 3374 4558 Joannes
3409 4503 3464 4557 in
3487 4504 3821 4575 Apocalypsi

2217 4615 2339 4664 sua,
2367 4598 2512 4668 quod
2542 4604 2750 4667 septem
2787 4588 2980 4650 scribit.
3024 4594 3293 4659 ecclesiis,
3322 4594 3651 4666 generaliter
3690 4596 3822 4651 uni-

2220 4706 2393 4746 versa:
2436 4688 2718 4744 catholicze
2763 4687 3004 4743 creditur
3031 4686 3313 4756 scripsisse
3663 4685 3822 4741 Unde

2221 4776 2278 4838 ei
2307 4782 2425 4854 ipse
2465 4776 2581 4835 ait:
2616 4778 2719 4845 Qui
2762 4766 2914 4832 habet
2965 4794 3119 4831 aures
3167 4762 3419 4833 audiendi
3471 4763 3654 4830 audiat
3683 4778 3822 4848 quid

2227 4853 2458 4947 Spiritus
2502 4874 2643 4928 dicat
2686 4869 2938 4926 Ecclesiis
2982 4862 3165 4943 (Apoc.
3200 4885 3265 4934 ll,
3290 4853 3370 4951 ηπ
3405 4870 3481 4949 De
3506 4871 3827 4941 septenario

2223 4958 2430 5023 iuic'rea
2470 4979 2727 5027 numero,
2766 4961 2859 5034 qui
2896 4963 2948 5015 in
2990 4960 3309 5031 quibusdam
3348 4960 3645 5031 Scriptum
3674 4962 3827 5019 locis

2224 5060 2629 5115 universitatem
2659 5056 2774 5112 sive
2804 5052 3215 5125 perfectionem,
3246 5038 3304 5109 in
3333 5040 3657 5126 quibusdam
3685 5071 3827 5115 vero

2226 5144 2560 5224 septiformis
2589 5146 2776 5221 gratia:
2815 5142 3076 5218 Spiritum
3121 5135 3415 5219 signiﬁcat,
3456 5149 3624 5205 multa
3659 5157 3716 5206 et
3756 5149 3824 5206 in

2226 5244 2409 5302 Veteri
2439 5244 2493 5300 et
2538 5242 2592 5298 in
2620 5225 2768 5297 Nero
2796 5230 3148 5297 Testamento
3192 5228 3480 5307 babrntur,
3520 5240 3643 5312 qua:
3688 5254 3821 5311 per-

2225 5338 2378 5410 sequi
2429 5334 2645 5411 longum
2689 5344 2793 5392 est.
2848 5324 2999 5389 Nunc
3048 5332 3327 5391 videamus
3371 5318 3604 5404 qualiter
3648 5332 3825 5391 lsaias

2225 5432 2491 5505 propheta
2550 5428 2791 5501 ejusdem
2823 5428 3059 5500 Spiritus
3098 5414 3433 5500 septiformis
3480 5429 3620 5485 dona
3674 5443 3823 5485 eno-

2232 5534 2421 5582 meret.
2465 5522 2597 5579 Cum
2638 5523 2782 5578 enim
2812 5520 2880 5578 de
2909 5519 3147 5587 Christo,
3181 5521 3272 5592 qui
3312 5529 3398 5578 est
3420 5519 3573 5593 virga
3599 5518 3829 5577 virtutis

2232 5616 2469 5684 Domini,
2498 5617 2871 5688 prophctarct,
2905 5616 3018 5671 ait:
3063 5613 3373 5685 Egredietur
3391 5613 3535 5685 virga
3555 5610 3620 5667 de
3644 5611 3827 5668 radice

2231 5706 2399 5772 Jesse,
2434 5708 2483 5762 et
2514 5706 2613 5779 [los
2646 5706 2710 5762 de
2738 5706 2915 5762 radice
2940 5705 3076 5777 ejus,
3121 5705 3387 5773 ascendet,
3443 5714 3491 5759 et
3538 5704 3824 5777 requiescet

2233 5805 2390 5875 super
2422 5808 2542 5858 eunt
2572 5798 2786 5873 spiritus
2824 5796 3056 5870 Domini,
3090 5798 3307 5873 spiritus
3338 5798 3613 5859 sapientia:
3644 5805 3697 5855 et
3726 5796 3822 5853 in-
