4046 6464
1378 351 1583 408 LIBER
1613 350 1704 408 DE
1742 348 2000 413 ORDINE
2038 346 2380 408 BAPTISHL-

244 454 503 526 “Herius,
526 462 742 534 spiritus
767 464 974 520 consilii
997 471 1046 520 et
1064 454 1410 535 fortitudinis,
1437 467 1652 536 spiritus
1674 467 1838 520 scien-
1865 469 1917 530 Α
1941 481 2249 536 quanquam
2275 484 2342 522 ex
2364 467 2524 524 unius
2547 468 2770 540 spiritus
2794 466 2943 526 fonte
2973 470 3305 543 "procedant,
3331 471 3520 536 viden-

243 559 338 611 tia:
369 566 417 610 et
451 557 689 626 pietatis,
737 569 783 612 et
823 559 1034 630 replebit
1071 575 1189 612 eum
1225 559 1439 628 spiritus
1475 560 1678 613 timoris
1727 559 1831 612 Do-

245 650 378 702 nmini
408 648 544 720 (Isa.
574 665 652 712 ιι,
695 650 766 720 1).
807 649 979 718 Super
1017 651 1158 704 hunc
1187 650 1394 713 florem,
1437 652 1527 720 qui
1558 651 1626 704 de
1675 650 1828 719 virga

245 738 422 805 Jesse,
440 742 492 795 id
517 750 600 796 est
622 743 793 796 beata:
806 741 982 795 Maria:
1006 758 1219 812 semper
1237 743 1458 814 virginis
1473 751 1628 812 partu
1650 757 1831 812 egres-

245 847 344 888 sus
372 842 478 898 est,
502 836 765 903 requievit
796 837 1018 906 spiritus
1039 838 1273 899 Domini,
1297 840 1422 909 quia
1460 840 1512 892 in
1548 840 1661 908 ipso
1690 854 1832 894 com-

244 923 454 994 placuit
504 939 718 980 omnem
784 927 1173 996 plenitudinem
1227 929 1525 988 divinitatis
1584 930 1831 985 habitare

243 1017 626 1086 corporaliter.
658 1018 1006 1090 Nequaquam
1044 1036 1142 1090 per
1181 1029 1388 1090 partes,
1416 1031 1476 1076 ut
1521 1022 1574 1077 in
1619 1023 1830 1078 caeteris

245 1112 472 1174 sanctis,
502 1111 697 1179 quibus
717 1111 807 1165 alii
829 1113 986 1167 datur
1008 1128 1187 1168 sermo
1215 1114 1517 1184 sapientiai,
1540 1114 1628 1168 alii
1652 1131 1831 1171 sermo

245 1201 513 1267 scientize,
543 1201 634 1257 alii
659 1205 826 1272 gratia
851 1203 1132 1268 virtutum,
1163 1213 1220 1259 et
1249 1214 1467 1270 caetera,
1496 1206 1694 1274 quibus
1718 1205 1834 1260 uni-

246 1289 446 1359 cuique
485 1291 642 1344 datur
671 1293 966 1348 secundum
1012 1309 1342 1358 mensuram,
1381 1297 1472 1349 sed
1493 1296 1826 1364 plenissime.

252 1382 406 1438 Unde
442 1392 498 1440 et
525 1386 802 1455 apostolus
829 1387 904 1441 ait
937 1406 950 1441 :
996 1366 1227 1460 Νοιξδάιῗ
1255 1405 1552 1443 mensuram
1576 1388 1665 1444 dat
1688 1387 1831 1442 Deus

241 1477 494 1546 spiritum
508 1476 703 1576 (loqu,
717 1495 802 1566 in,
825 1478 948 1550 34);
979 1487 1035 1533 et
1055 1480 1353 1569 prophetat:
1384 1479 1519 1534 Ecce
1539 1496 1670 1549 puer
1687 1495 1832 1532 meus

243 1585 400 1640 quem
443 1551 1005 1640 elegifel'le‘ctus'meus
1044 1573 1099 1626 in
1138 1551 1592 1654 quabgmplacuit
1642 1572 1832 1636 animae

242 1677 397 1718 metu.
431 1660 635 1717 Portam
681 1665 935 1752 spiritum
953 1647 1332 1752 meismlqsuper
1380 1681 1555 1732 eum”
1567 1666 1832 1734 judicium

243 1752 487 1822 gentibus
520 1754 749 1826 prgferet
790 1735 936 1826 (1th
953 1735 1116 1821 "itii,
1138 1735 1244 1828 ri).
1264 1755 1334 1811 Ut
1363 1765 1509 1811 enim
1538 1758 1591 1810 in
1617 1772 1682 1811 eo
1710 1771 1833 1827 per-

1936 563 2024 612 tur
2043 561 2439 628 quodammodo
2453 564 2714 630 quasdam
2741 564 2942 620 habere
2961 569 3340 636 proprietates.
3357 573 3519 632 Aliud

1934 654 2076 707 enim
2102 663 2420 724 estsapere,
2449 655 2594 710 aliud
2611 657 2914 728 intelligere
2945 678 2957 713 :
2983 661 3110 730 quia
3139 662 3292 716 multi
3314 673 3520 722 aeterna

1933 747 2149 816 quidem
2173 748 2408 816 sapiunt,
2435 749 2526 804 sed
2557 749 2672 804 haec
2695 749 2999 821 intelligere
3026 753 3249 809 minime
3269 763 3520 824 possunt.

1935 837 2213 908 Sapientia
2242 857 2373 913 ergo
2408 850 2669 908 mentem,
2700 859 2863 912 quam
2887 847 3171 912 msederit,
3194 848 3262 904 de
3289 856 3523 908 aeterno-

1933 943 2053 984 rum
2078 946 2174 1000 spe
2194 940 2249 986 et
2273 933 2599 988 certitudine
2615 935 2785 1003 replet
2811 953 2825 988 :
2852 943 2908 990 et
2930 936 3257 1004 intellectus,
3283 956 3348 995 eo
3374 943 3521 1010 quod

1932 1031 2142 1078 secreta
2172 1033 2441 1092 penetrat,
2482 1041 2576 1081 cor
2606 1027 2746 1095 quod
2781 1027 3038 1099 tetigerit,
3078 1029 3372 1086 reficiendo
3402 1033 3519 1104 ejus

1933 1116 2188 1172 tenebras
2249 1117 2504 1172 illustrat.
2555 1117 2852 1175 Consilium
2879 1160 2894 1186 ,
2947 1121 3075 1176 dum
3119 1138 3240 1178 esse
3285 1124 3520 1196 aliquem

1931 1205 2264 1280 praecipitem
2295 1208 2567 1276 prohibet,
2600 1211 2814 1266 ratione
2843 1211 3084 1266 animum
3113 1213 3304 1284 replet.
3346 1215 3525 1272 Forti-

1935 1298 2062 1352 tudo
2084 1313 2233 1362 vero,
2264 1313 2387 1354 cum
2411 1300 2636 1355 adversa
2658 1318 2763 1356 non
2791 1305 3004 1369 metuit,
3039 1306 3327 1376 trepidanti
3351 1309 3525 1364 menti

1934 1389 2319 1446 confidentiam
2374 1391 2597 1465 praebet.
2651 1391 2936 1459 Scientia,
2987 1410 3109 1450 cum
3154 1398 3523 1466 ignorantiam

1934 1479 2105 1551 fugat,
2131 1479 2331 1534 lumine
2358 1495 2456 1534 suo
2486 1496 2646 1552 quem
2692 1483 2986 1554 repleverit
3037 1486 3288 1542 illustrat.
3339 1488 3526 1546 Pietas

1935 1573 2324 1628 misericordia:
2351 1575 2608 1644 operibus
2647 1590 2771 1630 eum
2798 1591 2960 1646 quem
2992 1579 3283 1648 repleverit
3324 1583 3527 1640 exube-

1935 1680 2062 1720 rare
2106 1666 2376 1721 concedit.
2419 1666 2625 1734 Timor,
2669 1667 2797 1722 dum
2838 1670 3036 1738 premit
3083 1679 3318 1726 mentem
3360 1688 3430 1729 ne
3459 1675 3528 1730 de

1933 1757 2292 1827 praesentibus
2334 1758 2632 1827 superbiat,
2667 1759 2733 1813 de
2781 1757 2978 1815 futuris
3031 1761 3178 1818 illam
3223 1765 3340 1835 spei
3387 1764 3529 1822 refe-

243 1851 408 1912 petua
433 1844 772 1899 habitatione
798 1845 1191 1914 requiesceret,
1222 1837 1286 1898 ad
1313 1860 1435 1902 eum
1463 1845 1629 1910 venit,
1674 1844 1831 1914 juxta
1859 1838 1908 1897 Β
1935 1847 2116 1901 ctione
2144 1846 2436 1902 confortat.
2485 1848 2576 1902 Sic
2603 1849 2750 1903 enim
2796 1850 3031 1918 quodam
3075 1852 3404 1912 adminiculo
3428 1870 3528 1909 suo

245 1935 472 1992 Joannis
498 1937 755 2007 Baptista)
777 1939 1166 2003 testimonium,
1192 1940 1284 2008 qui
1311 1940 1404 2002 ait,
1432 1938 1551 1992 Vidi
1577 1936 1836 2008 Spiritum

245 2029 647 2086 descendentem
675 2031 827 2099 quasi
873 2029 1165 2104 columbam
1189 2030 1252 2104 de
1281 2029 1427 2095 coelo,
1454 2039 1502 2084 et
1529 2031 1720 2084 mansit
1745 2047 1836 2084 su—

244 2137 340 2190 per
359 2136 502 2186 eum,
527 2129 574 2174 et
599 2137 692 2191 ego
723 2122 1014 2175 nesciebam
1051 2103 1222 2189 illum,
1246 2121 1338 2175 sed
1359 2122 1447 2192 qui
1467 2123 1607 2176 misit
1638 2138 1716 2175 me
1745 2122 1837 2176 ba-

244 2214 450 2281 ptizare
479 2214 553 2265 .in
597 2228 755 2287 aqua,
790 2211 878 2265 ille
909 2212 1037 2266 mihi
1067 2212 1224 2277 dixit,
1258 2210 1426 2282 Super
1464 2230 1614 2285 quem
1646 2213 1836 2267 videris

248 2301 509 2374 Spiritum
538 2303 930 2362 descendentem
955 2312 1004 2358 et
1034 2313 1328 2360 manentem
1369 2322 1526 2375 super
1543 2323 1684 2371 eum,
1728 2307 1838 2381 ipse

245 2403 325 2450 est
351 2393 442 2464 qui
489 2394 716 2465 baptizat
756 2395 810 2450 in
843 2393 1046 2464 Spiritu
1069 2405 1252 2450 sancto
1289 2394 1473 2464 (Joan.
1499 2411 1538 2460 ι,
1568 2394 1680 2468 52).
1735 2396 1839 2462 Qui

247 2485 476 2555 spiritus
507 2485 717 2540 Domini
767 2485 1070 2556 appellatur
1115 2496 1171 2542 et
1220 2487 1446 2557 spiritus
1513 2488 1836 2556 sapientiai,

248 2577 382 2654 quia
404 2577 469 2632 de
489 2577 728 2641 Christo,
755 2578 850 2647 qui
879 2588 966 2632 est
986 2578 1250 2646 sapientia
1283 2579 1397 2642 Dei,
1431 2579 1697 2648 scriptum
1720 2587 1835 2634 est:

250 2663 450 2722 Omnia
474 2685 564 2737 per
591 2670 762 2738 ipsum
789 2667 930 2736 facta
980 2677 1124 2731 sunt,
1157 2677 1204 2723 et
1233 2669 1347 2724 sine
1393 2670 1504 2740 ipso
1537 2669 1738 2738 {actum
1765 2675 1841 2726 est

250 2758 389 2812 nihil
409 2756 589 2829 (Joan.
613 2775 652 2823 1,
681 2758 770 2830 5);
800 2766 854 2814 et
885 2758 940 2812 in
980 2745 1210 2812 Psalmis
1240 2758 1454 2812 canitur
1480 2778 1492 2811 :
1525 2757 1697 2824 Quam
1732 2775 1843 2812 ma—

249 2853 503 2926 gniﬁcam
531 2863 652 2908 sunt
681 2870 837 2925 opera
869 2862 984 2918 tua,
1008 2852 1252 2918 Domine,
1285 2853 1461 2906 omnia
1497 2853 1554 2912 in
1581 2852 1836 2921 sapientia

253 2943 425 3012 fecisti
451 2941 624 3016 (Psal.
668 2959 784 3007 cui,
814 2943 927 3016 24).
954 2943 1023 2998 Et
1050 2944 1108 2998 in
1156 2939 1264 3002 alio
1291 2943 1432 3008 loco,
1463 2943 1556 2998 ubi
1606 2942 1842 2998 Trinitas

253 3043 443 3104 aperte
474 3041 826 3102 monstratur,
857 3036 1118 3105 scriptum
1147 3035 1230 3092 est
1256 3055 1266 3090 :
1299 3034 1462 3092 Verbo
1493 3023 1705 3092 Domini
1729 3034 1843 3090 caeli

250 3127 455 3196 ﬁrmati
481 3138 620 3192 sunt,
659 3138 706 3182 et
743 3127 931 3198 spiritu
984 3130 1090 3182 oris
1118 3130 1231 3199 ejus
1268 3130 1436 3182 omnis
1479 3129 1642 3182 virtus
1663 3143 1844 3180 eorum

1939 1937 2173 1992 invicem
2211 1938 2315 1992 sibi
2342 1946 2687 2004 succurrunt,
2714 1946 2775 1993 ut
2812 1940 2941 1996 dum
2981 1939 3087 1996 alia
3116 1940 3234 1994 alia:
3266 1941 3530 2012 suffraga-

1940 2038 2048 2096 tur,
2091 2031 2220 2086 vitm
2271 2031 2404 2088 ordo
2435 2041 2491 2087 et
2519 2039 2694 2088 status
2720 2030 3106 2087 decentissime
3149 2042 3526 2103 componatur.

1938 2121 2114 2176 Minor
2143 2121 2340 2190 quippe
2376 2128 2461 2176 est
2510 2122 2778 2192 sapientia
2827 2122 2874 2178 si
2905 2122 3185 2177 intellectu
3212 2133 3420 2190 careat,
3471 2133 3530 2182 et

1937 2214 2094 2270 valde
2124 2213 2330 2268 inutilis
2360 2212 2665 2270 intellectus
2693 2220 2777 2268 est
2817 2213 2863 2274 si
2885 2228 2953 2272 ex
2975 2213 3241 2283 sapientia
3266 2230 3373 2270 non
3401 2214 3531 2271 sub-

1939 2307 2143 2363 sistat:
2187 2308 2314 2376 quia
2363 2321 2487 2362 cum
2539 2305 2733 2360 altiora
2779 2306 2899 2362 sine
2944 2306 3228 2374 sapientia:
3287 2307 3530 2378 pondere

1939 2409 2211 2473 penetrat,
2257 2416 2352 2456 sua
2379 2399 2531 2456 illum
2557 2398 2748 2453 levitas
2778 2398 2998 2468 gravius
3027 2399 3298 2453 ruiturum
3353 2398 3522 2455 levat.

1943 2492 2063 2546 Vile
2090 2499 2174 2547 est
2199 2491 2503 2554 consilium,
2532 2490 2620 2544 cui
2648 2491 2817 2544 robur
2840 2489 3176 2546 fortitudinis
3200 2490 3373 2556 deest,
3403 2491 3532 2560 quia

1942 2585 2087 2652 quod
2119 2581 2401 2640 tractando
2445 2580 2735 2645 invenerit,
2767 2593 2961 2636 carens
3009 2580 3216 2636 viribus
3246 2595 3420 2650 usque
3464 2580 3534 2636 ad

1941 2676 2331 2748 perfectionem
2352 2675 2534 2744 operis
2565 2689 2671 2732 non
2699 2673 2968 2743 perducit.
2999 2673 3068 2730 Et
3089 2673 3248 2729 valde
3271 2671 3534 2728 fortitudo

1943 2772 2262 2834 destruitnr,
2308 2768 2413 2824 nisi
2466 2781 2563 2838 per
2613 2767 2903 2828 consilium
2941 2765 3213 2829 fulciatur,
3261 2767 3387 2833 quia
3425 2779 3534 2834 quo

1941 2863 2062 2935 plus
2083 2879 2142 2918 se
2169 2876 2327 2933 posse
2361 2859 2645 2930 conspicit,
2675 2873 2742 2914 eo
2789 2857 2965 2912 virtus
2995 2857 3113 2916 sine
3142 2857 3368 2914 rationis
3417 2871 3536 2912 mo-

1944 2958 2224 3018 deramine
2256 2955 2496 3009 deterius
2533 2953 2586 3006 in
2627 2966 2868 3024 praeceps
2891 2950 3018 3004 ruit.
3058 2949 3214 3004 Nulla
3237 2957 3322 3004 est
3351 2949 3534 3004 scien-

1943 3049 2042 3115 tia,
2064 3049 2111 3105 si
2137 3047 2427 3103 utilitatem
2457 3044 2678 3114 pietatis
2707 3057 2815 3098 non
2845 3042 3009 3098 habet
3040 3060 3053 3096 :
3085 3042 3210 3109 quia
3237 3041 3364 3096 dum
3390 3041 3536 3100 bona

1945 3140 2160 3211 cognita
2203 3136 2423 3204 exsequi
2448 3133 2671 3204 negligit
2697 3173 2710 3197 ,
2736 3147 2856 3192 sese
2907 3131 2974 3186 ad
3012 3129 3278 3200 judicium
3326 3131 3535 3188 arctius

253 3219 431 3292 (Psal-
458 3238 625 3286 xxx".
660 3220 735 3294 6)-
768 3221 902 3289 Quia
930 3236 1028 3291 per
1056 3221 1352 3283 Christum.
1381 3222 1470 3290 qui
1492 3230 1576 3276 εει
1601 3219 1837 3275 Verbum
1865 3208 1912 3284 (Ξ
1943 3208 2178 3299 stringit.
2221 3228 2288 3282 Et
2314 3227 2469 3280 valde
2501 3225 2705 3280 inutilis
2734 3224 3039 3293 estpietas,
3067 3225 3112 3278 si
3156 3223 3397 3278 scientiae
3426 3223 3537 3278 dis-

253 3310 492 3375 Domiui,
530 3313 582 3366 id
605 3320 688 3366 est
727 3311 925 3376 Patris,
951 3312 1016 3368 tle
1042 3327 1148 3381 quo
1185 3313 1444 3380 scriptum
1472 3319 1576 3375 est,
1609 3309 1676 3363 In
1697 3312 1842 3381 prin-

250 3403 396 3473 cipio
423 3416 534 3457 erat
568 3403 794 3458 Verbum
845 3387 899 3475 (1
907 3422 1027 3467 οαη,
1064 3410 1108 3468 ’1,
1147 3403 1217 3475 1),
1253 3403 1398 3467 οωιί,
1430 3402 1682 3458 videlicet
1710 3418 1841 3457 san-

251 3496 334 3551 cti
371 3497 772 3568 praedicatores,
827 3498 916 3564 qui
947 3505 1209 3551 enarrant
1258 3496 1487 3565 gloriam
1539 3493 1655 3557 Dei,
1716 3489 1846 3547 facti

253 3595 408 3651 Sunt,
447 3594 502 3640 et
531 3586 737 3656 Spiritu
787 3595 992 3652 sancto,
1028 3589 1117 3657 qui
1149 3591 1232 3641 est
1269 3597 1455 3641 eorum
1486 3587 1848 3640 consubstan-

253 3677 429 3743 tialis,
457 3679 548 3748 qui
580 3677 648 3730 ab
671 3687 899 3747 utroque
925 3680 1193 3748 procedit,
1222 3680 1402 3732 omnis
1429 3679 1604 3730 virtus
1628 3681 1844 3741 eorum;

253 3769 390 3841 quia
431 3769 673 3822 omnium
709 3777 1018 3823 sanctorum
1048 3777 1274 3824 ornatus
1322 3775 1376 3823 et
1415 3768 1587 3822 virtus
1618 3765 1852 3835 Spiritus

259 3860 437 3917 sancti
484 3859 839 3929 inspiratione
887 3861 1154 3914 subsistit.
1181 3860 1249 3913 Et
1290 3859 1582 3930 Apostolus
1615 3858 1847 3923 scribit,

260 3951 504 4007 Christus
543 3949 638 4003 Dei
664 3951 828 4004 virtus
851 3960 898 4003 et
923 3947 1022 4005 Dei
1049 3950 1306 4020 sapientia
1339 3947 1394 4020 (1
1417 3948 1540 4002 Cor.
1575 3965 1612 4010 1,
1646 3947 1757 4017 24).
1785 3945 1852 4002 Et

261 4045 324 4120 in
349 4043 649 4097 Proverbiis
670 4042 886 4112 legitur,
919 4042 1060 4095 Deus
1099 4043 1151 4095 in
1199 4042 1457 4111 sapientia
1485 4057 1582 4094 sua
1609 4040 1851 4112 fundavit

264 4145 484 4198 terram,
513 4145 560 4188 et
584 4136 786 4206 pararit
808 4133 959 4187 caelos
999 4135 1054 4188 in
1078 4135 1358 4203 prudentia
1400 4132 1580 4204 (Prov.
1616 4149 1696 4197 111,
1737 4131 1848 4204 i9).

262 4225 338 4296 Et
359 4226 625 4296 quomodo
656 4227 794 4279 idem
834 4241 1016 4289 sermo
1047 4225 1256 4279 Domini
1279 4235 1506 4279 vocatur
1532 4225 1620 4276 lux
1661 4231 1715 4276 et
1743 4225 1852 4276 vita

266 4332 327 4374 et
354 4318 694 4380 resurrectio,
747 4321 826 4371 sic
855 4319 1078 4385 spiritus
1107 4318 1388 4387 sapientia:
1429 4327 1484 4371 et
1508 4318 1814 4371 intellectus
1836 4357 1850 4381 ,

268 4395 482 4470 consilii
511 4420 562 4466 et
609 4411 957 4475 fortitudinis,
998 4419 1052 4465 et
1100 4411 1345 4464 scientiae
1376 4421 1429 4464 et
1455 4411 1672 4479 pietatis
1697 4425 1762 4463 ac
1791 4409 1858 4462 ti-

269 4508 442 4563 moris
485 4505 695 4558 Domini
751 4511 1121 4572 nuncupatur;
1173 4518 1277 4556 non
1317 4501 1460 4572 quod
1492 4502 1736 4555 diversus
1783 4501 1856 4554 sit

260 4601 422 4670 juxta
453 4598 782 4653 differentias
827 4596 1127 4660 nominum,
1172 4596 1266 4650 sed
1317 4595 1460 4664 quod
1506 4609 1645 4658 unus
1689 4604 1854 4665 atque

271 4696 418 4750 idem
443 4702 760 4748 cunctarum
782 4691 1042 4746 virtutum
1074 4688 1194 4744 fons
1223 4689 1294 4744 sit
1319 4699 1481 4758 atque
1504 4675 1850 4758 principium.

269 4787 496 4856 Absque
524 4786 743 4841 Christo
771 4785 933 4856 igitur
956 4799 1058 4842 nec
1095 4784 1310 4854 sapiens
1335 4785 1456 4852 quis
1483 4797 1604 4838 esse
1633 4790 1812 4852 potest
1836 4821 1853 4846 ,

271 4893 376 4934 nec
408 4878 726 4948 intelligens,
754 4893 852 4932 nec
875 4875 1239 4939 consiliarius,
1271 4889 1368 4940 nec
1398 4874 1573 4938 fortis,
1609 4889 1707 4928 nec
1736 4883 1855 4932 eru-

275 4969 442 5034 ditus,
477 4986 576 5026 nec
617 4969 804 5038 plenus
836 4969 1033 5023 timore
1062 4966 1293 5020 Domini.
1328 4964 1394 5019 Et
1445 4966 1546 5020 hoc
1572 4965 1853 5019 sciendum

272 5063 524 5132 estquod
569 5063 788 5133 spiritus
835 5061 1065 5127 Domini,
1099 5059 1378 5130 sapientiae
1426 5067 1480 5115 et
1523 5057 1854 5123 intellectus,

274 5158 488 5214 consilii
519 5169 573 5210 et
606 5156 953 5217 fortitudinis,
985 5154 1225 5210 scientiae
1249 5163 1302 5208 et
1333 5153 1570 5223 pietatis,
1598 5166 1663 5206 ac
1698 5151 1852 5205 timo-

275 5252 356 5306 ris
390 5251 621 5314 Domini,
654 5251 704 5306 id
730 5259 832 5316 est,
863 5249 1198 5318 septenarius
1220 5263 1500 5309 numerus,
1529 5247 1621 5316 qui
1650 5255 1855 5316 septem

275 5343 417 5397 oculi
440 5343 493 5395 in
520 5357 628 5396 uno
650 5341 826 5410 lapide
852 5342 1102 5396 dicuntur
1130 5340 1404 5398 Zachariae
1437 5338 1621 5411 (Zach.
1656 5355 1738 5405 111,
1776 5339 1855 5410 9),

276 5434 588 5502 requiescat
623 5441 786 5502 super
833 5431 1039 5500 virgam
1070 5437 1124 5483 et
1150 5428 1335 5484 ﬂorem
1387 5429 1475 5497 qui
1499 5429 1564 5482 de
1596 5427 1771 5496 Jesse,
1793 5441 1860 5494 ac

275 5540 377 5597 per
401 5526 503 5578 hoc
531 5525 698 5594 stirpe
729 5521 895 5578 David
932 5519 1190 5584 surrexit.
1225 5517 1377 5573 llunc
1408 5517 1552 5572 enim
1584 5517 1855 5590 spiritum,

279 5617 373 5687 qui
399 5633 429 5670 a
450 5615 610 5670 Patre
630 5613 874 5686 Filioque
896 5609 1156 5683 procedit,
1183 5605 1325 5666 idem
1357 5609 1614 5664 Dominus
1640 5616 1857 5678 aposto-

278 5709 368 5776 lis,
411 5715 466 5766 et
490 5725 590 5784 per
610 5707 974 5780 apostolorum
996 5713 1050 5760 et
1078 5719 1267 5759 eorum
1295 5717 1667 5758 successorum
1695 5700 1857 5756 mini-'-

282 5803 513 5870 storium
545 5811 746 5860 sanctae
771 5817 881 5860 suat
909 5797 1098 5855 tribuit
1139 5795 1413 5854 Ecclesia).
1467 5792 1633 5864 Cuius
1677 5793 1812 5851 dona
1839 5833 1858 5865 ,

1940 3321 2182 3376 cretione
2219 3325 2421 3380 careat,
2455 3315 2583 3384 quia
2622 3315 2750 3368 dum
2781 3313 2924 3367 nulla
2976 3313 3118 3366 hanc
3156 3312 3384 3367 scientia
3416 3311 3537 3368 illu-

1943 3411 2133 3472 minat,
2164 3407 2432 3476 quomodo
2469 3406 2796 3459 misereatur
2830 3403 3062 3472 ignorat.
3113 3402 3300 3456 Timor
3321 3416 3536 3471 quoque

1947 3503 2081 3570 ipse,
2115 3499 2213 3552 has
2242 3499 2406 3551 etiam
2438 3497 2669 3549 virtutes
2697 3495 2741 3548 si
2777 3507 2886 3547 non
2921 3492 3191 3557 habuerit,
3222 3492 3291 3546 ad
3326 3491 3536 3546 nullum

1950 3605 2086 3658 opus
2130 3587 2320 3658 procul
2367 3587 2530 3640 dubio
2578 3586 2737 3640 bonae
2767 3584 2996 3639 actionis
3030 3584 3200 3653 surgit
3234 3602 3246 3636 :
3286 3583 3376 3652 qui
3408 3583 3536 3638 dum

1952 3683 2020 3736 ad
2045 3689 2237 3736 cuncta
2269 3679 2527 3748 trepidat,
2560 3679 2676 3746 ipsa
2705 3677 2784 3730 soi
2822 3674 3109 3730 formidine
3133 3690 3160 3726 a
3187 3673 3341 3727 bonis
3371 3673 3541 3728 omni;

1951 3773 2053 3828 bus
2078 3777 2296 3840 torpens
2331 3776 2502 3823 vacat.
2537 3767 2894 3837 Summopere
2923 3765 3108 3835 itaque
3134 3763 3536 3819 observandum

1951 3865 2054 3930 est,
2100 3873 2154 3917 et
2209 3861 2378 3933 ipsius
2410 3859 2582 3914 sancti
2630 3858 2866 3928 Spiritus
2892 3857 3216 3927 atljutoriuin
3245 3853 3539 3924 imploran-

1953 3955 2099 4018 dum,
2129 3969 2195 4008 ne
2218 3951 2478 4022 sapientia
2508 3949 2715 4015 elevet;
2753 3963 2819 4003 ne
2849 3947 3178 4010 intellectus,
3211 3947 3336 4000 dum
3363 3943 3538 4000 subti-

1951 4046 2074 4101 liter
2094 4045 2284 4109 currit,
2312 4045 2558 4108 aberret;
2592 4057 2658 4096 ne
2709 4037 3015 4100 consilium,
3047 4040 3172 4093 dum
3197 4053 3255 4092 se
3279 4035 3542 4104 multipli-

1953 4147 2060 4200 cat,
2093 4137 2426 4199 confundat;
2460 4150 2528 4189 ne
2563 4135 2841 4198 fortitudo,
2874 4134 2999 4188 dum
3025 4132 3280 4186 fiduciam
3308 4131 3535 4198 praebet,

1951 4231 2284 4300 praecipitet;
2321 4245 2385 4282 ne
2435 4228 2682 4293 scientia,
2726 4229 2854 4280 dum
2909 4226 3061 4279 novit
3107 4231 3163 4276 et
3194 4237 3299 4275 non
3331 4222 3538 4290 diligit,

1957 4322 2138 4386 inflet;
2169 4337 2234 4374 ne
2263 4322 2454 4389 pietas,
2497 4320 2624 4372 dum
2670 4334 2729 4371 se
2781 4309 2936 4368 extra
2968 4313 3354 4368 rectitudinem
3383 4311 3539 4366 incli-

1956 4426 2070 4480 nat,
2099 4416 2438 4482 intorqueat;
2471 4426 2538 4465 ne
2575 4410 2758 4473 timor,
2783 4407 2911 4462 dum
2943 4406 3062 4476 plus
3084 4404 3233 4472 justo
3263 4403 3536 4474 trepidat,

1958 4509 2011 4564 in
2073 4505 2453 4578 disputationis
2503 4502 2712 4557 foveam
2781 4507 3009 4571 mergat.
3071 4496 3358 4552 Sciendum
3410 4509 3542 4552 sane

1957 4601 2100 4673 quod
2133 4598 2502 4660 bestiariorum
2532 4593 2855 4664 spiritalium
2885 4589 3290 4646 distributiones
3321 4589 3373 4642 in
3415 4604 3539 4644 cor-

1957 4709 2089 4763 pore
2117 4675 2339 4753 Christi,
2369 4688 2509 4758 quod
2536 4695 2621 4742 est
2646 4684 2907 4748 Ecclesia,
2939 4682 3024 4736 his
3060 4679 3356 4736 fulciantur
3377 4679 3545 4734 admi-

1956 4785 2170 4842 niculis.
2201 4783 2256 4836 ln
2285 4796 2350 4836 eo
2380 4796 2508 4836 vero
2548 4778 2638 4848 qui
2663 4786 2747 4840 est
2778 4774 2898 4844 fons
2919 4773 3143 4830 luminis
3172 4779 3227 4826 et
3270 4771 3423 4841 origo
3444 4770 3543 4824 bo-

1958 4877 2164 4938 uitatis,
2193 4874 2348 4944 plene
2374 4880 2535 4940 atque
2585 4868 2823 4938 perfecte
2853 4863 3349 4935 incomparabiliter
3377 4870 3541 4930 atque

1956 4965 2300 5021 ineffabiliter
2345 4968 2590 5031 regnent.
2627 4957 2908 5028 Sapientia
2934 4971 3190 5026 namque,
3236 4969 3354 5024 qua:
3401 4961 3454 5006 et
3484 4953 3540 5008 in

1959 5055 2200 5125 Virginis
2234 5061 2388 5107 utero
2437 5050 2538 5105 sibi
2581 5063 2797 5118 corpus,
2827 5056 2882 5103 et
2928 5049 2981 5103 in
3013 5047 3215 5102 mundo
3238 5042 3536 5114 Ecclesjam

1961 5146 2264 5209 aedificavit,
2298 5143 2458 5198 habet
2478 5141 2730 5212 spiritum
2762 5141 3045 5210 sapientiae
3083 5153 3190 5208 quo
3235 5134 3414 5189 omnia
3448 5149 3536 5188 sa-

1959 5239 2171 5308 pienter
2189 5235 2328 5306 agit;
2361 5232 2748 5304 intelligentiae,
2778 5247 2883 5302 qua
2906 5239 3102 5285 cuncta
3130 5241 3327 5281 arcana
3355 5239 3540 5279 secre-

1960 5338 2140 5384 torum
2169 5327 2422 5381 rimatur:
2444 5325 2674 5391 consilii,
2705 5341 2810 5396 quo
2839 5331 3033 5379 cuncta
3061 5335 3181 5374 cum
3206 5331 3400 5386 magna
3432 5318 3540 5372 dis-

1962 5421 2279 5494 pensatione
2320 5419 2476 5490 gerit,
2514 5420 2638 5489 quia
2667 5425 2752 5471 est
2789 5414 2969 5485 magni
2997 5410 3208 5466 consilii
3261 5408 3535 5482 Angelus;

1964 5510 2318 5578 fortitudinis,
2352 5511 2474 5580 quia
2501 5507 2716 5576 attingit
2741 5502 2922 5558 omnia
2960 5518 2990 5555 a
3034 5500 3138 5556 fine
3162 5516 3331 5571 usque
3363 5501 3428 5557 ad
3470 5502 3537 5556 ﬁ-

1962 5621 2088 5660 nem
2107 5603 2338 5667 fortiter,
2372 5609 2424 5656 et
2448 5617 2479 5653 a
2505 5597 2651 5652 nullo
2681 5593 2823 5648 vinci
2861 5601 3042 5662 potest
3070 5613 3082 5648 :
3113 5594 3367 5659 scientiae,
3411 5593 3534 5664 quia

1964 5697 2101 5754 nihil
2148 5698 2384 5768 ignorat,
2433 5688 2675 5760 exceptis
2715 5686 2801 5741 his
2837 5687 3033 5757 quibus
3089 5687 3334 5745 dicturus
3387 5693 3481 5742 est,
3519 5700 3533 5738 :

1968 5789 2158 5848 Nescio
2182 5805 2267 5846 uos
2291 5783 2507 5858 (Matth.
2531 5796 2657 5851 xxv,
2691 5777 2813 5855 12);
2847 5780 3086 5852 pietatis,
3114 5781 3238 5852 quia
3261 5778 3536 5834 hominem
