4046 6452
522 328 639 402 η.

1520 338 1912 397 THEODULFI
1948 332 2517 399 AURELIANENSIS
2539 331 2754 394 EPISC.

3671 337 3807 407 ut);

521 472 683 528 quem
707 456 948 511 bonitate
971 455 1197 518 creavit,
1214 453 1426 524 justitia
1451 455 1746 517 damnavit,
1774 454 1976 524 pietate
2005 467 2093 507 re-
2119 456 2170 514 Α
2195 449 2377 523 (Joan.
2399 466 2472 516 vi,
2502 450 2616 521 55).
2651 452 2746 506 Est
2770 452 2916 507 enim
2945 451 3271 515 sacriﬁcium
3317 452 3591 521 salutare,
3631 458 3803 527 quod:

521 552 722 615 demit;
760 550 989 613 timoris,
1023 558 1242 620 propter
1268 566 1363 604 eos
1383 550 1473 618 qui
1501 550 1693 603 timore
1720 547 1933 602 Domini
1956 545 2095 599 indi-

519 657 649 716 gent
670 648 795 717 quia
837 646 1042 716 parvuli
1070 654 1216 709 sunt.
1247 646 1443 714 quibus
1473 659 1567 714 per
1587 644 1914 713 Prophetam
1938 640 2095 705 dicit,

528 737 731 802 Venite,
762 738 883 806 ﬁlii.
908 738 1088 791 audite
1119 754 1221 799 me,
1260 737 1499 790 timorem
1532 736 1745 789 Domini
1788 733 1981 788 docebo
2009 748 2103 787 ros

518 828 694 901 (Psal.
727 842 919 893 xxxiii,
971 827 1081 898 12).
1134 828 1270 895 Quia
1305 843 1435 899 ergo
1462 828 1547 882 ille
1569 829 1634 883 ad
1665 826 1877 881 inﬁrma
1910 833 2095 880 nostra

515 922 849 978 descendens
872 920 1171 976 exinanivit
1199 922 1550 990 semetipsum
1581 919 1808 975 formam
1837 919 1979 973 servi
2008 933 2098 974 ac—

514 1004 742 1083 cipiens,
773 1012 1081 1066 humiliavit
1121 1014 1475 1084 semetipsum
1511 1028 1682 1083 usque
1730 1012 1797 1066 ad
1840 1019 2092 1075 mortem,

512 1117 570 1165 et
599 1110 883 1166 inclinavit
907 1110 1284 1180 semetipsum,
1317 1119 1376 1164 ιιι
1400 1126 1500 1164 nos
1526 1108 1771 1177 jacentes
1797 1108 1865 1163 ad
1889 1123 1946 1162 se
1982 1105 2094 1159 eri-

512 1212 684 1275 geret,
716 1219 823 1258 non
848 1204 1289 1259 inconvenienter
1315 1204 1535 1274 spiritus
1560 1202 1796 1267 Domini,
1824 1201 1915 1270 qui
1936 1213 2098 1270 super

512 1310 639 1351 eum
666 1296 981 1365 requiescit,
1010 1312 1039 1351 a
1068 1297 1328 1366 sapientia
1368 1297 1574 1367 incipit,
1599 1304 1655 1351 et
1681 1312 1778 1366 per
1825 1294 2098 1349 decentis-

512 1386 679 1444 simos
708 1387 906 1457 gradus
927 1388 993 1443 ad
1024 1388 1273 1444 timorem
1304 1404 1476 1456 usque
1499 1388 1795 1443 descendit.
1827 1386 1934 1441 Nos
1964 1401 2096 1441 vero

511 1459 783 1542 atimore,
836 1492 996 1555 quem
1041 1468 1188 1534 feras
1235 1480 1474 1534 charitas
1505 1479 1688 1542 mittit,
1721 1478 1999 1532 venientes
2028 1477 2097 1531 ad

510 1566 766 1625 timorem
818 1578 1026 1635 castum
1079 1570 1168 1637 qui
1199 1577 1480 1639 permanet
1502 1569 1554 1624 in
1597 1568 1852 1624 saeculum
1890 1567 2092 1633 saeculi,

505 1657 856 1729 pervenimus
890 1658 957 1712 ad
1003 1658 1283 1729 pietatem,
1316 1667 1374 1713 ut
1408 1660 1631 1728 pietatis
1660 1659 1914 1729 operibus
1936 1674 2098 1713 exor-

508 1749 625 1805 nati
657 1750 940 1805 veniamus
977 1751 1044 1805 ad
1091 1751 1395 1813 scientiam.
1447 1766 1552 1805 non
1601 1766 1723 1820 qua:
1772 1748 1941 1814 inﬂat,
1999 1748 2098 1807 sed

2196 556 2253 603 et
2280 548 2332 601 iu
2373 547 2551 603 Veteri
2591 549 2940 605 Testamento
2970 549 3363 605 Melchisedech
3394 567 3488 606 rex
3520 550 3779 609 Salamin

2197 647 2322 709 typo
2344 640 2588 709 corporis
2606 652 2654 693 et
2682 641 2962 711 sanguinis
2989 642 3200 697 Domini
3222 642 3434 703 obtulit.
3465 651 3521 697 et
3544 643 3599 697 in
3627 642 3805 701 Novo‘

2198 730 2338 785 idem
2366 731 2628 787 mediator
2655 732 2749 787 Dei
2773 742 2829 787 et
2856 735 3132 789 hominum
3154 744 3445 805 antequam
3469 736 3783 792 traderetur

2197 821 2529 891 adimplevit,
2560 838 2684 879 cum
2721 824 2994 895 acvipiens
3018 841 3214 895 panem
3244 836 3300 882 et
3322 827 3569 892 calicem,
3601 836 3659 884 et
3687 829 3803 885 be~

2196 914 2453 969 nedicens
2482 916 2581 982 eis,
2609 924 2666 969 et
2696 918 2917 972 tradens
2943 918 3224 988 discipulis
3254 919 3391 983 suis,
3424 921 3540 977 haec
3587 920 3644 974 in
3696 937 3779 977 sui

2196 1010 2713 1065 commemoratione
2759 1010 2879 1065 ﬁeri
2918 1013 3197 1082 praecepit.
3238 1012 3352 1068 Hoc
3402 1030 3533 1085 ergo
3580 1023 3793 1087 mysta;

2198 1101 2337 1156 rium
2366 1102 2643 1166 sacriﬁcii,
2666 1103 2938 1159 derelictis
2963 1120 3029 1160 ac
3058 1104 3226 1161 ﬁnitis
3256 1107 3531 1163 veteribus
3559 1108 3781 1176 hostiis,

2196 1191 2438 1248 Ecclesia
2466 1194 2720 1257 celebrat,
2747 1194 2979 1250 oiierens
2999 1211 3193 1265 panem
3214 1207 3435 1269 propter
3462 1214 3660 1269 panem
3701 1199 3785 1255 vi—

2196 1302 2324 1340 vum
2348 1286 2438 1355 qui
2464 1288 2530 1342 de
2556 1288 2698 1343 coelo
2726 1288 3027 1352 descendit,
3059 1289 3244 1343 vinum
3275 1304 3373 1359 pro
3400 1305 3468 1347 eo
3486 1291 3579 1361 qui
3607 1292 3806 1360 dixin:

2197 1378 2312 1449 Ego
2334 1396 2449 1433 sum
2501 1381 2617 1434 vitis
2662 1396 2782 1434 uera
2811 1379 2993 1447 (loan.
3025 1396 3116 1446 xv,
3151 1380 3239 1449 1);
3264 1389 3326 1435 ut
3370 1397 3470 1452 per
3509 1382 3784 1440 visibilem

2198 1471 2539 1527 sacerdotum
2580 1471 2928 1536 oblationem,
2960 1480 3017 1527 et
3050 1473 3376 1529 invisibilem
3399 1478 3575 1531 sancti
3604 1475 3807 1546 Spiris

2199 1571 2287 1617 tus
2313 1563 2804 1628 consecrationem,
2857 1564 3015 1634 panis
3039 1572 3096 1620 et
3134 1565 3319 1620 vinum
3370 1566 3425 1620 in
3452 1568 3700 1634 corporis
3726 1576 3787 1624 et

2198 1654 2479 1723 sanguinis
2524 1655 2738 1710 Domini
2787 1662 3068 1710 transeant
3118 1657 3457 1728 dignitatem.
3506 1656 3609 1714 Cui
3656 1673 3788 1714 san-

2198 1748 2347 1817 guini
2374 1748 2705 1804 admiscetur
2725 1764 2889 1819 aqua,
2930 1750 3046 1804 sive
3089 1750 3217 1820 quia
3261 1750 3330 1805 de
3369 1749 3540 1805 latere
3566 1749 3786 1807 Dommi

501 1856 666 1911 quam
694 1842 935 1897 charitas
961 1843 1227 1909 aedificat;
1257 1860 1287 1898 a
1321 1844 1547 1898 scientia
1578 1843 1646 1897 ad
1696 1841 2087 1905 fortitudinem,
2122 1847 2171 1906 Β
2196 1857 2319 1897 cum
2345 1842 2610 1912 sanguine
2639 1839 2830 1906 ﬂuxit,
2862 1841 2977 1896 sive
3020 1841 3169 1912 quia,
3203 1849 3265 1896 ut
3292 1840 3527 1911 majores
3557 1842 3805 1916 intelligi,

499 1942 561 1987 ut
610 1932 851 1988 scientiae
878 1934 1073 1989 decore
1112 1935 1361 1989 exornati
1399 1934 1616 1989 fortiter
1636 1943 1823 1988 contra
1850 1934 1981 1989 vitia
2010 1933 2091 1988 di-

500 2024 804 2081 micemus':
835 2040 865 2079 a
898 2023 1214 2081 fortitudine
1236 2027 1303 2082 ad
1324 2027 1629 2093 consilium,
1661 2038 1720 2082 ιιι
1744 2044 1807 2082 ea
1840 2044 1960 2097 quae
1986 2029 2092 2084 for-

499 2114 632 2169 titer
653 2116 885 2188 agimus,
910 2116 1120 2172 consilii
1138 2118 1401 2185 gravitate
1425 2120 1733 2174 muniamus
1758 2137 1771 2172 :
1796 2129 1856 2174 ut
1876 2120 2090 2175 actibus

499 2209 706 2265 nostris
735 2210 962 2265 consilio
986 2198 1398 2281 obtemperatis,
1431 2212 1498 2265 ad
1529 2227 1729 2267 arcana
1781 2214 2090 2269 intellectus

498 2298 788 2365 intrantes,
813 2303 878 2355 ad
895 2317 1013 2356 eam
1046 2298 1329 2359 veniamus
1352 2305 1696 2375 sapientiam,
1724 2321 1843 2375 quae
1872 2306 2088 2360 initium

499 2388 667 2444 habet
714 2390 968 2446 timorem
1003 2392 1248 2459 Domini;
1301 2402 1360 2448 ut
1403 2396 1678 2466 sapienter
1705 2396 1888 2452 omnia
1940 2411 2089 2451 com-

495 2481 732 2555 plentes,
774 2494 831 2540 et
878 2486 1207 2542 intellectum
1256 2489 1458 2543 bonum
1501 2487 1746 2545 faiendo
1786 2486 2082 2553 habentes,

496 2574 573 2633 illi
597 2578 876 2650 sapientia
905 2582 1116 2637 admitti
1144 2582 1441 2648 valeamus,
1466 2599 1564 2655 per
1588 2600 1750 2655 quam
1788 2585 1931 2641 facta
1961 2594 2088 2641 sunt

495 2670 679 2725 omnia
714 2688 728 2725 :
755 2686 877 2741 quae
900 2682 955 2727 et
978 2681 1105 2728 ante
1139 2675 1333 2730 saecula
1362 2690 1393 2729 a
1416 2675 1574 2733 Patre
1604 2676 1954 2732 ineﬂ‘ahiliter
1990 2693 2086 2749 ge—

498 2758 617 2816 nita
645 2769 749 2828 est,
787 2771 843 2817 et
868 2756 923 2817 in
950 2764 1059 2820 ﬁne
1089 2766 1408 2821 sucularum
1442 2783 1662 2825 carnem
1704 2777 1902 2824 nostra;
1944 2770 2089 2824 salu-

496 2850 571 2906 tis
590 2865 755 2908 causa
782 2853 1003 2925 dignata
1045 2865 1129 2912 est
1156 2858 1441 2928 accipere;
1475 2876 1637 2929 quam
1666 2876 1888 2916 carnem
1915 2859 2088 2916 ﬁdeli-

495 2936 599 2996 bus
626 2941 745 2997 suis
772 2941 1033 3001 edendam
1064 2947 1250 3003 tribuit
1286 2964 1408 3004 cum
1432 2950 1569 3007 dixit
1595 2970 1608 3005 :
1636 2951 1755 3006 Nisi
1796 2952 2087 3006 manduca-

496 3035 674 3091 veritis
701 3052 912 3093 carnem
942 3040 1044 3108 ﬁlii
1084 3028 1332 3109 hominis,
1364 3054 1413 3100 et
1467 3045 1699 3101 biberitis
1728 3049 1843 3118 ejus
1870 3052 2089 3119 sangui-

495 3140 633 3192 nem,
674 3146 779 3184 non
802 3131 1057 3188 habebitis
1083 3137 1241 3190 vitam
1270 3138 1324 3192 in
1353 3139 1494 3193 vobis
1525 3138 1705 3212 (Joan.
1739 3156 1818 3206 Vl,
1848 3140 1939 3208 55,
1970 3140 2081 3215 56).

1194 3249 1378 3307 XVIII.

532 3334 539 3341 “
566 3332 674 3388 Cur
703 3329 917 3407 corpore
938 3349 987 3393 et
1018 3344 1275 3412 sanguine
1310 3344 1582 3399 Dominico
1600 3357 2012 3403 consummetur.

564 3421 797 3496 Propter
832 3427 973 3484 hanc
995 3430 1162 3485 vitam
1190 3433 1593 3501 adipiscendam
1616 3446 1670 3491 et
1702 3436 2045 3508 baptizamur
2068 3476 2086 3503 ,

494 3519 549 3566 et
588 3513 706 3585 ejus
736 3528 903 3572 carne
931 3521 1227 3589 pascimur,
1257 3531 1312 3577 et
1340 3524 1461 3596 ejus
1502 3528 1764 3597 sanguine
1795 3536 2084 3598 potamur,

494 3602 618 3672 quia
644 3620 986 3676 nequaquam
1017 3626 1305 3680 possumus
1332 3614 1385 3669 in
1418 3615 1534 3686 ejus
1568 3632 1765 3688 corpus
1809 3620 2080 3686 transire,

494 3690 598 3780 nisi
627 3694 713 3751 his
746 3702 1101 3756 sacramentis
1134 3703 1460 3761 imbuamur.
1505 3706 1595 3763 Sic
1626 3710 1768 3764 enim
1799 3712 1914 3780 ipse
1957 3713 2035 3766 ait
2066 3729 2080 3765 :

494 3774 632 3835 Caro
663 3803 776 3840 mea
806 3806 919 3842 vere
954 3802 1026 3845 est
1052 3793 1218 3859 cibus,
1242 3806 1290 3849 et
1316 3800 1532 3866 sanguis
1572 3815 1717 3852 meus
1746 3816 1864 3853 vere
1891 3811 1964 3853 est
1990 3818 2085 3870 po-

496 3877 577 3925 tus
615 3870 798 3938 (Joan.
850 3894 924 3941 vt,
954 3879 1081 3949 54);
1108 3892 1164 3937 et
1190 3902 1203 3938 :
1237 3884 1340 3950 Qui
1364 3887 1649 3941 manducet
1673 3906 1843 3943 meam
1871 3908 2083 3946 carnem

497 3966 544 4011 et
569 3958 695 4015 bibit
739 3980 912 4020 meum
942 3974 1277 4040 sanguinem,
1304 3975 1359 4028 in
1388 3992 1468 4029 me
1493 3989 1667 4032 manet
1701 3990 1750 4032 et
1775 3996 1870 4051 ego
1900 3981 1955 4034 in
1989 3980 2084 4035 illo

2193 1932 2401 1999 volunt,
2434 1933 2574 1988 sicut
2597 1948 2698 2003 per
2721 1933 2910 1988 vinum
2949 1932 3217 1994 Christus,
3252 1933 3326 1988 ita
3367 1942 3424 1989 et
3460 1949 3558 2005 per
3584 1950 3789 2005 aquam

2192 2025 2423 2097 populus
2459 2026 2817 2097 signiﬁcatur.
2851 2025 3049 2081 Vinum
3078 2026 3222 2082 enim
3253 2033 3308 2081 et
3335 2042 3476 2097 aqua
3504 2028 3807 2098 inseparac‘

2191 2119 2376 2174 bilitcr
2422 2119 2477 2174 in
2529 2118 2699 2174 calice
2728 2119 3045 2185 miscentur,
3091 2119 3217 2189 quia
3242 2126 3300 2173 et
3328 2118 3571 2175 Ecclesia
3615 2119 3791 2190 capiti

2192 2228 2293 2269 suo
2320 2212 2539 2269 Christo
2567 2214 3002 2284 inseparabiliter
3040 2213 3226 2285 juncta
3274 2213 3532 2270 cubaret.
3577 2212 3793 2271 Morem

2190 2321 2321 2377 ergo
2373 2306 2703 2376 accipienda:
2748 2306 3107 2363 Eucharistite
3160 2322 3194 2361 a
3245 2305 3474 2362 Domino
3525 2306 3793 2363 traditum

2190 2396 2433 2451 Ecclesia
2464 2408 2631 2462 tenet,
2685 2406 2745 2453 ut
2777 2413 2899 2453 cum
2944 2414 3011 2455 ex
3057 2413 3195 2469 aqua
3245 2407 3301 2455 et
3342 2399 3551 2469 Spiritu
3593 2407 3805 2457 sancto

2191 2489 2314 2560 quis
2343 2491 2667 2556 renascitur,
2700 2506 2930 2562 corpore
2979 2491 3191 2547 Domini
3220 2500 3495 2562 pascatur,
3544 2498 3603 2548 et
3650 2506 3793 2549 san-

2190 2583 2352 2654 guine
2377 2581 2496 2652 ejus
2530 2592 2750 2654 potetur
2779 2600 2791 2614 ·
2827 2591 2890 2638 ιιι
2923 2584 2979 2639 in
3013 2598 3245 2655 corpore
3272 2582 3478 2640 Christi
3525 2583 3805 2654 trajectu,

2187 2684 2246 2731 et
2272 2674 2361 2731 ille
2385 2675 2438 2730 in
2469 2674 2690 2730 Christo
2710 2683 2950 2741 maneat,
2973 2684 3029 2730 et
3051 2674 3300 2732 Christus
3325 2675 3379 2729 in
3411 2689 3479 2732 eo
3506 2692 3519 2728 :
3542 2682 3605 2729 ut
3624 2674 3798 2730 istius

2189 2768 2298 2822 cibi
2337 2767 2663 2824 fortitudine
2684 2768 2991 2833 roboratus,
3023 2766 3272 2837 exemplo
3300 2766 3430 2822 Elite
3480 2766 3662 2821 veniat
3691 2780 3800 2821 us-

2190 2874 2295 2929 que
2360 2860 2420 2913 ad
2467 2867 2706 2914 montem
2746 2859 2866 2925 Dei,
2922 2858 3201 2914 Christum
3257 2858 3530 2923 videlicet,
3576 2856 3670 2927 qui
3700 2862 3802 2913 est

2190 2965 2347 3005 mons
2373 2950 2566 3006 domus
2589 2950 2801 3006 Domini
2824 2961 3163 3022 praeparatus
3185 2950 3238 3005 in
3260 2949 3465 3006 vertice
3494 2948 3805 3017 montium,

2188 3052 2245 3099 et
2269 3043 2387 3113 ejus
2419 3046 2561 3100 dono
2587 3045 2656 3100 ad
2685 3054 2905 3101 (elerum
2933 3045 3285 3101 beatitudinis
3326 3044 3554 3117 gloriam
3598 3058 3801 3115 perac-

2189 3138 2367 3202 cedat,
2405 3138 2495 3193 ubi
2523 3139 2752 3192 satietur
2777 3138 2831 3193 in
2868 3136 3028 3193 bonis
3048 3137 3376 3193 desiderium
3406 3134 3546 3206 ejus,
3572 3143 3631 3190 et
3657 3150 3801 3193 cun

2114 3209 2161 3274 (ἶ
2191 3229 2461 3300 Propheta
2504 3231 2685 3285 dicere
2713 3229 2887 3300 possit
2915 3247 2929 3284 :
2960 3229 3074 3299 Ego
3101 3239 3275 3284 autem
3299 3244 3418 3283 cum
3444 3226 3657 3295 iustitia
3687 3243 3802 3297 ap—

2184 3320 2379 3390 parebo
2420 3325 2476 3375 in
2502 3331 2782 3390 conspectu
2809 3331 2921 3385 tuo,
2948 3321 3183 3376 satiabor
3209 3336 3329 3376 cum
3355 3317 3799 3389 manifestabitttt'

2187 3411 2359 3481 gloria
2381 3422 2474 3465 tua
2498 3410 2675 3484 (Psal.
2707 3430 2816 3478 xvr,
2850 3412 2955 3484 I5).

2262 3537 2289 3566 ι
2320 3524 2483 3591 Ecce,
2511 3526 2599 3581 vir
2647 3527 2973 3583 venerabilis
2992 3567 3008 3591 ,
3038 3525 3182 3595 quod
3229 3521 3797 3595 prudenterjussisti.

2190 3617 2469 3673 humiliter
2507 3619 2747 3689 implevi,
2788 3620 3086 3690 deprecans
3119 3618 3466 3674 sanctitatem
3497 3624 3750 3670 vestram
3772 3654 3795 3681 ,

2192 3717 2252 3764 ut
2265 3724 2387 3764 cum
2419 3710 2487 3766 de
2512 3711 2596 3766 his
2620 3711 3135 3779 interrogationibus
3159 3710 3381 3764 altiores
3397 3707 3798 3777 responsiones

2192 3799 2535 3867 inveneritis,
2568 3803 2676 3859 illis
2698 3804 2979 3869 adhibitis,
3004 3803 3140 3859 istas
3173 3818 3279 3859 non
3320 3798 3597 3869 rejieiatis,
3624 3798 3797 3854 duiu-

2194 3892 2356 3945 modo
2383 3892 2680 3960 ap0~tolica
2709 3894 3038 3948 auctoritate
3067 3908 3248 3948 omnia
3304 3900 3431 3945 sunt
3476 3888 3792 3960 probanda,

2191 3992 2245 4038 et
2273 3999 2394 4052 qum
2415 3983 2554 4037 bona
2588 3991 2714 4039 sunt
2741 3986 3044 4045 retinenda,

568 4085 594 4113 ι
641 4073 780 4131 Ecce
832 4081 912 4134 air
960 4084 1287 4141 uenerabilis.
1328 4086 1636 4145 Clausulam
1681 4092 1822 4148 hanc
1877 4093 2081 4150 addunt
2120 4096 2222 4150 tria
2250 4095 2582 4166 exemplaria
2606 4113 2729 4168 qua:
2757 4098 2867 4154 dixi
2899 4116 2911 4153 :
2956 4098 3012 4153 in
3043 4097 3160 4155 solo
3186 4098 3340 4154 deest
3365 4095 3701 4155 Corbeiensi.

503 4240 3782 4289 .___________________________________________________________________,

1612 4406 2659 4524 TEEODULPI

1677 4617 2232 4715 AURELIANENSIS
2272 4620 2577 4680 EPISCOPI

1051 4786 1392 4926 ’ΒΕ
1516 4803 2314 4935 SPIRITU
2411 4802 3207 4937 SANCTO.

1075 5041 1358 5104 Veterum
1385 5043 1648 5105 Patrum
1682 5048 2017 5121 sententiw,
2048 5048 2221 5129 quod
2251 5068 2290 5109 a
2320 5050 2509 5111 Patre
2536 5050 2832 5131 Filioque
2856 5049 3182 5129 procedat.

676 5246 1040 5305 PR/EFATIO
1076 5249 1171 5305 AD
1208 5249 1546 5307 CAROLUM
1584 5250 1882 5312 MAGNUM

516 5406 521 5411 ,
1041 5340 1568 5398 IMPERATOREM.

497 5423 708 5507 Imperii
739 5433 924 5499 vestri,
946 5450 1039 5492 rex
1066 5434 1205 5506 incly
1218 5442 1287 5498 te,
1312 5435 1464 5506 jussu
1495 5448 1734 5504 secutus,

570 5517 763 5578 Deiera
783 5521 1117 5580 Theudulius
1138 5524 1256 5581 haec
1283 5526 1605 5586 documenta
1637 5530 1829 5588 libens.

472 5639 542 5719 ἠ
572 5651 595 5681 ⁸
616 5640 718 5719 De.
747 5640 1209 5719 διιίι-ἰιιι--ιιιυιιξιᾳΣ
1255 5644 1412 5719 Hunc
1441 5663 1658 5719 quoque
1677 5647 1875 5707 librum
1897 5647 2077 5709 Caroli

496 5703 671 5781 Irlagni
698 5703 853 5790 jussu
878 5712 1237 5790 a_The_oJull‘o
1283 5703 1545 5790 scriptum
1571 5703 1752 5790 'doeet
1796 5703 2072 5790 praefat—io;-

493 5794 561 5847 ea
590 5795 694 5855 qua
724 5782 791 5836 de
814 5782 968 5839 titulo
989 5784 1176 5851 etiam,
1203 5788 1294 5859 qui
1325 5788 1381 5842 in
1396 5782 1703 5863 exemplari
1734 5782 1905 5847 nostri
1934 5782 2076 5850 desii-

2102 5261 2157 5322 D
2182 5258 2317 5326 Quis
2339 5258 2499 5314 Patre
2527 5273 2619 5313 seu
2648 5257 2787 5314 Nato
2807 5259 3108 5329 procedere
3136 5261 3374 5334 Spiritus
3400 5263 3577 5321 almus

2194 5356 2201 5371 '
2255 5350 2555 5417 Astruitur,
2580 5351 2717 5425 legis
2738 5352 2841 5408 hoc
2862 5352 3124 5410 reboante
3159 5356 3305 5411 tuba.

2183 5436 2303 5502 Hoc
2330 5445 2707 5519 Evangelium,
2731 5448 2835 5504 hoc
2855 5448 3056 5518 promit
3075 5447 3368 5520 Apostolus
3392 5458 3604 5520 auctor,

2182 5560 2187 5573 ι
2258 5537 2377 5596 Hoc
2396 5539 2545 5596 canit
2568 5539 2843 5597 unanimis
2870 5556 2977 5598 vox
2994 5541 3085 5614 pia
3108 5556 3265 5600 sacra
3289 5541 3534 5600 Patrum.

2174 5653 2485 5728 derabatur.
2540 5656 2893 5728 conjeeimus.
2946 5657 3135 5716 Potuit
3168 5660 3315 5717 enim
3352 5669 3409 5717 et
3455 5662 3615 5719 aliter
3637 5676 3776 5719 eou-

2173 5725 2302 5812 eipi,
2332 5726 2547 5812 qualem
2680 5727 2853 5812 altera
2879 5729 3122 5812 ejusdem
3164 5733 3472 5812 argumenti
3498 5742 3557 5789 et
3600 5740 3771 5812 nota,

2289 5798 2484 5854 incerti
2506 5799 2746 5855 auctoris
2766 5796 2992 5857 libro'ad
3017 5796 3275 5859 Carolutit
3286 5803 3537 5872 eumdem
3557 5796 3772 5888 scripta
