4046 6464
267 493 464 565 Perge,
490 491 690 560 libelle,
727 490 873 547 celer
899 485 1080 547 Caroli
1104 489 1172 544 ad
1199 488 1431 560 vestigia
1455 486 1584 543 celsi

344 584 529 656 Regis,
558 593 615 639 et
641 599 676 639 ο
696 584 784 655 pie
810 583 898 639 dic
921 583 1272 652 induperator
1295 595 1413 635 ave.

271 675 489 732 Stratus
509 676 656 732 humi
693 676 890 746 plantis
919 675 988 729 da
1017 675 1164 729 basia
1192 683 1344 744 grata
1388 673 1600 729 decoris
1633 692 1645 727 :

344 768 485 824 IIinc
501 784 730 840 surgens
754 769 914 836 digna
937 781 1063 820 mox
1092 775 1216 836 pete
1243 774 1391 820 sorte
1421 781 1582 835 genu.

270 861 340 916 Et
367 863 412 916 si
435 862 488 916 in
515 871 566 916 te
598 861 784 915 rutilos
811 860 1090 915 oculorum
1113 859 1292 915 fixerit
1321 861 1504 924 orbes,

344 956 412 1010 Et
435 964 487 1010 te
511 954 802 1009 clementer
827 964 1008 1010 sumat
1032 970 1248 1010 ammon
1270 954 1464 1009 manus
1483 996 1498 1019 ,

270 1048 342 1104 Et
389 1060 539 1120 roget
583 1048 724 1104 unde
776 1047 946 1114 venis,
977 1047 1107 1117 quid
1135 1048 1237 1112 vis,
1277 1063 1385 1116 quo
1416 1047 1610 1112 tendis,
1658 1061 1719 1102 es
1765 1059 1861 1102 aut

1690 1137 1857 1210 lanis,

343 1233 602 1289 Protinus
621 1235 748 1289 huic
778 1234 1004 1304 supplex
1032 1235 1163 1288 talia
1189 1234 1334 1288 dicta
1363 1234 1520 1289 dabis
1557 1252 1570 1287 :

269 1323 374 1392 Qui
412 1325 548 1380 duce
578 1324 878 1380 'I‘h'euJulfo
915 1341 1010 1396 per
1044 1326 1271 1396 plurima
1319 1335 1474 1396 prata
1509 1327 1751 1394 cucurri,

341 1415 591 1472 Floribus
619 1433 685 1472 en
722 1418 909 1472 adsum
931 1418 1110 1472 cernis
1139 1426 1364 1472 onustus
1393 1433 1512 1486 ego.

266 1508 426 1577 Quod
461 1509 620 1565 Patre
647 1511 901 1580 procelat
929 1525 1022 1566 seu
1052 1511 1201 1579 prole
1238 1511 1473 1580 Spiritus
1516 1511 1716 1576 almus,

339 1601 603 1658 Astruere
631 1602 823 1656 studeo
847 1602 1190 1672 dogmatibus
1221 1602 1254 1656 fi
1277 1604 1367 1658 lei.

265 1692 515 1764 Cumque
541 1694 648 1748 illis
680 1695 836 1749 venio
859 1694 1106 1748 dextram
1131 1693 1384 1770 conferre
1407 1703 1656 1763 paratus,

318 1785 444 1852 Qui
469 1802 628 1841 secus
667 1787 945 1851 incedunt,
968 1785 1214 1862 hancque
1241 1785 1383 1840 viam
1419 1785 1648 1855 fugiunt.

269 1878 363 1936 Sic
383 1888 437 1934 tu
470 1899 483 1934 :
517 1881 563 1935 si
595 1897 741 1946 mox,
773 1895 882 1934 non
913 1880 1135 1950 poteris,
1165 1880 1285 1950 pius
1307 1878 1506 1933 inferat
1533 1878 1620 1933 ille
1655 1897 1668 1932 :

315 1969 434 2027 -Sic
463 1980 674 2044 potero,
699 1981 907 2042 potero,
937 1987 1056 2037 rex,
1088 1972 1226 2026 Deus
1257 1971 1419 2026 addet
1440 1984 1616 2038 opem.

267 2061 479 2134 Inclyta
517 2072 830 2119 sanctorum
860 2078 1070 2118 mecum
1095 2071 1180 2117 est
1206 2062 1472 2116 sententia
1511 2071 1720 2126 vatum,

296 2191 305 2195 -
341 2155 491 2224 Quos
519 2157 656 2211 bene
683 2157 957 2226 spiramen
984 2153 1216 2209 ﬂaminis
1248 2154 1406 2222 hujus
1434 2155 1545 2224 agit

271 2247 461 2319 Tuque
491 2265 713 2304 manum
737 2249 961 2317 injicies,
998 2256 1210 2319 vegetat
1235 2262 1395 2319 quem
1430 2247 1654 2318 spiritus
1679 2246 1789 2312 ille,

293 2347 310 2380 -’
343 2357 370 2384 ι
411 2343 585 2400 Causa
615 2353 706 2399 tuo
729 2343 883 2412 cujus
903 2351 1144 2413 tempore
1174 2342 1341 2412 coepit
1367 2342 1473 2410 agi.

273 2435 378 2504 Qui
420 2437 582 2492 decus
600 2451 660 2492 es
681 2436 889 2502 mundi,
919 2436 1009 2490 lux
1043 2436 1217 2508 regni,
1249 2444 1394 2490 tutor
1419 2444 1474 2489 et
1496 2435 1659 2504 :equi,

345 2531 640 2586 Catholica:
663 2541 718 2586 et
743 2530 870 2585 ﬁdei
897 2545 1086 2584 murus
1106 2538 1158 2584 et
1196 2545 1345 2584 arma
1371 2529 1531 2584 simul

269 2622 432 2679 Iusta
451 2622 626 2692 jubes,
664 2624 863 2694 injusta
893 2631 1069 2688 vetas,
1095 2622 1310 2694 largiris
1331 2624 1584 2688 honores,

293 2716 302 2738 ³
349 2717 569 2772 Artibus
594 2718 844 2789 ingenuis
865 2717 968 2771 rite
1005 2717 1262 2772 alimenta
1286 2732 1466 2786 paras.

274 2809 391 2867 Has
410 2818 464 2866 et
484 2815 636 2866 amas
660 2820 716 2864 et
750 2825 935 2866 amare
954 2810 1134 2881 jubes,
1164 2824 1487 2880 recreasque
1513 2809 1792 2879 fovesque,

289 2897 302 2932 ξ
349 2899 576 2973 Gurgite
596 2903 663 2958 de
683 2901 897 2957 illarum
929 2901 1118 2972 pocula
1142 2901 1289 2973 larga
1321 2903 1481 2958 bibis.

275 2999 420 3067 Quid
449 3001 714 3056 referam?
763 3001 962 3055 virtute
992 3000 1145 3064 cluis,
1174 2999 1375 3070 pietate
1405 2998 1698 3065 redundas,

301 3100 318 3116 ’·
348 3093 516 3164 Inque
543 3094 697 3149 bonis
720 3093 933 3148 cunctis
961 3102 1032 3157 te,
1057 3092 1191 3156 scio,
1219 3107 1380 3147 nemo
1400 3091 1575 3161 praeit.

270 3182 330 3238 Is
361 3182 457 3237 tibi
485 3184 531 3237 si
563 3183 730 3248 dicat,
759 3184 1002 3239 dextram
1030 3184 1347 3254 impositure
1379 3182 1579 3249 duello,

351 3277 529 3332 Exere
551 3278 768 3332 virtutis
799 3277 993 3332 amodo
1022 3277 1066 3332 si
1103 3276 1232 3347 quid
1259 3275 1447 3332 habes.

275 3363 360 3424 Tu
388 3385 532 3432 mox,
557 3385 706 3424 arma
737 3377 949 3441 patrum
990 3378 1145 3424 vasto
1170 3370 1237 3426 de
1256 3370 1465 3440 gurgite
1494 3375 1712 3439 sumpta

353 3461 592 3524 Cernite.
632 3478 751 3534 quae
775 3464 960 3518 docuit
983 3462 1066 3517 lex
1103 3478 1242 3519 nova
1267 3462 1382 3518 sive
1406 3470 1580 3516 vetus.

273 3552 379 3609 His
404 3556 531 3610 dum
556 3565 742 3610 nostra
769 3556 913 3610 acies
941 3554 1148 3610 munita
1186 3555 1438 3609 fatiscere
1451 3555 1647 3622 nescit,

289 3681 298 3692 -.
351 3646 489 3700 Cum
513 3659 649 3699 vero
673 3646 858 3700 vinces
885 3645 1038 3713 cujus
1065 3660 1125 3699 es
1155 3646 1268 3712 ipse
1290 3660 1516 3713 sequax.

270 3734 509 3804 Fulgida
533 3733 864 3804 splendifluis
888 3735 1063 3788 aderit
1094 3735 1318 3788 victoria
1344 3735 1561 3802 pannis,

352 3826 421 3883 Et
441 3827 552 3883 voti
575 3828 773 3892 sancti,
802 3843 896 3882 rex
928 3828 1038 3898 pie,
1069 3843 1289 3898 compos
1313 3829 1446 3885 eris.

554 4005 836 4046 INDICULUS
870 4005 1158 4046 Αυοτοειωι
1193 4006 1283 4054 QUI
1318 4007 1615 4046 CITANTUB.

425 4143 432 4149 ρ
460 4105 812 4160 Athanasius.
1241 4102 1558 4175 Gregorius.

465 4198 716 4270 Cyrillus.
1243 4199 1502 4253 Isidorus.

467 4288 727 4345 Hilarius.
793 4299 796 4301 '
1244 4289 1502 4360 Prosper.

463 4382 802 4438 Ambrosius.
1246 4382 1581 4453 Fulgentius.

469 4475 746 4545 Didymus.
1244 4474 1552 4530 Hormisda.

470 4567 821 4638 Augustinus.
1251 4568 1380 4623 Leo.

288 4704 528 4760 vidimus
557 4705 641 4760 his
665 4705 865 4770 verbis,
897 4704 1216 4761 Testimonia
1244 4724 1307 4760 ea:
1329 4707 1495 4760 sacris
1525 4706 1876 4762 voluminibus

291 4774 534 4859 collecta,
566 4793 647 4859 ea;
664 4777 851 4859 quibus
891 4787 1076 4859 aperte
1116 4778 1406 4859 osteuditur
1452 4777 1590 4859 quo‘d
1645 4776 1876 4859 Spiritus

290 4857 508 4901 sanctus
543 4865 574 4900 η
607 4845 764 4901 Patre
806 4858 853 4901 et
883 4845 1024 4901 Filio
1075 4849 1327 4916 procedit,
1352 4856 1408 4901 et
1436 4845 1650 4917 qualem
1686 4845 1876 4903 sancti

293 4917 551 4989 Cypriani
576 4918 872 4988 prmferunt
901 4927 1010 4974 tres
1039 4918 1160 4972 libri
1195 4919 1652 4989 Testiumniorum
1685 4922 1879 4973 adver-

294 4987 389 5044 sus
415 4987 648 5045 Judaeos.
687 4989 929 5045 Fuerunt
957 4991 1120 5046 etiam
1150 4990 1241 5060 qui
1276 4987 1583 5056 bujusmo'li
1613 4989 1879 5044 Testimo-

293 5060 510 5116 niorum
543 5062 732 5127 libros,
754 5064 897 5133 quod
925 5063 1039 5118 haec
1069 5071 1324 5132 excerpta
1347 5069 1403 5114 et
1429 5060 1652 5133 collecta
1696 5069 1879 5116 essent

293 5146 364 5205 ex
403 5133 592 5198 variis,
629 5131 854 5205 Eclogas
878 5131 1249 5205 nominarent,
1271 5141 1328 5186 ut
1357 5133 1423 5205 de
1450 5131 1667 5204 Pelagio
1695 5140 1879 5186 narrat

293 5200 631 5270 Gennadius,
662 5200 784 5275 cap:
831 5205 902 5259 42
952 5224 964 5259 :
1001 5224 1020 5257 ε
1059 5204 1324 5274 Pelagius,
1370 5203 1562 5274 inquit,
1584 5200 1878 5274 antequam

295 5276 624 5342 pro-teretur
645 5277 959 5341 haereticus,
985 5277 1205 5345 scripsit
1233 5290 1330 5344 pro
1360 5276 1557 5332 actuali
1589 5291 1881 5330 conversa-

298 5345 446 5418 tione
469 5346 793 5418 Eclogarum
808 5364 874 5403 ex
901 5347 1097 5418 divinis
1113 5347 1408 5416 Scripturis
1437 5347 1832 5418 iii)t:UIIIunllllI.
1857 5365 1875 5398 ι

298 5413 399 5501 Sic
411 5420 556 5501 enim
575 5413 854 5501 ibilegunt
879 5417 1069 5501 optimi
1095 5413 1310 5501 colicas
1329 5457 1365 5498 ,.
1382 5434 1492 5501 non
1511 5415 1881 5501 Eulogiai°um.

375 5497 404 5530 ι
435 5488 611 5544 Causa
652 5487 797 5561 saepit
833 5487 938 5560 agi.
993 5488 1500 5561 Tempus‘clesiguat
1530 5487 1883 5561 ‘quolibrum

299 5563 650 5632 conscripsit,
683 5555 885 5619 annuui
918 5555 1166 5615 vilelicet
1193 5557 1318 5621 809,
1363 5555 1698 5632 cumcaroli
1731 5555 1889 5632 jussu

301 5630 575 5714 celebrata
597 5644 680 5690 est
709 5634 957 5714 Sync-ius
989 5631 1465 5714 Aquisgt':t_ttensi§,
1491 5630 1748 5714 .iu‘eaque
1773 5630 1890 5714 agi”-

299 5703 408 5775 t-ari
441 5717 616 5775 empta
652 5701 878 5774 quaistio
908 5704 973 5759 de
1021 5701 1365 5775 pt'ocrs‘sioue
1412 5701 1886 5775 Spit‘illlSSDllClii

303 5772 461 5844 cujus
486 5772 804 5830 deﬁnienda:
847 5772 1032 5830 causa,
1066 5774 1260 5843 legatio
1302 5772 1524 5826 Romam
1553 5773 1617 5826 ad
1657 5772 1889 5827 Leonem

306 5840 508 5917 Papam
538 5847 703 5906 missa
727 5856 830 5915 est,
857 5856 914 5903 ut
952 5840 1293 5919 Eginhardus
1323 5852 1379 5899 et
1405 5843 1586 5900 caeteri
1617 5845 1892 5900 annalium

1542 373 1632 429 DE
1670 365 1943 426 SPIBITU
1984 361 2272 420 SANCTO.

1889 1869 1940 1927 B

3432 365 3544 426 εις

2124 476 2349 547 Vigilius
2375 477 2527 533 Afer.
2905 480 3270 544 Cassiodorus.
3358 531 3361 534 .
3427 510 3430 511 ν
3538 447 3542 450 ⁵

2137 570 2378 626 Proclus.
2908 573 3249 633 Prudentius.

2130 660 2409 729 Agnellus.

1962 749 1988 788 δ
2029 749 2387 832 Ατιμξλειιξε,
2414 756 2555 832 quod
2585 752 2812 825 Spiritus
2832 757 3044 832 sanctus
3067 777 3098 813 a
3129 761 3285 832 Patre
3301 758 3544 832 Filioque

2029 822 2291 898 pro-radat,
2323 822 2714 898 inhlibroquem
2737 829 2943 898 scripsit
2971 842 3151 885 contra
3181 831 3408 886 Ariauos
3435 822 3544 888 lia:-

2033 893 2218 945 reticos
2247 896 2321 947 sic
2349 895 2475 948 dicit
2508 893 2644 965 (Lib.
2690 899 2806 968 vut)
2835 893 2847 950 ἑ

2030 982 2142 1051 Ego
2167 985 2326 1039 credo
2356 985 2549 1041 Filium
2577 989 2629 1041 in
2657 987 2816 1044 Patre
2835 999 2889 1044 et
2915 990 3127 1045 Patrem
3157 993 3210 1046 in
3233 993 3390 1059 Filio,
3425 995 3548 1065 Spi-

1960 1072 2122 1128 ritum
2171 1091 2386 1145 quoque
2422 1080 2763 1148 paraclitum.
2804 1082 2893 1150 qui
2925 1085 3169 1151 procedit
3214 1085 3452 1146 a'Patre,
3495 1097 3549 1140 et

1959 1163 2082 1220 Filii
2117 1182 2238 1221 esse
2271 1179 2322 1222 et
2353 1169 2548 1236 Patris,
2571 1173 2697 1242 quia
2729 1182 2784 1226 et
2811 1189 2840 1227 a
2866 1174 2998 1229 Filio
3037 1179 3300 1246 procedit,
3330 1180 3465 1234 sicut
3496 1182 3548 1234 in

1961 1258 2255 1330 Evangelio
2278 1264 2534 1332 scriptum
2553 1276 2634 1320 est
2655 1270 2797 1336 quod
2821 1280 2919 1338 per
2945 1269 3362 1326 insufflatiunem
3391 1255 3550 1328 suam-

1961 1351 2169 1407 dederit
2192 1354 2467 1424 diseipulis
2483 1359 2598 1412 suis
2620 1357 2883 1428 Spiritum
2913 1372 3178 1424 sanctum,
3210 1363 3424 1418 dicens:
3447 1364 3548 1417 Ar.-

1961 1443 2114 1512 cipite
2147 1444 2402 1515 Spiritum
2429 1460 2700 1503 sanctum:
2726 1453 2878 1521 cujus
2905 1454 3207 1508 remiseritis
3239 1465 3449 1523 peccatu
3479 1459 3553 1508 re;

1962 1537 2123 1590 missa
2152 1548 2294 1600 sunt,
2337 1549 2384 1592 et
2420 1541 2572 1609 cujus
2604 1542 2920 1597 retinueritis
2969 1555 3163 1598 retenta
3209 1555 3330 1598 sunt
3368 1545 3549 1617 (Joan.

1962 1641 2055 1691 xx,
2081 1626 2194 1699 2'2).
2223 1629 2290 1682 Et
2321 1629 2442 1684 ideo
2467 1631 2882 1700 inseparabilem
2918 1634 3182 1689 confiteor
3206 1633 3552 1699 Trinitatem,

1964 1732 2065 1771 nec
2077 1727 2348 1774 extorrem
2367 1721 2562 1776 Filium
2588 1732 2680 1777 aut
2695 1723 2960 1794 Spiritum
2987 1734 3258 1789 sanctum,
3274 1725 3416 1780 sicut
3442 1727 3556 1780 ha:-

1969 1810 2123 1863 retici
2154 1810 2448 1880 loquuntur
2479 1832 2491 1866 :
2523 1831 2554 1868 a
2581 1815 2689 1870 Deo
2719 1815 2880 1870 Patre
2903 1818 3044 1882 dico,
3071 1818 3328 1886 quoniam
3365 1817 3556 1883 Filius,

1966 1905 2058 1975 qui
2073 1914 2156 1960 est
2170 1906 2265 1962 Dei
2280 1909 2544 1978 sapientia
2562 1909 2758 1975 Patris,
2779 1913 2892 1981 ipse
2907 1921 2991 1967 est
3009 1922 3066 1967 et
3087 1913 3334 1967 voluntas
3355 1912 3556 1978 Patris,

1963 2013 2084 2069 quae
2111 2017 2324 2073 semper
2370 2003 2425 2057 in
2454 2004 2569 2073 ipso
2596 2004 2716 2071 fuit,
2751 2017 2805 2062 et
2834 2008 2952 2078 ipse
2990 2016 3074 2064 est
3116 2011 3299 2080 magni
3343 2007 3559 2064 consilii

1965 2101 2206 2162 angelus.

2205 2205 2341 2262 Item
2363 2209 2499 2264 idem
2531 2210 2585 2264 in
2610 2212 2789 2265 eodem
2823 2229 2974 2282 opere
2999 2213 3136 2285 (Lib.
3168 2213 3307 2286 vm).

2037 2295 2114 2350 De
2153 2295 2358 2366 Spiritu
2393 2314 2522 2353 vero
2554 2309 2740 2354 sancto
2765 2301 2988 2356 dubium
3015 2313 3229 2358 nonest
3259 2303 3401 2372 quod
3426 2303 3565 2359 nihil

1967 2387 2198 2460 ignoret,
2234 2407 2335 2446 nec
2362 2393 2431 2446 sit
2462 2395 2698 2450 extorris
2745 2411 2776 2449 a
2819 2395 2978 2452 Patre
3031 2414 3152 2452 cum
3198 2399 3316 2454 sine
3354 2397 3564 2470 Spiritu

1969 2490 2158 2536 sancto
2174 2481 2390 2538 Patrem
2418 2483 2584 2539 fuisse
2606 2486 2899 2555 aliquando
2926 2505 3153 2544 summa:
3166 2491 3451 2548 dementiae
3479 2501 3566 2550 est

1969 2573 2172 2638 dicere,
2189 2576 2446 2644 quoniam
2462 2578 2574 2647 ipse
2600 2589 2891 2644 scrutatur,
2911 2582 3208 2635 secundum
3221 2583 3261 2636 A
3273 2585 3562 2652 postolum,

1969 2663 2110 2718 sicut
2141 2681 2282 2736 saepe
2303 2666 2507 2721 dictum
2555 2677 2658 2732 est,
2685 2670 2953 2738 profunda
3000 2683 3046 2725 et
3071 2672 3181 2726 altu
3208 2673 3310 2728 Dei
3345 2674 3397 2746 (I
3433 2674 3560 2734 Cor.

1970 2771 2029 2835 tt,
2062 2755 2246 2827 IO),et
2273 2758 2414 2826 quod
2448 2760 2588 2812 idem
2615 2761 2838 2829 Spiritus
2868 2760 2986 2814 Filii
3014 2763 3565 2835 sit,multisScriptu-

1969 2829 2154 2902 rarum
2205 2850 2528 2919 testimoniis
2555 2851 2879 2920 probatum:
2913 2861 2967 2906 et
2995 2855 3140 2923 quod
3175 2864 3300 2911 .toto
3346 2829 3568 2923 maneat

1969 2939 2022 2994 in
2049 2941 2205 3006 Filio,
2257 2952 2311 2998 et
2337 2945 2478 2998 sicut
2508 2946 2755 3014 procedit
2787 2931 2839 3000 θ’
2858 2946 2970 3001 Deo
3000 2947 3182 3015 Patre,
3215 2951 3289 3006 ita
3319 2953 3572 3022 procedit

1969 3047 2000 3086 a
2030 3032 2186 3099 Filio,
2244 3045 2302 3088 ut
2335 3043 2448 3089 tota
2479 3035 2720 3092 Trinitas
2748 3053 2886 3092 unus
2909 3039 3165 3094 credatur
3199 3040 3364 3097 Deus.
3420 3022 3567 3115 Nihil

1969 3138 2052 3184 est
2065 3144 2193 3200 ergo
2211 3131 2353 3199 quod
2378 3130 2543 3185 faciat
2558 3131 2640 3186 vel
2655 3131 2909 3202 disponat
2922 3133 3086 3188 Pater
3098 3135 3217 3189 sine
3235 3150 3331 3190 sua
3354 3137 3568 3206 sapien-

1893 3235 1938 3299 ρ
1971 3220 2068 3287 tia,
2098 3221 2231 3275 nihil
2261 3223 2404 3292 quod
2435 3225 2647 3277 noverit
2675 3224 2758 3278 vel
2797 3225 3044 3294 disponat
3075 3226 3193 3282 sine
3234 3242 3333 3281 suo
3376 3236 3568 3284 sancto

1925 3315 1931 3325 '
1976 3313 2201 3384 Spiritu,
2229 3315 2296 3369 de
2328 3331 2437 3385 quo
2470 3314 2738 3386 Propheta
2761 3317 2839 3372 sic
2862 3318 2939 3371 ait
2962 3336 2975 3370 :
3001 3317 3232 3389 Spiritus
3255 3318 3569 3391 paraclitus,

1975 3409 2190 3478 spiritus
2212 3408 2483 3479 sapientiw
2509 3419 2556 3462 et
2583 3409 2896 3475 intellectus,
2934 3412 3148 3480 spiritus
3175 3413 3380 3467 consilii
3402 3422 3449 3467 et
3471 3415 3577 3468 vir-

1978 3501 2122 3564 tutis,
2147 3499 2362 3568 spiritus
2391 3501 2625 3554 scientia:
2649 3511 2697 3554 et
2719 3502 2929 3572 pietatis
2955 3501 3092 3573 (Isa.
3119 3520 3195 3570 x1,
3216 3504 3293 3576 2),
3322 3520 3443 3574 quae
3459 3496 3574 3564 Ome

1980 3591 2068 3643 nia
2100 3591 2152 3643 in
2186 3591 2314 3645 Deo.
2345 3593 2434 3660 qui
2477 3601 2561 3646 est
2589 3592 2848 3660 Trinitas,
2887 3595 3210 3650 consistunt.

1982 3680 2117 3736 Item
2136 3685 2193 3758 in
2217 3684 2396 3758 eodem
2421 3684 2552 3738 libro
2577 3684 2688 3756 (lib.
2710 3677 2854 3757 vm),
2877 3687 3016 3758 (ιιιυά
3041 3690 3095 3742 in
3127 3687 3290 3744 Patre
3304 3691 3370 3745 sit
3399 3688 3575 3748 Filius

2054 3765 2100 3807 et
2126 3753 2357 3827 Spiritus
2390 3753 2625 3827 sanctus,
2672 3768 2717 3811 et
2746 3753 2870 3827 quia
2889 3753 3136 3826 'Spiritus
3166 3771 3378 3815 sanctus
3406 3779 3438 3815 a
3459 3760 3570 3816 Deo

2053 3825 2318 3894 procedat,
2356 3826 2443 3880 ubi
2472 3843 2575 3881 nou
2603 3825 2902 3882 excluditur
2923 3825 3109 3883 nomen
3133 3829 3284 3886 Filii.

2056 3915 2413 3972 Serviendum
2460 3920 2644 3991 itaque
2677 3931 2758 3976 est
2783 3922 3001 3980 Christo
3023 3925 3153 3988 lilio,
3196 3925 3324 3995 quia
3355 3935 3411 3980 et
3445 3939 3576 3996 per-

1983 4007 2158 4063 fectus
2189 4011 2330 4065 Deus
2367 4019 2422 4065 et
2446 4027 2604 4067 verus
2636 4023 2719 4068 est
2746 4013 2913 4071 Filius
2944 4035 2958 4070 :
2988 4025 3043 4072 et
3071 4018 3160 4087 qui
3197 4017 3430 4073 fideliter
3454 4009 3576 4071 ser-

1983 4103 2062 4157 vit
2082 4103 2240 4166 Filio,
2257 4103 2408 4159 Patri
2428 4108 2613 4172 servit,
2630 4116 2685 4162 et
2707 4105 2931 4177 Spiritui
2960 4118 3149 4164 sancto
3170 4110 3261 4178 qui
3290 4110 3344 4163 in
3369 4125 3436 4163 eo
3457 4117 3576 4164 est:

1985 4204 2041 4247 et
2077 4195 2168 4262 qui
2203 4196 2396 4250 adorat
2425 4197 2659 4261 Patrem,
2693 4199 2745 4252 in
2772 4200 2890 4268 ipso
2913 4201 3104 4253 adorat
3133 4199 3352 4262 Filium,
3377 4209 3432 4252 et
3460 4199 3584 4270 Spi-

1986 4285 2152 4338 ritum
2203 4295 2471 4350 sanctum,
2500 4288 2624 4356 quia
2657 4289 2710 4340 iu
2738 4288 2899 4342 Patre
2945 4297 3030 4342 est
3055 4287 3224 4341 Filius
3249 4297 3304 4340 et
3346 4287 3585 4357 Spiritus

1989 4391 2230 4444 sanctus,
2260 4381 2402 4450 quia
2431 4379 2538 4435 Deo
2578 4380 2741 4436 Patre
2792 4382 3052 4451 procedit,
3099 4381 3214 4452 ipso
3245 4380 3473 4436 Domino
3496 4382 3583 4438 di-

1991 4481 2170 4536 cente,
2205 4471 2316 4542 Ego
2343 4473 2396 4526 in
2413 4470 2574 4526 Patre
2599 4483 2647 4526 et
2673 4471 2838 4528 Pater
2863 4475 2916 4528 iu
2931 4491 3011 4529 me
3031 4485 3105 4529 est
3121 4473 3304 4547 (Joan.
3323 4494 3436 4544 xw,
3453 4478 3542 4550 11)
3562 4494 3582 4547 ;

1912 4595 1965 4655 Β
1992 4564 2058 4619 de
2089 4563 2293 4633 Spiritu
2319 4579 2536 4635 quoque
2575 4575 2765 4619 sancto
2811 4566 2910 4630 ait,
2944 4565 3178 4636 Spiritus
3209 4579 3383 4623 autem
3422 4585 3587 4639 para-

1983 4714 2294 4759 nostrorum
2325 4714 2576 4761 auctores
2606 4706 2845 4761 tradunt.

2056 4776 2082 4813 ι»
2122 4775 2442 4829 Athanasius
2470 4787 2654 4830 contra
2678 4779 2927 4832 Arianos.
2984 4777 3114 4845 Quae
3145 4779 3237 4834 hic
3269 4780 3584 4835 testimonia

1943 4889 1953 4904 .
1982 4846 2083 4920 sub
2105 4845 2384 4901 Athanasii
2411 4849 2637 4920 nomine?
2659 4848 3030 4920 proferuntur,
3081 4865 3144 4903 ea
3176 4866 3338 4905 unico
3365 4854 3586 4920 dempto

1983 4917 2264 4987 desumpta
2323 4927 2450 4973 sunt
2495 4919 2675 4973 omnia
2731 4934 2798 4974 ex
2862 4919 3016 4974 libris
3070 4937 3121 4974 xI
3177 4921 3244 4976 de
3292 4917 3584 4985 Trinitate,

1983 4988 2075 5057 qui
2119 4988 2310 5043 Latino
2358 4997 2566 5044 tantum
2605 5005 2855 5044 sermone
2897 4992 3040 5047 inter
3079 4992 3359 5047 Athanasii
3413 5005 3581 5058 opera

1987 5058 2466 5131 circumferuntur.
2514 5059 2632 5115 Jam
2650 5062 2846 5131 quippe
2871 5063 3168 5119 inoleverat
3199 5073 3259 5117 ut
3283 5061 3586 5131 Athanasio

1989 5129 2360 5203 tribuerentur
2385 5148 2398 5184 :
2433 5133 2588 5203 cujus
2619 5129 2760 5186 item
2775 5129 2992 5190 nomine
3022 5136 3263 5191 citantur
3292 5131 3491 5203 passim
3515 5130 3588 5188 ab

1989 5199 2284 5255 Hincmaro
2311 5199 2942 5260 contra'Gothesralcum
2977 5207 3050 5260 De
3066 5222 3170 5258 non
3194 5203 3332 5256 trina
3363 5200 3580 5256 deitate.

1988 5270 2259 5346 Caeterum
2290 5276 2595 5343 suppositos
2622 5293 2812 5330 omnes
2835 5293 2956 5331 esse
2973 5275 3316 5346 perspicuum
3343 5279 3445 5346 est.
3472 5269 3584 5328 Nec

1989 5341 2197 5416 errabit
2225 5341 2456 5399 fartus—ae
2482 5347 2572 5416 qui
2598 5349 2665 5401 ab
2699 5348 2789 5401 illo
2825 5349 2939 5416 ipso
2975 5341 3180 5414 'Vigilio
3231 5343 3586 5416 concinnatus

1991 5413 2331 5486 existimarit,
2366 5434 2394 5469 a
2418 5413 2525 5486 quo
2549 5413 3072 5485 Atliauasii'qnoque
3097 5428 3218 5486 cum
3247 5414 3376 5468 Ario
3399 5414 3586 5486 dispu-

1993 5486 2125 5539 tatio
2147 5485 2378 5540 conficta
2411 5484 2514 5542 est.
2563 5484 2942 5557 Coiijecturam
2981 5493 3127 5538 certe
3177 5484 3589 5541 ﬁrmabit'anti-

1991 5572 2129 5626 quus
2154 5565 2210 5611 et
2239 5560 2421 5627 proba:
2466 5567 2606 5612 nota:
2634 5556 3212 5628 atdexFIoriacensis,
3246 5557 3298 5611 iu
3322 5566 3584 5628 Quorsum

1994 5629 2374 5700 Vigiliilibris
2417 5632 2676 5698 adversus
2716 5627 3022 5700 Nestorium
3048 5637 3106 5700 et
3131 5627 3488 5700 ‘Eutychem,
3523 5635 3592 5700 et

1993 5697 2116 5752 cuni
2148 5695 2521 5769 Disputatiune
2564 5714 2632 5766 qu
2655 5715 2721 5750 tm
2763 5699 2895 5764 dixi,
2921 5707 2923 5709 ’
2953 5695 3200 5754 undecim
3245 5695 3411 5754 etiam
3439 5699 3492 5753 hi
3522 5696 3591 5752 li-

1993 5770 2074 5850 bri
2107 5771 2530 5840 conjunguntur,
2562 5770 2718 5839 quasi
2745 5771 2810 5825 ad
2837 5771 3090 5828 eumdem
3134 5781 3412 5826 auctorem
3462 5781 3590 5841 per-

2001 5849 2227 5896 titteuut.
