4046 6460
518 397 626 465 943

1535 389 1930 454 THEODULFI
1965 365 2525 445 AURELIANENSIS
2559 378 2778 437 EPISG.

3679 368 3784 425 ιιι,

519 523 696 586 clitus,
721 513 810 592 qui
853 537 885 574 a
915 517 1076 573 Patre
1118 531 1234 571 meo
1256 512 1490 586 procedit
1522 510 1704 584 (Ioan.
1736 525 1827 575 xv,
1865 505 1980 578 26).
2028 505 2097 558 Et
2123 500 2373 570 Ajunxit
2394 501 2459 556 de
2482 514 2714 571 persona
2741 493 2914 592 sancti
2940 493 3207 592 Spiritus,
3239 490 3371 592 Cum
3409 486 3790 592 venerit

519 633 642 673 cum
666 614 860 669 Filium
883 611 1004 682 quis
1029 611 1236 674 adorat,
1267 609 1320 662 in
1343 623 1409 663 eo
1425 609 1638 662 Patrem
1669 605 1876 667 adorat,
1906 611 1961 656 et
1982 600 2103 670 Spi-

519 710 685 764 ritum
725 715 990 769 sanctum,
1029 702 1153 772 quia
1198 702 1250 756 in
1294 701 1411 771 ipso
1452 709 1536 755 est
1560 699 1741 762 Pater,
1777 695 1988 750 dicente
2014 708 2100 758 eo,

523 799 626 865 Qui
653 815 734 852 me
749 801 908 862 videt,
939 795 1073 848 videt
1101 803 1148 848 et
1170 790 1386 846 Patrem
1410 809 1580 846 meum
1607 790 1789 861 (Joan.
1817 787 2019 857 xw,9),
2051 793 2105 839 et

518 889 740 952 iterum,
797 885 959 939 Pater
982 892 1155 937 autem
1192 883 1246 934 in
1286 897 1366 935 me
1389 895 1627 942 manens,
1649 879 1758 948 ipse
1787 877 1913 946 facit
1946 890 2103 945 opera

519 978 685 1050 (Ibid.
712 995 762 1032 v.
798 975 909 1047 i0).
940 976 1018 1030 De
1047 973 1250 1043 Spiritu
1274 986 1404 1025 vero
1431 978 1619 1025 sancto
1643 968 1724 1023 sic
1743 968 1835 1029 ait,
1862 964 1983 1031 Ille,
2023 965 2106 1019 in-

520 1069 658 1138 quit,
681 1084 763 1122 me
792 1064 1124 1135 clariﬁcabit,
1163 1062 1286 1131 quia
1316 1060 1380 1115 de
1404 1076 1515 1114 meo
1554 1059 1792 1128 accipiet,
1818 1066 1867 1111 et
1897 1071 2108 1111 annum

521 1160 672 1214 tiabit
698 1158 842 1212 vobis
899 1157 1080 1228 (Joan.
1106 1169 1230 1219 xvi,
1269 1153 1397 1224 li);
1449 1161 1524 1218 et,
1567 1150 1757 1205 Omnia
1785 1159 2106 1220 quacunque

522 1253 676 1307 habet
715 1252 898 1316 Pater,
935 1266 1052 1303 mea
1078 1258 1220 1312 sunt,
1257 1256 1532 1318 propterea
1578 1246 1689 1299 dixi
1719 1245 1862 1298 vobis
1883 1244 2007 1314 quia
2042 1243 2106 1296 de

523 1359 637 1398 meo
664 1343 880 1412 accipiet
909 1340 1135 1412 (lbid.v.
1157 1338 1268 1409 xv).
1295 1337 1532 1408 Spiritus
1559 1338 1740 1408 itaque
1768 1336 1965 1400 Patris,
1984 1335 2108 1406 Spi-

521 1434 662 1487 ritus
677 1432 796 1486 Filii
819 1439 923 1494 est,
954 1430 1211 1500 Apostolo
1233 1431 1470 1492 dicente,
1497 1429 1758 1494 Quoniam
1787 1436 1962 1481 autem
1985 1428 2107 1481 estis

525 1523 624 1594 ﬁlii
651 1523 770 1589 Dei,
801 1523 940 1575 misit
965 1520 1105 1576 Deus
1136 1521 1374 1592 spiritum
1402 1519 1533 1574 Filii
1555 1523 1638 1574 sui
1659 1521 1714 1574 in
1741 1520 1900 1573 corda
1929 1527 2108 1572 nostra

526 1615 670 1687 (Gal.
703 1631 775 1678 tv,
800 1614 886 1686 6);
911 1623 967 1668 et
995 1615 1213 1679 iterum,
1238 1613 1294 1668 Si
1323 1614 1438 1684 quis
1459 1622 1634 1666 autem
1657 1613 1898 1683 spiritum
1917 1609 2110 1664 Christi

524 1724 629 1761 non
657 1707 828 1770 habet,
857 1707 941 1760 hic
963 1723 1066 1759 non
1088 1714 1161 1759 est
1191 1706 1304 1774 ejus
1335 1703 1508 1775 (Rom.
1542 1719 1661 1768 vnt,
1689 1702 1778 1775 9);
1806 1711 1860 1756 et
1888 1703 2105 1762 iterum,

526 1796 652 1852 Scio
691 1797 826 1851 enim
859 1798 984 1867 quia
1011 1797 1106 1850 hoc
1140 1795 1269 1848 mihi
1297 1796 1559 1865 proveniet
1581 1795 1637 1848 in
1663 1794 1883 1848 salutem
1913 1810 2003 1863 per
2027 1809 2111 1845 ve-

2203 605 2351 650 catus
2377 595 2482 658 ille,
2511 609 2660 664 quem
2689 607 2780 662 ego
2809 589 3012 644 mittam
3040 587 3184 641 vobis
3211 602 3244 639 α
3285 581 3445 637 Patre
3473 598 3589 636 meo
3619 581 3792 648 Spiri—

2205 696 2314 739 tum
2363 685 2617 746 veritatis,
2663 682 2752 752 qui
2793 699 2823 734 a
2853 678 3014 733 Patre
3037 677 3288 748 procedit,
3314 674 3404 728 ille
3425 674 3792 742 testiﬁcabitur

2205 779 2270 832 de
2295 794 2376 831 me
2422 776 2604 847 (Joan.
2633 790 2724 839 xv,
2747 772 2860 843 ‘26).
2889 772 3037 826 itane
3070 785 3177 824 non
3198 769 3337 822 alter
3361 775 3446 821 est
3465 767 3559 836 qui
3602 765 3788 831 mittit,

2207 878 2263 925 et
2287 870 2424 924 alius
2455 876 2538 923 est
2581 867 2802 934 aquue
2831 865 2884 918 in
2923 877 3153 933 persona
3183 862 3250 914 de
3281 874 3389 930 quo
3415 856 3682 927 procedit,
3737 864 3794 911 et

2210 963 2348 1017 alter
2376 971 2459 1016 est
2488 961 2576 1015 hic
2621 960 2736 1028 ipse
2779 957 2874 1027 qui
2903 954 3097 1009 venit?
3152 952 3396 1021 Denique
3417 950 3463 1004 si
3495 961 3602 1003 una
3649 957 3796 1001 esset

2206 1069 2458 1128 persona,
2486 1070 2514 1108 a
2541 1069 2646 1124 quo
2674 1053 2997 1113 mitteretur,
3011 1048 3097 1103 vel
3119 1063 3148 1101 a
3173 1059 3282 1114 quo
3301 1042 3655 1115 procederet?
3676 1040 3796 1096 Sic-

2209 1157 2269 1204 ut
2299 1145 2586 1216 Apostolus
2615 1146 2730 1198 hzec
2774 1142 2827 1196 in
2862 1139 3184 1196 salutatione
3217 1136 3284 1190 ad
3324 1134 3638 1190 Corinthios
3668 1148 3798 1186 con-

2211 1239 2462 1295 ﬁrmabat
2488 1238 2674 1291 dicens
2703 1253 2715 1290 :
2741 1233 2931 1289 Gratia
2974 1229 3185 1284 Domini
3213 1227 3375 1281 nostri
3399 1225 3533 1279 'Jesu
3570 1221 3794 1288 Christi,

2212 1341 2259 1385 et
2289 1330 2521 1384 charitas
2538 1327 2655 1392 Dei,
2681 1327 2776 1379 hoc
2801 1334 2875 1379 est
2899 1321 3099 1386 Patris,
3125 1329 3174 1374 et
3195 1317 3598 1372 communicatio
3625 1317 3798 1370 sancti

2214 1421 2442 1494 Spiritus
2471 1435 2588 1475 cum
2611 1417 2848 1474 omnibus
2876 1416 3040 1480 vobis,
3067 1428 3221 1466 amen
3249 1409 3334 1482 (II
3367 1409 3492 1464 Cor.
3525 1425 3647 1472 ιιιιι,
3684 1409 3796 1478 15).

2214 1514 2402 1569 Nonne
2425 1523 2609 1582 aperte
2628 1526 2727 1581 per
2752 1507 2960 1578 singula
2989 1505 3228 1569 nomine,
3283 1503 3428 1557 sicut
3465 1509 3522 1555 et
3545 1501 3800 1570 superius

2215 1608 2539 1670 continetur,
2592 1602 2831 1674 singulas
2860 1612 3117 1658 personas
3147 1597 3324 1650 inesse
3365 1593 3650 1648 distinxit?
3695 1591 3805 1646 tta-

2215 1713 2320 1766 quc
2349 1696 2488 1750 alter
2527 1701 2611 1749 est
2637 1694 2798 1748 Pater
2839 1691 2899 1745 in
2927 1703 3161 1759 persona
3205 1685 3297 1756 qui
3329 1684 3533 1755 gennit,
3579 1695 3636 1737 et
3661 1683 3805 1736 alius

2214 1788 2383 1841 Filius
2411 1787 2502 1856 qui
2550 1784 2860 1854 unigenitus
2904 1784 2972 1838 ab
3001 1781 3123 1850 ipso
3153 1786 3258 1842 est,
3307 1784 3363 1831 et
3408 1775 3542 1830 alius
3566 1773 3809 1844 Spiritus

525 1901 690 1945 stram
718 1893 1009 1945 orationem
1031 1899 1079 1942 et
1104 1889 1636 1943 subministrationem
1664 1889 1874 1958 spiritus
1899 1885 2109 1944 Domini
2137 1893 2187 1955 Β
2215 1881 2530 1953 paraclitus,
2573 1878 2666 1947 qui
2713 1871 2781 1932 de
2829 1891 2935 1930 una
2975 1882 3168 1928 natura
3209 1870 3471 1942 procedit.
3518 1868 3623 1923 Sed
3665 1867 3812 1922 dicis

527 1979 722 2036 Christi
751 1979 1005 2051 (Philipp.
1025 1997 1065 2043 ι,
1089 1980 1200 2050 19).
1249 1980 1306 2034 ln
1333 1979 1622 2049 Evangelio
1637 1993 1849 2047 quoque
1877 1977 1990 2044 ipse
2006 1976 2110 2030 Do—

526 2073 706 2126 minus
735 2071 830 2136 ait,
887 2068 1184 2123 Paraclitus
1212 2069 1442 2140 Spiritus
1468 2079 1699 2134 sanctus,
1758 2084 1905 2138 quem
1946 2067 2111 2121 mittet

528 2158 696 2212 Pater
723 2160 778 2213 in
807 2159 1014 2213 nomine
1038 2175 1151 2212 meo
1182 2158 1362 2230 (Joan.
1394 2174 1508 2224 x1v,
1533 2154 1650 2230 9.6).
1697 2157 1765 2210 Et
1793 2157 1846 2210 in
1888 2155 2114 2208 Actibus

531 2251 897 2320 apostolorum
920 2250 993 2304 ita
1014 2248 1208 2320 legitur
1233 2267 1245 2302 :
1272 2243 1620 2303 Transeuntes
1637 2258 1807 2302 autem
1827 2243 2114 2316 Phrygiam

528 2354 577 2399 et
607 2341 896 2409 Calatiam,
921 2344 1058 2397 vetiti
1082 2353 1200 2396 sunt
1235 2344 1301 2396 ab
1333 2342 1532 2412 Spiritu
1551 2340 2114 2411 sanctoloquiverbum

529 2438 587 2490 in
623 2436 785 2502 Asia;
813 2453 928 2490 cum
954 2437 1208 2490 venissent
1233 2444 1407 2488 autent
1447 2435 1500 2488 in
1526 2433 1977 2504 Mesopotamiam,
2003 2443 2116 2488 ten-

529 2537 708 2583 tabam
736 2529 811 2582 ire
827 2527 1155 2598 Bithyniam,
1184 2536 1229 2580 et
1261 2544 1364 2580 non
1385 2527 1619 2597 permisit
1646 2543 1731 2580 eos
1753 2525 1982 2597 Spiritus
2011 2524 2118 2578 Do-

528 2620 658 2674 mini
683 2618 820 2691 (Act.
856 2635 968 2685 XVI,
997 2618 1073 2691 6).
1117 2615 1575 2678 Manifestissimis
1599 2617 1762 2689 igitur
1792 2615 2118 2671 testimoniis

525 2712 789 2783 probatur
811 2711 953 2781 quod
986 2709 1220 2779 Spiritus
1249 2717 1487 2772 sanctus,
1525 2708 1746 2780 spiritus
1799 2706 2112 2775 paraclitus,

528 2802 751 2871 spiritus
782 2803 874 2870 qui
901 2817 932 2853 a
952 2799 1114 2853 Patre
1143 2797 1404 2869 procedit,
1433 2797 1655 2868 spiritus
1684 2798 1753 2851 sit
1785 2796 1927 2862 Filii,
1953 2797 2115 2866 spiri-

529 2901 617 2947 tus
648 2891 869 2957 Christi,
904 2891 1128 2963 spiritus
1141 2887 1289 2945 Iesu.
1320 2889 1457 2943 Tota
1478 2889 1621 2944 enim
1640 2881 1878 2943 Trinitas
1906 2889 2118 2960 insepa-

532 2983 782 3037 rabiliter
809 2983 862 3040 in
891 2997 997 3035 una
1016 2981 1343 3045 substantia,
1365 2979 1647 3034 divinitate
1678 2987 1838 3048 atque
1853 2981 2114 3049 potentia,

532 3073 820 3142 adoranda,
853 3073 1099 3140 colenda,
1137 3073 1480 3144 praedicanda
1515 3081 1675 3128 estet
1698 3075 1949 3129 amanda.

532 3186 670 3242 Item
698 3187 834 3242 idem
858 3187 918 3258 in
931 3186 1109 3240 eodeni
1136 3187 1268 3241 libro
1293 3185 1430 3258 (gib.
1457 3185 1520 3257 ι),
1557 3185 1710 3258 Quod
1739 3187 1970 3258 Spiritus
1993 3205 2117 3244 san-

2218 1972 2372 2037 milii,
2399 1971 2676 2034 haeretice,
2699 1964 3150 2038 quemadmodum
3179 1963 3414 2034 Spiritus
3442 1961 3510 2017 de
3528 1961 3688 2018 unica
3709 1975 3813 2014 na-

2217 2073 2339 2118 tura
2389 2063 2680 2118 consistit?
2739 2059 2878 2113 Ecce
2897 2056 3068 2110 Filius
3091 2063 3320 2109 testatus
3344 2061 3430 2109 est
3457 2053 3524 2106 de
3557 2067 3622 2107 eo
3659 2051 3814 2122 quod

2215 2175 2248 2210 a
2281 2154 2442 2209 Patre
2470 2153 2720 2225 procedit,
2749 2160 2805 2206 et
2831 2151 2910 2205 sic
2934 2156 3256 2220 prosecutus
3283 2154 3385 2212 est,
3407 2155 3456 2200 et
3480 2145 3545 2199 de
3574 2160 3687 2198 meo
3713 2159 3816 2196 ac-

2216 2248 2368 2316 cipiet
2393 2245 2576 2317 (Joan.
2605 2258 2718 2308 xvt,
2756 2241 2868 2313 14).

2217 2359 2354 2415 Item
2391 2359 2530 2413 idem
2567 2359 2623 2412 in
2653 2356 2787 2410 libro
2820 2351 3235 2497 dilpzofessgone
3272 2348 3488 2421 Regula:
3531 2347 3818 2404 catholica:

2931 2441 2946 2478 ι
2989 2463 3002 2477 .
3044 2440 3167 2479 vn.

2931 2440 3002 2478 ιο.
3044 2440 3167 2479 νιιι.

2289 2523 2468 2579 Verbo
2496 2521 2706 2577 Domini
2731 2519 2846 2575 caeli
2883 2519 3081 2589 ﬁrmati
3104 2524 3248 2582 sunt,
3279 2524 3330 2571 et
3350 2516 3536 2586 spiritu
3555 2515 3664 2569 oris
3693 2513 3820 2584 ejus

2221 2615 2389 2671 omnis
2423 2615 2586 2668 virtus
2624 2629 2805 2668 eorum
2838 2608 3298 2682 (Psal.xxxu,6).
3336 2607 3532 2677 Utique
3570 2607 3821 2661 Verbum

2218 2709 2416 2765 Filium
2439 2706 2750 2771 declaravit,
2779 2706 3067 2760 Dominum
3096 2715 3278 2759 autem
3316 2702 3536 2758 Patrem
3561 2702 3682 2771 ejus
3721 2701 3821 2754 in-

2221 2802 2441 2866 dicavit,
2497 2809 2554 2854 et
2583 2800 2833 2868 spiritum
2860 2798 2973 2854 Oris
3025 2798 3143 2868 ejus
3163 2795 3516 2867 principalem
3557 2794 3824 2864 spiritum

2221 2907 2342 2948 esse
2396 2891 2803 2946 demonstravit.
2879 2891 3041 2945 Vides
3081 2905 3243 2959 quam
3285 2887 3524 2944 breviter
3571 2885 3838 2956 singulas

2223 2983 2647 3054 signiﬁcationes
2686 2983 2740 3036 in
2791 2982 3046 3052 personis
3093 2997 3215 3037 esse
3263 2978 3540 3043 distinxit,
3590 2979 3644 3031 id
3703 2987 3822 3042 est,

2221 3074 2481 3139 Verbum,
2509 3083 2561 3130 et
2594 3070 2905 3137 Dominum,
2945 3083 3002 3128 et
3033 3071 3315 3144 Spiritum.
3396 3071 3502 3126 Sed
3557 3076 3615 3124 et
3646 3084 3826 3126 unam

2222 3167 2594 3236 Operationem
2645 3167 2698 3220 in
2746 3165 2832 3221 his
2853 3180 2975 3222 esse
3007 3165 3263 3221 ostendit.
3318 3162 3453 3218 Nam
3479 3163 3526 3218 si
3551 3169 3606 3215 te
3635 3161 3826 3215 adhuc

605 3268 714 3329 ctus
741 3275 831 3311 nec
880 3255 1042 3329 Pater
1063 3258 1151 3325 sit,
1187 3275 1277 3312 nec
1304 3253 1655 3329 Filius':_sed
1683 3253 1823 3312 Deus
1846 3261 1900 3312 in
1924 3270 2118 3314 natura
2143 3255 2194 3325 ρ
2224 3259 2549 3329 ambiguitas
2573 3266 2735 3320 tenet.
2760 3257 2946 3314 eadem
2986 3258 3099 3328 ipsa
3127 3267 3312 3326 repeto
3345 3273 3360 3312 :
3397 3255 3487 3311 ubi
3519 3253 3596 3310 ait
3635 3253 3825 3309 Verbo

603 3328 848 3394 existens,
878 3327 942 3381 de
960 3325 1120 3383 Patre
1144 3327 1412 3398 procedat,
1434 3329 1498 3382 de
1525 3326 1666 3382 Filio
1692 3329 1935 3400 accipiat.

604 3441 672 3496 Et
692 3441 781 3496 hic
809 3439 1045 3512 Spiritus
1069 3449 1308 3508 sanctus,
1364 3442 1455 3514 qui
1494 3456 1595 3496 nec
1620 3440 1786 3497 Pater
1811 3458 1912 3498 nec
1937 3441 2122 3504 Filius

534 3542 640 3598 est,
668 3541 930 3602 prmterea
948 3531 1040 3602 qui
1065 3548 1165 3587 nec
1188 3532 1394 3604 genuit,
1422 3546 1518 3587 nec
1537 3541 1696 3586 natus
1715 3542 1819 3599 est,
1850 3548 1972 3588 cum
1987 3533 2122 3588 alter

533 3624 606 3679 sit
643 3624 694 3678 in
719 3639 948 3694 persona
991 3624 1080 3693 qui
1113 3625 1319 3696 genuit,
1355 3624 1494 3680 alter
1517 3639 1646 3680 vero
1673 3626 1726 3678 in
1762 3641 1993 3696 persona
2027 3626 2120 3696 qui

533 3716 841 3796 unigenitus
869 3717 936 3771 ab
982 3717 1099 3788 ipso
1128 3726 1230 3783 est,
1283 3726 1337 3772 et
1366 3717 1504 3773 alius
1537 3718 1756 3786 adaeque
1785 3718 1837 3772 in
1865 3733 2118 3788 persona,

535 3816 597 3860 ut
619 3808 752 3873 dixi,
781 3809 1074 3866 secundum
1097 3807 1430 3878 Scripturas,
1473 3809 1566 3877 qui
1596 3823 1695 3863 nec
1721 3808 1885 3863 Pater
1910 3823 2010 3863 nec
2032 3807 2121 3861 Fi-

535 3895 642 3954 lius
656 3906 740 3952 est
763 3914 776 3949 :
815 3899 904 3953 hic
922 3907 1008 3954 est
1035 3898 1272 3969 Spiritus
1303 3907 1543 3964 sanctus,
1568 3899 1661 3954 sed
1688 3899 1846 3968 plane
1872 3900 1938 3954 de
1959 3901 2118 3954 enica

533 3999 734 4050 natura
774 3999 878 4045 est.
929 3980 1077 4046 'ldeo
1126 3991 1180 4043 in
1219 3990 1420 4045 deitate
1474 4005 1581 4046 una
1603 4005 1890 4045 commune
1919 4003 2120 4046 nomen

532 4083 639 4148 eis,
687 4082 826 4138 sicut
851 4082 905 4136 in
948 4081 1197 4137 claritate
1217 4081 1540 4153 evangelica:
1569 4082 1862 4151 Scriptura:
1901 4083 1968 4137 de
1997 4082 2121 4152 Spi-

535 4175 646 4234 ritu
675 4175 936 4246 paraclito
963 4174 1133 4230 Filius
1162 4182 1393 4230 testatur
1415 4173 1622 4239 dicens,
1648 4173 1724 4227 De
1747 4171 1907 4229 Patre
1937 4190 2120 4245 proce-

533 4268 614 4325 dit
642 4267 825 4341 (Joan.
853 4285 940 4333 xv,
971 4268 1084 4340 26),
1127 4277 1182 4324 et
1209 4269 1292 4323 sic
1342 4277 1658 4339 prosecutus
1692 4277 1796 4334 est,
1827 4278 1875 4324 et
1914 4269 1980 4322 de
2005 4285 2119 4324 meo

535 4363 754 4432 accipiet
781 4361 960 4434 (Joan.
988 4377 1096 4428 xvr,
1129 4361 1239 4432 l4).
1295 4361 1364 4416 Et
1385 4361 1506 4416 ideo
1544 4361 1634 4416 ubi
1665 4376 1911 4432 personae
1939 4360 2121 4429 requi-

539 4460 756 4517 runtur,
790 4454 1006 4523 propria
1035 4454 1252 4508 nomine
1280 4467 1378 4522 per
1397 4453 1512 4508 haec
1549 4453 1975 4524 distinguuntur.
2019 4451 2119 4506 Ubi

537 4551 720 4600 autem
743 4545 911 4598 deitas
933 4545 1202 4614 poscitur,
1245 4545 1462 4600 unicum
1489 4561 1684 4602 nomen
1711 4547 1764 4601 in
1792 4547 1876 4602 his
1914 4545 2119 4600 indica-

2225 3351 2464 3416 Domini,
2491 3367 2597 3405 non
2623 3366 2818 3408 sonum
2849 3351 2999 3407 vocis
3028 3351 3482 3406 insubstantivum
3514 3363 3637 3404 esse
3664 3349 3824 3403 acci-

2223 3444 2363 3514 pias,
2409 3461 2565 3514 quem
2597 3445 2643 3500 si
2688 3445 2898 3500 validus
2933 3446 3056 3515 quis
3085 3444 3352 3508 emiserit,
3391 3444 3528 3502 solet
3557 3457 3826 3498 resonare

2225 3538 2380 3601 echo,
2401 3537 2556 3606 cujus
2583 3546 2794 3594 tantum
2812 3538 2866 3592 in
2891 3538 3172 3607 phantasia
3197 3537 3416 3592 auditus
3441 3546 3529 3591 est
3553 3551 3827 3592 resonan-

2228 3628 2319 3694 tis,
2371 3639 2426 3683 et
2457 3629 2631 3685 factus
2660 3630 2854 3685 nullus.
2909 3628 3052 3684 Sane
3072 3627 3139 3684 de
3161 3630 3262 3685 hoc
3291 3629 3457 3684 verbo
3478 3629 3700 3684 Domini
3732 3645 3826 3685 no-

2226 3726 2325 3779 stri
2356 3724 2553 3789 Patris,
2607 3725 2700 3794 qui
2730 3734 2816 3780 est
2840 3725 2988 3780 salus
3013 3733 3222 3790 nostra,
3253 3725 3396 3780 sicut
3439 3725 3641 3791 ubique
3665 3722 3825 3778 Scri-

2223 3827 2384 3888 ptura
2417 3817 2596 3871 divina
2645 3827 2898 3882 testatur,
2939 3817 3109 3873 Filius
3132 3817 3227 3873 Dei
3277 3826 3361 3873 est
3417 3817 3820 3882 substantivus,

2222 3924 2321 3980 per
2349 3925 2505 3977 quem
2537 3910 2714 3963 omnia
2746 3909 2883 3964 facta
2914 3919 3056 3965 sunt.
3109 3911 3250 3978 Ergo
3282 3911 3407 3980 quia
3444 3909 3600 3973 dixit,
3645 3907 3822 3962 Verbo

2221 3999 2436 4053 Domini
2475 3999 2589 4052 caeli
2625 4001 2825 4068 ﬁrmati
2869 4010 3009 4063 sunt,
3052 4011 3099 4054 et
3125 4002 3312 4070 spiritu
3343 4003 3450 4055 oris
3491 4002 3604 4071 ejus
3642 4001 3824 4054 virtus

2222 4107 2425 4155 eorum,
2475 4106 2740 4160 cognosce
2785 4093 2932 4146 hunc
2964 4092 3199 4147 Verbum
3255 4093 3654 4148 substantivum
3704 4107 3821 4146 non

2223 4181 2438 4236 aliunde
2467 4198 2629 4252 quam
2655 4183 2720 4237 de
2744 4181 2906 4237 Patre
2936 4183 3154 4253 proprie
3189 4192 3372 4237 natum
3398 4183 3586 4246 fui~se,
3616 4191 3668 4236 et
3685 4181 3820 4251 Spi-

2222 4275 2390 4329 ritum
2421 4275 2533 4329 oris
2553 4273 2670 4343 ejus
2691 4290 2813 4330 eum
2837 4276 3085 4345 spiritum
3117 4275 3270 4338 dixit,
3304 4275 3394 4343 qui
3424 4275 3491 4330 de
3517 4273 3632 4342 ipsa
3661 4274 3819 4327 unita

2223 4367 2527 4421 substantia
2547 4367 2810 4435 procedit,
2843 4366 2982 4420 sicut
3007 4372 3223 4419 cautum
3249 4365 3583 4429 invenimus;
3616 4380 3724 4417 non
3749 4379 3819 4419 ex

2222 4457 2326 4511 alia
2357 4471 2549 4512 natura
2596 4474 2758 4527 quam
2781 4457 2848 4512 de
2879 4459 2991 4527 ipsa
3018 4474 3032 4522 ;
3065 4472 3128 4511 ac
3152 4473 3248 4526 per
3295 4458 3396 4511 hoc
3426 4457 3578 4512 unita
3625 4471 3673 4511 Ci
3713 4457 3816 4512 Pa.

2222 4549 2325 4604 tris
2343 4559 2399 4604 et
2421 4539 2542 4603 Filii
2566 4559 2622 4605 et
2650 4550 2821 4604 sancti
2851 4548 3086 4618 Spiritus
3113 4552 3196 4604 sul
3217 4550 3610 4620 stantia,quam
3635 4549 3816 4605 Graeci

539 4641 648 4700 ῑιιν»
673 4634 924 4704 quoniam
955 4652 1135 4689 εαηιιιε
1165 4636 1232 4691 ad
1259 4638 1478 4691 nomina
1509 4652 1864 4708 personarum
1895 4636 2120 4707 plurali-
2141 4619 2199 4681 Ῑ)
2226 4643 2411 4698 dicunt
2436 4645 2697 4712 ὁμούσιον,
2736 4643 2830 4698 sed
2894 4651 2950 4697 et
2978 4643 3126 4698 unita
3154 4653 3208 4699 et
3234 4619 3482 4712 ejusdem,
3526 4643 3818 4699 Trinitatis

540 4733 629 4780 ter
655 4727 856 4792 dictum
886 4727 1306 4796 demonstratur,
1324 4744 1387 4784 ac
1413 4746 1513 4800 per
1526 4730 1630 4786 hoc
1657 4731 1707 4784 in
1729 4729 1928 4784 deitatc
1952 4743 2119 4783 unum

538 4826 686 4885 sunt,
717 4828 773 4874 et
791 4819 847 4874 in
873 4821 1182 4879 nominibus
1205 4838 1560 4893 personarum
1593 4833 1704 4880 tres
1725 4832 1852 4882 sunt

539 4925 673 4987 Item
698 4931 837 4988 idem
864 4933 921 4988 in
949 4932 1079 4989 libro
1102 4948 1127 4976 ιι
1158 4952 1310 5006 quem
1346 4936 1554 5006 scripsit
1582 4946 1763 4990 contra
1804 4935 2116 5006 objectiones

1004 5005 1279 5076 cujusdam
1323 5005 1652 5080 (Potentini).

608 5091 762 5151 Sicut
789 5093 958 5154 Filius
986 5099 1052 5154 ad
1092 5097 1312 5154 Patrem
1346 5099 1562 5166 clamat,
1596 5096 1781 5166 Pater,
1825 5101 2119 5170 honori/ica

537 5201 725 5243 nomen
746 5197 914 5252 tuum,
943 5200 992 5245 et
1014 5191 1148 5246 venit
1171 5207 1268 5246 vos:
1287 5190 1352 5244 de
1376 5190 1556 5244 caalis:
1585 5189 1654 5244 Et
1681 5191 2045 5261 honoriﬁcavi,
2074 5203 2124 5249 et

533 5276 724 5332 iterum
748 5282 1105 5352 honoriﬁcabo
1131 5280 1311 5355 (Joan.
1331 5298 1423 5344 xu,
1438 5281 1550 5354 28),
1573 5297 1697 5336 nam
1719 5292 1774 5338 et
1795 5283 1900 5340 alio
1927 5285 1982 5339 in
2004 5285 2123 5340 loco

541 5371 680 5428 Idem
704 5375 818 5445 ipse
850 5378 1062 5447 repetit,
1115 5377 1228 5448 Ego
1261 5395 1292 5432 a
1330 5375 1491 5432 Patre
1526 5379 1660 5432 exiri
1695 5389 1741 5432 et
1770 5379 1887 5433 veni
1935 5377 2114 5449 (Joan.

537 5474 654 5527 nt,
682 5463 794 5535 28).
835 5465 1090 5539 Nunquid
1107 5468 1313 5537 utique,
1349 5468 1395 5522 si
1424 5467 1540 5537 ipse
1581 5467 1744 5524 Pater
1771 5477 1892 5524 erat
1916 5469 1966 5521 in
1997 5483 2119 5536 per-

535 5565 672 5608 sona
701 5558 793 5628 qui
819 5568 873 5614 et
898 5559 1192 5626 Filius,-sic
1214 5561 1470 5616 debuerat
1498 5561 1797 5628 intimasse,
1838 5562 1949 5632 Ego
1971 5576 2002 5614 a
2033 5577 2119 5618 me

537 5641 657 5715 ipso
711 5651 851 5706 exivi
882 5661 936 5706 et
979 5653 1100 5706 veni
1125 5653 1149 5706 ?
1175 5653 1300 5708 dum
1346 5652 1532 5723 procul
1579 5653 1744 5707 dubio
1773 5653 1908 5708 alter
1929 5654 1999 5708 sit
2028 5654 2119 5723 qui

533 5739 725 5809 exivit,
769 5754 826 5800 et
842 5745 980 5799 alius
1008 5745 1083 5799 sit
1118 5746 1183 5800 de
1211 5762 1317 5815 quo
1343 5747 1557 5801 exierit.
1611 5746 1716 5800 Sed
1759 5746 1826 5800 ad
1858 5746 1971 5800 haec
1995 5748 2121 5800 sub-

2225 4735 2473 4805 0peratio
2501 4735 2554 4788 in
2585 4733 2816 4789 factura.

2224 4865 2363 4942 Item
2393 4867 2611 4942 in
2641 4867 2957 4942 libro_qt_tem
2997 4869 3202 4942 scripsit
3247 4868 3495 4942 adversus
3533 4869 3813 4942 hrrrgticos

2297 4938 2435 5010 (Lib.
2473 4940 2575 5010 ιι),
2597 4939 2734 5010 quod
2768 4938 2993 5010 Spiritus
3012 4938 3220 4992 sanctus
3251 4940 3525 5009 inspiratio
3549 4941 3611 4994 sit
3629 4940 3813 4996 Putris

2297 5008 2344 5063 et
2366 5008 2516 5082 Filii,
2530 5008 2585 5082 :et
2607 5008 2750 5078 ﬁlius
2765 5010 2882 5082 fons
2899 5008 3129 5080 Spiritus
3149 5011 3315 5064 sancti
3334 5008 3354 5076 ζ
3376 5011 3513 5066 unde
3541 5011 3816 5082 colligitur

2297 5090 2345 5134 et
2389 5098 2421 5133 a
2449 5078 2590 5132 Filio
2621 5081 2912 5148 procedere.

2297 5189 2417 5242 Lua:
2439 5189 2653 5243 Domini
2677 5189 2951 5258 inspiratio
2970 5201 3046 5245 est
3067 5209 3357 5259 nominum,
3377 5210 3502 5265 qua
3538 5205 3802 5250 scrutatur

2213 5285 2430 5339 interna
2469 5280 2660 5334 ventris
2720 5279 2899 5352 (Prov.
2927 5297 3014 5348 xx,
3055 5282 3168 5354 27).
3232 5284 3299 5338 Et
3337 5284 3686 5341 manifestum
3721 5296 3812 5342 est

2221 5375 2349 5448 quia
2373 5372 2607 5446 Spiritus
2637 5372 2819 5427 omnia
2866 5382 3161 5441 scrutatur,
3192 5378 3641 5445 quemadmodum
3669 5380 3804 5438 scri-

2212 5469 2296 5527 bit
2321 5467 2519 5524 Paulus
2545 5465 2593 5535 (Ι
2609 5463 2735 5520 Cor.
2761 5482 2822 5531 ιι,
2841 5464 2949 5533 10),
2973 5475 3030 5521 et
3053 5468 3197 5535 quod
3220 5483 3250 5521 a
3269 5470 3544 5540 principio
3567 5470 3808 5526 formate

2211 5561 2408 5624 Adam,
2441 5560 2494 5612 in
2531 5558 2725 5612 faciem
2761 5557 2878 5626 ejus
2923 5559 3151 5628 spiravit
3201 5559 3343 5616 Deus
3373 5561 3634 5632 Spiritum
3676 5579 3807 5618 san—

2216 5662 2386 5718 ctum,
2425 5651 2565 5705 sicut
2590 5649 2797 5722 Moyses
2828 5651 2922 5714 ait,
2952 5650 3019 5704 Et
3046 5651 3318 5721 inspiravit
3367 5653 3504 5708 Deus
3534 5655 3589 5708 in
3612 5656 3808 5724 faciem

2216 5746 2348 5800 Acta:
2377 5746 2772 5818 inspirationem
2791 5746 2926 5812 vitm,
2951 5754 2998 5800 et
3025 5745 3200 5816 factus
3215 5755 3290 5800 est
3313 5747 3468 5803 homo
3495 5748 3548 5804 in
3571 5749 3808 5803 aninuun

610 5865 638 5897 ι
674 5853 736 5912 ιιι
760 5854 913 5927 edit.,
945 5857 1010 5916 de
1033 5858 1178 5917 unita
1203 5857 1430 5933 Deitate,
1460 5861 1556 5922 lib.
1596 5875 1652 5923 tv
1680 5862 1745 5920 de
1779 5860 2000 5932 singulis
2036 5860 2350 5921 nominibus.
