4046 6456
275 407 372 465 ειις

1512 393 1605 452 DE
1644 392 1917 453 SPHtlTU
1951 390 2246 450 SANCTO.

3421 393 3543 449 246‘

269 524 501 577 virentem
527 513 683 589 (Gen.
709 531 770 580 ιι,
793 513 872 585 ⁸7).
909 512 1094 582 Neque
1121 509 1334 567 enimid
1348 508 1491 580 quod
1517 509 1838 577 inspiratam
1867 515 1919 576 Α
1945 510 2083 562 ratio
2109 516 2183 560 est
2236 489 2505 559 hominum
2547 503 2566 577 (
2593 504 2750 559 Prov.
2779 520 2871 569 xx,
2897 503 3024 576 27);
3063 512 3117 559 et
3156 520 3187 559 a
3216 505 3399 580 Moyse
3449 509 3531 564 in-

267 620 346 666 est
365 624 392 662 ιι
431 609 554 671 Dee,
580 607 762 659 anima
790 613 875 660 est
902 603 1197 659 secundum
1250 599 1576 655 l'abulatores
1605 597 1838 664 Iudaeos,

267 700 490 769 alioquin
513 697 903 766 quomodoboc
928 695 1074 765 quod
1103 710 1134 748 a
1163 692 1564 762 seinspiratutn
1583 699 1671 744 est
1699 689 1843 743 Deus

268 792 369 863 igni
399 799 598 844 aeterno
623 789 945 844 condemnat
966 787 992 840 1
1046 787 1141 840 sed
1167 784 1446 838 viviﬁcaris
1471 782 1708 852 Spiritus
1734 789 1840 846 est,

267 883 329 935 de
347 895 452 950 quo
479 879 676 934 Paulus
697 878 790 939 ait,
846 876 1078 948 Spiritus
1110 893 1230 930 vero
1279 874 1522 942 viri/ictu.
1583 871 1649 924 Et
1679 871 1843 940 inspi-

266 977 413 1040 ravit,
439 974 636 1044 inquit,
675 973 818 1030 Deus
867 973 922 1028 in
957 972 1146 1041 faciem
1190 970 1582 1040 inspirationetn
1603 968 1740 1032 vitta,
1791 975 1842 1022 et

269 1068 425 1138 factus
462 1077 536 1120 est
565 1069 718 1132 homo
741 1066 798 1118 in
825 1065 1057 1126 animam
1098 1064 1346 1116 viventem
1369 1059 1456 1123 (11
1480 1057 1608 1113 Cor.
1641 1075 1719 1122 ιιι,
1760 1057 1838 1129 6).

265 1160 438 1229 itaque
462 1158 701 1230 Spiritus
735 1168 959 1216 sanctus
987 1167 1042 1212 et
1070 1156 1289 1225 spiritus
1326 1153 1471 1218 vitaz,
1502 1169 1531 1206 a
1562 1169 1668 1224 quo
1694 1153 1842 1208 exci-

265 1253 439 1312 dentes
484 1237 723 1306 nonnulli
773 1252 1015 1312 viventes
1057 1247 1258 1302 mortui
1287 1253 1433 1314 sunt,
1466 1245 1604 1299 sicut
1642 1243 1842 1302 Paulus

264 1344 488 1413 scripsit,
527 1342 666 1396 Nam
689 1360 809 1424 (μιαν
832 1343 884 1395 in
915 1341 1118 1404 deliciis
1154 1341 1288 1410 agit,
1331 1340 1501 1393 vivens
1529 1348 1738 1392 mortua
1766 1345 1841 1390 est

264 1435 341 1508 (ΙΙ
367 1435 496 1488 Tim.
531 1452 584 1498 ν,
609 1437 684 1506 6).
750 1434 1001 1503 Alioquin
1025 1434 1296 1504 quomodo
1334 1433 1498 1486 etiam
1543 1430 1842 1484 audiendus

261 1536 335 1581 est
366 1525 619 1583 Salomon
647 1529 852 1592 dicens,
879 1526 996 1581 Lux
1018 1523 1228 1580 Domini
1258 1525 1537 1595 iuspiratio
1566 1532 1641 1577 est
1675 1524 1844 1586 homi-

261 1637 395 1686 num,
421 1636 541 1690 quce
569 1630 836 1674 scrutatur
863 1621 1066 1673 interna
1093 1617 1306 1682 ventris,
1330 1618 1373 1671 si
1399 1631 1504 1670 non
1522 1616 1729 1669 animas
1753 1615 1844 1669 bo-

257 1714 450 1767 minum
488 1713 664 1768 lumen
680 1713 775 1767 Dei
798 1727 916 1766 esse
947 1712 1156 1766 dicitis?
1186 1711 1289 1765 nisi
1313 1710 1576 1779 Spiritum
1593 1716 1840 1761 sanctum

253 1801 424 1858 lumen
471 1804 688 1859 Domini
729 1801 1119 1866 conﬁteamini,
1164 1810 1218 1855 et
1273 1799 1682 1870 inspirationem
1718 1797 1837 1850 Filii

1944 600 2160 663 structi,
2185 598 2312 668 quia
2342 597 2615 666 inspiravit
2645 595 2900 650 Dominus
2927 597 2980 649 in
3010 596 3198 666 faciem
3217 597 3346 652 Adte
3373 601 3533 671 inspi-

1944 692 2201 744 rationem
2229 689 2366 753 vitae,
2391 697 2438 741 et
2460 687 2633 758 factus
2662 698 2739 742 est
2765 687 2918 741 homo
2945 689 2999 742 in
3027 689 3262 742 animam
3286 690 3534 745 viventem

1946 785 2098 858 (Gen.
2119 804 2180 851 ιι,
2209 786 2284 859 7).
2336 787 2630 840 Audientes
2651 801 2782 839 vero
2796 793 2850 839 et
2877 785 3213 840 Salvatorem
3237 785 3530 852 dicentem,

1945 878 2060 948 Ego
2091 895 2207 932 sum
2231 879 2334 931 vita
2358 876 2538 950 (Joan.
2564 894 2675 943 xw,
2715 877 2792 950 6),
2825 887 2879 932 et
2907 877 3132 932 Paulum
3174 879 3531 944 scribentem,

1946 969 2056 1024 Lex
2093 971 2227 1024 enim
2251 971 2466 1040 spiritus
2489 972 2605 1025 vitae
2629 969 2806 1043 (Rom.
2839 985 2956 1035 vut,
2979 969 3059 1038 2),
3086 979 3140 1023 et
3170 985 3409 1035 rursum,
3438 973 3535 1025 mi-

1945 1065 2010 1117 sit
2042 1062 2183 1116 Deus
2208 1063 2463 1133 Spiritum
2489 1062 2616 1117 Filii
2639 1063 2721 1117 sui
2751 1064 2805 1118 in
2825 1064 2985 1128 corda
3016 1073 3194 1116 nostra
3222 1063 3534 1119 clamantem

1947 1150 2091 1224 (Cal.
2125 1167 2200 1216 tv,
2241 1152 2328 1223 6);
2368 1153 2616 1208 videntes
2665 1153 2828 1206 etiam
2883 1152 3233 1223 Unigenitum
3269 1153 3538 1222 inspiran-

1946 1253 2057 1298 tem
2112 1244 2167 1298 in
2222 1243 2417 1298 faciem
2471 1244 2839 1314 apostolorum
2897 1253 2950 1298 et
2982 1244 3270 1308 dicentem,
3303 1244 3537 1315 Accipite

1949 1337 2208 1408 Spiritum
2226 1347 2464 1390 sanctum
2496 1335 2678 1408 (Joan.
2705 1354 2793 1398 xx,
2814 1337 2926 1409 9.2),
2957 1338 3368 1407 inspirationem
3389 1335 3532 1403 Filii,

1947 1428 2001 1482 in
2034 1427 2248 1498 propria
2279 1428 2388 1481 vita
2420 1436 2474 1482 et
2529 1428 2830 1482 substantia
2887 1436 3218 1491 manentem,
3274 1427 3537 1498 Spiritum

1949 1529 2196 1574 sanctum
2243 1534 2364 1574 esse
2390 1519 2702 1590 doceamur,
2752 1528 2807 1572 et
2854 1536 3029 1589 neque
3058 1519 3318 1590 genitum,
3361 1533 3540 1589 neque

1949 1623 2191 1667 creatum
2214 1627 2334 1666 esse
2363 1628 2391 1664 a
2420 1611 2558 1666 Filio
2595 1612 2902 1676 credamus,
2934 1621 2988 1666 et
3018 1613 3158 1680 quod
3182 1627 3288 1666 non
3313 1612 3382 1666 sit
3406 1612 3537 1666 Ver-

1946 1705 2076 1760 bum
2106 1704 2251 1768 Filii,
2313 1705 2552 1775 genitum
2594 1720 2725 1760 vero
2760 1721 2790 1757 a
2828 1703 2938 1759 Deo
2983 1714 3069 1760 est
3099 1705 3336 1760 Verbum
3378 1720 3539 1760 suum

1948 1796 2001 1849 iu
2033 1798 2247 1866 propria
2275 1798 2384 1852 vita
2431 1807 2484 1852 et
2515 1797 2819 1852 substantia
2872 1813 3197 1868 permanens
3219 1798 3388 1854 Filius
3417 1798 3536 1864 Dei,

251 1911 361 1950 esse
390 1897 656 1960 credatis,
699 1898 910 1952 dicente
942 1895 1142 1965 Moyse,
1178 1893 1461 1963 lnspiravit
1487 1891 1626 1944 Deus
1656 1892 1710 1944 in
1750 1891 1836 1961 fa-
1867 1881 1916 1942 Β
1944 1901 2065 1940 cum
2094 1887 2209 1956 ipse.
2240 1888 2312 1941 sit
2341 1888 2448 1941 vita
2482 1897 2805 1956 :propterea
2828 1902 2960 1941 vero
2985 1903 3091 1942 non
3120 1897 3203 1942 est
3239 1889 3452 1958 genitus
3471 1889 3539 1943 ab

251 1989 369 2042 ciem
387 1989 528 2042 Adw
550 1989 941 2059 inspirationem
975 1989 1124 2051 vitae;
1149 1997 1204 2040 et
1231 1985 1396 2038 Filius
1432 1985 1544 2046 Dei,
1581 1983 1692 2053 Ego
1719 2000 1836 2036 sum

250 2081 344 2134 vita
373 2081 399 2133 .7
453 2080 644 2152 (Joan.
674 2095 786 2145 xlv,
833 2079 911 2148 6.)
975 2078 1082 2133 Sed
1131 2088 1185 2132 et
1243 2076 1506 2147 sapientia
1534 2074 1839 2130 Salomonis

249 2171 597 2226 introducens
611 2171 947 2227 Salvntorem
976 2171 1267 2228 dicentem.
1291 2168 1424 2222 Ecce
1451 2167 1719 2238 proferam
1749 2184 1838 2221 vo-

250 2263 316 2318 bis
344 2281 469 2318 mete
503 2265 863 2335 inspirationis
897 2263 1271 2333 professionem
1304 2257 1488 2330 (Prov.
1523 2275 1563 2322 ι,
1595 2259 1708 2329 25).
1745 2257 1837 2313 Sic

247 2356 380 2409 enim
412 2356 470 2411 in
509 2355 816 2411 Proverbiis
839 2357 915 2410 ait
949 2374 962 2410 :
993 2354 1267 2424 Sapientia
1299 2353 1352 2405 in
1403 2353 1543 2406 exitu
1574 2351 1736 2415 canit,
1781 2352 1838 2405 in

247 2447 421 2517 plateis
449 2465 577 2502 vero
607 2447 928 2518 ﬁducialiter
957 2448 1086 2516 agit,
1109 2447 1162 2499 in
1185 2447 1349 2515 portis
1376 2454 1550 2497 autem
1579 2445 1840 2514 potentior

247 2541 452 2605 assistit,
515 2539 571 2593 in
611 2541 776 2593 muris
832 2555 1034 2611 quoque
1063 2538 1287 2591 civitatis
1340 2536 1662 2605 conﬁdenter
1708 2537 1836 2606 agit.

251 2628 450 2694 Quanto
475 2639 711 2702 tempore
738 2631 998 2701 simplices
1025 2631 1254 2683 obtinent
1271 2627 1560 2698 justitiam,
1589 2643 1693 2680 non
1719 2643 1839 2680 eru-

249 2721 470 2790 bescant,
512 2725 864 2794 imprudentes
889 2733 1086 2788 autem,
1120 2739 1238 2776 cum
1267 2721 1370 2774 sint
1399 2719 1727 2772 contumelia:
1748 2735 1841 2773 cu-

245 2813 349 2885 pidi
371 2855 385 2877 ,
429 2815 589 2884 impii
611 2815 776 2884 effecti
805 2814 924 2868 odio
955 2815 1250 2867 habuerunt
1275 2825 1506 2874 sensum,
1556 2819 1604 2863 et
1627 2809 1838 2865 obnoxii

247 2907 367 2977 facti
387 2917 516 2961 sunt
543 2907 1004 2975 increpationibus.
1064 2905 1198 2959 Ecce
1231 2901 1496 2976 proferant
1537 2903 1680 2957 vobis
1707 2919 1838 2958 mete

243 2995 606 3068 inspirationis
634 2998 1034 3069 professionem,
1078 2997 1270 3051 docebo
1302 3016 1387 3053 vos
1429 3013 1600 3052 meum
1642 3011 1840 3049 sermo-

245 3101 357 3140 nem
390 3087 580 3158 (Prov.
611 3104 652 3151 ι,
679 3087 750 3141 20
771 3087 925 3159 seq.).
959 3087 1025 3141 Et
1050 3086 1226 3142 lsaias
1252 3087 1487 3162 Spiritus
1517 3085 1689 3142 sancti
1713 3100 1840 3154 pro-
1874 3153 1878 3157 1

247 3179 561 3232 missionem
594 3179 915 3248 prtcdicans,
958 3180 1036 3233 sic
1085 3180 1181 3244 ait,
1232 3179 1364 3234 Hice
1408 3179 1539 3234 dixit
1577 3177 1837 3231 Dominus

242 3269 331 3338 qui
360 3268 482 3337 fecit
508 3269 692 3322 calum
725 3280 773 3323 et
799 3269 962 3340 0M
991 3269 1149 3335 tua,
1177 3272 1264 3342 qui
1292 3271 1536 3328 totum:
1558 3278 1754 3323 terram
1779 3277 1830 3321 ει
1860 3249 1906 3315 C

239 3373 356 3428 qua:
388 3361 444 3413 in
477 3377 538 3414 ea
562 3371 703 3424 sunt,
728 3361 818 3431 qui
839 3361 928 3413 dat
953 3363 1350 3433 inspirationem
1391 3359 1583 3432 populo
1621 3360 1711 3432 qui
1756 3369 1832 3413 est

245 3465 398 3521 super
417 3469 556 3516 eam,
573 3463 620 3506 et
650 3453 891 3522 spiritum
917 3454 1240 3508 calcantibus
1266 3455 1413 3508 illam
1446 3453 1582 3526 (lsa.
1599 3469 1728 3515 xui,
1751 3451 1830 3522 5).

241 3542 419 3602 Dicite
469 3549 591 3618 quis
631 3557 711 3604 est
744 3549 974 3618 populus
1006 3550 1098 3620 qui
1146 3551 1345 3619 accipit
1395 3550 1830 3622 inspirationcm.

237 3633 500 3706 Nunquid
537 3650 591 3692 et
614 3641 707 3694 hic
743 3641 1148 3708 inspirationem
1185 3642 1419 3695 animam
1460 3657 1582 3696 esse
1611 3639 1838 3694 dicitis?

237 3738 339 3783 aut
375 3729 578 3783 dabitis
622 3730 740 3784 sine
775 3731 955 3784 anima
987 3731 1240 3801 populum
1272 3747 1434 3802 super
1479 3740 1682 3786 terram
1709 3744 1839 3785 con-

245 3821 456 3877 stitisse
481 3822 504 3874 ?
555 3821 660 3878 Sed
691 3839 798 3878 non
829 3836 912 3878 est
951 3841 963 3875 .°
1017 3825 1430 3895 promissionem
1459 3839 1694 3894 namque
1710 3823 1837 3896 Spi-

247 3913 382 3967 ritus
410 3913 586 3966 sancti
629 3914 936 3982 przedicans
965 3917 1248 3985 propheta,
1292 3918 1406 3972 lure
1437 3917 1531 3970 ait.
1595 3917 1836 3985 Denique

245 4003 565 4074 completam
615 4005 1031 4073 promissionem
1060 4022 1224 4076 super
1260 4007 1446 4061 ﬁdeles
1483 4007 1574 4076 qui
1612 4008 1712 4061 sub
1740 4006 1834 4062 illo

247 4099 490 4162 tempore
518 4102 675 4146 erant
723 4094 943 4164 scripsit
979 4095 1152 4151 Lucas
1181 4115 1194 4150 :
1222 4095 1288 4149 Et
1313 4114 1430 4150 cum
1455 4095 1836 4166 complerentur

250 4182 353 4236 dies
394 4183 721 4238 Pentecostes
743 4187 1206 4256 quinquagesimtv,
1231 4197 1380 4242 erant
1409 4189 1612 4258 pariter
1657 4204 1834 4243 omnes

245 4274 300 4328 in
318 4292 508 4342 unum,
541 4287 587 4330 et
631 4276 802 4345 factus
824 4289 896 4331 est
937 4278 1108 4331 subito
1132 4294 1293 4338 sonus
1332 4279 1396 4331 de
1431 4276 1557 4331 coelo
1583 4287 1834 4348 tanquam

246 4369 292 4421 si
319 4371 537 4439 spiritus
592 4371 861 4424 vehemens
910 4371 1158 4440 ferretur,
1211 4380 1258 4424 et
1301 4371 1712 4441 implevittotam
1743 4372 1838 4426 do-

247 4477 385 4515 mum
409 4464 498 4517 ubi
537 4472 685 4517 erant
714 4463 966 4528 sedentes,
988 4474 1034 4517 et
1053 4465 1174 4519 visre
1196 4474 1314 4519 sunt
1345 4464 1419 4517 eis
1441 4463 1620 4518 diviste
1643 4463 1836 4533 lingua:

248 4560 496 4624 tanquam
548 4557 706 4625 ignis,
742 4567 789 4609 et
829 4556 960 4609 sedit
993 4573 1147 4627 super
1178 4573 1597 4634 unumquemque
1628 4573 1833 4621 eorum,

249 4653 296 4696 et
338 4656 601 4715 coeperunt
652 4646 792 4717 loqui
834 4648 952 4700 aliis
981 4647 1194 4717 linguis,
1217 4659 1371 4718 prout
1408 4646 1635 4718 Spiritus
1676 4649 1832 4702 dabat

253 4737 413 4805 eloqui
443 4740 554 4793 illis
589 4739 726 4811 (Act.
761 4757 819 4803 ιι,
854 4741 926 4809 1).
991 4740 1164 4794 Simili
1199 4742 1356 4795 modo
1399 4750 1453 4795 et
1483 4756 1711 4810 magnus
1751 4741 1838 4795 ille

254 4826 366 4896 Job,
393 4833 659 4887 adversus
687 4834 889 4888 amicos
917 4850 1204 4898 suos,cum
1229 4835 1629 4906 essentSpiritu
1648 4845 1836 4891 sancto

251 4925 462 4991 privati,
493 4936 554 4981 et
575 4928 709 4982 nihil
750 4943 937 4981 verum
965 4927 1226 4990 dicerent,
1273 4945 1448 4998 neque
1480 4930 1838 4998 opinarentur

254 5030 457 5074 seante
501 5019 672 5073 Deum
697 5019 862 5090 loqui.
919 5020 1113 5074 Aiebat
1164 5035 1294 5091 ergo
1335 5017 1455 5084 Job,
1498 5018 1686 5073 Nonne
1716 5029 1838 5075 ante

255 5105 413 5163 Deum
431 5112 706 5181 loquimini
732 5113 754 5165 ?
777 5120 830 5166 et
859 5129 1094 5178 rursum,
1130 5111 1230 5166 Cui
1253 5113 1606 5166 annuntiastis
1636 5113 1789 5166 verba
1815 5114 1839 5166 Ρ

256 5199 524 5272 inspiratio
557 5223 675 5260 vero
701 5207 854 5277 cujus
892 5217 966 5262 est
996 5224 1114 5279 qua:
1145 5207 1377 5278 procedit
1407 5227 1438 5262 a
1465 5217 1514 5262 te
1536 5205 1662 5277 (Job
1684 5223 1836 5274 xxvi,

256 5287 351 5361 4)?
401 5293 483 5350 Es
517 5296 716 5364 quibus
739 5312 880 5350 unus
901 5313 1098 5367 magna
1121 5297 1350 5366 loquens
1375 5297 1616 5360 dicebat,
1665 5295 1840 5364 Spiri-

257 5390 336 5438 tus
357 5397 430 5442 est
461 5389 552 5460 qui
594 5406 690 5460 pro
742 5388 1053 5442 mortalibus
1091 5389 1384 5452 intercedit,
1415 5389 1692 5458 inspiratio
1718 5405 1836 5442 vero

259 5480 575 5551 omnipotens
605 5493 679 5537 est
708 5499 825 5554 quer
851 5499 930 5540 me
955 5481 1100 5535 docet
1125 5478 1179 5551 (1
1187 5479 1247 5536 ob
1277 5497 1442 5542 xxxii,
1470 5481 1546 5550 8).
1581 5479 1838 5550 Omnipo-

259 5573 374 5625 tens
391 5575 573 5628 statim
598 5574 768 5630 Filius
797 5574 911 5639 Dei,
931 5572 1000 5629 de
1023 5589 1130 5642 quo
1151 5571 1441 5629 Zacharias
1461 5573 1559 5635 ait,
1592 5572 1838 5641 Propter-

261 5675 317 5713 ea
338 5665 410 5717 sic
439 5666 563 5720 dicit
596 5666 951 5737 Omnipotens,
982 5677 1096 5735 post
1135 5665 1355 5735 gloriam
1402 5666 1543 5718 misit
1572 5683 1650 5719 me
1684 5684 1840 5738 super

263 5766 428 5820 gentes
449 5775 564 5829 quae
593 5778 681 5816 vos
707 5760 1024 5830 depra'data’
1045 5770 1164 5813 sunt
1192 5756 1377 5829 (Zacb.
1408 5775 1466 5822 ll,
1507 5760 1580 5828 8).
1636 5760 1836 5817 Audia-

263 5855 380 5908 mus
400 5851 564 5910 etiam
587 5851 933 5916 Salomonem
960 5853 1252 5924 dicentem,
1280 5847 1399 5912 Lux
1418 5848 1633 5912 Domini
1661 5854 1832 5926 inspi-

1863 4616 1915 4676 D

1941 1996 2008 2035 eo
2051 1980 2310 2051 Spiritus,
2350 1982 2477 2050 quia
2529 1997 2634 2034 non
2666 1989 2748 2034 est
2803 1981 3026 2034 verbum
3082 1978 3218 2048 ejus,
3283 1979 3542 2034 Crealum

1941 2089 2072 2128 vero
2106 2074 2284 2127 dicere.
2324 2073 2585 2143 Spiritum
2638 2081 2883 2128 sanctum
2927 2072 3078 2127 nefas
3131 2079 3216 2127 est
3253 2092 3265 2126 :
3319 2087 3540 2126 verum-

1943 2172 2124 2218 tamen
2149 2164 2556 2238 inspirationem
2575 2163 2694 2218 Filii
2721 2165 2815 2219 Dei
2849 2180 2972 2220 eum
3009 2179 3129 2219 esse
3165 2164 3368 2220 sanctis
3393 2163 3543 2218 Scri-

1941 2256 2115 2326 pturis
2171 2239 2349 2310 edocti
2392 2272 2597 2312 sumus.
2649 2256 2876 2312 Fontem
2920 2273 3051 2312 vero
3087 2257 3322 2326 Spiritus
3365 2257 3540 2312 sancti

1939 2345 2140 2401 Filium
2160 2349 2254 2401 Dei
2278 2364 2398 2404 esse.
2414 2349 2667 2416 dicimus,
2687 2350 2803 2420 ipso
2829 2350 2938 2405 ﬁlio
2962 2351 3016 2404 in
3030 2349 3265 2405 Ieremia
3291 2349 3536 2405 dicente:

1945 2437 2086 2504 Quia
2111 2440 2214 2493 duo
2250 2458 2472 2512 nequam
2506 2441 2628 2511 fecit
2651 2441 2876 2513 populus
2899 2443 3116 2506 iste,me
3149 2441 3542 2513 dereliquerunt

1944 2529 2309 2600 fontem'aqute.
2335 2532 2479 2598 vivw,
2519 2543 2565 2586 et
2614 2532 2908 2602 effoderunt
2962 2534 3062 2588 sibi
3122 2532 3268 2586 lacus
3297 2533 3540 2598 detritos,

1942 2619 2032 2690 qui
2059 2637 2160 2674 non
2185 2631 2428 2691 poterant
2472 2639 2664 2692 aquam
2694 2633 2906 2694 portare
2942 2623 3076 2689 (Jer.
3118 2640 3181 2689 ιι,
3223 2622 3331 2694 15).
3385 2622 3544 2694 Aqua

1941 2729 2075 2769 vero
2095 2715 2218 2768 viva
2251 2715 2490 2784 Spiritus
2517 2726 2762 2782 sanctus,
2811 2717 2954 2772 sicut
2978 2717 3216 2772 Joannes
3247 2717 3431 2772 docuit
3455 2715 3540 2770 di-

1942 2807 2090 2862 xisse
2103 2807 2441 2863 Salvatorem
2457 2809 2524 2862 ad
2548 2808 2950 2864 Samaritanam
2974 2809 3282 2873 mulierem,
3301 2809 3359 2863 Si
3381 2809 3543 2864 scires

1942 2901 2140 2955 donum
2165 2901 2284 2966 Dei,
2323 2912 2370 2956 et
2398 2903 2516 2973 quis
2553 2912 2628 2958 est
2661 2904 2750 2974 qui
2777 2904 2902 2956 dicit
2940 2903 3031 2956 tibi
3069 2903 3151 2956 Da
3191 2902 3319 2956 mihi
3349 2901 3539 2968 bibere,

1943 3002 2000 3048 tu
2023 2995 2201 3066 utique
2218 2996 2435 3065 petisses
2465 3013 2606 3059 eum,
2652 3005 2703 3050 et
2733 2997 2960 3051 dedisset
2987 2996 3105 3063 tibi,
3149 3013 3339 3070 aquam
3372 2995 3538 3049 vivam

1943 3084 2124 3158 (Joan.
2145 3103 2216 3151 tv,
2245 3087 2331 3160 10)
2360 3105 2375 3153 ;
2417 3098 2473 3142 et
2503 3104 2746 3154 rursum,
2772 3088 3082 3160 Quicunque
3099 3089 3279 3142 biberit
3307 3103 3373 3141 ex
3402 3103 3542 3158 aqua

1940 3195 2097 3250 quam
2132 3196 2224 3250 ego
2240 3179 2374 3234 dabo
2401 3181 2471 3246 ei,
2497 3198 2598 3236 non
2622 3181 2758 3234 sitiet
2784 3182 2837 3236 in
2865 3192 3117 3236 a’ternum
3147 3179 3357 3249 (Ibid).
3401 3177 3539 3234 Nam

1939 3281 1994 3327 et
2025 3272 2076 3325 in
2109 3271 2288 3326 medio
2311 3273 2493 3342 templi
2525 3275 2746 3342 clamat,
2775 3271 2832 3338 Si
2854 3274 2970 3345 quis
2993 3275 3126 3339 sitit,
3158 3273 3326 3328 veniat
3366 3271 3434 3334 ad
3461 3286 3542 3334 me

1939 3371 1987 3416 et
2012 3361 2468 3434 bibat;quicredit
2486 3364 2538 3417 in
2565 3377 2666 3428 me,
2691 3363 2822 3417 sicut
2839 3362 3291 3436 dixitScriptura,
3317 3360 3542 3431 ﬂumina

1940 3453 2004 3507 de
2029 3464 2199 3508 ventre
2230 3455 2343 3525 ejus
2367 3456 2528 3526 ﬂuent
2555 3472 2706 3527 aqua:
2733 3456 2856 3510 viva:
2885 3454 3065 3527 (Joan.
3100 3469 3198 3519 vn,
3224 3452 3346 3524 57);
3373 3461 3428 3508 et
3453 3453 3542 3508 in-

1940 3555 2297 3616 terpretatum
2324 3549 2524 3612 estsic,
2547 3546 2659 3601 Hoc
2677 3559 2852 3602 autem
2867 3549 3069 3602 dicebat
3088 3547 3152 3600 de
3168 3545 3370 3616 Spiritu
3388 3561 3542 3616 quem

1941 3642 2206 3714 accepturi
2249 3652 2396 3695 erant
2426 3644 2516 3712 qui
2554 3642 2887 3696 crediderunt
2939 3641 2993 3694 in
3027 3657 3146 3695 eum
3179 3639 3391 3710 (Ibid.).
3461 3636 3540 3692 [ta

1937 3732 2109 3792 etiam
2140 3740 2194 3790 et
2221 3731 2386 3786 Isaias
2415 3732 2703 3796 Dominum
2760 3733 2962 3790 dixisse
2991 3732 3087 3798 ait,
3121 3731 3248 3804 quia
3277 3748 3369 3802 ego
3402 3729 3539 3786 dabo

1943 3823 1998 3876 in
2042 3823 2130 3886 siti
2154 3839 2345 3896 aquam
2374 3823 2453 3877 Itis
2477 3825 2566 3896 qui
2597 3825 2650 3877 in
2688 3824 2825 3878 sicco
2872 3824 2972 3878 iter
2987 3823 3242 3896 fecerunt,
3272 3831 3319 3876 et
3345 3837 3541 3892 ponam

1941 3913 2184 3986 spiritum
2222 3931 2392 3967 meum
2444 3932 2602 3987 super
2627 3933 2802 3978 semen
2858 3925 3028 3982 tuum,
3062 3925 3109 3968 et
3157 3914 3540 3967 benedictiones

1941 4020 2084 4059 meas
2110 4021 2268 4074 super
2294 4004 2435 4075 filios
2465 4016 2584 4059 tuos
2625 4023 2646 4073 ;
2685 4017 2731 4060 et
2763 4007 2998 4060 orientur
3025 4017 3277 4077 tanquam
3315 4007 3369 4059 in
3397 4021 3539 4078 aqua

1939 4096 2142 4168 fenum,
2176 4107 2217 4152 et
2242 4096 2378 4151 velut
2410 4099 2550 4152 salix
2573 4100 2709 4152 inter
2729 4100 2907 4170 ﬂuxus
2944 4115 3094 4170 aqua’
3115 4098 3252 4167 (lsa.
3285 4112 3433 4161 XLIV,
3457 4093 3536 4161 5).

1941 4186 2084 4258 Ergo
2107 4188 2708 4262 manifesteScriptnris
2725 4190 2928 4243 sanctis
2940 4189 3321 4257 proﬁtentibus
3338 4200 3535 4253 aquam

1943 4277 2397 4346 vivamSpit-itum
2428 4289 2675 4332 sanctum
2692 4294 2812 4332 esse
2837 4277 3233 4346 cognoscimus.
3277 4274 3539 4328 Dominus

1943 4385 2003 4424 se
2030 4367 2233 4424 fontem
2269 4383 2389 4424 esse
2418 4370 2642 4439 spiritus
2688 4369 2824 4423 dixit
2867 4369 2968 4433 sic,
3023 4367 3111 4424 Me
3152 4368 3541 4442 dereliquerunt

1943 4460 2140 4531 fontem
2171 4478 2324 4532 aqua:
2348 4463 2479 4515 viva:
2507 4459 2644 4529 (Jer.
2672 4477 2731 4526 ιι,
2769 4461 2875 4534 15).
2937 4460 3028 4516 Sic
3058 4469 3112 4516 et
3143 4460 3307 4516 David
3356 4468 3542 4516 cantat

1941 4555 1997 4611 in
2033 4556 2306 4611 tricesimo
2353 4559 2544 4630 quinto
2575 4557 2784 4629 psalmo
2823 4559 2975 4630 (vers.
3008 4557 3095 4630 10)
3124 4558 3308 4613 dicens
3338 4557 3404 4612 ad
3431 4557 3538 4613 Do-

1947 4649 2168 4710 minum,
2209 4648 2346 4716 Quia
2371 4651 2512 4723 apud
2572 4660 2620 4705 te
2670 4661 2745 4705 est
2801 4651 2921 4721 fons
2953 4652 3086 4706 vitta.
3138 4650 3306 4721 Igitur
3341 4661 3542 4724 praeter

1940 4739 2230 4811 Dominum
2269 4743 2494 4798 ostende
2519 4743 2685 4797 alium
2716 4741 2920 4798 fontem
2950 4759 3070 4798 esse
3094 4743 3240 4808 vitae,
3270 4744 3361 4813 qui
3397 4742 3539 4813 apud

1943 4847 2067 4888 eum
2092 4831 2181 4885 sit.
2235 4830 2351 4886 Non
2382 4835 2526 4888 enim
2556 4835 2711 4898 dixit,
2743 4835 2869 4906 quia
2903 4844 2955 4888 tu
2988 4851 3049 4889 es
3095 4834 3217 4890 fons
3244 4835 3384 4901 vilic,
3442 4833 3536 4890 sed

1943 4927 2068 4997 quia
2094 4925 2236 4995 apud
2268 4936 2316 4980 te
2364 4938 2438 4980 est
2479 4926 2597 4997 forts
2624 4929 2782 4982 vitae:
2833 4928 2975 4998 apud
3003 4939 3055 4984 te
3100 4937 3183 4984 est
3209 4943 3358 4991 vero,
3398 4926 3539 4996 apud

1945 5018 2146 5083 Deum;
2198 5028 2254 5073 et
2279 5028 2362 5076 est
2397 5019 2565 5076 Filius
2597 5020 2715 5077 fons
2763 5023 3004 5079 existens
3033 5024 3275 5095 Spiritus,
3323 5021 3387 5074 de
3429 5036 3537 5090 quo

1943 5108 2144 5166 Paulus
2168 5111 2233 5164 ad
2265 5113 2536 5169 Romanos
2559 5116 2768 5179 scribit,
2787 5116 3015 5188 Spiritus
3046 5133 3162 5170 vero
3189 5115 3308 5168 vitae
3326 5121 3538 5181 propter

1933 5203 2202 5274 justitiam
2234 5203 2412 5274 (Rom.
2442 5222 2559 5272 νιιι,
2598 5209 2708 5281 10).
2765 5209 2842 5264 Ita
2877 5226 2982 5264 non
3014 5209 3250 5262 alienum
3297 5203 3390 5258 sed
3414 5219 3538 5274 pro-

1943 5297 2120 5368 prium
2159 5297 2338 5354 Patris
2387 5315 2506 5355 esse
2551 5317 2671 5358 eum
2711 5303 2864 5357 dicit.
2925 5300 3060 5354 Nam
3103 5312 3225 5352 cum
3260 5294 3536 5368 professus

1943 5390 2157 5457 fuisset,
2212 5393 2336 5464 quia
2383 5395 2526 5465 apud
2573 5405 2621 5449 te
2649 5404 2722 5449 est
2748 5395 2866 5464 fons
2894 5394 3031 5455 vitae,
3064 5388 3332 5458 adiunxit,
3369 5391 3428 5445 in
3449 5388 3535 5447 ιιι-

1944 5484 2084 5540 mine
2127 5494 2217 5540 tuo
2241 5486 2526 5541 videbimus
2572 5487 2746 5540 lumen
2772 5481 2948 5551 (Psal.
2977 5497 3141 5547 xxxv,
3177 5480 3304 5554 10);
3343 5481 3399 5538 id
3421 5491 3525 5548 est,

1943 5579 1999 5632 in
2031 5579 2170 5633 Filio
2199 5589 2291 5634 tuo
2320 5579 2622 5634 videbimus
2648 5577 2918 5648 Spiritum.
2979 5575 3089 5632 Nec
3140 5593 3247 5634 non
3287 5579 3447 5634 etiam
3473 5577 3530 5633 in

1943 5673 2161 5726 nomine
2191 5673 2406 5725 virtutis
2432 5671 2526 5724 Dei
2555 5670 2855 5740 appellatur
2889 5670 3132 5742 spiritus,
3161 5681 3214 5727 et
3238 5673 3343 5728 vita
3373 5681 3425 5725 ct
3447 5685 3533 5725 sa-

1939 5763 2144 5835 pientia
2183 5776 2304 5818 esse
2345 5768 2696 5815 monstratur.
2750 5760 3067 5818 Audivintus
3095 5763 3241 5817 enim
3291 5761 3527 5815 salvato-

1938 5872 2056 5914 rem
2080 5851 2448 5925 inEvaagelio
2460 5852 3169 5936 promittentemdiscipulis
3197 5853 3310 5915 suis
3329 5850 3526 5909 missu-
