4046 6446
496 343 601 400 247

1540 344 1914 403 THEODULF
1919 344 1940 400 1
1975 344 2531 408 AURELIANENSIS
2564 349 2778 408 EPlSC.

3640 424 3643 427 Α
3668 354 3781 417 248

491 474 616 516 rum
650 472 710 514 se
743 473 865 515 esse
893 457 1158 531 Spiritum
1209 465 1481 524 sanctum,
1520 459 1728 529 quibus
1765 460 1916 525 dicit,
1949 459 2087 515 Ecce
2115 465 2165 525 Α
2189 480 2320 521 vero
2367 467 2784 536 participatione
2829 465 3058 524 alterius
3105 467 3245 525 idem
3287 469 3511 542 spiritus
3556 475 3779 545 sapiens

489 572 585 627 ego
600 555 804 610 minam
824 555 1221 625 promissionem
1246 553 1428 608 Patris
1445 556 1546 608 mei
1565 572 1721 626 super
1736 572 1845 619 vos,
1863 573 1949 610 vos
1967 572 2084 610 vero

490 649 664 704 sedete
679 649 734 703 in
756 650 982 711 civitate,
1000 647 1166 702 donec
1184 646 1480 700 induamini
1511 663 1577 701 ex
1598 647 1705 701 alto
1723 648 1909 701 virtute
1930 646 2082 719 (Luc.

492 744 669 810 xxrv).
693 740 781 795 49.
808 740 867 793 ln
891 738 1497 810 Actibusapostolorum
1526 739 1667 793 idem
1693 738 1954 794 Dominus
1983 739 2082 804 ait,

492 830 770 902 Accipietis
800 832 1040 885 virtutem
1066 832 1511 896 superrenientem
1540 847 1698 901 super
1720 848 1808 885 vos
1830 829 2084 901 Spiritum

490 933 733 976 sanctum
764 920 902 993 (Act.
933 938 975 986 ι,
1003 921 1080 991 8).
1115 922 1226 976 Hoc
1251 936 1465 992 quoque
1497 920 1772 992 impletum
1790 937 1911 977 esse
1938 930 2087 993 post-

491 1015 713 1070 modum
739 1014 1105 1084 comperimus
1119 1015 1220 1069 sub
1233 1012 1813 1086 dieQuinquagesimae
1833 1031 2086 1071 consum-

462 1178 467 1179 γ
491 1113 672 1161 matre.
723 1106 833 1160 Aut
858 1120 989 1177 ergo
1016 1107 1271 1160 virtutem
1296 1105 1510 1160 Domini
1542 1104 1807 1175 Spiritum
1836 1116 2084 1162 sanctum

489 1212 610 1252 esse
644 1196 1001 1267 proﬁtemini,
1033 1206 1126 1251 aut
1162 1196 1300 1252 sicut
1331 1195 1600 1252 Sabellius
1628 1196 1888 1266 Spiritum
1918 1208 2082 1267 para-

490 1290 699 1355 clitum,
728 1306 851 1345 cum
881 1291 952 1345 sit
978 1291 1151 1343 virtus
1186 1289 1303 1353 Dei,
1329 1289 1580 1344 eumdem
1616 1288 1812 1343 Filium
1839 1289 1932 1344 Dei
1965 1305 2086 1346 esse

489 1382 822 1452 praadicate;
853 1390 910 1435 et
935 1380 1219 1436 audientes
1247 1381 1474 1435 Paulum
1527 1381 1814 1443 dicentem,
1851 1380 2085 1452 Spiritus

488 1474 609 1529 vita:
633 1462 846 1545 propter
866 1474 1133 1544 Justitiam
1164 1471 1343 1545 (Rom.
1372 1489 1493 1540 vnt,
1519 1472 1631 1545 10),
1658 1471 1865 1527 fontem
1885 1473 2085 1529 iterum

488 1565 711 1636 spiritus
739 1566 1060 1622 instruimur
1080 1579 1200 1621 esse
1227 1564 1428 1619 Filium

486 1677 624 1734 Item
651 1679 791 1734 idem
825 1677 917 1751 (In
941 1677 1235 1751 Symbolo),
1274 1678 1414 1748 quod
1446 1677 1678 1751 Spiritus
1712 1686 1927 1732 sanctus
1961 1693 2086 1749 pro-

948 1748 1098 1804 cedat
1123 1768 1155 1803 a
1185 1748 1348 1803 Patre
1375 1758 1422 1803 et
1456 1748 1617 1803 filio.

2185 566 2280 612 aut
2312 566 2502 628 potens
2539 560 2757 626 dicitur,
2788 560 2913 629 quia
2945 577 3041 624 per
3065 568 3246 617 omnia
3276 563 3551 633 perfectus
3578 575 3681 632 est,
3724 577 3782 625 et

2184 652 2334 708 nullo
2364 668 2587 724 prorsus
2626 653 2875 724 indigens
2907 655 3069 709 bono.
3110 655 3246 711 Nam
3283 666 3523 727 paternae
3560 662 3781 718 virtutis

2184 755 2240 800 et
2288 745 2567 815 sapientiae
2610 746 2753 801 idem
2810 744 2931 801 Filii
2975 748 3199 818 spiritus
3245 750 3509 817 creditur,
3556 762 3612 807 et
3658 754 3782 811 ideo
3848 760 3852 764 ‘

2186 836 2302 906 ipse
2330 845 2387 891 et
2413 837 2715 892 substantia
2747 836 2964 892 virtutis
2988 847 3045 893 et
3072 840 3338 909 sapientia
3372 842 3778 911 comprobatur.

2183 950 2319 1039 Item
2496 954 2555 1039 in
2578 952 2789 1039 dialogo
2802 969 2927 1035 cum
2954 952 3269 1039 Theodo'rito
3289 951 3521 1039 Cyriano
3542 956 3782 1039 episcppo

2254 1024 2431 1077 habito
2454 1024 2927 1097 (Anathemgtismo
2950 1040 3000 1078 ιχ
3022 1065 3036 1089 ,
3058 1026 3128 1097 ad
3155 1024 3477 1097 Evoptium),
3499 1028 3639 1097 quod
3666 1024 3765 1097 Spi

2257 1096 2391 1148 ritus
2423 1104 2638 1149 sanctus
2661 1114 2691 1149 a
2721 1094 2883 1149 Patre
2910 1095 3156 1166 procedat
3181 1107 3229 1150 et
3253 1094 3285 1149 ὰ
3312 1094 3474 1150 Filio.

2258 1186 2601 1242 Meminimus
2643 1188 2788 1242 enim
2837 1187 3105 1242 dicentem
3154 1186 3429 1244 Christum
3477 1189 3658 1260 palam
3715 1192 3788 1249 de

2188 1276 2394 1348 Spiritu
2430 1287 2644 1344 sancto,
2687 1278 2788 1333 Ille
2831 1297 2912 1333 me
2954 1278 3266 1349 clariﬁcabit
3304 1278 3487 1350 (Joan.
3527 1297 3636 1346 XVI,
3669 1281 3785 1354 14),

2160 1373 2433 1453 novimus
2462 1373 2528 1425 ad
2558 1373 2672 1427 haec
2699 1373 2869 1428 sancti
2904 1372 3140 1443 Spiritus
3177 1367 3550 1443 operationem
3588 1384 3786 1431 conte-

2187 1472 2393 1518 rentent
2420 1464 2784 1534 nequissimas
2818 1466 3233 1535 immundasque
3254 1466 3504 1521 virtutes.
3546 1464 3655 1522 Sed
3677 1483 3819 1535 non.

2188 1554 2263 1613 ita
2291 1558 2522 1613 dicimus
2548 1574 2696 1624 eum,
2730 1559 2888 1615 sicuti
2922 1560 3157 1631 denique
3187 1550 3630 1631 unumquemque
3661 1576 3791 1616 san-

2186 1659 2422 1717 ctorum,
2450 1657 2705 1723 tanquam
2733 1653 2911 1709 aliena
2938 1668 3035 1723 per
3062 1652 3324 1723 Spiritum
3353 1662 3601 1709 sanctum
3624 1662 3788 1710 uten-

2189 1756 2296 1803 tem
2320 1748 2540 1801 virtute.
2588 1747 2713 1802 Fuit
2739 1747 2882 1801 enim
2911 1756 2967 1802 et
2989 1757 3075 1802 est
3098 1747 3215 1817 ejus
3239 1746 3481 1817 spiritus,
3512 1745 3673 1802 sicuti
3694 1748 3793 1802 de-

561 1855 588 1885 ι
621 1841 784 1897 Pater
810 1858 843 1896 a
873 1841 1020 1896 nullo
1053 1848 1136 1895 est
1162 1840 1357 1905 factus,
1398 1855 1499 1896 nec
1531 1846 1767 1904 creatus,
1804 1854 1905 1894 nec
1932 1839 2079 1910 geni-
2108 1830 2157 1890 B
2185 1843 2351 1912 nique
2370 1850 2425 1896 et
2451 1840 2649 1905 Patris,
2674 1852 2728 1895 et
2756 1841 2860 1896 hoc
2886 1841 3044 1896 nobis
3064 1841 3201 1894 bene
3223 1840 3357 1894 satis
3378 1839 3631 1910 explanat
3651 1840 3793 1894 scri-

491 1944 597 1991 tus.
640 1934 814 1990 Filius
844 1949 874 1987 a
899 1933 1062 1987 Patre
1084 1932 1199 1987 solo
1219 1941 1323 1997 est,
1348 1948 1456 1986 non
1484 1931 1682 1997 factus,
1708 1947 1811 1986 nec
1839 1941 2079 1999 creatus,

488 2029 584 2084 sed
618 2028 853 2098 genitus.
897 2024 1134 2095 Spiritus
1172 2033 1393 2081 sanctus
1431 2041 1461 2079 a
1501 2024 1666 2080 Patre
1702 2032 1759 2079 et
1800 2023 1937 2078 Filio
1975 2039 2083 2078 non

484 2120 684 2185 factus,
736 2134 839 2174 nec
891 2125 1127 2183 creatus,
1177 2132 1282 2173 nec
1328 2118 1564 2188 genitus,
1610 2115 1703 2171 sed
1759 2116 2079 2185 procedens.

488 2213 641 2270 Unus
675 2228 805 2285 ergo
836 2211 999 2267 Pater
1036 2226 1142 2265 non
1181 2219 1292 2266 tres
1330 2218 1536 2279 patres,
1570 2223 1710 2264 unus
1757 2208 1927 2263 Filius
1973 2223 2081 2262 non

487 2314 600 2361 tres
630 2306 746 2371 ﬁlii,
777 2320 916 2359 unus
947 2303 1181 2373 Spiritus
1201 2311 1422 2358 sanctus
1446 2318 1553 2357 non
1582 2309 1691 2357 tres
1710 2300 1933 2371 spiritus
1954 2315 2082 2355 san-

489 2399 583 2454 cti.
624 2398 692 2453 Et
732 2399 784 2452 iu
830 2397 934 2451 hac
979 2395 1247 2450 Trinitate
1282 2394 1415 2449 nihil
1455 2395 1608 2464 prius
1653 2401 1747 2447 aut
1790 2390 2075 2461 posterius,

489 2493 625 2548 nihil
655 2489 828 2560 majus
865 2499 957 2545 aut
999 2491 1199 2554 minus,
1240 2489 1333 2544 sed
1369 2496 1495 2542 totae
1540 2496 1653 2541 tres
1699 2500 1944 2555 personae
1990 2498 2082 2539 co-

468 2570 705 2640 aeternus
729 2586 830 2640 sibi
853 2592 979 2639 sunt
1004 2592 1060 2639 et
1085 2582 1405 2654 coaequales.
1430 2583 1507 2637 Ita
1536 2592 1594 2635 ut
1622 2597 1721 2652 per
1741 2581 1945 2645 omnia,
1974 2581 2082 2636 sic-

466 2660 545 2731 lut
572 2675 686 2745 jam
729 2691 892 2744 supra
932 2676 1136 2730 dictum
1174 2686 1281 2739 est,
1313 2683 1368 2728 et
1404 2672 1643 2727 Trinitas
1671 2672 1722 2725 in
1751 2672 1979 2735 unitate,
2025 2678 2081 2726 et

489 2769 671 2823 unitas
699 2769 752 2822 in
782 2768 1048 2822 Trinitate
1076 2767 1383 2821 veneranda
1412 2767 1501 2821 sit.
1542 2765 1645 2833 Qui
1675 2764 1789 2818 vult
1817 2780 1949 2834 ergo
1974 2763 2080 2818 sal-

485 2877 587 2915 vus
610 2875 754 2924 esse,
793 2860 864 2914 ita
895 2860 961 2915 de
989 2859 1257 2914 Trinitate
1283 2859 1502 2914 sentiat.

491 2971 732 3045 Epistola
746 2973 815 3026 ad
838 2972 1140 3045 Nestorium
1165 2972 1359 3045 (Epist,
1384 2975 1418 3028 5
1439 2972 1504 3026 de
1522 2969 2078 3045 excommunicatione)

557 3044 633 3097 sic
681 3043 809 3096 dicit
845 3040 1075 3115 Cyriflus
1126 3040 1265 3114 quod
1310 3044 1541 3115 Spiritus
1588 3052 1803 3097 sanctus
1842 3060 1875 3096 η
1920 3040 2082 3095 Patre

450 3132 455 3135 ‘
557 3118 807 3184 procedat
838 3111 904 3166 et'
918 3111 1082 3167 Filio.

557 3203 635 3260 De
666 3203 870 3274 Spiritu
902 3221 1118 3275 quoque
1157 3222 1277 3261 cum
1318 3207 1468 3273 dicit,
1511 3205 1611 3261 Ille
1654 3223 1734 3261 me
1769 3205 2083 3275 clariﬁcabit
2109 3190 2155 3253 C

487 3296 671 3369 (Joan.
718 3313 831 3361 xvi,
886 3298 993 3371 l4],
1043 3300 1147 3355 hoc
1199 3300 1504 3356 rectissime
1548 3300 1867 3364 sentientes,
1910 3314 2079 3353 unum

470 3374 764 3445 Christum
792 3401 846 3446 et
878 3390 1099 3455 Filium,
1129 3407 1236 3446 non
1269 3392 1410 3447 velut
1437 3392 1663 3447 alterius
1695 3400 1941 3464 egentem
1973 3391 2083 3463 glo-

468 3476 591 3547 ria,
627 3483 952 3538 conﬁtemur
976 3484 1046 3538 ab
1084 3483 1288 3554 Spiritu
1329 3494 1518 3541 sancto
1557 3485 1785 3556 gloriam
1820 3500 2082 3541 consecu-

487 3581 622 3639 tum,
651 3575 776 3644 quia
802 3575 1027 3645 spiritus
1047 3573 1165 3644 ejus
1188 3591 1286 3631 nec
1311 3576 1560 3646 superior
1585 3574 1677 3629 illo
1694 3582 1797 3630 est.
1823 3572 1928 3629 Sed
1954 3574 2081 3644 quia

488 3667 625 3722 mira
648 3682 814 3737 opera
842 3667 1050 3723 faciens
1074 3668 1141 3722 ad
1178 3668 1698 3723 demonstrationem
1728 3682 1840 3722 suae
1865 3667 2000 3722 deita
2011 3666 2082 3721 tis

472 3752 691 3814 ‘virtute
729 3760 949 3830 propria
981 3759 1205 3828 spiritus
1241 3760 1513 3824 utebatur,
1543 3759 1610 3812 ab
1639 3759 1758 3828 ipso
1788 3755 2080 3822 gloriﬁcari

474 3838 706 3915 dicitur,
740 3852 1193 3922 quemadmodum
1235 3854 1281 3909 si
1318 3853 1442 3923 quis
1481 3853 1548 3907 de
1583 3850 1894 3906 hominibus
1932 3863 2081 3904 asse-

473 3939 668 4006 veret,
694 3942 836 4013 quod
860 3943 1061 4000 virtute
1090 3960 1187 4000 sua
1219 3946 1303 4001 vel
1328 3944 1611 4014 disciplina
1643 3956 2081 4013 unumquemque

476 4034 765 4093 ‘clariﬁcet.
803 4035 1062 4105 Quamvis
1089 4038 1233 4094 enim
1270 4040 1322 4093 in
1355 4053 1451 4093 sua
1478 4037 1549 4092 sit
1583 4036 1884 4091 substantia
1915 4034 2078 4090 Chri-

476 4130 621 4190 ‘stus,
652 4136 707 4182 et
735 4126 852 4196 ejus
884 4127 1217 4201 intelligatur
1251 4129 1304 4182 in
1338 4144 1569 4198 persona
1599 4127 1901 4198 proprietas
1922 4126 2078 4197 juxta

486 4218 540 4272 id
567 4219 710 4288 quod
743 4220 966 4291 spiritus
993 4228 1107 4287 est,
1142 4230 1196 4276 et
1229 4236 1335 4275 non
1370 4219 1537 4284 ﬁlius,
1584 4229 1822 4274 attamen
1870 4218 2080 4275 alienus

485 4328 594 4367 nou
621 4323 705 4370 est
730 4315 799 4370 ab
824 4316 939 4382 illo,
968 4333 1094 4371 nam
1120 4314 1357 4387 Spiritus
1378 4314 1680 4385 appellatus
1698 4322 1783 4370 est
1805 4312 2075 4379 veritatis,

485 4414 540 4459 et
571 4406 773 4462 veritas
797 4406 1043 4462 Christus
1072 4416 1174 4473 est,
1200 4408 1341 4462 unde
1363 4417 1418 4463 et
1442 4408 1511 4462 ab
1542 4407 1645 4462 isto
1671 4405 1921 4462 similiter
1938 4405 2080 4460 sicut

472 4499 553 4554 Ex
594 4498 706 4555 Deo
746 4499 907 4556 Patre
947 4502 1209 4571 procedit.
1264 4501 1505 4571 Denique
1537 4502 1625 4557 hic
1668 4502 1783 4571 ipse
1818 4499 2075 4570 Spiritus,

474 4589 647 4669 etiam
684 4606 781 4659 per
819 4599 1129 4645 sanctorum
1174 4607 1366 4646 manus
1407 4592 1769 4662 apostolorum
1816 4589 2076 4645 miracula

484 4679 716 4751 gloriosa
763 4683 1072 4752 perliciens,
1108 4683 1277 4738 Deum
1315 4684 1638 4755 gloriﬁcavit
1686 4682 1870 4738 Jcsum
1919 4680 2077 4736 Chri-

448 4824 451 4825 ν
483 4780 626 4855 stum
649 4815 664 4841 ,
704 4784 991 4845 postquam
1025 4776 1272 4832 ascendit
1300 4777 1356 4833 in
1395 4778 1615 4833 coelum.
1666 4775 1800 4830 Nam
1838 4773 2077 4829 creditus

483 4875 569 4921 est
608 4865 859 4923 Christus
904 4878 1099 4924 natura
1133 4870 1274 4926 Deus
1304 4871 1544 4927 existens
1576 4884 1677 4939 per
1711 4882 1867 4922 suum
1910 4865 2073 4936 spiri—

482 4966 597 5012 tum
630 4958 858 5015 virtutes
886 4958 1126 5019 eﬁlciens
1151 4981 1164 5016 :
1189 4962 1420 5034 ideoque
1445 4964 1682 5027 dicebat,
1708 4959 1773 5014 de
1798 4976 1910 5014 meo
1935 4958 2075 5012 acci-

482 5052 608 5123 piet,
631 5064 680 5108 et
700 5056 1033 5112 annuntiabit
1052 5058 1195 5113 vobis
1216 5058 1400 5131 (Joan.
1427 5075 1537 5125 ιγι,
1563 5056 1675 5130 14).
1715 5055 2068 5126 Nequaquam

556 5195 597 5272 if
624 5183 787 5272 Pgter
818 5206 851 5243 a
881 5189 1049 5272 nullm
1076 5201 1152 5247 est
1191 5192 1384 5272 factus.
1441 5193 1618 5250 Verba
1640 5205 1880 5272 _sunt___ex
1915 5199 2074 5272 Sym-

483 5253 609 5309 bolo
658 5258 965 5332 Athanasii,
1007 5263 1052 5317 si
1103 5253 1280 5317 tamen
1329 5262 1444 5332 jam
1486 5274 1598 5321 tum
1640 5268 1742 5324 hoc
1774 5269 1846 5324 illi
1877 5253 2071 5328 nomen

483 5333 633 5409 erat;
671 5327 891 5409 Solebat
910 5333 1068 5409 ‘euim
1093 5334 1273 5409 potius
1295 5327 1742 5409 appellariFides
1766 5327 2069 5409 Athanasii,

483 5390 570 5448 vel
590 5393 777 5477 Sermo
812 5402 877 5455 de
894 5401 1026 5470 fide.
1061 5390 1464 5477 autdEgrpds'itio
1494 5390 2071 5477 paenitet—25357131

487 5476 670 5549 certus
694 5480 902 5549 auctor,
953 5488 1113 5549 quem
1143 5475 1397 5549 diximus,
1448 5475 1552 5534 hcc
1583 5482 1699 5549 ipso
1726 5489 1883 5536 utens
1920 5486 2070 5538 testi-

484 5542 691 5620 mopio,
728 5558 747 5591 ι
779 5542 996 5620 beatus,
1028 5544 1222 5620 inquit,
1273 5542 1626 5620 Athanasius
1653 5551 1704 5603 in
1729 5553 2069 5620 expositione

485 5608 763 5688 catholica:
792 5612 938 5678 ﬁdei,
991 5608 1152 5683 quain
1185 5616 1298 5738 ipse
1317 5621 1570 5690 egregius
1597 5608 2069 5679 doctor'conscri;

485 5687 610 5738 DSll,
640 5690 697 5736 et
746 5698 907 5738 uuam
952 5687 1197 5738 universa
1225 5688 1269 5738 is
1296 5691 1585 5738 conﬁtetur
1636 5690 1868 5738 Ecclesia
1891 5734 1902 5738 _
1938 5708 2063 5738 nm-

484 5687 697 5761 pstt,_et
746 5698 909 5761 quam
948 5687 1269 5761 universalis
1296 5687 1585 5761 conﬁtetur
1635 5690 1904 5755 Ecclesia,
1938 5708 2063 5761 pro-

484 5751 786 5827 cessionem
818 5752 1053 5827 Spiritus
1093 5758 1261 5827 sancti
1308 5776 1337 5811 a
1382 5758 1541 5814 Patre
1571 5769 1627 5815 et
1660 5761 1795 5816 Filio
1822 5751 2064 5822 declarat

486 5820 562 5884 ita
584 5820 805 5877 dicens:
860 5820 1022 5911 Pater
1048 5842 1103 5897 .a
1149 5825 1293 5881 nullo
1341 5839 1417 5883 est
1447 5830 1642 5900 jactus,
1668 5841 1773 5888 etc.
1827 5853 1845 5886 ι
1881 5820 2059 5896 Αῑαυό

2182 1932 2317 1986 hens
2339 1933 2742 1988 sacratissimus
2770 1932 2989 1997 Paulus,
3021 1930 3125 1997 Qui
3154 1941 3325 1985 autem
3363 1930 3418 1985 in
3453 1948 3611 1985 carne
3637 1941 3787 1998 sunt,

2181 2021 2389 2092 placere
2418 2022 2523 2076 Deo
2553 2039 2657 2076 non
2682 2033 2921 2093 possunt,
2948 2040 3037 2076 vos
3065 2033 3241 2077 autem
3261 2040 3363 2076 non
3385 2025 3509 2077 estis
3527 2023 3583 2077 in
3602 2040 3787 2088 carne,

2181 2115 2272 2169 sed
2307 2114 2361 2167 in
2397 2115 2608 2185 spiritu,
2640 2115 2687 2167 si
2720 2124 2895 2169 tamen
2927 2115 3143 2184 spiritus
3173 2114 3270 2168 Dei
3307 2115 3507 2169 habitat
3534 2116 3592 2169 in
3619 2115 3788 2168 vobis.

2184 2209 2248 2265 Si
2276 2211 2393 2280 quis
2421 2220 2596 2264 autem
2625 2212 2870 2281 spiritum
2902 2210 3097 2265 Christi
3126 2228 3229 2266 non
3257 2211 3442 2277 habet,
3468 2212 3551 2266 hic
3577 2228 3683 2266 non
3709 2220 3791 2266 est

2182 2300 2297 2372 ejus
2331 2299 2508 2370 (Rom.
2543 2316 2658 2366 vni,
2691 2302 2768 2372 8).
2808 2300 3059 2357 Procedit
3087 2302 3232 2356 enim
3255 2318 3320 2355 ex
3346 2301 3459 2357 Deo
3480 2301 3641 2356 Patre
3663 2300 3793 2373 Spi-

2182 2396 2319 2450 ritus
2346 2403 2564 2450 sanctus
2608 2398 2904 2450 secundum
2952 2393 3251 2450 Salvatoris
3290 2410 3498 2458 vocem,
3538 2395 3632 2450 sed
3672 2411 3791 2450 non

2182 2497 2266 2543 est
2294 2488 2501 2544 alienus
2526 2505 2556 2542 a
2592 2488 2727 2543 Filio
2754 2506 2766 2539 :
2791 2487 2972 2543 omnia
3000 2487 3145 2542 enim
3177 2487 3339 2541 habet
3365 2503 3490 2542 cum
3521 2487 3704 2553 Patre,
3728 2495 3792 2543 et

2182 2583 2287 2637 ltoc
2318 2583 2431 2651 ipse
2452 2583 2636 2637 docuit
2663 2583 2850 2637 dicens
2877 2582 2943 2637 de
2969 2582 3174 2650 Spiritu
3197 2589 3407 2646 sancto,
3433 2579 3622 2635 Omnia
3643 2597 3794 2651 qua:—

2182 2693 2384 2747 cunque
2420 2675 2572 2729 habet
2615 2673 2800 2739 Pater,
2835 2691 2951 2729 mea
2980 2683 3119 2727 sunt.
3163 2672 3449 2743 Pr0pterea
3475 2673 3587 2727 dixi
3616 2673 3785 2738 vobis,

2181 2770 2305 2840 quia
2334 2770 2398 2822 de
2425 2785 2538 2822 meo
2572 2769 2812 2838 accipiet,
2835 2778 2883 2822 et
2920 2766 3251 2821 annuutiabit
3280 2766 3420 2820 vobis
3452 2766 3631 2837 (Joan.
3666 2782 3789 2832 xvi,

2187 2859 2294 2929 15).
2332 2859 2473 2930 Ergo
2500 2858 2826 2930 glorilicabit
2846 2859 3062 2928 quidem
3083 2856 3268 2913 Iesum
3295 2854 3533 2927 Spiritus
3557 2867 3789 2914 sanctus

2184 2948 2537 3019 inopmabilia
2576 2958 2914 3019 operantem.
2979 2948 3365 3005 Verumtamen
3419 2949 3499 3004 sic
3554 2948 3787 3017 spiritus

2185 3043 2321 3114 ejus,
2351 3053 2407 3098 et
2439 3060 2545 3097 non
2580 3043 2756 3098 aliena
2784 3044 2989 3109 virtus,
3018 3052 3075 3099 et
3100 3058 3166 3098 eo
3204 3043 3452 3114 superior
3479 3042 3786 3098 secundum

2186 3138 2329 3206 quod
2354 3137 2672 3207 intelligitur
2703 3136 2864 3192 Deus.

2186 3249 2349 3305 Docet
2381 3249 2646 3315 Hilarius,
2674 3249 2816 3320 quod
2853 3266 3016 3303 unum
3058 3247 3281 3320 Spiritui
3315 3257 3497 3320 sancto
3537 3265 3571 3320 ᾳ
3617 3247 3787 3320 Patre

2252 3321 2532 3393 procedere
2574 3331 2622 3393 e_t
2662 3317 2695 3374 ά
2738 3319 2881 3374 Filio
2914 3317 3163 3393 accipere
3198 3321 3261 3374 sit
3298 3319 3496 3385 emitti,
3541 3319 3598 3372 in
3644 3317 3784 3373 libro

2249 3390 2434 3446 octavo
2470 3394 2534 3445 de
2574 3390 2830 3445 Trinitate
2875 3392 2951 3445 sic
2979 3405 2998 3442 :

2254 3506 2389 3562 Cum
2424 3507 2614 3561 venerit
2648 3506 2932 3562 advocatus
2965 3504 3072 3570 ille,
3104 3520 3257 3575 quem
3280 3518 3372 3573 ego
3400 3505 3611 3558 mittam
3638 3502 3784 3557 vobis

2182 3617 2215 3653 a
2244 3596 2406 3653 Patre
2435 3597 2689 3667 Spiritum
2726 3598 2979 3661 veritatis,
3004 3598 3095 3668 qui
3126 3614 3159 3650 a
3191 3593 3351 3648 Patre
3375 3610 3490 3648 meo
3518 3593 3779 3665 procedit,

2181 3691 2291 3760 ipse
2323 3689 2691 3758 testiﬁcabitur
2732 3690 2796 3743 de
2829 3706 2910 3743 me
2946 3688 3126 3761 (Joan.
3166 3703 3257 3750 xv,
3298 3684 3412 3756 26).
3465 3685 3780 3757 Advocatus

2181 3782 2383 3848 veniet,
2416 3791 2472 3836 et
2501 3783 2645 3838 hunc
2674 3783 2855 3838 mittet
2884 3782 3055 3838 Filius
3083 3799 3112 3836 a
3139 3781 3324 3844 Patre,
3347 3787 3403 3834 et
3428 3777 3664 3855 Spiritus
3684 3793 3781 3834 ve-

2182 3873 2364 3928 ritatis
2390 3882 2473 3929 est
2501 3875 2592 3944 qui
2619 3890 2651 3928 a
2680 3875 2842 3928 Patre
2866 3874 3128 3943 procedit.
3169 3870 3423 3927 Excutiat
3459 3870 3654 3941 ingenii
3689 3869 3777 3925 sui

2143 3971 2151 3977 '
2182 3964 2400 4019 aculeos
2438 3965 2618 4019 omnis
2647 3965 3026 4019 haereticorum
3060 3961 3265 4026 schola,
3299 3969 3355 4016 et
3384 3968 3589 4031 quierat
3629 3974 3778 4014 nunc

2182 4056 2326 4125 quod
2354 4054 2436 4109 vel
2461 4055 2678 4110 mentiri
2704 4053 3076 4125 ignorantibus
3109 4055 3299 4123 possit,
3334 4060 3392 4108 et
3426 4052 3619 4108 doceat
3645 4050 3778 4121 quid

2181 4148 2256 4200 sit
2282 4148 2383 4202 hoc
2409 4147 2554 4216 quod
2580 4145 2750 4202 Filius
2778 4146 2941 4201 tnittit
2972 4162 3004 4200 a
3048 4145 3228 4200 Patre.
3271 4144 3374 4213 Qui
3403 4144 3593 4205 mittit,
3624 4151 3779 4211 pote-

2180 4247 2378 4294 statem
2408 4255 2558 4295 suam
2588 4240 2642 4295 in
2678 4254 2744 4296 eo
2774 4239 2919 4309 quod
2950 4238 3118 4294 mittit
3141 4237 3382 4293 ostendit
3407 4253 3421 4288 :
3451 4232 3546 4291 sed
3567 4232 3716 4304 quod
3742 4246 3773 4286 a

2179 4330 2342 4386 Patre
2370 4332 2538 4387 mittit
2556 4333 2683 4402 quid
2709 4330 3094 4403 intelligimus?
3129 4327 3321 4386 Utrum
3352 4334 3655 4397 acceptum,
3678 4331 3773 4379 aut

2179 4422 2497 4488 dimissum,
2540 4435 2634 4479 aut
2677 4423 2959 4495 genitum?
3002 4420 3135 4476 Nam
3180 4423 3373 4476 horum
3422 4432 3646 4473 necesse
3688 4423 3774 4471 est

2184 4532 2347 4571 unum
2387 4517 2589 4586 aliquid
2619 4516 2906 4589 signiﬁcet,
2937 4517 3081 4586 quod
3116 4531 3147 4570 ι
3179 4514 3336 4569 Patre
3364 4513 3633 4571 missurus
3663 4517 3777 4577 est,

2181 4620 2237 4663 et
2267 4610 2534 4663 missurus
2575 4625 2605 4664 a
2644 4608 2804 4664 Patre
2834 4618 2919 4664 est
2946 4625 3070 4664 eum
3111 4608 3372 4678 Spiritum
3403 4604 3649 4660 veritatis
3677 4602 3776 4673 qui

2179 4719 2210 4758 a
2232 4704 2391 4758 Patre
2413 4703 2676 4770 procedit.
2726 4699 2845 4756 Jam
2871 4715 3002 4756 vero
3031 4707 3244 4754 nonest
3270 4697 3534 4768 acceptio,
3562 4695 3652 4751 ubi
3679 4696 3773 4751 de—
3852 4718 3857 4723 ·

2176 4804 2478 4852 monstrata
2507 4796 2779 4865 processio
2798 4803 2901 4855 est,
2940 4793 3199 4863 Superest
3219 4800 3279 4845 ut
3302 4790 3686 4846 conﬁrmemus
3715 4790 3773 4844 in

2177 4906 2301 4946 eum
2330 4890 2652 4946 sententiam
2688 4896 2953 4953 nostram,
2985 4897 3168 4941 utrum
3203 4886 3255 4939 in
3288 4884 3391 4939 hoc
3421 4882 3773 4939 consistentis

2177 4984 2574 5055 egressionem,
2616 4997 2684 5036 an
2722 4981 2890 5053 geniti
2934 4979 3332 5051 processionem
3367 4976 3771 5033 existimemus.

2178 5074 2364 5152 Neque
2390 5074 2447 5128 in
2486 5076 2591 5129 hoc
2618 5073 2818 5127 mundo
2844 5086 2989 5126 nunc
3019 5070 3320 5125 calumnior
3342 5068 3578 5125 libertati
3608 5068 3770 5123 intel-

2178 5210 2319 5264 hanc
2350 5208 2583 5277 priscam
2628 5218 2683 5262 et
2706 5219 2891 5260 veram
2919 5205 3084 5261 fuisse
3122 5206 3536 5277 appellationem
3575 5211 3768 5277 osten-

2180 5224 2319 5264 nanc
2388 5224 2583 5263 rtscam
2628 5224 2683 5262 et
2706 5224 2891 5260 veram
2919 5224 3084 5261 tuisse
3122 5224 3536 5277 appellallﬂnem
3575 5224 3768 5258 051611·-

2178 5279 2314 5333 dttnt
2341 5224 2537 5351 (ξι-φοί,
2587 5278 2680 5348 qui
2719 5277 2920 5351 ἔκθεσιν
2947 5278 3028 5351 vel
3066 5277 3332 5351 ὃμυ).ογίαν
3359 5286 3450 5338 τῆς
3501 5276 3769 5351 adclinis

2179 5357 2405 5411 πίστεως
2435 5347 2769 5418 interpretati
2803 5358 2947 5404 sunt.
3002 5347 3176 5403 Latini
3224 5347 3409 5420 postca
3457 5349 3768 5420 symbolum

2178 5429 2459 5486 vocarunt,
2489 5416 2650 5491 atque
2680 5420 2822 5475 haud
2862 5421 2975 5475 scio
3000 5435 3068 5473 an
3090 5416 3331 5475 omnium
3355 5416 3563 5491 primus
3598 5416 3766 5472 llinc-

2177 5508 2361 5546 ntarus
2383 5489 2575 5547 contra
2596 5489 3032 5555 Gothcscalcum,
3067 5506 3185 5562 cap.
3214 5491 3304 5546 55.
3350 5489 3506 5546 Tanti
3528 5502 3765 5562 namque

2174 5564 2311 5633 apud
2328 5562 2512 5642 Gallos
2541 5566 2677 5634 syml
2697 5563 2840 5642 olunt
2874 5562 2978 5618 hoc
3001 5561 3120 5626 fuit,
3133 5558 3340 5642 :utuna
3362 5577 3484 5642 cum
3513 5558 3767 5642 symbolo

2170 5633 2533 5702 apostolorum
2563 5633 2837 5689 memoria:
2861 5635 3228 5688 commendari
3253 5633 3585 5703 presbyteris
3613 5646 3761 5703 pra:-

2169 5704 2333 5771 cipiat
2370 5704 2690 5759 Hiucmarus
2720 5706 2861 5759 idem
2887 5706 2936 5758 in
2968 5702 3479 5774 capitulis,’clericis
3501 5702 3760 5761 omnibus

2168 5776 2404 5845 synodus
2429 5773 2953 5846 Augustodunensis.
