4046 6464
271 371 382 428 249

1543 371 1631 432 DE
1670 371 1948 435 SPlRl'l‘U
1988 374 2271 438 SANCTO.

3427 391 3538 452 250

270 485 528 556 ligentim,
554 493 736 540 utrum
765 499 832 540 ex
853 484 1015 542 Patre
1041 499 1109 540 an
1133 500 1198 541 ex
1235 487 1369 542 Filio
1394 487 1656 558 Spiritum
1689 506 1851 560 para-
1879 497 1933 556 Α
1957 490 2094 547 Item
2133 493 2271 548 idem
2307 495 2362 548 in
2400 495 2578 550 eodem
2619 497 2750 581 libro
2775 500 2897 581 __(In
2941 505 3264 576 expositione
3287 474 3543 581 [ejusdem

270 578 458 632 clitum
490 586 677 646 putent
707 594 845 634 esse.
904 578 1021 635 Non
1061 581 1203 634 enim
1249 581 1302 634 in
1345 582 1554 637 incerto
1593 585 1850 642 Dominus

269 672 508 741 reliquit.
546 673 680 727 Nam
713 673 814 728 sub
849 674 1036 730 iiszlem
1058 675 1213 730 dictis
1244 677 1314 730 ita
1345 678 1459 732 haec
1491 678 1700 735 locutus
1733 688 1846 735 est:

268 762 455 816 Adhuc
492 762 655 816 multa
696 765 856 819 habeo
885 766 1056 821 dicere
1076 768 1236 831 vobis,
1266 769 1356 822 sed
1387 788 1489 824 non
1520 774 1730 841 potestis
1757 773 1848 827 illa

265 854 424 907 modo
455 866 680 924 portare.
714 855 843 911 Cum
871 870 1043 913 autem
1077 862 1265 914 venerit
1289 861 1376 916 ille
1405 861 1631 932 Spiritus
1660 865 1848 919 verita-

263 946 354 1008 tis,
385 947 572 1016 diriget
600 965 685 1002 vos
712 951 765 1002 in
791 952 932 1004 omni
965 954 1196 1007 veritate.
1245 954 1364 1008 Non
1395 958 1530 1009 enim
1559 956 1796 1026 loquetur
1818 977 1850 1014 a

262 1042 690 1110 semetipso:sed
729 1061 1046 1119 qua'cunque
1085 1051 1311 1104 audierit
1354 1051 1611 1123 loquetur,
1663 1064 1711 1108 et
1759 1056 1847 1125 fu-

265 1137 389 1181 tura
416 1135 748 1187 annuntiabit
773 1136 927 1190 vobis.
982 1137 1083 1193 Ille
1111 1157 1191 1192 me
1213 1143 1574 1212 Itonoriﬁcabit
1596 1187 1610 1211 ,
1637 1149 1760 1214 quia
1786 1148 1850 1203 de

264 1235 382 1272 meo
405 1223 637 1288 accipiet,
666 1236 712 1278 et
738 1229 1064 1282 annuntiabit
1098 1232 1257 1286 vobis.
1302 1232 1492 1290 Omnia
1527 1256 1848 1310 qua'cunque

261 1306 418 1362 habet
445 1309 608 1366 Pater
636 1332 748 1370 mea
779 1329 919 1384 sunt,
943 1331 1212 1391 propterea
1238 1324 1369 1389 dixi,
1397 1326 1470 1380 De
1496 1306 1606 1383 meo
1633 1306 1849 1399 accipiet

260 1409 313 1454 et
343 1407 671 1459 annuntiabit
707 1409 846 1463 vobis
886 1409 1068 1481 (loan,
1107 1430 1218 1479 xvr,
1261 1416 1366 1486 12).
1424 1418 1466 1472 Α
1509 1419 1645 1475 Filio
1687 1423 1850 1493 igitur

260 1495 483 1562 accipit,
518 1498 641 1564 quia
671 1506 727 1552 et
756 1499 824 1553 ab
852 1516 917 1556 eo
949 1503 1200 1569 mittitur,
1237 1515 1290 1560 et
1324 1523 1352 1561 a
1389 1507 1552 1564 Patre
1580 1514 1844 1579 procedit.

259 1584 330 1639 Et
356 1587 648 1657 interrogo,
667 1599 847 1647 utrum
870 1594 922 1647 id
948 1596 1119 1664 ipsum
1145 1599 1217 1652 sit
1241 1615 1268 1651 a
1299 1599 1433 1656 Filio
1447 1603 1694 1673 accipere
1706 1607 1848 1673 quod

261 1692 294 1730 a
332 1677 494 1733 Patre
540 1684 850 1750 procedere.
901 1686 1054 1753 Quod
1094 1691 1139 1743 si
1183 1692 1314 1746 nihil
1353 1693 1568 1750 dill‘crre
1610 1699 1848 1752 creditur

259 1769 406 1824 inter
427 1774 673 1843 accipere
698 1793 728 1830 a
755 1777 914 1842 Filio,
938 1790 994 1834 et
1024 1797 1052 1834 a
1084 1782 1243 1838 Patre
1270 1790 1582 1854 procedere,
1611 1800 1760 1846 certe
1792 1792 1844 1846 id

2659 571 2828 643 ﬁdei).

2025 656 2082 712 Si
2109 659 2228 728 quis
2260 660 2524 731 Spiritum
2566 675 2812 718 sanctum
2856 669 3176 736 paraclitum
3227 673 3412 728 dicens
3458 692 3543 730 tn-

1952 753 2266 808 nascibilem
2305 755 2468 809 Deum
2502 757 2664 820 dicat,
2689 759 2976 816 anathema
3009 763 3369 834 sit.,Adjectio
3398 783 3546 825 nunc

1950 844 2199 912 paracliti
2232 848 2560 902 anathemati
2609 850 2896 905 obnoxiam
2953 852 3082 907 facit
3115 856 3449 911 innascibilis
3486 857 3543 912 in

1951 949 2073 989 eum
2106 936 2196 990 Dei
2228 939 2684 1007 praedicationem.
2736 943 3115 1012 impiissimum
3150 948 3292 1001 enim
3322 957 3424 1013 est,
3458 949 3543 1004 in-

1952 1028 2266 1083 nascibilem
2313 1031 2480 1086 Deum
2527 1049 2648 1089 eum
2701 1036 2827 1100 dici,
2877 1038 2968 1107 qui
3014 1039 3080 1093 ad
3112 1041 3537 1110 consolationem

1952 1128 2194 1173 nostram
2224 1121 2294 1174 sit
2324 1123 2522 1179 missus
2559 1143 2589 1180 a
2639 1126 2791 1180 Filio.
2840 1126 2896 1182 Si
2940 1130 3080 1199 quis,
3125 1131 3282 1185 sicuti
3315 1147 3412 1186 nos
3439 1133 3538 1188 do-

1951 1210 2062 1264 cuit
2091 1211 2372 1278 Dominus,
2414 1231 2519 1270 non
2563 1217 2726 1272 alium
2759 1219 2903 1275 dicat
2931 1220 3258 1277 Paraclitum
3300 1240 3330 1278 a
3361 1224 3535 1292 Filio;

1951 1302 2086 1356 dixit
2110 1305 2278 1366 enim,
2313 1305 2382 1358 Et
2405 1306 2627 1362 alterum
2652 1308 2978 1367 Paraclitum
3001 1316 3165 1369 mittet
3188 1317 3328 1370 vobis
3356 1315 3537 1384 Pater,

1951 1413 2102 1465 quem
2141 1398 2334 1467 rogabo
2363 1415 2481 1452 eum
2528 1400 2709 1472 (.loan.
2739 1421 2848 1468 xw,
2881 1405 2990 1476 16),
3042 1409 3330 1464 anathema
3375 1410 3464 1464 sit.
3493 1408 3540 1464 Α

1949 1486 2088 1542 Filio
2113 1488 2440 1544 Paraclitum
2472 1493 2695 1548 missum
2725 1498 3090 1565 meminimus,
3115 1511 3171 1555 et
3197 1502 3255 1560 in.
3272 1503 3540 1574 principio

1951 1578 2054 1632 hoc
2085 1579 2216 1634 fides
2245 1581 2358 1649 ipsa
2390 1585 2656 1652 exposuit.
2709 1585 2814 1641 Sed
2859 1591 2986 1659 quia
3028 1590 3342 1663 frequenter
3366 1593 3536 1650 Filius

1949 1685 2048 1739 per
2078 1670 2433 1729 indiflerentis
2478 1686 2686 1732 natura:
2730 1680 2986 1736 virtutem
3032 1699 3196 1754 opera
3241 1703 3334 1740 sua
3377 1703 3542 1758 opera

1949 1760 2127 1816 Patris
2149 1779 2268 1819 esse
2296 1766 2453 1832 dixit,
2481 1769 2687 1835 dicens,
2715 1770 2829 1842 Ego
2858 1791 3012 1842 opera
3056 1765 3236 1831 Patris
3267 1780 3367 1833 mei
3401 1779 3541 1850 facio

259 1859 435 1928 ipsum
459 1871 621 1932 atque
647 1881 812 1920 unum
837 1883 955 1923 esse
974 1872 1372 1930 existimabitur
1391 1893 1420 1931 a
1447 1879 1578 1932 Filio
1603 1883 1847 1952 accipere
1877 1877 1921 1935 B
1951 1855 2134 1952 (j'o‘m'
2170 1876 2226 1923 κ’
2277 1858 2390 1931 57)’
2443 1861 2709 1918 missurus
2737 1880 2951 1934 quoque
2998 1867 3346 1934 Pamdimm’
3380 1870 3540 1924 Sim“

256 1952 402 2018 quod
439 1953 511 2007 sit
550 1957 795 2027 accipere
823 1978 852 2015 a
887 1962 1062 2018 Patre.
1107 1965 1224 2034 Ipse
1262 1969 1406 2022 enim
1436 1970 1694 2028 Dominus
1737 1975 1843 2040 ait,

259 2039 525 2103 Quoniam
552 2046 618 2100 de
641 2065 752 2103 meo
780 2053 995 2122 accipiet
1021 2065 1070 2108 et
1091 2059 1422 2112 annuntiabit
1446 2062 1608 2116 vobis.
1653 2039 1845 2119 Omnia

253 2149 580 2207 qua’cunque
612 2140 765 2194 habet
793 2140 952 2197 Pater
984 2162 1097 2199 mea
1126 2159 1244 2202 sunt
1271 2161 1580 2222 :propterea
1609 2155 1720 2208 dixi
1737 2197 1751 2219 ,
1783 2157 1848 2211 de

253 2243 372 2280 meo
393 2229 605 2298 accipiet
628 2242 676 2284 et
697 2236 1028 2290 annuntiabit
1054 2238 1192 2294 vobis
1225 2240 1406 2310 (Joan.
1436 2263 1546 2310 xvr,
1579 2247 1687 2318 14).
1731 2248 1846 2304 Hoc

251 2319 401 2387 quod
431 2311 680 2391 accipiet,
712 2325 824 2380 sive
846 2337 1088 2395 potestas
1116 2341 1218 2395 est,
1247 2335 1360 2390 sive
1383 2337 1575 2400 virtus,
1605 2340 1720 2394 sive
1747 2344 1842 2396 do-

251 2413 452 2475 ctrina,
479 2414 644 2471 Filius
668 2434 696 2470 a
728 2433 786 2472 se
816 2421 1188 2492 accipiendum
1215 2441 1336 2481 esse
1359 2429 1514 2494 dixit,
1547 2442 1601 2485 et
1627 2449 1843 2489 rursum

251 2501 359 2557 hoc
417 2504 590 2573 ipsmn
635 2508 904 2578 significat
947 2513 1317 2582 accipiendum
1363 2533 1483 2574 esse
1530 2521 1595 2574 de
1637 2522 1839 2578 Patre:

249 2610 383 2648 cum
436 2599 574 2652 enim
621 2602 691 2654 ait
721 2644 734 2666 ,
772 2606 951 2658 omnia
988 2622 1322 2678 quzecunqne
1354 2613 1516 2666 habet
1545 2615 1708 2669 Pater
1745 2633 1842 2672 sua

151 2735 162 2748 ,
248 2703 397 2750 esse,
436 2698 488 2744 et
526 2691 726 2748 idcirco
753 2697 954 2752 dixisse
985 2713 1043 2752 se
1073 2699 1138 2752 de
1166 2715 1263 2755 suo
1299 2703 1666 2772 accipiendum
1698 2722 1838 2773 esse,

249 2780 411 2836 docet
451 2784 610 2837 etiam
647 2801 676 2838 a
713 2785 872 2841 Patre
909 2790 1242 2860 accipienda,
1275 2808 1305 2846 a
1338 2809 1396 2848 se
1427 2804 1601 2850 tamen
1643 2800 1838 2868 accipi,

248 2872 382 2940 quia
423 2876 603 2930 omnia
643 2893 762 2946 qua:
796 2877 969 2934 Patris
1002 2891 1148 2947 sunt,
1187 2900 1281 2938 sua
1322 2896 1469 2940 sunt.
1520 2888 1636 2941 Non
1679 2889 1841 2943 habet

249 2963 372 3017 haec
409 2966 582 3020 unitas
631 2969 998 3026 diversitatem
1027 3012 1042 3038 ,
1091 2990 1190 3029 nec
1229 2976 1405 3030 differt
1451 2995 1480 3032 a
1531 2995 1636 3048 quo
1684 2996 1840 3035 acce-

248 3063 407 3123 ptum
445 3057 544 3120 sit,
586 3061 728 3128 quod
765 3063 945 3117 datum
987 3081 1015 3118 a
1052 3065 1210 3122 Patre
1236 3109 1250 3132 ,
1289 3069 1471 3124 datum
1509 3071 1772 3126 referatur
1807 3089 1837 3128 a

246 3144 413 3202 Filio.
475 3149 721 3220 Nunquid
759 3162 813 3208 et
852 3156 938 3210 hic
976 3157 1270 3214 voluntatis
1311 3163 1491 3218 unitas
1524 3166 1837 3218 asseritur?

1949 1948 2262 2018 frequenter
2309 1953 2613 2022 spopondit,
2667 1955 2936 2021 interdum
2965 1972 3087 2010 eum
3132 1967 3187 2012 et
3218 1959 3542 2014 mittendum

1949 2040 2086 2094 dixit
2121 2057 2151 2095 a
2199 2042 2377 2102 Patre,
2414 2043 2541 2097 dum
2591 2060 2750 2100 omne
2777 2047 2920 2115 quod
2961 2061 3164 2118 ageret,
3210 2049 3299 2118 pie.
3336 2049 3543 2104 referre

1947 2139 2033 2185 est
2066 2131 2256 2186 solitus
2287 2133 2353 2186 ad
2380 2132 2617 2189 Patrem.
2652 2135 2730 2189 Ex
2761 2152 2868 2205 quo
2917 2139 3156 2194 haeretici
3193 2140 3540 2195 occasionem

1947 2220 2258 2291 frequenter
2287 2225 2572 2294 arripiunt,
2606 2236 2666 2281 ut
2703 2228 2877 2297 ipsum
2922 2245 3041 2284 esse
3071 2230 3268 2286 Filium
3299 2232 3537 2288 Paracli-

1945 2323 2058 2368 tum
2090 2317 2310 2370 dicant:
2344 2333 2466 2372 cum
2495 2319 2546 2372 in
2577 2334 2642 2374 eo
2671 2322 2811 2389 quod
2856 2322 3020 2377 alium
3062 2323 3390 2380 Paraclitum
3416 2327 3543 2380 mit-

1949 2405 2170 2458 tendum
2215 2423 2244 2460 a
2274 2405 2436 2462 Patre
2464 2410 2534 2463 sit
2580 2421 2920 2479 precaturus.
2975 2414 3333 2471 differentiam
3385 2419 3539 2474 missi

1945 2497 2294 2566 rogantisque
2342 2500 2628 2568 signiticet.
2700 2501 2754 2555 Si
2803 2504 2922 2571 quis
2985 2503 3243 2572 Spiritum
3289 2517 3540 2562 sanctum

1943 2597 2152 2656 partem
2185 2590 2316 2644 dicit
2346 2590 2524 2645 Patris
2549 2592 2640 2646 vel
2664 2592 2808 2658 Filii,
2842 2596 3129 2650 anathema
3156 2598 3245 2651 sit.
3293 2597 3534 2654 Stultitia

1943 2679 2183 2735 lneretici
2215 2682 2412 2737 furoris
2441 2684 2556 2737 brec
2582 2686 2760 2756 coegit
2785 2689 2987 2757 scripto
3013 2688 3237 2753 referre,
3265 2706 3368 2744 non
3391 2708 3538 2761 qua:—

1941 2773 2066 2826 stio.
2102 2772 2234 2826 Nam
2264 2790 2384 2828 cum
2429 2775 2664 2844 Spiritus
2706 2780 2880 2833 sancti
2924 2796 3118 2834 nomen
3157 2784 3356 2838 habeat
3383 2800 3536 2839 suam

1940 2861 2412 2932 significationem,
2443 2873 2498 2919 et
2523 2864 2757 2935 Spiritus
2777 2879 2998 2925 sanctus
3020 2873 3312 2940 paraclitus
3339 2875 3536 2930 habeat

1941 2956 2256 3011 substantiae
2301 2975 2409 3012 suae
2452 2969 2506 3015 et
2532 2960 2766 3017 ollicium
2794 2974 2851 3019 ct
2885 2967 3155 3032 ordinem,
3193 2977 3248 3023 et
3283 2986 3404 3024 cum
3453 2971 3537 3026 itt-

1938 3046 2286 3104 detuutabilis
2317 3051 2477 3106 Pater
2505 3062 2560 3107 et
2587 3055 2756 3110 Filius
2783 3057 2981 3127 ubique
3028 3060 3372 3128 praedicetur,
3403 3077 3539 3132 quo-

1940 3141 2098 3194 modo
2125 3157 2250 3210 pars
2274 3160 2394 3199 esse
2422 3155 2514 3200 aut
2541 3147 2719 3203 Patris
2749 3159 2844 3204 aut
2882 3151 3002 3204 Filii
3043 3153 3279 3222 Spiritus
3308 3167 3530 3212 sanctus

246 3236 445 3292 omnia
491 3256 608 3308 quae
655 3243 816 3298 habet
862 3244 1020 3300 pater
1054 3247 1172 3303 Filii
1208 3261 1331 3304 sum
1356 3291 1372 3316 ’
1411 3261 1466 3306 et
1502 3254 1682 3307 omnia
1717 3271 1837 3324 qua:
1864 3253 1908 3316 ρ
1943 3235 2260 3287 asseretur?
2293 3234 2399 3291 Sed
2445 3237 2571 3306 quia
2603 3239 2743 3294 sicut
2782 3241 2924 3296 inter
2963 3254 3157 3297 caetera
3202 3245 3536 3301 insaniarum

247 3329 374 3384 Filii
413 3342 538 3386 sunt
570 3334 744 3392 Patris
780 3348 924 3392 sunt.
985 3339 1100 3410 Ipse
1138 3343 1285 3396 enim
1320 3345 1430 3407 ait,
1477 3344 1667 3400 Omnia
1717 3365 1831 3402 mea

244 3431 343 3475 tua
379 3434 522 3489 sunt,
558 3437 604 3479 et
642 3437 732 3482 tua
770 3446 885 3484 mea
925 3430 1104 3500 (Joan.
1147 3450 1256 3499 xvi,
1300 3435 1406 3507 15).
1446 3438 1692 3494 Nonium
1730 3441 1830 3496 loci

244 3521 338 3568 est
375 3525 435 3569 ut
477 3514 842 3576 demOnstrem
892 3539 990 3578 cur
1037 3526 1112 3580 ita
1161 3527 1399 3594 dixerit,
1458 3529 1721 3595 Quoniam
1771 3533 1836 3586 de

244 3619 363 3656 meo
405 3607 643 3676 accipiet.
687 3609 874 3664 Futuri
911 3614 1053 3667 enim
1092 3619 1352 3684 temporis
1391 3620 1712 3690 significatio
1751 3631 1838 3676 est

244 3695 337 3748 ubi
391 3705 712 3763 accepturus
759 3703 1062 3756 ostenditur
1104 3723 1116 3756 :
1167 3722 1308 3760 nunc
1355 3717 1504 3762 certe
1552 3711 1673 3764 ideo
1711 3727 1740 3765 a
1780 3727 1838 3768 se

245 3791 605 3852 accepturum
645 3787 738 3850 ait,
776 3790 1030 3857 quoniam
1069 3794 1250 3847 omnia
1287 3794 1463 3849 Patris
1495 3813 1593 3852 sua
1631 3809 1832 3856 essent.

246 3872 471 3928 Disseca
521 3886 728 3932 naturae
767 3881 958 3950 hujus,
993 3883 1036 3936 si
1074 3894 1258 3954 potes,
1299 3887 1559 3944 unitatem
1585 3932 1598 3953 ,
1640 3901 1693 3946 et
1732 3879 1834 3947 ali-

245 3980 413 4035 quam
453 3967 907 4027 dissimilitudinis
942 3975 1080 4030 infer
1119 3973 1513 4042 necessitatem,
1549 3998 1646 4051 per
1671 4001 1833 4053 quam

247 4058 423 4113 Filius
444 4075 546 4114 non
575 4062 644 4116 sit
671 4064 722 4116 in
747 4065 953 4119 unitate
978 4077 1203 4123 naturae.
1226 4070 1266 4122 Α
1295 4071 1456 4127 Patre
1476 4075 1620 4128 enim
1645 4090 1834 4144 proce-

249 4152 329 4206 dit
352 4151 586 4221 Spiritus
612 4157 876 4223 veritatis,
915 4162 1008 4214 sed
1038 4178 1067 4215 a
1097 4161 1232 4218 Filio
1260 4167 1492 4220 mittitur
1512 4178 1566 4222 et
1593 4186 1622 4222 a
1649 4170 1826 4226 Patre.

249 4239 440 4296 Omnia
478 4260 594 4312 quae
627 4245 803 4300 Patris
837 4257 981 4311 sunt,
1017 4250 1134 4305 Filii
1171 4264 1315 4319 sunt,
1353 4265 1407 4310 et
1445 4258 1646 4312 idcirco
1677 4261 1834 4328 quid-

249 4335 379 4406 quid
407 4337 630 4406 accipit,
665 4353 695 4391 a
724 4337 862 4393 Filio
889 4342 1082 4411 accipit
1115 4343 1202 4398 ille
1234 4347 1526 4402 mittendus
1546 4389 1560 4412 ,
1591 4353 1713 4418 quia
1745 4351 1834 4405 Fi-

247 4427 306 4481 lii
343 4437 469 4482 sunt
501 4430 751 4484 universa
793 4447 911 4500 qua:
943 4432 1120 4489 Patris
1151 4445 1294 4491 sunt.
1337 4438 1538 4493 Natura
1567 4441 1748 4512 itaque
1777 4442 1831 4496 in

247 4519 500 4574 omnibus
541 4530 687 4575 tenet
725 4539 876 4576 suam
920 4523 1130 4594 legem,
1177 4535 1232 4581 et
1278 4531 1420 4598 quod
1463 4548 1628 4586 unum
1673 4535 1831 4590 ambo

248 4621 395 4674 sunt,
434 4613 672 4682 ejusdem
720 4615 772 4668 in
817 4625 1045 4685 utroque
1076 4635 1171 4688 per
1197 4625 1599 4690 generationem
1633 4630 1830 4684 nativi-

247 4711 522 4774 tatemque
548 4706 843 4761 divinitatis
871 4708 1193 4778 significatio
1215 4723 1317 4780 est,
1349 4732 1468 4770 cum
1495 4719 1546 4772 id
1570 4723 1711 4790 quod
1736 4739 1829 4778 ac-

249 4795 380 4863 cipit
409 4812 438 4849 a
466 4794 628 4853 Patre
669 4800 904 4870 Spiritus
935 4803 1182 4872 veritati,
1222 4807 1275 4861 id
1317 4808 1756 4869 Filiusilandum
1794 4830 1826 4870 a

246 4901 309 4940 se
345 4885 598 4944 fateatur.

244 5069 381 5150 Item
403 5073 542 5127 idem
562 5074 626 5150 de
656 5077 900 5132 missione
926 5077 1152 5150 Spiritus
1170 5085 1337 5138 sancti
1363 5102 1395 5138 a
1419 5084 1582 5150 Filio,
1618 5087 1673 5140 in
1699 5085 1830 5141 libro

339 5143 666 5221 {lesgnodisi
692 5165 841 5218 quem
880 5143 1085 5221 scripsit
1121 5154 1174 5207 in
1206 5143 1580 5220 Germaniam,
1601 5153 1830 5211 Galliam

364 5215 1071 5299 εζςιὶιςιιηι,Μιιξςιάιιηεηδειξζι.,Δ
1099 5223 1508 5299 Narbonensem,
1543 5215 1834 5299 Novempo—

315 5285 588 5354 putanam,
618 5285 880 5355 Tolosam,
911 5302 956 5345 et
981 5292 1331 5349 Britanniam.

318 5439 602 5497 Credimus
644 5449 697 5498 in
746 5444 1008 5515 Spiritum
1048 5456 1315 5513 sanctum,
1365 5449 1467 5505 hoc
1494 5463 1576 5505 est
1604 5453 1832 5522 paracli-

248 5542 387 5598 tum,
423 5551 582 5604 quem
629 5539 946 5608 promittens
979 5542 1234 5607 apostolis
1282 5544 1392 5598 suis
1443 5553 1563 5614 post
1605 5545 1833 5600 reditum

246 5624 306 5681 in
332 5627 498 5680 cmlos
526 5629 694 5692 misit,
741 5631 931 5685 docere
959 5647 1052 5685 eos
1083 5648 1146 5686 ac
1192 5637 1476 5688 memorari
1507 5638 1707 5701 omnia,
1740 5654 1837 5707 per

247 5733 412 5790 quem
473 5723 886 5780 sanctificantur
942 5727 1150 5782 sincere
1203 5729 1255 5782 in
1317 5745 1439 5783 eum
1502 5732 1836 5788 credentium

251 5825 464 5870 animae.

1939 3338 2137 3392 genera
2163 3326 2326 3380 etiam
2379 3329 2480 3384 hoc
2513 3346 2726 3399 quoque
2773 3332 3003 3401 proferri
3049 3335 3116 3388 ab
3167 3336 3347 3406 impiis
3375 3337 3532 3404 solet,

1935 3409 2138 3467 ideirco
2168 3430 2198 3466 a
2229 3417 2428 3472 sanctis
2471 3418 2655 3473 debuit
2701 3421 3018 3491 improbari.
3068 3423 3124 3477 Si
3153 3427 3274 3494 quis
3312 3425 3531 3482 Patrem

1935 3510 1990 3554 et
2020 3502 2216 3558 Filium
2239 3514 2295 3559 et
2333 3504 2595 3574 Spiritum
2622 3521 2868 3565 sanctum
2907 3521 3017 3566 tres
3042 3513 3173 3568 dicit
3216 3514 3368 3582 deos,
3399 3532 3532 3570 ana-

1938 3596 2116 3650 thema
2149 3599 2238 3652 sit.

1935 3686 2264 3762 Ambrosius,
2313 3692 2452 3761 quod
2503 3692 2734 3762 Spiritus
2789 3708 3002 3752 sanctus
3050 3716 3151 3755 non
3190 3710 3422 3754 transeat
3467 3700 3533 3754 de

2005 3755 2120 3840 loco
2148 3759 2216 3840 at!
2247 3755 2417 3813 locum
2447 3755 2562 3816 cum
2586 3783 2616 3840 ᾳ
2651 3763 2809 3840 Putre
2837 3778 2883 3840 et
2928 3768 3068 3823 Filio
3095 3771 3347 3840 procedit,
3381 3772 3432 3824 in
3462 3770 3527 3824 li-

2005 3827 2096 3911 btr‘o
2118 3830 2286 3911 primo
2307 3847 2464 3911 quem
2496 3836 2701 3904 scripsit
2729 3837 2798 3890 ad
2822 3827 3132 3894 Gratianum
3161 3827 3526 3911 imperatorem

2005 3895 2157 3967 (Cap.
2192 3899 2248 3970 χ)
2273 3895 2347 3954 sic
2373 3903 2521 3957 docet
2547 3921 2565 3958 :
2601 3895 2611 3904 ’
3232 3895 3244 3911 ⁸
3505 3945 3508 3947 .

2007 3989 2217 4045 Etenim
2256 3993 2300 4047 si
2326 3995 2391 4048 de
2423 3994 2540 4049 loco
2578 4000 2820 4067 procedit
2860 4000 3114 4071 Spiritus,
3158 4012 3214 4058 et
3257 4002 3321 4057 ad
3349 4003 3528 4058 locum

1932 4083 2148 4148 transit,
2181 4093 2236 4138 et
2262 4085 2374 4154 ipse
2404 4086 2567 4142 Pater
2592 4090 2643 4143 in
2692 4090 2809 4146 loco
2838 4093 3130 4158 invenitur,
3173 4101 3228 4147 et
3263 4093 3450 4154 Filius,
3481 4093 3526 4147 si

1931 4174 1998 4227 de
2029 4174 2147 4228 loco
2176 4177 2290 4231 exit
2319 4192 2477 4245 quem
2503 4179 2663 4234 Pater
2692 4183 2857 4236 mittit
2889 4193 2981 4236 aut
3027 4183 3216 4247 Filius,
3244 4183 3431 4250 utique
3457 4182 3524 4236 de

1932 4271 2049 4325 loco
2080 4273 2348 4327 transiens
2373 4272 2609 4343 Spiritus
2641 4286 2803 4344 atque
2826 4278 3194 4347 progrediens,
3227 4285 3281 4330 et
3311 4276 3526 4330 Patrem

1933 4360 2071 4414 sicut
2103 4377 2299 4431 corpus
2345 4365 2638 4418 secundum
2684 4368 2876 4435 impias
2931 4369 3402 4438 interpretationes
3435 4383 3524 4424 re-

1932 4451 2175 4522 linquere
2215 4455 2427 4508 videtur
2452 4464 2507 4509 et
2537 4455 2724 4510 lilium.
2758 4457 2868 4511 Hoc
2890 4459 3181 4513 secundum
3213 4474 3307 4514 eos
3333 4457 3528 4529 loquor

1934 4545 2022 4613 qui
2062 4552 2250 4614 putant
2281 4546 2422 4616 quod
2457 4547 2653 4601 habeat
2701 4547 2934 4618 Spiritus
2972 4549 3374 4604 descensorium
3406 4566 3523 4606 mo-

1936 4644 2068 4689 tum.
2114 4634 2220 4689 Sed
2251 4652 2425 4705 neque
2466 4637 2517 4690 in
2563 4637 2680 4694 loco
2722 4639 2902 4710 aliquo
2930 4640 3091 4696 Pater
3127 4642 3526 4697 circumscribi-

1936 4735 2042 4789 tur,
2077 4727 2166 4795 qui
2207 4736 2291 4781 est
2332 4743 2494 4798 super
2521 4731 2723 4794 omnia,
2756 4747 2860 4785 non
2908 4731 3076 4787 solum
3127 4749 3400 4804 corporeze
3429 4751 3524 4789 na-

1933 4825 2086 4878 tura}.
2132 4819 2226 4872 sed
2253 4819 2417 4873 etiam
2467 4820 2751 4875 invisibilis
2791 4832 3074 4897 creatum.
3128 4823 3313 4894 Neque
3354 4825 3520 4881 Filius

1934 4925 2152 4963 suorum
2213 4924 2439 4979 operum
2493 4911 2626 4966 locis
2674 4915 3111 4985 temporibusque
3163 4915 3522 4980 concluditur,

1933 5001 2023 5070 qui
2051 5016 2214 5070 super
2239 5017 2454 5056 omnem
2481 5013 2564 5056 est
2602 5016 2928 5070 creaturam,
2965 5008 3129 5063 totius
3162 5007 3336 5078 opifex
3368 5001 3521 5060 creaJ-

1937 5099 2090 5145 tune.
2127 5091 2312 5160 Neque
2338 5093 2564 5161 spiritus
2593 5096 2855 5157 veritatis,
2889 5106 2950 5152 ut
2977 5106 3102 5168 pote
3146 5098 3236 5151 Dei
3280 5095 3522 5165 spiritus,

1937 5181 2405 5237 circumscribitur
2449 5185 2716 5254 aliquibus
2767 5188 2960 5243 ﬁnibus
3007 5185 3395 5255 corporalibus,
3431 5185 3524 5253 qui

1936 5288 2058 5327 cum
2087 5273 2155 5328 sit
2187 5274 2556 5344 incorporeus,
2599 5293 2814 5334 omnem
2847 5275 3235 5347 intelligibilem
3266 5273 3522 5327 substan-

1935 5361 2068 5416 tiam
2118 5372 2382 5420 creaturae
2437 5367 2784 5422 inenarrabili
2841 5364 3139 5420 divinitatis
3192 5362 3524 5431 plenitudine

1936 5459 2323 5526 supereminet,
2365 5463 2602 5531 spirandi
2650 5463 2739 5515 ubi
2785 5460 2928 5520 velit,
2971 5467 3025 5512 et
3056 5458 3348 5528 inspiraudi
3381 5476 3518 5530 quo-

1939 5550 2098 5606 modo
2143 5553 2291 5616 velit,
2347 5554 2552 5608 habens
2599 5566 2762 5620 super
2807 5550 2984 5605 omnia
3031 5560 3370 5621 potestatem.
3405 5552 3525 5609 Non

1939 5657 2067 5712 ergo
2102 5644 2254 5712 quasi
2281 5660 2349 5697 ex
2395 5645 2512 5697 loco
2556 5642 2790 5695 mittitur
2818 5641 3061 5708 spiritus,
3112 5651 3207 5696 aut
3255 5643 3409 5712 quasi
3454 5657 3524 5698 ex

1938 5735 2057 5789 loco
2089 5738 2327 5806 procedit
2369 5737 2583 5804 quando
2614 5733 2853 5803 procedit
2891 5750 2954 5789 ex
3001 5734 3172 5802 Filio;
3229 5736 3366 5790 sicut
3409 5733 3527 5804 ipse

1945 5826 2109 5883 Filius
2129 5844 2250 5883 cum
2276 5827 2427 5892 dicit,
2457 5827 2519 5880 de
2542 5826 2701 5880 Patre
2719 5828 2944 5896 processi
2972 5837 3019 5883 et
3045 5828 3158 5890 veni
3186 5825 3368 5900 (Joan.
3396 5837 3522 5901 Vm,
