4046 6444
552 349 665 412 Ili!

563 575 687 613 cum
734 566 957 628 possunt
1005 557 1143 610 sicut
1185 557 1238 610 in
1285 556 1557 624 aliquibus
1603 553 1973 622 corporalibus
2004 551 2148 605 aesti-

559 651 720 704 mari.
774 650 1037 705 Similiter
1083 665 1209 704 eum
1267 658 1357 704 aut
1413 650 1557 702 intus
1608 656 1697 700 aut
1753 646 1884 700 foris
1922 646 2147 715 legimus

559 743 728 797 Deum
755 759 895 806 esse,
927 759 1033 798 non
1059 745 1244 813 utique
1271 744 1464 808 Deum,
1496 750 1590 796 aut
1615 742 1757 796 intra
1789 741 2002 810 aliquod
2031 757 2148 794 oor-

559 849 662 903 pus
693 834 1036 900 ineludimus,
1074 845 1166 890 aut
1191 836 1260 888 ab
1301 835 1479 903 aliquo
1517 847 1744 902 corpore
1788 847 2144 901 separamus:

559 925 655 978 sed
683 924 788 978 alta
817 927 920 980 hoc
944 938 998 980 et
1043 926 1386 980 inenarrabili
1438 925 1796 980 aestimatione
1835 932 2145 993 pensantes,

559 1015 759 1070 divinae
809 1026 1020 1072 naturae
1066 1018 1412 1088 intelligimus
1461 1033 1744 1071 arcanum.
1793 1018 2031 1084 Denique
2074 1017 2147 1070 ita

563 1104 841 1176 Sapientia
865 1122 932 1162 ex
953 1124 1049 1162 ore
1078 1109 1336 1162 Altissimi
1368 1109 1634 1177 prodiisse
1673 1125 1733 1163 se
1771 1107 1925 1173 dicit,
1957 1121 2014 1162 ut
2041 1125 2146 1163 non

559 1205 715 1252 extra
766 1199 981 1254 Patrem
1031 1201 1120 1266 sit,
1171 1201 1262 1254 sed
1306 1202 1446 1269 apud
1486 1200 1875 1271 Patrem,quia
1925 1200 2148 1254 Verbum

559 1299 674 1341 erat
703 1291 844 1359 apud
899 1290 1063 1344 Deum
1109 1291 1295 1363 (Joan.
1329 1309 1368 1357 ι,
1398 1292 1470 1363 1).
1523 1291 1633 1346 Nec
1661 1292 1834 1346 solum
1884 1293 2024 1361 apud
2051 1293 2149 1346 Pa-

558 1385 720 1444 trem,
745 1383 838 1435 sed
859 1381 1023 1435 etiam
1051 1398 1118 1435 ex
1145 1381 1306 1437 Patre
1339 1400 1352 1447 ;
1379 1384 1516 1438 dicit
1537 1384 1700 1447 enim,
1735 1383 1848 1454 Ego
1874 1384 1931 1437 in
1965 1384 2145 1447 Patre,

557 1481 607 1525 et
631 1472 794 1526 Pater
823 1475 877 1527 in
902 1491 980 1528 me
1007 1473 1189 1547 (Joan.
1220 1492 1274 1540 x,
1306 1475 1417 1547 58).
1449 1477 1556 1532 Sed
1586 1492 1760 1545 neque
1805 1493 1927 1531 cum
1955 1477 2021 1529 de
2047 1475 2149 1528 Pa-

561 1573 643 1619 tre
671 1567 806 1631 exit,
847 1569 1004 1636 quasi
1034 1569 1101 1622 de
1138 1569 1256 1623 loco
1301 1572 1524 1636 recedit,
1567 1580 1659 1625 aut
1701 1572 1851 1639 quasi
1892 1587 2086 1646 corpus
2118 1588 2148 1624 a

558 1672 784 1728 corpore
825 1670 1136 1731 separatur;
1174 1679 1350 1732 neque
1397 1664 1523 1717 dum
1554 1664 1607 1718 in
1652 1664 1814 1719 Patre
1857 1675 1963 1729 est,
1994 1665 2146 1733 quasi

560 1750 613 1804 in
641 1769 870 1822 corpore
899 1763 1150 1824 tanquam
1187 1772 1387 1826 corpus
1415 1757 1729 1811 includitur.
1765 1757 1998 1827 Spiritus
2018 1774 2149 1828 quo-

1573 340 1969 402 THEODULFI
2009 337 2565 400 AURELIANENSIS
2599 336 2814 394 EPISC.

559 466 677 536 £2),
707 479 896 524 omnes
925 463 1181 520 interﬁcit
1208 461 1490 533 Opiniones
1529 477 1651 530 quae
1679 478 1746 515 ex
1794 461 1912 514 loco
1955 460 2022 514 ad
2064 459 2145 513 lo-
2174 475 2221 533 Α
2250 458 2382 512 Item
2411 458 2554 536 idem
2575 459 2630 512 in
2665 455 2798 536 libro
2837 455 2991 535 tertio
3023 453 3176 536 (Cap.
3205 455 3267 526 ι),

3326 456 3430 512 uad
3465 454 3696 526 Spiritus
3717 477 3846 516 son-
3867 458 3881 466 ’

2319 476 2382 512 em
2411 474 2547 512 idem
2575 475 2630 512 in
2665 474 2798 509 mro
2837 474 2991 510 temo
3023 474 3176 526 (una.
3205 474 3267 526 ι),
3326 474 3427 512 una
3465 474 3696 526 opimus
3717 477 3843 516 son-

2319 541 2430 584 ctus
2457 548 2489 582 a
2514 528 2674 583 Patre
2694 528 2757 582 sit
2783 529 2972 597 missus
2994 539 3041 584 et
3069 527 3229 592 Filio,
3259 474 3345 590 ιιῖί
3371 529 3550 596 missio
3574 535 3843 588 processio

2317 600 2645 670 intelligitur.

2321 713 2584 784 Spiritum
2613 728 2827 784 quoque
2873 723 2928 768 et
2959 712 3122 780 Pater
3150 714 3297 782 misit
3341 725 3398 776 et
3438 716 3624 774 Filius.
3675 713 3845 778 Pater

2249 807 2420 873 misit,
2454 807 2578 876 quia
2609 809 2869 878 scriptum
2901 816 3006 872 est,
3056 805 3359 874 Paraclitus
3405 821 3580 872 autem
3605 809 3699 862 ille
3720 809 3847 880 Spi-

2251 899 2403 965 ritus,
2429 916 2578 970 quem
2620 900 2780 954 millet
2825 898 2988 964 Pater
3027 899 3081 954 in
3122 900 3328 966 nomine
3366 917 3478 954 meo
3518 899 3702 972 (Joan.
3730 916 3843 963 xiv,

2250 991 2364 1061 26).
2405 990 2572 1046 Filius
2595 991 2762 1053 misit,
2790 991 2917 1059 quia
2950 990 3103 1056 dixit,
3142 988 3273 1056 Cum
3299 991 3489 1052 venerit
3520 1002 3699 1052 autem
3735 988 3847 1048 Pa-

2252 1087 2492 1151 raclitus,
2519 1103 2670 1157 quem
2691 1103 2784 1156 ego
2817 1087 3017 1140 mittam
3051 1085 3191 1140 vobis
3213 1104 3245 1138 a
3277 1083 3438 1145 Patre
3465 1102 3576 1138 meo
3598 1085 3845 1152 spiritum

2251 1181 2481 1235 veritatis
2507 1179 2690 1249 (Joan.
2718 1195 2808 1243 xv,
2837 1177 2947 1250 26).
2982 1178 3038 1232 Si
3068 1192 3197 1248 ergo
3225 1193 3282 1232 se
3311 1178 3543 1234 invicem
3592 1176 3764 1232 Filius
3792 1185 3845 1231 et

2253 1271 2488 1342 Spiritus
2515 1273 2733 1327 mittunt
2761 1271 2902 1326 sicut
2924 1269 3088 1326 Pater
3130 1271 3320 1335 mittit,
3350 1288 3456 1328 non
3485 1269 3844 1338 subiectionis

2250 1365 2471 1434 injuria,
2497 1365 2590 1419 sed
2625 1364 2983 1419 communitas
3023 1364 3305 1435 potestatis
3327 1373 3414 1418 est
3449 1362 3600 1433 (Cap.
3631 1364 3709 1433 2).
3737 1362 3845 1422 Nec

2251 1457 2423 1512 solum
2449 1457 2596 1512 misit
2625 1457 2786 1511 Pater
2814 1457 3028 1524 Filium,
3057 1458 3148 1516 sed
3173 1457 3339 1512 etiam
3362 1457 3529 1522 dedit,
3561 1457 3705 1522 sicut
3730 1459 3846 1526 ipse

2250 1564 2308 1604 se
2334 1548 2498 1604 Filius
2523 1548 2688 1602 dedit.
2717 1548 2938 1604 Lectum
2968 1558 3052 1604 est
3073 1549 3238 1616 enim,
3271 1547 3457 1608 Gratia
3485 1547 3625 1610 vobis
3652 1558 3699 1608 et
3739 1564 3846 1618 pax

2249 1659 2280 1694 a
2305 1641 2412 1694 Deo
2445 1639 2606 1695 Patre
2635 1655 2833 1705 nostro,
2873 1652 2919 1696 et
2948 1641 3175 1700 Domina
3221 1639 3351 1706 Jestt
3382 1640 3616 1707 Christo,
3661 1642 3754 1712 qui
3792 1658 3845 1698 se

2249 1731 2390 1785 dedit
2432 1749 2527 1802 pro
2561 1734 2784 1802 peccatis
2821 1735 3012 1788 nostris
3060 1729 3202 1804 (Cal.
3230 1749 3270 1800 ι,
3302 1733 3382 1803 5).
3433 1731 3490 1786 Si
3542 1732 3841 1802 subjectum

557 1859 663 1911 que
694 1855 933 1908 sanctus,
966 1863 1084 1899 eum
1116 1823 1358 1914 procedit
1383 1864 1412 1900 a
1441 1848 1603 1902 Patre
1628 1858 1684 1903 et
1731 1823 1885 1914 Filio,
1922 1823 2144 1904 non—se-
2171 1840 2219 1902 Β
2248 1823 2301 1878 in
2328 1838 2392 1877 (³ο
2418 1832 2609 1892 pum“
2636 1824 2822 1890 fuisset
2855 1825 2979 1892 quia
3019 1824 3218 1884 missus
3243 1831 3348 1890 es"
3369 1823 3563 1894 graue
3599 1839 3724 1880 esse
3751 1839 3845 1878 ⁸³⁸·

557 1944 779 2004 paratur
827 1955 857 1991 a
903 1937 1081 2002 Patre,
1137 1957 1240 1995 non
1285 1952 1567 2010 separatur
1601 1961 1630 1997 a
1673 1944 1827 1998 Filio.
1880 1945 2148 2011 Quemad-

557 2029 777 2081 modum
798 2030 940 2083 enim
967 2034 1205 2100 separari
1232 2043 1407 2103 potest
1435 2051 1464 2089 a
1491 2036 1650 2089 Patre
1673 2038 1764 2106 qui
1794 2039 2016 2106 spiritus
2035 2041 2147 2095 oris

557 2121 674 2190 ejus
699 2123 821 2175 est?
853 2125 994 2191 quod
1027 2126 1211 2195 utique
1237 2136 1289 2181 et
1319 2130 1639 2185 :eternitatis
1672 2131 1952 2196 indicium,
1984 2141 2038 2187 et
2067 2133 2147 2186 di-

557 2209 798 2266 vinitatis
830 2215 1082 2283 exprimit
1112 2218 1391 2272 unitatem.
1435 2220 1531 2274 Est
1559 2236 1687 2292 ergo
1718 2230 1773 2275 et
1799 2232 1979 2276 manet
2005 2239 2146 2279 sem-

558 2314 655 2369 per
683 2304 772 2371 qui
827 2305 940 2359 oris
985 2315 1068 2360 est
1121 2309 1383 2377 spiritus:
1436 2313 1530 2365 sed
1560 2313 1888 2368 descendere
1935 2315 2147 2370 videtur

557 2395 744 2461 etiam,
771 2413 894 2452 cum
920 2399 1068 2454 illum
1116 2403 1407 2472 recipimus
1435 2413 1493 2458 ut
1523 2405 1731 2460 habitet
1767 2407 1818 2460 in
1867 2407 2045 2473 nobis,
2079 2423 2147 2462 ne

555 2501 656 2541 nos
681 2489 851 2545 simus
875 2508 904 2544 a
931 2493 1102 2562 gratia
1141 2492 1254 2560 ejus
1287 2495 1468 2549 alieni.
1519 2495 1683 2550 Nobis
1709 2498 2036 2553 descendere
2059 2499 2143 2552 vi-

555 2576 733 2643 detur,
765 2595 870 2634 non
913 2583 1055 2650 quod
1088 2583 1176 2638 ille
1212 2585 1521 2652 descendat,
1573 2589 1667 2643 sed
1700 2590 1844 2658 quod
1893 2593 1958 2643 ad
1995 2590 2145 2646 illum

557 2670 770 2725 animus
801 2682 986 2727 noster
1015 2677 1288 2730 ascendat.
1321 2677 1397 2732 De
1428 2693 1534 2747 quo
1571 2680 1784 2748 plenius
1813 2681 2142 2747 diceremus,

555 2763 660 2817 nisi
693 2766 1126 2823 meminissemus
1153 2769 1205 2823 in
1241 2769 1392 2826 libris
1433 2770 1546 2839 jam
1591 2775 1960 2843 superioribus
2001 2776 2145 2846 posi-

556 2863 670 2909 tum
701 2858 842 2924 quod
881 2868 937 2913 et
972 2858 1133 2915 Pater
1161 2863 1378 2928 dixerit,
1423 2861 1622 2929 Venite,
1673 2866 2066 2928 descendamus,
2096 2877 2143 2921 et

553 2947 942 3014 confundantur
983 2951 1187 3021 linguas
1229 2971 1406 3007 eorum
1457 2953 1610 3026 (Gen.
1641 2972 1718 3021 x1,
1751 2955 1841 3027 7);
1890 2967 1945 3010 et
1975 2957 2143 3012 Filius

549 3034 780 3102 dixerit,
814 3038 917 3104 Qui
942 3041 1114 3111 diiigit
1144 3061 1238 3106 me,
1281 3062 1568 3101 sermonem
1612 3065 1780 3101 meum
1821 3049 2064 3112 servabit,
2094 3059 2143 3103 et

555 3122 724 3180 Pater
751 3129 931 3200 diliget
959 3149 1097 3196 eum,
1131 3143 1179 3186 et
1209 3135 1277 3187 ad
1315 3153 1429 3188 eum
1458 3138 1738 3200 veniemus,
1778 3148 1826 3192 et
1852 3140 1992 3208 apud
2023 3156 2138 3192 eum

2254 1930 2382 1983 gare.
2412 1931 2517 1968 non
2543 1925 2786 1985 possunt,
2818 1916 2944 1985 quia
2975 1916 3132 1971 datus
3165 1925 3268 1972 est.
3309 1915 3477 1972 Datus
3499 1924 3583 1969 est
3602 1923 3789 1970 autem
3813 1931 3845 1969 a

2251 2005 2430 2072 Patre,
2455 2017 2513 2061 ut
2539 2007 2703 2064 Isaias
2729 2008 2882 2073 dixit,
2908 2008 3048 2062 Puer
3068 2019 3220 2066 natus
3239 2019 3312 2066 est
3335 2009 3503 2072 nobis,
3519 2008 3666 2076 [ilius
3687 2009 3843 2062 datus

2250 2111 2324 2154 est
2352 2101 2496 2154 nobis
2525 2099 2660 2170 (Isa.
2686 2117 2760 2164 is,
2792 2099 2864 2171 6).
2896 2100 3065 2158 Datus
3099 2109 3181 2156 est
3202 2109 3405 2163 autem,
3434 2100 3606 2156 audeo
3638 2100 3842 2166 dicere,

2250 2201 2304 2246 et
2325 2206 2354 2245 a
2379 2191 2578 2260 Spiritu
2599 2191 2690 2262 qui
2714 2191 2911 2247 missus
2926 2201 3052 2247 esta
3071 2190 3295 2261 Spiritu.
3311 2189 3445 2250 Cum
3459 2189 3603 2244 enim
3627 2205 3737 2244 non
3762 2191 3846 2253 de,

2250 2285 2454 2342 ﬁnierit
2479 2301 2508 2336 a
2537 2301 2644 2354 quo
2675 2285 2832 2340 datus
2859 2285 2948 2349 sit,
2986 2285 3218 2344 ostendit
3245 2285 3431 2348 datum
3458 2283 3630 2354 gratia
3663 2282 3846 2342 Trini-

2252 2379 2398 2436 tatis.
2418 2380 2550 2431 Lum
2575 2384 2754 2430 autem
2783 2378 2896 2446 ipse
2911 2393 2969 2431 se
2987 2376 3154 2434 Filius
3175 2375 3404 2440 dederit,
3420 2376 3604 2445 utique
3628 2388 3736 2440 non
3753 2387 3848 2442 po-

2251 2473 2356 2526 tuit
2382 2472 2495 2539 ipse
2519 2471 2622 2525 sibi
2665 2471 2960 2532 secundum
3007 2470 3343 2526 divinitatem
3385 2482 3510 2523 esse
3547 2468 3844 2537 subjectus.

2250 2565 2395 2635 Ergo
2433 2579 2537 2618 non
2565 2563 2739 2634 potuit
2764 2564 2960 2618 divinae
2985 2563 3335 2631 subjectionis
3377 2576 3495 2617 esse
3522 2561 3666 2630 quod
3690 2559 3846 2614 datus

2251 2670 2352 2714 est.
2379 2659 2547 2711 Datus
2575 2666 2657 2712 cst
2685 2665 2865 2711 autem
2892 2665 2946 2710 et
2975 2654 3208 2725 Spiritus
3237 2664 3474 2717 sanctus,
3497 2653 3621 2722 quia
3648 2652 3844 2708 lectum

2251 2758 2350 2812 est,
2397 2747 2609 2818 Rogabo
2646 2747 2880 2811 Patrem,
2913 2758 2960 2802 et
2983 2747 3146 2804 alium
3178 2745 3503 2810 Paraclitum
3527 2745 3673 2808 dabit
3707 2743 3846 2802 vobis

2247 2840 2432 2911 (Joau.
2464 2857 2572 2901 xiv,
2606 2841 2717 2909 16),
2748 2850 2802 2895 et
2828 2840 3115 2911 Apostolus
3140 2841 3234 2905 ait,
3256 2839 3588 2910 Quapmptar
3619 2838 3710 2908 qui
3735 2837 3845 2894 hac

2249 2933 2465 3004 spernit,
2483 2949 2585 2986 non
2602 2933 2864 2987 hominem
2877 2933 3192 3004 spernit,sed
3215 2932 3382 2991 Deum
3407 2929 3496 3000 qui
3512 2929 3654 2986 dedit
3680 2928 3848 2998 Spiri-

2247 3037 2361 3082 tum
2397 3042 2551 3079 suum
2578 3026 2631 3078 in
2663 3025 2806 3079 nobis
2853 3025 2902 3096 (Ι
2931 3025 3108 3082 Thess.
3133 3041 3210 3089 tv,
3250 3026 3326 3091 8).
3357 3023 3521 3080 Isaias
3555 3036 3775 3091 quoque
3795 3028 3850 3075 et

2254 3116 2516 3187 Spiritum
2550 3118 2734 3172 datum
2761 3119 3018 3180 ostendit,
3047 3127 3101 3172 et
3133 3117 3344 3178 Filium.
3380 3116 3487 3177 Sic,
3523 3115 3720 3184 tnquit,
3765 3114 3848 3170 di-

558 3223 882 3276 mamionem
913 3225 1164 3292 faciemus
1195 3227 1376 3298 (Joan.
1403 3245 1516 3294 xn’,
1541 3230 1653 3298 23).
1693 3231 1783 3285 Sic
1809 3232 1971 3301 igitur
1998 3233 2140 3287 venit

2257 3211 2324 3264 cit
2348 3210 2606 3265 Dominus
2633 3211 2722 3281 qui
2747 3212 2872 3280 fecit
2902 3210 3087 3266 aulum
3113 3221 3163 3266 et
3190 3211 3307 3278 ᾔει-ἐι
3337 3208 3490 3274 illud,
3517 3209 3608 3279 qui
3645 3207 3846 3267 solida-

551 3309 814 3380 .Spirttus,
846 3317 1297 3384 quen’iadn‘iodum
1335 3323 1482 3374 venit
1502 3321 1699 3386 Pater;
1750 3324 1876 3391 quia
1908 3325 1997 3377 ubi
2043 3323 2145 3377 Pa—

557 3411 644 3460 ter
671 3415 772 3472 est,
803 3408 875 3462 ibi
905 3419 987 3463 est
1018 3422 1074 3464 et
1103 3411 1292 3475 Filius,
1320 3422 1369 3466 et
1412 3414 1500 3468 ubi
1535 3415 1702 3469 Filius
1737 3425 1839 3482 est,
1880 3417 1949 3470 ibi
1983 3426 2064 3473 est
2097 3426 2149 3473 et

553 3497 815 3568 Spiritus.
865 3500 979 3556 Non
1008 3518 1136 3573 ergo
1175 3504 1408 3559 discrete
1452 3507 1637 3560 venire
1677 3508 2024 3562 aestimandus
2065 3519 2148 3563 est

555 3590 790 3660 Spiritus
816 3605 1055 3650 sanctus.
1095 3596 1249 3652 Venit
1271 3609 1450 3653 autem
1485 3617 1587 3654 non
1618 3601 1683 3655 de
1711 3601 1828 3654 loco
1853 3601 1918 3655 ad
1945 3600 2142 3666 locum,

551 3681 648 3736 sed
681 3698 711 3736 a
753 3683 1106 3754 dispositione
1135 3690 1537 3745 constitutionis
1567 3692 1631 3744 ad
1665 3691 1893 3748 salutem
1940 3695 2145 3750 redem-

551 3773 773 3848 ptionis,
827 3792 854 3830 a
894 3779 1068 3850 gratia
1121 3781 1499 3838 viviﬁcatiouis
1549 3784 1616 3838 ad
1662 3787 1889 3854 gratiam
1938 3789 2142 3842 sancti-

554 3861 847 3928 ﬁcationis,
880 3876 936 3918 ut
965 3869 1028 3922 de
1058 3871 1216 3925 terris
1243 3873 1307 3924 ad
1337 3873 1560 3938 caelum,
1589 3876 1656 3928 de
1699 3875 1894 3943 injuria
1919 3878 1986 3932 ad
2029 3879 2143 3947 glo-

548 3955 712 4023 riam,
745 3959 809 4014 de
860 3961 1080 4016 servitio
1126 3965 1192 4020 ad
1246 3982 1467 4036 regnum
1525 3969 1836 4022 transierat.
1879 3969 1969 4025 Sic
2011 3989 2141 4044 ergo

549 4047 700 4102 venit
751 4047 1011 4119 Spiritus,
1065 4057 1518 4122 quemadmodum
1571 4060 1718 4112 venit
1761 4060 1940 4115 Pater.
1991 4063 2140 4118 Dixit

547 4139 696 4195 enim
723 4139 912 4207 Filius,
960 4143 1071 4214 Ego
1113 4156 1162 4199 et
1201 4144 1362 4201 Pater
1391 4150 1670 4215 veniemus,
1718 4163 1764 4206 et
1817 4156 2138 4210 mansionem

545 4232 689 4302 apud
729 4249 846 4290 eum
876 4233 1151 4304 faciemus.
1195 4238 1446 4310 Nunquid
1477 4243 1834 4312 corporaliter
1865 4245 2029 4300 Pater
2055 4263 2141 4301 ve-

544 4322 670 4378 nit?
697 4324 775 4385 sic
797 4339 925 4394 ergo
947 4336 1001 4380 et
1027 4326 1262 4397 Spiritus
1289 4332 1452 4394 venit,
1481 4333 1535 4386 in
1567 4350 1696 4403 quo,
1724 4352 1846 4390 eum
1886 4337 2053 4400 venit,
2083 4345 2139 4390 et

543 4410 728 4472 Patris
755 4423 807 4468 et
827 4414 949 4469 Filii
975 4418 1127 4484 plena
1157 4423 1440 4487 prteseutia
1461 4433 1561 4478 est.
1594 4424 1726 4490 Quis
1754 4437 1934 4481 autem
1958 4436 2137 4497 potest

545 4517 579 4555 a
599 4502 760 4558 Patre
780 4514 834 4558 et
855 4505 992 4564 Filia
1019 4507 1278 4577 Spiritum
1304 4529 1580 4582 separare,
1603 4533 1725 4571 cum
1756 4518 1836 4571 vel
1859 4519 2134 4587 appellare

541 4591 764 4648 Patrem
793 4606 846 4646 et
865 4596 1062 4652 Filium
1095 4599 1210 4654 sine
1246 4601 1448 4671 Spiritu
1475 4623 1582 4660 non
1616 4609 1918 4676 queamus?
1966 4607 2134 4661 Nemo

541 4683 681 4738 enim
726 4684 852 4738 dicit
897 4685 1180 4746 Dominum
1211 4692 1414 4758 Iesum,
1464 4697 1566 4750 nisi
1602 4698 1655 4751 in
1709 4697 1910 4766 Spiritu
1955 4709 2134 4753 sancto

543 4771 578 4832 Ι
601 4770 723 4828 Cor.
776 4791 872 4841 xu,
903 4777 978 4848 5).
1029 4780 1171 4852 Ergo
1206 4785 1252 4838 si
1302 4787 1570 4856 appellare
1620 4789 1904 4842 Dominum
1952 4789 2134 4844 Jesum

544 4869 664 4934 sine
691 4867 894 4938 Spiritu
935 4890 1039 4930 non
1083 4891 1390 4945 possumus,
1420 4881 1604 4948 utique
1629 4881 1746 4934 sine
1775 4881 1969 4948 spiritu
1998 4899 2133 4951 prae-

543 4961 732 5016 dicare
779 4979 884 5018 nou
924 4981 1230 5034 possumus.
1280 4969 1338 5024 Si
1392 4979 1571 5025 autem
1612 4979 1666 5024 et
1717 4971 1893 5040 angeli
1939 4973 2133 5041 pandi-

542 5060 667 5118 cant
697 5054 978 5112 Dominum
1005 5056 1212 5126 Jesum,
1257 5078 1416 5130 quem
1453 5078 1613 5117 nemo
1648 5072 1828 5130 potest
1862 5065 1978 5119 sine
2005 5065 2127 5137 Spi-

537 5148 646 5202 ritu
673 5152 986 5219 prtedicam,
1029 5158 1164 5210 etin
1212 5159 1344 5227 ipsis
1373 5175 1502 5229 ergo
1547 5162 1720 5215 sancti
1750 5160 1984 5232 Spiritus
2011 5181 2128 5219 mu-

539 5259 637 5296 nus
667 5255 940 5312 operatur.
989 5248 1343 5305 Probawimus
1378 5252 1558 5321 igitur,
1588 5271 1749 5310 unam
1781 5259 2123 5325 present-iam

535 5345 674 5396 esse,
725 5351 887 5390 unam
922 5341 1151 5409 gratiam
1195 5357 1314 5397 esse
1353 5342 1530 5399 Patris
1565 5355 1621 5400 et
1647 5347 1764 5401 Filii
1801 5356 1856 5402 et
1889 5349 2125 5418 Spiritus

533 5425 729 5491 salicti,
761 5443 880 5497 qua:
910 5441 1016 5485 tam
1060 5435 1298 5490 etelestis
1335 5446 1498 5507 atque
1539 5440 1717 5494 dis-ina
1769 5450 1876 5503 est,
1901 5450 1965 5494 ut.
1999 5458 2125 5511 pro-

533 5525 718 5585 pterea
741 5533 867 5594 agat
888 5528 1094 5595 gratias
1113 5527 1284 5583 Filius
1310 5530 1456 5585 Patri
1482 5533 1695 5586 dicens:
1716 5532 1984 5601 Conﬁteor
2005 5537 2120 5600 tibi,

534 5604 699 5664 Pater
735 5614 962 5670 Domine
1001 5618 1114 5671 caeli
1145 5631 1193 5673 et
1235 5632 1410 5685 terrai,
1460 5624 1551 5692 qui
1595 5625 1914 5677 absmndisli
1953 5627 2062 5679 lia’c
2091 5645 2121 5680 (ι

527 5708 854 5775 sapientibus
879 5722 927 5766 et
972 5715 1334 5790 prudentibus,
1368 5731 1415 5775 et
1466 5720 1703 5776 rerelusti
1756 5721 1846 5776 illa
1886 5723 2120 5794 parvulis

529 5802 690 5874 (Luc.
717 5822 779 5878 ι,
805 5807 923 5878 is).

2253 3304 2322 3356 uit
2358 3313 2552 3356 terram
2584 3314 2629 3356 et
2655 3320 2768 3374 (μαῖ’
2795 3305 2852 3357 in
2878 3321 2939 3358 ea
2978 3313 3122 3365 sunt,
3151 3313 3197 3360 et
3221 3303 3314 3360 dat
3349 3300 3544 3371 populo
3570 3301 3663 3371 qui
3689 3314 3848 3370 super

2249 3411 2368 3448 eam
2394 3394 2658 3463 spiritum,
2692 3405 2739 3450 et
2765 3397 3006 3464 spiritum
3029 3395 3352 3451 calcantibus
3380 3411 3497 3450 eam
3525 3393 3682 3465 (lsai.
3708 3407 3841 3456 xui,

2250 3485 2337 3558 5);
2364 3496 2419 3542 et
2446 3485 2512 3540 ad
2538 3486 2758 3552 Filium,
2784 3488 2896 3558 Ego
2928 3488 3181 3546 Dominus
3208 3487 3349 3544 Deus
3375 3487 3467 3556 qui
3508 3488 3686 3542 iocari
3711 3498 3758 3540 te
3788 3487 3843 3539 in

2249 3581 2516 3650 (equitate,
2547 3591 2593 3634 et
2642 3581 2820 3635 tenebo
2863 3597 3077 3638 animum
3103 3591 3270 3644 tuam,
3301 3590 3349 3634 et
3379 3579 3689 3649 confortabo
3707 3593 3762 3633 te
3791 3589 3840 3633 et

2249 3670 2371 3726 dedi
2399 3681 2446 3726 te
2475 3673 2530 3726 in
2555 3681 2918 3729 testamentum
2944 3674 3144 3743 generis
3169 3673 3293 3734 mei,
3317 3672 3373 3726 in
3396 3672 3563 3727 lucrm
3585 3673 3837 3743 gentium,

2245 3763 2452 3830 aperire
2480 3763 2656 3818 oculos
2693 3781 2969 3828 carorum,
3003 3764 3219 3819 educere
3243 3765 3306 3817 de
3345 3763 3565 3817 rinculis
3595 3763 3839 3834 alligatas

2245 3852 2412 3921 (Ibid.
2439 3871 2492 3920 v,
2521 3855 2598 3924 6).
2630 3856 2765 3910 Cum
2806 3873 2936 3926 ergo
2981 3857 3020 3914 F
3028 3857 3152 3911 ilius
3193 3857 3392 3911 missus
3435 3866 3490 3910 et
3531 3857 3692 3911 datus
3739 3857 3836 3920 sit,

2245 3939 2480 4010 Spiritus
2521 3959 2735 4011 quoque
2775 3945 2934 4000 datus
2960 3955 3014 3998 et
3040 3946 3240 4000 missus
3287 3947 3377 4007 sit,
3419 3947 3620 4001 habent
3648 3946 3839 4015 utique

2246 4031 2504 4085 unitatem
2531 4034 2851 4099 divinitatis,
2899 4037 3024 4104 quia
3071 4038 3273 4092 habent
3313 4038 3496 4108 operis
3545 4038 3833 4093 unitatem.

2249 4123 2400 4179 Unde
2423 4127 2584 4182 etiam
2619 4127 2819 4196 digitus
2849 4129 2944 4188 Dei
2967 4129 3271 4199 appellatus
3297 4141 3381 4186 est
3409 4130 3664 4201 Spiritus.

2240 4262 2557 4342 Itemident
2586 4267 2639 4321 in
2671 4268 2849 4322 eodem
2877 4267 3009 4342 libro
3049 4267 3201 4342 (Cap.
3229 4267 3340 4342 20),
3373 4269 3513 4342 quod
3549 4268 3745 4342 ﬂuvius
3770 4268 3836 4342 de

2311 4338 2432 4390 sede
2465 4337 2558 4390 Dei
2587 4349 2634 4391 et
2664 4341 2784 4408 agni
2817 4340 3098 4408 procedens
3125 4338 3352 4406 Spiritus
3381 4337 3592 4392 stmc'us
3624 4341 3687 4394 sit
3745 4340 3836 4393 ubi

2312 4408 2622 4476 iutelligimr
2651 4411 2765 4478 ejus
2799 4427 2832 4464 a
2856 4407 3018 4463 Patre
3045 4409 3288 4480 Filioque
3321 4413 3607 4480 processio.

2311 4517 2484 4571 Habet.
2511 4535 2641 4589 ergo
2693 4518 2927 4589 Spiritus
2949 4521 3092 4590 quod
3137 4521 3302 4576 habet
3335 4520 3588 4577 Christus
3617 4541 3628 4574 :
3659 4523 3835 4578 habet

2241 4609 2405 4681 igitur
2424 4612 2573 4680 quod
2602 4612 2769 4665 habet
2801 4613 2964 4677 Deus,
3007 4613 3130 4682 quia
3165 4613 3344 4668 omnia
3375 4630 3494 4683 qute
3537 4614 3704 4669 habet
3727 4614 3833 4669 Pa-

2238 4711 2344 4764 ter,
2373 4703 2535 4757 habet
2561 4711 2618 4756 et
2647 4702 2839 4768 Filius,
2875 4704 3105 4774 ideoque
3135 4706 3308 4759 dixit:
3355 4704 3547 4758 Omnia
3589 4722 3708 4776 quae
3734 4705 3832 4759 Ita-

2238 4791 2318 4845 bet
2345 4790 2528 4857 Pater,
2555 4809 2670 4846 mea
2690 4807 2812 4847 sunt
2834 4793 3018 4864 (Joan.
3048 4811 3161 4857 xw,
3187 4795 3297 4864 15).
3337 4794 3445 4850 Nec
3474 4795 3602 4850 illud
3627 4797 3832 4851 medio-

2235 4901 2348 4952 cre,
2379 4888 2522 4957 quod
2553 4889 2617 4942 de
2647 4888 2840 4943 throno
2865 4889 2955 4942 Dei
2984 4890 3132 4943 exire
3155 4888 3372 4943 ﬂuvium
3397 4890 3649 4962 legimus.
3674 4890 3833 4946 Sicut

2235 4982 2378 5035 enim
2413 4983 2578 5036 habes
2613 4984 2824 5038 dicente
2852 4983 3057 5039 Joanne
3085 4987 3416 5057 evangelista
3447 5006 3458 5040 :
3495 4986 3562 5040 Et
3595 4989 3826 5042 ostendit

2230 5074 2358 5126 mihi
2393 5075 2586 5142 ﬂumen
2607 5092 2757 5146 aqua?
2785 5077 2936 5141 vitae,
2969 5077 3298 5147 splendidum
3327 5090 3575 5152 tanquam
3603 5080 3832 5153 crystal-

2229 5162 2356 5229 lum,
2381 5167 2667 5236 procedens
2694 5167 2757 5219 de
2784 5168 2903 5222 sede
2930 5169 3028 5224 Dei
3052 5182 3098 5224 et
3121 5173 3265 5242 agni,
3287 5184 3336 5227 et
3366 5175 3419 5228 in
3445 5173 3616 5228 medio
3636 5173 3830 5244 platea:

2227 5257 2360 5324 ejus,
2391 5266 2438 5309 et
2482 5274 2546 5310 ex
2588 5269 2808 5329 utraque
2831 5272 2984 5328 parte
3013 5262 3210 5333 lignum
3243 5266 3360 5319 title
3389 5265 3587 5335 faciens
3616 5265 3827 5335 [rudus

2227 5349 2499 5404 duodecim
2559 5369 2651 5421 per
2706 5355 2938 5424 singulos
3005 5374 3201 5412 menses
3267 5358 3537 5412 recidentes
3587 5359 3826 5429 fructum

2226 5460 2398 5505 suum,
2432 5455 2478 5498 et
2523 5446 2654 5514 folia
2700 5447 2829 5517 ligni
2869 5450 2938 5502 ad
2979 5452 3290 5505 medicinam
3323 5455 3555 5507 omnium
3584 5455 3824 5524 gentium

2228 5535 2412 5605 (Apoc.
2449 5553 2585 5602 xxu,
2633 5538 2701 5609 l).
2737 5540 2835 5594 Hic
2879 5551 2963 5595 est
3009 5543 3195 5612 utique
3225 5544 3423 5600 ﬂuvius
3454 5545 3520 5599 de
3563 5545 3659 5600 Dei
3691 5544 3823 5600 sede

2226 5633 2544 5699 procedens.
2577 5634 2678 5687 hoc
2717 5644 2800 5688 est
2829 5633 3063 5703 Spiritus
3090 5648 3327 5702 sanctus,
3356 5654 3515 5708 quem
3555 5637 3696 5692 bibit
3727 5635 3823 5706 qui

2227 5723 2402 5775 credit
2433 5724 2483 5776 in
2510 5724 2809 5788 Christum,
2837 5727 2978 5780 sicut
2999 5729 3111 5797 ipse
3137 5730 3232 5794 ait,
3265 5729 3326 5785 Si
3347 5732 3461 5801 quis
3481 5731 3612 5792 sitit,
3645 5731 3822 5784 veniat

2225 5816 2295 5872 ad
2319 5832 2396 5874 me
2417 5827 2463 5874 et
2487 5816 2658 5886 bibat;
2680 5819 2770 5899 qui
2791 5820 3039 5898 crediti):
3060 5840 3162 5898 me,
3191 5825 3482 5904 sicutdixit
3506 5822 3821 5899 Scriptura,
