4046 6442
1488 376 1578 433 DE
1617 374 1890 436 SPIRITU
1931 373 2226 434 SANCTO.

3398 370 3507 430 254

221 504 450 576 ﬂumina
485 502 550 556 de
587 507 760 556 ventre
795 497 909 567 ejus
935 497 1100 566 ﬂuent
1137 506 1286 562 aqum
1311 490 1480 544 vim:
1511 489 1608 544 hoc
1634 500 1807 542 autem
1835 492 1888 562 Α
1913 504 2086 557 neque
2113 488 2257 542 enim
2303 485 2465 542 Pater
2517 485 2654 541 Filio
2700 486 2948 547 mittente
2994 499 3103 548 non
3138 485 3323 552 mittit,
3384 502 3510 542 cum

219 598 432 651 dicebat
474 597 540 650 de
583 594 788 666 Spiritu
816 590 1001 664 (Joan.
1038 604 1134 654 vn,
1167 584 1279 657 57).
1321 584 1461 654 Ergo
1500 581 1697 638 ﬂumen
1737 589 1821 637 est

225 688 322 760 Spi
333 691 372 745 ri
381 699 486 745 tus.

163 813 175 822 '
221 802 390 856 Illum
421 805 556 857 sicut
583 811 630 856 et
658 818 688 854 a
720 798 880 854 Patre
908 797 1185 868 procedere
1215 795 1566 868 Hieronymus
1603 794 1658 868 in
1687 792 1820 868 libro

296 875 514 945 Didymi
543 873 682 944 (Lib.
705 888 766 945 ll,
796 863 1104 945 sub-inid,
1131 885 1283 938 quem
1322 869 1386 921 de
1423 863 1609 945 Grch
1637 865 1688 916 in
1723 863 1823 916 La-

297 933 464 999 tinu'in
488 933 777 1012 transtulit,
798 942 937 1012 quod
961 933 1190 1011 Spiritus
1211 948 1423 1012 srmclus
1447 954 1477 989 a
1504 933 1664 1012 Patre
1681 949 1822 1002 egre-

295 1017 477 1070 diatur
493 1027 540 1069 et
564 1033 594 1067 α
619 1004 1036 1072 1*’ἱ1ἱοήἱὶειαῑιιὶ·,
1065 1029 1168 1064 non
1187 1009 1469 1071 secundum
1494 1004 1820 1074 angelorum,

293 1090 668 1157 prophetarum
696 1094 744 1157 et
776 1082 1128 1157 apostolorum
1173 1080 1562 1157 ministerium,_
1587 1076 1676 1157 sed
1709 1085 1765 1127 ut
1787 1091 1822 1126 α

293 1147 550 1228 Sapientia
577 1155 673 1210 Dei
697 1147 1098 1228 Spiritum_l_)_ei
1146 1152 1281 1205 mitti
1307 1151 1473 1208 decet.
1519 1149 1592 1202 sic
1632 1147 1822 1209 docet;

295 1223 367 1283 ei
391 1247 492 1300 quo
517 1223 795 1295 conﬁcitur
819 1235 866 1279 et
891 1245 922 1279 a
961 1223 1124 1278 Filio.

295 1322 431 1376 Cum
473 1336 602 1390 ergo
643 1319 878 1390 Spiritus
911 1326 1151 1381 sanctus,
1199 1315 1450 1371 similiter
1478 1323 1538 1368 ut
1583 1312 1746 1366 Pater
1769 1317 1826 1364 et

221 1414 417 1478 Filius,
464 1422 699 1468 mentem
745 1421 801 1467 et
850 1413 1172 1466 interiorem
1204 1411 1480 1464 homian
1515 1405 1824 1460 inhabitare

222 1508 507 1571 doceatur,
539 1521 646 1559 non
681 1505 857 1559 dicam
887 1505 1150 1572 ineptum,
1179 1503 1273 1556 sed
1317 1502 1542 1569 impium
1576 1506 1662 1552 est
1700 1510 1825 1550 eum

222 1601 411 1655 dicere
436 1607 762 1654 creaturam.
814 1597 1138 1666 Disciplinas
1179 1595 1396 1663 quippe,
1447 1592 1674 1645 virtutes
1703 1589 1824 1667 dico

221 1702 280 1748 et
311 1701 477 1754 artes,
509 1701 565 1745 et
585 1691 670 1745 his
698 1692 1000 1745 contrarias
1027 1687 1488 1757 perturbationes,
1513 1694 1566 1738 et
1607 1681 1827 1752 imperi-

223 1789 352 1850 tias,
388 1793 443 1839 et
467 1785 712 1848 aﬂ'ectus,
737 1785 792 1837 in
822 1783 1105 1837 animabus
1149 1781 1398 1834 habitare
1437 1775 1692 1846 possibile
1718 1782 1821 1839 est,

1923 583 2110 636 eadem
2139 581 2413 634 voluntate
2441 578 2620 632 Patris
2646 587 2702 632 et
2729 579 2849 642 Filii
2879 577 3114 647 Spiritus
3145 577 3356 644 veniat;
3390 577 3510 632 Sal-

1925 683 2110 730 vatorc
2136 688 2350 742 quoque
2375 687 2472 742 per
2504 672 2821 742 prephetam
2852 670 3123 742 loquente,
3155 670 3296 732 sicut
3337 670 3511 723 mani-

1922 764 2120 822 festum
2149 781 2268 826 esse
2295 764 2494 834 poterit
2522 763 2570 824 ei
2615 762 2703 833 qui
2754 770 2926 822 totum
2974 761 3263 832 pel-legerit
3307 757 3510 826 locum,

1922 858 1991 912 Et
2025 857 2279 912 Dominus
2311 857 2448 910 misit
2480 873 2578 920 me,
2629 865 2677 910 et
2712 853 2938 924 Spiritus
2984 854 3098 923 ejus
3133 851 3267 920 (Isa.
3316 866 3510 915 XLVIII,

1925 948 2034 1019 16).
2064 949 2338 1016 Siquidem
2365 964 2470 1006 non
2500 946 2669 1008 solum
2699 945 2912 1012 Filium,
2943 943 3035 998 sed
3070 941 3330 1014 Sp.ritum
3365 940 3514 995 misit

1914 1040 2083 1099 .Dcus.
2118 1036 2222 1091 Sed
2255 1046 2308 1091 et
2345 1036 2622 1107 apostolus
2653 1035 2908 1104 loquitur,
2947 1032 3077 1106 Quw
3116 1019 3258 1085 nunc
3299 1048 3510 1084 annun-

1923 1134 2055 1185 tiata
2084 1139 2204 1184 sunt
2234 1130 2375 1188 vobis
2404 1147 2496 1200 per
2523 1146 2609 1183 eos
2634 1129 2722 1200 qui
2759 1126 3242 1197 euangelizaverunt
3268 1142 3354 1179 vos
3388 1143 3513 1179 san-

1925 1233 2006 1278 cto
2038 1220 2237 1292 Spiritu
2265 1223 2421 1275 misso
2463 1223 2527 1274 de
2567 1221 2708 1275 caelis
2749 1220 2800 1291 (I
2835 1217 2981 1273 Pelr.
3013 1236 3051 1283 ι,
3084 1217 3193 1288 12).
3241 1218 3306 1272 Et
3327 1217 3380 1271 in
3413 1216 3515 1271 Sa-

1922 1315 2144 1386 pientia,
2182 1331 2301 1384 qua:
2333 1314 2646 1368 inscribitur
2670 1312 2986 1373 Panaretus,
3018 1312 3084 1370 ab
3107 1311 3191 1364 his
3216 1310 3307 1381 qui
3331 1309 3513 1364 divina

1925 1409 2252 1462 charismata
2283 1407 2556 1462 consecuti
2589 1416 2736 1474 sunt,
2770 1422 2872 1458 vox
2905 1405 3105 1476 gratias
3132 1403 3242 1458 Deo
3271 1401 3512 1458 referens

1925 1501 2254 1555 destinatur:
2280 1499 2411 1565 Quw
2426 1509 2598 1552 autem
2622 1500 2677 1552 in
2703 1497 2841 1551 caelis
2865 1507 2985 1551 sunt
3012 1495 3127 1570 quis
3150 1490 3517 1562 investigabit?

1924 1594 2241 1649 voluntatem
2270 1604 2444 1648 autem
2491 1605 2637 1658 tuam
2682 1595 2798 1665 quis
2846 1594 3100 1663 cognovit,
3158 1591 3258 1646 nisi
3289 1587 3427 1662 quod
3457 1595 3516 1639 tu

1925 1689 2116 1744 dedisti
2145 1688 2488 1759 sapientiam,
2517 1698 2562 1740 et
2603 1677 2856 1758 Spiritum
2882 1697 3122 1740 sanctum
3151 1694 3299 1736 tuum
3327 1678 3518 1734 misisti

1925 1781 1988 1833 de
2018 1779 2256 1844 excelsis,
2288 1789 2334 1832 et
2365 1781 2439 1833 sic
2468 1789 2714 1834 correcta:
2733 1789 2854 1833 sunt
2877 1779 3073 1832 semin
3101 1791 3278 1831 eorum
3319 1774 3409 1846 qui
3429 1788 3520 1826 su-

221 1894 331 1932 non
364 1885 547 1930 tamen
575 1885 636 1929 ut
665 1874 1033 1931 substantivas
1053 1871 1242 1943 [aliqui
1268 1869 1411 1932 libri,
1435 1863 1811 1935 substantias],
1842 1849 1890 1921 Β
1915 1889 2009 1946 per
2043 1883 2236 1926 terram
2261 1883 2433 1937 erant,
2460 1883 2506 1926 et
2536 1871 2732 1944 placita
2764 1873 2858 1926 tibi
2897 1871 3066 1925 edocti
3116 1880 3238 1923 sunt
3284 1867 3522 1921 homines

222 1971 318 2025 sed
347 1977 406 2022 ut
445 1969 768 2024 accedentes
795 1985 806 2019 :
847 1973 1087 2019 creatam
1118 1978 1246 2017 vero
1278 1969 1524 2014 naturam
1571 1959 1624 2012 in
1655 1972 1816 2010 sensu

221 2063 474 2118 habitare
501 2060 833 2131 impossibile
860 2069 962 2114 est.
991 2059 1142 2125 Quod
1167 2058 1212 2114 si
1248 2071 1436 2109 verum
1479 2062 1581 2118 est,
1614 2062 1670 2106 et
1697 2052 1818 2121 Spi-

223 2159 364 2212 ritus
407 2163 651 2220 sanctus,
695 2155 897 2223 absque
945 2152 1052 2206 ulla
1101 2149 1452 2219 ambiguitate
1493 2147 1815 2208 subsistens,

223 2251 422 2303 animae
445 2257 530 2303 est
559 2247 831 2301 habitator
858 2253 911 2300 et
934 2244 1133 2308 cordis,
1166 2242 1295 2297 nulli
1321 2242 1542 2296 dubium
1563 2248 1661 2301 est,
1689 2239 1819 2307 quin

225 2356 352 2395 cum
384 2339 544 2393 Patre
574 2346 629 2392 et
657 2337 793 2392 Filio
819 2337 969 2392 credi
995 2335 1188 2390 debeat
1217 2336 1506 2389 increatus.
1539 2331 1614 2386 Ex
1643 2331 1822 2386 omni-

223 2434 329 2488 bus
365 2435 528 2504 igitur
551 2448 670 2503 qua:
691 2431 1008 2502 praecedens
1037 2444 1216 2484 sermo
1257 2428 1534 2488 disseruit,
1573 2427 1822 2480 incorru-

221 2527 433 2598 ptibilis
463 2535 514 2582 et
549 2527 912 2595 sempiternus
954 2523 1250 2579 secundum
1269 2529 1542 2575 maturam
1569 2518 1747 2572 Patris
1769 2525 1824 2572 et

223 2621 353 2676 Filii
384 2620 615 2690 Spiritus
660 2626 881 2675 sanctus
928 2619 1353 2679 demonstratae,
1405 2614 1717 2668 universam
1757 2612 1824 2666 de

225 2729 290 2768 se
317 2713 721 2782 ambiguitatem
779 2709 1020 2774 abstulit,
1072 2716 1129 2762 et
1174 2706 1542 2776 suspicionem
1591 2717 1657 2756 ne
1685 2717 1824 2756 unus

228 2807 300 2862 de
320 2805 520 2859 creatis
547 2804 868 2859 substantiis
895 2803 1240 2858 existimetur
1283 2800 1329 2853 is
1354 2798 1444 2868 qui
1477 2796 1700 2866 spiritus
1728 2795 1824 2850 Dei

225 2900 320 2964 sit,
352 2913 512 2968 quem
555 2898 707 2952 exire
755 2898 821 2951 de
865 2896 1026 2951 Patre
1071 2892 1372 2949 Salvatoris
1424 2891 1478 2944 in
1532 2887 1824 2958 Evangelia

226 2993 395 3047 verba
419 2992 716 3046 declarant.
737 2988 874 3044 Cum
893 2989 1104 3049 venerit,
1122 2988 1320 3056 inquit,
1335 2982 1649 3045 consolator,
1673 2998 1826 3054 quem

228 3100 321 3153 ego
349 3083 550 3136 mittam
579 3081 739 3146 vobis,
773 3078 1027 3151 Spiritum
1055 3079 1284 3132 veritatis
1305 3077 1394 3146 qui
1415 3076 1481 3128 de
1503 3072 1666 3127 Patre
1683 3088 1827 3142 egre-

227 3177 397 3239 ditur,
440 3175 549 3244 ipse
587 3173 937 3230 testimonium
981 3171 1126 3225 dabit
1161 3170 1226 3224 de
1257 3185 1338 3224 me
1377 3166 1562 3239 (Joan.
1591 3179 1684 3228 xv,
1708 3162 1821 3234 26).

222 3269 638 3324 Consolatorem
678 3275 859 3321 autem
909 3265 1215 3320 venientem
1266 3261 1528 3330 Spiritum
1573 3266 1822 3314 sanctum

211 3363 386 3427 dicit,
416 3364 484 3416 ab
521 3360 836 3432 Operatione
877 3359 927 3414 ei
956 3372 1152 3414 nomen
1206 3356 1508 3425 imponens,
1561 3352 1686 3421 quia
1716 3367 1824 3406 non

223 3455 407 3510 solum
438 3455 750 3510 consolatur
780 3467 874 3508 eos
913 3467 1049 3520 quos
1075 3465 1136 3505 se
1174 3449 1364 3518 dignos
1389 3459 1509 3502 esse
1538 3443 1822 3512 repererit,

225 3555 290 3603 et
321 3548 390 3602 ab
413 3548 560 3602 omni
599 3546 820 3600 tristitia
863 3554 918 3598 et
963 3541 1368 3613 perturbatione
1395 3537 1572 3592 reddit
1598 3534 1825 3598 alienos,

223 3654 423 3694 verum
454 3637 767 3691 incredibile
805 3634 1072 3703 quoddam
1121 3630 1374 3701 gaudium
1400 3641 1456 3683 et
1492 3626 1829 3682 hilaritatem

226 3730 311 3788 eis
344 3728 557 3791 tribuit,
591 3729 643 3781 in
673 3734 882 3781 tantum
911 3734 970 3778 ut
997 3724 1172 3793 possit
1197 3724 1336 3790 quis,
1370 3720 1479 3774 Deo
1503 3716 1709 3787 gratias
1740 3729 1827 3768 re-

227 3821 417 3878 ferens
445 3819 593 3888 quod
643 3816 735 3871 tali
780 3815 995 3885 hospite
1039 3814 1236 3884 dignus
1289 3811 1574 3872 habeatur,
1627 3806 1826 3872 dicere,

235 3912 438 3968 Dedisti
477 3910 717 3964 (rutilium
741 3909 797 3961 in
837 3907 996 3961 corde
1024 3922 1139 3958 meo
1183 3900 1354 3974 (Psal.
1383 3916 1456 3963 tv,
1493 3900 1566 3970 7).
1615 3897 1826 3966 Sempi-

235 4014 392 4059 terua
415 4002 609 4072 quippe
635 4000 818 4054 lautitia
850 3999 905 4053 in
952 4012 1138 4052 coriam
1185 3995 1349 4049 corde
1391 4001 1662 4053 versatur,
1694 4005 1827 4058 quo-

231 4114 360 4153 rum
382 4096 614 4168 Spiritus
637 4103 856 4156 sanctus
885 4092 1161 4146 habitator
1187 4095 1287 4142 est.
1317 4087 1420 4142 Iste
1443 4083 1677 4154 Spiritus
1697 4097 1827 4136 con-

233 4190 443 4246 solator
480 4206 509 4243 a
539 4188 677 4242 Filio
703 4186 977 4257 mittitur,
1005 4198 1114 4238 non
1159 4180 1456 4236 secundum
1488 4176 1822 4246 angelorum,

233 4293 294 4340 et
322 4284 729 4355 prophetarum,
780 4289 842 4334 et
892 4276 1260 4349 apostolorum
1293 4270 1680 4331 ministerium,
1733 4267 1827 4322 sed

233 4385 299 4431 ut
325 4375 466 4430 mitti
494 4376 649 4429 decet
683 4389 712 4426 a
744 4371 1007 4442 sapientia
1051 4376 1108 4423 et
1147 4366 1378 4422 veritate
1413 4362 1664 4432 spiritum
1707 4357 1823 4423 Dei,

236 4469 531 4524 indivisam
569 4467 854 4521 habentem
903 4479 1025 4518 cum
1053 4460 1242 4516 eadem
1297 4455 1560 4526 sapientia
1604 4460 1657 4507 et
1687 4449 1829 4505 veri-

233 4569 352 4615 tate
381 4558 563 4631 [aliqui
584 4557 727 4623 libri,
759 4572 880 4612 cum
906 4555 1066 4609 Patre
1087 4561 1142 4607 et
1190 4548 1348 4621 Filio]
1377 4544 1754 4603 substantiam.

476 4671 610 4727 item
639 4672 775 4725 idem
799 4673 853 4725 in
881 4671 1059 4723 eodem
1088 4668 1240 4731 libro,
1279 4674 1395 4736 post
1420 4679 1608 4734 pauca.

313 4767 466 4822 Licet
497 4767 638 4821 enim
659 4780 723 4818 ex
762 4765 872 4819 Deo
899 4762 1209 4831 frequenter
1231 4774 1290 4812 se
1323 4758 1467 4810 dicat
1505 4753 1686 4807 exisse
1711 4748 1829 4803 Sal-

235 4870 418 4924 vator,
445 4859 829 4929 proprietatem
857 4864 1056 4917 tamen,
1085 4861 1160 4916 et,
1189 4859 1247 4904 ut
1274 4851 1348 4903 ita
1372 4849 1570 4909 dicam,
1599 4841 1830 4896 familia-

232 4955 485 5017 :ritatem,
514 4954 579 5007 de
613 4967 716 5024 qua
747 4965 888 5020 saepe
918 4945 1290 5005 tractavimus,
1321 4957 1387 4995 ex
1431 4936 1692 4992 vocabulo
1717 4949 1831 4988 ma-

241 5046 326 5117 gis
365 5045 468 5100 sibi
491 5023 671 5098 Patris
695 5055 974 5097 assumens
1003 5039 1152 5101 dicit,
1190 5037 1301 5106 Ego
1334 5035 1388 5086 in
1433 5029 1612 5092 Patre,
1646 5036 1694 5081 et
1725 5023 1832 5078 Pa-

239 5149 324 5194 ter
365 5140 420 5192 in
467 5154 547 5191 me
597 5135 920 5209 (Joan.x1v,
955 5132 1064 5195 11),
1113 5143 1170 5184 et
1206 5128 1353 5191 alibi,
1411 5124 1521 5194 Ego
1571 5130 1618 5175 et
1672 5118 1834 5172 Pater

155 5277 158 5279 .
241 5248 409 5287 unum
436 5245 615 5285 suum
642 5227 823 5301 (Ioan.
857 5243 914 5290 x,
936 5224 1050 5294 50),
1083 5231 1138 5276 et
1161 5221 1327 5275 multa
1357 5218 1442 5272 his
1470 5213 1690 5277 similia,
1712 5226 1832 5281 qua:

235 5325 302 5380 in
350 5321 641 5395 Evangeﬁo
684 5321 988 5376 observans
1030 5316 1206 5370 lector
1245 5311 1502 5368 inveniet.
1558 5309 1665 5361 iste
1699 5319 1831 5375 ergo

241 5416 487 5487 Spiritus
529 5423 771 5479 sanctus,
820 5413 909 5482 qui
952 5409 1018 5464 de
1057 5407 1224 5461 Patre
1252 5405 1550 5475 egreditur,
1582 5401 1830 5468 testiﬁca—

243 5511 402 5570 bitur,
459 5509 636 5578 inquit
682 5507 958 5567 Dominus,
1004 5501 1066 5554 de
1095 5517 1178 5554 me
1205 5499 1387 5569 (Joan,
1419 5512 1508 5562 xv,
1536 5494 1651 5563 ‘26),
1682 5493 1834 5547 testi-

244 5604 491 5658 monium
535 5600 710 5655 simile
739 5598 920 5653 ferens
949 5595 997 5649 ei
1047 5592 1226 5647 Patris
1270 5590 1599 5650 testimonio,
1635 5587 1700 5641 de
1729 5601 1834 5654 quo

246 5697 345 5760 ait,
369 5696 723 5750 testimonium
751 5693 873 5746 dicit
903 5689 966 5743 de
989 5704 1066 5741 me
1081 5685 1168 5756 qui
1193 5702 1273 5738 me
1299 5683 1435 5735 misit
1471 5680 1631 5735 Pater
1653 5680 1830 5750 (Joan.

245 5800 370 5851 ml,
405 5787 513 5856 18).
547 5785 788 5838 Mittente
839 5790 1016 5835 autem
1065 5777 1204 5830 Filio
1261 5774 1521 5844 Spiritum
1570 5773 1834 5836 veritatis,

246 5891 417 5957 quem
439 5879 832 5962 consolatorem
857 5873 1088 5944 vocavit,
1125 5868 1294 5931 simul
1335 5868 1504 5926 mittit
1543 5877 1598 5924 et
1641 5869 1835 5925 Pater:

1919 1961 2073 2034 (Sap.
2110 1981 2183 2030 lx,
2221 1965 2325 2035 16).
2360 1963 2425 2016 Ει
2455 1962 2508 2016 in
2547 1962 2802 2032 praesenti
2834 1960 3102 2031 siquidem
3129 1957 3380 2020 lectione,
3408 1969 3518 2008 non

1919 2057 2030 2112 sola
2062 2057 2327 2128 sapientia
2358 2056 2474 2120 Dei,
2518 2056 2572 2120 id
2606 2063 2690 2109 est
2718 2053 3028 2124 unigenitus
3048 2049 3217 2106 Filius
3245 2049 3382 2122 ejus,
3425 2046 3520 2102 da-

1919 2162 2008 2208 tur
2033 2169 2063 2207 a
2094 2153 2272 2214 Patre,
2302 2153 2396 2207 sed
2427 2159 2481 2206 ct
2519 2149 2754 2220 Spiritus
2783 2156 3005 2204 sanctus
3037 2145 3290 2200 mittitur.
3320 2141 3378 2206 In
3401 2140 3520 2211 ipso

1921 2260 2136 2316 quoque
2162 2244 2455 2312 Evangelio
2487 2242 2605 2296 dari
2633 2241 2958 2310 praedicatur
2989 2253 3020 2292 a
3067 2235 3251 2300 Patre,
3279 2241 3334 2288 et
3376 2230 3520 2286 mitti

1923 2337 2158 2408 Spiritus
2182 2345 2422 2402 sanctus,
2458 2334 2738 2390 Salvatore
2771 2334 3018 2388 dicente:
3069 2329 3137 2382 Et
3183 2345 3276 2399 ego
3320 2322 3516 2396 rogabo

1922 2425 2142 2482 Patrem
2187 2445 2377 2494 meum,
2423 2437 2472 2481 et
2513 2426 2678 2481 alium
2729 2423 3062 2478 Paraclitum
3096 2421 3240 2482 dabit
3271 2418 3432 2484 vobis,
3460 2423 3518 2478 ut

1921 2524 1992 2578 sit
2016 2521 2280 2576 vobiscum
2302 2522 2355 2575 iu
2380 2530 2654 2584 a'ternum,
2677 2518 2919 2589 spiritum
2941 2515 3173 2569 veritatis
3197 2510 3378 2584 (Joan.
3405 2523 3518 2576 xiv,

1927 2614 2051 2688 46);
2087 2613 2406 2669 Clitarum:
2455 2608 2759 2676 Paraclitus
2804 2617 2979 2664 autem
3009 2605 3241 2675 Spiritus
3282 2610 3516 2670 sanctus,

1923 2725 2076 2780 quem
2119 2708 2286 2760 mittet
2329 2701 2494 2759 Pater
2520 2705 2577 2758 in
2626 2703 2836 2758 nomine
2883 2716 3019 2765 meo,
3067 2697 3157 2754 ille
3195 2714 3282 2758 vos
3313 2693 3517 2759 docebit

1926 2805 2102 2852 omnia
2138 2795 2300 2866 (Ibid.
2332 2811 2386 2860 v,
2409 2794 2520 2864 26).
2546 2793 2682 2852 Nam
2711 2793 2847 2848 ct'in
2872 2791 2957 2854 his
2986 2786 3329 2853 sermonibus
3350 2784 3515 2838 alium

1925 2891 2253 2954 Paraclitum
2285 2890 2414 2943 dare
2438 2889 2638 2942 dicitur
2677 2884 2858 2950 Pater,
2901 2899 3008 2939 non
3035 2888 3219 2940 autem
3253 2877 3421 2942 alium
3447 2877 3516 2931 ab

1926 3000 1992 3039 eo
2022 2984 2111 3054 qui
2137 2999 2167 3037 a
2196 2981 2332 3038 Filio
2362 2982 2618 3047 mittitur,
2666 2977 2960 3037 secundum
2990 2974 3140 3038 illud,
3182 2968 3313 3025 Cum
3342 2977 3518 3032 autem

1927 3078 2120 3132 venerit
2169 3074 2255 3129 ille
2300 3070 2627 3140 Paraclitus,
2675 3088 2827 3144 quem
2857 3070 3062 3124 mittam
3101 3063 3239 3119 vobis
3269 3079 3300 3126 α
3334 3059 3518 3121 Patre.

1931 3169 2189 3240 Spiritum
2228 3166 2458 3222 veritatis
2488 3164 2669 3236 (Joan,
2700 3177 2793 3228 xv,
2824 3160 2936 3230 26),
2981 3171 3140 3228 quem
3171 3153 3334 3209 alium
3362 3161 3521 3222 para-

1929 3261 2115 3315 clitum
2166 3255 2485 3322 nominavit,
2527 3271 2634 3310 non
2680 3254 2836 3326 juxta
2873 3259 3082 3305 naturae
3133 3241 3516 3308 dillerentiam,

1928 3352 2023 3406 sed
2040 3352 2194 3422 juxta
2217 3348 2546 3422 operationis
2572 3345 2959 3410 diversitatem.

2001 3486 2137 3540 Item
2160 3485 2298 3538 idem
2327 3486 2384 3538 in
2416 3483 2592 3537 eodem
2629 3497 2783 3552 apere
2807 3478 2947 3548 (Lib.
2976 3475 3060 3548 ιι),
3103 3481 3217 3544 post
3241 3487 3432 3542 pauca.

2004 3599 2140 3665 Quia
2170 3614 2300 3668 ergo
2323 3595 2559 3664 Spiritus
2583 3600 2803 3648 sanctus
2830 3591 2883 3644 in
2912 3589 3132 3644 nomine
3160 3585 3282 3640 Filii
3307 3581 3520 3637 a-Patre

1931 3693 2201 3756 mittitur,
2244 3690 2450 3743 habens
2479 3686 2601 3740 Filii
2634 3683 3019 3755 proprietatem
3055 3678 3353 3734 secundum
3377 3671 3522 3743 quod

1930 3786 2074 3840 Deus
2122 3792 2227 3850 est,
2275 3797 2381 3836 non
2414 3791 2590 3834 tamen
2645 3777 2948 3840 ﬁlie'tatem,
2983 3782 3042 3827 ut
3087 3771 3227 3826 ﬁlius
3270 3769 3392 3840 ejus
3426 3767 3517 3832 sit,

1930 3876 2173 3932 ostendit
2202 3889 2310 3943 qua
2349 3871 2560 3928 unitate
2588 3869 2657 3923 sit
2689 3867 2913 3946 junctus
2933 3863 2999 3918 ad
3035 3863 3264 3926 Filium;
3295 3858 3438 3913 unde
3465 3862 3523 3912 et

1927 3969 2052 4024 Filii
2084 3969 2266 4023 dictus
2292 3973 2375 4021 est
2405 3963 2650 4034 spiritus,
2682 3976 2780 4031 per
2812 3957 3158 4028 adoptionem
3186 3967 3336 4009 suam
3379 3949 3520 4003 filios

1926 4063 2134 4118 faciens
2181 4076 2276 4115 eos
2303 4058 2396 4132 qui
2441 4073 2499 4112 se
2540 4056 2781 4124 recipere
2826 4035 3148 4114 voluissent.
3194 4045 3330 4109 Quia
3381 4041 3518 4095 enim

1927 4154 2070 4218 estis,
2109 4151 2305 4221 inquit,
2349 4147 2448 4219 filii
2473 4147 2591 4214 Dei,
2642 4144 2781 4198 misit
2813 4139 2976 4194 Pater
2996 4139 3239 4208 spiritum
3269 4132 3398 4186 Filii
3435 4131 3519 4184 sui

1927 4246 1983 4299 in
2009 4242 2167 4298 corda
2205 4251 2393 4305 vestra,
2444 4239 2756 4292 clamantem
2785 4234 2918 4288 abba
2958 4231 3122 4283 Pater
3150 4225 3292 4298 (Gal.
3329 4240 3406 4288 1v,
3439 4223 3514 4293 6).

1930 4335 2035 4390 Istc
2055 4341 2234 4386 autem
2265 4330 2505 4400 Spiritus
2532 4335 2772 4390 sanctus,
2799 4325 2889 4392 qui
2915 4325 3062 4376 venit
3082 4320 3134 4374 in
3163 4317 3376 4373 nomine
3395 4315 3517 4369 Filii

1930 4428 2132 4483 missus
2164 4441 2193 4478 a
2221 4423 2383 4478 Patre
2407 4419 2624 4475 docebit
2643 4417 2823 4472 omnia
2849 4431 2942 4470 eos
2967 4413 3058 4486 qui
3088 4413 3141 4468 in
3172 4410 3276 4465 ﬁde
3309 4406 3512 4463 Christi

1931 4519 2157 4592 perfecti
2190 4526 2336 4572 sunt.
2369 4513 2562 4570 Omnia
2594 4520 2772 4566 autem
2807 4508 2895 4564 illa
2928 4521 3045 4578 quae
3086 4501 3351 4575 spiritalia
3393 4505 3519 4554 sunt

1933 4622 1988 4668 et
2017 4608 2418 4672 intellectualis,
2450 4615 2504 4661 et
2533 4613 2591 4660 ut
2621 4603 2860 4658 breviter
2889 4600 3143 4656 universa
3170 4593 3515 4658 conchulam,

1928 4704 2109 4758 omnia
2155 4700 2401 4755 veritatis
2453 4706 2508 4751 et
2561 4695 2838 4766 sapientia:
2880 4696 3239 4746 sacramenta.
3290 4684 3519 4740 Docebit

1930 4811 2082 4862 vero,
2111 4810 2213 4848 non
2239 4792 2391 4864 quasi
2418 4790 2606 4844 doctor
2634 4796 2688 4842 et
2722 4785 2978 4856 magister
3013 4779 3328 4850 disciplinae,
3355 4789 3518 4845 quam

1929 4887 2151 4950 aliunde
2191 4894 2275 4940 est
2317 4888 2686 4937 consecutus:
2719 4877 2762 4931 si
2795 4873 3012 4943 quidem
3051 4871 3154 4926 hoc
3194 4882 3383 4924 eorum
3412 4873 3515 4928 est,

1931 4981 2022 5051 qui
2054 4977 2371 5047 sapientiam
2403 4981 2459 5027 et
2492 4982 2638 5025 artes
2684 4968 2893 5037 aliquas
2931 4964 3194 5019 industria
3235 4960 3518 5024 studioque

1932 5072 2209 5128 didicere:
2237 5067 2331 5122 sed
2359 5063 2514 5135 quasi
2546 5062 2659 5131 ipse
2700 5073 2788 5112 ars
2832 5064 2994 5128 atque
3022 5051 3285 5111 doctrina,
3335 5055 3390 5100 et
3429 5059 3517 5098 sa-

1929 5164 2149 5236 pientiae
2175 5159 2527 5226 veritatisque
2552 5155 2798 5225 spiritus,
2824 5147 3168 5206 invisibiliter
3191 5138 3360 5196 menti
3384 5136 3490 5190 insi

1925 5247 2105 5320 nuans
2134 5253 2417 5310 scientiam
2448 5249 2773 5305 divinorum.

2002 5375 2136 5432 Item
2171 5371 2310 5426 idem
2343 5372 2399 5426 in
2439 5367 2618 5424 eodem
2643 5380 2793 5437 opere
2814 5359 2952 5431 (Lib.
2985 5354 3071 5425 ιι),
3109 5356 3224 5422 post
3253 5363 3441 5419 pauca,

2003 5490 2209 5544 Deinde
2231 5483 2734 5557 interpretationem
2761 5473 3001 5530 inferens
3034 5465 3307 5539 quomodo
3339 5464 3513 5520 dixis-

1923 5594 2037 5647 set,
2071 5583 2133 5636 de
2177 5597 2290 5634 meo
2319 5577 2556 5648 accipiet,
2589 5570 2836 5643 protinus
2875 5559 3108 5629 subjecit
3135 5577 3148 5613 :
3173 5557 3370 5617 Omnia
3394 5571 3514 5626 qum

1936 5678 2084 5731 habet
2113 5673 2275 5726 Pater
2301 5685 2416 5722 mea
2455 5673 2574 5719 sunt
2605 5679 2621 5715 :
2651 5667 2922 5731 propterea
2955 5654 3086 5716 dixi,
3117 5653 3180 5706 de
3225 5666 3340 5709 meo
3378 5647 3518 5706 ecci-

1932 5771 2037 5841 piet
2075 5777 2122 5820 et
2170 5757 2502 5816 annuntiabit
2539 5754 2682 5806 vobis
2711 5748 2891 5824 (loco.
2946 5765 3059 5813 κει,
3108 5746 3217 5815 l5).
3269 5740 3514 5837 Quodam

1938 5825 2098 5919 modo
2123 5855 2377 5926 loquens,
2406 5846 2560 5906 licet
2581 5860 2622 5906 ι
2661 5844 2826 5909 Patre
2848 5839 3109 5916 procedat
3121 5834 3352 5910 spirans
3377 5825 3519 5887 veri-
