4046 6452
561 394 670 455 255

1567 395 1962 454 THEODULFI
2000 391 2558 454 AURELIANENSIS
2597 391 2808 448 EPlSC.

3735 387 3848 448 Ξειι

566 513 716 576 tatis,
746 519 800 567 et
829 512 918 567 det
939 510 1082 566 Deus
1123 505 1388 578 Spiritum
1436 519 1682 564 sanctum
1719 510 2029 581 petentibus
2054 525 2132 572 se,
2165 511 2215 570 Α
2242 522 2346 561 non
2376 506 2540 570 dicat,
2573 507 2678 561 nisi
2712 507 2882 561 Deum‘
2904 503 3122 558 Patrem
3159 506 3282 559 esse
3310 503 3635 572 Salvatoris,
3664 517 3724 563 et
3755 508 3845 566 Fi-

566 614 746 660 tameu
775 605 903 674 quia
925 603 1106 658 omnia
1128 617 1248 671 quas
1274 603 1434 656 habet
1451 602 1611 656 Pater
1637 619 1755 657 mea
1791 613 1940 666 sunt,
1965 613 2018 657 et
2041 603 2142 657 iste

566 698 682 768 ipse
727 696 948 765 spiritus
976 695 1154 749 Patris
1189 709 1339 748 meus
1381 704 1484 758 est,
1530 704 1586 749 et
1631 694 1695 748 de
1734 710 1854 749 meo
1891 695 2140 762 accipiet.

566 789 708 843 Cave
729 795 932 852 autem,
960 801 1082 840 cum
1112 785 1215 839 ista
1242 785 1516 852 dicuntur,
1547 801 1616 842 ne
1642 801 1809 855 prava
1841 785 2146 856 intelligen-

567 887 640 941 tia
678 885 878 939 labaris
911 884 963 939 in
1008 885 1218 948 vitium,
1245 893 1300 938 et
1326 892 1480 953 putes
1509 896 1622 938 rem
1657 897 1778 938 esse
1823 882 2058 950 aliquam
2092 890 2148 935 et

566 976 990 1048 possessionem,
1021 991 1143 1045 qua:
1169 991 1198 1028 a
1235 974 1393 1028 Patre
1439 973 1704 1028 habeatur
1745 989 1809 1028 ac
1854 973 2010 1027 Filio.
2048 970 2148 1025 Vc-

569 1086 714 1132 rum,
758 1084 877 1138 qua:
925 1069 1092 1123 habet
1129 1067 1289 1121 Pater
1332 1064 1492 1134 juxta
1542 1066 1922 1127 substantiam,
1970 1064 2022 1118 id
2065 1074 2150 1118 est

567 1163 951 1226 aeternitatem,
992 1159 1511 1224 immutabilitatem,
1537 1159 2016 1228 incorruptionem,
2051 1156 2149 1210 im-

568 1254 978 1318 mortalitatem,
1027 1254 1321 1309 bonitatem
1361 1253 1429 1307 de
1466 1267 1524 1306 se
1562 1263 1613 1306 et
1652 1253 1705 1305 in
1751 1266 1809 1305 se
1853 1250 2151 1304 subsisten-

570 1356 700 1411 tem,
732 1347 847 1402 hzec
871 1349 1056 1402 eadem
1084 1348 1247 1402 habet
1271 1354 1327 1400 et
1359 1345 1528 1400 Filius
1553 1365 1564 1398 :
1591 1355 1644 1399 et
1670 1353 1728 1398 ut
1754 1345 1873 1414 plus
1895 1342 2148 1409 inferam,

568 1437 828 1507 quidqui!
876 1437 1043 1492 Filius
1092 1438 1205 1507 ipse
1254 1436 1518 1500 subsistit,
1561 1445 1615 1491 et
1654 1451 1988 1507 quzecunque
2025 1445 2153 1489 sunt

566 1529 713 1595 Filii,
753 1531 869 1586 haec
889 1531 1077 1585 eadem
1109 1529 1271 1585 habet
1301 1538 1358 1585 et
1393 1531 1572 1585 Pater.

669 1622 804 1677 Item
831 1623 969 1676 idem
1004 1623 1061 1676 in
1099 1622 1280 1676 eodem
1311 1638 1462 1693 opere
1486 1621 1624 1693 (Lib.
1658 1636 1698 1675 ιι
1729 1621 1824 1674 sub
1846 1619 2048 1691 ﬁnem).

641 1716 746 1771 Vos
778 1726 975 1782 autem,
997 1716 1092 1780 ait,
1123 1716 1264 1770 haud
1291 1715 1511 1770 dubium
1540 1717 1666 1784 quin
1690 1715 1967 1785 discipulis
1991 1713 2149 1768 Chri-

566 1808 654 1869 sti,
699 1808 790 1877 qui
820 1808 1140 1877 sapientiam
1173 1807 1408 1877 Spiritus
1442 1773 1776 1876 suscepistis,
1807 1773 1863 1859 et
1901 1805 2065 1859 vitam
2099 1814 2154 1860 et
2181 1871 2218 1878 _
2253 1775 2481 1878 θίίξτίίξδῗ
2537 1773 2645 1878 ulla
2695 1773 2984 1878 necf“?
3015 1774 3136 1826 est?
3178 1773 3323 1878 Ἑξυίά,

2181 1871 2226 1931 Β
2253 1865 2615 1934 principium?
2639 1864 3074 1934 quandoquidem
3105 1864 3362 1933 quidquid
3390 1873 3516 1919 ante
3541 1876 3708 1929 esset,
3741 1866 3848 1921 hoc

566 1916 779 1971 pacem,
814 1917 918 1953 non
954 1901 1078 1954 estis
1120 1900 1176 1952 in
1225 1916 1380 1953 carne
1405 1898 1582 1970 (Rom.
1613 1913 1730 1962 vni,
1764 1897 1840 1969 9),
1879 1897 1930 1951 id
1972 1906 2054 1951 est
2096 1898 2151 1951 in

568 1993 750 2046 carnis
787 1990 1062 2061 operibus,
1090 2007 1264 2060 neque
1293 1990 1436 2044 enim
1464 1988 1582 2058 ejus
1607 2005 1772 2059 opera
1800 1990 2147 2059 perpetratis,

568 2084 831 2154 siquidem
861 2085 1108 2154 spiritum
1149 2084 1241 2138 Dei
1272 2083 1483 2138 habetis
1511 2084 1565 2136 in
1595 2083 1765 2137 vobis.
1793 2082 1940 2137 ldem
1971 2093 2149 2136 autem

567 2174 793 2246 spiritus
818 2176 914 2230 Dei
947 2183 1002 2230 et
1040 2176 1263 2246 spiritus
1287 2174 1488 2229 Christi
1533 2182 1636 2239 est,
1669 2174 1944 2228 adducens
1972 2184 2026 2227 et
2069 2187 2154 2228 co-

567 2264 761 2336 pulans
800 2281 922 2321 eum
955 2267 1049 2335 qui
1091 2281 1150 2320 se
1197 2265 1450 2319 habuerit
1477 2265 1706 2320 Domino
1739 2262 1864 2318 Jesu
1893 2262 2148 2326 Christo;

567 2357 712 2412 unde
741 2359 794 2412 in
825 2358 1176 2427 sequentibus
1205 2357 1465 2411 scribitur
1492 2375 1504 2409 :
1537 2356 1598 2410 Si
1636 2356 1752 2426 quis
1795 2365 1968 2410 autem
1997 2355 2154 2424 spiri-

567 2453 678 2516 tum
701 2443 900 2500 Christi
926 2436 1030 2500 non
1059 2446 1234 2510 habet,
1262 2447 1347 2500 hic
1387 2463 1489 2500 non
1530 2456 1604 2500 est
1630 2446 1744 2515 ejus
1773 2444 1983 2517 (Ibid)
2015 2444 2154 2499 Rur-

568 2551 686 2590 sum
731 2536 786 2590 in
821 2537 1074 2606 praesenti
1121 2536 1380 2591 discimus
1412 2538 1754 2600 societatem,
1784 2551 1946 2605 quam
1990 2521 2153 2591 habet

570 2625 806 2698 Spiritus
833 2639 1054 2684 sanctus
1079 2630 1146 2683 ad
1176 2629 1452 2684 Christum
1477 2638 1532 2684 et
1560 2630 1628 2685 ad
1660 2630 1848 2685 Deum.
1878 2630 1983 2685 Sed
2014 2640 2069 2684 et
2099 2631 2152 2683 in

567 2716 792 2788 epistola
839 2719 984 2773 Petri
1027 2719 1263 2788 Spiritus
1303 2729 1524 2774 sanctus
1549 2735 1668 2775 esse
1696 2720 1898 2775 Christi
1932 2720 2153 2790 spiritus

568 2814 974 2884 comprobatur,
1014 2811 1342 2880 Scrutantes,
1376 2814 1570 2884 inquit,
1599 2825 1646 2868 et
1697 2815 2047 2885 exquirentes,
2098 2812 2153 2867 id

568 2913 652 2960 est
674 2906 951 2976 propheta:
985 2905 1051 2960 de
1078 2907 1272 2974 quibus
1297 2907 1347 2960 ei
1391 2905 1568 2961 fuerat
1595 2922 1775 2961 sermo
1791 2907 2069 2976 superior,
2096 2908 2151 2960 in

567 2997 708 3069 quod
739 3007 829 3050 aut
857 2996 1010 3067 quale
1042 3007 1243 3068 tempus
1274 2998 1605 3069 signiﬁcabat
1636 3000 1680 3052 is
1706 3000 1796 3069 qui
1827 2999 1881 3052 in
1935 2999 2008 3052 eis
2040 3007 2152 3052 erat

569 3087 784 3157 spiritus
818 3086 1037 3152 Christi,
1066 3088 1352 3156 testiﬁcans
1379 3091 1433 3142 in
1459 3087 1669 3144 Christo
1698 3091 1988 3159 passiones,
2019 3101 2065 3143 et
2091 3107 2152 3144 ea

567 3197 685 3250 qua:
705 3190 818 3251 post
849 3191 997 3234 erant
1024 3192 1267 3236 secutura
1305 3182 1532 3247 decreta,
1565 3184 1621 3236 in
1654 3183 1840 3252 quibus
1870 3183 2150 3237 revelatum

555 3281 665 3344 (est,
689 3271 811 3342 quia
838 3289 941 3326 non
960 3272 1077 3338 sibi,
1101 3274 1192 3328 sed
1222 3273 1367 3328 nobis
1396 3274 1760 3327 ministrabant
1785 3291 1845 3328 ea
1870 3292 1988 3345 qua:
2015 3292 2152 3330 nunc

569 3368 886 3420 annuntiata
921 3377 1042 3421 sunt
1087 3367 1225 3423 vobis
1268 3355 1372 3438 per.
1395 3365 1651 3437 Spiritum
1676 3377 1913 3421 sanctum
1947 3367 1996 3440 (I
2034 3366 2152 3422 Pet.

547 3455 608 3525 ‘t,
641 3459 753 3532 Η).
783 3460 887 3515 Ιειε
918 3470 1101 3516 autem
1125 3459 1360 3530 Spiritus
1389 3470 1612 3515 sanctus
1642 3461 1817 3516 dictus
1841 3470 1925 3516 est
1951 3470 2006 3516 et
2041 3462 2155 3532 spi-

565 3557 706 3610 ritus
747 3556 841 3610 Dei
892 3572 998 3611 non
1031 3556 1083 3609 in
1120 3555 1368 3626 praesenti
1401 3562 1609 3610 tantum
1651 3570 1921 3618 sermone,
1964 3556 2058 3609 sed
2101 3563 2158 3610 et

566 3647 619 3702 in
644 3648 769 3702 aliis
794 3647 928 3702 locis
958 3645 1394 3717 quampluritnis,
1427 3654 1489 3700 ut
1523 3645 1597 3700 ibi
1625 3645 1739 3698 :Ea
1767 3662 1884 3714 quis
1909 3645 2007 3698 Dei
2034 3655 2154 3718 sunt

565 3755 715 3792 nemo
743 3739 882 3791 novit
934 3737 1034 3790 nisi
1074 3737 1289 3806 spiritus
1336 3735 1429 3789 Dei
1460 3734 1512 3806 (Ι
1541 3733 1664 3789 Cor.
1701 3751 1761 3800 ιι,
1806 3734 1916 3805 Η).
1953 3735 2154 3789 Deinde

567 3828 814 3896 sequitur
843 3836 965 3897 post
1000 3828 1122 3891 hoc,
1148 3827 1290 3896 quod
1322 3827 1398 3879 ait.
1423 3844 1438 3880 :
1474 3825 1534 3880 Si
1559 3828 1676 3896 quis
1706 3837 1880 3879 autem
1905 3827 2153 3894 spiritum

542 3901 765 3984 TChristi
809 3931 911 3968 non
947 3915 1116 3978 habet,
1146 3917 1228 3968 hic
1252 3932 1355 3968 non
1395 3924 1469 3968 est
1499 3916 1614 3984 ejus
1639 3915 1815 3984 (Rom.
1848 3931 1962 3979 vm,
1993 3916 2068 3987 9),
2098 3925 2154 3972 ει

567 4003 818 4069 infertur,
864 4004 908 4057 si
949 4014 1124 4057 autem
1168 4001 1407 4057 Christus
1452 4005 1504 4057 iu
1536 4005 1698 4069 vobis,
1721 4014 1776 4059 et
1820 4005 2151 4061 manifestis-

567 4093 704 4148 sime
731 4094 1139 4148 demonstratur
1158 4093 1572 4163 inseparabilem
1597 4108 1717 4149 esse
1747 4093 2010 4165 Spiritum
2032 4113 2154 4152 san-

564 4193 709 4238 ctum
758 4199 788 4237 a
833 4183 1072 4247 Christo,
1119 4183 1244 4252 quia
1302 4182 1609 4254 ubicunque
1651 4183 1885 4255 Spiritus
1933 4195 2152 4242 sanctus

565 4273 753 4340 fuerit,
803 4274 876 4330 ibi
919 4283 976 4328 et
1009 4273 1256 4329 Christus
1284 4283 1387 4338 est,
1441 4285 1498 4329 et
1547 4277 1902 4348 undecunque
1947 4277 2150 4334 Christi

565 4370 786 4437 spiritus
825 4370 1157 4434 discesserit,
1185 4369 1308 4423 inde
1335 4370 1538 4438 pariter
1563 4371 1765 4424 recedit
1793 4380 1848 4424 et
1877 4370 2145 4427 Christus.

543 4449 628 4512 'Si
656 4458 774 4527 quis
825 4460 959 4510 enim
993 4459 1236 4526 spiritum
1272 4456 1468 4512 Christi
1496 4476 1600 4513 non
1628 4460 1802 4524 habet,
1833 4461 1917 4514 hic
1949 4478 2051 4516 non
2075 4471 2150 4517 est

566 4549 680 4618 ejus
708 4563 724 4599 :
757 4549 841 4602 cui
873 4549 1163 4617 conjuncto
1186 4550 1229 4602 si
1255 4551 1375 4618 quis
1415 4553 1747 4606 contrarium
1779 4564 2039 4616 assumat,
2070 4553 2152 4607 di-

564 4654 692 4693 cere
712 4645 889 4708 potest
915 4657 925 4690 :
954 4637 1010 4691 Si
1041 4640 1161 4707 quis
1183 4639 1340 4696 Chris
1368 4641 1384 4694 i
1411 4651 1514 4706 est,
1542 4643 1614 4695 ita
1644 4652 1703 4696 ut
1726 4642 1975 4698 Christus
2004 4643 2058 4696 in
2086 4659 2152 4699 eo

539 4729 655 4792 .sit,
687 4729 740 4783 iu
785 4731 885 4784 hoc
925 4731 1148 4801 spiritus
1179 4733 1272 4786 Dei
1321 4743 1422 4788 est.
1469 4733 1581 4788 Hoc
1615 4745 1795 4787 autem
1822 4734 1964 4788 idem
1995 4742 2051 4787 et
2085 4735 2152 4788 de

567 4819 679 4875 Deo
703 4821 866 4877 Patre
897 4823 1148 4878 similiter
1189 4828 1578 4895 usurpandum.
1623 4825 1679 4879 Si
1728 4825 1852 4894 quis
1898 4825 2148 4894 spiritum

565 4912 660 4966 Dei
691 4928 796 4966 non
829 4912 1010 4978 habet,
1037 4915 1137 4970 iste
1167 4932 1273 4970 non
1301 4926 1383 4970 est
1410 4914 1545 4984 ejus.
1577 4910 1675 4970 Cui
1700 4931 1911 4970 rursum
1933 4925 2151 4972 contra-

563 5003 706 5057 rium
735 5005 859 5073 quis
886 5015 1127 5060 assumet
1167 5007 1371 5062 dicens.
1414 5007 1470 5063 Si
1515 5008 1637 5078 quis
1684 5008 1778 5062 Dei
1808 5019 1910 5075 est,
1945 5010 1997 5064 in
2046 5010 2151 5066 hoc

563 5095 788 5164 spiritus
826 5095 920 5150 Dei
950 5107 1068 5162 est;
1101 5101 1240 5154 unde
1269 5101 1524 5155 scribitur
1553 5118 1565 5153 :
1599 5099 1828 5156 Nescitis
1861 5104 1986 5174 quia
2018 5114 2151 5159 tem-

562 5189 708 5260 plum
729 5190 828 5245 Dei
853 5193 998 5258 estis,
1026 5211 1052 5248 e
1101 5196 1316 5264 spiritus
1338 5193 1436 5248 Dei
1461 5196 1661 5249 habitat
1693 5197 1747 5252 in
1775 5199 1913 5252 vobis
1937 5198 1987 5270 (1
2021 5198 2146 5253 Cor.

563 5295 647 5345 ιιι,
683 5282 813 5354 t6)?
841 5283 907 5338 Et
933 5285 986 5339 in
1015 5283 1239 5341 Joannis
1274 5285 1536 5355 Epistola,
1571 5288 1624 5341 in
1665 5290 1766 5344 hoc
1802 5291 2150 5360 cognoscitur

565 5373 708 5429 Deus
740 5377 994 5434 habitans
1028 5379 1078 5432 in
1128 5379 1472 5449 quibusdam,
1520 5396 1643 5433 cum
1673 5384 1935 5436 manserit
1985 5383 2035 5436 iu
2068 5382 2148 5436 eis

545 5465 788 5536 éspiritus
816 5485 975 5539 quem
1003 5472 1150 5527 dedit
1179 5473 1280 5526 eis.
1313 5471 1392 5526 Ex
1417 5472 1612 5541 quibus
1633 5473 1886 5528 omnibus
1913 5475 2146 5528 indisso-

566 5557 778 5616 ciabilis
814 5570 869 5617 et
907 5563 1197 5618 indiscreta
1245 5563 1532 5618 Trinitatis
1577 5563 1878 5618 substantia
1921 5565 2146 5620 demon-

569 5656 795 5716 stratur.

563 5739 702 5797 Item
723 5745 860 5798 idem
881 5748 935 5799 in
957 5747 1137 5801 eodem
1153 5766 1306 5819 opere
1331 5748 1468 5822 (Lib.
1490 5766 1547 5803 ιιι
1573 5750 1627 5803 in
1642 5749 1794 5820 fine),
1817 5758 1930 5820 post
1952 5766 2141 5820 pauca.

635 5833 772 5897 Cum
798 5839 964 5910 igitur
993 5850 1180 5902 sancta
1212 5842 1496 5916 Scriptura
1521 5844 1754 5904 amplius
1775 5844 1843 5900 de
1881 5843 2148 5901 Trinitate

2177 4595 2230 4654 D

2245 594 2373 650 lium
2405 606 2718 665 generatum
2744 611 2862 650 esse
2890 611 2919 648 a
2946 595 3127 660 Patre,
3151 595 3254 650 hoc
3277 599 3656 654 tantummodo
3679 601 3847 656 debe-

2245 705 2368 746 mus
2397 691 2602 745 sentire
2627 690 2769 760 quod
2793 689 3056 758 scriptum
3084 697 3190 753 est,
3217 696 3270 743 et
3297 697 3517 745 ostenso
3545 693 3689 761 quod
3726 692 3852 764 Spi-

2247 787 2385 840 ritus
2415 791 2637 836 sanctus
2669 783 2942 835 increatus
2972 781 3073 845 sit,
3115 790 3516 850 consequenter
3546 783 3876 854 intelligere-

2251 875 2392 945 quod
2432 872 2584 942 cujus
2633 888 2740 926 non
2774 882 2859 926 est
2907 881 3092 924 creata
3127 873 3454 934 substantia,
3493 883 3643 927 recte
3697 873 3846 929 Patri

2216 966 2492 1054 .Filioque
2537 965 2792 1019 societur.
2825 962 3120 1033 Hagcjuxta
3162 963 3362 1031 eloquii
3408 965 3581 1018 nostri
3613 979 3847 1034 pauper-

2250 1069 2416 1113 tatem
2443 1059 2494 1112 in
2522 1057 2775 1126 praesenti
2804 1056 2948 1110 dicta
2977 1053 3265 1110 sufﬁciant.

2249 1174 2591 1245 Augustinus,
2628 1171 2774 1245 quod
2819 1169 3044 1240 Spiritus
3077 1180 3288 1245 sanctus
3335 1187 3367 1223 a
3406 1167 3570 1245 Patre
3607 1169 3848 1245 Filioque

2318 1241 2588 1316 procedat,
2621 1241 2834 1316 injibro
2865 1257 3016 1312 quem
3043 1241 3250 1316 scripsit
3279 1252 3461 1316 contra
3489 1241 3848 1316 Maximinum

2320 1311 2623 1368 harreticum
2650 1311 2788 1380 (Lib.
2822 1311 2904 1375 ιιι,
2945 1328 3060 1381 cap.
3098 1312 3182 1374 17,
3213 1311 3270 1365 in
3301 1312 3452 1381 ﬁne),
3481 1312 3558 1365 sic
3583 1322 3658 1365 ait
3686 1327 3706 1363 :

2324 1403 2574 1474 Magnum
2600 1403 2802 1472 aliquid
2837 1417 2967 1457 sane
3003 1403 3096 1456 tibi
3127 1403 3307 1457 dicere
3342 1403 3567 1468 videris,
3603 1403 3733 1472 quia
3761 1403 3845 1458 di-

2251 1498 2352 1561 cis,
2387 1497 2556 1551 Filius
2586 1506 2705 1550 erat
2732 1485 2784 1550 iu
2818 1496 3082 1566 principio
3121 1505 3410 1565 antequam
3442 1495 3645 1566 aliquid
3671 1506 3842 1563 esset,

2236 1590 2419 1659 .Pater
2457 1605 2587 1644 vero
2613 1597 2739 1643 ante
2783 1588 3126 1657 principium.
3160 1587 3260 1642 Ubi
3299 1587 3478 1657 legisti
3507 1597 3567 1641 ut
3597 1589 3700 1642 hoc
3728 1603 3851 1642 cre-

2253 1681 2449 1736 deres?
2474 1681 2618 1734 unde
2647 1680 3040 1750 praesumpsisti
3069 1687 3130 1733 ut
3149 1681 3251 1734 hoc
3279 1680 3489 1735 diceres
3515 1681 3604 1735 ubi
3636 1696 3740 1736 nec
3757 1697 3852 1735 an-

3178 1773 3316 1840 Quid
3367 1785 3450 1828 εει
3491 1773 3664 1840 enim,
3719 1783 3851 1830 ante

2251 1966 2398 2011 esset
2422 1956 2766 2026 principium.
2799 1953 2855 2009 Si
2886 1970 3015 2025 ergo
3038 1954 3200 2009 Pater
3225 1963 3352 2008 ante
3381 1956 3708 2025 principium
3737 1964 3845 2020 est,

2233 2058 2377 2104 ‘ante
2410 2049 2646 2119 seipsum
2683 2056 2788 2111 est,
2831 2048 2957 2118 quia
2980 2056 3035 2100 et
3079 2047 3190 2117 ipse
3222 2048 3548 2118 principium
3575 2058 3679 2102 est.
3705 2050 3851 2115 Quid

2251 2152 2335 2197 est
2365 2155 2565 2206 auum,
2597 2141 2664 2194 In
2689 2140 2946 2210 principio
2968 2151 3079 2193 erat
3106 2137 3330 2193 Verbum
3355 2139 3536 2211 (Joan.
3569 2155 3608 2204 ι,
3638 2141 3712 2211 1),
3743 2142 3851 2196 nisi

2255 2235 2310 2288 in
2348 2235 2510 2288 Patre
2537 2240 2659 2287 erat
2698 2231 2909 2286 Filius?
2948 2240 3004 2286 et
3040 2231 3155 2300 ipse
3193 2230 3362 2286 Filius
3418 2231 3790 2303 interrogatus
3821 2249 3853 2286 a

2254 2327 2453 2383 Judtcis
2485 2327 2608 2397 quis
2652 2336 2819 2390 esset,
2867 2325 3165 2395 respondit,
3196 2324 3509 2395 principium
3541 2327 3630 2392 qui
3677 2335 3723 2380 et
3767 2325 3852 2380 lo-

2249 2437 2384 2492 quor
2425 2420 2565 2473 vobis
2599 2418 2784 2491 (Joan.
2809 2435 2927 2482 vm,
2960 2417 3072 2490 2‘3).
3123 2417 3287 2472 Pater
3331 2434 3458 2489 ergo
3492 2418 3850 2488 principium,

2254 2528 2364 2566 non
2425 2512 2492 2566 de
2540 2511 2826 2582 principio,
2879 2510 3050 2564 Filius
3081 2510 3406 2580 principium
3448 2511 3512 2565 de
3555 2510 3852 2581 principio.

2255 2604 2364 2661 Sed
2390 2615 2683 2675 utrumque
2707 2605 2888 2669 simul,
2918 2621 3024 2659 non
3052 2605 3158 2659 duo
3185 2604 3277 2659 sed
3309 2621 3471 2658 unum
3495 2605 3849 2675 principium.

2255 2697 2411 2754 Sicut
2448 2697 2612 2752 Pater
2641 2699 2784 2752 Deus
2811 2704 2867 2750 et
2890 2695 3059 2750 Filius
3088 2695 3251 2760 Deus,
3280 2696 3440 2750 ambo
3468 2705 3650 2750 autem
3682 2695 3852 2750 simul

2253 2806 2362 2845 non
2389 2789 2496 2844 duo
2515 2789 2612 2854 dii,
2644 2788 2738 2842 sed
2769 2803 2906 2841 unus
2939 2787 3098 2841 Deus.
3148 2785 3258 2841 Nec
3292 2784 3553 2854 Spiritum
3596 2794 3852 2865 sanctum

2255 2879 2321 2934 de
2371 2888 2601 2948 utroque
2654 2878 3036 2948 procedentem
3080 2877 3288 2947 negabo
3332 2889 3453 2930 esse
3494 2875 3849 2946 principium.

2257 2972 2363 3028 Sed
2392 2974 2506 3028 haec
2536 2973 2641 3027 tria
2667 2971 2830 3026 simul
2853 2973 2993 3026 sicut
3023 2985 3191 3026 unum
3213 2969 3404 3036 Deum,
3431 2969 3507 3024 ita
3536 2983 3706 3024 unum
3727 2968 3855 3023 dico

2255 3080 2375 3120 esse
2397 3065 2748 3136 principium.

2401 3181 2535 3236 Item
2565 3182 2703 3235 idem
2732 3181 2789 3235 in
2822 3180 3000 3234 eodem
3028 3179 3160 3234 libro
3184 3177 3323 3251 (Lib.
3365 3195 3448 3244 ιιι,
3478 3195 3594 3251 cap.
3621 3177 3700 3245 9).

2326 3273 2538 3340 Quaaris
2566 3288 2595 3325 a
2648 3285 2753 3334 me,
2787 3272 2832 3326 si
2869 3273 2935 3325 de
2964 3271 3268 3326 substantia
3309 3270 3488 3324 Patris
3522 3278 3610 3324 est
3651 3266 3853 3335 Filius,

2256 3365 2321 3420 de
2347 3363 2650 3418 substantia
2681 3361 2855 3416 Patris
2886 3371 2969 3416 est
3012 3363 3175 3416 etiam
3207 3360 3444 3432 Spiritus
3474 3371 3717 3422 sanctus,
3748 3375 3855 3414 cur

2256 3472 2398 3510 unus
2432 3453 2601 3509 Filius
2631 3456 2724 3520 sit,
2757 3462 2808 3507 et
2837 3454 2971 3507 alius
3000 3469 3106 3506 non
3129 3453 3198 3506 sit
3227 3452 3589 3507 Filius?Ecce
3617 3466 3854 3522 respon-

2256 3547 2380 3612 deo,
2413 3547 2526 3601 sive
2556 3546 2762 3615 capias,
2804 3545 2917 3599 sive
2944 3559 3048 3598 non
3082 3543 3285 3612 capias.
3330 3544 3404 3597 De
3429 3543 3594 3597 Patre
3629 3553 3712 3598 est
3747 3541 3846 3596 Fi-

2256 3639 2384 3704 lius,
2413 3639 2478 3692 de
2507 3638 2670 3690 Patre
2695 3646 2779 3691 est
2804 3635 3038 3705 Spiritus
3065 3643 3286 3689 sanctus
3312 3648 3328 3687 :
3355 3633 3449 3688 sed
3487 3633 3577 3688 ille
3607 3634 3851 3703 genitus,

2255 3732 2356 3787 iste
2402 3733 2701 3802 procedens
2739 3749 2752 3782 :
2785 3732 2905 3786 ideo
2955 3731 3046 3784 ille
3085 3729 3254 3784 Filius
3283 3736 3368 3784 est
3406 3727 3588 3782 Patris
3612 3727 3681 3782 de
3737 3743 3854 3797 quo

2255 3824 2468 3894 genitus
2493 3833 2594 3884 est,
2628 3823 2728 3877 iste
2760 3832 2940 3876 autem
2982 3821 3220 3892 Spiritus
3249 3819 3555 3888 utriusque,
3585 3818 3852 3888 quoniam

2254 3911 2320 3965 de
2350 3922 2579 3981 utroque
2621 3912 2887 3981 procedit.
2922 3911 3028 3964 Sed
3058 3912 3177 3965 ideo
3197 3925 3322 3964 cum
3373 3910 3440 3964 de
3474 3909 3562 3963 illo
3601 3908 3853 3979 loquere

2253 4015 2363 4069 tur,
2409 4005 2485 4057 ait
2534 4003 2600 4057 de
2637 4003 2797 4056 Patre
2829 4003 3062 4072 procedit
3097 4002 3278 4073 (Joan.
3314 4018 3407 4066 xv,
3442 4001 3554 4071 26),
3587 4003 3854 4070 quoniam

2252 4094 2416 4149 Pater
2441 4093 2808 4163 processionis
2829 4092 2946 4160 ejus
2975 4103 3060 4147 est
3089 4103 3300 4158 auctor,
3326 4093 3420 4162 qui
3457 4091 3617 4146 talem
3649 4089 3854 4144 Filium

2253 4185 2457 4257 genuit,
2483 4193 2538 4238 et
2567 4184 2836 4255 gignendo
2863 4185 2911 4238 ei
2943 4185 3089 4239 dedit
3113 4193 3172 4238 ut
3196 4185 3360 4240 etiam
3392 4185 3456 4240 de
3489 4184 3607 4254 ipso
3638 4199 3840 4253 proce-

2253 4275 2404 4329 deret
2447 4273 2685 4343 Spiritus
2728 4282 2966 4328 sanctus.
3011 4272 3146 4328 Nam
3190 4273 3294 4326 nisi
3327 4273 3646 4342 procederet
3689 4282 3746 4327 et
3780 4273 3852 4328 de

2252 4367 2394 4438 ipso,
2425 4382 2532 4421 non
2579 4367 2786 4422 diceret
2821 4366 3098 4436 discipulis
3126 4385 3138 4420 :
3173 4365 3403 4436 Accipite
3439 4364 3700 4435 Spiritum
3730 4381 3852 4420 sim~

2253 4470 2392 4513 ctum
2431 4457 2613 4529 (Joan.
2644 4475 2735 4522 xx,
2760 4458 2875 4527 22),
2907 4473 3138 4529 eumque
3162 4456 3481 4512 insulllando
3508 4458 3683 4524 daret,
3725 4465 3786 4512 ιιι
3816 4474 3851 4514 a

2256 4565 2315 4604 se
2345 4563 2562 4618 quoque
2605 4549 2902 4618 procedere
2930 4549 3268 4620 significans,
3307 4559 3494 4618 aperte
3529 4550 3852 4606 ostenderet

2257 4645 2462 4714 ﬂando,
2492 4647 2632 4718 quod
2681 4647 2937 4717 spirando
2978 4647 3140 4700 dabat
3181 4645 3410 4700 occulte.
3440 4645 3577 4713 Quia
3619 4663 3768 4719 ergo,
3799 4648 3850 4703 si

2257 4749 2574 4795 nasceretur
2603 4755 2711 4795 non
2747 4747 2954 4794 tantum
2987 4738 3052 4792 de
3085 4737 3264 4803 Patre,
3295 4752 3393 4792 nec
3424 4746 3633 4793 tantum
3660 4739 3727 4793 de
3754 4737 3848 4794 Fi-

2255 4831 2346 4893 lio,
2385 4832 2479 4888 sed
2521 4833 2587 4887 de
2625 4833 2891 4904 ambobus
2929 4832 3114 4901 utique
3154 4839 3496 4896 nasceretur,
3525 4831 3643 4885 sine
3680 4832 3850 4888 dubio

2255 4924 2427 4980 Filius
2459 4926 2733 4980 diceretur
2777 4925 3062 4979 amborum
3087 4938 3102 4977 :
3127 4938 3190 4978 ac
3232 4938 3330 4993 per
3359 4923 3483 4989 hoc,
3518 4923 3647 4992 quia
3675 4921 3850 4977 Filius

2257 5019 2540 5073 amborum
2577 5017 2722 5071 nullo
2749 5017 2910 5072 modo
2932 5025 3032 5078 est,
3064 5032 3169 5072 non
3192 5015 3435 5086 oportuit
3457 5017 3605 5070 nasci
3631 5031 3758 5070 eum
3781 5017 3849 5072 de

2256 5111 2555 5166 ambobus:
2592 5112 2872 5165 amborum
2917 5119 3152 5180 estergo
3194 5108 3430 5180 Spiritus
3469 5117 3693 5164 sanctus
3721 5123 3850 5179 pro-

2255 5203 2499 5257 cedendo
2543 5202 2608 5256 de
2663 5201 2946 5256 ambobus.
2999 5201 3138 5269 Quid
3176 5212 3358 5256 autem
3410 5201 3555 5256 inter
3583 5198 3742 5256 nasci
3791 5209 3851 5255 et

2255 5292 2549 5362 procedere
2580 5293 2814 5357 intersit,
2842 5293 2908 5347 de
2936 5293 3024 5347 illa
3047 5292 3506 5348 excellentissima
3533 5303 3728 5348 natura
3761 5292 3846 5347 lo-

2255 5398 2428 5452 quens
2454 5384 2727 5455 explicare
2752 5387 2876 5456 quis
2896 5387 3112 5456 potest?
3147 5386 3262 5442 Non
3287 5402 3447 5444 omne
3474 5388 3616 5458 quod
3646 5402 3846 5458 proce-

2255 5476 2334 5530 dit
2359 5477 2619 5540 nascitur,
2651 5479 2899 5546 quamvis
2926 5493 3087 5534 omne
3107 5480 3366 5547 procedat
3393 5480 3536 5548 quod
3558 5479 3840 5533 nascitur:

2253 5568 2395 5622 sicut
2421 5582 2525 5623 non
2555 5585 2718 5623 omne
2762 5571 2907 5638 quod
2954 5569 3106 5639 bipes
3131 5580 3238 5635 est,
3265 5571 3426 5626 homo
3457 5580 3562 5628 est.
3591 5571 3844 5638 quamvis

2254 5659 2407 5730 bipes
2432 5663 2501 5714 sit
2526 5663 2705 5716 omnis
2730 5663 2819 5731 qui
2851 5663 3011 5716 homo
3045 5671 3145 5717 est.
3181 5663 3304 5718 Hzec
3336 5665 3468 5730 scio.
3503 5665 3843 5734 distinguere

2254 5762 2436 5806 autem
2469 5752 2610 5807 inter
2645 5753 2790 5808 illam
2821 5755 3226 5824 generationem
3271 5766 3326 5808 et
3367 5757 3508 5810 hanc
3535 5755 3842 5824 processio-

2253 5860 2378 5900 nem
2422 5845 2628 5912 nescio,
2675 5861 2782 5901 non
2828 5844 3012 5916 valeo,
3044 5862 3150 5902 non
3197 5847 3434 5916 sufﬁcio;
3474 5863 3539 5903 ac
3572 5862 3671 5918 per
3708 5847 3837 5916 hoc,
