4046 6474
187 395 310 453 257

1485 375 1574 432 DE
1614 370 1885 429 SPIRlTU
1926 367 2216 426 SANCTO.

3355 369 3482 445 ass

199 513 334 584 quia
365 515 421 562 et
444 507 547 562 'illa
573 511 630 560 et
673 503 777 559 ista
805 508 889 557 est
924 496 1231 559 ineﬂabilis,
1268 494 1405 548 sicut
1433 491 1690 562 propheta
1716 488 1780 543 de
1807 488 1861 546 Α
1884 501 2025 539 unus
2062 492 2146 538 est
2179 483 2318 584 00115.
2356 481 2540 566 Ρεηθνν¹
2573 478 2664 550 ﬁni
2712 479 2860 534 ⁵01³⁸
2893 479 3254 584 εδεῆηῑίθιῖῑθτ
3299 483 3366 538 δε
3408 472 3469 540 εδ

200 579 349 660 Filio
383 599 607 667 loquens
648 595 763 647 ait:
803 590 1195 646 Generationem
1224 586 1338 654 ejus
1367 583 1480 655 quis
1523 579 1786 635 enarrabit

1895 576 2009 644 ipso
2043 591 2209 629 unum
2240 572 2432 626 Filium
2467 561 2669 642 genuit.
2696 579 2753 625 et
2772 587 2909 626 unus
2937 570 3125 638 Filius,
3149 573 3238 641 qui
3266 573 3332 628 de
3360 591 3470 630 uno

205 693 350 764 (Isa.
376 661 494 753 uti,
528 688 622 756 8)?
653 688 726 740 ita
767 686 831 739 de
859 683 1062 752 Spiritu
1112 687 1298 734 sancto
1343 675 1623 729 verissime
1659 671 1792 725 dici-
1891 666 2055 721 Patre
2095 665 2242 719 solus
2271 672 2354 718 est
2380 661 2743 718 essentialiter
2787 661 3020 732 genitus,
3045 671 3098 717 et
3136 678 3274 717 unus
3304 661 3474 733 Spiri-

209 793 323 844 tur,
356 779 754 852 processionem
779 774 894 843 ejus
915 774 1037 843 quis
1063 769 1375 827 enarrabit?
1398 767 1542 822 Satis
1572 766 1641 819 sit
1663 779 1793 835 ergo

1895 768 1983 813 tus
2011 768 2252 822 sanctus,
2283 757 2373 826 qui
2402 756 2548 811 solus
2573 753 2939 810 essentialiter
2960 754 3025 808 de
3051 753 3211 809 Patre
3233 753 3477 824 Filioque

209 850 394 935 nobis,
433 872 558 940 quia
593 883 697 923 non
729 875 811 922 est
857 883 886 919 a
934 880 992 919 se
1021 865 1136 935 ipso
1166 861 1355 922 Filius,
1385 860 1476 912 sed
1515 858 1582 911 ab
1611 856 1700 910 illo
1727 853 1794 910 de
1893 851 2177 922 procedit:
2220 850 2323 904 hoc
2364 856 2543 902 autem
2585 855 2758 900 totu’m
2792 860 2898 899 una
2927 859 3157 914 persona
3203 861 3311 900 non
3337 861 3466 916 pos-

209 979 325 1034 quo
360 971 518 1016 natus
547 968 630 1014 est
659 978 670 1013 :
704 974 810 1012 non
859 965 942 1012 est
971 972 1000 1010 a
1030 970 1088 1010 se
1137 955 1256 1024 ipso
1287 951 1523 1022 Spiritus
1551 959 1793 1012 sanctus,

212 1055 312 1110 sed
345 1055 412 1107 ab
444 1052 531 1107 illo
558 1052 623 1106 de
651 1066 758 1120 quo
790 1049 1051 1120 procedit,
1083 1055 1138 1102 et
1162 1046 1290 1116 quia
1328 1045 1392 1099 de
1421 1052 1651 1110 utroque
1674 1055 1798 1108 pro-

214 1160 278 1200 ce
303 1145 383 1209 Iit,
414 1144 553 1198 sicut
573 1141 686 1210 jam
723 1140 1082 1202 ostendimus,
1123 1139 1264 1192 unde
1289 1145 1343 1192 et
1369 1135 1590 1205 spiritus
1621 1131 1797 1186 Patris

213 1236 398 1292 dictus
436 1243 538 1299 est,
591 1233 680 1287 ubi
721 1233 952 1295 legitur:
986 1229 1044 1285 Si
1082 1240 1254 1284 autem
1299 1227 1514 1297 spiritus
1561 1225 1674 1295 ejus
1709 1222 1798 1294 qui

213 1327 489 1382 suscitavit
518 1323 783 1380 Christum
819 1341 851 1376 a
881 1323 1102 1376 mortuis
1128 1321 1326 1374 habitat
1357 1319 1409 1373 in
1457 1319 1594 1372 vobis
1622 1315 1798 1387 (Rom.

213 1433 342 1479 vni,
384 1417 494 1482 ll).
544 1415 847 1484 Etspiritus
889 1414 1027 1475 Filii,
1058 1413 1146 1466 ubi
1194 1412 1419 1482 legitur:
1477 1408 1579 1475 Qui
1625 1420 1800 1461 autem

214 1509 462 1579 spiritum
511 1505 707 1561 Christi
757 1524 862 1561 non
902 1505 1069 1567 habet,
1099 1506 1182 1558 hic
1211 1521 1314 1558 non
1359 1513 1434 1557 est
1463 1503 1575 1572 ejus
1619 1501 1794 1572 (Rom.
1878 1507 1892 1521 '

217 1614 344 1662 vui,
385 1597 461 1668 9).
507 1597 622 1652 Non
659 1599 801 1652 enim
852 1598 957 1651 duo
1009 1603 1135 1651 sunt
1173 1594 1406 1664 Spiritus
1451 1593 1646 1657 sancti,
1687 1602 1818 1673 tan-_

217 1708 386 1762 quam
419 1691 610 1762 singuli
639 1690 994 1762 singulorum,
1026 1705 1166 1744 unus
1200 1687 1376 1742 Patris
1411 1693 1466 1742 et
1494 1686 1632 1739 alter
1661 1684 1799 1749 Filii,

217 1785 322 1840 sed
355 1800 496 1838 unus
531 1786 709 1854 potius
747 1783 924 1837 Patris
957 1790 1011 1836 et
1046 1781 1189 1845 Filii,
1216 1782 1281 1835 de
1304 1795 1410 1848 quo
1449 1794 1556 1833 uno
1597 1777 1801 1846 Spiritu

216 1877 486 1947 scriptum
532 1887 655 1932 est:
698 1876 903 1929 Etenim
949 1875 1003 1928 in
1038 1874 1222 1944 spiritu
1263 1889 1366 1926 uno
1413 1888 1506 1925 nos
1555 1887 1730 1925 omnes
1753 1871 1808 1924 in

221 1985 385 2022 unum
407 1985 600 2038 corpus
627 1968 875 2038 baptizati
903 1983 1106 2031 sumus,
1128 1967 1231 2020 sive
1248 1965 1446 2029 Judazi,
1476 1966 1580 2018 sive
1612 1960 1804 2028 Crteci,

219 2062 326 2115 sive
353 2060 509 2122 servi,
553 2061 658 2113 sive
692 2059 862 2121 liberi,
897 2068 945 2112 et
971 2075 1146 2112 omnes
1192 2074 1352 2110 unum
1394 2057 1634 2127 spiritum
1659 2066 1810 2127 pota-

211 2153 393 2204 uimus
421 2149 470 2218 (I
501 2148 624 2204 Cor.
651 2166 748 2212 xu,
781 2149 867 2220 l3)
890 2167 903 2215 ;
930 2158 985 2204 et
1011 2150 1116 2203 alio
1143 2149 1260 2203 loco
1285 2167 1297 2202 :
1326 2146 1498 2202 Unum
1523 2165 1732 2218 corpus,
1759 2156 1807 2202 et

220 2261 362 2298 unus
383 2243 601 2314 spiritus
624 2241 840 2313 (Ephes.
874 2256 948 2306 tv,
980 2240 1057 2313 4).
1087 2239 1226 2307 Quid
1248 2255 1377 2309 ergo
1405 2240 1519 2316 haec
1547 2238 1810 2305 Trinitas,

218 2341 330 2396 nisi
381 2339 542 2394 unius
592 2337 938 2406 ejusdemque
981 2336 1297 2391 substantiae
1330 2335 1444 2389 est?
1472 2332 1804 2403 quandoqui-

222 2434 348 2489 dem
389 2447 494 2486 non
518 2431 582 2485 de
621 2431 798 2499 aliqua
837 2427 1086 2493 materia,
1115 2429 1198 2482 vel
1223 2430 1286 2482 de
1314 2427 1482 2481 nihilo
1507 2435 1590 2481 est
1618 2425 1808 2492 Filius,

222 2523 324 2577 sed
352 2523 421 2577 de
459 2537 564 2591 quo
602 2529 686 2576 est
727 2520 973 2590 genitus:
1008 2519 1244 2586 itemque
1290 2516 1527 2586 Spiritus
1568 2522 1807 2579 sanctus,

221 2627 336 2667 non
364 2611 431 2666 de
470 2611 645 2680 aliqua
680 2609 929 2674 materia,
962 2608 1047 2662 vel
1086 2607 1153 2662 de
1203 2606 1372 2661 nihilo
1423 2606 1518 2660 sed
1558 2605 1681 2660 inde
1727 2611 1812 2658 est

221 2706 370 2760 unde
397 2702 658 2775 procedit.

333 2797 468 2852 Item
501 2797 639 2850 idem
674 2795 729 2848 in
769 2793 900 2849 libro
930 2793 993 2848 de
1018 2791 1394 2847 Incarnatione
1424 2789 1632 2844 Domini
1653 2800 1700 2843 ι.

300 2893 564 2965 Spiritum
599 2907 814 2962 quoque
843 2900 1113 2954 sanctum,
1144 2905 1249 2944 non
1289 2889 1608 2958 ingenitum,
1637 2901 1812 2956 neque

225 2986 496 3058 genitum,
545 2984 639 3041 sed
683 3000 750 3040 ex
798 2984 960 3039 Patre
1012 2983 1257 3054 Filioque
1307 2981 1706 3053 procedentem,
1745 2993 1811 3034 eo

225 3078 372 3148 quod
418 3078 590 3133 Patris
615 3086 670 3132 et
703 3077 822 3132 Filii
853 3077 923 3132 sit
950 3077 1192 3146 spiritus,
1225 3084 1281 3130 et
1320 3075 1432 3145 ipse
1459 3073 1811 3127 consubstan-

159 3206 166 3217 ρ
224 3169 377 3224 tialis
403 3177 457 3224 et
487 3179 785 3224 coaeternus
811 3171 1106 3231 ambobus;
1132 3181 1232 3222 nec
1256 3167 1418 3221 alium
1449 3164 1612 3220 fuisse
1639 3163 1810 3234 Spiri-
1835 3168 1837 3234 ς

227 3271 345 3316 tum
381 3271 628 3316 sanctum
653 3276 812 3330 quem
845 3258 1122 3315 insulﬂans
1171 3258 1337 3317 dedit,
1365 3265 1421 3311 et
1449 3256 1612 3309 alium
1646 3269 1808 3325 quem

201 3362 355 3423 post
399 3353 770 3408 ascensionem
818 3369 970 3408 suam
1011 3351 1176 3406 misit.
1215 3350 1362 3405 Unus
1401 3349 1544 3404 enim
1587 3348 1812 3418 spiritus

228 3443 330 3498 Dei
375 3445 596 3513 spiritus
636 3443 813 3498 Patris
848 3452 903 3499 et
933 3443 1053 3498 Filii
1104 3442 1337 3512 Spiritus
1382 3449 1624 3504 sanctus,
1670 3439 1812 3493 idem

223 3535 375 3589 Deus
398 3536 487 3604 qui
517 3545 774 3604 operatur
795 3535 972 3590 omnia
1003 3535 1055 3588 in
1087 3533 1356 3592 omnibus,
1389 3533 1461 3586 ita
1488 3541 1545 3585 ut
1571 3532 1814 3601 perfecta

203 3625 487 3696 credatur
511 3625 752 3678 Trinitas
776 3635 998 3695 pr0pter
1025 3625 1409 3695 proprietatem
1435 3635 1813 3691 personarum,

226 3725 284 3772 et
312 3730 457 3769 unus
492 3715 636 3768 Deus
665 3724 884 3782 propter
929 3713 1345 3783 inseparabilem
1391 3710 1734 3764 Trinitatem.

223 3825 366 3880 Item
398 3825 562 3890 idem,
602 3824 658 3877 in
701 3823 951 3896 librolS.
993 3819 1653 3896 Fulgentiijgexpositionis
1692 3818 1820 3889 ﬁdei

727 3895 797 3947 ad
825 3894 1044 3948 Petrum
1084 3897 1220 3963 (cap.
1257 3894 1328 3962 1).

308 3988 462 4044 Sicut
483 4003 613 4060 ergo
639 4003 739 4043 nec
768 3987 939 4041 Filius
968 3987 1236 4056 posterior
1268 3996 1362 4040 aut
1391 3986 1569 4040 minor
1605 3992 1689 4040 est
1718 3984 1819 4038 Pa-

233 4091 345 4144 tre,
374 4096 470 4135 nec
497 4080 730 4150 Spiritus
751 4088 970 4134 sanctus
997 4079 1268 4149 posterior
1300 4086 1394 4132 aut
1419 4079 1596 4132 minor
1618 4087 1700 4132 est
1730 4076 1820 4131 Fi-

233 4171 350 4236 lio;
387 4179 644 4226 teternum
674 4171 871 4240 quippe
917 4179 972 4224 et
1013 4170 1130 4224 sine
1171 4169 1324 4223 initio
1365 4179 1450 4223 est
1473 4170 1616 4238 quod
1654 4167 1819 4223 Filius

236 4268 305 4322 de
339 4266 517 4320 Patris
558 4273 751 4320 natura
780 4273 939 4319 natus
965 4263 1195 4325 exstitit,
1220 4272 1277 4316 et
1317 4272 1578 4316 aeternum
1611 4279 1675 4316 ac
1702 4263 1820 4316 sine

237 4361 394 4416 initio
421 4367 504 4414 est
537 4359 678 4428 quod
710 4357 946 4428 Spiritus
973 4364 1194 4410 sanctus
1220 4355 1284 4409 de
1311 4363 1502 4408 natura
1529 4353 1706 4407 Patris
1729 4353 1789 4406 Fi

204 4450 408 4520 ._liique
439 4447 702 4520 procedit.
730 4447 810 4504 Ob
839 4449 944 4503 hoc
964 4440 1114 4518 ergo
1146 4455 1257 4501 tres
1287 4462 1450 4501 unum
1479 4456 1623 4502 recte
1647 4446 1823 4502 credi-

1896 947 1998 1003 set,
2037 939 2090 992 id
2117 946 2200 993 est
2236 947 2291 993 et
2321 939 2542 1010 gignere
2573 953 2650 1002 se,
2697 945 2753 992 et
2789 937 2937 991 nasci
2980 937 3045 991 de
3087 951 3169 1002 se,
3201 945 3256 992 et
3289 951 3480 1008 proce-

1898 1031 2024 1086 dere
2069 1029 2136 1082 de
2193 1045 2272 1084 se.
2325 1029 2459 1096 Quia
2511 1029 2672 1100 igitur
2715 1028 2859 1084 aliud
2901 1036 2985 1084 est
3029 1030 3283 1101 genuisse
3315 1045 3478 1098 quam

1897 1128 2083 1174 natum
2108 1135 2251 1183 esse,
2292 1119 2547 1188 aliudque
2579 1127 2664 1173 est
2695 1119 2990 1189 procedere
3011 1135 3171 1190 quam
3205 1120 3478 1191 genuisse,

1897 1212 1983 1266 vel
2019 1220 2203 1265 natum
2240 1224 2381 1274 esse,
2428 1210 2775 1265 manifestum
2822 1220 2906 1266 est
2933 1212 3186 1282 quoniam
3229 1211 3366 1267 alius
3399 1217 3483 1266 est

1898 1307 2077 1372 Pater,
2107 1307 2245 1362 alius
2277 1307 2464 1373 Filius,
2504 1306 2644 1362 alius
2681 1306 2917 1378 Spiritus
2948 1315 3188 1362 sanctus.

1901 1439 2036 1494 Item
2088 1439 2224 1494 idem
2272 1439 2528 1512 similiter
2581 1444 2638 1496 in
2697 1442 2874 1513 eodem
2931 1458 3084 1513 opere
3136 1439 3289 1513 (cap.
3339 1426 3485 1496 Ξθίη

2545 1512 2769 1583 princip.
2786 1511 2834 1583 -).

1977 1623 2162 1694 Neque
2189 1626 2332 1680 enim
2381 1625 2435 1680 in
2465 1625 2553 1680 illa
2605 1626 2870 1681 'l‘rinitate
2899 1627 3177 1697 proprium
3203 1634 3348 1683 esset
3395 1597 3487 1682 so?

1904 1716 2008 1770 lius
2038 1714 2236 1780 Patris,
2260 1717 2404 1786 quod
2452 1733 2558 1772 non
2589 1725 2673 1772 est
2701 1726 2858 1773 natus
2886 1719 3021 1788 ipse,
3055 1719 3150 1774 sed
3180 1735 3348 1774 unum
3391 1717 3486 1774 Fi-

1835 1844 1883 1904 Β
1910 1807 2039 1861 lium
2067 1809 2253 1878 genuit
2280 1823 2294 1861 :
2325 1824 2499 1878 neque
2528 1809 2804 1880 proprium
2836 1809 3002 1865 solius
3035 1809 3180 1876 Filii,
3205 1809 3348 1880 quod
3378 1825 3486 1866 non

1911 1901 2094 1972 genuit
2129 1901 2263 1971 ipse,
2289 1902 2384 1956 sed
2430 1901 2577 1956 solus
2599 1901 2666 1956 de
2705 1901 2878 1956 Patris
2905 1902 3140 1956 essentia
3176 1910 3334 1956 natus
3361 1909 3445 1956 est
3473 1916 3487 1954 :

1910 2005 2084 2060 neque
2107 1992 2385 2062 proprium
2423 1990 2658 2060 Spiritus
2682 1990 2881 2054 sancti,
2909 1991 3053 2060 quod
3089 2005 3186 2044 nec
3223 1998 3379 2043 natus
3408 1995 3493 2044 est

1909 2080 2044 2153 ipse,
2070 2099 2170 2137 nec
2206 2084 2410 2154 genuit,
2437 2082 2532 2137 sed
2564 2082 2710 2138 solus
2739 2083 2804 2138 de
2828 2082 2991 2138 Patre
3013 2080 3258 2152 Filioque
3285 2081 3491 2136 income
3517 2131 3522 2137 .

1909 2173 2155 2228 mutabili
2195 2174 2501 2230 aeternitate
2524 2173 2553 2213 δ
2575 2173 2840 2244 procedit.

2131 2307 2263 2362 Item
2293 2308 2431 2363 idem
2470 2308 2528 2363 in
2579 2309 2757 2363 eodem
2789 2325 2940 2381 opere
2979 2310 3116 2382 (cap.
3163 2309 3270 2383 ll).

1982 2418 2320 2475 Firmissime
2358 2429 2501 2487 tene,
2531 2429 2584 2478 et
2627 2422 2932 2478 nullatenus
2964 2423 3196 2488 dubites,
3245 2423 3497 2480 eumdem

1915 2509 2174 2581 Spiritum
2207 2521 2476 2577 sanctum,
2515 2514 2604 2582 qui
2645 2513 2824 2569 Patris
2852 2523 2906 2570 et
2941 2514 3063 2569 Filii
3093 2531 3231 2570 unus
3273 2515 3494 2585 spiritus

1911 2612 1995 2658 est
2018 2603 2084 2658 de
2110 2603 2273 2658 Patre
2306 2614 2362 2659 et
2405 2603 2540 2658 Filio
2566 2607 2878 2674 procedere.
2921 2605 3063 2661 Dicit
3089 2607 3236 2660 enim
3275 2605 3484 2662 Filius:

1913 2692 2045 2748 Cum
2086 2697 2281 2749 venerit
2314 2697 2822 2767 spiritus‘veritatis,
2846 2698 2937 2768 qui
2983 2716 3016 2752 a
3058 2699 3220 2753 Patre
3258 2698 3492 2769 procedit

1913 2784 2094 2857 (Joan.
2122 2803 2210 2849 xv,
2243 2786 2332 2857 26)
2362 2806 2374 2840 :
2405 2788 2496 2842 ubi
2525 2805 2680 2842 suum
2715 2804 2834 2844 esse
2863 2791 3113 2860 spiritum
3135 2791 3338 2876 doquit,
3364 2792 3492 2862 quia

1913 2879 2026 2950 ipse
2055 2887 2139 2935 est
2168 2881 2388 2935 veritas.
2416 2881 2492 2936 De
2524 2880 2636 2935 ﬁlio
2665 2897 2878 2952 quoque
2911 2883 3208 2952 procedere
3238 2881 3499 2952 Spiritum

1915 2982 2188 3037 sanctum,
2221 2974 2538 3045 prophetica
2564 2984 2724 3045 atque
2747 2975 3043 3045 apostolica
3073 2975 3228 3031 nobis
3256 2976 3501 3032 doctrina

1900 3065 2278 3143 commendat.
2332 3065 2500 3120 lsaias
2547 3069 2690 3122 enim
2741 3067 2873 3122 dicit
2919 3067 2986 3122 de
3052 3067 3206 3122 ﬁlio:
3237 3065 3503 3122 Percutiet

1914 3167 2111 3211 terram
2135 3157 2278 3227 virga
2308 3158 2414 3211 oris
2445 3159 2548 3224 sui,
2576 3171 2626 3212 et
2663 3159 2851 3227 spiritu
2879 3158 3140 3213 labiorum
3177 3176 3395 3214 suorum
3421 3160 3506 3213 in-

1913 3247 2132 3316 terﬁciet
2154 3248 2371 3316 impium
2399 3246 2534 3319 (Isa.
2561 3265 2634 3310 χι,
2665 3247 2743 3317 4),
2775 3249 2839 3304 de
2864 3263 2971 3318 quo
2993 3256 3048 3303 et
3068 3248 3358 3319 Apostolus
3378 3248 3494 3304 ait:

1917 3339 2083 3407 Quem
2141 3340 2416 3410 inter/iciet
2478 3341 2735 3396 Dominus
2785 3341 2942 3397 Iesus
2994 3342 3183 3413 spiritu
3249 3343 3357 3396 oris
3418 3340 3502 3396 sui

1916 3431 2002 3503 (II
2052 3432 2230 3487 Thess.
2268 3449 2331 3498 ιι,
2379 3431 2455 3504 8).
2498 3433 2668 3500 Quem
2714 3434 2878 3489 etiam
2927 3435 3041 3505 ipse
3087 3434 3280 3488 unicus
3330 3431 3498 3505 [Εάιι.

1917 3527 2044 3580 add.
2090 3527 2207 3599 Dei]
2269 3527 2436 3582 Filius
2483 3529 2732 3598 Spiritum
2773 3528 2884 3582 oris
2928 3527 3012 3582 sui
3057 3541 3177 3581 esse
3227 3525 3500 3596 signiﬁcat

1921 3614 2112 3687 [Edd.,
2153 3617 2510 3689 signiﬁcans],
2562 3627 2683 3688 post
2730 3617 3182 3673 resurrectionem
3224 3631 3376 3670 suam
3421 3614 3503 3669 in-

1922 3706 2146 3762 Sulllans
2181 3707 2233 3784 in
2285 3707 2580 3777 discipulos
2621 3723 2767 3772 suos,
2811 3707 3064 3778 Accipite,
3112 3706 3206 3769 ait,
3242 3703 3499 3775 Spiritum

1920 3809 2161 3854 sanctum
2193 3799 2373 3861 (Joan.
2422 3815 2517 3866 xx,
2546 3799 2659 3870 ‘22).
2707 3801 2783 3856 De
2819 3816 2915 3856 ore
2954 3815 3082 3855 vero
3119 3799 3331 3854 Domini
3369 3797 3498 3854 Jesu

1919 3899 1995 3952 ait
2023 3896 2256 3953 Joannes
2287 3899 2339 3953 in
2361 3897 2702 3968 Apocalypsi,
2727 3895 2850 3965 quia
2873 3895 3084 3965 gladius
3107 3895 3349 3964 utrinque
3373 3909 3503 3946 acu-

1919 4001 2002 4046 tus
2045 3992 2228 4063 (Apoc.
2262 4009 2300 4056 ι,
2342 3991 2449 4063 16).
2488 3989 2604 4061 Ipse
2634 4005 2762 4045 vero
2811 3989 3037 4060 spiritus
3065 3988 3176 4041 oris
3205 3991 3343 4055 ejus,
3391 3986 3506 4055 ipse

1920 4093 2004 4152 est
2039 4084 2250 4156 gladius
2289 4084 2378 4154 qui
2425 4085 2490 4139 de
2518 4098 2612 4138 ore
2648 4080 2763 4150 ejus
2791 4081 3036 4151 procedit
3063 4078 3260 4151 [Edit.,
3293 4077 3504 4148 gladius

1919 4191 2147 4251 utraque
2175 4190 2328 4252 parte
2359 4189 2552 4236 acutus
2576 4175 2925 4249 procedebat]

1929 4313 2057 4368 Item
2086 4314 2244 4376 idem,
2282 4313 2335 4366 in
2361 4311 2734 4380 disceptatione
2775 4308 2820 4378 (1
2839 4310 2921 4380 l8,
2949 4310 3084 4362 inter
3112 4305 3358 4380 epistolas
3390 4306 3505 4359 Au-

1992 4385 2222 4455 gustini)
2250 4399 2410 4453 quam
2442 4380 2622 4434 habuit
2662 4389 2842 4455 c_ontra
2883 4379 3235 4455 Pasfentium
3263 4382 3504 4455 comitem

1993 4446 2335 4524 Krianoruin,
2379 4459 2631 4524 prazsente
2668 4446 2951 4504 Laurentio
2972 4448 3154 4520 judice
3181 4448 3250 4504 ab
3273 4448 3507 4520 utrisque

236 4556 360 4596 mus
394 4549 449 4594 et
469 4541 698 4595 dicimus
729 4541 917 4605 Deum,
958 4539 1087 4610 quia
1119 4553 1485 4609 una_prorsus
1518 4538 1816 4603 :eternitas,
1843 4555 1899 4618 D
1994 4523 2230 4596 Ραηίθτιε
2254 4521 2434 4578 3’95“-

235 4646 344 4686 una
389 4631 741 4697 immensitas,
781 4640 837 4686 et
867 4647 970 4685 una
1017 4630 1336 4685 naturaliter
1367 4637 1450 4684 est
1492 4629 1654 4683 trium
1689 4643 1816 4699 per-

205 4738 497 4784 sonarum
533 4724 808 4778 divinitas.
851 4723 1154 4778 Teneamus
1202 4722 1368 4793 igitur
1396 4721 1612 4775 Patrem
1648 4729 1702 4794 et
1729 4719 1820 4775 Fi-

236 4813 391 4878 lium,
431 4823 486 4869 et
533 4813 792 4884 Spiritum
835 4822 1081 4870 sanetum
1124 4829 1292 4868 unum
1329 4828 1467 4867 esse.
1500 4813 1820 4867 naturaliter

237 4908 410 4964 Deum
436 4928 449 4964 :
481 4926 656 4980 neque
706 4920 885 4965 tamen
917 4911 1091 4981 ipsum
1123 4909 1339 4964 Patrem
1381 4924 1502 4965 esse
1530 4911 1621 4978 qui
1651 4908 1820 4965 Filius

205 5053 208 5056 .
237 5010 341 5066 est,
369 5017 545 5071 neque
575 5001 767 5056 Filium
821 5002 993 5070 ipsum
1031 5017 1152 5057 esse
1174 5003 1263 5072 qui
1295 5001 1456 5055 Pater
1497 5009 1600 5066 est,
1647 5015 1820 5069 neque

239 5091 504 5162 Spiritum
550 5101 795 5148 sanctum
824 5093 999 5163 ipsum
1034 5107 1153 5148 esse
1191 5093 1281 5162 qui
1322 5091 1482 5147 Pater
1509 5099 1602 5145 aut
1647 5090 1818 5146 Filius

233 5195 322 5244 εει
348 5205 362 5240 :
389 5203 494 5242 una
525 5189 669 5243 enim
699 5197 783 5244 est
832 5189 1010 5244 Patris
1039 5198 1094 5244 et
1133 5189 1252 5244 Filii
1282 5198 1336 5244 et
1365 5189 1601 5260 Spiritus
1641 5188 1817 5244 sancti

236 5279 501 5344 essentia,
538 5295 699 5350 quam
739 5278 911 5335 Graeci
941 5283 1114 5336 οὐσίαν
1142 5289 1357 5335 vocant.

203 5426 210 5430 ι
241 5389 377 5448 Item
405 5392 542 5446 idem
565 5393 620 5446 in
643 5392 821 5447 eodem
849 5408 1022 5462 apere,
1047 5400 1161 5460 post
1182 5408 1353 5461 pauca
1378 5390 1517 5462 (cap.
1539 5393 1563 5445 l
1590 5393 1645 5446 in
1667 5391 1814 5463 ﬁne).

306 5483 366 5538 ln
392 5483 484 5538 illa
521 5484 686 5552 igitur
712 5493 899 5539 sancta
943 5481 1226 5543 Trinitate,
1255 5483 1398 5552 quod
1437 5483 1559 5538 ideo
1587 5499 1620 5539 a
1665 5483 1817 5540 nobis

203 5574 507 5644 .repetitur
529 5575 706 5639 toties,
735 5582 796 5629 ut
833 5582 1017 5630 vestro
1054 5574 1205 5630 cordi
1254 5574 1497 5630 tenacius
1543 5573 1815 5646 inﬁgatur,

215 5705 225 5714 “
260 5779 275 5782 Α
314 5721 340 5750 ι
359 5709 418 5765 In
449 5710 761 5782 Appendice
785 5712 850 5766 ad
878 5720 1008 5782 tom-
1035 5711 1104 5782 W
1133 5708 1192 5766 δι
1228 5708 1514 5782 Augustini
1537 5717 1663 5782 39m
1690 5707 1815 5766 libri

215 5779 350 5852 duo
389 5783 455 5835 de
496 5779 870 5838 Iricarnatione
913 5781 1108 5846 Verbi;
1140 5788 1198 5837 at
1234 5781 1290 5837 in
1322 5779 1399 5838 iis
1431 5795 1538 5840 non
1563 5779 1817 5852 leguntur

228 5850 360 5910 shec
383 5868 502 5927 qua:
524 5869 557 5907 a
584 5853 880 5916 Theodulfo
905 5853 1159 5910 citantur.

1908 4712 1912 4720 ,
1991 4658 2130 4713 Ecce
2151 4656 2281 4727 quid
2305 4665 2392 4711 est
2423 4655 2680 4726 ὁμούσιον.
2711 4653 2854 4723 quod
2883 4652 3243 4724 exprobratur
3284 4649 3504 4720 injuste.

1920 4752 2037 4807 Non
2067 4751 2212 4807 enim
2250 4748 2472 4804 verbum
2508 4747 2706 4812 solum,
2740 4747 2834 4801 sed
2862 4753 2916 4800 et
2944 4761 3032 4801 res
3076 4745 3127 4800 in
3171 4745 3339 4801 verbo
3376 4753 3504 4802 est:

1919 4860 2022 4900 nec
2043 4843 2190 4898 solus
2215 4856 2396 4897 sermo
2421 4855 2622 4895 sonans
2654 4839 2894 4902 auribus,
2930 4839 3024 4894 sed
3052 4840 3356 4894 substantia
3397 4853 3505 4894 una

1921 4947 2006 4994 est
2035 4938 2129 4992 Dei
2171 4933 2440 4990 credenda
2463 4934 2515 4986 in
2544 4931 2832 4986 mentibus.
2853 4931 2910 4985 Si
2940 4932 3084 4987 enim
3112 4932 3167 4986 in
3194 4931 3504 4986 hominibus

1921 5030 2267 5084 credentibus
2293 5027 2347 5081 in
2380 5041 2438 5080 se
2462 5033 2606 5080 totus
2636 5025 2777 5080 Deus
2801 5025 3101 5080 credendus
3129 5035 3212 5079 est
3237 5024 3501 5087 habitare,

1921 5121 2190 5190 quomodo
2209 5118 2405 5172 Filium
2431 5125 2599 5171 totum
2626 5116 2678 5170 in
2701 5131 2760 5171 se
2782 5116 2963 5180 Pater,
2988 5126 3083 5171 aut
3103 5115 3271 5170 Filius
3284 5114 3501 5168 Patrem

1920 5229 2028 5268 non
2059 5212 2314 5266 credatur
2339 5209 2622 5280 excipere?
2655 5223 2719 5263 ac
2754 5223 2853 5277 per
2886 5209 2992 5261 hoc
3015 5207 3128 5275 ipse
3158 5206 3210 5258 in
3239 5202 3422 5268 Patre,
3447 5209 3505 5259 et

1920 5304 2085 5360 Pater
2111 5304 2165 5358 in
2193 5318 2259 5357 eo
2293 5309 2492 5362 manet,
2518 5308 2574 5356 et
2596 5316 2663 5355 ex
2688 5298 2850 5354 Patre
2871 5297 2952 5352 vel
2980 5295 3112 5349 Filio
3142 5291 3313 5365 [Editi
3336 5292 3498 5364 Aug.,

1921 5397 2083 5454 Patre
2116 5411 2185 5451 ex
2215 5394 2373 5467 Filio]
2414 5403 2633 5451 sanctus
2668 5388 2968 5447 credendus
3001 5393 3086 5440 est
3126 5383 3360 5456 Spiritus
3393 5402 3504 5444 non

1920 5489 2094 5545 solum
2134 5487 2484 5557 processisse,
2511 5486 2604 5540 sed
2639 5496 2853 5552 semper
2889 5478 2956 5534 ad
2991 5478 3297 5552 peragenda
3335 5493 3500 5554 Opera

1921 5581 2203 5639 Trinitatis
2228 5579 2449 5636 omnino
2483 5573 2797 5648 procedere.

1961 5715 2187 5802 .bEditi
2239 5710 2508 5782 Fulgentii
2557 5707 2836 5773 omittunt,
2878 5706 3297 5765 incommutabili

1918 5796 2101 5847 nitate.
