4046 6438
594 272 703 337 259

1609 270 2000 336 menum
2033 254 2594 336 AURELIANENSIS
2630 277 2848 340 EPISC.

3756 299 3863 359 260

587 368 728 446 item
772 389 969 473 idem,_
990 388 1129 478 qugd
1150 387 1402 478 .Sp'iritlus
1442 395 1653 443 sanctus
1695 392 1750 445 in
1791 391 1951 475 Patre
1989 402 2037 445 et
2080 390 2172 478 Ij‘i-
2200 393 2249 453 Α
2276 390 2422 456 dere,
2446 409 2552 477 non
2579 394 2697 450 ideo
2728 398 2987 454 minorem
3016 399 3178 459 Patre
3202 403 3417 471 Filium,
3446 406 3574 478 quia
3599 409 3691 467 ille
3715 410 3860 472 misii

659 462 731 531 ljo
779 461 873 522 sit,
923 458 1012 514 sic‘
1057 458 1184 513 dicit
1214 458 1471 531 'iniiibro
1514 475 1665 531 quem
1721 464 1925 528 scripsit
1985 472 2170 517 contra

659 528 943 656 inponas,
989 531 1237 591 luderet.
1291 528 1653 596 Manichaee,
1707 531 2069 599 Sabellinnos,
2121 542 2170 590 et

710 618 911 656 naues.

658 694 906 752 Diximus
950 694 1018 750 de
1068 693 1230 748 Patre
1275 701 1331 749 et
1382 695 1523 751 Filio
1568 697 1712 765 quod
1754 696 2064 767 potuimus,
2116 708 2171 757 et

591 797 855 857 quantum
902 788 1198 858 potuimus,
1241 787 1289 843 si
1330 796 1511 846 tamen
1560 776 1764 861 aliquid
1792 791 1953 862 digne
1995 794 2173 864 potui-

583 893 738 933 mus:
768 879 837 934 de
865 878 1071 948 Spiritu
1099 888 1288 935 sancto
1317 882 1601 947 tacuimns,
1631 884 1725 939 sed
1752 900 1858 940 non
1884 901 2005 941 eum
2038 902 2171 956 prae.-

581 962 866 1027 terivimus
910 969 1103 1043 [Edd.,
1142 973 1553 1047 separavimus].
1602 974 1873 1046 Quidquid
1917 979 2061 1033 enim
2103 980 2171 1037 de

579 1057 743 1123 Patre
780 1072 838 1117 et
864 1062 1005 1119 Filio
1037 1064 1294 1129 diximus,
1319 1066 1487 1121 etiam
1521 1066 1588 1122 de
1619 1066 1826 1136 Spiritu
1854 1078 2043 1125 sancto
2089 1071 2171 1127 di-

578 1152 779 1211 ximus.
805 1154 904 1210 Est
926 1155 1072 1211 enim
1105 1156 1159 1211 in
1188 1156 1297 1213 illis
1324 1165 1381 1212 et
1406 1173 1529 1213 cum
1562 1158 1673 1214 illis
1695 1163 1920 1230 aequalis
1948 1179 2088 1219 unus
2113 1172 2171 1220 et

578 1256 744 1299 verus
772 1244 934 1311 Deus,
963 1262 1070 1300 non
1095 1247 1271 1304 minor
1294 1258 1388 1304 aut
1419 1252 1613 1306 tertius
1634 1250 1794 1307 Deus.
1823 1252 1963 1320 Quid
1990 1255 2169 1312 adhuc

587 1332 770 1418 [Noua
813 1338 938 1392 edit.
986 1340 1147 1411 Aug.,
1178 1341 1342 1414 aliud]
1374 1343 1549 1398 dicam
1592 1343 1829 1416 fatigatis
1878 1348 2169 1418 fatigatus?

578 1420 679 1493 Qui
710 1416 975 1498 Spiritum
1001 1438 1252 1487 sanetum
1282 1446 1314 1487 a
1344 1430 1505 1490 Patre
1533 1444 1589 1491 et
1617 1436 1753 1493 Filio
1778 1416 2088 1497 aeternitate
2111 1446 2168 1498 et

574 1522 876 1578 substantia
904 1524 990 1579 vel
1022 1527 1407 1584 communione
1447 1540 1684 1600 separat,
1727 1549 1962 1605 eumque
2006 1546 2169 1609 negat

571 1606 834 1684 Spiritum
863 1622 983 1672 esse
1020 1610 1197 1674 Patris
1221 1625 1275 1674 et
1319 1620 1461 1688 Filii,
1499 1618 1694 1694 plenus
1731 1630 1815 1681 est
1848 1628 2040 1699 spiritu
2072 1606 2169 1687 im-

571 1699 793 1770 mundo,
818 1706 1023 1764 Vacuus
1047 1714 1132 1765 e'st
1158 1707 1364 1781 Spiritu
1394 1712 1603 1770 Sancto.
1629 1715 1752 1770 Ideo
1786 1719 1931 1772 enim
1966 1720 2166 1776 dicitur

565 1784 709 1848 Betis
736 1794 967 1852 animus
1010 1796 1063 1870 (I
1085 1796 1248 1855 I‘oait.
1276 1816 1349 1868 tv,
1378 1796 1457 1872 8),
1487 1800 1612 1872 quia
1647 1806 1895 1874 partibus
1937 1810 2045 1864 non
2083 1812 2166 1866 di-

566 1881 705 1966 yidit
728 1886 1014 1954 unitatem,
1041 1888 1137 1944 sed
1166 1886 1512 1947 ineffabiliter
1534 1894 1785 1966 ‘co'ag'ulat
1814 1896 2160 1957 Trinitatem.

564 1960 686 2044 ipsa
713 1978 797 2031 est
822 1977 965 2032 enim
1003 1976 1244 2035 Trinitas
1269 1992 1413 2036 unus
1440 1980 1603 2048 Deus,
1636 1960 1802 2042 turris
1830 1986 2164 2048 fortitudinis

564 2078 595 2118 a
639 2063 780 2121 faeie
810 2066 1047 2136 inimici,
1083 2069 1175 2140 qui
1209 2070 1266 2127 in
1291 2086 1351 2128 se
1381 2074 1665 2132 prodentes
1706 2076 1944 2136 custodit
1976 2082 2032 2141 in
2063 2088 2164 2139 sce-

567 2155 692 2210 cula
714 2159 1057 2215 saeculorum.

534 2320 537 2323 .
560 2267 699 2356 Item
908 2275 1057 2356 qugd
1067 2274 1302 2356 Spiritus
1322 2288 1537 2356 structus
1559 2291 1607 2335 et
1639 2282 1819 2356 Putris
1840 2286 1908 2339 sit
1933 2296 1981 2340 et
2005 2285 2157 2356 Filii,

631 2352 679 2396 et
716 2341 866 2405 Patri
890 2341 1446 2431 etliigolcoa’quulis’,
1476 2354 1960 2431 cons‘ubstagtiulis,
1995 2369 2043 2412 et
2072 2341 2162 2414 co:

633 2422 881 2502 asperitas2
911 2416 974 2502 iii.
999 2404 1132 2502 ii‘lii'o'
1171 2404 1348 2502 priiiio
1382 2404 2161 2502 (Ea'p'.ijuéiiiiiiiéié'qiiie

637 2481 775 2537 Heus
805 2494 896 2548 est,
929 2487 1005 2539 sic
1032 2481 1204 2543 docet:

633 2572 837 2631 Omnes
865 2579 1001 2646 quos
1029 2577 1209 2650 legere
1237 2584 1408 2652 potui,
1439 2585 1531 2655 qui
1561 2578 1688 2642 ante
1708 2602 1797 2644 me
1822 2589 2160 2661 scripserunt

561 2666 628 2722 tie
658 2666 949 2735 Trittitate;
982 2684 1104 2741 quae
1134 2673 1277 2731 Daus
1305 2682 1411 2743 est,
1434 2678 1739 2735 divinorum
1776 2676 2037 2739 librorum
2066 2690 2161 2741 re-

558 2763 739 2813 terum
768 2768 831 2829 et
864 2764 1130 2818 novorum
1175 2767 1427 2824 catholici
1462 2777 1806 2837 traCtatores,
1837 2776 1942 2831 hoc
1980 2776 2158 2833 inten-

557 2853 757 2909 derunt
783 2859 1087 2913 Secundum
1116 2859 1430 2931 Scripturas
1464 2866 1679 2934 docere,
1716 2869 1860 2940 quod
1892 2871 2072 2937 Pater,
2099 2881 2155 2928 et

556 2942 747 3010 Filius,
782 2953 836 3001 et
885 2946 1121 3018 Spiritus
1163 2962 1385 3009 sanctus
1439 2956 1596 3012 unius
1638 2956 1990 3032 ejusdemque
2028 2962 2155 3018 sub-

555 3037 771 3091 stantiae
820 3038 1171 3111 inseparabili
1222 3046 1532 3116 atqualltate
1578 3049 1818 3106 divinam
1876 3053 2153 3110 insinuent

2272 483 2361 539 hic
2395 474 2594 539 missus
2620 495 2724 551 est,
2753 505 2854 543 nec
2888 492 3006 547 ideo
3041 494 3303 550 minorem
3334 508 3563 569 utraque
3596 502 3860 572 Spiritum

2271 588 2540 641 sanetum,
2570 580 2694 649 quia
2734 584 2790 635 et
2824 586 2891 636 ab
2922 583 3013 639 illo
3040 594 3094 642 et
3138 588 3208 642 ab
3247 590 3336 644 illo
3365 594 3566 649 missus
3604 597 3657 649 in
3691 598 3862 653 Evam

2271 666 2412 737 gelio
2451 667 2669 737 legitur,
2712 675 3049 742 suscepimus
3100 679 3201 733 hoc
3245 695 3511 749 quaerere,
3556 702 3683 741 cum
3733 689 3862 748 illuc

2272 757 2468 812 missus
2502 761 2573 813 sit
2623 761 2790 816 Filius
2821 765 2908 819 ubi
2958 773 3102 831 erat,
3150 771 3275 838 quia
3321 772 3373 827 in
3410 774 3555 832 hunc
3595 782 3858 839 mundum

2269 846 2435 911 'venit,
2461 850 2589 904 etin
2621 852 2722 908 hoc
2751 856 2950 911 mundo
2971 869 3108 923 erat,
3137 876 3258 914 cum
3282 862 3407 919 illuc
3429 868 3592 922 etiam
3617 869 3857 941 Spiritus

2270 948 2491 997 sanctus
2520 944 2609 998 ubi
2640 954 2695 1000 et
2720 945 2851 1016 ipse
2893 954 3043 1017 erat,
3085 955 3343 1023 quoniam
3385 960 3604 1029 spiritus
3644 962 3861 1023 Domini

2272 1030 2480 1099 replevit
2509 1033 2683 1089 orbem
2711 1040 2991 1105 terrarum,
3021 1053 3068 1096 et
3110 1044 3206 1099 hoc
3236 1047 3373 1118 quod
3415 1052 3641 1107 continet
3683 1057 3859 1112 omnia

2270 1123 2541 1179 scientiam
2566 1126 2717 1182 habet
2745 1131 2881 1185 v'ocis
2907 1131 3058 1204 (Sap.
3084 1146 3125 1201 t,
3149 1136 3223 1209 7).

2270 1219 2581 1322 Ite'mHidcm
2629 1254 2802 1313 aperte
2830 1246 3004 1322 edocet
3045 1251 3184 1320 quod
3222 1244 3450 1322 Spiritus
3480 1267 3696 1313 sanctus
3736 1269 3786 1313 et
3825 1279 3857 1316 α

2342 1307 2485 1400 filio
2514 1307 2789 1400 sicut'etuo
2831 1315 2991 1400 Patre
3021 1307 3285 1391 procedat,
3325 1324 3381 1379 in
3417 1307 3859 1400 e’jiiidéiri'bﬁéri}

2340 1378 2474 1434 libro
2504 1394 2692 1452 quarto
2722 1384 2875 1457 (Cap.
2903 1387 3016 1461 ΞΟ).

2340 1486 2503 1552 Pater
2543 1510 2667 1554 eum
2701 1516 2768 1556 ex
2818 1508 3061 1577 tempore
3104 1522 3135 1562 a
3166 1508 3438 1580 qucquam
3488 1499 3857 1585 cognoscatur,

2267 1590 2377 1643 non
2412 1582 2609 1645 dicitur
2636 1593 2832 1650 missus
2859 1614 2871 1649 :
2908 1613 3014 1652 non
3040 1600 3185 1654 enim
3212 1601 3376 1657 habet
3410 1604 3477 1659 de
3498 1582 3609 1685 quo
3639 1608 3731 1670 sit,
3758 1582 3855 1665 aut

2268 1688 2335 1738 ex
2379 1696 2486 1772 quo
2530 1685 2807 1754 procedat.
2852 1688 3128 1761 Sapientia
3178 1696 3374 1766 quippe
3421 1697 3551 1753 dicit
3586 1714 3601 1753 :
3638 1699 3752 1772 Ego
3793 1719 3858 1758 es

2193 1751 2240 1823 Β
2270 1788 2358 1829 ore
2386 1751 2645 1832 ditissimi
2686 1779 2859 1850 prodii
2890 1780 2909 1853 (
2928 1751 3091 1838 ifccli.
3129 1751 3398 1861 XXIIV,H5),

2267 1872 2456 1924 Sancto
2486 1871 2702 1937 dicitur,
2726 1890 2758 1926 a
2784 1871 2944 1929 Patre
2965 1878 3196 1946 procedit
3224 1878 3404 1953 (Joan.
3434 1896 3524 1950 xv,
3547 1884 3658 1953 26),
3689 1878 3857 1943 Pater

2263 1968 2396 2015 vero
2419 1966 2449 2013 a
2480 1961 2648 2017 nullo.
2678 1961 2833 2018 Sicut
2862 1978 2992 2037 ergo
3023 1964 3184 2023 Pater
3212 1972 3415 2041 genuit,
3444 1973 3614 2031 Filius
3638 1979 3856 2047 genitus

2264 2056 2376 2115 est,
2420 2050 2494 2106 ita
2538 2051 2701 2109 Pater
2734 2056 2899 2121 misit,
2937 2056 3108 2114 Filius
3148 2063 3344 2118 missus
3384 2073 3487 2119 est.
3520 2066 3627 2123 Sed
3656 2078 3853 2139 quem-

2264 2144 2552 2200 admodum
2582 2147 2673 2217 qui
2720 2149 2907 2219 genuit
2943 2156 2997 2205 e’t
3024 2152 3116 2223 qui
3162 2155 3376 2225 gettitIls
3399 2160 3502 2222 est,
3543 2158 3617 2214 ita
3664 2168 3721 2216 et
3758 2163 3857 2232 qui

2262 2236 2413 2289 misit
2455 2244 2511 2291 et
2538 2237 2631 2307 qui
2669 2238 2867 2296 missus
2898 2247 3011 2308 est,
3050 2246 3217 2299 tmuin
3248 2248 3392 2313 sunt,
3424 2249 3549 2319 quia
3591 2236 3758 2308 Pater
3800 2262 3857 2311 et

2261 2324 2431 2381 Filius
2475 2340 2642 2383 unum
2670 2339 2833 2385 sunt:
2866 2333 2938 2387 ita
2967 2334 3132 2390 etiam
3175 2338 3409 2407 Spiritus
3435 2348 3657 2397 sanctus
3681 2348 3856 2401 unum

2261 2431 2387 2474 cum
2414 2419 2495 2475 eis
2538 2420 2654 2486 est,
2685 2423 2810 2492 quia
2841 2424 2958 2479 haec
2989 2426 3091 2481 tria
3126 2430 3293 2483 unum
3330 2440 3474 2485 sunt.
3517 2432 3672 2489 Sicut
3699 2437 3853 2492 enim

2261 2514 2448 2567 natum
2482 2528 2603 2571 esse
2637 2525 2722 2571 εει
2760 2516 2918 2584 Filio,
2947 2533 2977 2573 a
3006 2517 3167 2576 Patre
3193 2536 3343 2589 esse,
3378 2524 3453 2579 ita
3480 2527 3623 2582 mitti
3650 2536 3737 2584 est
3764 2528 3859 2584 Fi:

2260 2602 2354 2671 lio,
2380 2610 2630 2678 cognosci
2657 2612 2801 2679 quod
2828 2612 2896 2666 ab
2924 2610 3016 2668 illo
3039 2614 3109 2669 sit
3134 2633 3148 2668 :
3176 2622 3231 2669 et
3271 2617 3410 2671 sicut
3458 2615 3686 2688 Spiritui
3731 2624 3858 2678 satio

2261 2706 2349 2753 cto
2391 2698 2592 2753 donum
2639 2700 2735 2756 Dei
2784 2718 2936 2769 esse,
2976 2714 3062 2760 est
3106 2723 3137 2761 a
3182 2705 3347 2764 Patre
3390 2710 3727 2779 procedere,
3776 2712 3855 2769 ita

2259 2789 2426 2855 mitti,
2456 2790 2539 2845 est
2568 2792 2821 2863 cognosci
2853 2794 2995 2865 quod
3031 2796 3100 2852 ab
3124 2796 3215 2852 illo
3249 2799 3527 2869 procedat.
3570 2798 3681 2858 Nec
3724 2818 3859 2876 pos-

2260 2880 2449 2937 Sumus
2472 2883 2653 2940 dicere
2684 2886 2829 2955 quod
2873 2885 3107 2958 Spiritus
3136 2896 3356 2947 saueius
3395 2899 3451 2947 et
3495 2906 3525 2947 a
3565 2890 3711 2949 Filio
3744 2913 3857 2952 non

2258 2974 2548 3043 procedat;
2583 2980 2759 3045 neque
2788 2978 2931 3032 enim
2974 2978 3179 3035 frustra
3210 2981 3349 3037 idem
3389 2982 3627 3053 Spiritus
3660 2994 3718 3041 et
3749 2985 3858 3043 Pa-

2258 3067 2360 3121 tris
2385 3075 2440 3123 et
2470 3064 2592 3123 Filii
2622 3070 2843 3140 spiritus
2873 3072 3090 3127 dicitur.
3123 3070 3234 3130 Nec
3265 3074 3419 3130 video
3446 3076 3574 3146 quid
3606 3077 3760 3133 aliud
3790 3079 3860 3135 si-

552 3126 845 3192 uuitatem;
878 3132 1108 3203 ideoque
1133 3146 1239 3190 non
1283 3138 1393 3192 sint
1424 3142 1535 3195 tres
1563 3140 1659 3209 dii,
1700 3142 1797 3199 sed
1821 3158 1959 3199 unus
1986 3147 2147 3215 Deus,
2174 3126 2225 3195 ε
2259 3159 2517 3231 gniﬁcare
2546 3126 2797 3229 voluerit,
2828 3178 2951 3220 cum
2982 3164 3200 3221 sumans
3227 3165 3279 3221 in
3321 3126 3515 3222 faeie1m
3554 3168 3858 3241 discipulo—

554 3222 804 3290 quamvls
838 3222 1000 3280 Pater
1028 3224 1223 3283 FiliUm
1266 3233 1548 3302 genuerit,
1576 3241 1632 3289 et
1676 3234 1801 3291 ideo
1842 3234 2013 3293 Filius
2041 3250 2150 3297 non

554 3312 747 3384 sitqui
795 3316 956 3373 Pater
990 3328 1092 3386 est,
1135 3321 1413 3393 Filiusque
1456 3330 1484 3378 a
1532 3324 1699 3381 Patre
1729 3328 1799 3383 sit
1828 3331 2067 3400 genitus,
2096 3342 2153 3389 et

554 3404 682 3460 ideo
717 3405 880 3463 Pater
910 3418 1018 3466 non
1051 3413 1122 3467 sit
1160 3413 1250 3483 qui
1293 3413 1468 3471 Filius
1495 3426 1606 3481 est,
1653 3414 1887 3490 Spiritus
1927 3424 2151 3480 sanctus

552 3498 655 3551 nec
684 3494 848 3553 Pater
875 3500 946 3555 sit
974 3516 1073 3558 nec
1123 3504 1310 3569 Filius,
1338 3506 1432 3561 sed
1481 3514 1688 3563 tantum
1721 3508 1897 3566 Patris
1927 3522 1982 3568 et
2025 3504 2147 3571 Filii

552 3584 812 3657 Spiritus,
847 3591 993 3648 Patri
1039 3603 1095 3649 et
1123 3595 1262 3651 Filio
1287 3599 1448 3653 etiam
1486 3600 1602 3671 ipse
1648 3604 1957 3673 cumqualis,
1987 3606 2043 3661 et
2078 3607 2148 3663 ad

552 3675 837 3737 Trinitatis
864 3685 1144 3753 pertinens
1172 3687 1457 3744 unitatem.

553 3783 688 3873 Item
721 3788 857 3873 idem
881 3782 934 3849 in
959 3790 1139 3873 eodem
1163 3798 1293 3873 fibro'
1323 3796 1475 3873 (Grip.
1501 3800 1582 3873 8)_,
1601 3801 1743 3870 quod
1770 3800 1999 3873 Spiritus
2031 3810 2150 3863 san-

624 3872 737 3945 ctus
767 3866 1195 3945 inseparabiliter
1230 3866 1491 3945 Pan-um
1538 3866 1696 3945 Fitji,
1743 3866 1885 3945 quod
1922 3894 2039 3931 cum
2071 3879 2146 3934 ita

625 3933 722 4020 sit,
740 3933 944 4001 nti-igua:
968 3937 1243 4020 dementire
1264 3951 1337 3995 est
1363 3941 1513 3995 illum
1537 3960 1569 3997 a
1595 3933 1825 4001 Patre'et
1854 3944 1999 4001 Filio
2025 3966 2149 4020 pro-

631 4004 813 4058 cedere
842 4022 946 4061 uou
972 4009 1228 4079 proﬁteri.

628 4095 870 4167 Denique
916 4110 1139 4171 propter
1190 4104 1362 4173 ipsam
1414 4104 1935 4177 inseparabilitatem
1996 4111 2144 4166 sufﬁ-

551 4187 763 4242 cienter
807 4190 1096 4259 aliquando
1148 4194 1476 4261 nominatur,
1521 4196 1599 4251 vel
1642 4199 1804 4254 Pater
1846 4202 2013 4267 solus,
2060 4203 2146 4256 vel

544 4278 716 4336 Filius
748 4282 894 4337 sultis
917 4284 1309 4353 adimpleturus
1331 4302 1431 4342 nos
1454 4288 1637 4343 laetitia
1668 4306 1791 4344 cum
1811 4292 1965 4346 vultu
2009 4309 2143 4360 suo;

544 4374 649 4439 nec
680 4373 805 4457 tilde
838 4372 1123 4458 spatiatur
1148 4376 1437 4457 utriusque
1476 4378 1730 4453 Spiritus,
1760 4383 1812 4445 id
1842 4388 1927 4439 est
1957 4382 2136 4441 Patris

547 4471 605 4517 et
633 4465 754 4518 Filii
786 4466 1027 4535 spirius.
1054 4466 1153 4533 Qui
1190 4468 1426 4538 Spiritus
1457 4484 1679 4529 sanctus
1703 4475 1922 4544 proprie
1946 4475 2147 4530 dicitur

546 4556 761 4627 spiritus
794 4558 1047 4622 veritatis,
1082 4576 1232 4629 quem
1265 4560 1348 4614 hic
1387 4564 1613 4619 mundus
1642 4566 1876 4635 accipere
1908 4582 2010 4620 non
2045 4583 2140 4636 po-

542 4642 641 4699 test
673 4644 854 4715 (Joan.
890 4648 1001 4710 sit,
1028 4640 1137 4726 i'l).
1167 4646 1280 4705 Hoc
1319 4656 1403 4706 est
1444 4655 1587 4707 eiiiiii
1620 4648 1835 4723 plenum
1883 4655 2138 4726 gziudium

546 4734 816 4798 nostrum,
854 4742 961 4806 quo
1002 4723 1233 4810 amplius
1274 4754 1381 4797 non
1422 4748 1529 4810 e51,
1560 4743 1663 4799 frui
1704 4723 1971 4799 Trinitate
2001 4745 2134 4812 De'o,

545 4825 614 4879 ad
659 4812 810 4893 cuius
859 4827 1149 4898 imaginem
1201 4830 1326 4887 faeti
1373 4836 1579 4889 sumus.
1625 4833 1853 4906 Pmpter
1893 4833 1997 4891 hoc
2041 4836 2138 4891 ali—

545 4917 763 4988 quando
813 4917 889 4972 ita
946 4919 1184 4991 loquitur
1233 4923 1298 4979 de
1348 4923 1552 4997 Spiritu
1600 4926 1822 4991 sancto,
1878 4929 2134 5005 tanquam

547 5012 693 5067 solus
736 5012 850 5082 ipse
902 5012 1133 5071 sufﬁciat
1180 5018 1247 5072 ad
1296 5018 1685 5073 beatitudinem
1747 5030 1990 5075 nostram
2035 5041 2048 5075 :
2086 5028 2141 5077 et

547 5104 667 5160 ideo
716 5104 861 5162 solus
909 5108 1133 5175 sufﬁcit,
1171 5111 1411 5179 separari
1452 5126 1480 5164 a
1521 5111 1683 5166 Patre
1734 5116 1788 5168 et
1835 5113 1974 5169 Filio
2031 5120 2136 5170 ‘non

546 5202 756 5269 potest;
781 5199 1094 5265 sicutPater
1120 5202 1266 5258 Solus
1294 5204 1511 5270 suliicit,
1535 5207 1661 5276 quia
1684 5209 1925 5277 separari
1947 5224 1975 5263 a
2001 5208 2138 5264 Filio

540 5296 603 5349 'et
641 5290 844 5369 Spiritu
891 5302 1082 5357 sancto
1112 5301 1217 5359 non
1245 5305 1462 5369 potest:
1493 5310 1546 5355 et
1582 5300 1747 5358 Filius
1777 5303 1899 5359 ideo
1941 5303 2136 5359 suiiicit

547 5376 712 5452 solus,
748 5391 873 5461 quia
916 5380 1155 5462 separari
1192 5405 1221 5445 a
1264 5386 1424 5446 Patre
1453 5399 1508 5449 et
1554 5391 1763 5465 Spiritu
1800 5398 1989 5452 saneto
2026 5400 2136 5451 nou

546 5482 748 5551 potest.

545 5588 685 5648 Item
713 5593 851 5649 idem
877 5596 933 5648 in
965 5595 1097 5649 libro
1126 5597 1278 5670 t_ertio
1306 5595 1395 5670 (fit
1428 5596 1720 5669 prowmio),
1746 5598 1886 5670 quod
1910 5596 2138 5670 Spiritus

815 5675 1030 5720 sanctus
1056 5685 1091 5721 ο
1119 5665 1283 5724 Patre
1306 5665 1550 5739 Filioque
1572 5665 1767 5732 mum
1787 5671 1875 5723 sit.

620 5757 759 5815 Cum
786 5759 932 5817 enim
966 5760 1033 5816 ad
1065 5760 1119 5817 id
1143 5767 1363 5818 ventum
1392 5769 1558 5831 esset,
1584 5771 1646 5819 ut
1671 5763 1931 5822 vellemus
1952 5769 2136 5821 esten-

2258 3258 2378 3309 t'um
2408 3258 2523 3310 ait:
2552 3258 2784 3328 Accipite
2830 3256 3084 3330 Spiritum
3121 3262 3359 3314 sanctum
3398 3261 3577 3333 (Joau.
3608 3266 3703 3328 xx,
3736 3260 3855 3338 22).

2256 3338 2441 3420 Neque
2487 3350 2632 3405 enim
2673 3351 2831 3407 ﬂatus
2866 3352 2955 3408 ille
2987 3362 3299 3425 corporeus,
3345 3370 3468 3409 cum
3516 3367 3680 3411 sensu
3735 3372 3859 3413 cor-

2253 3444 2513 3515 poraliter
2546 3447 2799 3516 (augendi
2840 3447 3138 3517 procedens
3159 3463 3225 3501 ex
3256 3463 3503 3519 corpore,
3537 3451 3854 3507 substantia

2255 3532 2491 3606 Spiritus
2520 3539 2694 3592 sancti
2730 3538 2851 3604 fuit,
2877 3538 2972 3593 Sed
2997 3538 3386 3593 demonstratio
3416 3553 3514 3609 per
3544 3555 3854 3610 congruam

2253 3628 2726 3698 significationem,
2761 3646 2868 3687 nou
2911 3638 3121 3686 tantum
3152 3647 3182 3686 a
3216 3628 3400 3695 Patre,
3438 3633 3533 3687 sed
3564 3639 3620 3687 et
3648 3644 3676 3686 a
3710 3631 3851 3690 Filio

2250 3720 2545 3791 procedere
2576 3722 2837 3791 Spiritum
2880 3733 3149 3779 sanctum.
3195 3723 3328 3792 Quis
3365 3723 3508 3778 enim
3552 3725 3855 3783 dementis-

2251 3813 2422 3869 simus
2451 3815 2669 3880 dixerit,
2699 3817 2862 3870 alium
2894 3816 3063 3872 filiase
3085 3816 3347 3888 Spiritum
3380 3824 3651 3884 sanctum,
3679 3832 3852 3890 quem

2250 3903 2470 3961 sufﬂans
2496 3906 2661 3969 dedit,
2686 3917 2738 3960 et
2758 3909 2923 3961 alium
2948 3912 3107 3978 quem
3136 3916 3258 3981 post
3282 3908 3492 3963 ascensi
3518 3924 3654 3963 luem
3681 3925 3850 3965 suam

2249 3992 2430 4051 misit?
2456 3994 2606 4050 Unus
2638 3984 2780 4051 enim
2810 3998 3031 4066 spiritus
3064 4006 3169 4063 est,
3211 4000 3433 4071 spiritus
3461 3999 3853 4083 Deipspiritus

2248 4080 2427 4140 Patris
2456 4094 2512 4139 et
2538 4084 2679 4146 Filii.
2711 4085 2946 4159 Spiritus
2975 4099 3218 4157 sanctus,
3247 4093 3340 4163 qui
3370 4080 3630 4164 operatur
3654 4097 3851 4151 omnia

2249 4176 2304 4233 in
2332 4179 2607 4233 omnibus.

2249 4290 2387 4346 Item
2432 4293 2569 4375 idem
2589 4294 2850 4375 ,ῥεῖ’-Ιὶ2νο
2890 4307 3035 4375 sexto
3082 4297 3232 4375 (Cap.
3266 4299 3384 4371 10),
3428 4302 3570 4372 quod
3609 4301 3851 4375 Spiritus

2322 4374 2535 4446 sanctus
2580 4363 2709 4419 Filii
2752 4363 3030 4446 Patrisque
3070 4363 3299 4426 suauitas
3333 4363 3528 4429 E'itude
3563 4363 3662 4445 qui.
3693 4388 3852 4446 negat

2321 4434 2535 4518 euinub
2563 4446 2783 4518 utroque
2807 4434 3100 4518 procedere,
3135 4454 3449 4518 consequens
3485 4434 3649 4498 est'ut
3692 4434 3848 4518 ηεῇει

2167 4520 2225 4585 ι)
2320 4507 2631 4561 suavitatem
2655 4506 2879 4571 «Putre
2896 4520 2947 4564 et
2973 4509 3116 4566 lilio
3146 4506 3443 4583 νοσώδη.

2315 4615 2408 4671 Illa
2433 4618 2563 4688 ergo
2585 4618 2825 4685 dilectio,
2851 4621 3160 4691 demutatio,
3179 4625 3409 4683 felicitas
3424 4627 3509 4684 vel
3533 4626 3844 4697 beatitudo,

2244 4709 2319 4765 ita
2344 4712 2392 4766 sl
2424 4718 2603 4767 tamen
2631 4713 2809 4785 aliqua
2841 4718 3073 4773 humana
3107 4726 3238 4775 vdee
3266 4722 3426 4791 digne
3456 4721 3679 4785 dicitur,
3707 4732 3848 4781 usus

2245 4802 2314 4859 ab
2349 4805 2439 4861 illo
2480 4811 2779 4880 appellatus
2820 4816 2904 4868 est
2946 4815 3206 4879 breviter,
3239 4827 3295 4872 et
3328 4826 3411 4873 est
3457 4817 3511 4872 in
3564 4817 3847 4877 Trinitate

2244 4893 2480 4965 Spiritus
2502 4912 2740 4969 sanctus,
2769 4912 2873 4959 neu
2902 4907 3134 4976 genitus,
3163 4909 3256 4964 sed
3278 4910 3536 4979 genitoris
3559 4912 3848 4984 genitique

2243 4992 2508 5057 abaritas,
2535 4995 2738 5065 ingenti
2767 4996 3017 5067 largitate
3045 5006 3206 5068 atque
3232 5001 3480 5057 ubertate
3502 5003 3846 5074 perfundens

2242 5092 2433 5138 omnes
2460 5099 2563 5138 cret
2591 5092 2744 5141 turus
2766 5094 2863 5156 pro
2887 5094 3047 5158 captu
3077 5102 3287 5155 earum,
3317 5100 3377 5145 ut
3397 5093 3646 5148 ordinem
3675 5108 3843 5150 suum

2240 5178 2482 5241 tem-ant,
2509 5185 2565 5231 et
2597 5178 2729 5235 locis
2760 5182 2872 5234 suis
2905 5185 3271 5252 acquiescant.
3304 5184 3429 5241 Haec
3458 5187 3625 5258 igitur
3649 5186 3843 5243 omnia

2240 5282 2361 5336 qum
2389 5278 2507 5323 arte
2531 5270 2711 5324 divina
2740 5271 2883 5327 facta
2909 5283 3057 5339 sunt,
3086 5278 3143 5330 et
3166 5278 3429 5333 unitatem
3461 5281 3754 5349 quamdam
3785 5281 3844 5336 in

2239 5371 2299 5416 se
2318 5363 2630 5428 ostendunt,
2654 5373 2709 5418 es
2730 5369 2993 5435 speciem,
3017 5378 3074 5425 et
3097 5371 3363 5426 ordinem.
3384 5370 3662 5444 Quidquid
3683 5372 3842 5429 ollim

2241 5450 2437 5512 harum
2460 5463 2565 5520 est,
2590 5465 2648 5510 et
2673 5473 2840 5513 unum
2866 5460 3068 5530 aliquid
3094 5470 3196 5518 est.

2241 5564 2376 5622 tum
2401 5570 2535 5650 idem
2567 5569 2620 5622 iu
2647 5569 2778 5625 libro
2806 5571 3006 5650 decimo
3029 5576 3209 5650 quipio
3230 5574 3382 5649 (Cap.
3407 5576 3520 5648 17),
3544 5576 3689 5650 quod
3714 5575 3841 5649 Spi.

2434 5641 2568 5694 ritus
2597 5654 2808 5699 sanctus
2836 5662 2869 5699 a
2899 5641 3062 5700 Patre
3090 5641 3340 5719 Filioque.
3359 5641 3630 5721 procedet.

2310 5756 2506 5815 Neseio
2533 5773 2630 5816 cur
2652 5774 2760 5818 non
2797 5763 2937 5819 sicut
2973 5762 3239 5832 sapientia
3266 5773 3320 5822 et
3342 5767 3509 5822 Pater
3543 5764 3747 5823 dicitur
3772 5773 3841 5833 et
