4046 6442
206 337 316 400 261

1496 324 1586 384 DE
1629 316 1902 378 SPIRITU
1940 315 2226 374 SANCTO.

3375 308 3484 370 262

202 441 402 518 Filius,
427 462 481 508 et
505 450 742 522 Spiritus
768 454 1009 510 sanctus,
1037 451 1091 499 et
1116 425 1275 497 simul
1303 453 1492 495 omnes
1525 453 1630 491 non
1666 445 1791 492 tres,
1828 438 1871 496 Α
1900 446 2003 522 qua
2031 428 2138 496 jam
2169 427 2342 499 parta]
2371 439 2463 480 seu
2502 426 2678 522 genita
2703 415 2950 480 voluntas
2977 410 3486 522 ἱ11άρθτῐὶοίίυνφο

204 550 302 606 sed
336 564 438 600 una
480 545 777 614 sapientia:
815 543 884 595 ita
915 549 965 593 ct
1011 540 1248 591 Charitas
1277 542 1328 588 ct
1377 531 1537 586 Pater
1583 531 1794 582 dicatur

205 651 263 696 et
303 639 472 694 Filius
500 641 552 691 et
600 636 832 707 Spiritus
879 637 1116 693 sanctus,
1157 635 1209 682 et
1252 625 1406 680 simul
1451 639 1639 677 omnes
1691 635 1792 672 una

208 735 470 790 Charitas.
505 729 594 785 Sic
621 729 763 782 enim
795 739 842 780 et
874 727 1032 780 Pater
1063 723 1222 783 Deus,
1253 729 1306 773 et
1340 717 1506 772 Filius
1541 717 1703 777 Deus,
1743 711 1796 765 et

209 817 452 896 Spiritus
481 827 698 877 sanctus
749 821 906 880 Deus,
948 813 1002 870 el
1033 813 1191 870 simul
1238 813 1424 865 omne.
1461 825 1600 862 unus
1633 805 1791 859 Deus.

209 909 278 974 Et
312 920 492 974 tamen
537 919 642 970 non
682 914 879 966 frustra
912 907 1095 964 iuliae
1135 905 1400 960 Trinitate
1447 905 1552 956 non
1599 900 1797 953 dit-iter

209 999 448 1069 Verbum
480 1003 572 1063 Dei
605 1007 705 1061 nisi
735 999 923 1065 Filius,
951 1005 1050 1055 nec
1078 1000 1276 1053 denum
1309 995 1399 1048 Dei
1425 993 1525 1047 nisi
1562 989 1796 1062 Spiritus

209 1107 457 1166 Sanctus,
488 1116 587 1156 nec
619 1099 684 1152 de
716 1113 821 1166 quo
850 1094 1085 1166 genitum
1113 1099 1191 1145 est
1220 1083 1475 1149 Verbum,
1511 1092 1565 1137 et
1600 1083 1664 1136 de
1691 1096 1797 1150 quo

206 1193 458 1268 procedit
504 1188 876 1264 principaliter
924 1186 1159 1254 Spiritus
1209 1187 1450 1244 sanctus,
1502 1179 1603 1231 nisi
1657 1175 1798 1229 Deus

209 1290 397 1346 Pater.
431 1274 555 1340 ideo
602 1295 781 1338 autem
819 1279 1016 1344 aldidi,
1049 1275 1435 1349 principaliter,
1479 1273 1602 1342 quia
1641 1269 1694 1324 et
1734 1269 1799 1324 dc

210 1374 350 1440 Filio
388 1367 619 1450 Spiritus
649 1385 869 1432 sanctus
900 1371 1193 1444 procedere
1233 1368 1502 1440 reperitur
1529 1382 1542 1419 :
1576 1365 1667 1419 sed
1699 1364 1802 1417 hoc

211 1492 430 1549 quoque
476 1463 552 1528 illi
579 1462 740 1526 Pater
765 1469 932 1532 dedit,
963 1483 1068 1549 non
1115 1465 1228 1535 jam
1261 1462 1535 1549 existenti,
1583 1467 1638 1513 et
1670 1473 1802 1540 non-

215 1547 361 1625 dunr
387 1564 626 1628 babenti,
671 1553 765 1618 sed
810 1547 1070 1632 quidquid
1119 1557 1397 1626 unigenito
1430 1547 1606 1608 V’crbo
1633 1550 1801 1614 dedit,

210 1659 482 1738 gignendo
521 1651 684 1715 dedit.
722 1658 811 1712 Sic
859 1671 987 1725 ergo
1028 1668 1151 1708 eum
1181 1651 1394 1722 genuit,
1427 1657 1485 1701 ut
1530 1645 1696 1699 etiam
1739 1643 1804 1696 de

214 1752 308 1808 illo
335 1754 533 1808 donum
564 1764 846 1815 commune
879 1745 1216 1818 procederet,
1242 1752 1296 1799 et
1319 1741 1555 1812 Spiritus
1585 1745 1804 1792 sanctus

1903 515 2005 580 line
2041 526 2405 594 requiescens,
2442 533 2497 575 ut
2527 521 2614 590 qui
2659 519 2833 574 fuerat
2867 521 3134 589 appetitus
3173 519 3486 590 quarrenlis,

1899 619 1967 671 sit
1996 633 2149 670 anmr
2180 615 2405 670 frucntis
2431 633 2441 667 :
2472 615 2561 683 qui
2585 613 2697 681 jam
2727 613 2791 666 de
2822 624 3074 682 utroque,
3102 613 3152 665 id
3183 620 3284 676 est,
3317 612 3383 666 de
3409 612 3491 682 gi-

1899 713 2096 779 gnente
2134 719 2332 770 mente,
2361 716 2413 761 et
2439 707 2504 760 de
2537 706 2714 774 genita
2744 693 2980 769 notione,
3019 714 3271 772 tanquam
3298 704 3363 758 de
3393 718 3489 772 pa-

1900 799 2052 853 rente
2099 815 2161 853 ac
2195 798 2342 868 prole
2387 797 2662 868 procedat.
2710 795 2820 848 Non
2873 804 3096 865 possunt
3127 811 3349 864 prorsus
3382 795 3486 849 ista

1900 887 1970 942 ibi
2003 889 2194 957 (pueri,
2223 890 2311 942 ubi
2344 888 2474 942 nihil
2509 903 2571 941 ex
2605 897 2844 956 tempore
2879 883 3183 951 inchoatur,
3209 879 3269 939 ut
3298 901 3489 941 conse-

1899 981 2084 1048 quenti
2115 979 2429 1049 perliciatnr
2459 981 2510 1034 in
2541 991 2800 1050 tempore.
2828 973 3167 1049 Quapropter
3195 979 3286 1048 qui
3313 987 3492 1048 potest

1903 1072 2197 1140 intelligere
2228 1073 2343 1126 sine
2373 1075 2614 1142 tempore
2640 1073 3039 1142 generationem
3069 1070 3190 1124 Filii
3213 1072 3279 1126 de
3307 1061 3491 1136 Patre,

1901 1161 2166 1232 intelligat
2191 1163 2306 1215 sine
2332 1169 2578 1230 tempore
2607 1165 3010 1232 processionem
3058 1157 3293 1234 Spiritus
3320 1163 3491 1218 sancti

1902 1251 1966 1307 de
1995 1261 2223 1324 utroque
2252 1274 2262 1307 :
2297 1262 2349 1308 et
2377 1257 2465 1325 qui
2504 1263 2685 1325 potest
2721 1247 3020 1329 intelligere
3056 1260 3108 1311 in
3145 1273 3211 1312 eo
3241 1258 3384 1328 quod
3414 1258 3490 1311 ait

1901 1347 2109 1402 Filius:
2143 1348 2288 1402 Sicut
2315 1347 2463 1403 habet
2495 1341 2660 1404 Pater
2697 1354 2855 1405 vitam
2888 1355 2943 1406 in
2982 1355 3278 1422 semetipso,
3309 1353 3384 1407 sic
3407 1352 3494 1406 de-

1904 1442 1979 1495 dit
2011 1437 2151 1495 Filio
2177 1444 2332 1496 vitam
2355 1441 2542 1497 habere
2573 1443 2627 1496 in
2655 1447 2928 1516 semetipso
2956 1430 3137 1516 (.loan.
3164 1461 3218 1510 ν,
3245 1446 3360 1514 26),
3387 1459 3496 1499 non

1906 1533 2021 1586 sine
2050 1534 2159 1587 vita
2197 1535 2452 1589 existenti
2477 1534 2590 1603 jam
2622 1533 2756 1589 Filio
2802 1533 2965 1594 vitam
3003 1539 3220 1592 Patrem
3255 1538 3490 1604 dedisse,

1908 1623 2001 1677 sed
2043 1621 2116 1678 ila
2165 1641 2285 1680 eum
2329 1628 2446 1681 sine
2499 1636 2740 1697 tempore
2771 1630 3042 1698 genuisse,
3084 1639 3143 1684 ut
3170 1631 3306 1695 vita,
3336 1645 3497 1700 quam

1908 1711 2069 1769 Pater
2095 1713 2230 1770 Filio
2272 1709 2538 1789 gignendo
2567 1719 2734 1786 dedit,
2767 1730 3038 1776 ceteterna
3069 1723 3140 1776 sit
3167 1725 3292 1776 vita:
3318 1723 3497 1778 Patris

213 1805 609 1918 spiritusesset
641 1805 942 1898 amborum.
990 1829 1108 1893 Non
1149 1805 1232 1892 est
1280 1805 1442 1906 igitur
1489 1829 1798 1900 accipienda
1831 1805 1878 1866 Β
1908 1807 2170 1918 (Ιηίῇιφξξί
2197 1828 2214 1909 ⁵)
2243 1811 2530 1918 “muli-‘32
2563 1812 2703 1917 ξίειιι
2730 1805 2892 1870 habet
2930 1813 3092 1870 Ρειῑον
3121 1816 3175 1870 in
3205 1817 3498 1888 δθηιθίίβεο

213 1945 584 2002 transeunter,
646 1935 738 1990 sed
793 1925 1076 2004 diligenter
1110 1928 1366 1985 intuenda
1422 1923 1799 1994 inseparabilis

214 2021 502 2090 Trinitatis
529 2030 632 2084 ista
661 2028 958 2084 distinctio.

469 2105 606 2175 item
630 2119 767 2174 idem
795 2119 850 2173 in
873 2118 1051 2174 eodem
1083 2115 1214 2171 libro
1243 2115 1396 2188 (Cap.
1422 2113 1535 2187 26).

282 2199 488 2273 Deinde
521 2201 575 2268 in
608 2197 697 2268 illa
723 2226 933 2268 summa
963 2210 1227 2265 Trinitate
1255 2225 1374 2283 qtuc
1403 2207 1544 2262 Deus
1571 2213 1672 2266 est,
1720 2204 1804 2260 in-

210 2306 438 2364 tervalla
484 2307 783 2375 temperum
828 2302 974 2357 nulla
1019 2305 1166 2366 sunt,
1205 2315 1303 2370 per
1335 2315 1454 2369 quae
1499 2297 1671 2368 possit
1710 2312 1802 2351 os-

211 2382 362 2453 tendi
391 2389 481 2450 aut
508 2389 696 2450 saltem
723 2377 948 2462 requiri,
973 2383 1154 2456 utrum
1183 2391 1334 2459 prius
1361 2389 1425 2445 de
1455 2385 1615 2441 Patre
1645 2394 1804 2440 natus

211 2475 286 2544 sit
314 2473 502 2550 Filius,
529 2493 584 2542 et
612 2493 798 2556 postea
825 2471 891 2538 de
921 2483 1185 2538 ambobus
1209 2481 1537 2551 processerit
1568 2479 1806 2548 Spiritus

213 2585 469 2645 sanctus,
515 2574 770 2649 queniam
822 2575 1101 2645 Scriptura
1150 2582 1337 2629 sancta
1392 2573 1640 2644 spiritum
1681 2587 1806 2626 eum

215 2662 350 2726 dicit
381 2665 682 2724 amborum.
725 2669 844 2737 Ipse
871 2676 954 2722 est
988 2667 1132 2721 enim
1163 2666 1229 2720 de
1259 2680 1367 2734 quo
1405 2665 1534 2718 dicit
1579 2664 1808 2734 Aposto-

213 2763 338 2818 lus:
371 2761 630 2828 Quoniam
677 2771 851 2813 autem
889 2759 1010 2813 estis
1046 2755 1167 2826 ﬁlii,
1199 2757 1340 2812 misit
1372 2755 1514 2810 Deus
1562 2757 1806 2825 spiritum

213 2849 349 2908 Filii
375 2853 454 2906 sui
489 2853 540 2906 in
567 2849 728 2906 corda
756 2861 935 2904 nostra
968 2835 1108 2922 (Cal.
1141 2866 1214 2914 tv,
1242 2848 1326 2919 6);
1361 2857 1414 2902 et
1460 2849 1572 2918 ipse
1617 2856 1701 2901 est
1743 2847 1809 2902 de

216 2947 327 3018 Quo
371 2945 501 3000 dicit
541 2944 684 3000 idem
715 2931 883 2997 Filius
917 2955 931 2996 :
973 2935 1094 2996 Non
1136 2943 1273 2996 enim
1310 2959 1394 2996 ros
1445 2926 1565 2994 estis
1607 2940 1696 3011 qui
1737 2938 1808 2992 lo-

217 3037 463 3109 quimini,
499 3035 588 3090 sed
620 3036 833 3106 spiritus
867 3019 1042 3088 Patris
1077 3035 1232 3088 vestri
1267 3034 1354 3104 qui
1382 3032 1614 3103 loquitur
1641 3033 1695 3086 in
1725 3047 1810 3086 vo-

218 3129 296 3182 bis
339 3117 646 3198 (Matt/1.x,
675 3120 796 3195 20);
841 3134 897 3180 et
941 3113 1125 3180 multis
1170 3124 1288 3180 aliis
1338 3124 1647 3178 divinorum
1697 3123 1811 3178 elo-

217 3221 472 3293 quiorum
501 3219 818 3274 testimoniis
843 3219 1224 3288 comprobatur
1253 3217 1429 3271 Patris
1453 3223 1508 3269 et
1536 3215 1653 3269 Filii
1685 3231 1808 3270 esse

217 3320 505 3390 spiritum,
542 3317 634 3386 qui
665 3317 880 3387 proprie
930 3315 1128 3369 dicitur
1172 3314 1226 3368 in
1259 3313 1525 3367 Trinitate
1575 3311 1811 3382 Spiritus

219 3420 462 3468 sanctus.
518 3411 595 3466 De
629 3426 738 3479 quo
770 3410 900 3464 item
932 3408 1065 3463 dicit
1109 3407 1222 3477 ipse
1266 3405 1473 3460 Filius:
1515 3402 1681 3469 Quem
1716 3420 1810 3473 ego

218 3507 371 3560 mitto
400 3504 536 3559 vobis
581 3522 612 3560 α
638 3504 796 3557 Patre
831 3501 1014 3570 (Joan.
1037 3516 1129 3566 xv,
1161 3500 1286 3569 ‘28);
1329 3511 1383 3553 et
1419 3500 1473 3553 in
1520 3498 1627 3552 alio
1667 3481 1810 3562 loc"),

220 3613 376 3668 quem
415 3599 579 3650 mittet
620 3593 782 3648 Pater
820 3595 873 3647 in
919 3594 1125 3646 nomine
1166 3608 1279 3644 meo
1321 3589 1516 3659 (Joau.
1543 3605 1654 3652 xw,
1697 3588 1809 3658 Q6).

221 3691 297 3746 De
329 3697 561 3758 utroque
595 3694 779 3740 autem
821 3685 1116 3754 procedere
1157 3685 1236 3738 sic
1267 3684 1509 3744 docetur,
1545 3681 1668 3750 quia
1703 3681 1817 3748 ipse

221 3779 396 3834 Filius
437 3777 549 3831 ait:
582 3775 646 3830 de
676 3775 838 3828 Patre
864 3774 1130 3844 procedit;
1175 3780 1231 3826 et
1261 3787 1383 3826 eum
1429 3771 1820 3825 resurrexisset

226 3888 255 3926 a
287 3870 540 3930 mortuis.
570 3876 625 3922 et
654 3866 998 3936 apparuisset
1045 3865 1324 3935 discipulis
1353 3863 1486 3923 suis,
1527 3861 1818 3916 insutilavit

225 3973 284 4019 et
312 3962 389 4016 ait
412 3981 425 4015 :
457 3961 690 4030 Accipite
717 3959 973 4029 Spiritum
1000 3966 1239 4012 sanctum
1264 3956 1443 4027 (Joan.
1469 3971 1558 4018 xx,
1591 3954 1680 4021 22)
1699 3993 1713 4018 ,
1756 3961 1819 4007 ut

226 4074 354 4116 eum
391 4057 553 4110 etiam
580 4057 645 4110 de
685 4071 744 4110 se
772 4055 1066 4124 procedere
1099 4051 1408 4105 ostenderet
1445 4069 1457 4102 :
1488 4057 1543 4102 et
1587 4049 1701 4118 ipse
1733 4055 1820 4102 est

228 4153 392 4206 virtus
417 4166 534 4220 qua:
571 4148 635 4201 de
668 4147 759 4200 illo
788 4146 982 4210 exibat,
1011 4145 1149 4200 sicut
1185 4145 1378 4214 legitur
1407 4144 1460 4196 in
1502 4141 1814 4209 Evangelia,

229 4255 279 4299 et
328 4243 547 4298 sanabat
577 4259 766 4305 omnes
822 4239 974 4310 (Luc.
1013 4255 1097 4302 vr,
1142 4238 1250 4304 l9).
1296 4237 1438 4304 Quid
1480 4252 1606 4289 vero
1657 4233 1821 4287 fuerit

231 4351 431 4400 caustc,
461 4345 520 4389 ut
559 4342 682 4404 post
734 4330 1187 4387 resurrectionem
1235 4344 1386 4384 suam
1415 4367 1428 4391 ,
1471 4338 1527 4380 et
1568 4327 1620 4380 in
1673 4334 1817 4378 terra

230 4429 385 4502 prius
431 4427 616 4492 daret,
661 4434 717 4481 et
759 4425 826 4480 de
861 4424 999 4478 ctelo
1040 4433 1223 4491 postea
1271 4421 1512 4474 mitteret
1556 4417 1821 4486 Spiritum

188 4558 194 4562 -
235 4521 639 4584 sanctum,~hoc
680 4533 780 4590 ego
817 4517 1086 4579 existimo,
1115 4514 1242 4583 quia
1277 4528 1373 4582 per
1415 4513 1588 4580 ipsum
1620 4511 1819 4564 donum
1850 4529 1902 4590 Β

238 4615 336 4669 Dei
367 4612 534 4666 dili‘nn
561 4613 685 4666 litur
718 4611 956 4664 charitas
985 4609 1038 4662 in
1062 4608 1316 4663 cordibus
1353 4606 1573 4666 nostris,
1609 4619 1714 4671 qua
1745 4603 1827 4656 di-

234 4707 454 4776 ligimus
477 4704 644 4757 Deum
671 4711 724 4757 et
752 4702 1080 4772 proximum,
1112 4698 1406 4754 secundum
1431 4698 1536 4750 duo
1567 4696 1651 4751 illa
1692 4711 1828 4764 prm-

237 4807 417 4867 cepta,
458 4797 510 4850 in
557 4793 751 4865 quibus
794 4795 903 4848 tota
936 4793 1018 4846 lex
1065 4791 1261 4861 pendet
1291 4798 1344 4843 et
1387 4783 1683 4858 prophctze.
1717 4783 1828 4840 l‘loc

238 4890 553 4960 signiﬁcans
595 4889 854 4942 Dominus
900 4885 1060 4940 Iesus
1091 4886 1172 4939 bis
1207 4884 1352 4938 dedit
1401 4882 1664 4952 Spiritum
1708 4898 1830 4935 san-

239 4991 408 5038 ctum.
442 4981 691 5035 semeloin
733 4988 877 5033 terra
924 4986 1133 5048 propth
1175 4977 1516 5030 dilectionem
1565 4975 1828 5044 proximi,

240 5085 298 5134 et
325 5077 521 5130 iterum
555 5077 619 5130 de
643 5074 778 5129 caalo
808 5083 1027 5144 propter
1053 5071 1396 5126 dilectionem
1426 5069 1520 5123 Dei

313 5170 452 5224 Item
481 5170 618 5223 idem
643 5170 699 5222 in
717 5169 894 5222 eodem
921 5166 1052 5220 libro
1077 5165 1228 5235 (Cap.
1254 5165 1395 5233 eod.)
1426 5172 1539 5234 post
1568 5179 1758 5233 pauca.

316 5260 569 5330 Nunquid
597 5275 726 5330 ergo
756 5273 1042 5327 possumus
1079 5271 1324 5325 qiuerere
1353 5264 1532 5309 utrum
1558 5253 1670 5322 jam
1713 5268 1836 5322 pro-

247 5361 494 5409 cesserat
519 5351 587 5405 de
614 5352 774 5405 Patre
802 5349 1039 5420 Spiritus
1062 5356 1300 5410 sanctus,
1326 5346 1540 5415 quando
1573 5356 1734 5399 natus
1754 5354 1839 5400 est

251 5447 439 5510 Filius,
476 5463 544 5500 an
581 5445 817 5499 nomium
850 5449 1209 5512 processerat,
1241 5449 1296 5493 et
1323 5439 1411 5494 illo
1442 5449 1568 5493 nato
1597 5439 1664 5492 de
1695 5447 1842 5493 utro-

251 5555 358 5610 que
401 5538 687 5609 processit,
717 5536 806 5590 ubi
839 5534 982 5588 nulla
1011 5541 1137 5587 sunt
1166 5541 1409 5599 tempora
1437 5546 1449 5584 :
1487 5531 1628 5584 sicut
1669 5529 1846 5597 potui-

254 5645 376 5688 mus
422 5643 686 5700 quarere,
727 5628 814 5682 ubi
855 5628 1158 5682 invenimus
1205 5636 1470 5696 tempora,
1509 5627 1844 5682 voluntatem

254 5727 406 5796 prius
429 5725 496 5780 de
518 5725 748 5778 humana
779 5730 956 5776 mente
986 5721 1298 5791 procedere,
1324 5729 1382 5774 ut
1407 5731 1679 5790 quzeratur
1705 5719 1848 5789 quod

256 5814 540 5876 inventum
579 5814 758 5886 proles
800 5822 1025 5872 vocetur
1065 5813 1234 5889 :quia
1277 5813 1394 5886 jam
1437 5820 1591 5884 parta
1643 5811 1848 5884 [Edd.,

1905 1911 1965 1954 ut
1987 1901 2053 1955 de
2082 1899 2173 1956 illo
2203 1904 2462 1972 procedat
2490 1903 2724 1974 Spiritus
2753 1916 2990 1972 sanctus,
3018 1909 3096 1962 sic
3122 1909 3335 1964 dedisse
3359 1910 3496 1964 Filio

1907 1993 1966 2045 tit
1995 1992 2060 2045 de
2089 1985 2177 2046 illo
2212 1991 2469 2063 procedat
2500 1987 2640 2050 idem
2673 1996 2908 2067 Spiritus
2935 2008 3174 2062 sanctus,
3207 2009 3263 2054 et
3291 2009 3502 2056 utrum-

1910 2093 2012 2152 que
2042 2084 2159 2139 sine
2205 2094 2463 2155 tempore,
2509 2097 2671 2160 atque
2719 2093 2790 2144 ita
2831 2091 3034 2147 dictum
3067 2091 3329 2162 Spiritum
3367 2111 3494 2150 san-

1907 2183 2053 2230 ctum
2081 2177 2146 2230 de
2177 2175 2336 2231 Patre
2359 2180 2674 2250 procedere,
2708 2189 2768 2235 ut
2794 2169 3126 2256 intelligatur
3153 2186 3298 2258 quod
3326 2187 3493 2244 etiam

1905 2267 2149 2337 procedit
2187 2265 2252 2323 de
2299 2263 2434 2324 Filio
2481 2269 2546 2326 de
2591 2261 2751 2326 Patre
2791 2289 2912 2330 esse
2951 2284 3006 2331 et
3051 2276 3208 2332 Filio.
3248 2277 3306 2333 Si
3349 2279 3496 2335 enim

1909 2361 2168 2429 quidquid
2214 2362 2374 2417 habet
2404 2365 2470 2418 de
2501 2355 2660 2420 Patre
2697 2366 2861 2422 habet
2899 2353 3090 2435 Filius,
3121 2371 3186 2425 de
3214 2369 3378 2426 Patre
3402 2371 3499 2426 ha-

1909 2445 2000 2506 bet
2043 2455 2227 2524 utique
2258 2466 2315 2509 ut
2349 2457 2414 2511 de
2445 2445 2535 2512 illo
2571 2447 2830 2528 procedat
2859 2459 3094 2530 Spiritus
3121 2474 3360 2520 sanctus.
3393 2465 3501 2522 Sed

1910 2544 2055 2599 nulla
2087 2539 2159 2599 ibi
2195 2556 2438 2618 tempora
2471 2552 2798 2621 cogitantur,
2831 2569 2951 2624 qua:
2993 2554 3197 2608 habent
3231 2558 3382 2626 prius
3409 2565 3503 2612 aut

1910 2639 2200 2705 posterius,
2228 2641 2354 2709 quia
2377 2643 2598 2696 omnino
2625 2644 2698 2697 ibi
2724 2645 2868 2700 nulla
2897 2646 3041 2700 Sunt.
3067 2647 3350 2715 Quomodo
3375 2665 3505 2720 ergo

1912 2743 2019 2782 non
2063 2723 2451 2787 absurdissime
2498 2733 2664 2789 Filius
2708 2736 2984 2792 diceretur
3024 2741 3340 2806 amborum,
3380 2757 3505 2797 cum

1913 2821 2052 2875 sicut
2088 2813 2226 2877 Filio
2271 2835 2492 2894 praistat
2536 2829 2831 2884 essentiam
2865 2831 2981 2886 sine
3027 2833 3183 2888 initio
3215 2837 3500 2905 temporis,

1913 2911 2028 2966 sine
2055 2912 2160 2966 ulla
2190 2913 2549 2971 mutabilitate
2585 2919 2791 2972 naturae
2814 2909 2880 2978 de
2909 2919 3070 2976 Patre
3099 2926 3395 2991 generatio,
3429 2927 3504 2981 ita

1916 3003 2139 3074 Spiritui
2186 3007 2372 3061 sancto
2419 3005 2636 3079 przestet
2678 2997 2971 3065 essentiam
3022 3013 3138 3068 sine
3189 3015 3298 3070 ullo
3351 3016 3507 3072 initio

1917 3101 2192 3172 temporis,
2229 3102 2346 3157 sine
2376 3102 2482 3156 ulla
2515 3105 2877 3160 mutabilitate
2920 3115 3130 3162 natura:
3172 3110 3237 3164 de
3281 3117 3511 3180 utroque

1915 3193 2210 3260 processio.
2239 3193 2361 3249 ideo
2385 3195 2531 3249 enim
2552 3213 2672 3250 eum
2701 3185 2963 3267 Spiritum
2992 3209 3239 3256 sanctum
3271 3203 3512 3273 genitum

1916 3302 2022 3339 non
2049 3287 2314 3353 dicamus,
2345 3289 2526 3344 dicere
2551 3299 2732 3346 tamen
2761 3309 2864 3348 non
2897 3295 3158 3350 audemus
3189 3295 3509 3366 ingenitum,

1913 3395 1982 3432 ne
2013 3379 2066 3432 in
2099 3379 2202 3433 hoc.
2226 3369 2489 3434 vocabulo
2517 3373 2600 3436 vel
2629 3384 2763 3438 duos
2796 3393 2978 3453 patres
3007 3386 3060 3439 in
3094 3387 3185 3440 illa
3214 3386 3509 3454 Triuitate,

1915 3469 2000 3523 vel
2039 3469 2173 3524 duos
2207 3472 2298 3539 qui
2332 3489 2438 3526 non
2477 3483 2602 3528 sunt
2648 3475 2712 3530 de
2740 3476 2845 3531 alio
2877 3478 3147 3546 quispiam
3187 3480 3513 3548 suspicetur.

1915 3557 2082 3614 Pater
2123 3563 2266 3615 enim
2310 3564 2458 3618 solus
2488 3581 2594 3619 non
2627 3576 2711 3620 est
2742 3569 2807 3622 de
2839 3569 2966 3632 alio,
2997 3570 3119 3625 ideo
3146 3571 3294 3626 solus
3335 3571 3532 3642 appelc'

1919 3651 2060 3703 latur
2104 3651 2405 3721 ingenitus,
2448 3672 2550 3710 non
2593 3658 2809 3725 quilem
2854 3660 2909 3713 in
2953 3659 3278 3732 Scripturis,
3321 3663 3412 3722 sed
3456 3665 3513 3722 in

1921 3744 2308 3798 consuetudine
2357 3746 2772 3816 disputantium,
2819 3759 2872 3805 et
2915 3753 2980 3806 de
3024 3769 3080 3807 re
3117 3761 3265 3808 tanta
3309 3769 3515 3812 sermo-

1921 3847 2042 3885 nem
2089 3833 2302 3902 qualem
2353 3836 2622 3892 valuerint
2662 3839 3072 3909 proferentium.
3115 3845 3288 3902 Filius
3336 3857 3548 3904 antem-

1919 3925 1986 3978 de
2036 3923 2196 3979 Patre
2247 3937 2408 3983 natus
2452 3937 2558 3994 est,
2595 3940 2644 3986 et
2696 3932 2932 4002 Spiritus
2976 3949 3196 3998 sanctus
3239 3939 3305 3993 de
3351 3938 3512 3998 Patre

1918 4018 2308 4086 principaliter,
2353 4032 2406 4075 et
2457 4023 2573 4102 ipso
2613 4011 2730 4078 sine
2769 4026 2878 4080 ullo
2923 4027 3208 4084 intervallo
3255 4035 3516 4102 temporis

1918 4105 2097 4171 dante,
2145 4114 2506 4166 communiter
2544 4101 2610 4168 de
2652 4124 2881 4185 utroque
2923 4121 3186 4187 procedit.
3238 4101 3520 4176 Diceretur

1922 4201 2100 4256 autem
2149 4199 2291 4260 illius
2340 4206 2516 4261 Patris
2563 4217 2617 4262 et
2660 4209 2810 4272 Filii,
2843 4211 2921 4272 si,
2968 4212 3110 4278 quod
3150 4212 3410 4266 abhorret
3453 4214 3522 4268 ab

1922 4296 2164 4349 Omnium
2204 4311 2459 4349 sanorum
2505 4300 2772 4360 sensibus,
2816 4315 2940 4352 eum
2972 4300 3132 4354 ambo
3172 4300 3518 4370 genuissent.

1924 4377 2040 4438 Non
2086 4385 2250 4455 igitur
2279 4379 2345 4440 ab
2375 4396 2605 4458 utroque
2641 4397 2723 4441 est
2765 4389 3002 4459 genitus,
3036 4392 3129 4446 sed
3168 4391 3413 4464 procedit
3445 4395 3513 4450 ab

1926 4489 2156 4549 utroque
2195 4479 2474 4534 amborum
2508 4482 2748 4550 spiritus.
2788 4469 2984 4538 Verum
3026 4486 3150 4553 quia
3195 4487 3247 4542 in
3296 4486 3382 4542 illa
3425 4504 3532 4554 eoo,

1931 4583 2153 4640 aeterna,
2185 4584 2238 4628 et
2268 4575 2563 4645 a3quali,-et
2597 4577 2942 4642 ineorgrorali,
2970 4587 3024 4634 et
3058 4579 3400 4637 inell’abiliter
3423 4584 3526 4639 im-

1934 4667 2177 4723 mutabili
2228 4675 2388 4736 atque
2438 4665 2788 4738 inseparabili
2835 4657 3102 4725 'l'rinilate
3151 4659 3522 4732 dillieillimum

1934 4771 2012 4818 est
2032 4763 2441 4828 generationem
2469 4778 2497 4816 a
2532 4762 2880 4831 proccssione
2916 4764 3267 4834 distinguere,
3295 4767 3527 4824 sutiiciat

1934 4856 2151 4910 interim
2193 4856 2272 4910 eis
2318 4855 2407 4924 qui
2441 4855 2658 4908 extendi
2699 4871 2802 4908 non
2854 4855 3036 4910 valent
3084 4857 3137 4910 in
3179 4860 3429 4930 amplius,
3473 4863 3531 4922 id

1937 4941 2078 5018 quod
2109 4946 2173 5005 de
2208 4937 2311 5002 hac
2340 4964 2398 5001 re
2443 4947 2493 5002 in
2543 4962 2794 5002 sermone
2822 4948 3053 5017 quodam
3097 4949 3423 5020 proferendo
3459 4953 3528 5010 ad

1942 5057 2097 5095 aures
2128 5040 2304 5110 populi
2334 5039 2628 5095 Christiani
2661 5039 2916 5104 diximus,
2943 5041 3254 5112 dictumque
3284 5046 3525 5099 ροηδε-ῐί-

1940 5135 2167 5202 psimns.
2209 5133 2351 5186 Inter
2395 5141 2591 5186 eaitcra
2622 5121 2796 5196 enim.
2831 5149 2950 5190 cum
2987 5148 3084 5203 per
3124 5134 3524 5203 Scripturarum

1943 5241 2219 5280 sacrarum
2268 5225 2570 5280 testimonia
2621 5226 2922 5280 docuissent
2965 5227 3031 5279 de
3062 5234 3291 5292 utroque
3335 5241 3525 5296 proce-

1944 5319 2071 5374 dere
2125 5317 2381 5388 Spiritum
2423 5325 2668 5372 sanetum
2713 5336 2727 5374 :
2769 5319 2824 5373 Si
2878 5333 3028 5388 ergo,
3078 5317 3332 5384 inquam,
3369 5329 3426 5374 et
3461 5321 3528 5376 de

1943 5413 2105 5472 Patre
2133 5422 2186 5467 et
2214 5414 2278 5467 de
2315 5411 2450 5466 Filio
2487 5413 2729 5481 procedit
2764 5409 3000 5479 Spiritus
3029 5417 3270 5476 sanctus,
3311 5426 3408 5466 cur
3435 5411 3528 5469 Fi-

1942 5505 2046 5562 lius
2080 5505 2216 5559 dixit
2247 5505 2310 5559 de
2340 5504 2494 5558 Patre
2523 5502 2753 5573 procedit
2792 5501 2970 5570 (Joan.
3001 5516 3084 5564 xv,
3121 5501 3249 5574 26)?
3279 5503 3388 5559 Cur
3428 5520 3532 5574 ρυ-

1945 5605 2052 5663 tas,
2100 5583 2200 5653 nisi
2241 5595 2692 5668 quemadmodum
2757 5591 2894 5646 solet
2929 5593 3016 5646 'ad
3062 5609 3184 5650 eum
3231 5594 3436 5651 referre
3470 5605 3531 5656 et

1947 5677 2088 5759 quod
2130 5691 2298 5760 ipsius
2338 5695 2439 5752 cst,
2472 5687 2536 5739 de
2566 5699 2673 5754 quo
2707 5692 2762 5738 et
2794 5684 2907 5754 ipse
2949 5695 3050 5742 est.
3082 5686 3234 5743 Unde
3275 5688 3408 5743 illud
3440 5694 3532 5748 θη

1949 5783 2091 5855 quod
2123 5783 2200 5838 ait
2224 5796 2238 5836 :
2268 5779 2390 5836 Mea
2411 5777 2653 5838 doctrina
2673 5793 2777 5836 non
2799 5788 2872 5835 est
2909 5796 3044 5851 mea,
3070 5779 3161 5834 sed
3184 5781 3296 5851 ejus
3323 5778 3416 5852 qui
3442 5789 3534 5842 Μ
