4046 6432
516 359 622 414 265

1522 352 1916 412 THEODULFI
1954 351 2510 413 AURELIANENSIS
2547 356 2763 414 EPISC.

3686 367 3807 427 264

514 473 656 526 misit
689 470 870 537 (Joan.
896 485 970 526 vn
991 510 1007 536 ,
1046 468 1156 539 16).
1189 469 1246 524 Si
1293 470 1456 541 igitur
1495 469 1585 524 hic
1622 470 1937 540 intelligitur
1976 468 2094 538 ejus
2118 471 2382 537 Atatem,
2415 471 2564 528 Sicut
2595 474 2763 528 vocati
2794 472 2939 536 estis,
2979 453 3174 542 inquit,
3207 473 3262 528 in
3288 491 3396 528 una
3425 492 3516 545 spe
3556 481 3796 535 vacatio-

516 561 783 623 doctrina,
828 577 988 630 quam
1028 571 1206 616 tamen
1237 561 1373 614 dixit
1418 578 1522 615 non
1548 578 1720 625 suam,
1762 562 1857 615 sed
1892 561 2087 626 Patris,

516 660 720 722 quanto
762 654 933 722 magis
973 651 1081 706 illic
1117 652 1492 722 intelligendus
1527 662 1608 706 est
1638 660 1689 705 et
1727 654 1791 706 de
1824 653 1939 722 ipso
1970 669 2094 722 pro-

516 747 706 799 cedere
737 744 971 814 Spiritus
1001 755 1243 809 sanctus,
1279 747 1366 800 ubi
1395 746 1472 799 sic
1505 747 1611 809 ait,
1638 746 1701 799 de
1728 744 1883 798 Patre
1916 755 2096 816 prace-

516 837 614 900 dit,
643 847 701 890 ut
725 853 830 891 non
853 837 1058 892 diceret
1086 839 1152 891 de
1177 853 1262 892 me
1285 854 1390 891 non
1425 838 1703 908 procedit?
1722 837 1766 892 A
1787 854 1894 909 quo
1915 849 2093 894 autem

516 929 680 984 habet
716 930 882 984 Filius
917 939 977 985 ut
1011 931 1081 985 sit
1117 931 1277 994 Deus,
1305 941 1389 986 est
1415 933 1558 985 enim
1586 931 1654 986 de
1688 933 1797 987 Deo
1832 932 1990 996 Deus,
2025 934 2094 988 ab

516 1020 608 1074 illo
654 1021 815 1075 habet
841 1022 1026 1091 utique
1057 1030 1115 1075 ut
1147 1022 1212 1076 de
1248 1022 1338 1075 illo
1378 1023 1542 1076 etiam
1574 1024 1834 1093 procedat
1861 1023 2094 1093 Spiritus

516 1123 773 1169 sanctus:
819 1131 882 1169 ac
910 1130 1005 1185 per
1049 1116 1152 1170 hoc
1194 1115 1429 1185 Spiritus
1475 1127 1716 1182 sanctus,
1747 1119 1993 1173 ut-etiam
2030 1120 2096 1174 de

516 1205 651 1261 Filio
673 1208 930 1278 procedat
961 1208 1101 1262 sicut
1127 1209 1370 1276 procedit
1395 1211 1461 1263 de
1488 1210 1666 1274 Patre,
1694 1211 1761 1264 ab
1791 1211 1906 1280 ipso
1935 1211 2098 1265 habet

515 1297 696 1355 Patre.
735 1300 831 1354 Hic
856 1310 1127 1368 utcunque
1169 1302 1334 1356 etiam
1375 1301 1505 1356 illud
1546 1303 1887 1373 intelligitur,
1919 1319 2096 1374 quan-

516 1397 628 1444 tum
659 1407 687 1444 a
726 1390 919 1444 talibus
952 1389 1138 1458 quales
1181 1406 1280 1445 nos
1300 1407 1486 1446 sumus
1519 1393 1742 1463 intelligi
1773 1400 1969 1461 potest,
2000 1408 2097 1447 cur

513 1497 622 1536 non
667 1482 878 1535 dicatur
905 1489 1064 1536 natus
1089 1498 1231 1547 esse,
1276 1485 1368 1538 sed
1403 1485 1582 1552 potius
1624 1486 1935 1553 procedere.
1972 1485 2095 1555 Spi-

514 1573 652 1627 ritus
695 1581 934 1634 sanctus,
975 1574 1231 1642 quoniam
1269 1574 1314 1628 si
1358 1582 1412 1627 et
1449 1575 1562 1644 ipse
1606 1574 1772 1630 Filius
1803 1577 2092 1644 diceretur,

514 1665 796 1718 amborum
840 1664 1027 1734 utique
1069 1665 1215 1721 ﬁlius
1255 1667 1546 1731 diceretur,
1587 1668 1728 1737 quod
1775 1669 2098 1725 absurdissi-

511 1770 656 1809 mum
684 1762 786 1810 est.
819 1755 985 1809 Filius
1013 1758 1209 1826 quippe
1247 1757 1423 1811 nullus
1451 1766 1532 1812 est
1565 1759 1818 1822 duorum,
1861 1760 1964 1813 nisi
2006 1776 2099 1830 pa—

512 1845 615 1901 tris
652 1857 705 1901 et
733 1849 925 1902 matris
954 1867 966 1900 :
1002 1849 1144 1903 absit
1188 1859 1366 1904 autem
1397 1858 1456 1903 ut
1487 1851 1627 1903 inter
1671 1850 1838 1904 Deum
1889 1860 2100 1920 patrem

514 1936 776 1990 et‘Deum
825 1936 991 1992 ﬁlium
1034 1939 1140 1993 tale
1190 1939 1394 2007 aliquid
1429 1941 1787 2010 suspicemur,
1833 1942 1957 2010 quia
1999 1958 2102 1998 nec

516 2027 656 2082 ﬁlius
679 2029 956 2084 hominum
985 2030 1146 2084 simul
1174 2041 1229 2084 et
1250 2047 1316 2084 ex
1344 2040 1497 2100 patre
1527 2041 1582 2086 et
1610 2041 1786 2087 matre
1814 2033 2059 2101 procedit
2084 2051 2100 2087 :

516 2118 612 2172 sed
636 2135 758 2174 cum
789 2121 843 2173 in
876 2130 1102 2176 matrem
1125 2124 1367 2191 procedit
1395 2139 1459 2178 ex
1489 2132 1664 2192 patre,
1691 2139 1798 2178 non
1833 2136 1957 2178 tunc
1981 2140 2104 2194 pro-

517 2213 751 2268 ceditex
797 2224 988 2279 matre,
1031 2225 1087 2270 et
1123 2233 1245 2271 cum
1282 2217 1336 2270 in
1366 2218 1506 2271 hanc
1547 2217 1718 2272 lucem
1759 2219 2000 2287 procedit
2033 2233 2105 2275 ex

515 2313 711 2371 matre,
741 2321 846 2361 non
875 2315 1001 2363 tunc
1031 2309 1276 2378 procedit
1314 2324 1382 2362 ex
1423 2307 1603 2362 Patre.
1650 2308 1885 2379 Spiritus
1919 2319 2104 2362 autem

513 2406 734 2453 sanctus
768 2414 874 2453 non
897 2399 962 2453 de
991 2399 1151 2455 Patre
1182 2400 1426 2470 procedit
1453 2401 1504 2452 in
1535 2398 1750 2463 Filium,
1781 2408 1837 2452 et
1865 2400 1931 2456 de
1967 2399 2103 2453 Filio

515 2493 760 2561 procedit
795 2493 861 2546 ad
888 2492 1330 2546 sanctiﬁcandam
1359 2501 1687 2554 creaturam,
1727 2492 1821 2546 sed
1845 2492 2006 2545 simul
2035 2492 2104 2560 de

518 2589 750 2651 utroque
785 2581 1054 2651 procedit,
1084 2582 1330 2651 quamvis
1366 2583 1470 2637 hoc
1507 2580 1667 2636 Pater
1701 2581 1838 2636 Filio
1868 2582 2100 2648 dederit,

512 2681 574 2728 ut
599 2674 1052 2745 quemadmodum
1075 2675 1140 2729 de
1166 2688 1244 2738 se,
1270 2674 1344 2727 ita
1372 2674 1438 2728 de
1467 2673 1557 2728 illo
1585 2688 1802 2744 quoque
1821 2676 2100 2745 procedat.

515 2764 702 2838 Neque
737 2770 881 2822 enim
908 2784 1197 2838 possumus
1223 2769 1406 2825 dicere
1433 2770 1578 2839 quod
1606 2785 1711 2823 non
1740 2769 1806 2823 sit
1838 2769 1947 2821 vita
1980 2766 2104 2837 Spi-

513 2857 652 2914 ritus
682 2868 922 2925 sanctus,
956 2875 1079 2914 cum
1114 2861 1224 2914 vita
1254 2860 1434 2926 Pater,
1466 2843 1576 2916 vita
1607 2862 1678 2917 sit
1714 2870 1768 2916 et
1798 2860 1969 2916 Filius
1997 2879 2008 2913 :
2036 2875 2103 2914 ac

513 2966 614 3022 per
646 2954 746 3008 hoc
774 2953 916 3008 sicut
948 2952 1110 3008 Pater
1139 2969 1262 3009 cum
1291 2955 1489 3010 habeat
1513 2956 1678 3010 vitam
1704 2955 1758 3009 in
1785 2955 2099 3024 semetipso,

517 3043 666 3100 dedit
696 3052 752 3099 et
781 3043 918 3100 Filio
946 3046 1110 3099 vitam
1138 3046 1336 3102 habere
1368 3047 1424 3101 in
1451 3047 1762 3117 semetipso,
1798 3047 1876 3102 sic
1915 3045 1964 3100 ei
2007 3046 2104 3108 de-

2195 563 2277 615 nis
2313 573 2519 628 vestrm,
2559 582 2691 618 unus
2733 565 3008 619 Dominus.
3043 565 3141 620 Hic
3187 566 3372 636 utique
3398 565 3678 623 Christum
3707 571 3802 625 in-

2194 654 2357 724 telligi
2388 655 2576 719 voluit,
2603 666 2771 712 restat
2818 668 2878 711 ut
2918 659 3083 710 etiam
3131 656 3345 712 Patrem
3383 660 3648 714 nominet.
3692 661 3803 718 Se—

2195 747 2377 815 quitur
2398 763 2528 817 ergo
2554 767 2567 801 :
2597 747 2713 802 Una
2738 750 2886 818 ﬁdes,
2906 767 3066 804 unum
3095 750 3376 820 baptisma,
3406 768 3541 806 unus
3566 753 3713 808 Deus
3739 765 3798 810 et

2194 847 2344 909 pater
2377 842 2630 905 omnium,
2650 842 2740 911 qui
2769 857 2928 910 super
2953 857 3133 895 omnes
3157 883 3172 906 ,
3201 852 3248 895 et
3288 859 3382 912 per
3420 860 3622 907 omnes,
3655 856 3707 898 et
3734 847 3797 900 in

2195 931 2456 985 omnibus.
2491 932 2624 986 Cum
2653 947 2780 1004 ergo
2817 934 2957 988 sicut
2990 949 3130 988 unus
3166 934 3328 988 Pater
3349 945 3404 990 et
3438 953 3577 991 unus
3605 937 3798 993 Domi-

2197 1037 2321 1087 nus,
2369 1024 2421 1078 id
2445 1034 2531 1078 est
2565 1025 2755 1089 Filius,
2785 1026 2858 1080 ita
2879 1027 2949 1081 sit
2977 1035 3032 1080 et
3073 1043 3211 1080 unus
3235 1029 3487 1099 Spiritus,
3544 1031 3797 1099 profecto

2197 1115 2477 1168 amborum
2505 1125 2590 1170 est
2618 1135 2628 1168 :
2663 1117 3097 1185 quandoquidem
3129 1117 3257 1171 dicit
3298 1119 3411 1186 ipse
3428 1118 3683 1174 Christus
3707 1120 3797 1177 Je-

2197 1220 2289 1260 sus
2310 1207 2523 1277 spiritus
2563 1204 2742 1260 Patris
2771 1207 2923 1261 vestri
2959 1209 3048 1279 qui
3076 1208 3309 1279 loquitur
3343 1212 3397 1263 in
3434 1212 3599 1276 vobis,
3625 1221 3683 1266 et
3713 1215 3796 1267 di-

2196 1296 2270 1350 cit
2295 1297 2582 1365 Apostolus
2622 1315 2635 1348 :
2677 1295 2821 1350 Misit
2853 1298 2991 1352 Deus
3023 1301 3265 1370 spiritum
3313 1301 3443 1357 Filii
3477 1307 3561 1358 sui
3589 1308 3646 1360 in
3677 1325 3795 1361 cor-

2197 1387 2266 1440 da
2294 1397 2473 1440 nostra
2503 1387 2716 1459 (Matth.
2745 1406 2799 1452 x,
2823 1389 2924 1455 20;
2979 1389 3099 1445 Gal.
3131 1409 3202 1457 tv,
3230 1394 3304 1463 6).
3355 1395 3534 1452 Habes
3583 1408 3639 1452 et
3687 1401 3796 1455 alio

2198 1477 2317 1533 loco
2344 1479 2592 1532 eumdem
2628 1479 2947 1549 Apostolum
2982 1482 3251 1537 dicentem
3296 1503 3308 1537 :
3343 1483 3405 1540 Si
3426 1498 3604 1540 autem
3629 1490 3795 1558 spiri-

2199 1583 2281 1627 tus
2312 1574 2424 1642 ejus
2459 1574 2548 1644 qui
2587 1574 2858 1627 suscitavit
2892 1573 3078 1627 Iesum
3125 1591 3191 1628 ea:
3232 1578 3472 1640 mortuis,
3505 1579 3712 1632 habitat
3742 1581 3794 1634 in

2199 1663 2358 1717 vobis.
2393 1663 2572 1733 (Rom.
2606 1678 2722 1724 vnn,
2753 1663 2860 1733 il).
2889 1663 2985 1717 Hic
3011 1665 3196 1734 utique
3219 1667 3467 1734 spiritum
3501 1668 3681 1723 Patris
3707 1672 3788 1725 in-

2202 1754 2368 1824 telligi
2394 1754 2580 1818 voluit,
2621 1755 2686 1808 de
2705 1769 2812 1822 quo
2843 1765 3022 1808 tamen
3053 1754 3158 1809 alio
3197 1756 3314 1811 loco
3336 1758 3464 1812 dicit
3493 1776 3507 1813 :
3537 1759 3791 1831 Quisquis

2203 1858 2376 1902 autem
2409 1848 2648 1918 spiritum
2692 1847 2888 1901 Christi
2919 1864 3023 1901 non
3061 1849 3232 1914 habet,
3273 1850 3358 1903 hic
3403 1867 3508 1905 non
3552 1863 3629 1906 est
3675 1854 3794 1923 ejus

2205 1941 2376 2012 (Rom.
2408 1957 2529 2005 VIII,
2553 1941 2630 2012 9).
2662 1942 2730 1996 Et
2757 1942 2923 1996 multa
2951 1941 3054 1996 alia
3086 1945 3562 2010 sunttestimonia,
3591 1947 3797 2016 quibus

2203 2034 2308 2088 hoc
2325 2033 2603 2088 evidenter
2621 2034 2945 2098 ostenditur,
2973 2043 3030 2088 et
3052 2034 3229 2087 Patris
3259 2044 3313 2089 et
3329 2034 3448 2089 Filii
3475 2037 3648 2105 ipsum
3666 2051 3794 2092 esse

2209 2125 2478 2193 spiritum,
2510 2124 2602 2192 qui
2658 2125 2711 2178 in
2752 2124 3018 2179 Trinitate
3047 2125 3245 2179 dicitur
3274 2124 3510 2193 Spiritus
3543 2115 3794 2181 sanctus.

2205 2214 2320 2270 Nec
2339 2216 2408 2270 ob
2429 2215 2573 2270 aliud
2589 2217 2842 2271 existimo
2859 2218 3031 2287 ipsum
3054 2218 3235 2272 vocari
3258 2219 3474 2288 proprie
3496 2218 3792 2288 Spiritum,

2205 2325 2327 2363 cum
2352 2311 2513 2364 etiam
2538 2311 2581 2366 si
2611 2311 2676 2365 de
2703 2311 2927 2382 singulis
2947 2312 3364 2381 interrogemur,
3389 2329 3493 2369 non
3519 2315 3801 2383 possimus

2205 2401 2310 2455 nisi
2339 2411 2394 2457 et
2432 2401 2648 2458 Patrem
2689 2411 2746 2457 et
2789 2402 2986 2456 Filium
3019 2403 3267 2472 spiritum
3298 2403 3500 2468 dicere,
3531 2406 3802 2474 quoniam

2204 2493 2425 2562 spiritus
2447 2502 2531 2548 est
2564 2495 2726 2560 Deus,
2769 2494 2821 2549 id
2851 2503 2958 2559 est,
2989 2511 3094 2550 non
3121 2510 3318 2566 corpus
3371 2503 3454 2551 est
3499 2496 3661 2560 Deus,
3695 2496 3801 2552 sed

2205 2588 2426 2656 spiritus
2451 2587 2633 2660 (Joan.
2685 2604 2755 2651 IV,
2796 2588 2910 2660 24).
2939 2590 3092 2656 Quod
3127 2606 3258 2662 ergo
3308 2592 3672 2647 communiter
3696 2608 3802 2647 vo-

2204 2688 2397 2734 cantur
2420 2689 2476 2734 et
2510 2679 2724 2752 singuli,
2757 2683 2860 2736 hoc
2897 2682 3116 2752 proprie
3145 2681 3326 2736 vocari
3369 2683 3608 2750 oportuit
3639 2699 3798 2748 eum,

2205 2770 2296 2838 qui
2333 2784 2437 2822 non
2465 2779 2547 2823 est
2587 2769 2747 2824 unius
2772 2785 2980 2834 eorum,
3013 2771 3109 2825 sed
3163 2770 3219 2824 in
3282 2786 3390 2841 quo
3428 2773 3802 2826 communitas

2205 2868 2428 2930 apparet
2483 2861 2786 2915 amborum.
2846 2861 2956 2916 Cur
3017 2877 3147 2933 ergo
3197 2878 3306 2917 non
3373 2863 3588 2918 credam
3647 2865 3802 2933 quod

2203 2953 2369 3006 etiam
2401 2953 2466 3008 de
2496 2951 2634 3007 Filio
2683 2953 2942 3024 procedat
2980 2953 3215 3033 Spiritus
3239 2965 3479 3021 sanctus,
3511 2971 3635 3010 cum
3664 2955 3800 3011 Filii

2204 3059 2418 3114 quoque
2457 3044 2572 3114 ipse
2601 3045 2671 3099 sit
2693 3045 2955 3114 spiritus?
2978 3043 3033 3100 Si
3069 3047 3213 3101 enim
3244 3063 3351 3102 non
3382 3048 3449 3102 ab
3494 3062 3562 3102 eo
3598 3063 3802 3117 proce-

513 3133 596 3191 dit
619 3135 783 3190 vitam
809 3136 1101 3206 procedere
1121 3137 1188 3192 de
1211 3138 1322 3203 illo,
1347 3139 1488 3193 sicut
1517 3147 1570 3192 et
1591 3139 1838 3209 procedit
1867 3139 1934 3193 de
1958 3139 2096 3206 ipso.
2129 3170 2174 3233 Ο
2207 3135 2380 3199 deret,
2414 3149 2521 3189 non
2560 3145 2684 3205 post
2710 3137 3160 3191 resurrectionem
3201 3152 3262 3192 se
3293 3146 3686 3208 reprtesentans
3711 3139 3804 3194 di—

518 3223 647 3282 Bazc
680 3227 748 3282 de
777 3227 868 3282 illo
896 3243 1144 3284 sermone
1179 3229 1236 3284 in
1285 3231 1428 3286 hunc
1463 3230 1659 3285 librum
1692 3229 1973 3294 transtuli,
2004 3228 2102 3282 sed

516 3315 767 3372 ﬁdelibus
797 3334 903 3372 non
934 3318 1244 3376 inﬁdelibus
1268 3321 1514 3391 loquens.
1556 3323 1755 3376 Verum
1789 3321 1833 3376 si
1863 3323 1930 3374 ad
1961 3321 2103 3373 hanc

515 3407 800 3482 imaginem
848 3413 1244 3480 contuendam,
1287 3423 1342 3468 et
1393 3413 1456 3467 ad
1497 3413 1726 3468 videnda
1787 3413 1889 3467 ista
1939 3427 2104 3481 quam

515 3515 643 3556 vera
681 3501 810 3567 sint,
849 3517 969 3572 quae
1016 3503 1070 3557 in
1105 3519 1295 3558 eorum
1335 3513 1515 3559 mente
1559 3512 1706 3567 sunt,
1747 3517 1846 3556 nec
1887 3502 1988 3554 tria
2021 3502 2105 3555 sic

515 3603 660 3658 sunt,
694 3601 752 3646 ut
791 3603 900 3648 tres
931 3610 1176 3665 persona:
1209 3597 1341 3660 sint,
1385 3596 1478 3650 sed
1517 3595 1697 3650 omnia
1726 3593 1830 3648 tria
1867 3591 2103 3648 hominis

517 3693 660 3750 sunt,
689 3701 809 3755 qua:
837 3703 941 3740 una
969 3702 1201 3756 persona
1237 3696 1342 3752 est,
1379 3687 1558 3742 minus
1596 3687 1770 3742 idonei
1807 3694 1971 3740 sunt:
2005 3701 2106 3739 cur

517 3791 624 3830 non
657 3777 724 3831 de
750 3777 838 3830 illa
865 3794 1071 3832 summa
1104 3779 1385 3842 Trinitate,
1413 3767 1532 3850 qua:
1569 3781 1710 3834 Deus
1739 3787 1843 3843 est,
1874 3780 2104 3834 credunt

513 3867 696 3937 potius
739 3867 962 3936 quodin
1003 3870 1175 3924 sacris
1219 3871 1415 3925 litteris
1469 3871 1765 3935 invenitur,
1805 3886 1967 3940 quam
2009 3887 2106 3941 po-

514 3971 672 4014 scunt
705 3959 1118 4031 liquidissimum
1176 3963 1329 4017 reddi
1375 3964 1476 4018 sibi
1531 3965 1830 4029 rationem,
1879 3979 1999 4033 qua:
2035 3965 2103 4020 ab

514 4053 750 4108 humana
780 4067 957 4109 mente
1000 4057 1152 4110 tarda
1201 4057 1406 4111 scilicet
1435 4058 1759 4129 inﬁrmaque
1798 4075 1907 4113 non
1946 4061 2101 4129 capi-

514 4145 640 4200 tur?
673 4146 738 4200 Et
765 4157 911 4201 certe
945 4161 1066 4201 cum
1100 4147 1420 4202 inconcusse
1449 4149 1779 4204 crediderint
1803 4147 2103 4219 Scripturis

515 4239 719 4294 sanctis
763 4248 1017 4309 tanquam
1045 4241 1410 4295 veracissimis
1455 4240 1704 4305 testibus,
1738 4251 1899 4312 agant
1942 4257 2106 4295 oran-

517 4335 604 4400 do,
630 4344 684 4391 et
715 4336 1025 4406 quaerendo,
1060 4344 1113 4391 et
1153 4337 1289 4391 bene
1329 4336 1579 4399 vivendo,
1609 4343 1668 4389 ut
1694 4336 2019 4405 intelligant,
2051 4336 2107 4391 id

514 4437 618 4490 est,
647 4438 706 4482 ut
747 4437 1007 4498 quantum
1035 4428 1204 4482 videri
1232 4436 1432 4498 potest,
1463 4429 1714 4484 videatur
1743 4437 1926 4484 mente
1959 4427 2106 4498 quod

523 4527 739 4574 tenetur
774 4519 897 4572 ﬁde.
1989 4529 1992 4532 ’

591 4630 718 4686 Item
751 4631 909 4695 idem,
940 4629 996 4684 in
1016 4629 1232 4704 homilia
1255 4632 1697 4704 superloannem
1729 4631 1930 4704 (Tract.
1962 4631 2031 4686 99

1181 4703 1233 4755 in
1255 4701 1459 4774 Jo'an.).

590 4791 688 4849 Hic
719 4792 913 4863 aliquis
947 4792 1173 4848 forsrtan
1218 4802 1448 4864 qurerat,
1479 4803 1660 4848 utrum
1685 4801 1742 4847 et
1763 4807 1792 4845 a
1826 4792 1962 4846 Filio
1981 4781 2108 4863 pro-

518 4885 676 4942 cedat
708 4885 941 4955 Spiritus
989 4896 1228 4942 sanctus.
1257 4887 1425 4942 Filius
1457 4887 1600 4941 enim
1637 4885 1802 4939 solius
1824 4887 1992 4956 patris
2025 4895 2110 4941 est

516 4980 682 5045 ﬁlius,
709 4988 763 5035 et
797 4978 956 5034 Pater
980 4979 1145 5034 solius
1174 4979 1271 5034 ﬁlii
1302 4987 1385 5034 est
1425 4989 1578 5049 pater
1607 4997 1619 5031 :
1665 4977 1900 5046 Spiritus
1924 4987 2106 5034 autem

517 5079 736 5128 sanctus
771 5087 876 5126 non
905 5081 987 5127 est
1012 5075 1172 5127 unius
1191 5088 1378 5127 eorum
1411 5072 1656 5141 spiritus,
1681 5070 1774 5126 sed
1798 5073 2102 5127 amborum.

517 5160 695 5217 Habes
718 5163 890 5233 ipsum
916 5164 1201 5218 Dominum
1219 5163 1484 5218 dicentem
1510 5181 1522 5215 :
1553 5162 1678 5217 Non
1701 5165 1838 5218 enim
1870 5182 1956 5218 vos
1985 5167 2106 5220 estis

515 5255 602 5323 qui
631 5252 924 5324 loquimini,
957 5253 1047 5308 sed
1084 5253 1299 5323 spirius
1348 5253 1515 5323 patris
1553 5255 1708 5308 vestri
1737 5256 1828 5325 qui
1878 5253 2108 5325 loquitur

515 5343 572 5398 in
596 5343 736 5397 vobis
769 5343 984 5415 (Matth.
1015 5361 1130 5407 xix,
1159 5343 1284 5414 20);
1318 5345 1484 5398 habes
1512 5354 1568 5400 et
1592 5346 1930 5416 Apostolum,
1959 5347 2105 5400 Misit

514 5431 682 5498 Deus,
704 5434 901 5505 inquit,
924 5435 1167 5506 spiritum
1213 5433 1344 5488 Filii
1394 5437 1479 5490 sui
1507 5437 1820 5490 clamantem
1867 5437 1920 5491 in
1943 5436 2106 5491 corda

516 5537 697 5580 nostra
723 5525 866 5598 (Gal.
892 5544 965 5593 tv,
995 5527 1069 5599 6).
1101 5527 1351 5598 Nunquid
1375 5528 1481 5584 duo
1512 5537 1640 5583 sunt
1663 5569 1678 5592 ,
1721 5528 1859 5583 alius
1902 5528 2101 5592 Patris,

517 5615 655 5673 alius
678 5617 834 5674 Filii?
859 5619 1034 5682 Absit,
1067 5617 1239 5674 Unum
1269 5621 1414 5676 enim
1437 5637 1624 5691 corpus
1661 5620 1756 5685 ait,
1788 5635 1909 5674 cum
1940 5620 2106 5690 signi-

517 5705 704 5765 ﬁcaret
740 5710 1058 5771 Ecclesiam,
1086 5724 1319 5780 moxque
1361 5712 1588 5776 addidit,
1617 5720 1668 5764 et
1711 5727 1846 5765 unus
1887 5713 2103 5782 spiritus

521 5796 737 5874 (Ephes.
769 5819 843 5869 tv,
868 5800 961 5873 4);
994 5808 1050 5856 et
1077 5801 1200 5856 vide
1227 5805 1499 5876 quomodo
1523 5804 1635 5860 illic
1664 5803 1886 5883 impleat
1919 5804 2103 5862 Trini-

2207 3226 2426 3295 scipulis
2469 3225 2580 3281 suis
2631 3226 2959 3282 insuillasset
3012 3229 3197 3284 dicens
3227 3247 3241 3282 :
3271 3230 3502 3300 Accipite
3533 3228 3798 3299 Spiritum

2203 3327 2444 3370 sanctum
2477 3315 2658 3387 (Joan.
2684 3333 2775 3378 xx,
2796 3317 2906 3387 22).
2940 3317 3077 3384 Quid
3105 3319 3246 3373 enim
3283 3318 3428 3373 aliud
3467 3319 3805 3390 signiﬁcavit

2206 3407 2294 3462 illa
2322 3406 2642 3474 insuﬁlatio,
2684 3409 2786 3462 nisi
2826 3409 2968 3479 quod
2999 3411 3254 3478 procedat
3293 3409 3532 3480 Spiritus
3571 3419 3800 3466 sanctus

2205 3507 2260 3552 et
2285 3499 2350 3552 de
2381 3498 2529 3568 ipso?
2554 3499 2632 3552 Ad
2662 3501 2763 3553 hoc
2789 3500 3022 3569 pertinet
3069 3500 3232 3553 etiam
3278 3499 3408 3552 illud
3436 3499 3586 3568 quod
3623 3500 3699 3553 ait
3724 3501 3798 3555 de

2205 3590 2464 3654 muliere,
2507 3605 2626 3660 qua:
2678 3590 2877 3645 ﬂuxum
2923 3591 3201 3662 sanguinis
3242 3591 3552 3661 patiebatur
3594 3611 3607 3646 :
3651 3592 3799 3646 Teti-

2204 3683 2276 3753 git
2314 3699 2393 3736 me
2415 3681 2626 3752 aliquis,
2657 3700 2750 3752 ego
2779 3683 2917 3736 enim
2953 3683 3091 3737 sensi
3139 3683 3380 3736 virtutem
3430 3683 3496 3736 de
3522 3700 3603 3738 me
3626 3686 3801 3738 exisse

2206 3772 2358 3844 (Luc.
2387 3789 2502 3836 vm,
2536 3773 2649 3842 46).
2677 3773 2810 3828 Nam
2839 3774 3057 3828 virtutis
3085 3774 3300 3828 nomine
3340 3774 3596 3843 appellari
3627 3774 3798 3828 etiam

2207 3865 2470 3935 Spiritum
2499 3874 2764 3926 sanctum.
2791 3874 2846 3919 et
2867 3881 2933 3919 eo
2973 3866 3091 3920 loco
3119 3866 3323 3920 clarum
3353 3875 3456 3929 est,
3482 3866 3570 3920 ubi
3607 3866 3797 3936 Ange-

2205 3957 2288 4010 lus
2315 3957 2513 4010 dicenti
2541 3955 2744 4019 Marize,
2781 3954 3054 4019 Quomodo
3077 3957 3165 4024 ﬁet
3187 3957 3330 4010 istud
3354 3957 3599 4026 quoniam
3622 3957 3798 4009 virum

2207 4067 2310 4104 non
2348 4050 2641 4120 cognosco?
2670 4064 2866 4118 respnn
2892 4049 2948 4102 iit
2983 4067 2995 4102 :
3033 4047 3262 4119 Spiritus
3308 4060 3521 4103 sanctus
3549 4063 3798 4118 superve-

2207 4143 2308 4196 niet
2334 4143 2389 4195 in
2414 4151 2483 4206 te,
2515 4152 2562 4195 et
2591 4142 2751 4196 virtus
2787 4140 3044 4195 Altissimi
3093 4141 3418 4194 obumbrabit
3443 4140 3536 4192 tibi
3566 4138 3721 4209 (Luc.
3749 4153 3793 4202 ι,

2206 4235 2297 4306 ’54)
2334 4255 2346 4289 :
2375 4244 2427 4291 et
2457 4236 2570 4305 ipse
2593 4235 2853 4291 Dominus
2875 4234 3198 4306 promittens
3221 4248 3343 4287 eum
3368 4231 3645 4302 discipulis
3670 4231 3750 4284 ait
3775 4247 3791 4284 :

2220 4327 2318 4382 Vos
2356 4338 2530 4381 autem
2556 4327 2725 4380 sedete
2751 4327 2805 4380 in
2837 4325 3063 4389 civitate,
3102 4323 3276 4394 quoad
3306 4339 3466 4394 usque
3491 4321 3793 4376 induamini

2209 4421 2394 4475 virtute
2419 4436 2483 4474 ea:
2512 4419 2619 4472 alto
2653 4417 2804 4488 (Luc.
2835 4431 2986 4481 mv,
3011 4415 3121 4486 49),
3145 4423 3200 4469 et
3242 4415 3456 4477 iterum,
3492 4412 3793 4481 Accipietis,

2126 4511 2417 4584 Diuquit,
2451 4509 2692 4562 virtutem
2745 4505 2976 4576 Spiritus
3027 4506 3195 4559 sancti
3239 4502 3685 4573 supervenientem
3736 4501 3797 4554 in

2209 4622 2319 4668 vos,
2348 4612 2394 4656 et
2422 4601 2566 4655 eritis
2591 4599 2717 4652 mihi
2745 4608 2897 4653 testes
2927 4597 3066 4668 (Act.
3093 4615 3135 4663 ι,
3166 4599 3244 4668 8).

2207 4733 2342 4787 Item
2367 4732 2526 4793 idem,
2550 4728 2760 4802 inlibro
2783 4729 2847 4781 de
2869 4725 3090 4780 Civitate
3109 4725 3214 4802 Dei
3235 4725 3434 4802 decimo
3458 4723 3609 4802 tertio
3635 4719 3790 4802 (Cap.

2279 4802 2393 4872 24),
2419 4792 2558 4872 quod
2593 4799 2821 4872 Spiritus
2851 4808 3064 4872 sanctus
3101 4794 3278 4872 Patris
3321 4796 3387 4872 sit
3420 4803 3469 4847 et
3495 4792 3792 4872 Unigeniti,

2279 4885 2325 4928 et
2353 4863 2492 4926 unus
2536 4863 2810 4923 amborum
2839 4867 3020 4938 :quod
3067 4883 3183 4938 cum
3209 4867 3283 4920 ita
3313 4865 3404 4930 sit,
3445 4880 3550 4917 non
3588 4873 3662 4917 est
3692 4863 3799 4916 du-

2281 4945 2422 4998 bium
2448 4941 2598 4995 illum
2629 4941 2692 4993 ab
2722 4936 2940 5009 utroque
2962 4936 3240 5007 procedere

2280 5079 2620 5146 Quapropter
2643 5076 2696 5128 in
2725 5089 2790 5128 eo
2809 5073 2953 5142 quod
2981 5072 3242 5126 Dominus
3278 5070 3427 5135 fecit,
3459 5071 3677 5140 quando
3705 5069 3794 5126 in-

2208 5165 2638 5224 sumavitdiceus
2671 5181 2684 5216 :
2719 5162 2948 5230 Accipite
2967 5161 3209 5228 spiritum
3229 5168 3468 5213 sanctum
3488 5158 3671 5227 (Joan.
3697 5173 3792 5222 xx,

2208 5258 2319 5328 22),
2365 5256 2620 5310 nimirum
2672 5254 2775 5307 hoc
2831 5252 3056 5322 intelligi
3114 5250 3320 5316 voluit,
3370 5249 3510 5320 quod
3558 5249 3797 5320 Spiritus

2207 5357 2430 5404 sanctus
2455 5362 2562 5400 nou
2590 5354 2798 5400 tantum
2823 5345 2894 5398 sit
2923 5343 3120 5406 Patris,
3157 5358 3345 5396 verum
3397 5342 3558 5395 etiam
3595 5341 3798 5410 Uuige-

2206 5441 2305 5496 niti
2332 5440 2500 5510 ipsius
2529 5437 2770 5507 spiritus.
2804 5437 2950 5491 Idem
2999 5437 3112 5506 ipse
3147 5434 3348 5504 quippe
3375 5433 3601 5502 spiritus
3624 5439 3711 5486 est
3739 5439 3798 5486 et

2205 5530 2384 5586 Patris
2417 5540 2472 5585 et
2498 5529 2644 5595 Filii,
2675 5543 2927 5598 cumquo
2950 5536 3036 5582 est
3066 5525 3305 5579 Trinitas
3343 5523 3506 5576 Pater
3530 5530 3586 5575 et
3618 5519 3797 5576 Filius

2207 5633 2262 5679 et
2283 5623 2518 5693 Spiritus
2553 5631 2796 5686 sanctus,
2824 5637 2932 5676 non
2979 5627 3245 5680 creatura,
3277 5617 3374 5672 sed
3412 5623 3644 5670 creator.
3683 5611 3793 5667 No-

2207 5730 2314 5786 que
2338 5716 2482 5769 enim
2524 5714 2682 5770 ﬂatus
2709 5715 2798 5769 ille
2819 5727 3142 5783 corporeus,
3173 5711 3241 5764 de
3271 5707 3452 5762 carnis
3476 5721 3573 5761 ore
3597 5718 3763 5776 proco
3787 5735 3796 5749 -

2207 5807 2360 5872 dens,
2392 5806 2691 5868 substantia
2729 5803 3125 5878 eratVSpiritus
3164 5801 3340 5857 sancti
3380 5808 3543 5870 atque
3567 5807 3782 5868 natura,
