4046 6452
249 395 342 454 265

1485 391 1575 449 DE
1612 390 1882 449 SPIRITU
1924 389 2212 448 SANCTO.

3367 393 3474 450 eos
3523 456 3533 464 _

246 510 331 567 sed
350 503 522 578 potius
550 477 874 573 signiﬁcatio
894 543 909 569 ,
934 517 1039 571 qua
1079 501 1525 572 intelligeremus,
1554 514 1616 561 ut
1655 505 1796 570 dixi,~
1815 507 1869 568 Α
1889 504 1948 560 In
1981 506 2071 561 illa
2095 505 2242 561 enim
2268 510 2485 568 natura,
2515 502 2608 558 ubi
2637 511 2722 557 est
2743 518 2954 558 summa
2982 512 3037 558 et
3065 519 3189 559 vera
3217 507 3479 578 simplici-

245 599 481 672 Spiritum
513 604 762 650 sanctum
800 594 946 650 Patri
984 609 1104 650 esse
1138 593 1380 666 Filioque
1424 611 1786 663 communem,

243 686 354 758 quia
378 697 478 738 non
506 687 632 736 sunt
654 682 735 736 eis
777 679 1004 752 singulis
1041 680 1256 751 singuli,
1290 682 1385 737 sed
1427 697 1567 738 unus
1607 684 1793 740 ambo—

243 793 349 833 rum
377 781 473 830 est.

242 888 561 1013 thgentius,
600 887 738 957 quod
763 886 908 970 solus
947 885 1110 970 Pater
1135 889 1369 972 genuerit
1398 887 1617 973 Filium,
1647 889 1792 945 solus

347 959 462 1013 ilius
486 975 518 1010 a
549 955 709 1011 Patre
734 968 937 1013 aemtus
962 967 1028 1012 stt
1047 999 1063 1013 .
1102 959 1244 1013 solus
1274 959 1500 1013 Sumtus
1526 970 1740 1013 sanctus
1761 978 1792 1013 a

347 955 462 1013 ilius
486 955 709 1031 gAI’atre
733 959 937 1031 genitus
962 959 1063 1031 sit,
1102 955 1244 1031 solus
1274 959 1500 1031 Spiritus
1526 970 1740 1015 sanctus
1761 978 1795 1014 a

300 1028 451 1110 Patre
478 1027 718 1110 iliaque
737 1027 1009 1110 procedat,
1123 1029 1270 1110 libro
1305 1027 1455 1085 tertio
1481 1046 1634 1102 quem
1665 1031 1796 1085 scri-

297 1101 390 1172 psit
412 1107 589 1152 contra
613 1098 910 1153 Fabianum
931 1101 1005 1153 sic
1031 1099 1178 1154 dicit.

296 1213 568 1270 Veraciter
608 1213 804 1284 quippe
847 1213 1164 1285 proﬁtemur
1222 1214 1393 1270 solum
1443 1213 1661 1270 Patrem
1705 1230 1796 1287 ge-

234 1309 416 1372 nuisse,
442 1307 617 1362 solum
638 1306 834 1361 Filium
863 1308 928 1364 de
954 1307 1116 1363 Patre
1146 1319 1331 1363 natum
1363 1323 1506 1375 esse,
1527 1309 1796 1364 veraciter

233 1399 378 1455 etiam
417 1397 645 1453 dicimus
693 1397 866 1453 solum
919 1397 1182 1470 Spiritum
1236 1411 1486 1456 sanctum
1531 1400 1598 1456 de
1635 1399 1798 1456 Patre

229 1488 452 1557 Filioque
470 1487 784 1556 procedere.

289 1602 416 1658 Item
438 1602 580 1657 idem
617 1603 674 1658 in
711 1601 844 1657 libro
888 1604 1075 1726 guinto
1113 1611 1297 1659 contra
1331 1602 1573 1658 eumdem
1613 1602 1726 1659 Fa-

921 1690 1122 1726 ianum.

921 1690 1122 1727 ianum.

286 1783 417 1839 Ecce
439 1799 541 1854 ego
573 1783 630 1838 in
654 1791 916 1854 quantum
946 1784 1118 1854 potui,
1145 1783 1273 1839 licet
1302 1784 1561 1851 breviter,
1586 1783 1794 1842 reddidi
1831 1801 1834 1806 ·

225 1875 468 1940 rationem
500 1890 611 1944 qua
632 1890 796 1929 unum
823 1874 992 1929 Deum
1019 1875 1263 1930 dicamus
1284 1875 1499 1932 Patrem
1525 1885 1581 1931 et
1599 1876 1795 1932 Filium

222 1968 544 2039 etSpiritum
576 1977 846 2033 sanctum,
875 1976 930 2023 et
955 1968 1008 2022 in
1047 1969 1160 2038 ipsa
1194 1969 1287 2024 Dei
1324 1970 1558 2041 imagine
1584 1971 1794 2027 ostendi

222 2058 472 2128 quoddam
503 2059 704 2112 divina:
726 2058 1016 2128 agnitionis
1039 2058 1317 2124 indicium,
1354 2061 1408 2114 in
1434 2076 1539 2130 qua
1577 2061 1796 2131 quidem

221 2151 456 2219 imagine,
481 2152 772 2215 memoria,
796 2150 1178 2223 intelligentia,
1197 2161 1253 2207 et
1276 2153 1550 2219 voluntas,
1566 2171 1674 2210 non
1699 2156 1797 2210 ha-

217 2242 333 2298 bent
360 2243 605 2313 singulas
643 2244 1002 2314 propriasque
1053 2261 1333 2316 personas.
1379 2247 1562 2319 Imago
1597 2249 1797 2320 quippe

217 2342 289 2389 est
323 2335 442 2402 ista,
479 2350 595 2391 non
626 2344 753 2392 nata
782 2336 876 2392 sed
907 2337 1069 2403 facta,
1094 2353 1200 2394 non
1233 2340 1416 2411 genita
1449 2342 1544 2396 sed
1566 2349 1752 2397 creata
1780 2361 1792 2394 :

216 2425 276 2480 ad
301 2425 399 2482 hoc
436 2427 653 2498 utique,
676 2437 738 2482 ut
761 2427 904 2484 sicut
924 2429 978 2483 in
1002 2429 1105 2484 ista
1129 2445 1234 2484 una
1266 2431 1499 2502 imagine
1521 2433 1799 2487 invenitur

214 2519 438 2587 quaedam
468 2520 732 2577 discretio
762 2521 1173 2585 vocabulorum,
1197 2523 1278 2577 sic
1299 2523 1354 2576 in
1391 2523 1480 2577 illa
1521 2539 1629 2578 una
1655 2525 1797 2578 divi-

212 2609 369 2664 nitate
393 2609 660 2666 discretio
688 2626 1047 2682 personarum
1082 2622 1460 2685 cognoscatur,
1491 2623 1548 2669 et
1575 2625 1799 2671 natura-

211 2695 271 2752 lis
289 2699 462 2754 unitas
491 2701 754 2756 ostendat
782 2717 948 2756 unum
986 2702 1157 2758 Deum
1187 2718 1310 2759 esse
1354 2704 1598 2769 Patrem,
1629 2713 1684 2759 et
1708 2705 1799 2760 Fi-

209 2788 347 2856 lium,
375 2801 431 2848 et
474 2791 744 2863 Spiritum
774 2804 1021 2850 sanctum
1059 2809 1075 2848 :
1103 2810 1461 2865 personarum
1489 2813 1620 2852 vero
1667 2813 1795 2869 pro-

207 2883 397 2953 prietas
423 2888 769 2944 demonstret
792 2889 957 2943 alium
979 2905 1098 2945 esse
1121 2890 1355 2954 Patrem,
1387 2891 1550 2946 alium
1573 2891 1792 2958 Filium,

209 2972 358 3029 alium
393 2975 662 3046 Spiritum
683 2987 962 3046 sanctum;
993 2979 1158 3034 alium
1200 2989 1380 3035 autem
1411 2979 1650 3045 Patrem,
1685 2997 1794 3037 non

207 3077 266 3119 eo
287 3067 426 3135 quod
453 3069 602 3123 Deus
629 3077 736 3135 est,
771 3070 868 3126 sed
908 3085 974 3126 eo
1028 3071 1172 3140 quod
1200 3071 1365 3127 Pater
1390 3080 1507 3138 est;
1534 3080 1588 3126 et
1628 3072 1796 3128 alium

1893 605 2000 661 tas,
2046 597 2102 651 in
2145 595 2406 649 eoFilius
2451 593 2598 649 videt
2645 595 2788 664 quod
2836 594 2998 651 Pater
3040 595 3189 662 facit,
3240 596 3478 668 Spiritus

1894 695 2113 743 sanctus
2157 687 2308 742 audit
2363 685 2504 756 quod
2540 701 2664 741 cum
2713 686 2876 742 Patre
2925 686 3091 744 Filius
3141 690 3272 746 dicit
3305 711 3317 745 :
3350 695 3478 764 quia

1895 781 2274 834 communione
2305 778 2568 832 naturalis
2607 778 2878 843 essentize,
2910 788 2968 834 et
3005 779 3179 836 Filius
3227 783 3295 838 de
3321 782 3485 837 Patre

1896 878 2057 926 natus
2082 872 2311 935 exstitit,
2335 879 2390 925 et
2440 868 2670 940 Spiritus
2691 879 2910 924 sanctus
2952 869 3019 924 de
3054 871 3215 926 Patre
3238 872 3483 943 Filioque

1894 963 2159 1036 procedit.
2186 963 2300 1018 Hoc
2331 963 2494 1033 igitur
2519 970 2604 1017 est
2629 960 2856 1032 Spiritui
2888 970 3074 1016 sancto
3110 964 3312 1026 audire,
3339 967 3483 1034 quod

1895 1063 1981 1111 est
2007 1055 2072 1109 de
2097 1062 2293 1109 natura
2336 1052 2514 1108 Patris
2558 1052 2788 1122 Filiique
2815 1053 3131 1123 procedere,
3154 1064 3208 1108 et
3256 1057 3357 1110 hoc
3397 1064 3484 1111 est

1895 1149 2066 1218 loqui,
2094 1149 2239 1218 quod
2268 1155 2352 1203 est
2390 1162 2488 1218 per
2514 1147 2745 1218 gratiam
2777 1147 2980 1203 nostris
3013 1147 3270 1202 cordibus
3297 1147 3484 1203 inclia-

1895 1240 2079 1296 biliter
2107 1240 2382 1294 intimare.

2285 1329 2421 1385 Item
2448 1329 2587 1386 idem
2622 1330 2680 1385 in
2720 1329 2900 1385 eodem
2929 1329 3084 1385 libro.

1967 1425 2036 1480 Et
2062 1439 2167 1480 non
2196 1423 2334 1495 rapit
2382 1440 2471 1478 eas
2521 1423 2796 1495 quisquam
2849 1422 2913 1475 de
2943 1439 3104 1476 manu
3135 1439 3270 1476 mea.
3326 1418 3490 1476 Pater

1837 1553 1840 1556 ~
1898 1536 2043 1574 meus
2068 1518 2206 1590 quod
2240 1517 2382 1572 dedit
2407 1517 2537 1570 mihi
2565 1516 2739 1586 majus
2766 1524 2841 1570 est
2867 1515 3126 1580 omnibus,
3151 1524 3199 1569 et
3228 1531 3376 1569 nemo
3399 1531 3494 1584 po-

1898 1620 1996 1666 test
2017 1627 2198 1682 rapere
2225 1610 2289 1664 de
2316 1626 2478 1664 manu
2524 1607 2704 1662 Patris
2737 1609 2860 1663 mei.
2900 1607 3013 1679 Ego
3047 1618 3095 1663 et
3128 1606 3292 1662 Pater
3325 1600 3498 1661 unum

1897 1719 2078 1757 sumus
2107 1702 2290 1773 (Joan.
2315 1718 2374 1766 x,
2399 1700 2514 1770 28).
2547 1699 2674 1756 Haec
2701 1707 2787 1756 est
2829 1714 2957 1772 ergo
3002 1715 3128 1763 vox,
3164 1715 3326 1769 quam
3365 1712 3495 1752 oves

1899 1793 2296 1864 eiusaudiunt;
2326 1807 2452 1862 qua:
2490 1793 2700 1848 scilicet
2730 1793 2784 1846 in
2818 1807 2883 1847 eo
2901 1796 3045 1862 quod
3073 1807 3232 1847 nemo
3260 1792 3404 1862 rapit
3426 1791 3494 1844 de

1823 1856 1872 1916 Β
1901 1901 2067 1940 manu
2093 1884 2238 1950 Filii,
2259 1899 2436 1954 neque
2463 1884 2530 1939 de
2565 1899 2730 1938 manu
2777 1883 2981 1948 Patris,
3026 1872 3190 1936 unam
3234 1882 3494 1936 virtutem

1899 1976 2022 2032 Filii
2054 1986 2107 2030 et
2134 1975 2316 2030 Patris
2353 1973 2680 2044 intelligunt,
2727 1981 2791 2041 et
2828 1973 3110 2028 audientes
3157 1973 3226 2027 ab
3256 1987 3322 2028 eo
3367 1971 3496 2041 quia

1900 2071 2016 2140 ipse
2041 2077 2094 2124 et
2121 2068 2284 2122 Pater
2318 2082 2485 2122 unum
2521 2073 2669 2131 sunt,
2702 2066 2969 2120 unitatem
2999 2079 3187 2119 veram
3230 2063 3285 2117 in
3328 2061 3494 2116 Patre

1899 2169 1955 2216 et
1985 2160 2123 2214 Filio
2159 2159 2411 2215 essentim
2460 2156 2724 2212 naturalis
2771 2164 3090 2228 agnoscunt.
3121 2154 3248 2210 Haec
3268 2161 3352 2209 est
3385 2168 3494 2209 vox

1898 2252 2043 2319 Filii,
2068 2254 2185 2308 haec
2215 2259 2298 2307 est
2319 2251 2520 2306 locutio
2545 2249 2787 2320 Spiritus
2816 2249 3011 2313 sancti,
3037 2248 3162 2319 quia
3194 2248 3260 2302 de
3290 2255 3491 2302 natura

1898 2346 2077 2403 Patris
2100 2355 2261 2402 natus
2290 2353 2374 2400 est
2421 2345 2616 2410 Filius,
2642 2350 2698 2399 et
2723 2343 2920 2398 exinde
2964 2341 3212 2414 procedit
3257 2339 3498 2412 Spiritus

1900 2449 2122 2497 sanctus
2167 2459 2180 2495 :
2225 2441 2330 2495 hoc
2367 2439 2532 2494 etiam
2570 2455 2602 2492 a
2628 2437 2790 2494 Patre
2842 2445 2898 2492 et
2933 2436 3071 2490 Filio
3108 2434 3340 2506 Spiritus
3370 2449 3497 2488 san-

1901 2541 2024 2589 ctus
2054 2533 2226 2599 audit,
2258 2533 2386 2603 quia
2411 2532 2479 2586 de
2508 2531 2671 2586 Patre
2693 2538 2748 2585 et
2781 2530 2922 2584 Filio
2949 2528 3256 2584 communis
3300 2525 3502 2606 divini-f

1900 2627 2030 2682 tatis
2058 2625 2364 2696 aequalitate
2393 2625 2657 2694 procedit.
2686 2623 2805 2678 Non
2831 2638 2962 2693 ergo
2991 2622 3229 2693 Spiritus
3269 2627 3492 2676 sanctus

1899 2717 2142 2789 loquitur
2163 2733 2193 2770 a
2220 2731 2280 2772 se
2320 2716 2462 2786 ipso,
2497 2715 2624 2785 quia
2649 2730 2756 2769 non
2791 2729 2820 2768 a
2845 2728 2904 2769 se
2943 2714 3083 2783 ipso,
3121 2712 3218 2768 sed
3244 2713 3309 2766 de
3335 2711 3498 2766 Patre

1898 2819 1954 2867 et
1976 2810 2113 2864 Filio
2144 2807 2309 2864 habet
2334 2806 2636 2861 naturalem
2678 2805 3030 2868 locutionem,
3063 2805 3206 2859 unde
3239 2801 3500 2858 naturali-

1898 2911 1982 2958 ter
2005 2899 2309 2972 procedens
2335 2898 2499 2953 habet
2532 2897 2760 2969 originis
2787 2896 3092 2952 veritatem.
3125 2893 3209 2949 Ad
3257 2895 3362 2949 hoc
3385 2895 3496 2948 uti-

1899 3010 2002 3066 que
2030 2994 2270 3065 pertinet
2307 2990 2452 3063 quod
2480 2991 2555 3045 ait
2589 3009 2602 3044 :
2633 2989 2736 3044 Ille
2783 3005 2864 3044 me
2902 2987 3242 3057 clari/icabit,
3266 2987 3392 3058 quia
3427 2987 3492 3039 de

1897 3104 2011 3142 meo
2039 3087 2256 3157 accipiet
2301 3092 2350 3139 et
2391 3082 2728 3139 annuntiabit
2757 3081 2902 3135 vobis
2937 3096 2954 3134 :
2997 3079 3174 3132 omnia
3199 3094 3316 3149 qua:
3344 3076 3499 3129 habet

206 3155 415 3226 Filium,
440 3177 552 3216 non
578 3175 644 3216 eo
682 3163 828 3232 quod
876 3172 961 3219 est
999 3161 1160 3228 Deus,
1185 3163 1276 3218 sed
1311 3177 1376 3219 eo
1427 3163 1572 3235 quod
1623 3163 1794 3219 Filius

207 3258 278 3279 ηρ.
320 3271 331 3279 ,
366 3254 530 3279 λιι..-
563 3271 770 3279 _---_-_-
800 3256 1061 3279 ρ.ε.ε.,,,Δ
1112 3267 1390 3279 --_-.__--
1424 3274 1529 3279 μμ
1567 3273 1622 3279 _-
1654 3259 1790 3279 ---Α

1898 3179 2062 3235 Pater
2086 3155 2203 3234 mea
2236 3188 2395 3234 sunt:
2423 3185 2698 3249 propterea
2722 3173 2832 3229 dixi
2873 3175 2999 3245 quia
3021 3172 3084 3226 de
3125 3187 3240 3224 meo
3275 3170 3496 3240 accipiet

206 3258 283 3304 est
319 3271 332 3305 :
365 3254 534 3310 alium
559 3271 774 3326 quoque
800 3256 1066 3328 Spiritum
1110 3267 1392 3314 sanctum:
1424 3274 1536 3315 non
1561 3273 1629 3314 eo
1648 3259 1794 3329 quod

206 3341 342 3402 Deus
372 3356 476 3415 est,
500 3350 597 3405 sed
630 3364 696 3405 eo
718 3351 862 3421 quod
891 3361 945 3406 et
969 3351 1146 3407 Patris
1186 3361 1241 3408 et
1285 3351 1408 3406 Filii
1436 3352 1662 3422 spiritus
1687 3360 1792 3408 est.

204 3432 374 3491 Alium
399 3454 532 3510 ergo
572 3439 789 3496 Patrem
822 3441 949 3511 quia
1003 3443 1206 3514 genuit,
1242 3443 1407 3497 alium
1449 3443 1647 3498 Filium
1670 3444 1796 3512 quia

203 3524 265 3580 de
285 3526 446 3584 Patre
467 3538 628 3587 natus
659 3541 761 3596 est,
793 3541 848 3588 et
878 3534 1046 3588 alium
1077 3535 1339 3604 Spiritum
1369 3545 1639 3600 sanctum,
1670 3536 1798 3606 quia

205 3615 264 3671 de
294 3617 462 3676 Patre
482 3621 728 3691 Filioque
756 3627 1004 3695 procedit
1033 3645 1045 3679 :
1080 3643 1187 3682 non
1223 3635 1403 3682 tamen
1430 3627 1594 3682 alium
1627 3627 1797 3682 Deum

201 3703 441 3774 Patrem,
473 3718 532 3765 et
552 3711 716 3766 alium
736 3714 904 3769 Deum
931 3715 1222 3781 Filium,et
1246 3717 1412 3770 alium
1434 3718 1602 3772 Deum
1629 3716 1801 3787 Spiri-

205 3807 312 3854 tum
342 3812 621 3868 sanctum,
646 3805 741 3860 sed
768 3821 934 3860 unum
965 3807 1133 3862 Deum
1163 3807 1382 3863 Patrem
1426 3817 1482 3862 et
1521 3807 1717 3864 Filium
1743 3817 1800 3865 et

207 3888 463 3958 Spiritum
485 3904 755 3949 sanctum.
789 3895 908 3951 Non
937 3898 1083 3953 enim
1110 3899 1394 3954 confundit
1417 3901 1597 3955 unitas
1618 3901 1798 3956 Trini-

208 3987 389 4047 tatem,
421 3999 523 4038 nec
564 3985 803 4042 Trinitas
851 3997 1068 4059 separat
1117 3990 1385 4046 unitatem
1419 4009 1432 4045 :
1466 3993 1593 4062 quia
1649 3994 1795 4063 quod

210 4069 258 4126 in
300 4089 654 4143 personarum
694 4081 1029 4149 proprietate
1069 4081 1419 4147 discernitur,
1479 4083 1583 4138 hoc
1625 4099 1794 4138 unum

211 4171 517 4228 naturaliter
563 4173 813 4228 essentia:
870 4164 1472 4232 unius'communione
1519 4184 1796 4232 monstra-

213 4266 290 4314 tur

352 4358 487 4414 Item
517 4369 662 4431 idem
686 4362 743 4415 in
769 4360 902 4415 libro
927 4361 1146 4432 septimo
1180 4361 1418 4432 ejusdem
1443 4363 1635 4433 operis.

272 4447 382 4506 Non
409 4455 548 4508 enim
578 4453 819 4524 loquetur
846 4472 879 4509 a
901 4455 1196 4526 semetipso,
1226 4456 1318 4511 sed
1351 4472 1673 4528 quacunque
1691 4473 1792 4510 au-

212 4538 304 4592 diet
327 4541 588 4610 loquetur,
616 4556 664 4601 et
689 4563 808 4616 qua:
839 4556 1057 4602 ventura
1110 4558 1230 4602 sunt
1262 4549 1597 4604 annuntiabit
1626 4551 1788 4606 vobis.

211 4630 302 4688 Ille
327 4654 405 4692 me
433 4640 771 4710 clarificabit,
796 4643 919 4714 quia
941 4643 1006 4697 de
1030 4659 1144 4698 meo
1173 4645 1390 4714 accipiet
1425 4652 1474 4698 et
1497 4645 1789 4699 annuntia-

214 4723 276 4778 bit
297 4730 430 4785 vobis
460 4733 649 4802 (Joan.
694 4749 804 4800 xvi,
837 4733 948 4805 15).
975 4734 1114 4790 Ecce
1145 4734 1381 4805 primum
1420 4735 1657 4791 ostendit
1678 4752 1787 4792 non

213 4826 320 4872 esse
339 4820 440 4874 alia
465 4821 706 4892 Spiritus
727 4824 902 4879 sancti
929 4840 1092 4894 quam
1116 4839 1237 4893 quae
1252 4833 1378 4880 sunt
1403 4824 1556 4890 Filii;
1593 4825 1787 4881 deinde

213 4918 266 4963 ιη
299 4917 610 4973 ostenderet
627 4919 810 4973 omnia
841 4934 938 4974 sua
962 4934 1083 4974 esse
1111 4935 1233 4988 quae
1259 4917 1439 4974 Patris
1465 4927 1611 4984 sunt,
1643 4918 1789 4987 adje-

214 4999 306 5053 cit:
335 5002 526 5061 Omnia
546 5024 869 5079 quaecunque
889 5011 1040 5065 habet
1056 5007 1240 5076 Pater,
1261 5026 1377 5064 mea
1391 5019 1536 5074 sunt,
1557 5020 1790 5081 propter-

214 5106 268 5144 ea
300 5095 430 5165 dixi,
481 5101 612 5171 quia
648 5101 714 5154 de
746 5118 861 5156 meo
910 5103 1130 5179 accipiet
1163 5111 1212 5156 et
1273 5102 1607 5158 annuntiabit
1647 5102 1791 5158 vobis

215 5178 362 5250 (Ibid.
401 5203 509 5254 xvi,
546 5190 659 5262 l5).
711 5192 844 5248 lllud
903 5178 1068 5264 igitur
1120 5194 1373 5265 primitus
1421 5196 1787 5261 attendamus,

213 5277 342 5341 quod
375 5279 452 5334 ait
491 5299 504 5334 :
542 5281 666 5337 Non
700 5285 840 5337 enim
882 5283 1122 5355 loquetur
1147 5303 1180 5339 a
1209 5287 1501 5356 semetipso,
1527 5286 1617 5342 sed
1645 5303 1791 5358 qua:-

214 5382 400 5442 cunque
424 5376 606 5430 audiet
651 5375 910 5448 loquetur.
944 5377 1078 5444 Quis
1131 5387 1312 5434 autem
1368 5381 1791 5450 comprehendat

213 5459 373 5525 qualis
399 5465 469 5520 sit
499 5466 646 5524 illius
678 5466 942 5537 simplicis
979 5477 1186 5523 natura:
1235 5468 1462 5536 locutio,
1502 5470 1586 5526 vel
1615 5471 1791 5542 qualis

215 5553 431 5623 auditio,
468 5560 562 5616 ubi
600 5574 707 5616 non
738 5570 824 5617 est
853 5561 1001 5616 aliud
1031 5560 1221 5617 audire
1248 5577 1411 5632 quam
1447 5578 1587 5618 esse.
1626 5564 1792 5620 Audit

217 5639 383 5716 itaque
413 5648 648 5722 Spiritus
686 5663 906 5711 sanctus
943 5669 1281 5726 quaecunque
1319 5647 1480 5712 Pater
1525 5667 1582 5713 et
1623 5659 1793 5716 Filius

217 5732 404 5804 dicunt,
430 5751 484 5798 et
512 5745 625 5802 haec
662 5747 850 5803 eadem
893 5747 1146 5803 similiter
1189 5748 1342 5815 dicit,
1368 5750 1510 5805 sicut
1534 5752 1683 5810 videt
1703 5752 1792 5809 Fi-

218 5822 311 5886 lius
333 5847 451 5903 qua
478 5835 640 5894 Pater
693 5835 845 5902 facit,
875 5849 932 5894 et
968 5838 1084 5896 haec
1113 5839 1304 5896 eadem
1351 5840 1601 5898 similiter
1638 5842 1788 5900 facit.

449 5928 724 5992 Panos.
771 5931 900 5995 CV.

1900 3274 2082 3349 (Joan.
2114 3289 2230 3336 xw,
2259 3271 2371 3344 l4).
2399 3269 2573 3339 Quam
2601 3270 2742 3325 bene
2776 3267 3066 3323 veritatem
3098 3263 3360 3320 doctrinae
3386 3275 3498 3315 suae

1897 3367 2101 3422 veritas
2141 3365 2258 3435 ipsa
2305 3363 2577 3419 servavit!
2629 3360 2687 3416 Si
2739 3359 2884 3415 enim
2934 3358 3031 3411 hoc
3075 3354 3318 3415 dixisset,
3346 3353 3499 3423 quasi

1901 3470 2202 3520 suumqesse
2232 3463 2442 3509 tantum
2489 3452 2743 3522 spiritum
2793 3447 3162 3504 ostendisset:
3192 3445 3286 3500 sed
3308 3443 3499 3498 dicens

1900 3551 2083 3605 omnia
2117 3565 2238 3620 qua:
2267 3549 2432 3603 habet
2488 3546 2652 3600 Pater
2696 3559 2817 3598 mea
2863 3549 3009 3607 sunt,
3059 3547 3347 3611 prapterea
3389 3535 3500 3592 dixi

1902 3642 2028 3711 quia
2046 3642 2112 3696 de
2133 3656 2256 3696 meo
2284 3639 2536 3708 accipiet,
2563 3640 2738 3708 ipsum
2762 3635 3025 3706 Spiritum
3053 3641 3302 3689 sanctum
3327 3646 3494 3684 unum

1903 3746 2024 3786 esse
2052 3730 2288 3786 ostendit
2311 3738 2367 3784 et
2386 3729 2566 3783 Patris
2591 3735 2646 3783 et
2681 3742 2838 3782 suum
2863 3743 2877 3793 ;
2930 3723 3083 3794 cujus
3125 3722 3498 3795 intelligentia:

1901 3831 2146 3878 tenorem
2171 3821 2288 3877 loco
2310 3835 2526 3891 quoque
2551 3818 2830 3889 superiore
2851 3816 3088 3872 servavit
3114 3815 3296 3870 dicens
3335 3829 3348 3868 :
3390 3811 3499 3868 Pa-

1900 3911 2127 3966 racletus
2151 3919 2326 3966 autem
2362 3910 2592 3981 Spiritus
2619 3918 2832 3964 sanctus
2856 3925 3010 3980 quem
3047 3907 3214 3960 mittet
3242 3905 3406 3959 Pater
3439 3906 3496 3958 in

1900 4007 2110 4060 nomine
2139 4022 2272 4070 meo,
2299 4004 2390 4060 ille
2417 4021 2503 4058 vos
2527 4003 2730 4058 docebit
2758 4003 2935 4056 omnia
2963 4018 3288 4074 qutecunque
3312 3999 3496 4054 dixero

1898 4097 2038 4152 vobis
2070 4097 2253 4170 (Joan.
2283 4113 2394 4163 xxv,
2445 4095 2560 4169 26).
2593 4095 2758 4150 Pater
2800 4095 2990 4160 mittit,
3039 4094 3134 4150 sed
3175 4095 3228 4147 in
3276 4095 3496 4148 nomine

1896 4187 2022 4242 Filii
2048 4189 2256 4243 mittit:
2292 4187 2528 4259 Spiritus
2569 4188 2771 4242 missus
2810 4202 2841 4240 a
2879 4185 3043 4239 Patre
3087 4185 3264 4248 docet,
3290 4185 3383 4237 sed
3407 4183 3498 4236 Fi-

1896 4277 2004 4334 lius
2026 4278 2178 4333 dicit.
2209 4278 2323 4333 Hoc
2342 4279 2509 4333 etiam
2544 4278 2634 4331 illo
2680 4280 3086 4331 demonstratur
3117 4275 3237 4329 loco
3263 4275 3355 4329 ubi
3385 4276 3492 4331 Do-

1903 4369 2085 4424 minus
2107 4369 2239 4424 dicit
2270 4386 2283 4422 :
2317 4366 2449 4423 Cum
2475 4377 2650 4422 autem
2676 4369 2869 4422 venerit
2898 4365 3208 4421 Paracletus
3227 4383 3376 4438 quem
3399 4384 3504 4448 ego.

1898 4462 2104 4516 mittam
2128 4462 2185 4516 in
2223 4479 2310 4518 vos
2338 4479 2372 4516 a
2392 4459 2556 4516 Patre
2583 4460 2826 4532 spiritum
2871 4459 3127 4526 veritatis,
3157 4460 3247 4530 qui
3269 4477 3300 4513 a
3330 4457 3495 4516 Patre

1896 4556 2132 4626 procedit
2161 4555 2345 4629 (Joan.
2371 4571 2462 4621 xv,
2485 4555 2598 4629 26).
2639 4555 2778 4611 Ecce
2816 4555 2905 4611 hic
2936 4554 3302 4620 Paracletum,
3328 4572 3490 4626 quem

1895 4647 2064 4702 mittit
2097 4645 2262 4702 Pater
2279 4647 2334 4702 in
2367 4647 2587 4702 nomine
2621 4646 2742 4700 Filii
2795 4646 2970 4717 ipsum
3024 4646 3190 4701 mittit
3241 4646 3410 4702 Filius
3454 4663 3486 4701 a

1893 4738 2088 4806 Patre;
2136 4739 2305 4794 mittit
2353 4748 2537 4794 autem
2576 4754 2607 4792 a
2649 4720 2813 4793 Patre
2877 4738 3129 4808 spiritum
3187 4739 3488 4796 veritatis:

1894 4830 2067 4885 mittit
2087 4845 2219 4901 ergo
2245 4845 2276 4884 a
2309 4829 2472 4884 Patre
2495 4830 2743 4900 Spiritum
2779 4845 2959 4894 suum,
2997 4830 3122 4898 quia
3151 4831 3266 4901 ipse
3292 4841 3378 4886 est
3400 4845 3490 4886 ve-

1896 4922 2031 4976 ritas
2055 4937 2070 4977 :
2093 4905 2267 4975 mittit
2298 4936 2422 4975 eum
2461 4920 2622 4974 Pater
2669 4920 2724 4974 in
2761 4920 2979 4975 nomine
3017 4920 3158 4986 Filii,
3187 4921 3314 4992 quia
3345 4937 3486 4976 unus

1898 5013 2123 5085 spiritus
2143 5019 2226 5068 est
2252 5011 2429 5066 Patris
2447 5019 2501 5065 et
2525 5011 2647 5065 Filii
2673 5029 2685 5065 :
2720 5012 2887 5068 mittit
2915 5028 3037 5068 eum
3057 5013 3226 5067 Filius
3249 5028 3279 5066 a
3302 5011 3483 5076 Patre,

1895 5103 2021 5173 quia
2075 5103 2154 5158 sic
2191 5102 2439 5172 procedit
2468 5117 2499 5155 a
2539 5101 2712 5168 Filio,
2760 5103 2901 5158 sicut
2939 5103 3188 5174 procedit
3227 5118 3257 5156 a
3299 5100 3481 5157 Patre.

1892 5195 2040 5249 Idem
2065 5209 2278 5264 quoque
2300 5194 2521 5264 spiritus
2542 5193 2742 5260 Patris,
2757 5197 2849 5265 qui
2875 5196 3096 5265 spiritus
3113 5201 3196 5247 est
3216 5192 3480 5248 veritatis.

1894 5284 1970 5338 De
1990 5283 2129 5337 Filio
2150 5298 2280 5354 ergo
2318 5284 2544 5356 accepit,
2577 5292 2632 5340 et
2654 5285 2836 5340 omnia
2858 5299 2979 5353 qua:
3011 5282 3174 5336 habet
3205 5281 3371 5336 Pater
3394 5281 3484 5337 Fi-

1893 5377 1950 5433 lii
1982 5387 2132 5444 sunt,
2160 5394 2279 5449 qua:
2304 5379 2540 5450 Spiritus
2575 5387 2796 5436 sanctus
2842 5376 3088 5445 accepit:
3122 5377 3246 5445 quia
3277 5392 3383 5432 non
3410 5378 3478 5434 de

1893 5469 2008 5525 solo
2041 5470 2221 5537 Patre,
2256 5487 2357 5526 nec
2382 5471 2448 5525 de
2490 5471 2605 5526 solo
2642 5470 2802 5536 Filio,
2844 5468 2939 5522 sed
2966 5467 3129 5522 simul
3157 5469 3223 5525 de
3249 5478 3482 5542 utroque

1891 5566 2156 5635 procedit.
2184 5565 2296 5622 lloc
2319 5574 2501 5622 autem
2533 5565 2854 5620 vocabulum
2903 5567 3267 5635 processionis
3295 5569 3360 5624 de
3382 5569 3481 5623 Pa-

1892 5665 1976 5713 tre
2005 5658 2135 5714 nulli
2163 5668 2425 5714 creatura:
2480 5657 2753 5712 invenitur
2782 5654 3068 5723 indultum,
3092 5669 3153 5716 ut
3172 5663 3479 5733 proprietas

1893 5749 1995 5805 ista
2026 5751 2388 5822 processionis
2415 5749 2580 5805 solius
2614 5765 2735 5804 csse
2775 5751 3178 5809 demonstretur
3225 5756 3476 5810 essentia:

1893 5844 2175 5899 naturalis.
2203 5842 2461 5916 Legimus
2492 5842 2635 5898 enim
2665 5841 2860 5900 Filium
2895 5845 2961 5900 de
2988 5846 3150 5903 Patre
3201 5847 3474 5920 genitum'

2960 5937 3000 5999 9
