4046 6450
480 417 583 482 267

1488 401 1882 465 THEODULFI
1915 383 2470 456 AURELIANENSIS
2505 383 2722 442 EPISC.

481 531 536 597 et
564 535 810 610 quamvis
836 536 892 590 in
934 549 999 592 eo
1039 532 1181 602 quod
1242 527 1558 601 unigenitus
1604 524 1821 586 dicitur,
1847 519 1904 572 in
1947 514 2062 571 solo
2088 515 2142 576 Α
2164 509 2303 610 Ite:
2325 507 2482 590 idem,
2509 512 2572 586 ut
2596 499 2903 586 ostenderet
3217 493 3456 554 sua!!!

2292 589 2393 610 η...
2423 586 2468 610 ,ι
2504 573 2647 610 Pam
2701 569 2938 610 οηιηιιρηι
2979 563 3232 610 Senatum
3258 565 3498 610 sanctum
3534 569 3570 610 α
3593 548 3756 610 Ραιίθ

483 629 745 706 naturalis
794 623 1070 700 generatio
1127 619 1530 678 demonstretur
1570 633 1582 667 :
1615 621 1797 667 tamen
1843 616 2068 678 propter

484 701 718 796 gratiam
744 697 1070 790 adoptionis,
1097 727 1193 767 nos
1221 723 1435 780 quoque
1458 707 1602 773 Deus
1627 703 1792 758 Pater
1815 697 2065 755 volunta—

486 797 567 870 rie
597 812 783 884 genuit
812 810 976 865 verbo
997 805 1263 868 veritatis.
1301 802 1621 873 Unigenitus
1663 796 1829 866 igitur
1855 807 1994 847 unus
2015 797 2072 846 et

486 905 636 960 solus
660 910 745 958 est
772 902 839 956 de
857 898 1036 952 Patris
1059 895 1296 952 essentia
1324 891 1494 946 Filius
1520 896 1680 943 natus
1711 905 1724 939 :
1761 884 1862 940 sed
1878 889 1934 937 et
1971 895 2071 936 nos

485 1011 584 1067 per
609 992 952 1062 adoptionem
972 999 1028 1046 et
1073 986 1169 1041 filii
1203 985 1302 1040 Dei
1333 983 1582 1044 dicimur,
1610 985 1664 1034 et
1705 977 1772 1032 de
1800 976 1912 1030 Deo
1933 972 2070 1038 nati,

489 1087 650 1141 beato
682 1080 1025 1153 Evangelista
1070 1079 1280 1133 dicente
1310 1089 1325 1128 :
1357 1072 1623 1148 Quotquot
1668 1076 1844 1123 autem
1870 1079 2076 1134 recepe-

490 1186 615 1231 runt
641 1191 782 1240 eum,
805 1172 946 1228 dedit
977 1173 1051 1225 eis
1075 1175 1380 1240 potestatem
1415 1163 1555 1232 ﬁlios
1585 1161 1687 1215 Dei
1707 1159 1847 1229 ﬁeri,
1878 1157 1960 1211 Itis
1985 1154 2080 1226 qui

492 1268 712 1323 credunt
735 1267 792 1320 in
820 1266 1026 1322 nomine
1059 1262 1194 1331 ejus,
1236 1260 1326 1331 qui
1363 1275 1466 1312 non
1494 1273 1557 1325 ea:
1599 1249 1962 1324 sanguinibus,
1990 1265 2080 1303 ne-

492 1379 590 1434 que
613 1378 679 1416 ea:
702 1358 964 1415 voluntate
1003 1355 1196 1420 carnis,
1238 1339 1401 1424 neque
1444 1367 1507 1405 ex
1547 1336 1813 1403 voluntate
1841 1343 1960 1407 uiri,
1986 1340 2078 1395 sed

495 1431 560 1509 ex
588 1452 698 1508 Deo
721 1450 832 1506 nati
852 1456 974 1503 sunt
1000 1443 1182 1524 (Joan.
1213 1461 1253 1511 ι,
1278 1443 1388 1516 l2).
1422 1441 1559 1509 Cum
1603 1452 1738 1509 ergo
1752 1449 1870 1499 nos,
1893 1441 1948 1488 et
1982 1431 2080 1487 Dei

497 1535 656 1606 ﬁlios,
682 1549 737 1596 et
760 1539 826 1595 de
855 1539 966 1610 Deo
989 1537 1220 1608 genitos,
1252 1542 1308 1588 et
1332 1534 1396 1588 de
1429 1533 1540 1588 Deo
1567 1537 1742 1592 natos,
1770 1524 1967 1581 divinis
1994 1537 2084 1579 os-

496 1635 748 1690 tendatur
767 1615 1018 1700 eloquiis,
1040 1625 1402 1707 processionis
1431 1632 1614 1696 tamen
1637 1619 1702 1674 de
1722 1618 1836 1672 Deo
1853 1613 2085 1670 vocabu-

497 1720 607 1806 lum
634 1740 792 1802 nemo
811 1729 992 1795 potest
1039 1707 1301 1775 ereatura:
1340 1717 1596 1786 cuiquam
1635 1711 1832 1767 docere
1857 1721 2083 1764 conces-

2498 548 3232 638 FrSpirituu‘t
3258 552 3498 638 sanctum
3534 548 3762 638 Patre

2237 621 3080 712 22317120,Ei'i'iiiiiiiiia‘gaim
3103 625 3154 690 et
3184 623 3608 712 δηξτξέμηειίξιρζς
3627 621 3754 712 n25-

3200 695 3208 704 ρ

2240 685 2527 780 Emesa:
2553 685 3445 780 Iésidibi’in'tdii"gééufiiloim.‘
3465 698 3500 747 ἡ
3641 685 3732 743 Ma

2243 763 2886 855 λῖίῆιιῖἦξνέαρῗόᾗξφιεηι
2900 775 3111 845 scripsit
3133 772 3200 825 ad
3230 763 3651 824 nmmum
3677 776 3742 814 rs

2243 876 2376 931 gem.

2243 970 2365 1026 Jam
2400 984 2545 1024 nunc
2584 966 2750 1024 etiam
2774 961 2866 1023 ida
3088 955 3178 1013 est
3304 949 3548 1022 Spiritus
3581 945 3760 1040 sancti

2177 1065 2435 1122 missione
2482 1061 2707 1133 quaestio
2736 1038 3096 1118 revolvenda,
3139 1065 3236 1108 cur
3275 1045 3511 1114 scilicet,
3535 1042 3584 1110 si
3609 1038 3762 1098 omni

2180 1155 2433 1221 Trinitati
2493 1153 2816 1214 sacriﬁcium
2871 1147 3131 1210 oil‘ertur,
3190 1144 3262 1223 ad
3311 1136 3764 1220 sanctiﬁcandum

2178 1250 2467 1308 oblationis
2493 1256 2693 1305 nostra:
2716 1259 2912 1300 munus
2940 1240 3114 1300 sancti
3138 1237 3375 1310 Spiritus"
3400 1239 3613 1288 tantum
3638 1228 3767 1284 mis-

2182 1345 2264 1400 sio
2302 1342 2624 1415 postuletur.
2657 1338 2822 1407 Quasi
2853 1351 3015 1401 vero,
3042 1339 3104 1410 ut
3133 1332 3206 1404 ita
3233 1329 3436 1406 (licam,
3469 1327 3584 1396 ipse
3608 1329 3770 1392 pater

2184 1414 2345 1497 Deus,
2389 1449 2420 1487 a
2460 1447 2568 1502 quo
2607 1428 2841 1500 Spiritus
2875 1432 3096 1482 sanctus
3130 1419 3396 1502 procedit,
3434 1414 3768 1495 sacriﬁcium

2183 1526 2287 1583 sibi
2317 1493 2558 1581 oblatum
2584 1493 2924 1578 sanctiﬁcare
2947 1534 3053 1574 non
3076 1493 3248 1594 possit
3281 1533 3295 1570 :
3327 1493 3421 1593 aut
3450 1493 3568 1582 ipse
3595 1507 3768 1566 Filius

2186 1619 2526 1678 sanctiﬁcare
2564 1622 2801 1687 nequeat
2845 1609 3179 1683 sacriﬁcium
3209 1605 3460 1677 Corporis
3482 1603 3588 1668 sui,
3620 1600 3769 1671 quod

2187 1711 2464 1770 otl‘erimus
2482 1725 2600 1775 nos,
2629 1723 2753 1764 cum
2779 1719 2975 1777 corpus
2998 1717 3156 1758 suum
3179 1701 3296 1769 ipse
3321 1692 3767 1755 sanctiﬁeaverit,

497 1799 638 1892 sum.
664 1797 807 1884 Quid
828 1817 928 1894 ita,
955 1813 1059 1868 nisi
1080 1812 1207 1882 quia
1221 1810 1558 1881 unigenitum
1579 1803 1775 1860 Filium
1789 1808 1972 1874 posset
1990 1814 2088 1854 na-
2110 1829 2166 1894 ξ
2190 1804 2334 1877 quod
2360 1802 2554 1859 obtulit
2573 1809 2633 1855 ut
2652 1799 2942 1855 redimeret
2969 1810 3069 1850 nos
3095 1812 3108 1846 :
3145 1789 3237 1864 aut
3268 1788 3344 1846 ita
3379 1787 3614 1858 Spiritus
3639 1799 3770 1840 san-

498 1907 692 1965 ιιιηιίε
741 1891 998 1980 ηειῑῖνὶίεὶε
1042 1915 1238 1981 verum
1276 1900 1444 1954 Deum
1502 1896 1814 1960 οεῐεηίῗθΐε,
1852 1904 2085 1962 eumque
2110 1876 2166 1940 Β
2188 1876 2306 1954 ctus
2343 1897 2412 1951 ad
2441 1891 2866 1950 consecrandum
2896 1887 3154 1945 Ecclesia:
3186 1880 3511 1940 sacriﬁcium
3544 1877 3771 1932 mittenv

500 2015 606 2080 non
637 1998 979 2074 adoptivum,
993 2009 1094 2050 nec
1113 1994 1340 2048 diversae
1362 2001 1588 2057 naturae,
1615 1989 1714 2046 sed
1736 1989 2087 2044 consubstan-

502 2077 682 2166 tialem
710 2086 864 2141 Patri
893 2086 1009 2140 sine
1030 2084 1368 2140 dubitatione
1413 2081 1752 2138 monstrare?
1779 2077 2086 2135 Procedere

502 2189 684 2264 autem
705 2179 770 2233 de
799 2178 909 2232 Deo
937 2177 1058 2231 ideo
1082 2174 1224 2230 nulla
1253 2184 1504 2230 creatura
1540 2173 1759 2238 dicitur,
1788 2177 1848 2225 ut
1877 2170 1968 2225 ille
1994 2168 2094 2240 qui?

501 2262 748 2366 procedit
768 2268 836 2366 de
853 2267 1014 2323 Patre
1059 2274 1116 2322 et
1150 2266 1287 2321 Filio
1330 2266 1411 2321 sic
1452 2279 1574 2338 esse
1618 2264 1872 2320 credatur
1920 2262 2084 2329 Deus,

503 2355 647 2419 sicut
670 2370 755 2418 est
781 2359 944 2416 Pater
981 2368 1037 2416 et
1071 2359 1262 2415 Filius.
1299 2358 1480 2414 Solius
1531 2366 1615 2413 est
1670 2357 1815 2412 enim
1847 2355 2088 2427 Spiritus

505 2453 679 2510 sancti
709 2454 776 2508 de
802 2451 964 2507 Patre
989 2458 1043 2506 et
1062 2450 1206 2525 Filio
1221 2449 1526 2521 proprietas
1570 2449 1673 2502 ista
1701 2446 2087 2518 processionis,

505 2545 662 2616 Cujus
693 2551 778 2600 est
798 2559 925 2600 cum
953 2544 1114 2599 Patre
1155 2549 1213 2596 et
1257 2541 1396 2596 Filio
1426 2549 1620 2595 natura
1659 2539 1982 2595 communis.
2014 2539 2098 2593 De

504 2635 668 2720 Patre
686 2636 882 2708 quippe
906 2650 972 2692 ac
993 2633 1134 2689 Filio
1171 2632 1437 2705 procedit,
1466 2631 1568 2688 sed
1595 2645 1702 2686 non
1730 2616 1954 2695 recedit,
1991 2642 2094 2683 nec

506 2732 664 2788 estin
691 2730 871 2802 aliquo
892 2729 1071 2785 minor
1112 2735 1208 2783 aut
1258 2725 1529 2791 subditus,
1579 2725 1678 2794 qui
1725 2724 1790 2778 de
1824 2722 2100 2778 immenso

506 2821 670 2879 Patre
701 2838 766 2879 ac
799 2821 867 2879 de
893 2822 1161 2877 immenso
1204 2816 1345 2894 Filio
1392 2813 1830 2887 inseparabiliter
1871 2821 1925 2867 et
1951 2827 2098 2866 unus

508 2914 752 2987 procedit
779 2921 835 2970 et
855 2920 1021 2969 totus.
1048 2909 1142 2968 Sic
1187 2911 1362 2981 igitur
1393 2909 1446 2965 ei
1475 2923 1583 2962 non
1636 2913 1813 2978 potest
1836 2903 2098 2975 imperari

513 3005 657 3078 quod
683 3005 947 3078 loquitur,
992 3003 1134 3060 sicut
1177 3002 1231 3059 ei
1267 3016 1378 3077 non
1417 3005 1600 3072 potest
1646 2997 1905 3068 imperari
1949 2994 2103 3066 quod

509 3103 832 3162 mirabiliter
862 3108 1140 3173 operatur.

678 3194 814 3251 Item
842 3181 981 3248 idem
1002 3193 1058 3246 in
1077 3190 1209 3245 libro
1241 3196 1421 3244 octavo
1448 3201 1684 3258 ejusdem
1717 3199 1910 3256 operis.

582 3287 752 3346 Filius
771 3294 858 3344 est
881 3285 1046 3358 igitur
1062 3300 1092 3338 a
1110 3282 1271 3338 Patre
1291 3283 1490 3337 missus
1507 3321 1522 3347 ,
1557 3294 1667 3334 non
1685 3277 1848 3332 Pater
1877 3291 1906 3330 a
1934 3275 2090 3342 Filio,

516 3382 644 3458 quia
671 3380 842 3437 Filius
869 3384 954 3434 est
988 3391 1018 3430 a
1039 3374 1203 3430 Patre
1231 3382 1391 3428 natus
1409 3413 1424 3438 ,
1457 3387 1565 3427 non
1586 3369 1752 3429 Pater
1771 3384 1803 3423 a
1830 3367 1987 3422 Filio.
2012 3365 2097 3422 Si-

517 3473 720 3530 militer
754 3471 918 3527 etiam
955 3467 1192 3538 Spiritus
1223 3475 1445 3521 sanctus
1472 3479 1503 3518 a
1531 3463 1692 3518 Patre
1720 3468 1775 3517 et
1801 3459 1941 3516 Filio
1961 3459 2099 3530 legi-

519 3573 608 3622 tur
633 3564 831 3620 missus
848 3602 862 3627 ,
891 3560 1016 3630 quia
1040 3575 1072 3613 a
1097 3557 1257 3612 Patre
1285 3555 1530 3626 Filioque
1550 3553 1811 3624 procedis.
1846 3549 2100 3620 Sedquia

518 3671 626 3714 non
652 3670 760 3711 uno
791 3652 949 3708 modo
978 3651 1031 3704 in
1063 3647 1362 3718 Scripturis
1407 3645 1610 3702 sanctis
1655 3644 1867 3700 dicitur
1891 3640 2095 3704 missio,

520 3753 804 3816 propterea
841 3742 897 3796 in
933 3747 1278 3796 sacramento
1303 3736 1696 3792 incarnationis
1723 3751 1832 3790 non
1870 3732 2042 3788 solum
2071 3746 2104 3786 τι

519 3841 702 3908 Patre,
729 3854 919 3897 verum
948 3838 1112 3894 etiam
1161 3837 1229 3891 ab
1279 3833 1486 3904 Spiritu
1532 3841 1721 3887 sancto
1767 3831 1967 3885 missus
2021 3833 2106 3882 est

522 3934 712 4000 Filius,
737 3933 864 4002 quia
884 3930 1151 3987 mediator
1174 3929 1272 3983 Dei
1295 3935 1349 3982 et
1368 3925 1647 3981 hominum
1667 3925 1830 3977 homo
1854 3920 2106 3976 Christus

522 4026 682 4084 Iesus
727 4026 888 4081 totius
942 4032 1027 4079 est
1067 4021 1352 4077 Trinitatis
1399 4017 1712 4088 operatione
1756 4015 2104 4084 plasmatus:

526 4119 632 4174 alio
663 4127 843 4173 autem
875 4113 1033 4170 modo
1071 4113 1305 4168 mittitur
1342 4125 1374 4164 a
1417 4107 1577 4163 Patre
1607 4115 1662 4162 et
1703 4105 1843 4160 Filio
1873 4103 2108 4174 Spiritus

526 4219 765 4274 sanctus,
809 4207 900 4277 qui
943 4203 1265 4261 naturaliter
1293 4217 1323 4256 a
1349 4185 1513 4255 Patre
1560 4197 1804 4269 Filioque
1841 4196 2106 4267 procedit.

527 4302 758 4358 Mittitur
786 4301 931 4356 enim
951 4314 983 4353 a
1014 4297 1174 4353 Patre
1201 4304 1256 4351 et
1277 4295 1414 4351 Filio
1445 4293 1682 4363 Spiritus
1708 4301 1950 4353 sanctus,
1983 4303 2111 4344 cum

530 4395 599 4449 ab
636 4389 762 4464 ipsa.
786 4391 1054 4445 Trinitate
1083 4402 1191 4443 uno
1231 4385 1340 4442 Deo
1366 4385 1555 4457 gratiae
1579 4383 1838 4455 spiritalis
1877 4383 2115 4438 donatur

530 4485 770 4543 effectus.

734 4575 867 4630 Item
894 4573 1031 4628 idem
1054 4574 1110 4627 in
1134 4571 1264 4625 libro
1295 4585 1430 4624 nono
1451 4569 1686 4640 ejusdem
1713 4569 1901 4638 operis.

607 4669 774 4724 Deum
808 4668 989 4736 itaque
1017 4663 1257 4730 Patrem,
1303 4679 1410 4718 non
1447 4663 1610 4717 totius
1649 4659 1974 4723 Trinitatis,
2021 4657 2117 4714 sed

535 4763 659 4819 Filii
703 4770 758 4817 et
796 4760 1029 4831 Spiritus
1069 4757 1242 4814 sancti
1273 4754 1508 4811 fatemur
1544 4763 1823 4809 auctorem
1864 4771 1876 4805 :
1916 4767 1988 4807 ue
2011 4767 2119 4821 quo

539 4856 702 4910 habet
727 4851 1033 4923 unigenitus
1066 4849 1237 4905 Filius
1265 4857 1482 4903 aeterna;
1507 4845 1828 4910 nativitatis,
1863 4852 1921 4898 et
1950 4844 2120 4914 Spiri-

540 4957 627 5003 tus
673 4951 894 5002 sanctus
936 4951 1149 4999 aeternae
1186 4939 1551 5012 processionis
1591 4937 1886 5006 originem.
1927 4935 2119 4993 Unitas

540 5047 719 5101 autem
745 5035 1034 5101 naturalis,
1081 5044 1383 5090 creatorem
1412 5031 1612 5084 Filium
1649 5029 1715 5083 de
1744 5037 1995 5085 creatore
2025 5030 2123 5084 Pa-

541 5140 627 5186 tre
653 5128 885 5185 naturali
925 5127 1205 5182 nativitate
1240 5125 1480 5180 insinuat
1508 5120 1784 5176 exstitisse
1808 5130 1870 5177 et
1913 5131 2124 5177 creato-

546 5239 658 5278 rem
684 5222 946 5294 Spiritum
977 5225 1221 5274 sanctum
1247 5216 1315 5270 de
1342 5213 1502 5268 Patre
1523 5211 1771 5283 Filioque
1795 5217 2118 5284 procedere.

685 5313 820 5368 Item
848 5313 986 5367 idem
1015 5312 1071 5364 in
1114 5308 1244 5361 libro
1269 5307 1469 5360 decimo
1505 5305 1742 5376 ejusdem
1790 5310 1981 5378 operis.

615 5403 838 5474 Expleta
864 5415 995 5456 vero
1019 5397 1355 5455 confessione
1375 5410 1519 5449 verze
1545 5396 1851 5452 divinitatis
1877 5411 2125 5466 veraeque

548 5495 897 5552 humanitatis
930 5493 1072 5548 unici
1104 5487 1224 5545 Filii
1257 5487 1379 5551 Dei,
1409 5487 1740 5544 conﬁtemur
1773 5503 1872 5543 nos
1902 5486 2125 5543 credere

551 5593 603 5646 in
639 5589 899 5660 Spiritum
945 5594 1212 5649 sanctum,
1255 5581 1348 5654 qui
1389 5587 1473 5635 est
1504 5596 1645 5636 unus
1687 5582 1912 5653 spiritus
1948 5577 2126 5634 Patris

549 5692 606 5738 et
632 5681 774 5747 Filii,
806 5682 874 5736 de
899 5678 1060 5732 Patre
1081 5673 1327 5747 Filioque
1353 5674 1680 5746 procedens.
1708 5674 1760 5728 in
1785 5672 1946 5727 Patre
1966 5668 2130 5724 Filio-

551 5789 658 5848 que
683 5771 1000 5829 naturallter
1027 5785 1271 5842 manens,
1301 5771 1368 5824 de
1392 5768 1555 5824 Patre
1591 5783 1659 5825 ac
1683 5766 1820 5822 Filio
1862 5765 2019 5820 unius
2051 5764 2132 5820 di-

551 5868 799 5927 vinitatis
828 5867 1032 5923 habens
1059 5865 1379 5921 naturaliter
1401 5863 1709 5918 veritatem.

2121 3233 2177 3298 (ἶ

2187 1990 2286 2046 dus
2322 1987 2412 2053 sit,
2441 1994 2695 2054 tanquam
2718 1983 2879 2050 Pater
2903 1989 2996 2035 aut
3021 1977 3194 2034 Filius
3214 1971 3660 2031 sacriﬁcantibus
3679 1969 3778 2024 (ἰθ-

2186 2083 2275 2139 sit.
2308 2079 2491 2136 Primo
2520 2081 2704 2148 itaque
2743 2073 3052 2131 meminisse
3095 2086 3200 2140 nos,
3223 2067 3497 2132 Convenit,
3528 2063 3582 2119 in
3612 2061 3784 2131 hujus

2186 2174 2451 2233 vocabulo
2495 2171 2802 2236 missionis,
2851 2181 2953 2224 nec
3003 2165 3313 2221 inferiorem
3353 2158 3524 2232 accipi
3571 2157 3780 2212 debere

2189 2270 2451 2341 Spiritum
2485 2275 2754 2332 sanctum,
2796 2253 2909 2317 nec
2946 2259 3251 2315 minorem:
3287 2254 3413 2324 quia
3463 2251 3512 2306 si
3569 2248 3775 2312 minor,

2187 2339 2376 2431 uiique
2423 2357 2651 2414 inferior
2683 2375 2696 2410 :
2733 2364 2789 2411 et
2822 2354 2867 2410 si
2901 2351 3148 2431 inferior,
3182 2349 3372 2428 utique
3411 2345 3607 2399 mihor.
3659 2339 3780 2396 Hoc

2191 2462 2374 2507 autem
2420 2447 2864 2520 prazmonuimus,
2915 2426 3154 2514 scientes
3194 2425 3560 2494 ab‘hteretici's
3611 2446 3786 2503 quam

2191 2545 2426 2601 maxime
2457 2542 2581 2597 ﬁdei
2611 2547 2812 2596 nostrze
2852 2537 3167 2606 frequenter
3193 2524 3483 2601 obiectum,
3515 2525 3762 2583 Μαι-ωτι

2192 2649 2338 2697 ctum
2367 2638 2636 2711 minorem
2671 2633 3007 2706 credendum
3036 2621 3200 2708 Patre
3226 2617 3297 2682 ac
3317 2625 3478 2690 Filio,
3509 2624 3636 2706 quia
3665 2630 3728 2678 et
3749 2635 3784 2690 a

2192 2726 2356 2790 Patre
2391 2709 2594 2806 missus;
2633 2737 2717 2802 est
2759 2735 2814 2784 et
2840 2742 2872 2780 a
2899 2703 3056 2780 Filio.
3105 2706 3278 2776 Porro
3308 2727 3490 2774 autem
3534 2703 3788 2796 missu

2193 2826 2419 2884 mittens
2459 2824 2636 2894 potior
2678 2825 2766 2875 est
2803 2817 3136 2881 credendus,
3187 2816 3515 2882 cognoscent
3563 2807 3619 2862 in
3674 2805 3788 2860 hoc

2196 2933 2348 2975 suam
2375 2893 2622 2972 convinci
2644 2911 2957 2990 perfidiam,
2990 2908 3116 2979 quia
3147 2905 3288 2962 sicut
3314 2919 3346 2959 a
3375 2902 3536 2970 Patre
3565 2893 3794 2970 etFilio

2197 3013 2395 3068 missus
2429 3009 2626 3082 legitur
2661 2988 2897 3076 Spiritus
2931 3013 3171 3066 sanctus,
3197 2999 3276 3055 sic
3301 3012 3333 3076 a
3363 2994 3530 3060 Patre.
3557 2989 3614 3047 ét
3651 2988 3781 3059 Spi-

2195 3103 2310 3158 ritu
2331 3073 2531 3156 missus
2567 3073 2841 3151 invenitur
2868 3100 2925 3149 et
2951 3089 3141 3146 Filius.
3175 3073 3468 3157 Quod‘i'pse
3507 3081 3682 3139 Filius
3717 3084 3788 3152 et

2197 3209 2296 3268 per
2320 3191 2639 3274 prOphetam
2665 3188 2838 3244 multo
2870 3193 3160 3257 antequam
3189 3183 3499 3237 mitteretur
3536 3175 3701 3239 dixit,
3729 3181 3788 3229 et

2196 3267 2487 3361 postquam
2518 3267 2719 3343 miSsus
2754 3289 2840 3337 est
2865 3279 3084 3352 propria
3115 3273 3496 3356 testiﬁcatione
3525 3267 3786 3324 ﬁrmavit.

2199 3359 2337 3439 Nam
2364 3379 2588 3436 veniens
2618 3377 2673 3431 in
2715 3374 3005 3438 Nazareth,
3037 3379 3091 3426 et
3125 3352 3457 3444 synagogam'
3487 3362 3786 3444 ingressus,

2201 3487 2325 3528 cum
2363 3469 2562 3525 tradito
2593 3467 2696 3544 sibi
2725 3465 2790 3520 ad
2822 3465 3104 3542 legendum
3139 3461 3279 3515 libro
3309 3458 3462 3514 [Baiae
3486 3454 3788 3526 prophetae,

2203 3548 2354 3618 illum
2386 3562 2565 3616 locum
2592 3541 2922 3620 revolveret,
2960 3537 3047 3609 ubi
3073 3553 3340 3621 scriptum
3370 3556 3456 3603 est
3495 3565 3510 3600 :
3559 3545 3792 3616 Spiritus

2203 3655 2416 3710 Domini
2439 3668 2594 3723 super
2612 3667 2692 3704 me
2711 3691 2724 3715 ,
2747 3658 2956 3720 propter
2976 3643 3114 3717 quod
3137 3630 3288 3710 unxit
3310 3628 3411 3706 me,
3431 3637 3798 3708 euangelizare

2204 3745 2518 3819 pauperibus
2546 3742 2688 3796 misit
2713 3757 2792 3794 me
2823 3723 2976 3818 (Luc.
3009 3751 3084 3803 tv,
3123 3734 3222 3802 i8;
3257 3733 3389 3813 Isai.
3421 3747 3533 3796 Lxr,
3568 3729 3647 3800 Τ),
3676 3727 3794 3781 red-

2207 3811 2321 3890 dito
2359 3833 2651 3896 volumine,
2691 3815 2979 3884 veritatem
3015 3811 3315 3896 prophetizel
3352 3821 3494 3876 illius
3533 3816 3792 3888 pnesenti

2209 3935 2438 3984 testatus
2469 3932 2552 3980 est
2598 3922 2809 3985 effectu,
2864 3919 3186 3987 completam
3233 3916 3438 3978 dicens,
3482 3909 3653 3964 Hodie
3697 3909 3795 3960 im-

2209 4017 2348 4089 pleta
2371 4027 2446 4069 est
2471 4015 2581 4069 hrec
2602 4013 2863 4080 scriptura
2888 4010 2940 4062 in
2955 4006 3170 4061 auribus
3192 3993 3371 4060 vestris
3395 4002 3544 4072 (Luc.
3569 4013 3645 4064 Iv,
3672 3997 3790 4068 ΞΤ).

2213 4105 2322 4162 Sed
2348 4114 2402 4159 et
2426 4104 2532 4158 alio
2560 4101 2800 4170 ejusdem
2831 4099 3108 4170 propheta:
3129 4095 3268 4160 loco,
3303 4110 3333 4149 a
3353 4089 3602 4165 Domino,
3627 4097 3795 4157 atque

2213 4200 2281 4256 ab
2303 4198 2438 4268 {eius
2479 4213 2538 4252 se
2585 4195 2776 4265 spiritu
2823 4209 2882 4248 se
2912 4192 3134 4246 missum
3174 4189 3258 4243 his
3303 4185 3481 4240 verbis
3513 4181 3792 4239 ostendit:

2214 4293 2284 4348 Et
2314 4309 2452 4347 nunc
2491 4290 2745 4344 Dominus
2785 4288 2925 4341 misit
2953 4302 3068 4350 me,
3116 4292 3162 4338 et
3207 4282 3422 4352 spiritus
3468 4278 3582 4348 ejus
3631 4273 3788 4339 (Isai.

2218 4395 2387 4437 XLvul
2413 4421 2427 4445 ,
2460 4377 2569 4450 1‘6).
2620 4374 2666 4430 ἃ
2690 4390 2761 4430 se
2783 4388 2997 4443 quoque
3035 4378 3292 4426 sanctum'
3319 4365 3592 4436 Spiritum
3627 4362 3794 4426 mitti,

2218 4469 2498 4539 discipulis
2533 4474 2657 4521 ante
2695 4464 3012 4535 passionem
3034 4475 3187 4515 suam
3217 4461 3333 4514 hoc'
3355 4459 3798 4526 modo-pronun-

2137 4581 2192 4643 π
2217 4562 2314 4617 tiat
2349 4579 2363 4614 :
2389 4558 2520 4614 Cum
2540 4566 2714 4610 autem
2735 4554 2927 4608 venerit
2951 4551 3280 4616 Pamcletus,
3309 4565 3460 4621 quem
3477 4549 3808 4619 ego'mittam'

2220 4655 2361 4711 vobis
2387 4653 2629 4723 spiritum
2665 4648 2915 4713 veritatis,
2943 4645 3033 4718 qui
3066 4663 3098 4699 a
3130 4642 3292 4698 Patre
3311 4642 3579 4713 procedit,
3609 4640 3699 4693 ille
3727 4649 3807 4693 te-

2221 4747 2524 4804 stimonium
2550 4741 2842 4815 perhibebit-
2859 4741 2924 4794 de
2947 4756 3028 4793 me
3062 4736 3245 4811 (Joam
3271 4751 3360 4799 xv,
3390 4733 3501 4815 96).
3540 4731 3806 4800 Superius

2224 4847 2401 4891 autem
2435 4813 2682 4890 eumdem
2713 4832 2962 4903 spiritum
2989 4831 3151 4884 etiam
3183 4845 3213 4881 a
3243 4827 3404 4882 Patre
3432 4813 3806 4880 mitti-docue-

2225 4944 2343 5000 rat,
2395 4929 2705 4986 Paracletus
2740 4937 2915 4983 autem
2940 4968 2954 4992 ,
3006 4923 3274 4994 inquiens,
3319 4920 3550 4990 Spiritus
3587 4927 3808 4970 sanctus

2225 5044 2374 5100 quem
2397 5027 2559 5079 mittet
2595 5024 2756 5077 Pater
2771 5021 2830 5076 in
2851 5021 3070 5075 nomine
3085 5035 3217 5083 meo,
3243 5016 3332 5070 ille
3353 5013 3669 5070 vos'dorebit
3693 5029 3810 5067 om-

2229 5119 2318 5171 nia
2350 5115 2531 5187 (Joan.
2566 5129 2677 5176 xw,
2702 5112 2813 5184 26).
2846 5112 2884 5166 A
2925 5111 3086 5165 Patre
3113 5104 3651 5178 ergo-et‘ab-Spiritu
3677 5104 3813 5160 mis-

2231 5225 2324 5264 sus
2353 5216 2436 5263 est
2466 5206 2633 5260 Filius
2654 5247 2668 5271 ,
2703 5214 2757 5260 et
2790 5221 2819 5259 a
2855 5203 3016 5259 Patre
3044 5211 3098 5258 et
3127 5203 3265 5257 Filio
3297 5202 3494 5255 missus
3517 5206 3600 5253 est
3638 5195 3812 5268 Spiri-

2235 5309 2340 5374 tus.
2379 5300 2756 5354 Verumtamen
2797 5294 3196 5353 nec'F'iliimec
3217 5292 3452 5363 Spiritus
3482 5289 3655 5345 sancti
3684 5289 3814 5343 mio-

2234 5390 2439 5445 sionem
2479 5385 2726 5444 localiter
2749 5386 2945 5442 factam
2977 5386 3261 5456 quisquam
3285 5384 3445 5438 debet
3472 5380 3816 5435 Gliristianus

2229 5485 2472 5556 accipere
2495 5502 2508 5537 :
2535 5476 3038 5538 sed'illo-missioni's
3059 5474 3432 5546 nomine-opus
3451 5471 3816 5554 intelligamus

2230 5547 2682 5633 manifestationis
2709 5573 2946 5629 indultae;
2987 5571 3095 5626 Sic
3108 5547 3815 5623 enimnon‘localiter-miib

2232 5685 2325 5725 sus
2350 5667 2644 5732 est'Filius,
2670 5683 2771 5722 nec
2799 5665 3043 5720 localiter
3057 5655 3815 5732 mittiturSpiritbsrsaadust

2235 5761 2377 5816 sicut
2419 5775 2520 5816 nec
2561 5729 2728 5830 ipsius
2750 5757 2931 5813 Patris
2951 5764 3042 5812 est'
3071 5767 3342 5824 quoquam
3384 5748 3570 5807 [beatis
3609 5729 3816 5802 adven-

2237 5864 2344 5909 tus.
