4046 6484
255 463 352 534 169

1501 459 1588 516 DE
1625 455 1897 517 SPlRlTU
1941 457 2226 520 SANCTO.

3405 453 3520 512 270‘

254 586 535 646 Homisda
569 584 836 639 Romanus
861 583 1158 654 episcopus,
1185 574 1584 654 quedﬂpiritus
1611 582 1823 628 sanctus
1849 571 1903 636 Α
1926 587 2069 626 nunc
2105 587 2228 626 cum
2255 582 2351 640 per
2379 565 2796 624 iusuﬁlationem
2826 567 3123 637 percipitur
3141 607 3155 632 ,
3186 576 3240 622 et
3267 575 3515 639 postulo;
3602 594 3606 597 ι

317 643 348 714 a
370 659 533 712 Patre
554 656 796 726 Filioque
817 643 1069 724 procedit,
1085 651 1160 704 sic
1175 643 1306 726 dicit
1329 643 1645 726 inlepistolq,
1666 659 1824 726 quant

273 769 279 774 ο
317 729 386 784 ad
414 727 684 783 Iustinum
710 713 1084 797 imperatorem
1115 720 1278 786 misit,
1307 718 1555 774 adversus
1588 713 1824 771 Nestorii

317 811 364 855 et
388 797 692 870 Eutychetis
720 795 1088 866 blasphemias.

321 934 617 990 Adoremus
637 931 855 988 Patrem
882 937 936 984 et
956 928 1155 984 Filium
1183 934 1240 983 et
1263 923 1525 996 Spiritum
1551 927 1822 985 sanctum,

251 1027 616 1089 indistinctam
657 1021 990 1098 {indivisanﬂ
1033 1022 1317 1085 distincte,
1366 1013 1826 1087 incomprehensi-

249 1119 411 1175 bilem
443 1128 500 1174 et
533 1116 954 1173 inenarrabilem
982 1115 1343 1171 substantiam
1366 1109 1648 1167 Trinitatis
1683 1125 1696 1162 :
1731 1105 1826 1164 ubi

249 1212 351 1268 etsi
379 1211 616 1267 admittit
643 1224 926 1264 numerum
951 1207 1091 1264 ratio
1115 1220 1495 1278 personarum,
1528 1202 1711 1258 unitas
1745 1207 1823 1254 ta-

249 1318 370 1359 men
412 1317 518 1356 non
547 1301 747 1356 amittit
796 1300 1046 1357 essentia)
1083 1297 1508 1368 separationcm,
1540 1295 1613 1348 ita
1642 1300 1825 1360 tamen

247 1402 306 1449 ut
328 1407 604 1450 servemus
635 1394 832 1448 divinae
856 1391 1079 1463 propria
1104 1399 1345 1455 naturae,
1383 1402 1663 1455 servemus
1699 1400 1824 1456 pro-

246 1488 363 1557 pria
397 1487 684 1558 unicuique
718 1501 996 1556 personae,
1033 1491 1094 1538 ut
1121 1497 1222 1542 nec
1247 1481 1496 1551 personis
1525 1476 1826 1547 divinitatis

246 1577 590 1647 singularitas
615 1578 928 1648 denegetur,
975 1592 1076 1633 nec
1119 1577 1188 1632 ad
1212 1574 1504 1634 essentiam
1547 1572 1653 1626 hoc
1681 1569 1826 1641 quod

246 1678 328 1724 est
373 1669 654 1738 proprium
687 1668 967 1724 nominum
1015 1665 1391 1728 transferatur.
1444 1663 1693 1736 Magnum
1742 1669 1828 1718 est

245 1767 446 1813 sancte
483 1766 537 1813 et
573 1757 1117 1826 incomprehensibile
1166 1757 1483 1828 mysterium
1521 1753 1824 1831 Trinitatis,

244 1847 387 1906 Deus
424 1856 610 1918 pater,
641 1849 785 1903 Deus
815 1847 977 1912 ﬁlius,
1009 1848 1152 1901 Deus
1181 1847 1407 1918 spiritus
1435 1851 1674 1907 sanctus,
1705 1843 1824 1897 Tri-

244 1940 384 1994 nitas
415 1938 644 1994 indi‘visa
677 1955 690 1990 :
722 1935 779 1992 et
811 1946 988 1992 tamen
1019 1947 1208 1992 notum
1235 1946 1336 2002 est,
1378 1937 1501 2006 quia
1543 1937 1822 2006 proprium

243 2038 326 2084 est
365 2027 544 2099 patris
576 2043 835 2101 generare
865 2027 1033 2083 ﬁlium
1054 2068 1070 2093 ,
1106 2028 1385 2099 proprium
1413 2026 1507 2081 ﬁlii
1539 2025 1636 2082 Dei
1667 2034 1726 2081 ut
1759 2040 1826 2080 ex

243 2129 397 2191 patre
435 2128 579 2189 patri
625 2128 943 2175 nasceretur
981 2119 1223 2189 aequalis,
1257 2118 1535 2189 proprium
1594 2116 1828 2188 Spiritus

244 2211 418 2266 sancti
449 2220 510 2266 ut
541 2212 606 2266 de
636 2211 796 2268 Patre
829 2221 886 2268 et
908 2211 1047 2270 Filio
1074 2212 1395 2284 procederet
1434 2213 1534 2268 sub
1562 2213 1829 2268 unasub-

243 2302 445 2358 stautia
469 2302 686 2358 deitatis

249 2433 362 2510 Leo
379 2438 640 2510 Romanus
663 2440 952 2510 episcopus,
968 2438 1110 2509 quod
1137 2434 1370 2510 Spiritus
1394 2447 1604 2493 sanctus
1619 2456 1651 2492 a
1671 2439 1832 2494 Patre

316 2507 556 2581 Filigque
583 2507 843 2578 procedit,
871 2512 944 2564 sic
977 2507 1104 2564 dicit
1133 2507 1187 2562 in
1225 2511 1468 2580 epistula,
1499 2527 1661 2581 quam
1689 2511 1831 2565 misit

321 2581 391 2634 ad
425 2579 694 2634 Turibium
722 2582 1106 2636 Asturicensem
1135 2579 1452 2652 episcopum.

319 2693 504 2750 Primo
531 2695 714 2766 impie
742 2695 980 2766 capitulo
1008 2697 1434 2762 demonstratur,
1466 2710 1634 2765 quam
1670 2696 1833 2766 impie

246 2788 487 2842 sentiant
513 2789 578 2844 de
613 2789 880 2844 Trinitate
907 2789 1109 2856 divina,
1161 2790 1256 2859 qui
1301 2788 1487 2844 Patris
1521 2797 1578 2855 et
1619 2787 1742 2842 Filii
1777 2796 1834 2844 et

249 2879 485 2951 Spiritus
519 2882 692 2937 sancti
737 2897 901 2936 unam
945 2891 1105 2952 atque
1153 2879 1400 2936 eamdem
1430 2887 1684 2950 asserunt
1711 2894 1832 2936 esse

244 2986 533 3043 personam
561 2989 575 3026 :
607 2981 865 3042 tanquam
890 2973 1030 3027 idem
1066 2988 1211 3028 nunc
1234 2971 1418 3038 Pater,
1460 2971 1604 3027 nunc
1637 2969 1827 3036 Filius,

245 3080 392 3120 nunc
431 3064 665 3134 Spiritus
696 3073 916 3120 sanctus
946 3065 1257 3120 nominetur
1291 3079 1306 3118 :
1336 3079 1437 3119 nec
1463 3064 1606 3118 alius
1640 3063 1711 3118 sit
1737 3063 1830 3132 qui

245 3155 450 3227 genuit,
489 3155 625 3210 alius
657 3155 749 3226 qui
779 3155 991 3226 genitus
1025 3165 1128 3220 est,
1179 3155 1318 3210 alius
1356 3156 1446 3226 qui
1491 3156 1556 3209 de
1599 3163 1830 3225 utroque

244 3246 510 3318 procedit,
547 3245 642 3302 sed
676 3246 969 3318 singularis
996 3247 1178 3302 unitas
1204 3247 1259 3301 in
1285 3243 1456 3301 tribus
1486 3246 1702 3316 quidem
1731 3259 1828 3298 vo-

1929 664 2080 731 dum,
2109 679 2232 722 cum
2272 665 2337 732 de
2373 661 2512 718 cmlo
2536 662 2761 717 veniens
2785 661 2839 716 in
2872 661 3067 732 linguis
3091 654 3526 735 variis‘demoug

1927 764 2152 812 stratur.
2207 754 2316 822 Cur
2364 769 2494 824 ergo
2538 753 2689 824 prius
2728 753 2782 807 in
2812 761 2956 808 terra
3008 751 3284 824 discipulis
3329 755 3507 821 datur,

1924 850 2268 917 postmodum
2302 847 2366 901 de
2398 844 2537 900 coelo
2570 844 2804 898 mittitur
2828 884 2844 907 ,
2889 829 2994 898 nisi
3035 829 3181 914 quod
3230 845 3336 900 duo
3385 839 3510 900 sunt

1924 948 2194 1011 praecepta
2224 938 2528 1004 charitatis,
2559 937 2773 992 dilectio
2798 937 3047 992 videlicet
3070 937 3184 1003 Dei,
3216 946 3272 992 et
3295 937 3511 993 dilectio

1926 1027 2196 1100 proximi?
2225 1028 2280 1082 In
2315 1035 2458 1082 terra
2485 1027 2643 1082 datur
2681 1025 2932 1096 Spiritus,
2968 1037 3027 1104 ut
3053 1028 3307 1098 diligatur
3329 1029 3511 1101 proxi-

1927 1137 2048 1176 mus
2080 1139 2090 1172 :
2123 1135 2152 1174 e
2190 1121 2328 1175 coelo
2361 1122 2519 1176 datur
2558 1119 2812 1190 Spiritus,
2844 1127 2904 1173 ut
2939 1119 3194 1190 diligatur
3229 1119 3391 1178 Deus.
3427 1119 3512 1177 Si-

1928 1221 2019 1267 cut
2041 1228 2171 1284 ergo
2198 1228 2304 1267 una
2325 1220 2410 1267 est
2439 1213 2681 1268 charitas
2700 1253 2715 1278 ,
2744 1221 2799 1268 et
2826 1213 2933 1267 duo
2956 1222 3246 1284 praecepta,
3276 1214 3350 1268 ita
3372 1230 3514 1271 unus

1927 1302 2163 1373 Spiritus
2188 1311 2244 1359 et
2279 1303 2385 1359 duo
2411 1302 2558 1370 data,
2589 1305 2742 1373 prius
2776 1320 2807 1358 a
2845 1304 3174 1360 consistente
3201 1305 3434 1362 Domino
3457 1307 3515 1362 in

1929 1404 2096 1463 terra,
2135 1396 2482 1466 postmodum
2510 1412 2541 1451 e
2582 1398 2723 1453 caelo
2761 1416 2775 1451 :
2813 1399 2939 1468 quia
2974 1400 3026 1456 in
3070 1401 3301 1469 proximi
3329 1413 3518 1458 amore

1927 1487 2157 1543 discitur
2180 1487 2412 1556 qualiter
2440 1489 2712 1558 perveniri
2735 1489 2932 1544 debeat
2961 1492 3030 1546 ad
3051 1507 3290 1548 amorem
3323 1492 3442 1548 Dei.

2016 1597 2150 1654 Item
2168 1599 2304 1654 idem
2328 1600 2386 1653 in
2406 1598 2542 1654 ltbro’
2567 1591 2858 1655 Moralium
2887 1603 3114 1657 secundo
3141 1601 3277 1676 (cap.
3314 1603 3430 1676 28).

1999 1709 2057 1768 Si
2103 1711 2404 1784 prophetiae
2453 1714 2677 1784 spiritus
2711 1715 2990 1786 prophetis
3032 1731 3248 1788 semper
3277 1719 3516 1786 adesset,

1925 1798 2098 1857 David
2133 1805 2246 1876 regi
2293 1806 2360 1861 de
2404 1807 2808 1862 constructione
2843 1809 3027 1877 templi
3074 1810 3378 1865 consulenti
3426 1825 3522 1866 ne-

1849 1910 2196 1994 Bquaquam
2246 1893 2458 1966 Nathan
2511 1891 2774 1990 propheta
2829 1903 3154 1957 concederet
3201 1905 3359 1975 quod
3400 1911 3524 1974 post

1928 1993 2206 2063 paululum
2232 2004 2473 2066 negaret.
2515 1987 2670 2051 Unde
2697 1997 2834 2052 bene
2864 1996 2918 2050 in
2940 1995 3232 2069 Evangelio
3261 1999 3524 2068 scriptum

1930 2076 2014 2140 est
2047 2100 2061 2139 :
2106 2081 2276 2157 Super
2306 2105 2457 2158 quem
2513 2085 2703 2141 videris
2742 2077 3000 2158 Spiritum
3035 2087 3434 2143 descendentem
3477 2095 3526 2144 et

1930 2186 2225 2245 manentem
2246 2171 2402 2250 super
2421 2197 2562 2246 eum,
2585 2179 2670 2234 hic
2693 2182 2768 2235 est
2787 2181 2879 2252 qui
2895 2181 3123 2252 baptizat
3147 2180 3327 2254 (Joan.
3349 2197 3388 2248 l,
3412 2184 3540 2256 53);

1926 2269 1989 2326 ln
2019 2282 2248 2354 cunctos
2275 2291 2512 2346 namque
2541 2275 2728 2331 ﬁdeles
2764 2273 2934 2348 [Edit.
2963 2276 3019 2330 in
3046 2275 3256 2332 cunctis
3292 2290 3529 2347 namque

1931 2364 2204 2438 ﬁdelibus]
2249 2369 2473 2440 spiritus
2503 2371 2672 2434 venit,
2704 2370 2797 2424 sed
2826 2369 2880 2425 in
2917 2369 3032 2425 Solo
3061 2369 3358 2426 mediatore
3391 2383 3530 2426 sem-

1930 2471 2030 2528 per
2062 2443 2413 2529 singulariter
2453 2461 2736 2530 permanet
2779 2479 2791 2514 :
2824 2461 2950 2532 quia
2985 2459 3102 2530 ejus
3132 2462 3530 2538 humanitatem

1933 2563 2212 2629 quitquam
2261 2551 2534 2618 deseruit,
2573 2567 2640 2608 ex
2673 2549 2827 2620 cujus
2867 2549 3152 2606 divinitate
3180 2553 3445 2622 procedit.
3470 2552 3530 2607 In

1935 2640 2026 2696 illo
2051 2642 2216 2712 igitur
2239 2652 2444 2711 manet,
2467 2644 2560 2715 qui
2583 2644 2729 2699 solus
2750 2653 2804 2699 et
2825 2644 3007 2700 omnia
3024 2654 3079 2699 et
3094 2659 3309 2716 semper
3328 2651 3527 2716 potest.

2003 2757 2140 2815 Item
2165 2758 2304 2818 idem
2340 2761 2394 2814 in
2429 2760 2610 2814 eodem
2648 2760 2780 2813 libro
2811 2758 2951 2832 (cap.
2977 2759 3094 2832 29),
3122 2769 3237 2831 post
3261 2777 3457 2831 pauca.

2005 2873 2069 2928 In
2107 2873 2192 2942 bis
2223 2872 2388 2944 igitur
2416 2857 2602 2938 donis,
2649 2874 2766 2930 sine
2809 2874 3006 2944 quibus
3043 2875 3109 2929 ad
3137 2873 3308 2942 vitam
3339 2888 3532 2946 perve-

1935 2966 2041 3035 niri
2071 2983 2176 3022 non
2201 2975 2402 3038 potest,
2433 2965 2671 3036 Spiritus
2702 2975 2946 3032 sanctus,
2979 2966 3093 3021 sive
3118 2966 3173 3020 in
3200 2963 3522 3038 praedicato-

1935 3057 2086 3137 ribus
2111 3058 2244 3126 suis,
2278 3074 2370 3124 seu
2395 3059 2448 3114 in
2478 3047 2666 3122 electis
2687 3059 2942 3114 omnibus
2970 3073 3186 3129 semper
3214 3055 3402 3114 manet
3430 3076 3442 3112 :
3473 3057 3528 3113 in

1936 3149 2042 3212 illis
2076 3162 2278 3217 autem,
2309 3137 2505 3224 quibus
2531 3167 2627 3222 per
2649 3152 3017 3209 ostensionem
3041 3151 3186 3206 illius
3208 3151 3314 3219 non
3337 3150 3529 3206 nostra

1935 3243 2054 3320 rita
2095 3252 2364 3310 servatur,
2410 3244 2508 3326 sed
2557 3243 2786 3305 aliorum
2842 3243 3123 3313 qureritur,
3185 3240 3530 3314 nequaquam

243 3304 478 3403 cabulis,
507 3338 600 3393 sed
636 3354 742 3393 non
763 3304 835 3392 in
875 3337 1047 3395 tribus
1090 3339 1160 3394 sit
1207 3337 1522 3418 accipienda
1561 3337 1824 3409 personis,
1858 3304 1911 3374 0
1935 3314 2152 3420 semper
2195 3337 2252 3398 in
2291 3319 2739 3420 prmdicatoribus
2775 3325 3064 3408 permanet
3098 3357 3110 3390 :
3144 3336 3272 3410 quia
3314 3351 3529 3409 semper

243 3432 394 3502 quod
432 3431 783 3508 blasphemiae
821 3447 992 3506 genus
1017 3435 1084 3489 de
1127 3431 1348 3489 Sabellii
1392 3432 1645 3504 opinione
1684 3445 1829 3486 sum-

240 3532 491 3594 pserunt.

241 3632 534 3710 Greggrius
559 3636 834 3710 Biemanus
862 3641 1154 3710 episcopus,
1172 3640 1344 3710 quod
1356 3638 1592 3710 Spiritus
1622 3646 1834 3698 sanctus

318 3704 534 3779 a:Pa_tre
551 3704 798 3779 iliaque
814 3704 1077 3779 procedat,
1095 3711 1149 3763 in
1167 3704 1669 3779 Homilia'vigesima
1690 3717 1836 3762 sexta

315 3777 400 3830 sic
430 3775 581 3829 dicit.

316 3889 508 3962 Itaque
533 3898 680 3945 recte
717 3888 914 3946 dicitur
946 3911 958 3946 :
1000 3888 1148 3958 Sicut
1173 3893 1316 3947 misit
1341 3909 1420 3946 me
1453 3873 1633 3956 Pater,
1670 3901 1719 3946 et
1745 3908 1838 3962 ego

241 3985 400 4037 mitto
424 4000 522 4052 pos
560 3979 745 4055 (Joan.
790 3983 893 4050 rx,
930 3985 1061 4056 2|);
1092 3969 1152 4040 id
1186 3995 1300 4051 est,
1332 4002 1394 4039 ca
1431 4002 1526 4040 vos
1565 3985 1832 4040 charitate

243 4073 434 4141 diligo,
466 4088 585 4126 cum
619 4073 761 4126 inter
792 4075 1044 4129 scandala
1075 4079 1485 4146 persecuturum”
1514 4076 1690 4140 mitto,
1727 4091 1832 4147 qua

244 4179 336 4217 me
375 4163 638 4216 charitate
672 4153 834 4219 Pater
870 4165 1060 4238 diligit,
1093 4181 1254 4237 quem
1294 4168 1479 4221 venire
1504 4168 1569 4221 ad
1607 4152 1838 4222 toleran-

245 4253 344 4310 das
366 4255 642 4323 passiones
658 4254 801 4309 fecit.
818 4253 1078 4322 Quamvis
1092 4259 1229 4311 mitti
1243 4247 1347 4312 c’lia
1357 4263 1405 4312 in
1419 4260 1712 4328 juxta‘nat’u
1722 4275 1835 4313 ram

245 4347 550 4402 divinitatis
573 4349 743 4418 possit
769 4349 1013 4422 intelligi.
1040 4349 1119 4403 Eo
1141 4351 1284 4404 cnim
1303 4351 1418 4422 ipso
1438 4367 1466 4404 a
1488 4337 1647 4405 i’atre
1668 4332 1836 4405 Filius

244 4439 396 4492 mitti
427 4439 646 4505 dicitur,
676 4456 782 4511 quo
811 4456 840 4494 a
886 4427 1048 4496 Patre
1082 4443 1388 4512 generatur.
1428 4425 1562 4496 Nam
1593 4447 1838 4498 sanetum

244 4547 468 4601 quoque
498 4527 701 4603 Spiritu
727 4551 756 4587 ιτ
777 4576 790 4598 ,
822 4535 912 4604 qui
943 4551 1065 4590 cum
1106 4535 1177 4591 sit
1204 4536 1427 4612 mqualis
1475 4534 1642 4609 [Edit.
1680 4533 1833 4605 (ἶνες.

244 4623 563 4695 co:equalis]
596 4613 746 4677 Patri
770 4627 824 4678 et
857 4623 1020 4690 Filio,
1050 4643 1157 4681 non
1188 4633 1372 4681 tamen
1399 4628 1708 4683 incarnatus
1729 4639 1832 4695 cst,
1861 4657 1915 4717 Β

244 4715 397 4769 idem
427 4730 484 4768 se
512 4711 678 4771 Filius
704 4717 918 4772 mittere
941 4719 1188 4788 perhibet
1219 4720 1402 4774 dicens
1432 4739 1442 4772 :
1479 4718 1607 4773 Cum
1644 4723 1834 4775 venerit

251 4799 586 4878 Puracletus,
630 4823 781 4876 quem
823 4824 914 4875 ego
960 4809 1164 4861 mittam
1206 4811 1343 4862 vobis
1377 4813 1414 4861 (ι’
1456 4807 1618 4863 Patre
1649 4807 1831 4882 (Joan.

243 4907 338 4955 xv,
385 4892 500 4961 28).
539 4893 597 4949 Si
623 4897 766 4951 enim
798 4897 938 4951 mitti
988 4898 1325 4953 solummodo
1358 4901 1628 4954 incarnari
1677 4901 1836 4956 debet

243 4983 522 5052 intelligi,
558 4997 779 5041 sanctus
817 4988 1006 5060 procul
1035 4973 1196 5052 dubio
1228 4989 1464 5060 Spiritus
1492 4987 1647 5043 nullo
1677 4993 1836 5046 modo

243 5076 531 5131 diceretur
558 5080 731 5146 mitti,
761 5082 850 5151 qui
880 5097 1219 5154 nequaquam
1249 5085 1558 5138 incarnatus
1588 5083 1672 5139 est
1694 5125 1708 5148 ,
1743 5085 1834 5140 sed

242 5168 368 5238 ejus
396 5171 581 5226 missio
611 5158 726 5243 ipsa
752 5175 1028 5243 processio
1056 5180 1159 5241 est,
1191 5192 1296 5246 qua
1327 5177 1390 5231 de
1422 5177 1581 5230 Patre
1602 5177 1847 5246 procedit

241 5272 302 5315 et
327 5261 488 5315 Filio.
519 5261 672 5318 Sicut
699 5266 880 5337 itaque
903 5259 1136 5338 Spiritus
1158 5269 1296 5322 mitti
1327 5269 1542 5332 dicitur,
1572 5270 1696 5338 quia
1722 5283 1844 5340 pro-

241 5353 420 5418 cedit,
449 5354 521 5408 ita
553 5361 612 5410 et
637 5355 802 5413 Filius
831 5375 935 5413 non
963 5361 1255 5429 incongrUc
1286 5361 1426 5414 mitti
1455 5362 1675 5425 dicitur,
1713 5362 1839 5429 quia

241 5453 570 5515 generatur.
624 5448 738 5504 Hoc
785 5467 910 5506 cum
949 5451 1218 5516 dixisset,
1269 5453 1557 5506 insuﬁlarit
1604 5449 1656 5506 et
1704 5441 1840 5506 dixit

241 5536 333 5590 eis
367 5551 384 5590 :
423 5537 656 5610 Accipite
716 5540 974 5613 Spiritum
1023 5553 1261 5597 sanctum
1305 5539 1508 5614 (foan.
1557 5559 1646 5607 xx,
1692 5543 1765 5597 22

242 5628 624 5696 Quaerendum
652 5634 808 5689 nobis
835 5644 948 5700 est,
981 5635 1109 5704 quid
1134 5643 1219 5690 est
1246 5635 1387 5707 quod
1421 5635 1682 5704 Spiritum
1708 5654 1834 5691 san-

243 5728 405 5776 ctum
431 5724 690 5780 Dominus
725 5734 928 5792 noster,
959 5736 1014 5781 et
1041 5727 1206 5782 semel
1236 5725 1383 5781 dedit
1407 5727 1460 5779 in
1490 5735 1632 5781 terra
1661 5728 1837 5783 consi-

246 5823 428 5880 stens,
459 5824 513 5872 et
540 5819 707 5874 semel
745 5821 884 5875 calo
913 5821 1227 5890 praesidens.
1264 5819 1449 5891 Neque
1482 5821 1624 5874 enim
1657 5822 1760 5878 alio
1783 5825 1836 5878 in

245 5906 381 5962 loco
406 5908 564 5964 datus
599 5908 831 5980 Spiritus
864 5923 1081 5968 sanctus
1115 5921 1299 5983 aperte
1327 5921 1687 5978 monstratur,
1737 5916 1838 5971 nisi

1935 3415 2155 3497 quidem
2189 3443 2376 3492 eorum
2421 3415 2571 3486 cordi
2625 3425 2692 3488 ad
2734 3427 2872 3483 bene
2899 3429 3188 3484 vivendum
3235 3429 3525 3500 praesidet,

1935 3535 2038 3598 nec
2070 3528 2250 3576 tamen
2284 3537 2382 3590 per
2403 3537 2497 3576 eos
2526 3515 2787 3575 virtutum
2814 3520 2967 3591 signa
2999 3523 3215 3592 semper
3245 3521 3484 3598 ostendit
3513 3539 3526 3574 :

1939 3595 2040 3665 sed
2073 3611 2361 3682 aliquando
2390 3629 2452 3668 se
2485 3613 2565 3668 eis
2591 3628 2622 3666 a
2665 3613 2942 3684 signorum
2982 3595 3386 3668 ostensionibus
3412 3613 3535 3668 sub-

1940 3691 2128 3764 trahit,
2159 3693 2219 3753 ut
2243 3716 2310 3755 eo
2343 3699 2602 3756 humilius
2636 3703 2868 3782 virtutes
2898 3701 3015 3772 ejus
3046 3702 3377 3782 habeantur,
3423 3717 3530 3774 quo

1937 3787 2140 3860 habitae
2168 3793 2341 3868 teneri
2379 3810 2486 3849 non
2515 3802 2762 3866 possunt.
2807 3779 3071 3850 Iilediat'or
3115 3797 3300 3850 autem
3337 3779 3434 3851 Dei
3477 3802 3533 3852 et

1939 3877 2218 3940 hominum
2251 3875 2414 3941 homo
2439 3873 2689 3942 Christus
2737 3883 2913 3950 Iesus,
2968 3887 3022 3942 in
3057 3888 3269 3943 cunctis
3314 3904 3436 3943 eum
3475 3897 3531 3945 et

1939 3992 2152 4047 semper
2191 3979 2445 4034 continue
2486 3980 2648 4034 habet
2677 3981 3034 4050 praesentem,
3069 3981 3202 4051 quia’
3241 3989 3296 4036 et
3333 3996 3400 4037 ex
3438 3981 3531 4037 illo

1940 4055 2088 4123 idem
2111 4069 2336 4140 spiritus
2371 4079 2469 4141 p‘er
2495 4069 2855 4127 substantiam
2881 4071 3177 4144 profertur.
3212 4073 3380 4128 Recte
3404 4088 3534 4144 ergo

1940 4168 1995 4213 et
2029 4175 2152 4215 cum
2178 4161 2232 4215 in
2261 4163 2465 4217 sanctis
2489 4164 2939 4233 prmdicatoribns
2973 4171 3214 4229 maneat,
3239 4163 3294 4216 in
3333 4164 3535 4217 media-

1941 4255 2065 4307 t’ore‘
2106 4253 2453 4324 singulariter
2497 4269 2721 4308 manere
2743 4255 3062 4324 perhibetur
3103 4271 3117 4306 :
3158 4253 3283 4321 quia
3325 4253 3379 4305 in
3411 4253 3534 4307 istis

1938 4333 2039 4412 per
2065 4343 2293 4412 gratiam
2318 4353 2502 4396 manet
2524 4341 2596 4397 a‘d
2619 4343 2843 4412 aliquid,
2875 4343 2928 4396 in
2950 4341 3040 4403 illo
3067 4350 3245 4397 autem
3275 4353 3372 4413 per
3399 4342 3530 4400 sub-

1942 4437 2198 4491 stantiam
2223 4446 2405 4491 manct
2427 4437 2493 4491 ad
2520 4445 2734 4492 cuncta.

1940 4533 2076 4614 Item
2116 4548 2253 4603 idem
2295 4550 2348 4623 in
2401 4549 2533 4604 libro
2562 4551 2741 4623 quinto
2773 4568 2910 4622 \cap.
2961 4551 3085 4623 26),
3115 4553 3256 4623 quod
3296 4550 3528 4623 Spiritus

2011 4629 2226 4695 sanctus
2248 4638 2285 4695 a_
2305 4619 2470 4695 Patre
2483 4619 2750 4695 procedit,
2778 4619 2827 4695 et
2849 4619 2912 4676 de
2928 4639 2986 4677 eo
3015 4619 3154 4695 quod
3181 4629 3258 4678 est
3289 4619 3417 4679 Filii
3439 4643 3531 4679 ac-

2012 4693 2172 4762 cipiat
2189 4732 2204 4757 ,
2232 4691 2317 4745 ubi
2345 4691 2654 4763 intelligitur
2686 4702 2734 4746 et
2761 4693 2826 4747 ab
2859 4710 2918 4747 eo
2943 4691 3239 4764 procedere.

2014 4805 2084 4861 Et
2124 4823 2295 4861 vocem
2337 4807 2490 4877 quasi
2523 4823 2670 4860 aura:
2709 4806 2838 4861 lenis
2879 4808 3054 4862 audivi
3096 4809 3237 4880 (Job.
3285 4819 3361 4875 tv,
3407 4809 3527 4883 i6);

1944 4898 2085 4968 quod
2100 4899 2244 4952 enim
2258 4914 2357 4967 per
2371 4913 2558 4952 vocem
2584 4914 2727 4953 aurae
2747 4898 2905 4963 lenis,
2927 4901 3027 4954 nisi
3044 4904 3281 4972 cognitio
3296 4901 3533 4972 Spiritus

1945 4991 2116 5044 sancti
2150 4991 2482 5061 designatur,
2518 4988 2610 5058 qui
2647 4988 2714 5043 de
2739 4989 2898 5046 Patre
2928 4993 3253 5060 procedens,
3287 5002 3342 5047 et
3372 4994 3439 5047 de
3465 5009 3531 5048 eo

1943 5082 2086 5150 quod
2114 5089 2196 5135 est
2225 5080 2347 5135 Filii
2393 5082 2681 5150 accipiens,
2726 5091 2926 5139 nost‘rm
2959 5080 3192 5139 tenuiter
3219 5085 3420 5139 notitia:
3451 5084 3534 5139 in-

1949 5169 2220 5226 ﬁrmitatis
2264 5169 2614 5227 infunditur?
2664 5171 2766 5244 Qui
2821 5169 3001 5230 tamen
3055 5179 3215 5245 super
3261 5174 3531 5243 apostolos

1944 5264 2192 5329 veniens,
2235 5278 2332 5332 per
2370 5265 2693 5320 exteriorem
2724 5279 2913 5321 sonum
2952 5269 3205 5334 tanquam
3245 5279 3344 5334 per
3370 5265 3532 5320 vehe-

1944 5364 2180 5410 mentem
2223 5356 2470 5424 spiritum
2511 5357 2950 5423 demonstratur,
2989 5372 3109 5411 cum
3142 5355 3341 5409 dicitur
3371 5375 3386 5411 :
3414 5356 3528 5413 Fa-

1940 5459 2052 5502 ctus
2095 5458 2167 5502 est
2209 5459 2416 5520 repente
2448 5449 2512 5503 de
2542 5452 2667 5504 curto
2706 5465 2865 5504 sonus
2906 5459 3154 5518 tanquam
3205 5447 3528 5506 advenientis

1936 5542 2154 5611 spiritus
2175 5541 2485 5596 vehementis
2505 5541 2640 5611 (Act.
2667 5558 2726 5604 ιι,
2748 5539 2824 5609 2).
2850 5538 3080 5593 Sanctus
3096 5540 3235 5595 enim
3267 5539 3527 5612 Spiritus,

1940 5651 2062 5689 cum
2090 5649 2148 5690 se
2180 5636 2387 5690 notitiae
2416 5636 2666 5690 humanae
2692 5632 3026 5686 inﬁrmitatis
3050 5633 3310 5702 insinuat,
3347 5646 3403 5693 et
3443 5651 3530 5692 so-

1939 5729 2053 5782 nitu
2085 5727 2419 5782 vehementis
2454 5724 2694 5793 spiritus,
2743 5731 2799 5777 et
2826 5737 2957 5779 voce
2985 5740 3132 5781 aurze
3162 5727 3296 5783 lenis
3343 5727 3532 5799 expri-

1942 5821 2108 5875 mitur
2146 5839 2159 5873 :
2199 5818 2325 5886 quia
2367 5815 2618 5870 videlicet
2647 5816 2870 5872 veniens
2899 5819 2954 5873 et
2996 5811 3292 5875 vehemens
3320 5829 3433 5885 est,
3471 5827 3532 5874 et

1943 5915 2100 5970 lenis.
2131 5911 2322 5976 Lenis,
2356 5909 2480 5979 quia
2517 5911 2762 5968 notitiam
2794 5929 2944 5969 suam
2969 5923 3232 5984 quatenus
3300 5925 3531 5983 cognosc
