4046 6442
551 442 652 500 271

1559 427 1955 487 THEODULFI
1992 422 2547 481 AURELIANENSIS
2582 423 2794 482 EPlSC.

3713 423 3817 482 272

547 567 822 626 utcunque
858 551 1068 616 valeat,
1097 547 1298 604 nostris
1343 546 1590 602 sensibus
1621 550 1930 616 temperat:
1961 541 2125 596 vehe-
2154 542 2206 602 Α
2229 555 2359 596 vero
2409 551 2628 596 sanctus
2681 536 3019 610 procedendo
3072 550 3181 592 non
3225 536 3499 604 nascitur;
3545 544 3819 609 quomodo

547 663 723 713 mens,
771 644 896 716 quia
933 638 1332 713 quantumlibet
1370 639 1512 692 lianc
1561 642 1845 704 temperet,
1893 633 2127 688 adventu

547 748 730 796 tamen
752 752 850 794 suo
873 733 1204 790 inﬁrmitatis
1225 738 1429 787 nostrae
1455 728 1754 785 caecitatem
1775 723 2128 781 illuminando

543 831 846 903 perturbat.

546 945 789 1001 Isidorus
812 945 882 1016 in
920 938 1056 1016 libro
1096 940 1312 1009 septimo
1357 934 1812 1016 Qtymologigrum
1862 929 2000 1002 (cap.
2025 930 2126 1016 .5),

613 1011 1018 1100 ᾳςιοάμξρὶνὶιιιδ
1052 1001 1265 1064 sanctus
1295 1026 1329 1062 a
1369 1001 1532 1061 Pdtre
1574 1001 1819 1075 Filioque
1844 1001 2125 1074 procedat,

615 1088 690 1143 sic
725 1088 875 1142 dicit.

613 1180 849 1252 Spiritus
895 1187 1116 1236 sanctus
1143 1177 1264 1232 ideo
1311 1172 1639 1244 praedicatur
1666 1169 1846 1236 Deus,
1895 1167 2022 1238 quia
2059 1181 2127 1220 ex

482 1320 490 1328 .
544 1271 703 1325 Patre
738 1269 984 1340 Filioque
1019 1265 1262 1338 procedit
1303 1281 1316 1318 :
1367 1262 1490 1318 ideo
1527 1275 1636 1316 non
1663 1259 1863 1315 dicitur
1891 1257 2124 1329 genitus,

531 1381 610 1418 ne
635 1364 742 1418 duo
770 1362 824 1416 in
851 1359 1117 1416 Trinitate
1154 1356 1251 1412 ﬁlii
1279 1354 1619 1425 suspicentur
1653 1369 1666 1404 :
1700 1351 1822 1406 ideo
1847 1363 1956 1402 non
1985 1361 2123 1417 proe-

541 1455 754 1510 dicatur
784 1452 1089 1524 ingenitus,
1135 1465 1205 1505 ne
1230 1449 1336 1504 duo
1371 1455 1557 1518 patres
1598 1444 1654 1498 in
1695 1442 1810 1514 ipsa
1859 1439 2127 1495 Trinitate

543 1547 853 1604 credantur.
896 1543 1206 1600 Procedens
1235 1549 1418 1596 autem
1454 1537 1653 1593 dicitur
1676 1533 1988 1590 testimonio
2016 1530 2127 1585 Do-

538 1633 672 1689 mini
707 1631 970 1697 dicentis,
1002 1629 1176 1684 Multa
1212 1628 1386 1682 adhuc
1424 1625 1587 1679 habeo
1624 1621 1766 1678 vobis
1796 1620 1988 1683 dicere,
2033 1615 2126 1673 sed

536 1742 640 1780 non
674 1726 890 1797 potestis
926 1731 1138 1794 portare
1163 1721 1320 1775 modo
1350 1717 1530 1792 [Apud
1558 1714 1710 1778 lsid.,
1739 1729 1857 1784 qum
1878 1711 2018 1765 vobis
2052 1707 2129 1762 lo-

538 1832 677 1888 quar
703 1857 718 1882 ,
774 1815 866 1870 sed
918 1831 1022 1869 non
1059 1813 1272 1884 potestis
1324 1809 1419 1864 illa
1459 1806 1614 1862 modo
1643 1801 1894 1875 audire].
1947 1799 2128 1854 Veniet

2230 635 2390 689 Pater
2414 647 2690 703 nunquam
2718 631 2837 686 sine
2865 627 3023 693 Filio,
3055 635 3110 683 et
3136 636 3318 684 tamen
3345 629 3462 684 sine
3496 628 3633 685 Filio
3658 630 3823 688 Pater

2231 726 2416 796 genuit
2455 724 2683 789 Filium;
2725 723 2996 794 quomodo
3031 719 3201 776 Filius
3237 736 3513 792 nunquam
3541 722 3661 778 sine
3702 723 3822 794 Spi-

2147 829 2149 831 ‘
2231 816 2360 882 ritu,
2386 823 2442 871 et
2475 822 2656 870 tamen
2689 813 2766 867 ait
2795 831 2808 865 :
2837 812 2959 866 Nisi
2996 829 3088 882 ego
3127 812 3304 866 abiero
3330 854 3344 878 ,
3389 813 3690 882 paracletus
3718 833 3823 871 non

2230 907 2393 961 veniet
2419 906 2488 960 ad
2519 922 2606 960 vos
2631 904 2811 978 (loan.
2849 920 2960 969 xvr,
2985 905 3060 976 7).
3101 902 3381 970 Quomodo
3412 905 3584 962 Filius
3616 922 3722 963 non
3753 910 3822 965 de

2231 1015 2319 1066 sc,
2360 1000 2456 1055 sed
2492 999 2558 1054 de
2583 998 2747 1053 Patre
2769 1005 2874 1064 est,
2917 1013 3020 1052 nec
3047 1005 3229 1052 tamen
3260 997 3311 1052 ei
3338 1008 3421 1054 est
3446 999 3719 1069 posterior
3756 1001 3825 1057 de

2231 1109 2340 1164 quo
2366 1100 2481 1158 est;
2511 1091 2782 1162 quomodo
2812 1089 3047 1160 Spiritus
3073 1098 3291 1145 sanctus
3329 1090 3395 1144 de
3434 1089 3599 1144 Patre
3625 1105 3825 1160 proce-

2230 1185 2312 1239 dit
2349 1192 2406 1238 et
2431 1183 2589 1248 Filio,
2627 1197 2728 1236 nec
2761 1189 2943 1235 tamen
2976 1181 3044 1235 ab
3065 1180 3145 1234 eis
3174 1179 3531 1251 praeceditur,
3564 1196 3596 1234 a
3622 1181 3825 1251 quibus

2229 1274 2512 1345 procedit;
2549 1272 2819 1343 quomodo
2861 1272 2963 1325 tria
2999 1286 3165 1326 unum
3194 1280 3358 1336 sunt,
3400 1279 3456 1326 et
3482 1287 3649 1326 unum
3682 1273 3819 1338 tria;

2228 1365 2499 1436 quomodo
2523 1363 2593 1418 ad
2619 1380 2678 1419 se
2717 1363 2947 1418 invicem
2975 1361 3197 1416 relative
3225 1361 3327 1416 tria
3357 1370 3518 1427 sunt,
3545 1363 3817 1418 essentia-

2228 1458 2356 1514 liter
2377 1473 2546 1512 unum
2575 1465 2734 1523 sunt;
2764 1457 2886 1527 quis
2910 1457 3010 1512 ista
3037 1455 3359 1518 consideret,
3392 1456 3515 1526 quis
3537 1456 3645 1510 ista
3668 1472 3822 1512 com-

2227 1551 2562 1622 prehendat;
2595 1551 2641 1606 si
2682 1550 2828 1604 enim
2869 1549 3120 1603 humanae
3165 1547 3465 1603 nativitatis
3510 1547 3714 1604 Christi
3741 1564 3828 1604 se-

2229 1655 2380 1702 creta
2405 1661 2513 1701 non
2537 1643 2800 1715 capimus,
2816 1641 3012 1698 divina:
3031 1650 3238 1698 natura:
3257 1641 3518 1712 mysteria
3546 1642 3825 1712 quomodo

2231 1739 2544 1810 capiemus?

535 1873 717 1960 ἇηεεηί
752 1904 966 1975 spira,“
1004 1873 1236 1958 ve'mam
1260 1900 1352 1971 qu,-
1379 1916 1412 1952 α
1449 1896 1612 1951 patre
1661 1873 1892 1966 ρτοεεάξι
1915 1933 1928 1958 ,
1963 1900 2011 1944 ει
2064 1888 2129 1942 de
2155 1906 2206 1967 Β
2261 1875 2418 1950 {Item
2447 1876 2584 1931 idem
2610 1876 2666 1930 in
2691 1875 2823 1930 libro
2851 1873 3243 1931 Sententiarum
3264 1873 3405 1948 (Lib.
3437 1891 3482 1943 ι,
3511 1893 3627 1948 cap.
3654 1875 3770 1949 l7.)

534 2016 650 2056 meo
680 1997 927 2068 accipiet,
957 1995 1046 2050 ille
1074 1994 1276 2048 docebit
1300 2009 1390 2046 vos
1430 1991 1607 2045 omnia
1643 1988 1827 2061 (Joan.
1861 2002 1980 2049 χχι,
2015 1983 2124 2056 12),

535 2091 636 2146 llic
665 2096 848 2145 autem
893 2103 1001 2142 non
1043 2086 1220 2142 solum
1249 2091 1442 2138 natura
1468 2081 1749 2152 procedit,
1781 2079 1877 2133 sed
1916 2089 2130 2147 semper

534 2182 604 2237 ad
639 2179 946 2251 peragenda
977 2178 1280 2234 divinitatis
1317 2190 1486 2248 opera
1530 2173 1900 2228 indesinenter
1941 2183 2130 2239 proce-

531 2275 630 2330 dit.
664 2273 778 2329 Hoc
814 2281 998 2328 autem
1026 2271 1255 2325 interest
1290 2269 1434 2323 inter
1471 2273 1788 2322 nascentem
1824 2260 2042 2326 Filium,
2074 2266 2130 2313 et

530 2366 915 2436 procedentem
963 2362 1229 2432 Spiritum
1254 2367 1524 2424 sanctum,
1552 2357 1698 2428 quod
1725 2353 1895 2410 Filius
1919 2368 1986 2407 ex
2018 2365 2129 2406 uno

529 2458 802 2523 nascitur,
849 2449 1088 2526 Spiritus
1133 2459 1356 2509 sanctus
1397 2465 1466 2505 ex
1503 2457 1734 2519 utroque
1766 2444 2032 2517 procedit.
2059 2441 2128 2496 Et

527 2553 652 2608 ideo
682 2550 814 2607 dicit
837 2546 1132 2618 Apostolus
1153 2587 1169 2612 ,
1198 2545 1303 2612 Qui
1325 2553 1502 2599 autem
1531 2543 1778 2614 spiritum
1797 2535 1998 2594 Christi
2021 2553 2129 2592 non

528 2640 712 2705 habet,
742 2640 827 2694 hic
859 2655 965 2693 non
995 2647 1072 2694 est
1097 2637 1210 2708 ejus
1234 2635 1408 2708 (Rom.
1436 2648 1554 2698 vm,
1581 2631 1661 2704 9).

627 2751 764 2808 Item
793 2751 933 2805 idem
953 2749 1011 2804 in
1029 2749 1210 2804 eodem
1235 2764 1387 2820 opere
1411 2745 1548 2819 (cap.
1571 2743 1651 2818 4),
1684 2754 1801 2817 post
1833 2762 2029 2818 pauca.

597 2867 764 2924 Pater
793 2867 961 2940 igitur
979 2874 1036 2922 et
1071 2863 1242 2920 Filius
1271 2872 1328 2920 et
1365 2862 1602 2933 Spiritus
1628 2869 1853 2918 sanctus
1884 2859 2124 2915 Trinitas

528 2969 584 3017 et
610 2961 810 3016 unitas.
839 2957 985 3014 Idem
1015 2957 1160 3014 enim
1185 2971 1375 3022 unum,
1414 2955 1559 3010 idem
1587 2961 1645 3009 et
1665 2954 1771 3010 tria
1799 2972 1812 3007 :
1845 2953 1902 3007 in
1927 2958 2123 3006 natura

457 3051 460 3053 λ
529 3068 716 3119 unum,
753 3053 811 3108 in
857 3051 1106 3123 personis
1136 3050 1242 3104 tria
1279 3069 1291 3103 :
1326 3063 1496 3104 unum
1543 3054 1767 3117 propter
1813 3042 2124 3114 maiestatis

529 3144 965 3200 communionem
984 3185 1000 3210 ,
1039 3143 1143 3198 tria
1176 3149 1399 3213 propter
1425 3152 1784 3211 personarum
1810 3135 2121 3207 proprieta-

531 3245 658 3291 tem.
692 3234 830 3291 Nam
868 3235 1006 3291 alius
1039 3234 1226 3299 Pater,
1267 3232 1405 3288 alius
1434 3231 1605 3286 Filius
1631 3270 1647 3296 ,
1701 3229 1840 3284 alius
1885 3226 2120 3297 Spiritus

483 3399 486 3404 _
528 3341 750 3389 sanctus
782 3351 796 3387 :
827 3332 935 3388 Sed
963 3331 1098 3388 alius
1137 3332 1378 3402 quidem,
1406 3345 1516 3385 non
1555 3328 1726 3394 aliud,
1763 3327 1890 3398 quia
1913 3325 2121 3396 pariter

529 3427 779 3498 simplex,
805 3427 1118 3498 pariterque
1139 3422 1582 3480 incommutabile
1601 3422 1803 3478 bonum
1827 3427 2124 3476 et-coaster-

527 3534 676 3574 num.
707 3518 870 3574 Pater
899 3517 1044 3574 solus
1068 3533 1176 3572 non
1208 3525 1292 3572 est
1333 3517 1400 3572 de
1441 3515 1570 3582 alio,
1609 3515 1732 3572 ideo
1764 3514 1910 3570 solus
1937 3511 2123 3584 appel-

2305 2009 2542 2080 Spiritus
2581 2018 2804 2066 sanctus
2840 2019 3052 2065 creator
3089 2018 3206 2076 est,
3243 2011 3384 2066 sicut
3423 2010 3585 2068 Pater
3607 2021 3662 2068 et
3690 2014 3827 2069 Ver-

2230 2100 2380 2168 bum,
2409 2109 2644 2157 testante
2671 2103 2958 2174 propheta,
2990 2100 3218 2173 Spiritus
3243 2101 3458 2157 Domini
3491 2104 3611 2172 [ecit
3648 2122 3753 2170 me,
3776 2117 3825 2160 et

2229 2191 2608 2266 inspiraculum
2639 2193 2828 2266 [Edit.,
2857 2193 3203 2266 spiraculum]
3221 2194 3586 2264 omnipotentis
3600 2196 3828 2264 viviﬁca-

2229 2287 2302 2340 vit
2332 2301 2414 2339 me
2435 2283 2558 2356 (Job
2587 2300 2783 2350 xxxm,
2806 2283 2884 2356 4).
2911 2283 3146 2354 Spiritus
3169 2293 3388 2340 sanctus
3414 2283 3593 2341 Patris
3618 2294 3674 2340 et
3697 2285 3825 2340 Filii

2229 2384 2334 2441 est,
2378 2384 2433 2430 et
2472 2375 2597 2430 inde
2636 2391 2804 2429 unum
2845 2383 2971 2429 sunt
3011 2373 3173 2428 Pater
3201 2383 3256 2429 et
3285 2374 3472 2441 Filius,
3517 2375 3642 2445 quia
3685 2376 3824 2430 nihil

2229 2468 2395 2524 habet
2422 2467 2587 2524 Pater
2611 2469 2757 2540 quod
2785 2483 2891 2523 non
2925 2470 3124 2524 habeat
3160 2468 3349 2525 Filius.
3391 2469 3509 2525 Non
3539 2471 3687 2525 enim
3731 2487 3825 2527 res

2228 2577 2336 2619 una
2365 2571 2420 2618 et
2451 2563 2682 2618 duorum
2723 2562 3205 2620 consubstantialis
3231 2564 3434 2634 poterit
3459 2562 3621 2620 simul
3646 2565 3715 2619 ab
3738 2565 3824 2620 eis

2226 2657 2523 2729 procedere
2555 2665 2612 2712 et
2638 2657 2800 2712 simul
2829 2658 3007 2713 inesse
3029 2697 3046 2723 ,
3074 2657 3181 2714 nisi
3210 2673 3380 2713 unum
3409 2656 3614 2714 fuerint
3641 2656 3821 2731 [Edit.

2226 2749 2413 2824 fuerit]
2437 2767 2471 2805 a
2492 2751 2692 2822 quibus
2717 2751 2980 2822 procedit.

2228 2884 2364 2941 Pros
2400 2887 2534 2940 erin
2563 2886 2695 2941 libro
2719 2886 2784 2942 de
2823 2884 2938 2941 Vita
2979 2895 3182 2942 contem
3219 2887 3380 2942 latina
3424 2886 3563 2959 (Lib.
3612 2903 3655 2953 ι,
3697 2906 3820 2960 cap.

2300 2903 2411 3011 18),.
2439 2957 2580 3011 quod
2625 2956 2858 3011 Spiritus
2881 2969 3093 3011 sanctus
3123 2977 3156 3011 a
3179 2905 3342 3011 Patre
3375 2969 3424 3011 et
3448 2957 3604 3011 Filio
3636 2976 3820 3011 proce-

2300 2956 2411 3030 l_8),
2439 2957 2580 3030 quod
2625 2956 2858 3028 Spiritus
2881 2969 3093 3013 sanctus
3123 2977 3156 3013 a
3179 2956 3342 3014 Patre
3375 2956 3509 3013 etVF
3512 2958 3604 3013 ilio
3635 2956 3824 3030 proce-

2295 3027 2408 3093 dat,
2439 3027 2516 3082 sic
2540 3027 2708 3082 docet.
3349 3035 3352 3038 ’

2296 3167 2367 3223 At
2416 3181 2538 3223 cum
2583 3183 2693 3223 non
2753 3168 2930 3224 solum
2982 3170 3280 3227 secundum
3346 3169 3666 3242 Apostolum
3719 3188 3825 3229 nos

2148 3270 2193 3337 ρ
2226 3267 2477 3330 oporteat
2522 3257 2752 3314 formam
2792 3261 3038 3330 prxebere
3082 3261 3349 3329 ﬁdelibus,
3390 3263 3484 3318 sed
3523 3263 3690 3318 etiam
3723 3279 3824 3320 eos

2223 3352 2370 3423 ipsos
2392 3351 2600 3417 ﬁdeles,
2619 3352 2711 3421 qui
2737 3353 2896 3408 nobis
2922 3353 3180 3409 divinitus
3203 3354 3516 3410 instituendi
3539 3354 3824 3409 commissi

2224 3456 2386 3513 sunt,
2420 3447 2692 3502 instruere
2721 3447 3016 3502 debeamus
3046 3447 3112 3502 de
3138 3448 3331 3515 Patre,
3369 3451 3644 3520 quomodo
3674 3451 3824 3507 solus

2224 3539 2525 3609 accipiatur
2566 3538 2858 3610 ingenitus,
2899 3539 2964 3594 de
2991 3538 3150 3605 Filio,
3184 3545 3458 3609 quomodo
3491 3543 3644 3598 solus
3669 3544 3824 3598 dica-

527 3611 686 3708 latur’
720 3611 996 3708 ingenitus
1029 3632 1042 3666 :
1074 3611 1244 3708 Filius
1291 3611 1451 3708 solus
1479 3609 1561 3708 de-
1592 3609 1756 3666 Patre
1803 3618 1889 3666 cst
1938 3617 2119 3708 natus,
2223 3641 2314 3689 tur
2339 3635 2550 3705 genitus
2579 3631 2750 3705 [Edit.
2773 3675 2787 3699 ,
2818 3633 3085 3702 quomodo
3111 3648 3178 3688 ex
3211 3634 3330 3703 ipso
3357 3634 3429 3688 sit
3466 3635 3730 3708 genitus],
3768 3646 3823 3692 et

480 3753 482 3755 ‘
527 3705 651 3796 me?
682 3703 830 3760 ⁸⁰¹ι¹⁸
871 3704 1069 3796 dicitur
1111 3705 1326 3773 genitus
1363 3723 1375 3758 ⁵
1419 3703 1656 3796 Spiritus
1710 3712 1931 3796 ⁸³90⁸³⁵
1975 3702 2124 3758 ⁵⁰¹¹¹³
2224 3726 2290 3780 de
2321 3702 2528 3795 Spiritu
2559 3702 2748 3779 sancto
2773 3764 2788 3789 ,
2817 3725 3087 3794 quomodo
3128 3739 3195 3779 ex
3235 3702 3406 3778 Patre
3435 3740 3498 3780 ac
3525 3725 3669 3780 Filio
3692 3702 3822 3796 pro-

532 3795 598 3849 de
623 3794 788 3850 Patre
814 3803 869 3850 et
894 3794 1032 3851 Filio
1051 3796 1315 3865 procedit,
1353 3795 1475 3850 ideo
1499 3795 1648 3851 solus
1677 3794 1963 3851 amborum
1984 3809 2124 3848 nun-

2228 3794 2442 3882 cedens,
2471 3830 2572 3871 nec
2605 3815 2878 3886 ingenitus
2908 3816 3081 3886 possit
3109 3815 3216 3872 dici
3245 3831 3348 3870 nec
3377 3818 3613 3887 genitus,
3645 3794 3824 3887 quali-

529 3893 766 3956 ευΡίλῑυΓ
803 3885 1061 3957 Spiritus»
2223 3917 2308 3963 ter
2335 3909 2439 3962 ista
2466 3909 2571 3962 tria
2596 3885 2764 3962 unum
2794 3885 2940 3972 sunt,
2968 3917 3024 3962 et
3051 3909 3156 3964 hoc
3182 3923 3348 3962 unum
3381 3885 3489 3962 non
3521 3885 3820 3974 dividatur,

536 3996 674 4053 Item
718 3998 858 4053 idem
889 3999 947 4052 in
981 3997 1114 4052 libro
1147 3998 1578 4068 Diﬂ'erentiarum
1607 3996 1747 4070 (Lib.
1782 4012 1847 4063 ιι,
1889 4014 2006 4069 cap.
2037 3995 2116 4070 ὅ).
2220 4002 2315 4057 sed
2350 4000 2715 4071 distinguatur
2755 4001 2812 4055 in
2859 4001 2998 4066 tria;
3035 4001 3490 4069 quemadmodum
3521 4017 3622 4056 nec
3654 3999 3824 4056 Pater

606 4103 631 4130 α
663 4089 808 4146 lnter
830 4099 1122 4160 personam
1148 4090 1327 4145 Patris
1361 4099 1418 4145 et
1440 4089 1562 4145 Filii
1593 4097 1649 4143 et
1675 4088 1913 4160 Spiritus
1943 4089 2118 4144 sancti
2219 4109 2321 4150 nec
2349 4093 2583 4165 Spiritus
2605 4101 2847 4158 sanctus,
2884 4093 2980 4148 sed
3012 4093 3162 4148 solus
3193 4092 3362 4148 Filius
3400 4093 3468 4148 de
3497 4092 3614 4148 solo
3653 4092 3822 4149 Patre

527 4182 606 4236 ita
648 4182 974 4247 secernitur,
1001 4182 1144 4251 quod
1176 4181 1340 4237 Pater
1366 4197 1468 4236 nec
1491 4180 1669 4238 factus
1702 4195 1804 4237 nec
1828 4187 1989 4236 natus
2013 4188 2115 4246 est,
2219 4184 2566 4242 ineﬂ‘abiliter
2589 4192 2750 4239 natus
2770 4223 2786 4249 ,
2831 4182 3110 4238 hominem
3139 4190 3311 4237 totum
3349 4182 3467 4237 sine
3495 4181 3604 4236 ulla
3637 4189 3821 4237 muta-

527 4271 698 4328 Filius
733 4282 897 4329 natus
926 4289 1033 4330 non
1061 4273 1255 4338 factus,
1297 4271 1546 4345 Spiritus,
1565 4288 1691 4329 vero
1725 4281 1982 4337 sanctus,
2015 4284 2120 4327 nec
2220 4277 2370 4334 tione
2393 4276 2714 4332 substantia:
2739 4291 2852 4332 suae
2882 4275 3204 4344 susceperit,
3241 4288 3306 4329 ac
3333 4288 3392 4329 se
3422 4273 3591 4328 Deum
3617 4282 3674 4328 et
3711 4274 3818 4329 ho-

530 4376 712 4433 natus,
763 4383 866 4424 nec
916 4366 1092 4423 {actus
1118 4408 1133 4434 ,
1183 4367 1276 4422 sed
1302 4381 1370 4420 ex
1418 4365 1580 4423 Patre
1628 4367 1875 4439 Filioque
1925 4382 2120 4437 proce-
2219 4370 2423 4426 minem
2447 4385 2636 4426 verum
2674 4385 2774 4441 per
2800 4369 3030 4424 virtutes
3058 4367 3449 4438 passionesque
3476 4367 3818 4436 probaverit,

532 4462 687 4517 dens.
724 4459 960 4516 Proinde
987 4459 1150 4514 Pater
1176 4459 1532 4516 aeternitatem
1574 4461 1738 4516 habet
1773 4462 1891 4516 sine
1917 4459 2116 4514 nativi-
2219 4461 2603 4530 comprehendi
2637 4460 2968 4531 permiserit,
3008 4458 3183 4514 occidi
3223 4457 3478 4524 voluerit,
3523 4458 3689 4512 tertio
3727 4458 3818 4513 die

534 4560 644 4609 tate
667 4593 683 4619 ,
733 4553 904 4609 Filius
937 4553 1277 4607 nativitatem
1323 4568 1446 4607 cum
1478 4553 1786 4609 :eternitate
1814 4595 1830 4618 ,
1882 4552 2121 4622 Spiritus
2146 4621 2157 4622 ί
2220 4553 2598 4620 resurrexerit,
2624 4554 2682 4609 in
2703 4554 2871 4609 caelos
2899 4553 3173 4608 hominem
3195 4552 3263 4608 de
3290 4552 3447 4606 nobis
3474 4559 3816 4621 assumptum

531 4659 661 4700 vero
695 4652 917 4699 sanctus
943 4643 1345 4714 proccssionem
1373 4645 1491 4699 sine
1525 4645 1829 4700 nativitatc.
1862 4643 2025 4698 Pater
2050 4658 2118 4698 ex
2142 4621 2199 4683 Ῑ)
2225 4661 2324 4700 sua
2368 4644 2569 4699 virtute
2616 4643 2899 4710 levaverit,
2944 4659 3055 4700 suae
3102 4641 3519 4698 resurrectionis
3566 4643 3818 4710 exemplo

531 4736 679 4792 nullo
707 4735 990 4792 exordium
1025 4735 1192 4801 ducit,
1242 4735 1412 4791 Filius
1437 4751 1506 4791 ex
1551 4736 1717 4792 Patre
1742 4737 2008 4807 originem
2034 4751 2121 4790 su-

531 4830 653 4896 mit,
676 4827 910 4900 Spiritus
930 4843 1060 4883 vero
1085 4837 1304 4885 sanctus
1325 4843 1391 4883 cx
1405 4828 1569 4884 Patre
1589 4827 1835 4898 Filioque
1850 4827 2115 4898 procedit.

533 4921 660 4976 llaac
687 4927 869 4975 tamen
900 4935 932 4975 a
958 4920 1112 4976 nobis
1157 4935 1277 4989 qua:
1307 4920 1562 4974 dicuntur
1601 4921 1666 4976 de
1719 4920 1990 4974 Trinitate
2009 4959 2024 4984 ,
2057 4928 2119 4975 ut

534 5011 706 5084 [Edit.
736 5009 1031 5084 utcunque]
1057 5019 1234 5080 potest
1257 5010 1615 5081 intelligentia
1640 5011 1874 5065 humana
1897 5028 2112 5084 capere.

533 5101 669 5156 Nam
696 5101 820 5170 quis
862 5101 1210 5156 considerare
1247 5099 1476 5155 sulliciat
1516 5100 1683 5170 ipsius
1722 5099 2007 5156 Trinitatis
2037 5103 2119 5157 in-

534 5203 686 5250 terna
718 5192 1010 5263 mysteria“?
1033 5193 1304 5262 quomodo
1333 5191 1493 5246 Pater
1523 5199 1578 5246 et
1603 5191 1773 5246 Filius
1799 5201 1854 5247 et
1884 5192 2120 5263 Spiritus

533 5294 757 5340 sanctus
793 5293 906 5341 tres
940 5300 1185 5356 personze
1233 5291 1377 5348 sunt,
1415 5299 1520 5337 una
1565 5293 1792 5351 natura;
1847 5285 2119 5354 quomodo

533 5375 696 5430 Pater
722 5377 1015 5448 ingenitus,
1062 5376 1232 5430 Filius
1275 5375 1512 5446 genitus,
1566 5375 1802 5445 Spiritus
1838 5393 1969 5434 vero
1994 5394 2118 5433 san-

536 5477 657 5524 ctus
690 5483 790 5524 nec
818 5470 1029 5541 genitus
1071 5483 1172 5524 nec
1199 5468 1510 5538 ingenitus,
1558 5481 1658 5524 nec
1696 5479 1948 5525 creatura
1997 5487 2118 5526 esse

537 5561 804 5628 videatur,
847 5561 942 5616 sed
992 5562 1296 5625 increatns;
1347 5559 1617 5630 quomodo
1645 5559 1814 5615 Filius
1859 5561 1926 5616 de
1956 5562 2119 5618 Patre

537 5660 700 5708 natus
725 5662 834 5717 est,
861 5651 1097 5720 Spiritus
1125 5667 1256 5707 vero
1285 5659 1506 5708 sanctus
1543 5652 1609 5707 de
1642 5651 1804 5708 Patre
1849 5655 2114 5723 procedit,

538 5749 589 5795 et
623 5739 792 5808 Filio;
815 5740 1088 5810 quomodo
1106 5740 1276 5797 Filius
1305 5741 1574 5798 nascendo
1591 5743 1852 5812 procedit,
1885 5743 2120 5814 Spiritus

2225 4739 2381 4794 nobis
2423 4737 2757 4808 regeneratis
2805 4737 2861 4791 in
2907 4751 2966 4793 se
3009 4752 3159 4806 spem
3209 4735 3442 4791 feliciter
3493 4733 3814 4804 resurgendi

2224 4831 2542 4904 praestiterit
2562 4871 2577 4896 ,
2606 4831 2849 4886 membra
2881 4846 2978 4885 sua
3004 4845 3104 4886 nos
3136 4829 3359 4894 fecerit,
3401 4843 3509 4883 non
3540 4825 3817 4882 credenti-

2224 4923 2326 4977 bus
2355 4922 2497 4989 sibi,
2527 4922 2612 4976 vel
2638 4937 2668 4974 a
2695 4936 2754 4976 se
2780 4920 3160 4976 recedentibus
3184 4961 3199 4985 ,
3231 4918 3552 4989 supplicium
3584 4919 3814 4972 commi-

2225 5023 2384 5070 natus
2409 5016 2502 5080 sit,
2528 5022 2582 5070 et
2611 5014 3013 5069 adhaerentibus
3039 5015 3142 5069 sibi
3170 5029 3396 5085 regnum
3433 5013 3659 5068 caeleste
3691 5029 3816 5083 pro-

2222 5108 2449 5163 miserit.
2502 5103 2656 5176 (Cap.
2695 5106 2804 5176 l9.)
2845 5105 2970 5162 Haec
3001 5115 3055 5162 et
3093 5107 3220 5172 alia,
3262 5116 3318 5163 et
3365 5107 3622 5163 sacerdos
3655 5121 3813 5162 nosse

2223 5198 2383 5252 debet
2412 5205 2472 5250 ut
2506 5197 2722 5263 doceat,
2769 5204 2826 5250 et
2848 5197 3077 5267 populus
3117 5198 3340 5252 credere
3377 5206 3437 5251 ut
3480 5212 3542 5250 ea
3571 5211 3696 5266 quae
3726 5196 3816 5249 do-

2221 5296 2408 5344 ceatur
2433 5287 2718 5358 intelligat,
2753 5287 2968 5343 dicente
2993 5287 3280 5359 Apostolo:
3315 5287 3437 5342 Nisi
3459 5287 3809 5350 credideritis,

2220 5399 2325 5438 non
2371 5381 2667 5453 intelligetis
2697 5382 2832 5455 (Isa.
2863 5399 2961 5448 vn,
3015 5380 3090 5453 9).
3147 5381 3300 5436 Unde
3350 5381 3513 5435 datur
3561 5377 3810 5449 intelligi,

2226 5477 2370 5548 quod
2397 5492 2505 5532 non
2532 5475 2668 5532 ﬁdes
2697 5491 2764 5532 ex
2791 5474 3068 5530 intellectu
3095 5514 3110 5538 ,
3153 5473 3246 5528 sed
3273 5489 3339 5528 ex
3369 5471 3472 5526 ﬁde
3505 5470 3812 5527 intellectus

2224 5573 2444 5640 existat,
2475 5587 2577 5628 nec
2605 5573 2696 5642 qui
2725 5572 2977 5643 intelligit
3018 5571 3224 5636 credat,
3263 5570 3359 5626 sed
3391 5569 3485 5639 qui
3515 5567 3692 5625 credit
3728 5567 3811 5621 in-

2225 5663 2445 5734 telligat,
2479 5672 2533 5718 et
2563 5663 2656 5720 aui
2687 5662 3016 5720 intellexerit
3037 5663 3174 5718 bene
3203 5670 3331 5734 agat

612 5887 634 5913 τι
665 5875 918 5942 Quaedam
945 5873 1100 5944 hujus
1130 5893 1248 5948 cap.
1289 5879 1446 5936 aliter
1490 5879 1542 5933 in
1579 5880 1752 5952 editis.
1782 5878 1906 5936 lsid.
1953 5881 2222 5951 leguntur.
