4046 6464
293 394 384 450 ηδ
1529 380 1618 435 DE
1659 379 1932 436 SPIRITU
1972 376 2262 438 SANCTO.

3421 382 3527 440 27-5

289 519 326 548 ,ε
359 498 886 574 γίθίιὶω-ΔᾼῙνίοαπω
1229 493 1490 574 Spiritum
1531 503 1772 574 sanctum
1791 509 1840 573 _a
1868 498 1920 556 Α
1942 492 2138 547 Filium
2183 495 2507 551 invisibilem
2553 497 2693 552 sicut
2739 497 2854 566 ipse
2879 497 3166 554 invisibilis
3191 509 3304 566 est;
3341 479 3436 572 qui
3467 503 3526 556 ut

350 563 501 628 Pa'tre
520 563 778 642 iliaque
801 563 1074 642 procedere
1094 563 1189 642 liis
1225 563 1390 618 verbis
1407 563 1756 642 demonstrat

348 639 645 717 libris__([_.ib.
668 631 861 717 ipost
885 636 1132 717 mediu'm)
1157 651 1288 717 quos
1313 634 1520 702 scripsit
1546 631 1848 717 Constantio

349 700 525 794 nopoli‘
545 711 601 764 in
643 700 997 778 defensionem
1037 700 1228 761 Leonis
1254 700 1632 774 papae'contra
1674 700 1847 771 Euty-

347 783 646 837 cluamstas.
824 785 907 844 ab
987 795 1104 843 (ρας
1142 800 1258 836 uso.
1291 803 1353 836 ιυι

351 868 602 925 Similiter
651 867 807 922 nobis
848 873 905 922 et
940 865 1008 920 de
1042 862 1310 919 Trinitate
1348 860 1702 931 quaestionem
1749 857 1849 914 ali-

285 973 434 1030 quam
456 965 723 1020 moveant,
747 961 808 1009 ut
834 954 959 1024 quia
985 959 1110 1007 sunt
1129 949 1375 1021 quaedam
1398 949 1616 1019 propria
1644 948 1844 1013 Patris,

284 1064 393 1118 qua:
420 1061 518 1102 nec
544 1046 611 1100 ad
640 1044 899 1115 Spiritum
925 1051 1171 1099 sanctum
1199 1040 1396 1113 [Edit.,
1415 1055 1513 1095 nec
1537 1040 1605 1094 ad
1625 1039 1844 1105 Filium,

282 1152 374 1194 nec
399 1136 464 1191 ad
493 1135 754 1206 Spiritum
773 1139 808 1200 ,ἶ
830 1132 962 1205 etc.]
994 1130 1335 1202 pertineant‘,
1369 1138 1424 1184 et
1447 1137 1574 1184 sunt
1599 1128 1847 1200 quaedam

281 1227 483 1300 propria
514 1224 670 1290 Filii,
712 1239 831 1294 qua:
870 1238 969 1279 nec
1003 1224 1070 1278 ad
1097 1223 1314 1277 Patrem
1345 1237 1448 1277 nec
1484 1221 1553 1276 ad
1582 1221 1846 1290 Spiritum

282 1327 513 1375 sanctum
551 1317 883 1387 pertineant,
926 1323 982 1370 et
1022 1322 1150 1369 sunt
1191 1315 1354 1370 etiam
1395 1313 1630 1384 Spiritus
1672 1313 1848 1368 sancti

279 1410 520 1466 nonnulla
561 1409 806 1481 propria,
847 1425 966 1479 quae
1012 1425 1114 1464 nec
1162 1411 1231 1465 ad
1272 1409 1491 1464 Patrem
1520 1424 1620 1463 nec
1659 1407 1726 1462 ad
1758 1407 1848 1463 Fi-

277 1501 398 1556 lium
433 1502 707 1570 pertinere
750 1507 1156 1565 monstrantur,
1195 1507 1307 1554 tres
1334 1515 1364 1554 a
1396 1515 1456 1554 se
1494 1499 1726 1554 invicem
1765 1516 1850 1556 se-

275 1606 484 1666 paratos
524 1598 882 1652 criminentur
913 1595 1208 1652 catholicos
1240 1595 1419 1651 colere
1460 1595 1607 1651 deos.
1641 1595 1747 1652 Sed
1781 1611 1851 1652 ne

276 1688 488 1745 forsitan
520 1691 795 1761 inopinata
831 1690 1132 1761 quaastione
1159 1690 1417 1754 turberis,
1448 1689 1575 1744 audi
1603 1704 1702 1759 per
1739 1691 1850 1745 sin-

275 1779 406 1850 gula,
455 1781 692 1851 suscepti
728 1781 966 1836 hominis
995 1780 1485 1850 dispensationem,
1517 1794 1620 1836 nec
1647 1780 1716 1834 ad
1749 1779 1850 1834 Pa-

1952 597 2096 640 esset
2115 586 2364 652 visibilis,
2393 604 2591 659 corpus
2618 599 2818 646 nostrai
2851 587 3164 662 fragilitatis
3188 597 3481 665 assumpsit
3509 617 3522 648 :

1950 691 2057 730 non
2084 685 2144 730 ut
2168 677 2450 734 invisibilis
2486 695 2607 735 esse
2637 689 2894 746 cessaret,
2933 687 3028 737 sed
3055 691 3116 736 ut
3145 682 3201 736 in
3227 683 3344 753 ipso
3371 683 3529 740 Chri-

1951 776 2036 823 sto
2059 769 2346 824 invisibilis
2365 771 2656 826 incredulis
2673 781 3040 841 permaneret.
3064 773 3200 828 Nam
3221 789 3346 828 cum
3358 774 3523 832 dicit:

1949 854 2102 914 Beati
2131 861 2270 916 oculi
2301 864 2390 933 qui
2417 864 2590 919 vident
2618 882 2735 936 qua:
2777 883 2864 920 vos
2901 868 3086 923 videtis
3128 869 3281 941 (Luc.
3323 885 3379 936 x,
3408 870 3526 942 25),

1949 964 2080 1018 ergo
2108 949 2255 1004 beati
2281 961 2439 1006 erant
2475 951 2642 1009 Judaei
2668 971 2877 1022 omnes,
2907 966 2964 1012 et
2995 959 3049 1014 bi
3091 961 3182 1029 qui
3207 977 3331 1016 eum
3353 963 3529 1016 cruci-

1948 1036 2226 1105 ﬁxerunt,
2277 1042 2344 1096 de
2383 1043 2580 1111 quibus
2619 1061 2716 1116 per
2761 1046 2933 1104 David
2979 1050 3224 1107 dicitur:
3264 1052 3378 1123 Ipsi
3412 1071 3529 1109 vero

1949 1129 2413 1185 consideraverunt
2437 1144 2484 1187 et
2515 1149 2892 1206 conspexerunt
2916 1157 2998 1194 me
3042 1139 3214 1213 (Psal.
3256 1160 3371 1209 xxr,
3416 1145 3529 1217 19).

1949 1218 2113 1274 Vides
2135 1235 2264 1291 ergo
2287 1221 2411 1290 quia
2441 1221 2725 1282 invisibilis
2758 1240 3088 1298 perseverat,
3117 1242 3172 1288 et
3197 1244 3380 1290 mente
3408 1252 3533 1291 cer-

1949 1308 2102 1363 nitur
2129 1326 2264 1380 pura
2290 1319 2345 1365 et
2382 1313 2603 1368 credula
2640 1333 2654 1369 :
2683 1332 2815 1388 ergo
2848 1321 2895 1373 si
2928 1321 3215 1378 invisibilis
3239 1323 3419 1393 Pater,
3453 1329 3535 1382 in—

1949 1404 2178 1460 visibilis
2209 1405 2398 1472 Filius,
2437 1407 2724 1465 invisibilis
2749 1411 2982 1484 Spiritus
3007 1427 3246 1473 sanctus.
3288 1419 3358 1475 Et
3379 1431 3441 1476 ut
3467 1425 3535 1478 ad

1950 1496 2056 1551 hoc
2087 1505 2139 1550 te
2169 1512 2450 1565 revocem,
2495 1501 2638 1556 unde
2678 1501 2881 1557 factum
2923 1515 3009 1560 est
3033 1517 3095 1562 ut
3129 1510 3231 1564 hoc
3264 1511 3332 1566 de
3357 1511 3535 1580 fragili

1951 1585 2170 1641 homine
2199 1587 2506 1657 doceamus,
2545 1591 2672 1646 Tria
2710 1592 2826 1648 haec
2848 1594 3156 1663 invisibilia,
3189 1609 3244 1654 et
3281 1602 3534 1667 indivisa,

1952 1671 2006 1733 et
2026 1679 2080 1733 in
2105 1696 2270 1734 unum
2298 1681 2721 1753 conglomerata,
2751 1693 2807 1739 et
2831 1685 3049 1742 virtutis
3073 1688 3314 1745 efﬁcacia
3336 1692 3536 1746 redun-

1952 1769 2154 1836 dantia,
2184 1771 2238 1826 id
2262 1782 2347 1827 est
2365 1789 2550 1829 vocem
2581 1776 2898 1846 genitricem
2931 1780 3103 1847 verbi,
3126 1796 3193 1836 ex
3219 1783 3386 1838 verbo
3403 1798 3536 1838 vero

275 1847 399 1924 {rem
427 1911 442 1936 ,
492 1847 714 1927 nec—ad
755 1871 1050 1942 spiritum,
1080 1847 1197 1926 ἐρα
1243 1871 1308 1924 ad
1361 1870 1534 1925 solum
1575 1871 1848 1940 pertinere
1875 1847 1924 1907 Β
1950 1859 2110 1915 simul
2151 1857 2281 1916 cum
2311 1878 2445 1918 voce
2489 1867 2816 1934 procedente
2851 1868 3181 1936 eﬂicaciam,
3222 1887 3342 1942 quae
3372 1872 3536 1929 faciat

276 1952 462 2032 [Edit.,
513 1964 736 2018 adverte
773 1978 869 2032 per
908 1961 1138 2034 singula.
1192 1961 1470 2032 Susceptus
1511 1964 1691 2018 carnis
1739 1962 1849 2019 dis-

271 2053 510 2127 pensatio
537 2069 637 2108 nec
659 2052 726 2107 ad
747 2053 964 2108 Patrem
990 2052 1247 2123 pertinet,
1280 2053 1415 2126 etc.]
1451 2052 1649 2108 Filium
1679 2072 1691 2108 :
1722 2070 1849 2124 pro-

270 2147 376 2217 prie
403 2147 555 2203 enim
585 2148 776 2214 Filius,
813 2163 923 2204 non
968 2145 1149 2215 Pater,
1189 2146 1257 2202 de
1285 2147 1496 2218 virgine
1523 2156 1685 2204 natus
1721 2156 1843 2215 est;

274 2251 454 2294 rursus
495 2238 594 2293 ilia
627 2254 748 2310 quae
798 2253 939 2309 saepe
985 2237 1170 2293 audita
1205 2245 1288 2294 est
1313 2253 1420 2293 vox
1451 2237 1646 2311 [Edit.,
1686 2255 1849 2312 super

269 2327 431 2400 eum],
455 2321 565 2382 Hic
590 2318 666 2384 est
687 2328 830 2398 ﬁlius
857 2344 1001 2383 meus
1021 2327 1243 2383 dilectus
1265 2326 1482 2400 (Matth.
1509 2329 1723 2402 111,17),
1747 2344 1848 2387 nec

270 2419 330 2474 ad
351 2419 569 2486 Filium,
593 2436 694 2483 nec
719 2420 787 2476 ad
813 2418 1078 2490 Spiritum
1105 2427 1354 2476 sanctum
1374 2461 1390 2486 ,
1417 2421 1512 2476 sed
1539 2421 1606 2476 ad
1629 2421 1848 2477 Patrem

270 2511 491 2580 pertinet
529 2507 740 2578 soliim;
786 2512 917 2567 item
951 2510 1213 2567 columbae
1241 2510 1452 2582 species
1481 2527 1602 2582 quae
1637 2512 1694 2566 in
1723 2512 1846 2568 Jor-

273 2602 401 2657 dane
427 2602 719 2672 apparuit,
758 2611 814 2656 et
840 2601 1124 2673 ignearum
1153 2601 1460 2673 linguarum
1493 2601 1848 2673 multipertita

270 2691 577 2748 distributio
602 2692 820 2763 proprie
847 2693 915 2747 ad
941 2691 1112 2747 sancti
1144 2690 1381 2762 Spiritus
1410 2707 1699 2762 personam
1726 2707 1848 2762 per-

267 2783 429 2840 tinere
458 2791 818 2840 monstratur.
863 2781 971 2839 Sed
997 2798 1066 2839 ne
1089 2782 1266 2840 adhuc
1292 2783 1358 2839 de
1389 2783 1474 2839 his
1501 2783 1848 2853 proprietati-

268 2873 360 2930 bus
387 2874 637 2939 dubites,
667 2873 794 2929 audi
837 2873 1200 2930 manifestius.
1241 2873 1528 2944 Proprium
1557 2873 1738 2929 Patris
1763 2884 1848 2931 est

269 2968 531 3036 genuisse,
587 2973 643 3022 et
680 2965 958 3037 proprium
987 2965 1110 3020 Filii
1150 2974 1234 3021 est
1273 2975 1459 3020 natum
1489 2964 1676 3029 fuisse,
1727 2981 1848 3036 pro-

267 3058 435 3127 prium
461 3073 598 3114 vero
618 3067 702 3114 est
727 3056 948 3128 Spiritui
977 3066 1165 3112 sancto
1185 3057 1250 3112 de
1269 3056 1431 3112 Patre
1454 3056 1700 3128 Filioque
1728 3073 1847 3128 pro-

268 3151 452 3206 cedere
498 3169 512 3206 :
567 3166 668 3207 nec
702 3151 923 3206 omnino
963 3152 1336 3222 reciprocatur
1364 3150 1418 3205 in
1460 3151 1620 3205 aliam
1664 3165 1847 3222 perso-

268 3259 386 3299 nam
427 3246 574 3316 quod
614 3253 700 3301 est
747 3245 1034 3316 unicuique
1078 3259 1323 3316 persona:
1372 3245 1678 3316 specialiter
1724 3260 1849 3315 pro-

268 3335 461 3405 prium.
495 3335 556 3391 Si
595 3352 725 3408 ergo
765 3337 848 3392 hac
887 3346 998 3392 tres
1021 3351 1299 3406 personae,
1336 3336 1600 3392 habentes
1625 3336 1848 3405 singulae

265 3428 623 3498 proprietates
649 3443 806 3494 suas,
853 3427 1050 3498 quibus
1091 3427 1483 3499 significantius
1517 3426 1850 3498 distinguan-

267 3524 371 3584 tur,
411 3534 518 3574 non
554 3521 753 3590 quibus
802 3527 1154 3590 separentur,
1191 3534 1333 3575 unus
1373 3527 1455 3575 est
1495 3519 1668 3585 Deus;
1715 3535 1850 3588 quo-

267 3612 428 3667 modo
450 3612 642 3676 Filius,
669 3613 815 3668 salva
836 3613 1119 3682 utriusque
1137 3621 1345 3668 naturas
1364 3613 1715 3684 proprietate,
1740 3626 1849 3666 non

267 3716 411 3756 unus
440 3709 528 3757 est
548 3701 832 3758 Christus?

269 3790 1132 3866 ProclusConstantinopolitanus
1169 3798 1456 3866 episcopus,
1480 3796 1550 3849 ad
1578 3796 1850 3852 Armenios

336 3863 391 3916 in
431 3863 654 3936 epistola
693 3863 940 3920 adversus
982 3863 1252 3920 Ita’reticos
1277 3863 1558 3926 destinata.
1591 3867 1850 3936 Spiritum

337 3944 577 4008 sanctum
600 3933 665 3986 ab
692 3937 913 4008 essentia
937 3935 1224 3990 divinitatis
1245 3933 1659 4006 inseparabiliter
1670 3953 1849 4008 proce-

340 4003 480 4068 dere,
509 4003 590 4058 his
613 4004 781 4058 verbis
809 4005 1006 4059 edocet.

341 4093 630 4167 Fugiamus
665 4095 848 4166 itaque
873 4097 1098 4152 consilia
1133 4085 1485 4164 seductionis,
1515 4097 1716 4155 ﬂuenta
1743 4101 1848 4155 ha:-

278 4187 562 4241 reticorum
589 4186 710 4242 dico
734 4188 1059 4257 perniciosa,
1083 4187 1303 4258 Deoque
1330 4191 1547 4245 inimica
1575 4192 1846 4261 contagia,

278 4274 383 4330 Arii
429 4278 726 4341 vesaniam,
765 4279 858 4347 qui
906 4279 1228 4334 Trinitatem
1265 4281 1682 4351 inseparabilem
1723 4283 1851 4336 sub-

278 4367 485 4423 stantiis
509 4368 724 4433 dividit,
764 4367 1012 4424 Eunomii
1045 4369 1351 4435 audaciam,
1377 4371 1468 4440 qui
1497 4379 1744 4425 naturam
1769 4371 1852 4426 in-

280 4459 810 4528 comprehensibilem
851 4461 992 4515 infra
1034 4461 1320 4516 scientiam
1365 4462 1718 4516 humanitatis
1771 4463 1852 4516 in-

280 4547 453 4617 cludit,
505 4549 784 4606 Manichazi
823 4550 988 4624 [Edd.
1035 4570 1138 4607 om.
1181 4551 1507 4623 Manichzei],
1551 4551 1847 4608 Macedonii
1873 4554 1927 4614 D

280 4641 492 4707 rabiem,
521 4644 616 4714 qui
646 4653 952 4715 sequestrat
983 4646 1051 4699 ab
1080 4646 1314 4700 essentia
1343 4645 1558 4701 deitatis
1588 4644 1849 4714 Spiritum

281 4744 512 4788 sanctum
542 4735 978 4805 inseparabiliter
1001 4737 1404 4806 procedentem.

283 4818 309 4858 δ
342 4821 592 4894 Agnellus
634 4827 691 4879 in
719 4824 946 4897 epistola
997 4825 1081 4897 ad,
1116 4824 1347 4897 Neni_um
1371 4867 1387 4891 ,
1434 4827 1574 4897 quod
1619 4824 1847 4896 Spiritus

407 4904 625 4950 sanctus
653 4912 686 4949 a
710 4892 872 4950 Patre
894 4895 1137 4966 procedat
1157 4906 1204 4950 et
1231 4894 1394 4964 Filio,
1424 4892 1500 4950 sic
1525 4892 1694 4950 docet.

344 4981 463 5040 Ideo
499 5001 570 5041 ex
611 4987 771 5042 Patre
807 4986 1006 5052 Filius,
1043 5001 1110 5041 ex
1147 4986 1312 5043 Patre
1345 4995 1402 5042 et
1432 4986 1570 5044 Filio
1609 4989 1852 5057 procedit

285 5070 508 5143 Spiritus
534 5087 776 5144 sanctus,
801 5094 920 5145 nec,
955 5088 1016 5134 ut
1041 5079 1257 5149 quidam
1287 5079 1496 5145 dicunt,
1529 5079 1662 5135 duos
1691 5080 1852 5135 habet

283 5159 415 5220 Deus
435 5167 598 5234 filios,
621 5168 895 5226 Christum
915 5179 972 5226 et
992 5167 1252 5240 Spiritum
1273 5180 1544 5238 sanctum,
1563 5171 1659 5227 sed
1689 5171 1854 5226 habet

349 5289 372 5316 ι
417 5278 640 5354 Vigilius
671 5284 954 5354 Africanus
1002 5285 1290 5354 episcopus.
1330 5283 1467 5339 Hinc
1511 5293 1658 5352 patet
1699 5297 1853 5338 error

287 5344 516 5435 ilignum;
542 5353 635 5435 qui
649 5344 763 5435 llos
790 5344 1245 5435 Ιίδιοεὴὴᾴοιθῂιιε
1284 5356 1393 5435 sub
1413 5344 1630 5435 nomine
1671 5354 1852 5435 Vigilii

289 5415 577 5478 Tridentini
599 5425 901 5480 ediderunt.
942 5421 1082 5490 Quin
1104 5433 1159 5478 et
1197 5425 1248 5477 in
1278 5424 1464 5479 codice
1493 5423 1551 5477 S.
1585 5415 1847 5493 Eugeﬁdi,

225 5525 228 5528 .
289 5495 341 5566 ut
360 5493 534 5558 audio,
562 5494 789 5566 Vigilius
830 5494 918 5550 hic
947 5493 1227 5566 episcopus
1251 5493 1582 5566 Thapsensis
1603 5494 1852 5549 inscribi-

291 5562 530 5635 ginqua:
558 5562 752 5622 civitas
781 5573 900 5620 erat
930 5562 1141 5618 Africae
1165 5564 1218 5635 in
1248 5564 1524 5632 provincia
1549 5563 1847 5635 Byzacena.

291 5622 352 5679 Et
383 5622 660 5706 in'Notitia
687 5651 849 5706 quam
876 5635 1164 5706 edidimus,
1194 5622 1334 5706 inter
1357 5622 1639 5705 episcopos
1663 5633 1844 5702 eiusce

291 5701 593 5770 provinciae,
631 5701 722 5776 qui
745 5706 811 5761 ad
855 5705 1181 5776 Hunericum
1211 5703 1333 5776 fidei
1362 5701 1848 5776 causa—venerunt,

292 5778 556 5848 Postremo
594 5774 712 5834 loco
754 5786 1065 5848 recensetur
1103 5774 1331 5848 Vigilius
1358 5775 1746 5848 Thapsitanus,
1785 5778 1856 5833 de

297 5849 399 5906 quo
434 5844 642 5903 idemne
669 5863 739 5904 an
772 5847 909 5904 alius
953 5863 984 5903 a
1026 5844 1212 5904 nostro
1239 5846 1331 5914 sit,
1370 5844 1635 5904 Chilﬂetio
1663 5855 1858 5926 nostro

1949 1952 2184 2008 alterum
2212 1955 2490 2010 consulem
2517 1957 2658 2024 ﬁeri,
2685 1958 2913 2013 alterum
2945 1961 3226 2028 trucidari,
3259 1964 3349 2018 dic
3375 1965 3530 2032 mihi,

1947 2044 2174 2112 Ariane,
2196 2047 2300 2103 ista
2329 2049 2432 2104 tria
2473 2064 2640 2105 unum
2684 2058 2834 2117 sunt,
2863 2067 2933 2106 an
2959 2054 3102 2108 non?
3130 2053 3191 2110 Si
3218 2071 3388 2111 unum
3423 2072 3534 2114 non

1950 2145 2097 2202 sunt,
2131 2139 2310 2196 divide
2341 2156 2531 2198 vocem
2551 2157 2582 2196 a
2613 2143 2799 2208 verbo,
2830 2151 2888 2199 et
2912 2143 3210 2202 efﬁcaciam
3245 2163 3278 2203 a
3313 2162 3450 2205 voce
3479 2158 3536 2204 et

1949 2234 2133 2290 verbo.
2185 2235 2340 2302 Quod
2377 2237 2424 2292 si
2453 2237 2558 2293 hoc
2591 2238 2647 2292 in
2673 2237 2851 2310 fragili
2872 2238 3090 2296 homine
3113 2241 3190 2296 ita
3209 2256 3379 2298 unum
3407 2249 3535 2298 sunt

1950 2323 2216 2396 tria,;vox,
2234 2334 2290 2382 et
2303 2327 2549 2394 verbum,
2565 2337 2619 2384 et
2631 2328 2869 2386 eﬂicacia
2889 2348 2904 2398 ;
2931 2340 3044 2388 tres
3055 2333 3275 2403 quidem
3287 2349 3534 2404 persona:

1949 2423 2096 2480 sunt,
2122 2415 2352 2472 sed'una
2380 2419 2708 2476 subsistendi
2736 2423 2998 2491 potentia.
3041 2419 3100 2479 In
3128 2425 3348 2481 homine
3373 2425 3536 2498 fragl-

1947 2503 2186 2573 lissimo,
2215 2517 2276 2561 ut
2308 2509 2564 2576 diximus,
2595 2511 2712 2566 haec
2747 2513 2821 2568 sit
2847 2522 2998 2569 tanta
3027 2518 3302 2585 potentia,
3332 2526 3538 2587 quanto

1947 2599 2122 2668 magis
2154 2599 2210 2654 in
2244 2601 2635 2672 omnipotentia
2671 2603 2769 2659 Dei
2798 2605 2873 2660 ita
2901 2615 3016 2673 est,
3060 2616 3122 2663 ut
3147 2610 3218 2664 sit
3235 2609 3400 2666 Pater
3421 2626 3539 2666 om-

1948 2690 2199 2761 nipotens
2240 2694 2456 2764 genitor
2495 2695 2651 2764 Filii,
2688 2707 2743 2754 et
2783 2714 2853 2755 ex
2883 2699 3045 2758 Patre
3082 2710 3138 2757 et
3171 2702 3306 2759 Filio
3342 2717 3536 2775 proce-

1947 2781 2082 2837 dens
2106 2783 2301 2851 virtus,
2333 2786 2426 2855 qui
2455 2795 2539 2843 est
2569 2787 2807 2858 Spiritus
2832 2802 3075 2848 sanctus.

1947 2873 2295 2933 Cassiodorus
2338 2881 2760 2960 inhexpositione
2806 2885 2999 2956 psalmi
3023 2905 3094 2960 Διι,
3133 2889 3272 2960 quod
3311 2887 3540 2960 Spiritus

2085 2961 2298 3004 sanctus
2319 2969 2352 3005 a
2384 2949 2547 3006 Patre
2573 2949 2818 3026 Filioque
2841 2949 3111 3028 procedat,
3144 2949 3219 3013 sic
3249 2949 3396 3014 dicit.

2016 3038 2194 3096 Redde
2225 3044 2352 3096 mihi
2379 3043 2618 3099 lwtitiam
2643 3047 2894 3105 salutaris
2921 3052 3020 3118 tui,
3055 3061 3105 3106 et
3133 3054 3322 3124 spiritu
3342 3055 3542 3126 princi-

1948 3129 2058 3200 pali
2087 3133 2344 3201 conﬁrma
2382 3152 2464 3190 me
2498 3136 2674 3210 (Psal.
2712 3155 2767 3206 ι,
2794 3140 2905 3211 14).
2938 3141 3050 3198 Nec
3076 3143 3350 3200 incassum
3382 3155 3540 3216 pute-

1874 3203 1918 3267 Ο
1952 3237 2092 3289 mus,
2125 3223 2267 3294 quod
2303 3225 2387 3280 vir
2422 3238 2663 3297 sanctus,
2709 3239 2766 3286 et
2809 3233 2989 3289 cordis
3030 3235 3422 3294 illuminationc
3458 3254 3542 3293 ra-
3629 3265 3646 3272 -

1952 3311 2156 3378 diatus,
2201 3315 2360 3370 tertio
2403 3316 2667 3388 Spiritum
2702 3323 3034 3392 nominavit,
3076 3327 3181 3381 nisi
3223 3328 3350 3398 quia
3396 3326 3537 3383 indi-

1948 3403 2124 3459 vidua:
2159 3405 2409 3462 Triuitati
2452 3410 2678 3467 devotus
2720 3416 2942 3471 concedi
2983 3417 3102 3488 sibi,~
3129 3417 3198 3473 ab
3225 3433 3291 3474 ea
3324 3419 3539 3473 veniam

1950 3496 2260 3565 postulavit.
2310 3499 2543 3568 Spiritus
2589 3503 2764 3571 enim,
2821 3515 3081 3576 quantum
3128 3507 3196 3562 ad
3247 3509 3542 3564 essentiam

1951 3585 2282 3656 divinitatis,
2337 3599 2392 3646 et
2434 3590 2597 3648 Pater
2621 3601 2676 3648 et
2717 3594 2884 3652 Filius
2939 3605 2996 3652 et
3035 3597 3271 3668 Spiritus
3319 3609 3542 3656 sanctus

1951 3685 2099 3732 recte
2154 3695 2294 3736 unus
2348 3683 2546 3738 dicitur
2601 3684 2745 3743 Deus
2803 3705 2814 3740 :
2877 3689 2975 3744 sed
3027 3705 3128 3760 pro
3187 3690 3538 3749 distinctione

1951 3784 2324 3841 personarum,
2370 3776 2650 3846 proprium
2699 3786 2784 3834 est
2822 3778 2975 3834 Patri
3024 3781 3169 3851 quod
3219 3782 3542 3839 naturaliter

1951 3862 2070 3917 sine
2097 3861 2252 3917 initio
2279 3873 2403 3919 ante
2438 3866 2636 3921 saecula
2660 3869 2846 3938 genuit
2885 3868 3102 3936 Filium,
3149 3873 3430 3944 proprium
3457 3882 3543 3930 est

1949 3951 2088 4007 Filio
2114 3954 2257 4022 quod
2284 3956 2604 4012 naturaliter
2637 3975 2668 4014 a
2692 3958 2855 4015 Patre
2878 3963 3094 4033 genitus
3119 3971 3224 4032 est,
3256 3965 3538 4037 proprium

1947 4051 2032 4100 est
2049 4043 2271 4114 Spiritui
2289 4061 2477 4104 sancto
2492 4053 2634 4120 quod
2649 4066 2680 4107 a
2698 4050 2862 4110 Patre
2881 4061 2937 4109 et
2959 4054 3100 4111 Filio
3119 4057 3386 4126 procedit.
3403 4056 3537 4124 Quae

1950 4135 2206 4192 ineffabili
2253 4139 2521 4196 charitate
2560 4151 2724 4214 atque
2763 4147 3145 4216 cooperatione
3170 4163 3361 4204 eorum
3401 4165 3539 4204 con-

1951 4227 2322 4284 substantialis
2366 4233 2646 4288 aeternitas
2683 4243 2739 4289 et
2775 4245 3019 4305 potestas
3045 4238 3230 4294 omnia
3261 4238 3393 4294 facit
3422 4255 3542 4310 quae

1952 4319 2065 4373 vult
2084 4320 2140 4374 in
2162 4319 2302 4376 caelo
2326 4331 2382 4376 et
2405 4324 2461 4379 in
2491 4332 2655 4379 terra.
2681 4325 2788 4381 Sed
2808 4329 3061 4396 quamvis
3087 4329 3203 4386 hazc
3231 4331 3540 4403 incompre-

1952 4413 2239 4470 hensibilia
2284 4423 2444 4485 atque
2484 4418 2886 4489 inexplicabilia
2919 4421 2996 4476 ita
3031 4428 3159 4478 sunt
3200 4423 3357 4479 nobis
3396 4440 3542 4480 nunc

1952 4521 2074 4562 esse
2103 4518 2418 4576 noscantur,
2450 4519 2630 4568 tamen
2656 4529 2687 4568 a
2713 4515 2990 4571 nonnullis
3013 4517 3260 4586 patribus
3285 4531 3540 4590 corpora-

1952 4600 2086 4655 lium
2116 4607 2172 4655 et
2191 4600 2352 4656 simul
2374 4601 2722 4661 existentium
2743 4619 2925 4662 rerum
2955 4607 3080 4664 talis
3099 4608 3393 4666 similitudo
3412 4627 3539 4682 pro-

1950 4692 2184 4765 ponitur.
2213 4693 2520 4750 Invenimus
2547 4699 2692 4752 enim
2730 4698 2785 4754 in
2811 4699 2925 4755 sole
2947 4707 3058 4756 tres
3085 4701 3218 4757 istas
3235 4703 3538 4774 proprieta-

1952 4796 2054 4854 tes,
2093 4789 2268 4859 prima
2300 4788 2417 4858 ipsa
2452 4797 2538 4844 est
2577 4791 2882 4846 substantia
2921 4793 3224 4864 corporalis
3267 4795 3411 4864 quod
3456 4793 3537 4849 sol

1949 4890 2054 4947 est,
2087 4881 2281 4937 deinde
2302 4882 2557 4952 splendor
2577 4883 2693 4954 ejus
2711 4885 2804 4954 qui
2828 4885 2885 4939 in
2904 4885 3021 4957 ipso
3049 4896 3352 4958 permanet,
3376 4887 3538 4941 tertio

1950 4975 2099 5032 calor
2122 4975 2214 5044 qui
2253 4975 2322 5029 ab
2348 4974 2635 5044 splendore
2665 4975 2784 5047 ejus
2818 4993 2990 5050 usque
3025 4981 3093 5036 ad
3136 4997 3236 5036 nos
3264 4983 3532 5051 pervenit.

1952 5067 2082 5134 Quae
2109 5066 2213 5121 hoc
2242 5066 2421 5131 modo,
2455 5067 2500 5121 si
2531 5073 2711 5123 tamen
2744 5077 2908 5126 tantm
2935 5070 3014 5126 rei
3043 5071 3340 5126 similitudo
3357 5077 3537 5140 potest

1951 5157 2128 5226 aliqua
2157 5157 2418 5227 reperiri,
2461 5159 2698 5215 arbitror
2725 5161 3043 5217 aestimanda
3061 5202 3075 5228 ,
3105 5169 3164 5214 ut
3190 5158 3336 5229 quod
3363 5165 3449 5213 est
3476 5159 3534 5214 in

1951 5290 2050 5345 pro
2085 5275 2254 5344 ipsius
2278 5275 2455 5331 studio
2489 5285 2546 5331 et
2575 5277 2793 5332 solertia
2833 5275 3230 5346 discutiendum
3272 5273 3533 5346 relinqui-

1951 5344 2092 5427 mus,
2129 5361 2158 5399 a
2187 5361 2294 5415 quo
2327 5346 2509 5419 Vigilii
2551 5364 2716 5420 opera
2759 5347 2910 5403 brevi
2949 5344 3317 5400 emendatiora
3351 5352 3406 5401 et
3429 5344 3528 5402 au-

1952 5425 2122 5476 ctiora
2151 5433 2452 5488 speramus.

2022 5485 2338 5572 bnAgftellus
2366 5490 2422 5543 in
2449 5489 2770 5572 epistola‘ad
2812 5487 3066 5572 genium.
3100 5485 3271 5572 .Edita‘
3298 5488 3536 5572 primum

1950 5569 2037 5616 est
2062 5557 2285 5616 Basilea:
2317 5561 2420 5615 hoc
2447 5557 2622 5624 titulo,
2658 5557 2863 5629 Agnelli
2885 5558 3112 5630 episcopi
3141 5557 3211 5630 ad
3236 5557 3534 5614 Arminium

1951 5633 2015 5686 de
2047 5635 2246 5687 ratione
2267 5632 2414 5701 fidei.
2447 5631 2728 5701 Adjectum
2749 5636 2832 5684 est
2851 5635 3035 5701 postea
3058 5629 3129 5687 ex
3155 5629 3282 5694 alio,
3303 5638 3365 5685 ut
3386 5645 3529 5701 reor,

1951 5704 2246 5774 exemplari
2268 5699 2468 5758 nomen
2486 5699 2851 5774 rRavennatis,
2882 5700 2987 5774 qui!
3003 5704 3186 5761 sedem
3214 5702 3363 5757 illam
3390 5699 3533 5755 rexit

1951 5770 2240 5845 postrémis
2269 5773 2602 5843 temporibus
2623 5770 2933 5829 Justiniaui.
