4046 6442
502 361 610 417 275
1502 352 1892 409 TiiEODULFl
1928 342 2487 412 AURELIANENSIB
2526 348 2737 404 EPlSC.
3097 355 3101 359 ’
3655 350 3765 424 ιτς

499 474 611 534 sole
635 474 937 530 substantia
980 470 1306 540 corporalis,
1336 471 1410 524 ita
1442 469 1775 539 intelligatur
1802 469 1856 522 in
1894 467 2076 521 Trini-
2105 479 2158 535 Α
2184 468 2285 521 hoc
2332 464 2605 522 catholica
2630 461 2917 532 proﬁtetur
2957 459 3220 524 Ecclesia,
3269 458 3416 524 Bene
3443 459 3624 531 itaque
3661 463 3770 519 Idi.

500 574 611 620 tate
635 561 1028 634 quodammodo
1049 575 1282 630 persona
1309 559 1509 624 Patris,
1533 569 1589 614 et
1610 560 1755 629 quod
1780 567 1864 612 est
1887 558 1942 612 in
1965 557 2080 613 sole
2181 557 2312 610 thun
2338 556 2449 610 Dee
2476 555 2752 610 subditum
2772 563 2827 608 te
2846 567 2969 608 esse
2987 551 3285 623 proﬁteris,
3302 567 3453 622 aquo
3473 553 3766 610 inaestima-

497 655 751 726 spiendor
781 651 898 721 ejus
929 691 945 716 ,
993 652 1098 707 hoc
1137 652 1210 710 sit
1254 652 1310 706 in
1357 650 1620 706 Trinitate
1665 661 1892 719 persona
1931 647 2074 713 Filii,

497 750 638 804 sicut
676 745 964 816 Apostolus
1006 744 1140 800 dicit
1180 761 1194 798 :
1243 741 1503 813 Splendor
1532 741 1714 812 gloria:
1737 743 1851 809 ejus
1887 738 2072 810 (Hebr.

493 855 534 904 ι,
561 837 637 906 5),
667 835 810 905 quod
845 842 1028 890 autem
1055 835 1220 892 estin
1241 835 1354 890 sole
1382 833 1549 895 calor,
1583 838 1684 888 hoc
1712 831 1784 884 sit
1812 831 1867 884 in
1897 829 2078 884 Trini-

493 939 603 983 tate
624 942 853 997 persona
873 925 1111 998 Spiritus
1129 926 1480 989 sancti,sicut
1501 924 1716 992 legitur,
1733 923 1863 988 Quis
1884 939 1938 977 se
1961 922 2078 976 abs-

493 1018 676 1072 condet
707 1033 737 1070 a
760 1015 933 1070 calore
961 1015 1076 1084 ejus
1117 1013 1290 1085 (Psal.
1317 1013 1507 1084 mu)?
1549 1013 1718 1067 Datur
1739 1012 1905 1067 etiam
1930 1011 2076 1065 aliud

493 1108 794 1177 exemplum
823 1106 1243 1177 incorporalinm
1272 1121 1454 1162 rerum
1475 1145 1490 1167 ,
1523 1106 1626 1158 hoc
1657 1112 1742 1159 est
1775 1104 1843 1157 de
1872 1103 2071 1167 anima,

491 1213 610 1267 quae
635 1197 702 1251 ad
727 1197 1014 1266 imaginem
1049 1206 1105 1250 et
1123 1195 1536 1252 similitudinem
1563 1194 1656 1248 Dei
1688 1192 1828 1248 facta
1848 1208 2076 1262 cognos-

491 1289 650 1343 citur.
677 1288 874 1344 Anima
903 1288 1162 1358 igiturest
1186 1287 1300 1354 ipsa
1324 1285 1624 1340 substantia
1647 1285 1966 1353 incorporea
1991 1301 2078 1338 ra-

491 1379 726 1444 tionalis,
740 1379 794 1432 in
810 1394 914 1448 qua
934 1379 1073 1432 inest
1094 1375 1397 1436 intellectus
1415 1385 1470 1429 et
1489 1376 1600 1430 vita
1621 1373 1755 1442 ejus.
1781 1374 1934 1440 Quod
1947 1390 2076 1443 ergo

488 1479 571 1523 est
602 1469 657 1522 in
689 1469 866 1524 anima
893 1467 1215 1531 substantia,
1245 1468 1347 1520 hoc
1378 1465 1740 1533 intelligatur,
1775 1465 1821 1520 si
1851 1465 1957 1518 dici
1992 1464 2076 1521 fas

485 1568 589 1626 est,
616 1561 670 1614 in
706 1559 975 1616 Trinitate
1005 1573 1238 1628 persona
1264 1557 1476 1621 Patris;
1508 1557 1653 1626 quod
1690 1564 1872 1610 autem
1905 1565 1989 1611 est
2017 1557 2074 1610 in

483 1649 664 1704 anima
693 1649 866 1704 virtus
889 1657 945 1703 et
967 1648 1216 1712 scientia,
1248 1649 1350 1704 hoc
1378 1647 1712 1717 intelligatur
1731 1648 1785 1704 in
1810 1647 2076 1704 Trinitate

482 1739 673 1806 Filius,
704 1739 800 1809 qui
827 1748 912 1796 est
943 1739 1037 1798 Dei
1074 1740 1277 1805 virtus,
1313 1747 1364 1792 et
1399 1738 1494 1794 Dei
1527 1739 1812 1809 sapientia,
1843 1747 1900 1792 et
1925 1737 2070 1807 quod

2174 645 2282 701 bile
2303 645 2623 702 bcneilcium
2643 654 2697 701 te
2727 645 3030 715 suscepisse
3049 645 3287 698 testaris.
3322 643 3426 700 Sed
3440 656 3499 702 ut
3521 658 3768 707 sanctum

2173 739 2398 791 verbum
2440 752 2544 790 una
2581 745 2744 806 atque
2786 733 3040 806 aequabili
3079 733 3431 806 veneratione
3478 737 3763 808 coleretur,

2174 828 2392 884 intende
2430 828 2558 896 quid
2597 828 2848 898 sequitur
2885 845 2900 884 ς
2952 827 3294 897 Etenimipse
3327 838 3406 896 est
3456 829 3594 894 Dens
3623 849 3768 888 meus

2175 916 2487 974 etsalutaris
2502 935 2644 973 meus
2675 935 2693 972 :
2723 919 2938 988 adjutor
2963 934 3130 984 meus,
3149 934 3253 974 non
3275 919 3516 978 movebar
3541 922 3769 992 amplius

2177 1008 2339 1080 (Ibid.
2369 1009 2477 1082 ιιι).
2508 1011 2727 1065 Dixerat
2770 1011 3018 1082 superius
3054 1026 3085 1065 a
3120 1010 3281 1065 Patre
3308 1012 3549 1081 genitum
3577 1014 3770 1076 salutis

2176 1110 2485 1169 auctorem;
2525 1118 2669 1158 nunc
2705 1103 2798 1172 qui
2829 1104 2874 1158 si
2927 1104 3030 1158 iste
3075 1103 3334 1166 salutaris
3382 1105 3522 1178 trina
3560 1106 3770 1168 confes-

2176 1193 2329 1250 sione
2369 1195 2765 1263 complectitur.
2819 1194 3002 1249 Primo
3060 1209 3128 1248 ne
3179 1195 3445 1252 minorem
3491 1198 3768 1267 crederes,

2177 1284 2342 1340 dicit:
2378 1283 2498 1353 Ipse
2525 1295 2602 1339 est
2635 1285 2779 1340 Deus
2813 1301 2990 1350 meus,
3023 1285 3164 1340 sicut
3186 1300 3348 1354 supra
3374 1287 3441 1346 de
3465 1296 3624 1366 patre

2178 1374 2365 1448 [Edd.,
2395 1374 2588 1446 Deum]
2617 1375 2784 1441 dicit;
2816 1376 3102 1445 aequalitas
3123 1377 3268 1442 enim
3297 1376 3495 1440 summi
3529 1379 3768 1440 nouiinis

2177 1468 2535 1526 substantiam
2578 1476 2634 1524 et
2681 1468 2981 1537 potentiam
3031 1467 3256 1524 unitatis
3302 1467 3560 1532 ostendit.
3616 1468 3769 1534 [inde

2175 1569 2331 1630 pater
2369 1560 2704 1630 Augustinus
2751 1561 2805 1620 in
2844 1560 2986 1626 libro
3029 1562 3222 1630 quinto
3257 1562 3467 1628 decimo
3547 1559 3686 1630 (cap.
3713 1563 3766 1634 5)

2178 1653 2244 1708 de
2275 1652 2539 1716 Trinitate
2565 1651 2641 1706 ita
2669 1651 2800 1708 dicit
2824 1670 2837 1708 :
2859 1651 3092 1714 Ratione
3119 1653 3284 1716 etiam
3324 1654 3533 1720 reddita
3571 1655 3768 1716 intelli-

2179 1743 2426 1814 gentihus
2486 1742 2692 1797 clarum
2735 1750 2858 1809 est,
2909 1742 2966 1800 in
3011 1744 3311 1810 substantia
3373 1746 3619 1810 veritatis
3659 1763 3767 1802 rion

483 1838 567 1886 est
591 1830 642 1884 in
671 1831 852 1885 anima
888 1829 1194 1888 viviﬁcandi
1221 1828 1528 1898 proprietas
1550 1869 1564 1890 ,
1599 1829 1703 1882 hoc
1731 1837 1785 1882 et
1815 1829 1870 1884 in
1902 1828 2075 1882 Trini-
2104 1828 2151 1887 Β
2179 1836 2352 1901 solum
2401 1835 2620 1892 Patrem
2669 1835 2807 1898 Filio
2850 1851 2958 1890 non
3009 1851 3132 1892 esse
3182 1836 3439 1906 majorem
3463 1878 3478 1904 ,
3527 1839 3619 1912 sed
3669 1854 3767 1894 nec

487 1932 599 1992 tate
646 1923 980 1992 intelligatur
1027 1922 1260 1990 Spiritus
1289 1930 1540 1985 sanctus,
1589 1936 1685 1990 per
1706 1936 1866 1989 quem
1895 1920 2072 1976 viviﬁ-

489 2016 646 2084 candi
675 2030 811 2085 opus
846 2015 1030 2078 multis
1055 2013 1188 2072 locis
1214 2015 1542 2084 praedicatur
1567 2015 1801 2083 impleri,
1830 2015 1971 2078 sicut
1997 2015 2076 2070 ait

485 2109 679 2170 Petrus
700 2107 989 2178 Apostolus
1008 2107 1061 2163 in
1091 2107 1316 2178 epistola
1346 2125 1444 2164 sua
1468 2126 1480 2162 :
1515 2108 1866 2176 Nortiﬁcatus
1893 2125 2070 2173 carne,

483 2198 775 2268 vivificntus
815 2208 988 2264 autem
1019 2200 1206 2270 spiritu
1239 2199 1292 2271 (1
1315 2199 1460 2256 Petr.
1505 2215 1588 2266 ιιι,
1621 2199 1730 2271 18).
1763 2199 1895 2260 Item
1937 2199 2075 2270 Apes

483 2293 656 2352 stolas
697 2311 712 2348 ;
746 2293 948 2350 Littera
983 2295 1170 2350 occidit
1193 2334 1209 2360 ,
1256 2295 1472 2365 spiritus
1511 2305 1684 2350 autem
1723 2295 1948 2364 viviﬁcat
1986 2293 2072 2365 (II

485 2385 608 2441 Cor.
634 2403 720 2454 ιιι,
743 2387 833 2458 6);
877 2395 931 2442 et
967 2388 1019 2442 in
1057 2388 1346 2460 Evangelia
1384 2387 1644 2444 Dominus
1672 2388 1749 2443 ait
1780 2401 1796 2441 t
1841 2386 2071 2458 Spiritus

481 2487 557 2533 est
603 2479 694 2549 qui
745 2478 989 2546 viviﬁcat,
1049 2495 1170 2535 nam
1216 2495 1339 2534 caro
1389 2495 1494 2533 non
1530 2479 1740 2548 prodest
1784 2479 2071 2549 quidquam

482 2567 668 2639 (Joan.
697 2585 774 2634 vr,
813 2569 925 2640 64).
959 2569 1086 2626 Haec
1113 2578 1295 2626 autem
1321 2585 1442 2639 qua
1470 2570 1729 2636 diximus,
1763 2570 1867 2626 tria
1888 2571 2072 2642 singu-

479 2656 670 2726 lariter
709 2667 1049 2730 sequestrata
1080 2660 1385 2728 nullatenus
1419 2660 1790 2728 inveniuntur,
1823 2663 2072 2731 quamvis

480 2746 789 2803 intellectus
809 2758 995 2804 noster
1023 2765 1086 2804 ea
1113 2749 1365 2814 distincta
1393 2750 1564 2820 possit
1603 2751 1887 2806 advertere
1919 2766 1932 2803 :
1961 2751 2071 2816 sed

482 2843 561 2899 ita
605 2845 927 2904 naturaliter
970 2852 1097 2900 sunt
1133 2844 1304 2911 unita,
1342 2853 1402 2900 ut
1429 2844 1555 2900 dum
1589 2859 1758 2907 unum
1787 2845 1982 2900 horum
2009 2856 2069 2900 se

481 2935 760 3001 obtulerit,
789 2935 950 2990 simul
980 2937 1086 2991 tria
1117 2952 1332 3006 semper
1368 2946 1678 2992 occurrant.
1719 2935 1810 2992 Sic
1848 2951 1945 3006 per
1969 2937 2069 2991 has

481 3026 867 3086 similitudines
899 3035 1065 3083 tanta;
1089 3029 1169 3083 rei
1193 3027 1370 3097 aliqua
1402 3028 1560 3083 nobis
1589 3027 1906 3096 imaginatio
1926 3027 2068 3081 veri-

481 3119 613 3174 tatis
642 3119 902 3190 aperitur.
943 3118 1082 3175 Sunt
1115 3127 1170 3175 et
1201 3120 1318 3176 haec
1348 3126 1402 3175 et
1436 3117 1542 3174 alia
1582 3117 1800 3174 Patrum
1830 3119 2070 3188 disputa-

484 3209 629 3265 tione
649 3185 872 3266 similia.
915 3208 1023 3268 Sed
1048 3226 1170 3280 qum
1208 3224 1353 3267 nunc
1376 3211 1559 3266 carnis
1581 3210 1870 3266 inﬁrmitas
1898 3185 1965 3265 ad
2003 3211 2068 3265 li-
2095 3185 2142 3251 (ἶ

487 3303 711 3373 quidem
754 3312 906 3359 vetat
949 3303 1196 3375 intelligi,
1240 3312 1373 3360 tunc
1416 3305 1765 3374 prmstantius
1814 3312 2069 3374 poterunt

481 3395 884 3464 comprehendi,
924 3396 1138 3467 quando
1176 3396 1228 3450 in
1277 3395 1564 3465 majestate
1603 3411 1698 3450 sua
1728 3394 2065 3450 divinitatem“

482 3490 722 3545 viderint
749 3491 1058 3561 quicunque
1099 3491 1244 3546 beati
1285 3499 1430 3545 sunt.
1457 3489 1628 3557 Quod
1670 3490 1762 3559 qui
1799 3489 2072 3544 desiderat

483 3580 696 3652 plenius
720 3595 1036 3653 agnoscere,
1067 3583 1243 3638 sancti
1262 3574 1475 3648 Hilarii,
1501 3582 1673 3638 Sancti
1716 3581 1986 3636 Ambrosii
2015 3591 2071 3635 et

482 3673 658 3727 sancti
675 3672 962 3744 Augustini
984 3673 1151 3730 libros
1168 3673 1344 3746 [Apud
1365 3671 1633 3739 Cassiod,
1653 3671 1820 3728 libros
1837 3672 2072 3727 Trinita-

486 3762 583 3834 tis]
629 3778 737 3818 non
789 3764 1004 3818 desinat
1040 3763 1308 3819 lectitare.
1354 3763 1478 3819 Haec
1505 3765 1649 3822 enim
1674 3779 1764 3819 res
1793 3765 1860 3819 ad
1892 3765 2072 3833 dispu—

485 3854 710 3908 tandum
738 3868 898 3922 quam
930 3859 1122 3925 magna
1157 3865 1267 3909 tam
1301 3854 1461 3925 longa
1499 3863 1600 3909 est.
1628 3847 1849 3910 Nam‘et
1879 3856 2070 3910 beatus

486 3943 850 4014 Hieronymus
874 3944 1136 4002 adversus
1163 3945 1448 4000 haereticos
1480 3947 1532 3999 in
1559 3946 1663 4001 hoc
1687 3946 1897 4016 psalmo
1920 3946 2073 4001 lucu-

482 4037 659 4096 lenter
681 4046 736 4092 et
765 4037 1006 4092 breviter
1031 4034 1098 4091 de
1129 4037 1394 4092 Trinitate
1416 4038 1692 4094 disseruit.

738 4127 874 4183 Item
894 4129 1034 4184 ideas
1061 4129 1264 4199 psaltria
1295 4131 1613 4200 sexagesimo
1641 4133 1829 4202 primo.

556 4219 633 4272 Ab
675 4219 788 4290 ipso
828 4221 966 4274 enim
991 4219 1224 4274 salutare
1247 4235 1418 4274 meum
1444 4216 1616 4292 (Psal.
1647 4237 1754 4286 LXI,
1799 4221 1872 4292 l),
1911 4221 1962 4276 id
1987 4229 2071 4276 est

485 4309 795 4381 unigenitus’
841 4309 1042 4375 Filius,
1093 4312 1184 4380 qui
1233 4320 1378 4367 recte
1421 4313 1768 4367 credentibus
1817 4313 2069 4369 salutaris

485 4402 700 4467 existit;
750 4404 818 4457 ab
849 4403 964 4471 ipso
1003 4403 1146 4456 enim
1195 4419 1315 4457 cum
1343 4404 1558 4468 dicitur,
1592 4403 1759 4459 Filius
1797 4405 2070 4474 signiﬁca-

485 4502 596 4546 tur.
645 4493 770 4548 Haec
813 4493 957 4547 enim
1001 4493 1220 4563 propria
1261 4510 1398 4549 unus
1425 4494 1566 4549 Deus
1601 4505 1789 4550 sancta
1831 4495 2069 4549 Trinitas

487 4583 672 4646 habet,
708 4583 851 4651 quod
877 4583 1040 4638 Pater
1067 4585 1424 4653 ingenitus,-F
1430 4586 1549 4640 ilius
1569 4587 1797 4657 genitus,
1831 4587 2065 4657 Spiritus

489 4682 706 4729 sanctus
731 4689 764 4730 a
789 4673 950 4730 Patre
971 4686 1026 4731 et
1060 4675 1196 4730 Filia
1226 4678 1468 4746 procedit
1500 4696 1511 4731 :
1544 4680 1647 4733 hoc
1676 4679 1808 4733 ildes
1827 4679 2056 4748 integra,

544 4825 1606 4848 νην-’Ἥ

1606 4975 2646 5102 τιωθιιυιινι

2177 1926 2366 1988 ambos
2391 1926 2552 1981 simul
2576 1925 2781 1995 aliquid
2809 1941 2932 1988 esse
2965 1926 3140 1996 majus
3169 1943 3332 1997 quam
3371 1928 3546 1986 solum
3592 1929 3766 2000 Spiri-

2177 2026 2290 2074 tum
2321 2027 2586 2084 sanctum,
2617 2026 2711 2076 aut
2734 2019 3003 2087 quoslibet
3036 2020 3172 2084 duos
3200 2021 3256 2078 in
3279 2022 3472 2084 eadem
3497 2023 3764 2085 Trinitate

2175 2109 2349 2178 majus
2384 2126 2506 2166 esse
2539 2111 2743 2184 aliquid
2784 2127 2945 2182 quam
2987 2128 3186 2180 unum,
3233 2124 3326 2180 aut
3369 2129 3558 2180 omnes
3593 2116 3759 2170 simul

2175 2211 2286 2258 tres
2337 2201 2512 2270 majus
2560 2203 2764 2272 aliquid
2807 2217 2927 2267 esse
2962 2219 3124 2274 quam
3161 2205 3420 2276 singulos.
3459 2205 3551 2268 Sic
3584 2208 3764 2276 perle-

2175 2301 2319 2348 ctam
2365 2300 2527 2366 atque
2571 2293 2900 2363 singularem
2941 2303 3192 2358 naturam
3233 2304 3434 2356 sanctae
3473 2297 3762 2364 Trinitatis

2174 2383 2405 2438 mirabili
2435 2384 2662 2450 veritate
2687 2386 3096 2450 demonstravit.

2175 2514 2498 2571 Prudentius
2535 2517 2590 2571 in
2632 2516 2766 2592 libro
2807 2528 2988 2592 contra
3012 2515 3386 2592 Marcionistas
3429 2518 3765 2592 (Harmar-th

2529 2589 2705 2658 genia,
2729 2605 2774 2642 υ.
2804 2587 2952 2657 931),
2975 2600 3139 2644 metro
3164 2589 3390 2644 heroico.

2242 2678 2288 2734 Ο
2319 2679 2427 2734 Dee
2453 2681 2860 2751 cunctiparens,
2891 2681 3086 2736 anima:
3112 2680 3290 2747 dator,
3320 2697 3353 2736 ο
3381 2681 3490 2737 Dee
3519 2681 3758 2746 Christe,

2242 2770 2409 2841 Cujus
2442 2773 2511 2827 ab
2537 2786 2635 2828 ore
2669 2773 2813 2828 Deus
2839 2774 3088 2828 subsistit
3116 2770 3354 2844 Spiritus
3379 2785 3564 2831 unus-

2171 2901 2309 2959 Item
2339 2901 2476 2960 idem
2497 2905 2553 2960 in
2575 2904 2706 2992 [illm
2732 2903 3079 2992 qumnorum.
3099 2903 3546 2992 (thhemerinon,
3569 2907 3762 2992 hymno

2622 2975 2678 3042 ϐ,
2701 2993 2748 3030 υ.
2773 2975 2852 3043 5),
2873 2988 3038 3032 metro
3062 2975 3309 3034 iambico.

2598 3091 2641 3147 Ο
2669 3090 2956 3160 Trinitatis
2984 3091 3146 3168 hujus

2529 3189 2622 3246 Vis
2653 3203 2782 3256 una,
2814 3187 2994 3260 iumen
3021 3204 3209 3258 unum,

2464 3293 2466 3295 ‘
2531 3280 2674 3342 Deus
2703 3295 2772 3334 ex
2795 3269 2905 3343 Deo
2934 3279 3192 3351 perennis
3215 3320 3232 3349 ,

2529 3371 2673 3434 Deus
2703 3387 2771 3428 ex
2800 3380 3030 3442 utroque
3059 3373 3274 3442 missus,
3548 3419 3566 3472 ε

2172 3507 2309 3563 Item
2336 3509 2475 3562 idem
2512 3508 2569 3562 in
2602 3491 2734 3563 libro
2775 3508 3105 3578 {Iguinorum
3145 3507 3359 3578 (hymno
3381 3505 3435 3570 ll,
3469 3524 3516 3561 υ.
3545 3490 3625 3575 ί),
3655 3519 3762 3562 mea

2244 3591 2324 3636 tro
2351 3581 2725 3647 choriambico,
2759 3577 2895 3651 quad
2933 3577 3331 3646 Asclepiadeum
3354 3578 3692 3644 nominatur.

2242 3671 2496 3725 Inventor
2526 3672 2673 3725 rutili
2704 3671 2812 3726 dux
2840 3671 2981 3725 bone
3007 3669 3254 3737 luminis,

2173 3762 2275 3830 Qui
2304 3764 2471 3819 certis
2503 3765 2712 3824 vicibus
2739 3771 2981 3834 tempore
3011 3763 3236 3830 dividis,

2173 3853 2350 3909 Merso
2373 3855 2486 3910 sole
2514 3855 2682 3909 chaos
2712 3855 2912 3930 ingruit
2941 3853 3218 3909 horridum
3237 3892 3254 3919 ,

2171 3944 2380 4000 Lumen
2411 3944 2574 3999 redde
2603 3942 2730 4008 tuis,
2764 3945 2997 4008 Christe,
3024 3943 3287 4002 fidelibus.

2247 4036 2436 4110 (Ibid.,
2463 4053 2508 4090 v.
2542 4036 2664 4108 157)
2691 4037 2795 4090 Per
2817 4036 3092 4093 Christum
3125 4037 3385 4110 genitum,
3417 4052 3624 4092 summe
3653 4035 3760 4093 Pa-

2172 4126 2230 4182 ln
2260 4142 2366 4198 quo
2394 4125 2623 4181 visibilis
2653 4129 2763 4181 stat
2792 4126 2886 4180 tibi
2918 4126 3118 4204 gloria,
3344 4128 3473 4202 [ter,
3509 4138 3680 4194 tuum,

2174 4217 2277 4284 Qui
2307 4225 2492 4272 noster
2515 4217 2795 4282 Dominus,
2826 4215 2916 4287 qui
2948 4227 3070 4272 tuus
3106 4217 3330 4285 Unicus,

2175 4307 2360 4382 Spirat
2383 4308 2451 4363 de
2484 4309 2663 4380 patrio
2689 4309 2853 4365 corde
2884 4306 3231 4368 Paraclitum.

2243 4399 2350 4456 Per
2377 4419 2535 4473 quem
2561 4403 2838 4472 splendor,
2867 4402 3057 4470 honor,
3086 4401 3225 4470 laus,
3260 4403 3544 4478 sapientia,

2175 4490 2444 4562 blajestas,
2475 4495 2708 4560 bonitas,
2741 4502 2795 4548 et
2821 4495 2995 4566 pietas
3021 4504 3109 4552 tua

2173 4586 2417 4657 Regnum
2441 4579 2722 4648 continuat
2750 4587 2966 4644 nomine
2992 4587 3212 4658 triplici,

2173 4677 2383 4732 Texens
2411 4677 2683 4748 perpetuis
2708 4669 2904 4733 saecula
2934 4677 3160 4752 saeculis.

1715 5184 2272 5252 AUBELIANENSIS
2309 5195 2527 5253 EPISC.

1055 5299 1792 5447 FRAGMENTA
1867 5359 2550 5451 SERMONUM
2629 5359 3186 5476 ALIQUOT.

563 5591 643 5648 Ad
671 5593 898 5655 virtutes
943 5585 1154 5650 difﬁcile
1203 5593 1615 5665 consurgimus,
1664 5590 1732 5646 ad
1774 5589 1905 5646 vitia
1953 5606 2070 5646 sme

492 5685 677 5737 labore
699 5681 1016 5737 delabimur.
1057 5683 1163 5739 Ista
1195 5687 1340 5741 enim
1371 5700 1543 5760 prona
1564 5725 1578 5750 ,
1609 5683 1698 5739 illa
1723 5683 1890 5737 ardua
1922 5691 2067 5738 sunt.

493 5768 740 5828 Grandes
764 5773 911 5828 enim
939 5773 1164 5830 sudores
1185 5777 1519 5847 perpetimur
1541 5785 1601 5832 ut
1628 5776 1696 5831 ad
1717 5774 1913 5830 coelum
1936 5789 2068 5830 con-

2176 5592 2435 5652 scendere
2476 5592 2773 5654 valeamus.
2862 5593 3324 5664 Quemadmodum
3380 5615 3447 5660 au
3495 5610 3749 5662 virtutum

2176 5683 2456 5738 tendentes
2503 5684 2716 5741 culmen
2765 5701 2873 5744 nou
2919 5701 2952 5741 a
2992 5689 3218 5744 summis
3267 5689 3557 5759 inchoant,
3607 5691 3751 5748 sed:

2174 5773 2423 5841 modicis,
2454 5783 2514 5830 ut
2542 5777 2743 5840 sensim
2773 5778 2843 5834 ad
2869 5775 3063 5834 altiora
3096 5780 3439 5862 pertingant;
3471 5783 3548 5844 ita
3582 5794 3634 5840 et
3659 5783 3751 5862 qui
