4046 6478
283 398 375 458 377

283 599 544 674 incipiunt,
576 591 670 650 sed
717 598 748 649 a
775 593 1004 650 modicis
1032 596 1350 646 assuescant
1371 629 1386 654 ,
1427 597 1484 644 et
1521 588 1602 643 sic
1640 588 1696 642 in
1722 601 1842 641 ma-

283 690 432 752 ximis
468 693 753 768 proruunt.
793 678 938 740 Nihil
973 683 1197 756 prodest
1233 680 1482 737 admixto
1514 679 1658 734 malo
1686 691 1847 748 agere

283 786 470 843 bonum
495 820 512 846 .
558 778 653 842 sed
677 778 834 852 prius
876 784 961 834 est
993 776 1354 848 cohibendum
1397 790 1430 830 a
1457 773 1622 840 male,
1650 772 1848 829 deinde

281 859 628 932 exercendum
672 856 896 928 bonum.
969 867 1087 924 Hoc
1137 867 1285 924 enim
1333 866 1540 922 indicat
1583 866 1848 936 propheta

279 980 391 1022 cum
413 961 539 1020 dicit
575 975 590 1015 :
636 957 899 1028 Quiescite
925 974 1083 1029 agere
1114 972 1369 1028 perverse,
1413 955 1597 1010 discite
1635 954 1849 1024 beneb-

279 1073 382 1119 eere
407 1053 535 1127 (Ita.
569 1069 608 1120 ι,
642 1033 751 1122 l6).
789 1037 945 1107 Prius
971 1050 1101 1105 vitia
1137 1049 1489 1119 exstirpanda
1513 1055 1639 1102 sunt
1666 1048 1719 1102 in
1749 1037 1847 1102 ho-

281 1145 434 1211 mine,
475 1142 667 1200 deinde
695 1141 997 1200 inserendas
1029 1140 1278 1196 virtutes.
1320 1137 1458 1194 Nam
1487 1138 1763 1194 cohaerere
1787 1145 1847 1192 ot

275 1229 516 1309 conjungi
555 1251 668 1292 non
714 1243 895 1314 potest
933 1233 1137 1290 veritas
1165 1247 1289 1288 cum
1320 1230 1628 1314 mendacio,
1671 1230 1849 1299 pudor

279 1345 390 1387 cum
435 1316 759 1400 petulantia,
812 1313 951 1386 fides
997 1342 1120 1382 eum
1172 1313 1422 1402 perfidia,
1467 1323 1697 1379 castitas
1719 1337 1847 1380 cum

275 1420 498 1477 luxuria.
536 1405 780 1480 Luxuria
810 1434 938 1476 vero
961 1419 1146 1476 carnis
1177 1419 1298 1473 ideo
1323 1415 1582 1472 notabilis
1611 1423 1698 1470 est
1730 1430 1849 1470 om-

272 1515 441 1580 nibus,
468 1514 726 1585 quoniam
769 1514 954 1570 statim
988 1527 1088 1586 per
1130 1527 1188 1567 se
1225 1511 1396 1583 turpis
1421 1519 1544 1567 est:
1579 1517 1636 1564 et
1667 1519 1847 1565 tamen

267 1595 523 1678 pensante
568 1604 714 1674 Deo,
746 1603 1000 1674 superbia
1029 1603 1210 1658 minor
1230 1611 1333 1658 est.
1376 1601 1484 1658 Sed
1521 1601 1614 1672 qui
1640 1600 1848 1656 detine-

268 1710 349 1756 tur
387 1699 645 1771 superbia
671 1707 726 1756 et
758 1713 866 1754 non
909 1697 1109 1761 sentit,
1159 1695 1362 1770 labitur
1402 1693 1582 1749 carnis
1611 1692 1842 1760 luxuria,

265 1801 317 1846 ut
347 1781 442 1862 pro
472 1789 583 1848 hac
626 1786 960 1854 humilietur,
1011 1794 1065 1842 et
1111 1800 1142 1839 a
1174 1783 1491 1840 confusione
1523 1791 1707 1854 surgat
1734 1790 1789 1837 et
1811 1799 1843 1838 a

1417 405 1422 410 ’
1451 377 1884 442 FBAGMEtVTA
1921 378 2334 439 SERMUI.
2665 433 2668 436 .

285 505 572 567 dilabuntur
599 498 668 558 ad
699 496 832 558 vitia
858 512 967 558 non
1001 496 1186 554 statim
1221 509 1256 552 a
1288 493 1501 568 magnis
1526 492 1846 549 criminibus
1867 495 1922 557 Α
1950 491 2178 559 Quando
2201 505 2332 563 ergo
2353 489 2588 560 impulsu
2623 491 2929 548 dmmonum
2945 497 3106 548 meus
3123 493 3194 548 ad
3221 493 3534 548 ddectatio-

3427 377 3532 436 ΥΒ

1943 599 2073 641 nem
2099 582 2473 640 fornicationis
2501 581 2820 653 impellitur,
2856 583 3027 640 divini
3055 581 3248 652 iudicii
3278 585 3449 640 etiam
3473 592 3535 640 et

1945 676 2137 732 aeterni
2168 681 2439 731 tormenta
2480 673 2713 730 incendii
2741 683 2870 732 ante
2896 673 3091 730 oculos
3117 681 3529 744 proponantur:

1944 768 2076 838 quia
2103 767 2358 823 nimirum
2392 767 2570 823 omnis
2591 780 2753 838 ptena
2778 766 3095 824 tentatiouis
3113 765 3386 838 gravioris
3407 780 3535 838 sup—

1945 859 2098 932 plicii
2145 858 2433 915 formidine
2478 868 2793 926 coercetur;
2840 857 3147 916 recordatio
3187 857 3402 914 ardoris
3435 873 3536 930 ge-

1949 951 2144 1008 hennae
2168 951 2418 1007 ardorem
2441 950 2678 1008 excludit
2703 950 2952 1008 hilarius.
2989 948 3040 1005 Α
3070 949 3184 1005 Deo
3209 949 3376 1005 datur
3401 962 3535 1005 eonv-

1950 1042 2202 1109 tinentia,
2227 1043 2319 1099 sed
2347 1044 2517 1113 petite
2542 1050 2596 1100 et
2616 1042 2912 1113 accipietis.
2950 1041 3102 1099 Tunc
3130 1049 3316 1098 autem
3341 1041 3538 1097 tribui--

1949 1143 2058 1200 tur,
2086 1136 2303 1205 quando
2325 1137 2471 1190 Deus
2499 1136 2708 1207 gemitu
2731 1135 2944 1191 interno
2967 1133 3232 1204 pulsatur.
3285 1132 3535 1190 Amantia

1949 1234 2038 1280 est
2077 1224 2427 1295 pulchritudo
2455 1226 2730 1282 castitatis
2747 1267 2762 1292 ,
2796 1225 2954 1295 citius
2985 1233 3206 1297 gustata
3245 1224 3536 1282 delectatio

1949 1316 2162 1372 dulcior
2211 1317 2486 1372 invenitur
2528 1333 2692 1386 quam
2726 1319 2934 1376 carnis.
2973 1317 3211 1375 Castitas
3236 1318 3382 1376 enim
3419 1317 3535 1373 frus

1951 1418 2073 1464 ctus
2101 1408 2384 1465 suavitatis
2405 1418 2511 1475 est,
2533 1409 2885 1480 pulchritudo
2908 1410 3170 1466 inviolata
3197 1419 3534 1475 sanctorum»

1951 1502 2159 1557 sanitas
2179 1502 2443 1572 corporis,
2477 1501 2744 1558 securitas
2775 1502 2994 1558 mentis.
3035 1502 3172 1558 Nam
3193 1503 3287 1573 qui
3316 1517 3381 1559 se
3407 1511 3540 1557 eon-

1952 1594 2237 1649 tinentiam
2274 1593 2476 1650 habere
2515 1593 2777 1660 confidit,
2819 1602 2876 1654 et
2893 1595 2966 1650 ab
2989 1594 3108 1651 aliis
3135 1595 3369 1651 terrenis
3393 1595 3540 1652 desi-

1949 1685 2118 1740 deriis
2143 1700 2204 1742 se
2239 1701 2345 1741 non
2389 1686 2694 1753 subtrahit,
2733 1687 2986 1757 quamvis
3003 1688 3154 1744 hunc
3181 1687 3399 1744 luxuria
3425 1699 3542 1744 ωδ

1952 1776 2039 1832 nis
2063 1791 2170 1832 non
2197 1777 2436 1846 polluat,
2486 1778 2698 1835 diversa
2726 1787 2911 1836 tamen
2931 1779 3222 1836 mundanae
3249 1793 3541 1837 conversa:-

265 1859 528 1953 superbia.
580 1878 770 1938 Omnis
811 1893 1042 1950 peccans
1077 1879 1342 1949 superbus
1368 1888 1474 1943 est,
1499 1892 1566 1932 eo
1593 1878 1738 1948 quod
1765 1877 1846 1933 fa-

1953 1870 2118 1926 tionis
2142 1872 2394 1942 operatio
2418 1873 2677 1929 maculat.
2715 1873 2891 1930 Omne
2928 1882 3108 1929 tamen
3132 1882 3416 1944 peccatum
3441 1881 3543 1943 per

261 1973 443 2032 ciendo
468 1963 644 2032 vetita
665 2013 705 2037 .,
731 1971 1083 2040 contemptim
1115 1970 1312 2024 habeat
1342 1965 1523 2036 divina
1550 1961 1842 2040 praecepta.

261 2062 417 2122 Recte
461 2079 602 2137 ergo
645 2061 862 2126 initium
919 2062 1096 2118 omnis
1138 2062 1349 2140 peccati
1385 2061 1668 2137 superbia,
1717 2061 1846 2132 quia

257 2153 355 2210 nisi
427 2142 780 2224 praeessent
853 2153 1231 2210 mandatorum
1304 2150 1400 2208 Dei
1457 2151 1843 2222 inobedientia,

259 2233 710 2315 transgressionis
735 2229 844 2298 non
883 2231 1130 2314 Sequitur
1169 2241 1346 2312 culpa.
1413 2240 1679 2320 Superbia
1708 2243 1849 2302 sicut

258 2334 404 2406 origo
431 2343 517 2390 est
569 2321 812 2393 omnium
853 2334 1142 2392 criminum
1171 2374 1185 2401 ,
1231 2333 1305 2408 ita
1348 2333 1502 2388 ruina
1530 2343 1847 2390 cunctarum

252 2423 527 2480 virtutum.
581 2425 700 2497 Ipsa
745 2433 828 2479 est
876 2425 1022 2480 enim
1064 2425 1117 2480 in
1161 2432 1384 2498 peccato
1407 2426 1610 2496 prima,
1644 2426 1760 2498 ipsa
1791 2424 1848 2480 in

255 2513 500 2572 conflictu
544 2515 851 2588 postrema.
891 2511 1020 2571 Haec
1055 2516 1199 2571 enim
1235 2501 1328 2571 aut
1357 2516 1412 2572 in
1438 2501 1660 2574 exordio
1690 2532 1845 2576 men-

254 2590 360 2664 tem
385 2602 486 2684 per
515 2602 815 2680 peccatum
841 2609 1166 2680 prosternit,
1200 2617 1294 2668 aut
1319 2603 1608 2664 novissime
1643 2609 1710 2663 de
1744 2609 1849 2664 vir-

255 2690 454 2756 tutibus
484 2689 701 2770 dejicit.
741 2689 873 2758 inde
899 2685 953 2756 et
977 2700 1220 2756 omnium
1246 2708 1594 2772 peccatorum
1623 2707 1707 2756 est
1734 2715 1850 2758 ma-

258 2786 434 2855 xima,
462 2781 601 2861 quia
633 2778 743 2844 tam
779 2804 878 2861 per
914 2778 1145 2845 virtutes
1179 2806 1342 2860 quam
1375 2806 1475 2864 per
1506 2791 1640 2848 vitia
1665 2792 1850 2848 buma-

252 2881 373 2939 nam
419 2867 676 2936 mentem
716 2879 1075 2947 exterminat;
1127 2897 1195 2936 ex
1240 2869 1400 2952 culpa
1447 2884 1713 2956 Superbia:
1735 2883 1848 2956 ple-

251 2967 482 3044 rumque
515 2987 578 3028 in
629 2969 1045 3026 abominandam
1083 2967 1265 3030 carnis
1287 2973 1683 3052 immunditiam
1714 2974 1844 3052 itur,

247 3052 372 3118 nam
395 3061 638 3120 alterum
665 3060 866 3137 pendet
894 3079 958 3119 ex
989 3058 1177 3120 altero.
1220 3049 1330 3122 Sed
1360 3065 1502 3146 sicut
1532 3079 1628 3135 per
1655 3049 1846 3136 super?

1949 1963 2326 2033 paenitentiam
2351 1964 2547 2034 recipit
2570 1964 2813 2023 vulneris
2849 1965 3162 2021 sanitatem.
3220 1964 3338 2020 Non
3362 1973 3545 2036 potest

1949 2055 2237 2125 quisquam
2265 2056 2533 2126 spiritalia
2560 2057 2699 2114 bella
2726 2059 2982 2124 transire,
3005 2058 3112 2114 nisi
3131 2059 3288 2128 prius
3311 2059 3540 2115 edoma-

1951 2146 2094 2201 verit
2122 2146 2378 2204 ardorem
2419 2148 2754 2218 cupiditatis.
2816 2147 2936 2206 Non
2979 2157 3160 2220 potest
3193 2150 3262 2204 ad
3295 2156 3543 2206 eontem-

1948 2237 2204 2310 plandum
2243 2238 2410 2294 Deum
2450 2254 2605 2296 mens
2639 2254 2765 2296 esse
2786 2239 2974 2303 libera,
3006 2255 3129 2310 qum
3155 2238 3544 2310 cupiditatibus

1950 2329 2112 2400 hujus
2135 2331 2320 2387 mundi
2346 2331 2629 2390 incumbit.
2675 2332 2836 2390 Omni
2865 2341 3096 2404 peccato
3117 2332 3278 2404 pejor
3293 2340 3384 2390 est
3408 2348 3542 2388 avs-

1950 2422 2098 2488 ritia,
2123 2433 2179 2478 et
2200 2438 2355 2478 amor
2377 2424 2752 2494 pecuniarum.
2795 2422 2953 2481 Unde
2975 2432 3036 2482 et
3067 2433 3171 2497 per
3194 2423 3542 2480 Salom'onem

1951 2515 2184 2571 dicitur:
2221 2514 2374 2570 Nihil
2422 2525 2498 2570 est
2539 2515 2807 2573 scelestius
2842 2527 3008 2588 quam
3048 2525 3230 2572 tentare
3263 2515 3543 2587 pecuniam

1953 2605 2145 2680 (Eccli.
2173 2624 2229 2674 ι,
2257 2608 2382 2681 10);
2422 2609 2692 2683 cupiditas
2711 2615 2965 2666 omnium
2995 2608 3288 2666 criminum
3313 2607 3544 2664 materia

1951 2708 2055 2754 est.
2096 2697 2249 2755 Unde
2273 2707 2331 2756 et
2353 2699 2646 2769 Apostolus
2671 2699 2784 2757 ait:
2814 2699 2992 2756 Radix
3023 2699 3260 2756 omnium
3277 2698 3543 2754 maiorum

1951 2798 2026 2845 est
2052 2789 2314 2860 cupiditas
2355 2788 2410 2861 (Ι
2435 2789 2570 2845 Tim.
2596 2807 2673 2858 vr,
2724 2790 2836 2862 10).
2891 2789 2951 2846 Si
2978 2805 3110 2863 ergo
3134 2791 3434 2847 succiditur
3453 2805 3543 2845 ras

1952 2879 2044 2936 dix
2067 2880 2358 2936 criminum
2377 2917 2391 2945 ,
2429 2895 2541 2937 non
2579 2880 2848 2952 pullulant
2871 2889 3087 2938 cantem
3109 2881 3325 2938 soboles
3348 2897 3545 2954 pecca-

1949 2979 2152 3028 torum.
2194 2970 2474 3042 Cupiditas
2512 2971 2660 3027 enim
2691 2971 2972 3028 Christum
3007 2972 3276 3039 vendidit,
3303 2972 3547 3027 vendidit

1949 3061 2152 3128 vitam,
2198 3063 2536 3132 comparavit
2565 3071 2795 3121 mortem
2833 3078 2847 3119 :
2884 3078 2989 3120 nec
3011 3063 3235 3130 mirum,
3269 3065 3398 3134 quia
3425 3071 3543 3120 mo»

245 3149 391 3210 biant
420 3154 632 3210 mentis
662 3151 771 3208 itur
799 3152 854 3209 in
883 3149 1320 3227 prostitutionem
1352 3153 1624 3222 libidinis,
1653 3156 1727 3211 ita
1748 3171 1847 3228 per
1887 3223 1918 3228 _
1952 3153 2156 3210 rientes
2209 3153 2406 3211 inferni
2457 3154 2674 3224 ignibus
2726 3157 3057 3228 deputantur
3079 3187 3096 3222 -,
3151 3157 3246 3226 qui
3297 3157 3546 3212 viventes

246 3241 623 3305 humilitatem
667 3223 1058 3306 mentisVsalva
1097 3250 1159 3305 ﬁt
1197 3251 1421 3308 castitas
1463 3251 1661 3306 carnis.
1704 3223 1848 3309 Deus
1875 3223 1920 3288 θ
1951 3245 2227 3302 flammam
2265 3223 2579 3317 cupiditatis
2621 3264 2735 3306 sum
2784 3223 2893 3306 non
2939 3223 3342 3306 exstinxerunt.
3402 3247 3546 3305 Utile

245 3338 432 3419 autem
473 3337 872 3410 nonnunquam
904 3335 1089 3419 dejicit
1127 3340 1397 3419 occultam
1430 3342 1628 3398 mentis
1666 3357 1850 3413 super-

243 3415 394 3484 biam
424 3415 535 3503 per
560 3425 744 3488 carnis
774 3415 1118 3486 manifestam
1145 3417 1376 3488 ruinam.
1408 3421 1671 3488 Libidinis
1699 3433 1850 3489 nasci

241 3515 662 3602 immunditiam
708 3521 775 3577 de
814 3517 983 3577 animi
1033 3517 1245 3578 occulta
1289 3516 1563 3596 superbia,
1603 3523 1852 3594 exemplo

237 3611 410 3684 primi
439 3611 690 3670 hominis
714 3611 992 3686 aperitur;
1031 3609 1124 3688 qui
1165 3633 1291 3673 mox
1325 3627 1385 3673 ut
1410 3635 1508 3691 per
1544 3619 1854 3690 superbiam

238 3707 443 3763 contra
481 3705 657 3760 Deum
690 3708 909 3774 tumuit,
939 3711 1126 3764 statim
1150 3710 1333 3766 carnis
1354 3694 1634 3766 libidinem
1661 3712 1851 3778 sensit,

239 3803 296 3852 et
347 3796 622 3870 pudenda
678 3798 910 3868 operuit.
1000 3791 1398 3878 Nonnunquam
1448 3801 1664 3872 gemino
1720 3801 1852 3878 vitio

244 3884 613 3944 Christianus
659 3879 691 3948 ἆ
733 3881 947 3944 diabolo
973 3873 1265 3960 appetitur,
1290 3899 1346 3951 et
1371 3891 1585 3947 occulto
1617 3905 1716 3961 per
1741 3873 1852 3948 ela-

238 3975 493 4045 tionem,
544 3972 603 4056 et
645 3973 863 4048 publico
904 3996 1003 4051 per
1030 3977 1340 4048 libidinem;
1386 3983 1480 4039 sed
1521 3983 1616 4038 Dei
1661 3999 1851 4040 servus

245 4065 489 4128 discrete
518 4065 818 4146 utrumque
860 4076 1094 4146 pensans
1143 4074 1222 4129 sic
1259 4064 1414 4130 cavet
1457 4075 1766 4143 libidinem,
1790 4085 1852 4132 ut

245 4161 357 4219 non
387 4159 649 4220 incurrat
694 4157 1004 4236 elationem,
1039 4175 1094 4222 et
1135 4165 1216 4222 sic
1245 4168 1426 4223 tremit
1451 4154 1758 4238 elationem,
1791 4182 1850 4228 ut

217 4260 354 4308 'non
385 4251 638 4310 resolvat
684 4254 926 4309 animum
968 4252 1034 4310 ad
1065 4247 1363 4312 libidinem.
1415 4257 1732 4324 Luxuriosis
1770 4269 1850 4316 at-

244 4361 348 4417 que
374 4344 643 4419 superbis
673 4345 944 4402 daemones
972 4345 1095 4417 plus
1119 4347 1356 4404 fautores
1385 4335 1656 4416 existunt,
1697 4353 1851 4407 dum—
1903 4352 1912 4359 ’

250 4452 355 4508 que
373 4440 434 4496 in
463 4438 693 4502 ceteris
715 4431 863 4509 vitiis
882 4439 1107 4509 spiritus
1137 4439 1360 4512 maligni
1389 4441 1698 4498 deserviunt
1721 4483 1735 4508 ,
1763 4443 1849 4498 his

251 4537 436 4590 tamen
490 4529 696 4599 majori
746 4528 1116 4608 familiaritate
1151 4531 1476 4603 junguntur,
1528 4533 1716 4604 eisque
1735 4548 1850 4589 am-

248 4619 390 4712 plius
409 4620 580 4691 juxta
613 4609 942 4712 desiderium
969 4611 1319 4712 nutriuntur.
1351 4623 1737 4706 Principaliter
1765 4619 1851 4683 his

247 4711 462 4773 duobus
514 4710 673 4773 vitiis
718 4707 964 4798 diabolus
1006 4707 1246 4798 humano
1287 4720 1476 4791 generi
1516 4721 1847 4796 dominatur,

249 4805 302 4861 id
332 4803 440 4877 est,
473 4806 582 4888 per
629 4793 937 4880 Superbiam
988 4793 1187 4866 mentis
1231 4818 1286 4867 et
1331 4811 1601 4868 luxuriam
1647 4793 1848 4870 carnis.

247 4894 402 4955 Unde
432 4887 498 4975 et.
521 4887 791 4972 Dominus
813 4899 881 4954 ad
906 4897 1007 4955 Job
1029 4900 1270 4970 loquitur
1293 4904 1360 4957 de
1389 4901 1602 4958 diabolo
1631 4901 1848 4961 dicens:

247 4987 359 5045 Sub
384 4985 588 5048 umbris
613 4989 832 5060 dormit,
858 4993 913 5047 in
932 5003 1127 5050 secreto
1151 4992 1365 5062 calami,
1395 4996 1451 5050 in
1476 4995 1603 5050 locis
1628 4996 1849 5054 humen-

245 5079 382 5138 tibus
414 5081 546 5157 (Job
579 5087 676 5160 XL,
705 5075 829 5156 16);
858 5100 956 5156 per
986 5085 1255 5142 calamum
1278 5087 1419 5144 enim
1452 5088 1630 5144 inanis
1657 5103 1849 5160 super-

244 5170 353 5239 bia,
382 5171 487 5246 per
518 5175 646 5232 loca
668 5170 945 5232 humentia
966 5178 1147 5232 carnis
1168 5178 1572 5236 demonstratur
1600 5181 1848 5249 luxuria;

245 5269 348 5337 per
379 5265 504 5325 haec
536 5268 689 5344 enim
718 5270 823 5328 duo
851 5270 979 5325 vitia
1009 5270 1253 5327 diabolus
1285 5256 1581 5329 humanum
1612 5276 1851 5348 possidet

245 5359 450 5436 genas,
507 5351 602 5415 tet
656 5351 782 5434 dum
830 5369 1066 5418 mentem
1111 5363 1165 5416 in
1200 5351 1504 5432 superbiam
1545 5365 1736 5434 erigit,
1767 5365 1853 5421 vel

248 5437 376 5504 dum
427 5443 536 5524 per
589 5445 861 5505 luxuriam
901 5465 1137 5507 .carnem
1187 5453 1506 5523 corrumpit.
1571 5454 1653 5509 Ex
1689 5456 1853 5511 corde

245 5539 393 5594 enim
424 5537 677 5611 primum
708 5539 1094 5598 fornicationes
1130 5535 1255 5597 sunt
1296 5533 1632 5610 auferendae,
1663 5553 1722 5598 ut
1745 5560 1852 5603 non

245 5631 630 5706 prorumpam
656 5631 708 5689 in
739 5651 924 5707 opere.
966 5631 1102 5691 Hinc
1125 5643 1210 5691 est
1239 5636 1382 5707 quod
1410 5653 1507 5708 per
1533 5639 1850 5710 prophetam

246 5723 494 5797 dicitur:
531 5726 804 5801 Accingite
839 5715 1040 5784 lumbos
1070 5738 1265 5785 vestros
1301 5746 1460 5801 super
1491 5731 1650 5786 ubera
1682 5742 1850 5788 vestra

246 5809 393 5890 (lin.
426 5813 617 5892 sint,
645 5813 770 5896 ll);
798 5815 902 5881 hoc
930 5813 1097 5878 estin
1124 5822 1286 5880 corde
1315 5821 1565 5882 libidines
1586 5833 1844 5886 resecate.

1951 3345 2038 3395 est
2065 3353 2258 3394 cavere
2282 3338 2462 3409 gulam
2483 3339 2840 3410 ciborumque
2861 3340 3378 3410 concupiscentiam.
3401 3339 3544 3408 Quid

1950 3430 2096 3486 enim
2123 3438 2233 3487 tam
2262 3431 2484 3487 noxium
2525 3446 2690 3502 quam
2724 3439 2785 3487 ut
2819 3431 3034 3488 animus
3063 3432 3267 3488 serviat
3290 3432 3468 3488 ventri
3490 3438 3548 3486 et

1954 3521 2116 3587 escis,
2145 3536 2266 3591 qua:
2286 3529 2413 3578 sunt
2439 3522 2791 3589 destruenda,
2827 3530 3060 3580 testante
3088 3522 3345 3594 Apostolo
3367 3540 3381 3577 :
3403 3521 3545 3578 Deut

1955 3621 2129 3668 autem
2167 3622 2216 3666 et
2257 3614 2394 3669 hunc
2436 3622 2486 3666 et
2523 3615 2634 3668 ltwc
2663 3613 2893 3670 destruet
2922 3614 2975 3686 (Ι
2999 3613 3123 3692 (ἔρι’.
3155 3631 3231 3682 vr,
3260 3613 3368 3687 15).
3423 3613 3544 3669 Non

1955 3704 2025 3758 ad
2055 3703 2323 3761 luxuriam
2351 3720 2456 3761 nec
2474 3707 2544 3762 ad
2579 3705 2918 3774 satietatem,
2965 3705 3062 3764 sed
3091 3707 3464 3762 tantummodo
3485 3714 3549 3762 ut

1954 3809 2152 3865 corpus
2181 3804 2514 3852 sustentetur
2543 3798 2612 3854 ad
2637 3813 2774 3869 opus
2794 3798 2924 3866 Dei,
2958 3797 3132 3870 epulis
3153 3805 3237 3854 est
3258 3798 3539 3854 utendum.

1956 3887 2111 3944 Sicut
2142 3889 2289 3944 enim
2323 3904 2515 3945 omnes
2554 3890 2800 3948 carnales
2841 3891 3166 3962 cupiditates
3211 3891 3544 3947 abstinentia

1953 3989 2292 4049 resecantur,
2334 3983 2408 4038 ita
2438 3999 2628 4040 omnes
2661 3986 2859 4041 animae
2888 3985 3117 4041 virtutes
3149 3983 3435 4040 edacitatis
3458 3984 3542 4038 vi-

1951 4075 2029 4130 tio
2053 4073 2428 4136 destruuntur.
2469 4076 2657 4149 Neque
2697 4081 2843 4136 enim
2863 4087 3044 4150 potest
3073 4079 3345 4149 quispiam
3373 4078 3548 4132 virtu-

1953 4173 2066 4220 tum
2110 4166 2502 4237 perfectionem
2549 4170 2838 4240 attingere,
2881 4171 2988 4226 nisi
3026 4171 3176 4242 prius
3211 4167 3550 4225 edomaverit

1952 4258 2161 4314 ventris
2207 4260 2518 4331 ingluviem.
2576 4260 2747 4318 Nemo
2791 4270 2973 4333 potest
3019 4261 3286 4317 dominari
3333 4259 3547 4315 caeteris

1952 4348 2123 4415 vitiis,
2155 4351 2256 4406 nisi
2288 4352 2440 4422 prius
2464 4353 2808 4408 restrinxerit
2823 4355 3011 4409 vitium
3040 4353 3197 4426 gulae.
3229 4353 3346 4409 Non
3366 4362 3549 4424 potest

1953 4441 2238 4512 quisquam
2287 4458 2322 4497 a
2359 4445 2649 4515 semetipso
2675 4445 2835 4502 facile
2874 4447 3098 4518 spiritus
3123 4447 3432 4503 immundos
3452 4461 3548 4503 ex-

1951 4533 2173 4604 pellere,
2206 4535 2310 4592 nisi
2336 4551 2437 4606 per
2468 4537 2853 4594 abstinentiam
2881 4539 3038 4611 gulae.
3101 4539 3255 4596 Tunc
3274 4541 3420 4596 enim
3450 4540 3547 4596 lto-

1958 4639 2070 4685 stes
2101 4629 2194 4698 qui
2236 4639 2392 4686 extra
2440 4643 2540 4687 nos
2569 4639 2695 4687 sunt
2736 4647 2767 4686 a
2793 4633 2949 4688 nobis
2977 4631 3172 4688 fortius
3194 4642 3543 4706 superantur,

1957 4737 2081 4777 eum
2113 4721 2267 4792 prius
2301 4737 2422 4791 qum
2452 4721 2594 4777 intra
2624 4738 2726 4778 nos
2765 4731 2890 4778 sunt
2937 4723 3069 4779 vitia
3107 4725 3542 4793 exstinguuntur.

1957 4809 2094 4864 Nam
2120 4809 2324 4866 frustra
2364 4810 2500 4868 foris
2535 4813 2650 4882 agit
2689 4813 2905 4877 bellum,
2935 4814 3028 4882 qui
3053 4814 3198 4871 intus
3221 4814 3384 4870 habet
3407 4817 3547 4886 peri-

1956 4901 2158 4956 culum.
2222 4900 2374 4957 Escae
2422 4902 2731 4972 crapulam,
2761 4911 2921 4974 potus
2945 4904 3265 4961 ebrietatem
3297 4911 3540 4975 generat.

1957 4994 2208 5051 Ebrietas
2232 5003 2414 5050 autem
2443 4995 2907 5064 perturbationem
2944 4996 3117 5068 gignit
3143 4998 3358 5060 mentis,
3391 4995 3543 5051 furo-

1957 5101 2073 5142 rem
2100 5087 2301 5153 cordis,
2334 5085 2604 5141 flammam
2634 5087 2892 5145 libidinis.
2924 5088 3174 5146 Ebrietas
3198 5091 3273 5144 ita
3304 5093 3542 5142 mentem

1958 5179 2189 5245 alienat,
2237 5188 2298 5234 ut
2346 5179 2438 5235 ubi
2469 5180 2543 5236 sit
2584 5181 2810 5237 nesciat.
2853 5182 3005 5238 Unde
3039 5183 3173 5238 etin
3199 5177 3541 5243 Proverbiis,

1958 5269 2227 5336 Potentes,
2259 5269 2453 5340 inquit,
2478 5271 2724 5327 iracundi
2745 5281 2901 5328 sunt:
2925 5272 3102 5327 vinum
3125 5283 3229 5324 non
3254 5267 3453 5333 bibant,
3479 5281 3542 5322 ne

1956 5380 2077 5420 cum
2097 5363 2336 5432 biberint,
2356 5363 2730 5422 obliviscantur
2748 5367 3058 5438 sapientiam
3086 5362 3269 5436 (Prov.
3287 5378 3438 5430 xui,
3463 5364 3539 5435 5).

1955 5455 2240 5527 Plerisque
2269 5456 2390 5514 laus
2424 5467 2509 5515 est
2550 5459 2779 5514 multum
2821 5457 3007 5516 bibere
3035 5463 3092 5512 et
3119 5471 3226 5512 non
3264 5456 3538 5513 inebriari.

1956 5547 2198 5604 Audiant
2239 5549 2294 5605 hi
2333 5551 2622 5607 adversum
2651 5564 2712 5605 se
2756 5548 3076 5618 prophetam
3101 5548 3407 5605 dicentem:
3447 5546 3535 5602 Vw

1953 5643 2047 5714 qui
2077 5652 2308 5714 potentes
2328 5645 2452 5699 estis
2476 5642 2545 5697 ad
2569 5640 2845 5696 bibendum
2867 5640 3064 5707 viuum,
3092 5651 3140 5697 et
3162 5642 3257 5696 viri
3285 5641 3446 5710 fortes
3471 5636 3542 5692 ad

1955 5735 2278 5790 miscendam
2298 5735 2600 5789 ebrietatem
2623 5731 2760 5798 (Isa.
2787 5746 2844 5800 ν,
2872 5731 2984 5805 22).
3029 5734 3166 5790 Viuo
3191 5732 3362 5788 multo
3393 5728 3542 5784 dedi-

1954 5832 2058 5890 tos,
2092 5835 2148 5882 et
2175 5825 2451 5882 luxuriose
2489 5823 2760 5888 viventes,
2791 5822 2958 5881 Isaias
2991 5824 3071 5880 sic
3097 5823 3276 5894 arguit
3303 5819 3490 5876 dicens
3521 5833 3538 5872 ε
