4046 6446
338 1548 481 1677 ὢ

513 352 618 409 279

1531 320 1922 414 renonum
1959 355 2517 416 AURELIANENSIS
2543 360 2765 418 sense.

3674 371 3778 430 280

525 471 614 526 Va:
651 487 741 542 qui
783 469 1095 541 consumitis
1135 485 1291 524 mane
1307 470 1385 524 ad
1425 469 1725 526 ebrietatem
1764 471 2093 538 sectandam,
2120 477 2177 536 Α
2197 485 2556 547 praeoccupat.
2606 475 2876 533 Contuere
2911 476 3255 537 Salomonem
3278 497 3376 553 per
3397 485 3566 539 otium
3597 489 3786 546 multis

510 579 561 622 et
605 567 895 638 potandum
929 583 1090 639 usque
1116 567 1208 621 ad
1252 585 1537 639 vesperam,
1587 579 1644 622 ut
1697 571 1814 624 vino
1860 570 2092 624 atstuetis

513 660 671 733 (lsai.
710 676 768 726 v,
814 659 923 731 il).
974 659 1051 716 De
1092 659 1294 716 talibus
1323 659 1522 716 alio‘in
1566 660 1684 716 loco
1722 662 1962 716 dicitur:
2000 659 2094 715 νω

493 754 626 818 tibi,
668 752 872 817 civitas,
899 753 1053 823 cujus
1098 768 1190 808 rea:
1213 753 1416 821 iuvenis
1451 761 1549 817 est,
1579 762 1626 806 et
1655 752 1806 822 cujus
1835 752 2094 823 principes

494 859 666 898 mane
706 843 982 898 comedunt
1014 843 1205 915 (Eccli.
1235 859 1294 910 χ,
1327 843 1435 917 16).
1496 843 1644 898 Multi
1675 845 1840 900 etiam
1875 860 1906 899 a
1935 859 2096 899 mane

507 952 680 1008 usque
706 937 774 992 ad
797 937 927 993 solis
957 937 1270 992 occubitum
1300 935 1549 992 ebrietati
1589 942 1646 989 et
1685 934 1822 1006 gulae
1847 935 2096 1004 volupta-

496 1031 964 1097 tibus'serviunt,
1021 1045 1122 1086 nec
1169 1029 1479 1100 intelligunt
1519 1044 1619 1084 cur
1663 1028 1777 1082 nati
1807 1035 1968 1092 sunt,
2001 1027 2096 1082 sed

509 1123 904 1180 consuetudine
932 1123 1172 1179 belluina
1211 1121 1417 1178 detenti
1436 1163 1451 1189 ,
1486 1121 1716 1176 luxuriae
1738 1128 1949 1176 tantum
1980 1127 2095 1175 tota

508 1215 596 1272 die
623 1207 906 1287 epulisque
936 1215 1254 1270 inserviunt.
1317 1212 1528 1269 Clamat
1565 1210 1682 1267 Joel
1717 1212 1979 1282 propheta
2007 1211 2095 1266 his

509 1309 602 1379 qui
626 1309 876 1364 ebrietati
913 1308 1188 1373 serviunt,
1237 1307 1461 1362 dicens:
1499 1304 1934 1376 Expergiscimini
1964 1302 2096 1356 ebrii

505 1409 555 1455 ot
583 1400 702 1472 ﬂete
723 1443 738 1468 ,
783 1410 832 1456 et
868 1401 1070 1455 ululate
1100 1416 1278 1454 omnes
1313 1399 1404 1470 qui
1433 1397 1606 1452 bibitis
1632 1398 1810 1452 vinum
1834 1395 1890 1448 in
1916 1394 2098 1448 dulce-

507 1490 630 1546 dine
679 1489 838 1564 (Joel.
870 1506 910 1557 ι,
937 1490 1015 1563 5).
1095 1489 1338 1546 Sollicite
1381 1488 1545 1559 igitur
1594 1503 1718 1543 cum
1766 1485 2097 1542 discretione

505 1582 833 1637 moderanda
887 1589 971 1638 est
1018 1581 1200 1637 carnis
1247 1595 1413 1644 cura,
1463 1593 1530 1633 ne
1569 1577 1697 1649 quid
1734 1577 1938 1631 nimis:
1970 1590 2096 1630 nam

504 1673 766 1744 quidquid
810 1674 974 1729 nimis
1015 1680 1073 1730 et
1117 1673 1258 1728 ultra
1302 1673 1524 1727 modum
1564 1678 1684 1736 est,
1728 1669 2097 1741 perniciosum

502 1773 617 1831 est;
653 1763 915 1836 quidquid
939 1762 1122 1821 autem
1145 1781 1267 1821 cum
1297 1765 1457 1820 modo
1484 1773 1539 1819 et
1568 1769 1994 1833 temperamento
2014 1760 2096 1828 tit,

2198 569 2644 625 fomicationibus
2677 570 2976 626 involutum
3001 612 3017 637 ,
3066 580 3121 626 et
3154 587 3253 644 per
3292 573 3667 634 fornicationis
3701 583 3784 636 vi-

2183 661 2333 716 tium
2360 677 2530 731 usque
2559 663 2613 716 in
2639 663 2996 718 idololatriam
3025 665 3256 736 lapsum.
3311 668 3377 722 Hi
3403 686 3533 724 vero
3554 657 3650 742 qui
3686 691 3786 744 pro

2199 754 2296 809 Dei
2328 757 2523 809 timore
2545 755 2744 810 szeculo
2771 750 3106 823 renuntiant,
3140 769 3194 814 et
3214 767 3399 816 tamen
3427 768 3573 817 euris
3602 780 3786 822 rerum

2199 845 2537 901 satcularium
2575 847 2946 917 implicantur,
3015 861 3216 920 quanto
3257 867 3317 907 se
3361 869 3541 909 rerum
3593 860 3789 916 studiis

2198 936 2502 1006 implicant,
2530 944 2686 992 tanto
2720 953 2779 993 se
2805 939 3000 995 divinae
3027 941 3350 999 subtrahunt
3374 946 3650 1002 charitati.
3680 949 3786 1017 Qui

2201 1027 2362 1082 simul
2386 1036 2443 1083 et
2466 1029 2699 1084 terrenis
2729 1045 2920 1099 parere
2955 1033 3101 1087 curis
3132 1043 3188 1088 et
3221 1035 3417 1091 divinis
3442 1028 3500 1092 se
3528 1053 3790 1098 exercere

2201 1120 2449 1185 student,
2477 1127 2770 1191 utrumque
2801 1122 3084 1192 complecti
3111 1141 3219 1180 non
3242 1127 3442 1193 valent,
3466 1129 3604 1185 sicut
3633 1130 3792 1188 Chri-

2201 1217 2316 1265 stus
2340 1211 2417 1264 ait
2443 1229 2456 1264 :
2486 1211 2656 1266 Nemo
2678 1222 2843 1281 potest
2867 1213 3072 1268 duobus
3099 1215 3327 1272 dominis
3347 1221 3543 1273 servire
3565 1220 3788 1291 (Matth.

2198 1318 2278 1367 vr,
2308 1302 2423 1373 24).
2465 1303 2580 1359 Nisi
2606 1305 2748 1360 enim
2779 1307 2932 1375 prius
2961 1324 2990 1361 a
3033 1318 3244 1365 secreto
3275 1311 3456 1368 cordis
3485 1315 3793 1381 expellatur

2201 1397 2509 1468 importuna
2538 1399 2880 1456 saecularium
2928 1402 3219 1459 multitudo
3262 1415 3560 1473 curarum,
3607 1409 3790 1464 anima

2201 1504 2321 1558 quae
2353 1490 2681 1546 intrinsecus
2699 1490 2848 1559 jacet
2875 1507 3216 1563 nequaquam
3245 1496 3499 1567 resurgit.
3529 1497 3793 1570 Arguitur

2201 1597 2389 1638 eorum
2418 1590 2574 1652 tepor
2621 1583 2754 1653 qui,
2807 1585 2918 1639 Deo
2940 1597 3139 1640 vacare
3166 1587 3441 1653 volentes,
3481 1591 3792 1662 mundoque

2202 1676 2538 1740 renuntiant,
2567 1685 2622 1731 et
2646 1671 2806 1731 curas
2842 1678 3090 1747 proprias
3120 1689 3500 1749 aspernantur,
3538 1683 3635 1738 sed
3659 1685 3793 1740 dum

2202 1769 2628 1839 propinquorum
2671 1769 2934 1826 utilitates
2965 1782 3290 1840 procurrant,
3334 1789 3364 1828 a
3395 1773 3489 1828 Dei
3518 1790 3708 1833 amore
3735 1792 3793 1834 se

502 1854 778 1910 salutare:
822 1855 879 1911 in
926 1857 1072 1912 omni
1115 1871 1281 1926 opere
1313 1871 1444 1926 ergo
1487 1855 1710 1909 modum
1741 1861 1798 1908 et
1827 1861 2099 1923 tempera-
2126 1844 2173 1905 Β
2201 1868 2475 1931 separant.
2519 1862 2618 1918 Vir
2646 1862 2944 1932 spiritualis
2971 1864 3230 1933 prodesse
3256 1865 3417 1921 debet
3439 1880 3552 1921 sua:
3573 1870 3794 1938 prepin-

501 1955 748 2002 mentum
785 1956 1002 2019 oportet
1051 1948 1272 2004 habere.
1348 1947 1475 2003 Ideo
1512 1946 1618 2001 alia
1662 1953 1789 2001 sunt
1825 1954 2096 2016 praecepta

500 2053 624 2109 quae
654 2040 852 2095 dantur
895 2039 1146 2096 ﬁdelibus
1195 2055 1539 2096 communem
1584 2041 1639 2095 in
1688 2040 1886 2096 saeculo
1925 2040 2094 2096 vitam

502 2129 843 2202 degentibus,
889 2140 1052 2202 atque
1074 2131 1180 2187 alia
1202 2132 1384 2188 saeculi
1415 2133 1577 2203 hujus
1603 2131 2092 2189 renuntiatoribus.

501 2217 615 2276 lllis
641 2221 787 2277 enim
815 2222 1016 2279 dicitur
1044 2231 1105 2279 ut
1129 2238 1230 2279 sua
1247 2217 1441 2278 omnia
1467 2221 1606 2279 bene
1634 2230 1858 2293 gerant,
1888 2222 2008 2278 istis
2034 2229 2096 2278 ut

502 2321 598 2368 sua
642 2313 846 2369 omnia
872 2314 1253 2385 derelinquant
1293 2332 1308 2368 :
1355 2314 1421 2369 ad
1460 2314 1762 2385 perfectum
1805 2315 1949 2369 enim
1984 2329 2095 2369 non

501 2401 700 2458 sufﬁcit
721 2403 1002 2475 abnegatis
1022 2405 1277 2460 omnibus
1297 2406 1431 2469 suis,
1464 2405 1570 2460 nisi
1595 2414 1652 2459 et
1670 2406 1910 2475 seipsum
1936 2406 2096 2460 abne—

500 2503 591 2564 get
621 2495 914 2551 secundum
955 2495 1303 2568 Evangelium
1332 2538 1347 2561 ,
1385 2497 1441 2551 id
1477 2505 1592 2562 est,
1641 2497 1746 2552 nisi
1789 2480 2094 2552 voluntates

498 2588 749 2658 proprias
783 2587 1055 2659 relinquat
1104 2603 1169 2644 ac
1205 2588 1449 2644 moribus
1479 2589 1664 2659 pravis
1690 2588 2000 2644 renuntiet:
2034 2594 2094 2642 ut

500 2679 736 2760 quierat
763 2682 1061 2751 superbus,
1104 2682 1174 2736 sit
1208 2682 1464 2747 humilis;
1497 2683 1733 2752 quierat
1757 2681 1989 2746 adulter,
2023 2681 2096 2735 sit

501 2783 719 2838 castus;
747 2773 838 2843 qui
866 2784 984 2828 erat
1011 2773 1323 2838 iracundus,
1358 2787 1478 2829 esse
1498 2774 1712 2829 studeat
1738 2780 2087 2838 mansuetus;

501 2863 592 2933 qui
625 2869 743 2920 erat
766 2863 1068 2929 animosus,
1091 2865 1306 2935 patiens
1335 2880 1457 2920 esse
1479 2862 1803 2930 contendat;
1838 2865 1932 2934 qui
1957 2879 2091 2918 ava-

501 2971 614 3019 rus,
654 2956 726 3010 sit
769 2954 986 3028 largus;
1035 2956 1129 3025 qui
1175 2961 1362 3012 eontra
1406 2957 1715 3027 proximum
1760 2970 1916 3010 suum
1965 2955 2093 3010 odio

398 3085 400 3088 μ
499 3049 588 3104 vel
617 3047 819 3104 invidia
847 3049 1105 3114 tabescit,
1149 3050 1496 3105 dilectionem
1522 3051 1618 3105 Dei
1657 3059 1714 3104 et
1741 3049 1973 3120 proximi
1999 3065 2094 3120 pu-

504 3153 622 3194 ram
654 3140 710 3195 in
739 3138 902 3195 corde
951 3141 1205 3196 retineat.
1249 3139 1449 3212 Sicque
1484 3141 1711 3212 singulis
1741 3141 1890 3196 vitiis
1914 3142 2094 3211 singu-

503 3231 586 3286 las
612 3233 845 3287 virtutes
870 3235 1172 3288 contrarias
1204 3203 1442 3305 opponat
1461 3275 1476 3300 ,
1504 3241 1560 3288 et
1573 3203 1744 3288 bonis
1770 3247 1830 3288 se
1853 3203 2094 3286 moribus
2123 3203 2166 3265 (ἶ

503 3324 774 3382 adornare
803 3327 1051 3393 studeat,
1093 3335 1153 3382 ut
1195 3328 1261 3382 de
1304 3328 1452 3383 vitiis
1493 3328 1707 3381 veniam
1742 3333 1798 3380 et
1832 3326 1898 3380 de
1935 3325 2094 3380 bonis

504 3415 718 3473 actibus
746 3420 1030 3488 praemium
1055 3428 1353 3476 mereatur.
1406 3417 1938 3488 NamqueDominus
1967 3417 2044 3470 ait
2077 3434 2090 3471 :

504 3503 610 3572 Qui
641 3507 746 3562 vult
770 3511 945 3565 venire
981 3520 1093 3581 post
1129 3527 1214 3566 me
1253 3510 1466 3582 abneget
1504 3511 1838 3582 semetipsum
1877 3508 2091 3582 (Matth.

501 3611 614 3664 xvr,
639 3597 753 3673 24).
794 3600 938 3672 Ergo
983 3603 1075 3672 qui
1124 3619 1234 3658 non
1278 3603 1455 3675 rigida
1481 3603 1780 3658 intentione
1804 3600 2096 3672 professio-

504 3703 628 3744 nem
657 3692 909 3747 monachi
940 3703 1242 3761 sectantur,
1273 3703 1477 3764 quanto
1499 3694 1718 3765 superni
1741 3693 1943 3748 amoris
1967 3707 2096 3762 pro-

504 3781 744 3852 positum
797 3783 1055 3840 dissolute
1107 3795 1404 3858 appetunt,
1476 3794 1628 3841 tanto
1678 3785 1972 3856 proclivius
2026 3784 2095 3840 ad

506 3866 695 3930 mundi
743 3891 987 3955 amorem
1035 3879 1212 3934 denuo
1257 3878 1611 3934 reducuntur.
1663 3876 1798 3932 Nam
1829 3875 2095 3946 professio

508 3979 616 4020 non
669 3965 910 4037 perfecta
951 3970 1235 4038 prtesentis
1279 3971 1404 4024 vitae
1455 3968 1649 4038 repetit
1697 3967 1988 4033 desideria,
2039 3967 2095 4022 in

508 4056 707 4128 quibus
733 4060 835 4114 etsi
865 4059 1103 4115 nondum
1134 4076 1192 4117 se
1219 4075 1382 4130 opere
1406 4059 1521 4130 jam
1556 4059 1758 4130 alligat,
1793 4067 1971 4113 tamen
1997 4073 2093 4114 co-

508 4150 788 4222 gitationis
811 4169 997 4210 amore
1023 4172 1036 4208 :
1071 4153 1193 4209 ideo
1215 4154 1375 4208 malis
1402 4163 1487 4209 est
1513 4152 1715 4208 bonum
1756 4151 2095 4223 cogitationi-

506 4245 609 4302 bus
633 4245 848 4301 fortiter
877 4261 1200 4317 repugnare.
1255 4243 1357 4312 QUi
1394 4244 1540 4298 enim
1571 4244 1638 4298 ad
1676 4244 1778 4299 hoc
1803 4241 2094 4313 professio-

511 4351 638 4394 nem
656 4339 962 4394 sanctitatis
982 4336 1270 4409 praetendit
1289 4345 1348 4392 ut
1373 4337 1494 4392 aliis
1514 4336 1836 4406 quandoque
1860 4350 2096 4406 praeesse

512 4429 807 4496 desideret,
841 4431 944 4486 iste
969 4445 1078 4484 non
1111 4430 1408 4499 discipulus
1435 4430 1659 4496 Christi,
1691 4429 1784 4484 sed
1811 4427 2096 4499 pravitatis

511 4529 750 4577 sectator
778 4521 989 4587 existit,
1019 4523 1145 4592 quia
1185 4537 1293 4576 non
1333 4522 1430 4591 pro
1461 4521 1603 4586 Deo,
1649 4522 1744 4577 sed
1785 4538 1882 4592 pro
1909 4519 2092 4576 saeculi

509 4603 696 4668 amore
740 4621 956 4683 portare
1003 4614 1186 4669 studet
1225 4614 1405 4669 crucis
1445 4613 1645 4669 Christi
1686 4614 1948 4670 laborem.
1990 4611 2093 4679 Qui

513 4705 773 4761 mundum
799 4707 1076 4773 deserunt,
1117 4707 1209 4762 sed
1241 4714 1418 4762 tamen
1446 4709 1675 4763 virtutes
1701 4717 2093 4780 praeceptorum

508 4797 628 4853 sine
665 4797 848 4852 cordis
875 4797 1184 4853 humilitate
1219 4807 1541 4866 sequuntur.
1581 4800 1669 4854 isti
1707 4801 1861 4869 quasi
1892 4799 1957 4854 de
1999 4813 2092 4851 ex-

507 4885 654 4948 uelso
686 4891 924 4963 graviter
952 4899 1247 4958 corruunt,
1283 4891 1410 4962 quia
1437 4893 1676 4948 deterius
1701 4907 1798 4960 per
1828 4889 2088 4945 virtutum

507 4986 797 5042 elationem
823 4983 1171 5056 dejiciuntur,
1197 5001 1360 5055 quam
1380 5001 1478 5057 per
1505 4987 1638 5041 vitia
1664 4985 1873 5056 prolabi
1892 4986 2095 5055 potuis-

507 5084 647 5132 sent.
690 5074 880 5132 Omnis
909 5075 1006 5131 Dei
1055 5091 1242 5132 servus
1286 5077 1352 5132 de
1395 5077 1508 5132 suis
1556 5077 1764 5132 meritis
1798 5084 1904 5131 non
1937 5076 2096 5132 debet

511 5168 706 5232 attolli,
741 5168 866 5224 dum
895 5183 1055 5240 posse
1087 5169 1270 5224 videat
1301 5185 1367 5224 ex
1406 5167 1756 5225 inferioribus
1780 5169 1881 5225 sibi
1910 5169 2094 5240 prrela-

509 5259 674 5315 tiores
696 5259 830 5314 alios
852 5259 991 5315 ﬁeri.
1033 5258 1261 5331 Semper
1298 5261 1628 5317 conscientia
1665 5261 1810 5316 servi
1848 5261 1941 5316 Dei
1987 5261 2091 5316 hu-

506 5351 650 5406 milis
674 5365 794 5407 esse
823 5351 980 5407 debet
1018 5361 1073 5407 et
1098 5353 1300 5418 tristis,
1333 5351 1572 5417 scilicet,
1614 5361 1675 5408 ut
1700 5367 1799 5422 per
1826 5352 2094 5407 humilita-

507 5453 618 5501 tem
653 5460 763 5502 non
789 5449 1094 5518 superbiat,
1135 5456 1194 5506 et
1228 5445 1550 5518 per,utilem
1583 5452 1872 5502 maerorem
1898 5461 1995 5502 cor
2023 5447 2090 5502 ad

506 5535 781 5592 lasciviam
810 5555 918 5596 non
946 5540 1226 5596 dissolvat.
1286 5539 1384 5595 Dei
1427 5554 1644 5594 servum
1681 5539 1799 5593 sine
1825 5538 2095 5592 intermis-

507 5629 658 5685 sione
686 5632 868 5704 legere
912 5642 967 5689 et
1010 5635 1224 5704 operari
1267 5642 1500 5704 oportet,
1553 5648 1621 5688 ne
1669 5630 1809 5687 forte
1853 5641 2089 5686 mentem

505 5721 617 5777 otio
641 5722 877 5778 deditam
909 5726 1133 5793 spiritus
1171 5727 1546 5782 fornicationis
1597 5723 1882 5794 subripiat.
1935 5721 2093 5777 Cedit

508 5813 653 5872 enim
681 5815 852 5872 labori
880 5818 1130 5889 voluptas
1147 5859 1161 5885 ,
1185 5819 1426 5874 animum
1459 5828 1642 5875 autem
1666 5823 1952 5873 vacantem
1980 5813 2091 5870 cito

2197 1954 2412 2024 quitati,
2446 1961 2628 2008 tamen
2666 1969 2862 2009 cavere
2908 1969 2978 2009 ne
3012 1955 3138 2009 dum
3181 1954 3288 2010 illis
3333 1957 3566 2028 gratiam
3605 1959 3796 2016 carnis

2195 2055 2458 2118 praestare
2486 2046 2686 2110 studet,
2717 2045 2834 2116 ipse
2881 2061 2910 2099 a
2948 2046 3216 2116 spirituali
3239 2047 3519 2117 proposito
3552 2063 3662 2102 non
3693 2049 3791 2104 de-

2197 2136 2381 2193 clinet.
2449 2135 2602 2192 Multi
2649 2136 2794 2191 enim
2836 2136 3228 2192 monachorum
3272 2149 3460 2191 amore
3500 2149 3794 2205 parentum

2195 2245 2304 2286 non
2333 2230 2511 2286 solum
2536 2229 2766 2287 terrenis
2799 2230 2978 2294 curis,
3011 2229 3104 2284 sed
3140 2229 3303 2284 etiam
3337 2227 3645 2285 forensibus
3672 2228 3794 2298 jur-

2197 2323 2301 2395 giis
2328 2323 2556 2378 involuti
2583 2364 2599 2389 ,
2647 2331 2703 2377 et
2736 2337 2834 2393 pro
2873 2337 3096 2377 suorum
3147 2322 3427 2394 temporali
3464 2323 3639 2378 salute
3664 2339 3796 2380 suas

2197 2417 2410 2471 animas
2431 2416 2801 2486 perdiderunt.
2845 2413 2999 2470 Sicut
3025 2424 3209 2471 nostra
3239 2416 3396 2472 nobis
3420 2431 3527 2472 non
3554 2418 3795 2473 odienda

2195 2514 2280 2561 est
2305 2506 2508 2570 anima,
2539 2505 2634 2561 sed
2663 2507 2784 2576 ejus
2807 2505 3055 2560 carnales
3081 2505 3328 2572 affectus,
3360 2507 3432 2561 ita
3460 2521 3562 2561 nec
3588 2521 3796 2576 paren-

2195 2605 2278 2652 tes
2305 2612 2335 2651 a
2363 2596 2518 2651 nobis
2557 2596 2774 2651 odiendi
2823 2604 2980 2662 sunt,
3033 2599 3130 2651 sed
3167 2611 3355 2652 eorum
3381 2596 3797 2667 impedimenta,

2196 2704 2317 2760 quae
2357 2703 2458 2742 nos
2497 2687 2566 2740 ab
2600 2686 2795 2741 itinere
2844 2695 2994 2741 recto
3039 2687 3400 2756 praepediunt.
3440 2686 3579 2767 Dum
3609 2694 3800 2744 tamen

2195 2782 2458 2838 Dominus
2485 2783 2558 2836 ita
2588 2783 2843 2853 praecepit
2890 2798 2919 2837 a
2958 2783 3118 2838 nobis
3165 2792 3418 2854 parentes
3461 2782 3601 2838 odiri
3651 2782 3800 2838 sicut

2196 2876 2409 2930 animas
2470 2885 2704 2930 nostras.
2779 2874 2948 2930 Nemo
2997 2874 3143 2930 enim
3200 2876 3534 2946 perpendere
3587 2881 3797 2944 poteSI,

2195 2968 2384 3034 quanti
2429 2965 2500 3020 sit
2544 2966 2801 3035 ponderis
2837 2965 3112 3020 declinare
3158 2982 3190 3020 a
3228 2966 3372 3021 bono
3401 2975 3455 3021 et
3479 2964 3663 3021 facere
3683 2980 3798 3020 ma-

2194 3057 2303 3112 lum
2328 3098 2344 3123 ,
2388 3057 2491 3113 nisi
2539 3058 2691 3128 prius
2734 3066 2850 3114 toto
2894 3059 3090 3113 mentis
3118 3059 3311 3114 annisu
3350 3059 3689 3114 convertitur
3720 3059 3798 3114 ad

2199 3149 2393 3205 Deum.
2460 3148 2819 3220 Tripertitum
2848 3150 3172 3205 describitur
3210 3165 3332 3205 esse
3366 3147 3800 3218 uniuscujusque

2199 3243 2449 3299 conversi
2493 3242 2834 3313 profectum,
2883 3244 2939 3297 id
2984 3253 3088 3308 est,
3132 3244 3370 3314 primum
3417 3243 3726 3314 corrigendi
3767 3259 3799 3298 a

2199 3337 2380 3401 malo,
2433 3338 2729 3391 secundum
2779 3335 3013 3391 faciendi
3056 3337 3294 3402 bonum,
3341 3338 3562 3392 tertium
3594 3350 3799 3392 conse-

2197 3429 2398 3498 quendi
2424 3427 2552 3483 boni
2580 3428 2762 3497 operis
2788 3429 3089 3497 praemium.
3143 3427 3375 3497 Ideoque
3403 3427 3668 3483 festinare
3695 3427 3796 3483 de-

2196 3521 2290 3575 bet
2316 3521 2384 3574 ad
2409 3520 2576 3575 Deum
2605 3520 2920 3590 paenitendo
2945 3518 3313 3588 unusquisque
3335 3518 3461 3572 dtun
3484 3527 3700 3588 potest,
3727 3532 3799 3572 ne

2198 3612 2242 3666 si
2271 3611 2397 3665 dum
2422 3620 2602 3681 potest
2628 3611 2864 3665 noluerit
2889 3651 2902 3674 ,
2935 3625 3057 3664 cum
3087 3610 3240 3664 tarde
3260 3608 3518 3672 voluerit,
3569 3610 3798 3664 omnino

2198 3719 2307 3759 non
2342 3705 2536 3774 possit.
2591 3703 2826 3758 Proinde
2869 3701 3136 3772 propheta
3179 3696 3294 3755 ait:
3331 3697 3568 3764 Qumrite
3610 3699 3799 3754 Domi-

2198 3810 2325 3848 num
2359 3793 2485 3847 dum
2537 3793 2758 3848 inveniri
2804 3801 2990 3863 potest,
3045 3791 3276 3846 invocate
3311 3805 3430 3844 eum
3470 3788 3598 3843 dum
3633 3806 3799 3860 prope

2199 3897 2273 3942 est
2305 3885 2442 3958 (Isa.
2470 3901 2558 3950 ιν,
2591 3885 2668 3957 6).
2709 3885 2775 3939 Et
2811 3885 2902 3938 ubi
2936 3884 3167 3940 inveniri
3207 3890 3416 3953 potest,
3451 3881 3556 3936 nisi
3605 3882 3658 3936 in
3690 3884 3798 3937 hac

2195 3981 2332 4045 vita,
2357 3979 2413 4033 in
2441 3993 2550 4046 qua
2591 3979 2757 4032 etiam
2796 3992 2964 4047 pr0pe
3009 3983 3092 4030 est
3133 3976 3386 4030 omnibus
3414 3975 3798 4030 invocantibus

2198 4089 2258 4131 se
2286 4073 2342 4128 in
2381 4072 2614 4128 veritate
2664 4068 2823 4126 Jesus
2869 4068 3120 4124 Christus
3159 4068 3419 4122 Dominus
3459 4075 3669 4131 noster,
3698 4065 3796 4135 qui

2197 4167 2449 4224 omnibus
2477 4166 2531 4220 in
2575 4179 2636 4220 se
2668 4163 2938 4218 veraciter
2968 4162 3306 4230 ﬁdeliterque
3335 4159 3685 4215 credentibus
3712 4159 3796 4214 vi-

2197 4268 2310 4314 tam
2341 4266 2396 4314 et
2424 4257 2651 4328 gloriam
2680 4255 3065 4325 sempiternam
3085 4253 3446 4326 praeparabit?

2269 4413 2358 4470 DE
2398 4411 2702 4470 OMNIBUS
2740 4408 3109 4467 ORDINIBUS
3147 4408 3368 4467 HUJUS
3409 4408 3707 4467 SECULI.
3797 4435 3802 4444 ·

2273 4527 2537 4596 Quoniam
2568 4534 2850 4602 peccatum
2886 4526 3249 4597 quodcunque
3278 4525 3514 4582 delectat
3540 4536 3636 4581 aut
3661 4528 3794 4583 sub—

2201 4621 2386 4692 ripuit,
2414 4619 2486 4674 sit
2528 4618 2686 4673 nobis
2716 4617 2769 4670 in
2802 4617 3097 4683 memoria;
3135 4617 3279 4687 quod
3302 4615 3415 4686 jam
3454 4616 3632 4672 deleta
3665 4628 3794 4674 sunt

2198 4718 2421 4782 peccata
2449 4718 2656 4774 nostra,
2696 4723 2802 4763 non
2847 4708 3140 4778 perdamus
3179 4709 3461 4778 praemium
3510 4711 3794 4782 sanguinis

2199 4802 2426 4868 Christi,
2453 4817 2554 4858 nec
2586 4800 2921 4856 maculemus
2944 4800 3139 4854 stolam
3182 4802 3376 4856 animae
3405 4815 3504 4870 per
3527 4802 3790 4872 iniquita-

2199 4906 2330 4963 tem,
2359 4904 2454 4951 aut
2481 4898 2750 4966 rapinam,
2797 4903 2891 4949 aut
2936 4893 3446 4963 concupiscentiam.
3484 4894 3787 4962 Jacuimus,

2193 4991 2307 5062 jam
2339 4985 2505 5045 erecti
2546 5003 2764 5051 sumus;
2805 4985 3076 5039 vulnerati
3126 4983 3422 5054 fueramus,
3462 4984 3576 5055 jam
3602 5002 3792 5042 sumus

2199 5084 2377 5137 sanati
2401 5097 2415 5135 :
2440 5096 2547 5135 non
2568 5080 2673 5134 erit
2687 5077 2986 5134 excusatio.
3011 5076 3428 5149 Qualescunque
3448 5077 3696 5134 diabolus
3723 5079 3789 5134 ad

2195 5175 2396 5229 malum
2437 5179 2616 5243 potest
2657 5172 2910 5234 invitare,
2951 5185 3060 5224 non
3107 5179 3287 5239 potest
3334 5170 3588 5236 trahere;
3640 5171 3786 5227 dele-

2194 5266 2488 5322 ctationem
2524 5262 2710 5326 infert,
2742 5276 2849 5317 non
2894 5269 3254 5332 potestatem;
3304 5262 3594 5318 consilium
3639 5262 3790 5333 inge-

2194 5360 2283 5424 rit,
2315 5373 2422 5414 non
2449 5356 2777 5413 conﬂictum.
2807 5355 2962 5413 Nunc
2989 5372 3120 5428 ergo
3145 5365 3369 5428 propter
3410 5365 3629 5428 partum
3665 5357 3790 5412 bea-

2197 5460 2264 5509 tae
2303 5451 2507 5516 Mariae,
2533 5450 2610 5506 sit
2636 5450 2772 5505 mihi
2798 5463 2979 5506 sermo
3006 5450 3076 5504 ad
3094 5449 3355 5520 virgines,
3379 5448 3494 5504 sive
3521 5448 3590 5503 ad
3618 5448 3782 5511 viros,

2193 5545 2307 5600 sive
2337 5544 2402 5598 ad
2437 5543 2687 5606 feminas,
2727 5542 2843 5597 sive
2868 5543 2936 5597 ad
2967 5542 3173 5606 viduas,
3217 5541 3332 5595 sive
3359 5549 3628 5610 potentes,
3673 5541 3776 5596 sivi

2194 5648 2481 5704 pauperes,
2507 5633 2622 5686 sive
2651 5647 2862 5696 servos,
2900 5647 3006 5686 non
3035 5640 3122 5686 est
3146 5629 3288 5701 apud
3315 5629 3485 5687 Deum
3535 5631 3640 5686 nisi
3673 5645 3782 5686 me»

2193 5726 2424 5780 riturum
2454 5725 2728 5780 discretio.
2763 5726 2958 5781 Audite
2987 5739 3075 5779 me
3096 5726 3280 5794 itaque
3303 5725 3614 5795 quicunque
3643 5723 3786 5780 dono

2193 5815 2397 5872 Christi
2449 5815 2504 5869 in
2548 5829 2778 5888 corpore
2827 5815 3069 5886 virgines
3128 5803 3283 5884 estis,
3318 5812 3664 5886 generaliter
3708 5813 3785 5870 loc
