4046 6460
257 397 343 453 281

1397 375 1826 435 FRAGMENTA
1864 370 2146 430 SERMON
2154 371 2269 428 ΗΜ.

257 532 381 591 quor
425 509 489 565 ad
517 520 721 561 omnes.
769 503 965 558 Audite
1022 514 1109 556 me
1161 499 1345 568 itaque
1391 497 1701 567 quicunque
1746 508 1804 548 se
1832 491 1883 552 Α
1909 489 2014 591 tis,
2048 484 2432 591 consolamini;
2477 483 2754 588 tribulatio
2797 491 2979 591 vestra
3030 490 3378 591 cqnvertetur
3428 484 3484 539 in

253 585 476 681 agnoscit
517 613 635 654 esse
665 596 807 666 quod
844 595 986 657 dico,
1041 591 1257 647 studeat
1304 596 1366 644 ut
1410 596 1466 643 et
1515 587 1678 642 corde
1734 585 1805 639 sit

252 678 418 761 virgo:
445 696 517 754 sic
544 690 773 761 gaudeat
800 689 865 742 de
895 686 1045 740 lucro
1071 682 1336 753 corporis,
1376 688 1435 734 ut
1465 695 1572 734 non
1611 678 1835 732 habeat

252 760 486 850 damnum
528 760 757 837 animai:
808 779 1036 850 gaudeat
1083 785 1262 830 tamen
1312 776 1378 829 de
1424 781 1533 826 tam
1572 772 1809 842 pretioso

250 889 378 942 dono
418 876 630 939 Christi,
685 873 915 943 gaudeat
962 886 1085 925 cum
1132 868 1456 929 humilitate,
1509 863 1633 920 ﬂeat
1682 879 1807 918 cum

248 978 451 1047 pietate,
476 976 596 1038 agat
633 965 837 1036 gratias
877 963 1003 1033 quia
1036 968 1241 1016 tantam
1274 958 1583 1013 felicitatem
1630 956 1685 1010 in
1720 957 1807 1011 in-

180 1134 185 1139 _
252 1067 488 1139 trgritate
527 1067 731 1130 portat,
762 1057 973 1112 lzetetur
996 1054 1121 1124 quia
1161 1061 1444 1108 secuturus
1473 1057 1557 1104 est
1598 1050 1810 1119 Agnum

249 1166 554 1229 quocunque
592 1152 717 1206 ierit
748 1168 760 1202 :
809 1149 853 1203 si
901 1156 1079 1203 tamen
1113 1147 1168 1200 in
1196 1161 1290 1200 ore
1317 1144 1454 1214 ejus,
1500 1142 1639 1196 sicut
1680 1140 1814 1211 legi-

247 1267 354 1307 mus
400 1249 450 1301 in
507 1242 852 1314 Apocalypsi,
928 1239 1269 1295 mendacium
1320 1252 1429 1291 non
1482 1234 1809 1299 inveniatur,
1862 1292 1865 1295 δ

245 1349 351 1396 Oret
386 1354 479 1407 pro
501 1333 929 1405 perseverantia,
959 1340 1148 1385 utnon
1192 1328 1266 1383 illi
1295 1327 1683 1398 qualiscunque
1714 1324 1810 1379 de-

246 1432 448 1489 lectatio
491 1428 694 1492 saeculi,
729 1434 822 1481 aut
875 1425 1077 1479 invidia
1105 1422 1323 1486 diaboli,
1360 1428 1569 1474 tantum
1615 1419 1812 1472 donum

248 1524 410 1587 tollat,
443 1528 647 1574 tantam
692 1517 994 1573 claritatem
1026 1514 1311 1575 innubilet,
1345 1519 1555 1565 tantum
1584 1508 1813 1562 nitorem

245 1618 477 1679 infuscet,
508 1622 694 1669 teneat
719 1613 948 1677 fortiter,
981 1626 1087 1666 non
1120 1611 1311 1680 perdat
1339 1600 1456 1663 rem
1482 1605 1814 1675 irreparabi-

240 1711 354 1775 lem,
400 1724 503 1763 non
546 1722 655 1761 uno
700 1712 973 1760 momento
1007 1702 1381 1758 delectationis
1427 1701 1643 1754 amittat
1688 1713 1813 1768 gra-

245 1800 359 1855 tiam
390 1798 673 1867 corporis:
715 1812 821 1851 non
872 1795 1163 1849 contrahat
1193 1793 1581 1863 turpitudinem
1623 1791 1816 1844 animae
1844 1849 1889 1867 ῃ
1916 1774 2134 1867 Femur,

1844 1849 1890 1909 B
1919 1856 2059 1910 bone
2090 1856 2313 1909 servitio
2342 1856 2649 1911 mercedem
2673 1855 2972 1921 habebitis;
3023 1856 3068 1910 si
3100 1856 3227 1909 boni
3265 1851 3499 1919 fueritis,

242 1905 329 1960 per
359 1888 822 1958 pulchritudinem
852 1885 1039 1940 forma:
1062 1892 1356 1954 corruptae;
1384 1898 1489 1938 non
1519 1882 1667 1935 illum
1690 1896 1818 1936 con-

239 1980 561 2049 cupiscentia
592 1979 792 2032 vincat.
827 1975 883 2029 Si
915 1990 1001 2029 me
1038 1974 1294 2038 audierit,
1322 1980 1641 2043 permanet;
1673 1971 1818 2040 quod

240 2072 277 2126 si
308 2085 407 2125 non
434 2070 698 2132 audierit,
732 2067 1030 2121 amissurus
1060 2074 1145 2121 est
1180 2064 1321 2135 quod
1350 2079 1627 2133 nunquam
1665 2078 1820 2131 repa-

238 2168 459 2213 raturus.
494 2157 701 2211 lterum
726 2156 793 2209 ad
823 2170 919 2210 vos
942 2156 1076 2209 mihi
1104 2170 1283 2209 sermo
1308 2163 1409 2210 est.
1436 2154 1538 2221 Qui
1560 2154 1821 2224 conjuges

239 2247 450 2308 habetis,
480 2262 686 2301 moneo
732 2256 791 2301 ut
834 2255 986 2301 caste
1028 2245 1292 2301 habeatis.
1340 2243 1475 2299 Nam
1521 2243 1815 2307 Elisabeth,

240 2354 349 2408 quae
376 2338 639 2407 longaevis
664 2337 997 2409 temporibus
1031 2346 1179 2391 caste
1209 2351 1333 2390 cum
1363 2335 1559 2389 marito
1587 2335 1820 2399 vixerat,

239 2439 287 2485 et
312 2433 464 2487 ambo
492 2432 689 2487 fideles
738 2440 862 2486 ante
897 2432 1062 2486 Deum
1095 2429 1328 2493 fuerant,
1378 2428 1577 2483 meruit
1600 2427 1716 2497 jam
1756 2430 1823 2482 de

240 2533 439 2579 mortuo
461 2524 679 2580 semine
707 2524 910 2578 habere
937 2522 1123 2587 filium,
1149 2522 1239 2591 qui
1262 2529 1317 2576 et
1344 2519 1689 2575 sanctitatem
1723 2532 1821 2586 pa-

240 2617 394 2671 rentis
417 2624 647 2672 ornaret
675 2625 731 2671 et
764 2617 1152 2687 praedicatione
1189 2614 1385 2669 multos
1421 2612 1666 2667 infideles
1694 2627 1825 2667 con-

240 2716 476 2763 verteret.
505 2707 717 2763 Iterum
762 2707 918 2764 vobis
955 2706 1146 2776 loquor
1183 2721 1303 2774 qua:
1348 2704 1482 2759 estis
1508 2703 1705 2768 vidum,
1729 2717 1825 2757 cu-

241 2802 424 2856 stodite
450 2803 805 2867 viduitatem,
859 2816 967 2856 non
1018 2808 1191 2856 estote
1235 2799 1502 2861 verbosas,
1553 2797 1649 2853 sed
1700 2811 1825 2852 cum

242 2880 813 2963 silentio'exspectate
841 2893 1154 2955 Dominum,
1199 2891 1291 2960 qui
1342 2887 1603 2960 pupillum
1652 2895 1709 2942 et
1744 2888 1825 2942 vi-

244 2981 394 3037 duam
439 2986 728 3055 suscipiet.
780 2984 890 3039 Sed
940 2983 1081 3039 bona
1112 2983 1273 3037 vidua
1321 2981 1411 3036 illa
1457 2997 1577 3051 quae
1618 2981 1673 3035 in
1703 2994 1826 3035 ora-

245 3072 381 3128 tione
402 3085 506 3142 est,
552 3083 609 3130 et
643 3075 971 3139 humilitate,
997 3075 1052 3128 in
1078 3072 1437 3144 eleemosynis
1464 3079 1733 3141 prompta.
1766 3068 1827 3126 Si

246 3172 384 3220 certe
429 3168 578 3223 unde
605 3167 768 3223 faciat
813 3182 920 3221 non
963 3165 1144 3229 habet,
1173 3164 1507 3219 voluntatem
1546 3162 1744 3218 bonam
1772 3169 1828 3217 et

1909 581 2152 636 lietitiam
2186 587 2240 633 et
2266 577 2421 632 dolor
2443 584 2623 630 vester
2652 576 2706 630 in
2749 576 3024 645 gaudium.
3070 574 3186 630 Non
3222 575 3379 631 vobis
3412 577 3487 632 sit

1910 674 2179 743 ingratum
2203 671 2346 741 quod
2372 668 2711 735 mendicatis,
2750 683 2852 724 nec
2876 669 2998 723 ideo
3025 668 3080 723 in
3108 669 3271 724 corde
3300 678 3482 726 vestro

1910 763 2113 833 aliquid
2136 770 2325 817 contra
2370 760 2658 815 Dominum
2702 759 2915 815 dicatis.
2947 757 3081 826 Quia
3114 759 3203 813 ille
3227 758 3406 827 justus
3432 766 3490 814 et

1908 856 2031 925 pius
2057 856 2216 910 estin
2241 854 2490 909 omnibus
2531 851 2784 922 operibus
2812 852 2945 918 suis,
2987 860 3043 906 et
3089 859 3142 905 te
3191 851 3312 905 ideo
3360 849 3489 906 fecit

1909 959 2222 1014 pauperem,
2270 952 2330 998 ut
2375 942 2679 1000 sufferendo
2725 943 2986 1012 inopiam,
3027 950 3286 998 aeternam
3314 943 3485 998 vitam

1911 1035 2245 1105 acquireres,
2274 1043 2329 1090 et
2353 1035 2573 1089 divitem
2605 1034 2725 1089 ideo
2755 1032 2903 1099 fecit,
2933 1042 2991 1087 ut.
3018 1033 3144 1088 dum
3176 1033 3271 1088 tibi
3299 1048 3489 1103 super-

1910 1125 2019 1181 ﬂua
2048 1128 2221 1190 daret,
2256 1127 2553 1183 remedium
2597 1127 2839 1196 peccatis
2883 1128 3232 1197 acquireret:
3283 1134 3339 1181 et
3367 1126 3490 1183 ideo

1909 1220 2178 1289 patientes
2202 1225 2393 1282 estote,
2419 1227 2732 1287 exspectate
2755 1218 3063 1273 Dominum.
3094 1217 3273 1273 Etiam
3297 1216 3366 1271 ad
3393 1231 3490 1273 vos

1912 1313 2045 1367 mihi
2076 1327 2253 1368 sermo
2276 1318 2377 1376 est,
2411 1310 2575 1375 servi,
2625 1310 2932 1380 quicunque
2966 1308 3213 1363 dominos
3244 1305 3492 1363 carnales

1913 1404 2143 1469 habetis,
2206 1402 2512 1472 quicunque
2562 1403 2769 1458 servitii
2840 1401 3203 1457 conditionem
3259 1400 3493 1461 habetis.

1912 1496 2126 1551 obedite
2156 1495 2385 1550 dominis
2428 1495 2643 1559 vestris,
2671 1494 2879 1565 diligite
2928 1510 2994 1549 ex
3041 1493 3225 1558 corde,
3266 1508 3372 1547 non
3424 1492 3492 1545 ad

1913 1584 2127 1640 oculum
2171 1584 2488 1646 servientes,
2527 1583 2621 1637 sed
2670 1583 3033 1638 ministerium
3063 1597 3132 1637 ex
3179 1596 3361 1636 amore
3408 1579 3495 1634 fa-

1915 1676 2139 1731 cientes.
2170 1675 2307 1743 Quia
2335 1683 2389 1731 ct
2416 1675 2536 1730 illos
2566 1675 2708 1730 Deus
2734 1674 3039 1739 constituit,
3071 1682 3130 1728 ut
3149 1673 3303 1729 vobis
3332 1671 3501 1727 domi-

2183 1775 2239 1821 et
2274 1782 2373 1821 vos
2402 1774 2463 1820 ut
2490 1766 2773 1831 serviatis;
2806 1765 2945 1820 bene
2988 1765 3212 1830 servile,
3263 1764 3391 1832 quia
3435 1762 3505 1817 de

1918 1946 2170 2001 meliores
2200 1946 2355 2000 eritis
2381 1946 2613 2000 dominis
2640 1945 2817 2000 malis.
2865 1945 3003 2012 Quia
3043 1948 3182 2014 apud
3213 1944 3501 1998 Dominum

1919 2038 2096 2092 anima
2139 2034 2567 2107 uniuscujusque
2606 2052 2713 2091 non
2762 2044 2847 2091 est
2880 2036 2947 2091 de
2990 2034 3272 2090 nobilitate
3302 2033 3505 2087 discer-

1918 2126 2116 2194 nenda,
2146 2127 2242 2183 sed
2286 2141 2487 2196 opere;
2537 2140 2639 2181 nec
2684 2138 2906 2197 genere,
2950 2125 3045 2179 sed
3085 2123 3318 2179 actione.
3380 2121 3506 2179 Ideo

1920 2236 2062 2276 nunc
2082 2221 2149 2276 ad
2191 2235 2380 2275 omnes
2419 2220 2555 2275 mihi
2599 2234 2780 2276 sermo
2810 2218 2931 2284 fuit,
2964 2216 3091 2287 quia
3129 2217 3382 2273 Christus
3405 2229 3508 2286 pro

1920 2313 2080 2369 nobis
2121 2321 2371 2368 mortuus
2414 2321 2499 2367 est
2530 2330 2543 2365 :
2574 2319 2628 2367 et
2656 2312 2779 2367 ideo
2818 2320 3033 2366 servate
3058 2324 3177 2379 qua:
3205 2310 3316 2364 dixi
3354 2317 3415 2363 ut
3440 2306 3509 2364 de

1920 2405 2075 2460 vobis
2106 2404 2339 2459 fructum
2383 2403 2637 2469 habeam,
2668 2412 2723 2457 et
2759 2417 2856 2458 vos
2875 2418 3066 2458 omnes
3091 2403 3146 2457 in
3168 2401 3503 2466 coelestibus,

1922 2495 2014 2551 ubi
2041 2495 2311 2551 frumenta
2341 2495 2717 2567 congreganda
2741 2503 2887 2559 sunt,
2915 2495 3224 2551 misericors
3250 2492 3510 2548 Dominus

1925 2590 2271 2655 intromittat,
2309 2589 2402 2660 qui
2430 2589 2566 2643 vivit
2605 2596 2659 2643 et
2704 2595 2898 2658 regnat
2932 2586 2988 2642 in
3035 2584 3233 2641 saecula
3279 2581 3506 2639 saculo-

1926 2701 2068 2741 rum.
2095 2684 2288 2739 Amen.

2000 2789 2028 2819 ι
2072 2776 2163 2831 Vis
2207 2789 2370 2840 nunc,
2413 2774 2735 2830 cbarissime
2782 2772 2954 2826 frater
3001 2768 3268 2833 Desideri,
3317 2774 3377 2820 ut
3411 2764 3510 2820 tibi

1926 2869 2081 2941 quasi
2122 2869 2188 2923 de
2222 2866 2581 2922 luminaribus
2620 2864 2967 2928 firmamenti,
3012 2877 3134 2933 qua:
3161 2869 3273 2916 toto
3309 2858 3512 2915 mundo

1930 2959 2250 3029 refulgeant,
2296 2973 2470 3027 pauca
2501 2958 2569 3012 de
2615 2956 2990 3027 scriptoribus,
3024 2953 3119 3024 qui
3160 2951 3317 3006 nobis
3343 2949 3513 3005 multa

1929 3050 1996 3107 de
2021 3049 2462 3112 obscuritatibus,
2493 3063 2614 3118 qua:
2639 3056 2862 3118 propter
2887 3045 3159 3101 carnalem
3202 3041 3507 3111 intelligen-

1931 3143 2062 3199 tiam
2087 3141 2389 3212 impediunt
2430 3141 2498 3195 ad
2540 3139 2880 3210 splendorem
2913 3133 3365 3192 consideratiouis
3402 3131 3513 3200 spi-

247 3253 509 3312 είηοεηω
538 3258 923 3328 cogitationem
956 3223 1172 3311 habeat.
1213 3254 1485 3319 Mulieres,
1517 3269 1624 3308 non
1658 3253 1827 3308 male,
1853 3223 1898 3286 C
1930 3234 2183 3291 ritualem
2204 3233 2451 3305 proferre
2479 3239 2774 3302 potuerunt
2797 3227 3275 3285 manifestissime?
3302 3225 3511 3289 Dicam,

245 3344 424 3414 dicite,
453 3364 564 3403 non
599 3347 801 3418 jurate,
847 3363 957 3404 non
998 3355 1171 3403 estote
1200 3355 1462 3417 prompta:
1498 3346 1564 3399 ad
1597 3344 1827 3414 loquen-

244 3435 389 3491 dum.
418 3437 585 3495 Forte
611 3440 790 3495 dicitis
812 3440 1179 3509 importunum
1209 3453 1329 3494 esse
1355 3437 1497 3506 quod
1532 3437 1637 3491 ista
1668 3436 1824 3490 dico:

240 3542 346 3583 non
391 3531 529 3586 mihi
571 3531 752 3587 facere
802 3529 1008 3603 [Forte,
1056 3528 1262 3601 tacere]
1296 3528 1451 3592 licet;
1498 3527 1621 3597 plus
1667 3527 1831 3581 timeo

241 3618 392 3674 illum
422 3622 517 3689 qui
548 3622 703 3691 jubet
734 3636 895 3690 quam
920 3620 1069 3675 illum
1100 3620 1192 3689 qui
1235 3618 1489 3673 detrahit.
1536 3616 1649 3687 Ego
1686 3614 1831 3681 dico,

240 3711 334 3780 qui
360 3711 634 3780 agnoscit,
665 3712 953 3774 emendet;
1005 3712 1097 3781 qui
1132 3712 1187 3764 in
1230 3724 1289 3764 se
1328 3723 1436 3763 non
1472 3706 1831 3777 recognoscit,

243 3801 498 3871 gaudeat,
536 3810 591 3857 et
618 3810 820 3865 teneat,
847 3808 906 3855 ut
950 3799 1071 3855 aliis
1095 3814 1195 3869 pro
1230 3797 1404 3853 salute
1432 3796 1614 3852 dicere
1640 3795 1829 3866 possit.

247 3889 396 3948 Nunc
416 3892 535 3961 jam
574 3893 643 3947 ad
682 3909 778 3949 vos
816 3893 1027 3962 loquor,
1054 3891 1398 3962 poenitentes,
1437 3890 1529 3962 qui
1564 3890 1833 3960 paeniten-

248 3982 373 4038 tiatn
409 3984 466 4039 in
497 3983 731 4039 ecclesia
773 3984 1060 4054 accepistis
1105 3990 1161 4037 et
1185 3982 1363 4052 agitis,
1400 3988 1744 4051 perseverate
1774 3980 1832 4034 in

249 4071 395 4140 fletu,
429 4075 484 4129 in
516 4075 931 4145 compunctione
968 4075 1126 4129 docte
1154 4073 1411 4144 plangite.
1459 4072 1596 4140 Quid
1622 4080 1705 4127 est
1737 4072 1833 4126 do-

253 4172 335 4220 cte
355 4164 634 4237 plangite?
660 4181 767 4221 non
804 4166 1029 4236 quaerite
1079 4166 1135 4219 in
1186 4163 1434 4218 oratione
1479 4161 1830 4231 temporalem

256 4267 383 4319 rem,
412 4257 507 4311 sed
537 4266 798 4311 aeternam
829 4254 1240 4319 beatitudinem,
1284 4253 1659 4308 remissionem
1702 4266 1830 4322 pec-

259 4349 536 4398 catorum:
574 4345 666 4415 qui
703 4345 782 4399 sic
809 4353 952 4410 orat,
991 4345 1103 4413 ipse
1130 4344 1285 4398 docte
1324 4342 1546 4414 plangit.
1580 4341 1699 4396 Non
1742 4357 1836 4397 ca-

257 4432 378 4487 dant
403 4437 469 4490 ad
500 4444 706 4492 terram
752 4436 940 4491 inanes
967 4434 1222 4506 lacrymae
1241 4441 1456 4499 vestrae,
1504 4433 1633 4503 quia
1661 4447 1831 4487 verax

258 4530 336 4577 est
379 4524 466 4580 ille
492 4524 588 4596 qui
625 4538 722 4596 per
765 4523 1091 4595 Prophetam
1125 4524 1293 4579 dicit:
1350 4519 1520 4577 Potui
1572 4522 1833 4592 lacrymas

258 4628 388 4666 mea:
412 4614 467 4669 in
495 4624 776 4684 conspectu
808 4624 897 4668 tuo
927 4612 1102 4686 (Psal.
1134 4630 1221 4679 LV,
1269 4613 1346 4684 9).
1372 4613 1482 4667 Vos
1514 4613 1672 4668 modo
1704 4612 1835 4667 satis

259 4696 455 4757 debetis
486 4703 660 4758 Deum
686 4719 887 4768 amare,
934 4711 990 4759 et
1017 4704 1083 4757 de
1111 4704 1302 4759 timore
1350 4704 1464 4774 jam
1492 4704 1560 4758 ad
1589 4703 1835 4758 dilectio-

260 4801 372 4843 n:m
402 4793 660 4847 transire.
704 4792 840 4859 Quia
887 4792 1116 4865 legimus
1153 4794 1209 4848 in
1239 4793 1532 4863 Evangelia
1554 4793 1620 4848 de
1644 4808 1835 4864 pecca-

261 4878 384 4934 trice
428 4882 542 4950 illa,
603 4886 688 4937 cui
736 4885 959 4939 multum
1008 4884 1330 4951 dimittitur,
1384 4885 1606 4939 multum
1655 4886 1838 4939 dilexit

266 4966 406 5036 (Luc.
459 4990 578 5039 vit,
642 4975 757 5045 47),
813 4984 867 5031 et
900 4976 1021 5030 ideo
1072 4976 1299 5030 multum
1354 4975 1561 5030 debetis
1610 4976 1834 5046 diligere

265 5056 445 5126 Deum,
488 5064 585 5135 qui
632 5081 729 5121 vos
774 5065 1153 5137 expectando,
1187 5074 1377 5122 etnon
1427 5066 1717 5136 puniendo,
1769 5066 1837 5123 ad

264 5154 627 5216 pmuitentiam
656 5159 950 5229 perducere
981 5159 1231 5229 dignatus
1260 5164 1362 5213 est.
1412 5156 1567 5212 Nunc
1593 5172 1723 5213 vero
1768 5158 1837 5213 ad

267 5256 354 5298 vos
392 5262 573 5305 sermo
623 5259 727 5317 est,
778 5266 1061 5323 pauperes.
1112 5253 1221 5307 V'os
1261 5252 1381 5306 dico
1433 5264 1697 5321 pauperes
1744 5248 1837 5319 qui

268 5337 601 5407 mendicatis,
627 5341 719 5412 qui
744 5343 809 5397 de
844 5342 1202 5413 eleemosynis
1229 5340 1664 5397 Christianorum
1693 5339 1834 5395 vivi-

338 5480 382 5547 ξ,
421 5471 573 5547 Quod
621 5478 868 5547 sequitur
923 5476 1268 5547 amanuensis
1319 5474 1605 5547 oscitantia
1661 5472 1836 5547 Theo-

271 5534 410 5595 dulfo
434 5534 652 5603 aliunde
677 5534 889 5604 videtur
915 5544 1177 5603 assutum.
1225 5545 1418 5601 Sermo
1459 5544 1677 5614 quidem
1718 5545 1836 5616 ipse

1929 3333 1988 3380 ut
2024 3340 2235 3391 vereor,
2278 3322 2539 3378 Susanna:
2565 3321 2764 3377 Helcize
2799 3320 2922 3375 filia:
2966 3320 3020 3373 in
3058 3333 3144 3373 me
3167 3314 3513 3381 sententiam,

1928 3418 2113 3487 iniquo
2138 3411 2346 3487 judicio
2375 3416 2817 3486 presbyterorum
2847 3413 3077 3469 dicentis
3096 3426 3164 3467 ne
3190 3410 3510 3479 impleatur:

1932 3507 2192 3577 angustias
2237 3514 2362 3561 sunt
2396 3506 2530 3560 mihi
2566 3504 2827 3575 undique,
2857 3511 2912 3559 et
2946 3502 3080 3557 mihi
3109 3499 3357 3555 similiter
3392 3506 3515 3552 sunt

1932 3595 2226 3665 angustiae?
2256 3594 2316 3650 Si
2354 3595 2498 3649 enim
2522 3596 2745 3650 voluero
2772 3609 2841 3649 ex
2861 3594 2946 3649 his
2977 3591 3392 3662 reprehendere,
3421 3589 3516 3644 ad-

1933 3685 2208 3740 versarios
2257 3693 2421 3754 atque
2484 3684 2798 3739 inimicitias
2845 3684 3045 3753 ubique
3099 3681 3415 3745 concitabo;
3470 3678 3518 3735 si

1934 3786 2115 3830 autem
2140 3775 2382 3840 voluero,
2414 3775 2557 3845 quod
2594 3776 2879 3845 postulasti
2928 3790 3203 3845 nunquam
3249 3773 3513 3839 invenies,

1931 3867 2027 3921 sed
2054 3865 2207 3936 cujus
2234 3876 2347 3922 tam
2367 3866 2699 3922 voluntatem
2731 3867 3113 3933 condemnari,
3141 3880 3301 3936 quam
3328 3864 3517 3920 multo-

1932 3973 2054 4012 rum
2082 3957 2365 4014 consilium
2396 3958 2651 4025 transire,
2692 3958 2777 4013 vel
2813 3957 3093 4029 despicere
3122 3971 3245 4012 esse
3270 3956 3505 4010 videtur.

1932 4049 2034 4117 Qui
2069 4051 2440 4123 unusquisque
2468 4066 2657 4107 eorum
2685 4052 2739 4106 in
2791 4050 3087 4123 Scripturis
3135 4049 3339 4106 sanctis
3385 4047 3510 4102 dili-

1932 4150 2123 4213 genter
2142 4141 2365 4198 laudare
2394 4143 2611 4198 meruit.
2652 4142 2759 4198 Sed
2779 4157 2968 4199 omnes
2991 4142 3186 4196 leniter
3216 4139 3515 4208 leviterque

1934 4248 2061 4289 cum
2097 4234 2244 4288 omni
2297 4249 2483 4288 amore
2533 4242 2790 4301 tanquam
2837 4240 2898 4287 ut
2951 4239 3242 4298 utrumque
3285 4226 3512 4297 pacifica

1934 4324 2186 4395 impleam
2232 4320 2645 4395 augustissimus
2674 4322 2962 4392 episc0pus
3006 4319 3194 4399 volans
3230 4332 3326 4387 per
3355 4331 3509 4371 mon-

1934 4414 2070 4469 tium
2100 4411 2358 4478 culmina,
2384 4412 2540 4483 quasi
2570 4411 2771 4482 aquila,
2798 4425 2864 4465 ea
2891 4425 3012 4480 qua:
3048 4409 3104 4463 in
3136 4406 3403 4463 montium
3427 4421 3516 4461 ra-

1937 4505 2149 4562 dicibus
2182 4503 2339 4571 fiunt,
2383 4520 2491 4560 non
2530 4503 2882 4560 considerans
2910 4501 3080 4556 multa
3111 4498 3371 4555 caelorum
3394 4512 3519 4567 spa-

1860 4585 1912 4644 Ῑ)
1941 4599 2035 4663 tia,
2068 4606 2227 4653 terra:
2261 4597 2419 4662 situs,
2470 4605 2526 4651 et
2566 4609 2834 4667 aquarum
2875 4591 3163 4656 circulum,
3216 4587 3361 4644 claro
3403 4604 3519 4643 ser-

1939 4704 2100 4744 mone
2130 4688 2459 4758 pronuntiet.
2507 4685 2607 4753 Qui
2652 4686 2796 4741 enim
2836 4684 2891 4738 in
2932 4682 3138 4754 lignum
3181 4679 3517 4735 fructuosum

1941 4779 2235 4834 ascendere
2283 4777 2419 4843 vult,
2471 4776 2731 4846 paulatim
2784 4774 2853 4828 ad
2898 4772 3176 4842 superiora
3215 4778 3270 4826 et
3312 4767 3518 4837 majora

1940 4882 2169 4937 carpere
2211 4865 2452 4931 festinat,
2498 4880 2680 4918 ramos
2728 4873 2906 4916 autem
2959 4860 3239 4932 proximos
3279 4856 3519 4929 parvulis

1941 4958 2253 5028 relinquunt
2307 4954 2514 5029 [Forte,
2556 4952 2855 5027 relinquit].
2916 4951 3027 5008 Nos
3076 4962 3255 5007 autem
3308 4946 3518 5019 parvuli

1940 5064 2146 5106 sumus.
2202 5048 2440 5104 Obsecro
2480 5062 2595 5113 vos,
2640 5048 2837 5102 fratres
2882 5043 3233 5107 dilectissimi,
3287 5047 3347 5093 ut
3389 5053 3519 5108 erga

1942 5140 2282 5215 subditarum
2306 5139 2545 5211 plebium
2572 5140 2877 5210 profectum
2902 5146 2959 5193 et
2986 5132 3416 5193 emendationem
3437 5128 3517 5183 vi-

1944 5235 2304 5308 gilantissima
2330 5252 2462 5291 cura
2494 5235 2770 5290 laboretis.

1940 5474 2148 5599 legim
2171 5473 2314 5600 ἱιιέθι·
2335 5487 2611 5529 sermones
2635 5477 2824 5527 sancto
2855 5466 3155 5538 Augustino
3189 5464 3515 5539 suppositos,

1940 5562 1996 5600 n.
2084 5572 2087 5573 ν
2156 5584 2169 5598 .
2263 5559 2373 5600 υιτ.

1940 5562 1996 5601 n.
2046 5559 2071 5599 ‘l
2084 5559 2169 5599 ιἸ.
2216 5559 2373 5600 ινιτ.
