4046 6486
250 514 386 583 Seps
405 519 500 586 ego
523 502 780 577 pollicitis
805 514 1058 572 censores
1087 499 1335 572 linquere
1362 511 1528 562 cerno

308 605 448 668 Iura,
472 612 770 668 aurumque
793 595 951 656 avido
981 601 1194 666 gutture
1222 599 1278 647 et
1303 605 1396 646 ore
1417 590 1590 660 sequi.

248 699 386 768 Szepe
405 708 498 764 ego
525 705 593 746 ne
626 690 842 762 capiant
866 688 1056 750 studeo
1089 698 1346 742 revocare
1371 682 1637 740 volentes.

310 789 436 844 Sunt
455 799 608 855 mage
631 783 754 852 quis
800 781 936 838 velle
963 787 1069 844 est,
1119 777 1205 834 cui
1234 776 1391 846 modo
1417 775 1555 832 nolle
1587 776 1786 840 minus,

243 884 296 942 In
319 883 454 938 rivos
473 880 598 936 dum
619 878 740 948 quis
763 876 1062 948 spatiosum
1090 873 1285 934 diribet
1312 887 1546 937 amnem,

305 977 428 1031 Pars
457 972 630 1027 minor
654 971 707 1026 in
744 969 898 1034 rivis,
935 965 1107 1034 major
1136 967 1189 1022 in
1211 980 1370 1020 amne
1396 963 1532 1018 fluit.

243 1069 380 1137 Saepe
406 1081 501 1136 ego
522 1064 645 1119 dum
672 1077 866 1133 pravos
891 1060 958 1116 de
983 1058 1174 1114 talibus
1200 1072 1366 1126 arguo
1397 1057 1581 1121 rebus,

304 1159 407 1213 Hac
434 1157 534 1212 sibi
561 1157 701 1210 clam
729 1156 914 1210 dicunt
940 1169 1026 1210 me
1055 1168 1266 1222 quoque
1296 1159 1442 1206 sorte
1467 1166 1672 1220 parem.

238 1248 376 1318 Sazpe
399 1248 560 1301 etiam
594 1247 729 1300 tales
756 1261 879 1300 cum
906 1261 1013 1301 non
1046 1245 1172 1306 sint,
1203 1244 1450 1313 suspicor
1480 1259 1600 1300 esse
1631 1260 1646 1299 :

297 1340 424 1397 Cum
451 1340 581 1393 mihi
610 1340 719 1395 sint
749 1339 950 1410 plures,
992 1340 1092 1393 hac
1122 1339 1209 1393 lue
1235 1339 1372 1394 liber
1399 1353 1512 1393 ero.

233 1429 336 1486 Non
367 1430 503 1500 potis
529 1438 615 1484 est
652 1431 855 1485 morbis
881 1432 1112 1486 artarier
1135 1431 1385 1486 omnibus
1413 1446 1578 1502 aeger,

297 1524 493 1578 Saltem
526 1539 630 1577 una
670 1538 701 1577 e
725 1524 908 1580 multis
939 1525 1106 1594 pestis
1136 1525 1325 1580 abesse
1355 1533 1549 1594 potest.

232 1627 254 1654 ε
286 1613 609 1668 Praefectura
637 1615 767 1670 mihi
801 1615 978 1670 fuerat
1003 1615 1307 1684 peragenda
1342 1616 1596 1680 tributa,.

293 1706 500 1775 Resque
541 1714 664 1760 actu
693 1708 947 1776 grandes,
977 1706 1318 1776 oiliciumque
1341 1716 1552 1776 potens.

227 1797 352 1852 Nulli
383 1797 455 1861 vi,
487 1799 792 1868 studiisque
836 1799 962 1868 piis,
999 1801 1272 1868 armisque
1299 1800 1566 1854 secundus

293 1889 400 1942 Rex
427 1889 577 1946 dedit
606 1891 746 1946 hanc
777 1891 1022 1958 Cnmlds,
1051 1892 1255 1960 primus
1279 1891 1346 1945 ad
1360 1907 1520 1947 omne
1543 1891 1764 1945 bonum.

226 1981 311 2036 Cui
338 1990 534 2050 parent
548 1981 742 2047 Walis,
761 1982 1071 2046 Rhodanus,
1090 1983 1254 2045 Mosa,
1275 1983 1495 2044 Rhenus
1516 1991 1570 2037 et
1584 1981 1792 2048 (Emis,

287 2070 562 2142 Sequana,
593 2072 854 2142 Visurgis,
887 2072 1108 2137 Wardo,
1133 2071 1424 2137 Garumna,
1457 2072 1654 2139 Padus,

223 2162 377 2226 Rura,
410 2162 658 2228 Mosella,
689 2163 868 2234 Liger,
898 2163 1218 2228 Vulturnus,
1261 2164 1526 2229 Matrona,
1552 2164 1749 2231 Ledus,

281 2257 432 2323 Ister,
460 2257 626 2321 Atax,
663 2257 928 2323 Gabarus,
972 2259 1148 2324 Olitis,
1205 2260 1375 2324 Albis,
1424 2260 1582 2315 Arar.

221 2347 327 2418 Quo
345 2350 593 2420 synodus
623 2351 849 2415 clerum,
870 2352 1128 2423 populum
1153 2352 1238 2406 lex
1273 2354 1565 2425 stringeret
1588 2352 1750 2418 alma,

282 2440 511 2513 Duxque
545 2441 687 2498 foret
713 2445 925 2500 cunctis
954 2445 1138 2517 regula
1164 2445 1298 2501 calle
1322 2460 1441 2500 suo.

217 2531 468 2590 Ecclesia:
496 2545 724 2592 sanctus
750 2537 942 2591 matris
962 2552 1067 2605 quo
1095 2547 1368 2592 cresceret
1397 2538 1550 2603 ordo,

285 2627 519 2684 Urbibus
551 2638 610 2683 et
636 2628 832 2684 validis
859 2643 1084 2699 mosque
1109 2629 1380 2698 decorque
1402 2629 1544 2699 pius,

215 2717 355 2787 Quas
373 2722 540 2786 Arar,
572 2730 631 2776 et
654 2720 880 2787 Wardo,
909 2719 1200 2776 Rhodanus
1229 2736 1367 2790 quas
1405 2720 1559 2775 alluit
1580 2734 1728 2787 acer,

278 2811 512 2880 Elauris,
545 2812 664 2868 sive
687 2812 772 2866 his
793 2812 1266 2867 connumerandus
1288 2811 1448 2878 Atax,

215 2899 462 2974 Quasque
497 2903 854 2973 AlpesLatio,
881 2903 1053 2974 Libya
1074 2903 1415 2959 discriminat
1443 2919 1654 2976 aequor,

279 2995 539 3067 Quasque
561 2997 852 3066 Pyrenaeus
884 2995 1014 3051 orbe
1049 2995 1115 3050 ab
1147 2996 1295 3051 lbere
1323 3005 1432 3062 tuo,

215 3085 316 3145 Seu
338 3106 478 3160 quas
499 3090 824 3159 Lugdunum
840 3091 1072 3146 Arcturo
1099 3097 1194 3145 aut
1211 3091 1472 3162 Aquilone
1495 3090 1730 3158 revellit,

280 3182 503 3254 Resque
526 3183 797 3252 Aquitana
817 3183 928 3238 tuis
957 3184 1182 3254 pulchra
1205 3184 1398 3240 Tolosa
1425 3185 1582 3242 locis;

212 3269 457 3329 Haeserat
483 3275 590 3330 hac
621 3274 774 3330 nobis
794 3274 1094 3330 Laidradus
1113 3285 1261 3332 sorte
1287 3276 1485 3332 sodalis
1505 3319 1518 3344 ,

277 3364 522 3422 Cederet
543 3374 604 3422 ut
630 3383 858 3438 magnus
889 3368 992 3424 hac
1023 3368 1297 3424 relevante
1326 3369 1498 3424 labor.

212 3456 446 3516 Noricus
475 3461 625 3516 hunc
660 3461 865 3532 genuit,
891 3462 1038 3516 hunc
1073 3469 1126 3516 tu
1154 3462 1413 3533 Lugdune
1439 3460 1681 3516 futurum

277 3550 619 3607 Pontificem
647 3566 836 3623 speras
864 3553 1161 3623 relligiOnis
1187 3555 1308 3622 ope;

209 3639 340 3696 Arte
368 3643 540 3708 eluit,
572 3659 842 3713 sensuque
867 3644 1035 3715 viget,
1067 3644 1267 3697 virtute
1297 3643 1580 3698 redundat.

274 3731 383 3787 Cui
408 3733 535 3785 vita
562 3732 628 3785 ad
657 3746 905 3800 superam
935 3733 1197 3787 transitus
1228 3734 1328 3787 ista
1359 3743 1559 3788 manet.

208 3819 325 3878 lam
357 3822 637 3892 Lugdune
665 3823 774 3877 tuis
805 3823 966 3878 celsis
992 3831 1115 3893 post
1142 3831 1290 3893 terga
1322 3823 1526 3879 relictis

277 3917 590 3981 Moenibus,
619 3917 967 3986 aggredimur
985 3932 1148 3972 causa
1172 3917 1314 3986 quod
1343 3926 1493 3986 optat
1521 3918 1642 3973 iter.

213 4006 425 4064 Saxnsa
453 4008 700 4078 petimus
731 4016 1101 4064 constructam
1133 4009 1184 4063 in
1215 4007 1354 4062 valle
1377 4009 1674 4074 Viennam,

281 4100 464 4169 Quam
512 4099 722 4172 scopuli
763 4101 886 4157 inde
936 4108 1170 4169 arctant,
1221 4101 1346 4158 hinc
1401 4103 1600 4172 premit
1638 4103 1812 4160 amnis

1539 4195 1739 4266 [hians.

216 4281 340 4338 Inde
369 4283 689 4339 Valentinis
707 4283 870 4338 terris
900 4284 1129 4353 urbique
1150 4283 1351 4352 jacenti
1373 4325 1388 4349 ,

290 4378 479 4450 Rupce
509 4393 613 4431 nos
636 4377 881 4432 dedimus
905 4377 1031 4431 hinc
1053 4376 1327 4431 Morcuate
1351 4376 1467 4430 tibi.

218 4464 346 4523 Post
371 4478 429 4524 et
451 4466 760 4522 Arausiuas
786 4473 981 4531 terras,
1014 4474 1068 4520 et
1089 4465 1364 4520 Avennica
1401 4479 1529 4519 rura

287 4559 621 4629 Tangimus,
653 4566 707 4613 et
735 4558 870 4612 fines
896 4571 1030 4626 quos
1058 4564 1280 4612 tenuere
1302 4557 1472 4612 Getae.

218 4648 344 4706 Inde
374 4649 776 4706 Nemausiacas
801 4649 998 4705 sensim
1026 4662 1382 4719 preperamus
1411 4647 1478 4701 ad
1505 4660 1692 4712 arces,

288 4742 408 4810 Quo
439 4743 692 4812 spatiosa
722 4741 852 4795 urbs
879 4749 979 4806 est,
1007 4755 1202 4810 resque
1230 4754 1458 4811 operosa
1487 4740 1642 4795 satis.

222 4832 358 4891 Hine
391 4835 688 4891 Madalona
722 4833 911 4888 habuit
948 4832 1154 4895 lmvam,
1190 4832 1473 4887 Sextantio
1523 4834 1811 4888 dextram:

290 4929 392 4985 Hie
422 4930 644 4986 scabris
666 4925 844 4997 podiis
867 4926 1124 4994 cingitur,
1167 4925 1255 4978 illa
1279 4925 1419 4978 mari

223 5022 354 5091 Quis
384 5025 533 5080 bene
561 5021 808 5079 transitis
827 5055 841 5084 ,
871 5018 1137 5092 Agatbem
1166 5027 1289 5074 mox
1317 5026 1473 5089 parte
1497 5018 1718 5075 sinistra

291 5148 319 5176 ι
362 5133 709 5206 Prwfecmra
761 5132 906 5206 mihi.
947 5131 1294 5206 Legationem
1325 5131 1600 5206 intelligit
1634 5142 1820 5206 quam,

223 5205 403 5261 Caroli
434 5198 591 5274 regis
646 5204 922 5267 mandato,
963 5198 1163 5260 missus
1192 5203 1496 5260 dominicus
1516 5198 1724 5274 obierat
1769 5199 1821 5257 in

225 5274 395 5358 Gallia
440 5273 790 5358 Narbonensi
847 5291 952 5358 una
977 5290 1102 5358 cum
1157 5275 1428 5358 Laidrado
1479 5273 1822 5358 postmodum

223 5349 484 5419 episcopo
548 5346 917 5419 Lugdunensi.
974 5345 1090 5419 Quo
1133 5345 1360 5419 nomine
1399 5344 1533 5419 finés
1582 5344 1825 5413 ejusdem

225 5415 529 5486 pirnviu'eiae
593 5415 804 5487 iterque
852 5431 1008 5472 suum
1030 5415 1289 5487 Lugdune
1315 5415 1620 5470 Narlmne'm
1654 5423 1824 5484 usque

225 5485 442 5558 poetico
475 5505 633 5544 more
677 5485 956 5558 describit.
1017 5485 1188 5540 Ollicii
1240 5493 1418 5540 autem
1456 5487 1616 5554 hujus
1655 5498 1817 5553 quam

227 5557 402 5630 ampla
437 5561 611 5617 fuerit
636 5568 895 5630 potestas,
928 5557 1206 5612 declarant
1240 5558 1400 5630 verba
1443 5557 1816 5630 episcoporum

215 5632 294 5685 ad
319 5627 591 5688 Carolulu
619 5627 840 5688 Calvum
867 5631 918 5685 in
957 5629 1133 5690 Vcrno
1172 5627 1408 5700 palatio:
1445 5647 1462 5679 ‹
1499 5627 1817 5700 Qumsumus

228 5711 287 5754 ut
343 5704 622 5758 scelerum
673 5711 995 5776 patratores,
1057 5708 1111 5755 et
1166 5690 1471 5767 apostolica:
1501 5690 1817 5776 discipline

231 5765 887 5845 contemptoresfmissis
912 5785 942 5825 a
971 5770 1140 5825 latere
1171 5765 1350 5824 vestro
1397 5770 1637 5838 probatae
1661 5765 1816 5845 'fidel

231 5837 692 5920 legatis,'abs'que
719 5851 965 5920 respectu
1019 5854 1377 5914 personarum
1398 5837 1479 5895 ’et
1499 5837 1816 5896 excusatio-

1541 385 1873 462 ostuuut.
1913 385 2044 460 us.
2081 387 2123 442 ι.

1809 499 1868 572 Α
1959 517 2260 589 Liquimus,
2291 526 2347 577 et
2385 527 2599 575 uosmet
2623 526 2768 576 tecta
2791 520 3035 579 Βεεθκῆ
3063 522 3286 596 habent.

1891 608 2012 674 Mox
2039 611 2194 666 sedes
2219 609 2471 666 Narbona
2503 618 2645 677 tuas,
2674 612 2975 682 urbemque
2992 612 3251 690 decoram

1961 700 2275 774 Tangimus,
2307 703 2544 758 occurrit
2563 718 2669 772 quo
2691 703 2824 759 mihi
2851 703 2974 760 lasta
2993 706 3197 764 cohors
3213 745 3232 773 ,

1888 792 2168 862 Relliquiae
2196 793 2369 850 Getici
2393 795 2594 866 populi,
2631 795 2791 850 simul
2823 797 2851 837 δ
2878 796 3118 868 Hespcra
3144 798 3304 866 turba

1962 883 2043 937 Me
2071 885 2474 958 consanguineo
2503 885 2564 941 fit
2591 885 2728 942 duce
2757 885 2879 941 laeta
2906 886 3034 944 sibi.

1889 974 2017 1030 Inde
2043 977 2340 1034 revisentes
2366 987 2417 1033 te
2445 977 2810 1045 Carcassona,
2842 979 3162 1052 Redasque,

1962 1066 2226 1122 Moenibus
2250 1067 2533 1126 inferimus
2561 1084 2660 1124 nos
2681 1071 2791 1126 cito
2812 1069 2995 1128 Narbo
3025 1073 3154 1129 tuis.

1892 1156 2140 1227 Undique
2161 1160 2493 1216 conveniunt
2515 1160 2696 1231 populi
2727 1160 2966 1230 clerique
2992 1171 3261 1229 caterva,

1961 1249 2027 1302 Et
2048 1248 2285 1320 synodus
2303 1250 2534 1316 clerum,
2557 1251 2641 1306 lex
2666 1253 2805 1322 regit
2825 1252 2967 1310 alma
2989 1252 3186 1310 forum.

1893 1338 2024 1407 Quis
2048 1340 2186 1394 bene
2215 1340 2550 1409 compositis,
2581 1357 2682 1396 nos
2713 1325 2933 1406 tandem
2965 1342 3222 1412 epulente
3269 1344 3479 1418 recepit

1965 1431 2108 1486 Urbs
2133 1430 2346 1496 Arelas,
2373 1432 2521 1488 cives
2547 1447 2712 1501 quam
2747 1442 2988 1494 statuere
3012 1434 3118 1490 sui.

1893 1523 2037 1588 Urbs
2060 1523 2270 1588 Arelas,
2293 1524 2415 1579 aliis
2437 1539 2557 1593 qua:
2579 1524 2824 1594 pluribus
2844 1525 3069 1584 urbibus
3089 1535 3292 1592 exstat,

1963 1615 2143 1669 Prima
2173 1615 2341 1686 gradu
2374 1624 2554 1672 tamen
2581 1625 2683 1682 est,
2722 1615 2919 1683 Narbo,
2947 1619 3186 1676 secunda
3209 1619 3328 1678 tibi.

1894 1705 2012 1774 Quo
2030 1707 2235 1777 synodo
2258 1706 2408 1772 cleri,
2434 1708 2611 1776 legum
2635 1709 3006 1766 moderamine
3024 1709 3200 1780 plebis

1963 1798 2188 1856 Pectora
2219 1801 2563 1856 contudimus
2578 1801 2718 1871 juris
2748 1810 2804 1857 et
2823 1803 2960 1858 artis
2993 1818 3119 1872 ope.

1898 1891 2135 1948 Massilia
2155 1892 2406 1962 Argolica
2437 1908 2536 1948 nos
2564 1894 2708 1963 cepit
2727 1892 2943 1950 condita
2971 1903 3162 1962 gente;
3433 1966 3448 1973 _

1967 1983 2170 2038 Arvum
2195 1992 2250 2038 et
2275 1983 2500 2054 Aquinze
2521 1984 2692 2049 urbis,
2725 1985 2858 2049 sive,
2891 1982 3130 2047 Cavelle.
3161 1992 3334 2043 tuum.

1896 2074 1997 2134 Ast
2021 2075 2155 2134 alias
2177 2075 2409 2131 lustrare
2435 2081 2579 2130 vetat
2598 2089 2696 2144 per
2723 2074 2935 2154 singula
2964 2091 3127 2134 casus
3146 2115 3161 2142 .

1970 2155 2210 2234 Quarum
2239 2183 2338 2222 nos
2361 2166 2589 2237 populus
2613 2181 2720 2236 quo
2747 2182 2936 2224 sumus
2965 2167 3144 2232 omnis
3170 2167 3303 2236 adit.

1899 2257 2160 2330 Equoris
2185 2261 2357 2316 insani
2387 2259 2502 2316 fera
2531 2276 2668 2330 quas
2691 2260 2890 2322 vicinia
2917 2260 3062 2316 laedit
3082 2299 3100 2325 ,

1970 2354 2110 2424 Aere
2139 2362 2395 2424 corrupto
2420 2365 2474 2408 et
2497 2353 2714 2408 tabidus
2739 2353 2886 2408 efﬂat
2913 2355 3068 2408 odor.

1901 2445 2152 2516 Quasque
2177 2445 2356 2500 levant
2375 2445 2560 2510 colles,
2586 2456 2680 2502 aut
2701 2445 2856 2506 vallis
2880 2445 3186 2517 strangulat
3208 2445 3338 2510 ima,

1972 2539 2119 2605 Quas
2145 2537 2260 2592 fera
2290 2536 2470 2606 pulsat
2497 2537 2693 2602 hiems,
2713 2537 2942 2606 grando.
2962 2537 3179 2608 pruina,
3203 2535 3380 2594 nives.

1899 2627 2015 2686 lllic
2042 2637 2098 2683 et
2125 2627 2321 2693 dumis,
2353 2635 2409 2682 et
2434 2635 2606 2684 acutae
2630 2627 2892 2684 stramine
2924 2627 3129 2692 cautis,

1973 2720 2342 2790 Abruptisque
2362 2720 2511 2776 cavis
2530 2719 2881 2778 continuatur
2903 2720 3026 2776 iter.

1902 2811 2014 2869 Ima
2041 2820 2227 2868 tenent
2252 2811 2439 2877 valles,
2471 2812 2702 2870 tendunt
2727 2812 2794 2867 ad
2816 2811 2998 2871 nubila
3022 2817 3253 2876 montes

1975 2903 2290 2975 Praecipites
2309 2918 2498 2960 amnes
2516 2903 2714 2961 montis
2740 2903 2808 2958 ab
2837 2917 2962 2960 arce
2984 2910 3169 2963 ruunt.

1906 2996 2096 3067 Magna
2116 2997 2431 3053 catervatim
2454 3009 2554 3052 nos
2573 2994 2767 3052 concio
2794 3008 2937 3063 saepe
2963 2992 3308 3062 frequentat.

1976 3088 2135 3146 Etas
2155 3102 2292 3158 quos
2314 3086 2462 3142 dicat
2483 3099 2647 3142 sexus
2674 3093 2731 3142 et
2748 3084 2926 3140 omnis
2953 3083 3117 3143 habet
3133 3123 3148 3148 .

1907 3180 2192 3246 Parvulos,
2231 3192 2492 3242 annosus,
2516 3175 2750 3246 juvenis,
2787 3189 2941 3245 puer,
2982 3174 3212 3240 innuba,
3260 3170 3487 3234 caelebs,

1977 3274 2165 3345 Major,
2194 3272 2457 3342 ephebus,
2488 3285 2649 3336 anus,
2680 3281 2928 3340 masque,
2961 3267 3179 3333 marita,
3219 3265 3416 3323 minor.

1906 3367 2045 3437 Quid
2073 3366 2294 3422 moror?
2319 3365 2586 3420 instanter
2608 3364 2877 3434 prmnittit
2919 3369 3146 3428 munera
3173 3361 3362 3432 plebes
3385 3400 3403 3427 ,

1977 3457 2241 3530 Quodque
2263 3456 2431 3524 cupit,
2467 3453 2694 3519 factum,
2721 3455 2767 3509 si
2795 3453 2967 3519 dabit,
2992 3466 3115 3510 esse
3139 3457 3311 3522 putat.

1907 3550 2023 3607 Hoc
2051 3550 2216 3605 animi
2249 3563 2466 3604 murum
2486 3555 2756 3603 tormento
2787 3547 3040 3616 frangere
3067 3551 3315 3611 certant,
3341 3571 3346 3576 -

1981 3642 2167 3704 Arietu
2195 3655 2304 3709 quo
2331 3639 2426 3695 tali
2451 3653 2603 3694 mens
2629 3637 2770 3693 male
2788 3637 2943 3706 pulsa
2965 3645 3111 3690 ruat.

1911 3732 2011 3789 Hic
2040 3741 2096 3788 et
2125 3731 2458 3804 crystallum,
2483 3739 2538 3785 et
2558 3744 2800 3801 gemmas
2828 3727 3099 3799 promittit
3124 3725 3296 3792 ans,

1983 3825 2040 3880 Si
2068 3822 2265 3878 faciam
2295 3821 2520 3876 alterius
2548 3829 2608 3875 ut
2639 3819 2881 3892 potiatur
2909 3820 3076 3894 agris.

1909 3915 2016 3973 Iste
2042 3917 2194 3989 gravi
2221 3929 2446 3970 numero
2467 3928 2716 3969 nummos
2736 3913 2845 3969 fert
2863 3913 3046 3969 divitis
3068 3912 3208 3978 auri,

1981 4007 2126 4075 Quos
2159 4005 2400 4061 Arabum
2430 4019 2634 4070 sermo,
2678 4004 2792 4060 sive
2820 4004 3101 4059 character
3126 4009 3278 4066 arat,

1908 4103 2016 4157 Aut
2041 4117 2177 4173 quos
2207 4108 2432 4170 argento
2461 4099 2649 4154 Latius
2680 4098 2848 4170 stylus
2873 4098 3136 4169 imprimit
3161 4096 3315 4159 albo,

1983 4193 2040 4247 Si
2065 4202 2242 4248 tamen
2265 4191 2508 4261 acquirat
2531 4191 2756 4262 praedia,
2783 4205 2930 4251 rura,
2957 4189 3170 4243 domus.

1914 4285 2064 4340 Clam
2087 4291 2332 4338 nostrum
2355 4283 2574 4350 quidam
2596 4280 2867 4334 submissa
2891 4293 3022 4333 voce
3049 4277 3356 4330 ministrum

1985 4376 2210 4439 Evocat,
2241 4374 2344 4428 ista
2367 4377 2523 4430 sonat
2549 4369 2717 4424 verba
2740 4367 2980 4426 sonanda
3002 4364 3135 4420 mihi
3165 4382 3179 4419 :

1913 4465 2010 4524 Est
2031 4464 2164 4522 mihi
2194 4477 2291 4518 vas
2312 4460 2530 4530 aliquod
2551 4460 2723 4528 signis
2750 4459 2962 4529 insigne
2989 4455 3248 4522 vetustis,

1837 4580 1892 4641 ῃ
1988 4558 2086 4614 Cui
2112 4571 2249 4628 pura
2271 4563 2327 4610 et
2346 4569 2506 4620 vena,
2536 4559 2591 4608 et
2627 4567 2735 4608 non
2766 4550 2884 4606 leve
2908 4549 3122 4620 pondus
3150 4548 3294 4606 inest

1919 4651 2037 4721 Quo
2059 4650 2245 4707 caelata
2270 4655 2460 4718 patent
2477 4645 2742 4702 scelerum
2771 4643 2998 4713 vestigia
3023 4641 3182 4710 Caci,

1990 4747 2139 4801 Tabo
2167 4752 2222 4800 et
2247 4741 2522 4812 stipitibus
2547 4755 2644 4796 ora
2671 4738 2848 4794 soluta
2871 4738 3068 4792 virum.

1915 4837 2132 4896 Ferrati
2158 4833 2385 4905 scopuli,
2414 4834 2580 4890 variae
2610 4847 2706 4887 seu
2733 4831 2887 4901 signa
2916 4828 3154 4899 rapinae,

1991 4928 2239 4983 Humano
2271 4932 2326 4980 et
2347 4925 2613 4994 pecudum
2636 4922 2902 4993 sanguine
2929 4927 3111 4976 tactus
3141 4933 3289 4990 ager.

1919 5019 2038 5087 Quo
2071 5019 2224 5073 furor
2243 5015 2538 5072 Herculeus
2565 5013 2881 5070 Vulcanidis
2905 5027 3030 5069 ossa
3052 5010 3323 5078 retundit,

1916 5146 1988 5187 ne
2027 5143 2309 5199 munerum
2345 5132 2718 5199 coerceantur.
2761 5145 2781 5179 ι
2814 5125 2896 5181 Ab
2927 5123 3045 5199 hac
3074 5137 3206 5199 ergo
3231 5116 3502 5199 legatione

1920 5185 2219 5256 Theodulfo
2251 5206 2380 5253 nata
2417 5206 2503 5253 est
2545 5197 2760 5252 occasio
2799 5204 2862 5252 ut
2910 5196 2975 5250 de
3019 5185 3264 5261 judicum
3290 5185 3499 5261 'oflicio,

1921 5271 2048 5341 quid
2072 5271 2410 5341 potissimum
2437 5284 2650 5341 cavere,
2679 5268 2808 5341 quid
2837 5256 3096 5337 praestare
3123 5259 3375 5322 debeant,
3397 5256 3500 5318 hoc

1923 5333 2167 5398 carmine
2205 5333 2502 5396 ducendum
2533 5333 2892 5394 existimaret.
3077 5397 3082 5398 γ
3191 5395 3203 5398 _
3242 5395 3262 5398 _
3324 5395 3336 5398 Α
3482 5359 3484 5361 -

1995 5413 2024 5453 ιι
2053 5409 2286 5482 Hespera
2315 5395 2468 5465 turba
2493 5427 2575 5464 me
2616 5406 3020 5482 consanguineo.
3054 5395 3206 5479 Quod
3241 5395 3502 5482 [talorum

1921 5468 2379 5554 consanguineum
2425 5496 2484 5554 se
2539 5482 2691 5554 dicit,
2746 5468 3060 5554 videndum.
3089 5473 3156 5553 an
3196 5468 3404 5554 referri.
3437 5484 3503 5524 co

1920 5563 2086 5625 qucat
2125 5541 2281 5624 quod
2327 5553 2394 5614 de
2423 5549 2722 5625 Theodulfo
2754 5562 2844 5625 e__x__
2873 5541 3498 5625 chronicislquibusdaiu
3555 5609 3560 5614 Ι

1918 5609 2194 5708 redituri
2239 5609 2419 5708 suae
2436 5611 2604 5708 retuli
2613 5635 2747 5708 "19%
2766 5611 3088 5708 illaesi}
3096 5609 3250 5708 Ξιέὶέιλ.
3258 5619 3504 5708 rues:

1918 5682 2157 5752 scientia:
2184 5682 2736 5768 praerogativamnqua
2766 5685 3022 5758 pollebat,
3047 5697 3076 5741 a
3098 5682 3297 5742 Carolo
3310 5682 3504 5756 Magno
3531 5693 3544 5698 ·

1919 5759 2212 5826 abductum
2233 5759 2401 5822 fuisse
2425 5764 2482 5818 in
2499 5759 2756 5818 Galliam.
