4046 6444
585 492 678 550 llle
701 490 819 547 fero
837 472 1046 564 patrios
1077 475 1256 541 ructat
1280 483 1349 538 ab
1370 495 1466 537 ore
1501 480 1672 535 fodos.
1764 493 1766 496 '

514 584 700 654 Quove
745 597 883 656 genu
909 578 1267 644 stomachum,
1299 589 1394 631 seu
1421 571 1656 630 calcibus
1711 571 1800 627 ilia
1850 568 2086 640 rumpit,

585 673 908 731 Fumifluum
930 671 1080 728 clava
1103 679 1286 742 guttur
1312 676 1366 722 et
1398 681 1494 723 ora
1517 666 1709 736 quatit.

514 768 629 824 lllic
664 779 792 836 rupe
815 780 946 820 cava
975 764 1160 819 videas
1185 759 1476 832 procedere
1497 766 1702 812 tauros.

583 859 652 913 Et
668 858 911 930 pavitare
937 855 1132 911 iterum
1155 860 1277 924 post
1301 867 1397 907 sua
1418 859 1565 919 terga
1594 847 1734 902 trahi
1751 887 1766 913 ,

514 950 628 1006 Hoc
651 951 705 1004 in
732 957 885 1019 parte
910 944 1066 1013 cava,
1094 946 1291 1016 planus
1315 943 1399 999 cui
1423 940 1662 997 circulus
1685 953 1782 994 ore
1811 946 1925 1005 est,

587 1043 698 1099 Nec
725 1041 950 1098 nimium
979 1040 1142 1105 latus,
1175 1039 1328 1109 signa
1359 1037 1565 1091 minuta
1592 1047 1816 1106 gerens,

516 1132 753 1190 Perculit
777 1141 837 1187 ut
861 1133 1104 1203 geminos
1132 1129 1312 1185 infans
1337 1127 1657 1201 Tyrintbius
1681 1139 1881 1197 angues
1898 1164 1914 1193 ,

588 1221 791 1278 Ordine
813 1230 938 1277 sunt
964 1222 1127 1276 etiam
1154 1229 1306 1293 gesta
1333 1227 1518 1274 notata
1544 1218 1750 1272 decem.

515 1315 588 1371 At
613 1330 741 1385 pars
773 1319 1011 1370 exterior
1038 1313 1230 1368 crebro
1257 1329 1356 1368 usu
1380 1326 1502 1366 rasa
1532 1311 1732 1381 politur
1751 1350 1766 1374 ,

586 1405 908 1478 Eﬂigiesque
932 1405 1073 1475 perit
1101 1411 1376 1460 attenuata
1399 1412 1558 1458 vetus
1578 1443 1593 1469 ,

517 1497 634 1566 Quo
665 1497 877 1558 Alcides
913 1495 1260 1567 Calydonque
1290 1495 1484 1561 amnis,
1513 1493 1820 1564 Nessusque
1847 1485 2096 1548 dlformls

588 1589 810 1645 Certant
843 1602 943 1658 pro
971 1587 1154 1657 specie
1180 1586 1428 1656 Deianira
1463 1595 1572 1640 tua.
1867 1650 1876 1654 _
2016 1595 2018 1600 ·

516 1679 670 1736 Inlita
699 1679 917 1735 Nessum
943 1676 1127 1733 feralis
1155 1678 1414 1749 sanguine
1437 1677 1606 1731 vestis

590 1770 862 1836 Cernitur,
888 1779 945 1825 et
967 1769 1154 1824 miseri
1176 1768 1283 1822 fata
1304 1767 1548 1838 pavenda
1573 1765 1790 1836 Lychte.

520 1863 706 1920 Perdit
727 1871 780 1918 et
803 1861 1021 1917 Antazus
1050 1862 1184 1916 dura
1210 1862 1354 1916 inter
1374 1859 1594 1915 brachia
1615 1859 1783 1913 vitam
1799 1896 1813 1921 ,

592 1953 694 2021 Qui
732 1954 891 2008 solito
926 1952 1094 2008 sterni
1117 1966 1265 2008 more
1297 1959 1510 2006 vetatur
1541 1951 1724 2004 humo.

522 2044 637 2102 Hoc
663 2061 762 2118 ego
791 2061 908 2102 sum
933 2045 1150 2100 domino
1182 2044 1481 2117 (dominum
1504 2059 1590 2099 me
1611 2041 1750 2098 forte
1777 2041 2030 2114 vocabat)

595 2141 846 2206 Laturus,
875 2139 1017 2194 votis
1043 2139 1089 2194 si
1120 2137 1264 2194 favet
1293 2137 1380 2192 ille
1402 2138 1558 2193 meis.

523 2229 658 2288 Pars
689 2225 980 2288 numerusa
1017 2229 1204 2285 subest
1239 2228 1440 2300 populi,
1473 2235 1711 2282 matrum
1752 2237 1916 2298 atque
1957 2225 2102 2281 viro-

942 2348 944 2350 '
1865 2317 2032 2389 [ιίιω.

595 2414 886 2481 lnfantum,
904 2416 1184 2486 iuvenum,
1217 2429 1349 2471 sexu
1371 2414 1440 2469 ab
1473 2421 1709 2482 utroque
1738 2409 1902 2481 simul
1933 2429 1949 2466 :

525 2506 671 2574 Quos
698 2517 852 2576 pater
879 2515 934 2561 et
961 2507 1194 2578 genitrix
1224 2505 1325 2561 sub
1349 2505 1618 2560 libertatis
1641 2504 1848 2559 honore

593 2596 846 2666 Liquere,
870 2611 938 2651 ex
964 2595 1057 2651 illo
1086 2596 1255 2651 libera
1281 2597 1440 2651 turba
1469 2602 1710 2650 manent.

525 2689 765 2757 Quorum
793 2689 838 2744 si
861 2689 1080 2743 chartas
1105 2688 1312 2751 vitiem,
1335 2701 1464 2742 vase
1486 2685 1574 2741 ille
1601 2692 1816 2741 vetusto
1837 2724 1853 2751 ,

597 2779 692 2836 His
714 2795 834 2850 ego,
859 2788 917 2834 tu
935 2780 1091 2836 donis
1129 2793 1254 2834 mox
1276 2779 1486 2849 potiere
1512 2778 1666 2833 meis.

414 2923 426 2934 .
525 2872 676 2928 Alter
705 2874 800 2939 ait,
843 2873 1128 2928 mihi-sunt
1150 2873 1304 2927 vario
1333 2871 1510 2926 fucata
1539 2870 1720 2925 colore

597 2964 789 3031 Pallia,
812 2979 932 3034 quae
958 2964 1126 3030 misit,
1159 2971 1219 3018 ut
1246 2972 1394 3033 puto,
1420 2972 1605 3019 torvus
1627 2961 1822 3017 Arabs.

529 3055 648 3124 Quo
694 3054 894 3110 vitulus
935 3062 1165 3110 matrem
1195 3053 1453 3124 sequitur,
1485 3068 1592 3123 quo
1621 3051 1817 3107 bucula
1847 3061 2065 3107 taurum
2088 3089 2105 3117 ,

600 3145 868 3201 Concolor
887 3154 974 3201 est
1008 3145 1176 3200 vitulo
1198 3144 1412 3211 bucula,
1453 3143 1658 3215 bosque
1678 3143 1820 3198 bovi.

532 3235 884 3306 Splendorem
917 3244 1148 3306 spectes,
1195 3235 1546 3306 iunctamque
1587 3233 1860 3289 coloribus
1900 3241 2105 3302 artem,

605 3325 783 3398 thue
810 3327 945 3382 rotis
970 3327 1184 3398 magnis
1205 3327 1391 3397 iuncta
1415 3327 1488 3382 sit
1504 3334 1621 3380 arte
1643 3326 1838 3381 minor.

533 3419 628 3476 Est
653 3421 785 3476 mihi
822 3436 943 3476 cum
965 3422 1199 3492 quodam
1222 3421 1288 3476 de
1312 3420 1576 3476 armentis
1594 3419 1823 3489 quaestio
1846 3417 2108 3490 pulchris.

605 3509 711 3566 Pro
735 3511 930 3582 quibus
959 3512 1064 3568 ista
1088 3527 1222 3582 paro
1245 3525 1486 3580 congrua
1513 3516 1655 3564 dona
1674 3507 1825 3562 dare.

533 3600 641 3658 Pro
660 3603 845 3659 vitulis
865 3603 1116 3670 vitulum,
1145 3617 1246 3674 pro
1283 3603 1456 3658 tauris
1480 3601 1648 3657 offero
1685 3609 1898 3655 taurum
1916 3639 1936 3668 ,

606 3693 713 3750 Pro
741 3710 906 3750 vacca
933 3709 1176 3760 vaccam,
1206 3708 1308 3764 pro
1334 3691 1470 3748 bove
1497 3692 1639 3747 dono
1663 3691 1874 3747 bovem.

536 3786 735 3844 Pocula
761 3788 1031 3858 promittit
1053 3787 1271 3863 quidam
1302 3801 1360 3841 se
1384 3785 1609 3856 pulchra
1635 3782 1922 3850 daturum',

611 3878 673 3934 Si
702 3879 862 3933 modo
883 3893 1002 3947 quae
1029 3878 1204 3948 poscit
1227 3892 1336 3932 non
1357 3876 1461 3933 sibi
1485 3875 1658 3932 danda
1681 3874 1868 3930 darem
1893 3891 1906 3928 :

539 3970 876 4038 lnteriusque
905 3983 1097 4022 aurum
1121 3969 1364 4023 exterius
1392 3966 1617 4039 nigredo
1648 3966 1900 4030 decorat,

606 4057 1432 4131 Cumcolurargentijulphnre
1463 4066 1639 4114 tactus
1667 4056 1800 4111 abit.

541 4155 674 4224 Quis
706 4155 843 4211 bene
870 4153 1044 4210 fulcra
1075 4153 1268 4220 nitent,
1296 4162 1350 4209 et
1369 4151 1592 4224 pulchra
1617 4155 1940 4207 toreumata.
1970 4146 2114 4204 Pan-

1879 4239 2034 4311 [nos,

613 4337 764 4394 Alter
809 4338 906 4403 ait,
951 4338 1218 4402 dabimus,
1264 4351 1386 4406 quae
1436 4350 1567 4407 rogo
1611 4335 1658 4391 si
1699 4333 1933 4392 dederis.

544 4427 756 4484 Vitibus
779 4437 942 4498 atque
968 4429 1119 4492 oleis,
1153 4428 1337 4482 herbis
1355 4435 1580 4482 ornatus
1604 4434 1660 4482 et
1679 4426 1852 4482 hortis
1874 4463 1892 4491 ,

615 4518 860 4589 lnriguus
883 4518 1057 4588 patris
1080 4525 1164 4573 est
1185 4525 1356 4572 morte
1380 4517 1599 4571 relictus
1635 4531 1785 4587 ager.

545 4607 674 4664 lude
701 4608 832 4662 mihi
861 4617 1043 4678 partes
1073 4607 1376 4676 fratresque
1401 4622 1664 4678 sororque
1692 4606 2012 4678 requirunt,
2043 4637 2048 4650 -.

618 4699 880 4757 Consorte
906 4701 1052 4756 hunc
1076 4699 1224 4755 nullo
1252 4699 1400 4754 solus
1428 4700 1629 4754 habere
1652 4698 1833 4755 velim.

533 4793 671 4850 Noti
692 4807 912 4864 compos
933 4805 1048 4857 ero,
1077 4791 1170 4846 tibi
1195 4792 1245 4846 si
1267 4807 1384 4847 mea
1409 4800 1532 4847 vota
1555 4790 1868 4861 placebunt,

619 4888 749 4954 Qua:
777 4887 846 4942 do
872 4886 920 4941 si
949 4886 1152 4956 capias,
1180 4900 1300 4956 quae
1320 4901 1452 4956 rogo
1474 4885 1577 4940 rite
1603 4883 1778 4938 dabis.

552 4977 843 5048 Snbripere
870 4977 960 5032 ille
981 4977 1123 5034 lares
1147 4977 1281 5033 socii
1311 4978 1476 5048 cupit,
1512 4976 1614 5030 iste
1635 4971 1875 5028 novales.

619 5067 794 5123 Ambo
817 5068 993 5123 aliena
1019 5069 1258 5139 quidem,
1285 5069 1372 5124 hic
1395 5073 1564 5130 tenet,
1595 5063 1685 5119 ille
1713 5064 1880 5133 cupit.
1907 5076 1912 5080 ‘

548 5159 702 5216 Alter
728 5169 789 5214 ut
820 5160 1088 5230 acquirat,
1120 5175 1190 5215 ne
1221 5159 1412 5230 perdat
1439 5156 1686 5212 aduritur
1711 5154 1880 5220 alter,

622 5253 726 5310 Iste
749 5268 935 5310 ensem
963 5263 1017 5309 et
1043 5236 1285 5324 galeam,
1310 5251 1400 5306 hic
1429 5250 1560 5306 dare
1598 5257 1751 5306 scuta
1775 5255 1950 5320 parat.

554 5346 664 5402 Res
684 5347 854 5416 patris
883 5361 1022 5401 unus
1050 5347 1233 5410 habet,
1265 5343 1434 5398 frater
1462 5342 1608 5412 cupit
1637 5341 1773 5398 alter
1797 5340 1998 5396 habere
2015 5378 2031 5404 ,

626 5436 696 5492 Et
716 5438 846 5492 dare
869 5438 984 5492 vult
1007 5438 1178 5494 mulos
1200 5436 1359 5502 alter,
1384 5445 1441 5492 et
1461 5434 1599 5490 alter
1621 5448 1809 5503 equos.

558 5524 685 5582 Haec
712 5542 839 5596 pars
862 5527 1011 5584 dives
1031 5543 1211 5598 opum,
1237 5543 1361 5599 pars
1384 5527 1553 5581 instat
1571 5530 1766 5578 cetera
1786 5521 1958 5592 plebis
1974 5559 1990 5584 ,

632 5621 784 5688 Quod
807 5629 1052 5690 quaerant
1076 5635 1286 5686 omnes,
1313 5618 1566 5690 quodque
1585 5623 1885 5686 querantur
1906 5611 2129 5666 habent.

564 5711 670 5768 Sed
691 5727 790 5769 nec
813 5713 894 5769 eis
917 5713 1103 5767 deerat
1132 5711 1294 5768 dandi
1322 5720 1504 5766 tamen
1532 5716 1659 5782 apta
1681 5705 1954 5771 voluntas,

638 5804 876 5862 Diversis
894 5817 1036 5861 unus
1057 5801 1262 5861 viribus
1281 5817 1414 5860 usus
1430 5809 1571 5859 erat.

1489 363 1881 424 TBEODULFI
1916 353 2469 419 AURELIANENSIS
2505 355 2717 412 EPISC.

2111 456 2166 544 Α
2187 467 2379 540 Magna
2399 475 2461 522 ut
2488 466 2752 536 majores,
2771 466 2850 520 sic
2873 471 3128 534 promunt
3147 477 3316 534 parva
3339 465 3577 521 minores
3600 505 3616 530 ,
3695 536 3703 544 .

3651 356 3790 432 ξπ-

2258 561 2395 615 Dum
2416 559 2530 614 fore
2556 573 2674 628 qua:
2702 555 2926 626 cupiunt
2948 556 3050 610 hac
3070 554 3174 610 sibi
3195 564 3344 612 sorte
3371 563 3585 627 putant.

2185 652 2291 709 Iste
2315 661 2407 708 tuo
2431 653 2604 707 dictas
2627 651 2692 706 de
2712 649 2928 704 nomine
2949 647 3193 703 Corduba
3213 647 3380 719 pelles
3395 690 3410 714 ,

2257 741 2356 797 Hic
2379 742 2586 806 niveas,
2615 739 2750 794 alter
2778 738 3045 809 protrahit
3065 738 3188 793 inde
3216 737 3430 794 rubras.

2186 832 2360 888 Linea.
2380 832 2473 902 qui
2513 831 2655 900 potis
2678 837 2785 893 est,
2812 827 2908 898 qui
2926 843 3054 894 non,
3084 826 3189 883 fert
3227 827 3382 882 lanea
3410 827 3550 882 dona
3570 869 3586 893 ,
3621 834 3627 841 '

2259 926 2498 997 Tegmen
2527 934 2583 979 et
2608 925 2695 979 hic
2713 922 2928 993 capitis,
2955 921 3041 977 hic
3065 922 3242 992 pedis,
3265 921 3354 976 ille
3375 936 3592 976 manus.

2189 1018 2306 1086 Quo
2329 1015 2501 1072 facies
2525 1016 2752 1070 humore
2777 1013 2878 1069 levi
2908 1013 3224 1083 palmasque
3255 1013 3492 1068 solemus

2261 1107 2515 1179 Tergere,
2547 1108 2668 1178 quis
2695 1106 2932 1161 dandum
2968 1106 3154 1160 textile
3184 1122 3378 1161 munus
3399 1106 3583 1161 habet.

2192 1199 2400 1257 Scrinia
2429 1200 2602 1254 danda
2628 1207 2823 1269 parant
2852 1198 2964 1262 alii,
2996 1213 3096 1252 nec
3121 1196 3291 1252 defuit
3328 1197 3450 1264 ille,

2262 1289 2510 1346 Cereolas
2538 1288 2742 1344 rotulas
2769 1288 2859 1357 qui
2879 1282 3024 1343 dare
3053 1287 3211 1342 vellet
3237 1302 3424 1343 ovans.

2194 1379 2413 1452 Singula
2443 1379 2564 1449 quis
2602 1378 2838 1433 referat?
2864 1378 3104 1432 fidebant
3128 1391 3351 1432 munere
3373 1379 3552 1434 cuncti
3575 1418 3592 1441 ,

2262 1471 2374 1525 Nec
2403 1486 2462 1525 se
2486 1471 2606 1539 quis
2637 1470 2891 1539 quiddam
2918 1469 2972 1523 ni
3003 1470 3093 1524 det
3120 1471 3318 1524 habere
3346 1478 3522 1540 putat.

2193 1564 2239 1620 0
2261 1563 2527 1618 scelerata
2548 1562 2682 1626 lues,
2711 1572 2892 1632 partes
2924 1561 3113 1616 diffusa
3143 1577 3240 1630 per
3261 1577 3451 1615 omnes
3469 1601 3482 1626 ,

2265 1652 2308 1709 Ο
2348 1653 2542 1718 scelus,
2571 1669 2606 1708 ο
2648 1651 2815 1717 furor,
2861 1667 2984 1706 ores
3013 1651 3318 1706 truculenta
3355 1651 3553 1716 nimis,

2199 1749 2329 1816 Qua:
2353 1749 2454 1804 sibi
2475 1748 2744 1817 captivum
2774 1754 2942 1801 totum
2971 1745 3113 1800 male
3136 1743 3377 1798 vindicat
3404 1742 3592 1797 orbem
3612 1782 3628 1806 ,

2098 1831 2172 1892 ’Β
2268 1839 2379 1896 Nec
2407 1841 2556 1895 deest
2590 1839 2682 1908 qui
2710 1838 2822 1903 det,
2851 1852 2951 1892 nec
2973 1837 3064 1906 qui
3095 1835 3235 1891 male
3264 1842 3423 1904 capta
3462 1833 3632 1888 ferat!

2199 1933 2446 1988 Flectere
2475 1931 2554 1986 sic
2579 1938 2871 2000 properant
2897 1943 3003 1991 me,
3028 1943 3128 1982 nec
3166 1935 3350 1981 tamen
3377 1939 3498 1980 esse
3522 1932 3784 1994 putarent

2271 2018 2478 2083 Talem,
2505 2017 2561 2071 ni
2590 2016 2713 2070 talis
2744 2023 2869 2069 ante
2896 2014 3084 2068 fuisset
3110 2014 3203 2067 ibi.

2199 2110 2367 2166 Nemo
2395 2109 2450 2162 in
2482 2107 2636 2176 aquis
2663 2120 2842 2175 apros,
2872 2104 2927 2158 in
2958 2103 3107 2158 silvis
3137 2115 3394 2172 squamea
3421 2100 3593 2167 dona,

2268 2199 2435 2268 Inque
2460 2212 2618 2269 rogos
2649 2196 2830 2262 undis,
2863 2195 2916 2249 in
2947 2194 3064 2249 face
3092 2193 3288 2262 quterit
3329 2207 3522 2264 aquas.

2201 2289 2383 2346 Thura
2415 2287 2635 2342 Sabaeus
2672 2300 2820 2356 ager,
2851 2282 3110 2354 Gangetis
3137 2282 3375 2338 eburnea
3405 2289 3672 2346 monstra,

2271 2378 2501 2448 Grippes
2529 2373 2822 2449 [Gryphes]
2869 2383 2924 2430 et
2951 2373 3260 2445 Hyrcanus,
3310 2370 3552 2428 balsama
3599 2367 3784 2439 Syrus

3498 2461 3710 2534 [habet.

2205 2559 2428 2633 Singula
2456 2559 2574 2630 lege
2601 2573 2722 2625 sua,
2754 2572 2977 2613 assiduo
3005 2562 3323 2627 quaeruntur
3352 2561 3407 2608 et
3433 2567 3554 2620 usu,

2274 2654 2343 2709 Et
2366 2653 2485 2710 fore
2514 2653 2773 2708 mortales
2797 2653 2941 2722 quod
2965 2649 3067 2706 fuit
3094 2659 3219 2705 ante
3248 2655 3458 2721 putant.

2203 2745 2276 2802 At
2296 2761 2391 2802 sua
2420 2759 2544 2800 cum
2571 2751 2800 2799 cernunt
2827 2744 3116 2798 verborum
3143 2741 3349 2812 spicula
3375 2740 3568 2812 frangi,

2274 2839 2343 2893 Et
2371 2836 2446 2891 nil
2470 2835 2719 2906 promissi
2752 2834 2855 2888 tela
2881 2833 3061 2888 valere
3088 2834 3196 2899 sui,

2205 2930 2396 3000 Meque
2421 2929 2566 2984 velut
2595 2927 2791 2983 fortem
2821 2935 2944 2997 post
2974 2925 3158 2997 praelia
3183 2924 3414 2979 firmiter
3441 2921 3632 2978 urbem

2279 3020 2458 3087 Stare,
2491 3029 2654 3090 atque
2677 3028 2795 3073 arte
2825 3034 2921 3074 sua
2953 3033 3058 3072 non
3089 3016 3330 3089 potuisse
3359 3015 3499 3085 capi,
3763 3087 3766 3090 ῃ

2208 3113 2344 3169 Rem
2366 3127 2494 3168 mox
2522 3112 2752 3182 quisque
2779 3126 2930 3165 suam
2957 3111 3170 3181 quierit,
3197 3126 3294 3164 sua
3318 3109 3547 3179 quisque
3577 3104 3797 3175 recepit

2133 3179 2179 3244 δ
2279 3204 2429 3269 Jura,
2458 3217 2561 3258 nec
2591 3202 2801 3257 insidiis
2827 3217 3018 3271 meque
3048 3216 3282 3270 suosque
3318 3206 3587 3271 premunt.

2208 3294 2303 3351 Sic
2331 3294 2637 3364 quicunque
2670 3293 2858 3347 videns
2889 3293 3117 3358 aditum,
3147 3307 3253 3362 quo
3282 3305 3423 3360 saepe
3449 3287 3660 3344 solebat

2279 3385 2494 3450 Furari,
2526 3385 2861 3450 obstrusum,
2891 3399 2985 3453 spe
3013 3384 3134 3438 sine
3162 3383 3358 3436 transit
3386 3383 3509 3445 iter,

2211 3478 2321 3535 Sed
2343 3492 2413 3534 ne
2441 3487 2594 3532 actus
2620 3483 2836 3531 nostros
2859 3475 3113 3530 discretio
3138 3473 3411 3543 linqueret
3437 3472 3607 3536 alma,

2279 3572 2457 3628 Resve
2482 3577 2809 3641 putarentur
2833 3568 2916 3622 ha:
2941 3565 3262 3620 simulanter
3291 3563 3399 3634 agi.

2211 3664 2359 3721 Neve
2388 3663 2562 3718 forem
2594 3661 2779 3716 multis
2807 3660 3046 3715 novitate
3075 3655 3330 3713 notabilis
3358 3656 3497 3726 ipsa,

2284 3755 2651 3822 llorreretque
2679 3749 3248 3821 bonumproximitate
3277 3747 3436 3802 mali:

2215 3845 2487 3916 Spernere
2516 3844 2820 3914 contempsi
2847 3858 2967 3912 quae
2993 3843 3085 3896 dat
3113 3840 3404 3897 concordia
3429 3854 3704 3910 princeps.

2285 3935 2416 4004 Quae
2441 3943 2501 3989 ut
2527 3933 2697 3989 societ
2724 3925 2944 3987 mentes
2962 3933 3158 4000 datque
3184 3932 3431 4002 capitque
3452 3929 3649 3995 libens,

2213 4027 2284 4083 Et
2314 4039 2600 4082 commune
2626 4024 2758 4078 facit
2787 4024 2943 4093 cuius
2977 4025 3116 4078 bene
3150 4023 3390 4093 postulat
3420 4036 3571 4086 usus,

2286 4118 2559 4190 Multaque
2585 4133 2709 4173 cum
2738 4115 2954 4180 habeat,
2985 4115 3062 4169 nil
3091 4115 3248 4170 docet
3271 4127 3394 4170 esse
3422 4128 3602 4168 suum.

2215 4211 2344 4270 Haec
2371 4225 2472 4282 ego
2500 4218 2840 4282 pertractans
2872 4208 3152 4263 sumebam
3179 4222 3345 4277 parva
3372 4205 3620 4270 libenter,

2287 4303 2418 4372 Quae
2452 4317 2558 4356 non
2590 4317 2731 4357 saava
2763 4315 2974 4367 manus,
3002 4301 3167 4354 chara
3198 4298 3291 4353 sed
3321 4297 3410 4351 illa
3434 4297 3614 4352 dabat.

2220 4397 2443 4455 Scilicet
2471 4397 2731 4452 arboreas
2755 4393 2982 4460 fructus,
3010 4393 3261 4462 hortique
3284 4392 3528 4458 virentis,

2290 4490 2424 4557 Ova,
2460 4504 2691 4555 merum,
2719 4504 2912 4559 panes,
2933 4488 3389 4558 cornipedumque
3415 4485 3586 4542 cibos.

2226 4583 2569 4655 Sumpsimus
2595 4589 2652 4637 et
2685 4590 2898 4637 teneros
2925 4579 3124 4651 pullos,
3155 4579 3505 4648 medieasque
3527 4577 3804 4640 volucres,

2298 4677 2540 4750 Corpora
2569 4684 2697 4732 sunt
2722 4691 2954 4746 quarum
2993 4689 3180 4746 parva,
3217 4673 3313 4729 sed
3348 4682 3473 4744 apta
3498 4672 3653 4729 cibis.

2225 4770 2271 4828 0
2299 4768 2427 4827 felix
2457 4768 2636 4823 omnis
2660 4766 2854 4834 virtus,
2883 4767 3144 4823 discretio
3171 4767 3217 4821 si
3245 4781 3406 4836 quam

2295 4861 2570 4918 Virtutum
2603 4861 2786 4916 nutrix
2819 4867 3101 4931 temperat,
3129 4866 3306 4925 ornat,
3337 4857 3468 4912 alit!

2228 4955 2360 5025 Quae
2387 4954 2694 5012 errabunda
2723 4968 2874 5010 meos
2901 4953 3062 5024 paulo
3087 4959 3171 5008 est
3200 4951 3438 5022 digressa
3458 4965 3559 5021 per
3587 4956 3766 5012 actus,

2300 5051 2385 5107 Ad
2420 5059 2656 5120 coeptum
2691 5051 2878 5106 redeat
2904 5056 3089 5104 nostra
3114 5046 3373 5103 Camaena
3399 5044 3590 5101 melos.

2233 5147 2415 5218 Equa
2437 5146 2534 5201 tibi
2554 5144 2714 5214 iustae
2737 5141 2848 5197 sint
2865 5137 3032 5210 iudex
3057 5139 3294 5209 pondera
3320 5137 3492 5202 librae,

2306 5239 2378 5296 Ut
2404 5254 2501 5293 sua
2532 5236 2759 5308 quisque
2780 5233 2952 5289 libens
2977 5233 3079 5288 hac
3105 5232 3376 5286 tribuente
3403 5227 3560 5282 ferat.

2236 5331 2348 5388 Nec
2377 5331 2449 5387 sit
2475 5324 2637 5400 avara
2670 5327 2806 5392 lues,
2839 5339 2939 5380 nec
2965 5338 3138 5388 amor,
3172 5321 3448 5389 zelusque,
3479 5317 3770 5385 timorque,

2301 5421 2431 5490 Quae
2464 5419 2700 5484 turbent,
2729 5419 2916 5473 firmus
2945 5425 3053 5472 stet
3082 5415 3180 5470 tibi
3207 5412 3404 5468 mentis
3423 5407 3590 5480 apex.

2231 5514 2377 5570 Proh
2407 5513 2579 5579 dolor,
2598 5511 2684 5566 his
2707 5512 2869 5566 rebus
2896 5509 3068 5580 pietas
3097 5507 3205 5562 cito
3229 5505 3446 5575 pellitur
3468 5499 3630 5570 aequi,

2304 5606 2433 5677 Eius
2456 5612 2513 5659 et
2539 5601 2797 5660 invadunt
2822 5601 3077 5670 frausque
3105 5597 3366 5666 dolusque
3391 5594 3589 5650 locum.

2235 5697 2501 5767 Quattuor
2525 5695 2609 5750 hae
2638 5701 2839 5756 sontes,
2873 5690 3044 5745 tribus
3070 5695 3156 5743 est
3183 5702 3309 5741 nam
3337 5683 3544 5740 sontior
3571 5691 3700 5746 una,

2310 5787 2440 5858 Quae
2472 5795 2558 5845 est
2578 5785 2732 5843 radix‘
2757 5782 2969 5841 cunctis
2993 5782 3109 5838 dira
3132 5781 3329 5849 cupido
3355 5774 3530 5834 malis.
