4046 6456
248 492 470 554 Muneris
494 487 758 545 invalidas
779 485 1023 558 acceptio
1047 492 1265 542 vertere
1284 491 1499 541 mentes

295 581 535 645 Adsolet,
566 595 597 633 a
620 593 751 634 vero
772 576 969 647 jusque
994 575 1184 646 fugare
1211 575 1382 646 pium.

247 677 351 735 Non
384 672 552 729 solum
582 678 810 740 argento
840 685 928 724 res
957 669 1073 724 haec
1098 666 1349 722 inolescit
1375 673 1431 721 et
1455 681 1612 729 auro,

306 763 553 835 Pratpetis
579 771 674 817 aut
696 776 918 832 campos
947 775 1126 831 ungue
1148 760 1396 814 cavantis
1423 759 1572 830 equi,

245 860 430 918 lurice
455 857 539 913 vel
566 857 751 922 rutilo,
783 857 1032 927 gemmis,
1063 864 1157 910 aut
1183 864 1424 926 syrmate
1451 855 1699 925 pulchro,

301 953 401 1008 Aut
424 951 584 1005 rebus
611 948 780 1004 variis
807 964 948 1019 quas
978 947 1098 1003 vela
1135 946 1282 1003 ferre
1308 947 1465 1003 solet.

243 1045 337 1104 Sed
361 1042 563 1099 levibus
584 1041 790 1108 verbis,
821 1043 1158 1112 paribusque
1181 1041 1490 1096 volantibus
1517 1041 1688 1104 auris,

302 1133 571 1190 Blanditiae
598 1142 762 1189 vento
794 1148 950 1189 mens
977 1134 1174 1205 quibus
1201 1142 1323 1189 acta
1351 1141 1542 1188 tumet.

240 1227 402 1284 Vestis
440 1227 615 1283 bonos
643 1227 795 1282 color
823 1237 928 1294 est,
960 1227 1235 1297 marsupia
1277 1228 1522 1298 pondere
1551 1226 1810 1297 gaudent,

299 1319 355 1374 In
393 1326 581 1374 tenues
603 1326 792 1374 ventos
819 1335 952 1374 aura
977 1319 1182 1374 favoris
1205 1319 1336 1374 abit.

237 1409 440 1467 Scilicet
461 1409 551 1466 his
575 1410 754 1465 saltim
782 1412 986 1466 terreni
1017 1411 1190 1483 gloria
1221 1410 1380 1477 lucri,

297 1501 398 1557 Illis
421 1509 644 1556 econtra
671 1501 748 1556 nil
775 1501 881 1557 nisi
912 1512 1107 1558 ventus
1130 1503 1292 1557 inest.

233 1593 421 1650 Iudicis
450 1593 729 1665 ingenium
761 1594 872 1650 cito
903 1595 1084 1649 turbat
1114 1608 1342 1650 munere
1371 1593 1547 1658 dives,

295 1682 398 1738 Hoc
425 1683 554 1752 quia
583 1683 725 1740 ferre
755 1685 967 1755 nequit,
991 1686 1034 1740 it
1056 1686 1450 1741 tremebundus
1474 1686 1649 1756 inops.

235 1775 323 1831 llic
350 1777 542 1847 magis,
575 1776 666 1832 ille
693 1779 868 1849 magis
891 1779 1162 1849 spondent
1193 1795 1252 1834 se
1279 1794 1421 1850 smpe
1447 1779 1693 1845 daturos,

291 1867 382 1922 Hic
412 1874 608 1923 tamen
636 1873 889 1938 acquiret
912 1871 1005 1938 qui
1031 1871 1242 1941 potiora
1271 1871 1440 1926 dabit.

225 1957 308 2014 Est
329 1973 500 2028 quem
531 1975 633 2015 nec
672 1969 857 2025 testes,
887 1976 988 2016 nec
1014 1961 1122 2027 lex,
1161 1977 1264 2018 nec
1291 1962 1538 2018 chartula
1563 1960 1741 2030 fulcit,

285 2054 472 2127 Sicque
515 2056 689 2111 forum
717 2057 926 2113 cunctis
956 2059 1040 2112 bis
1066 2059 1328 2128 spoliatus
1353 2061 1484 2115 adit.

222 2147 395 2204 Omnia
424 2147 548 2204 fert
573 2164 778 2213 secum,
811 2149 856 2204 si
889 2165 1011 2204 cum
1037 2149 1166 2204 libet
1195 2147 1394 2221 Accipe
1417 2152 1569 2218 dicit,

280 2236 549 2294 Omnibus
572 2248 654 2295 est
694 2241 886 2305 fretus,
918 2241 964 2296 si
1002 2241 1130 2296 dare
1156 2241 1311 2312 plura
1339 2251 1524 2312 queat.

219 2326 416 2384 Parcite
437 2345 708 2386 censores
732 2330 857 2387 huic
887 2347 1212 2388 succensere
1241 2333 1435 2398 labori,

280 2422 480 2478 Tollere
525 2423 618 2494 qui
651 2424 860 2478 crimen
892 2440 1000 2479 non
1031 2425 1290 2481 adhibere
1320 2435 1497 2494 parat.

217 2515 322 2574 Non
351 2533 447 2588 ego
476 2519 856 2586 quorumdam
881 2519 1123 2574 dilfundo
1150 2521 1357 2575 crimen
1391 2521 1444 2574 in
1471 2533 1680 2586 omnes,

279 2609 473 2679 Cuique
518 2609 589 2664 sit
615 2624 683 2664 ex
709 2611 907 2666 merito
934 2610 1121 2666 lausve
1145 2611 1353 2681 pudore
1389 2627 1507 2666 suo.

218 2699 321 2758 Heu
349 2702 537 2758 scelus
562 2711 646 2759 est
671 2704 794 2759 ullis
819 2720 919 2776 pro
950 2707 1114 2761 rebus
1144 2706 1392 2776 linquere
1417 2723 1628 2772 verum,

279 2793 533 2851 Vendere
556 2811 649 2850 seu
681 2797 850 2866 gratis
879 2797 1024 2868 quod
1053 2798 1182 2854 dare
1208 2813 1478 2870 quemque
1504 2801 1676 2856 decet.

219 2883 344 2940 Nolo
367 2885 500 2942 dolo
531 2887 641 2942 reri
664 2887 750 2942 vel
776 2887 969 2942 acerba
997 2888 1186 2944 fraude
1212 2905 1418 2956 carere,

282 2977 348 3033 Et
373 2978 420 3034 si
447 2994 560 3049 pro
589 2977 734 3048 justo
761 2995 986 3034 munera
1006 2979 1130 3050 jure
1159 2982 1324 3038 feras.

224 3071 430 3130 Arbiter
458 3080 550 3129 est
572 3089 812 3143 aequum,
836 3081 921 3128 est
949 3081 1005 3128 et
1032 3074 1275 3144 iniquum
1306 3076 1543 3132 vendere
1564 3082 1803 3142 certans,

289 3167 424 3223 Nam
455 3167 635 3224 scelus
660 3167 750 3222 hic
779 3183 945 3222 unum
974 3175 1272 3239 perpetrat,
1296 3167 1386 3224 ille
1410 3170 1535 3224 duo.
1575 3171 1589 3240 Ι

225 3259 319 3317 Iiic
342 3262 471 3331 quia
490 3259 583 3330 jus
610 3260 814 3323 vendit,
840 3260 984 3331 quod
1013 3261 1174 3316 debet
1201 3261 1399 3316 dedere
1435 3262 1622 3333 gratis,

287 3351 380 3408 llle
408 3351 538 3421 quia
571 3351 623 3406 id
658 3351 872 3417 temnit,
905 3352 999 3408 sed
1028 3361 1211 3408 tamen
1243 3353 1368 3408 inde
1393 3353 1556 3423 capit.

223 3443 320 3512 Qui
347 3445 464 3500 fera
488 3445 696 3516 judicio
719 3460 822 3515 pro
850 3455 1003 3502 recto
1032 3449 1257 3517 praemia
1289 3448 1506 3517 quaerit,

288 3535 387 3592 Ille
412 3543 569 3590 tuum
597 3538 830 3608 peragit,
858 3536 1007 3593 fraus
1037 3539 1283 3603 inimica,
1315 3537 1468 3593 nefas
1497 3555 1510 3591 :

221 3627 324 3696 Qui
351 3629 489 3684 dare
519 3643 638 3696 qua:
667 3630 826 3684 debet
851 3624 1031 3698 gratis
1052 3632 1143 3700 pia
1181 3631 1364 3684 munia
1392 3628 1554 3698 juris.

289 3718 510 3790 Indigni
539 3714 699 3789 pretii
733 3731 928 3790 pensat
962 3738 1160 3776 avarus
1182 3737 1304 3791 ope.

223 3809 296 3866 Te
325 3811 372 3866 si
402 3808 549 3866 forte
577 3810 730 3868 furor
763 3814 1002 3882 pervasit
1030 3813 1198 3882 pestis
1227 3829 1429 3881 avarae,

291 3902 412 3958 Stet
442 3902 610 3969 ratio,
639 3913 695 3959 et
723 3905 884 3960 docili
913 3906 993 3961 sic
1021 3907 1116 3960 tibi
1146 3923 1280 3962 voce
1305 3915 1466 3962 canat
1495 3925 1508 3960 :

227 3993 399 4050 Cerne
425 3995 573 4066 quod
602 3994 942 4051 Altithronus
971 4006 1138 4052 temet
1165 3999 1475 4068 Speculetur
1499 3997 1566 4052 ab
1594 3997 1722 4062 alto,

302 4083 544 4156 Quaque
573 4082 710 4140 lacis
737 4101 948 4140 summa
981 4087 1193 4159 singula
1222 4097 1404 4144 mente
1431 4097 1601 4144 notet.

231 4175 325 4244 Qui
347 4176 516 4246 judex
547 4177 808 4246 testisque
839 4178 999 4233 simul
1028 4181 1335 4251 vindexque
1365 4182 1630 4236 malorum
1656 4189 1764 4246 est,

297 4265 397 4334 Qui
428 4267 562 4322 dare
593 4268 752 4337 digna
783 4267 943 4322 bonis
969 4269 1074 4323 scit
1095 4271 1236 4324 mala
1266 4271 1380 4325 sive
1417 4271 1596 4326 malis.

237 4357 291 4414 Si
317 4369 498 4416 tamen
527 4375 559 4415 e
588 4368 781 4416 contra
809 4358 955 4430 Cape
985 4377 1182 4417 munus
1206 4371 1462 4434 personet
1485 4363 1596 4429 illa,

301 4453 452 4522 Quod
485 4454 649 4509 modo
675 4453 984 4525 dessociis,
1011 4456 1296 4525 postmodo
1327 4465 1506 4511 temne
1537 4457 1677 4528 capi.

237 4544 328 4601 Cui
355 4547 555 4602 victrix
583 4546 723 4601 ratio
748 4554 940 4602 contra
967 4555 1136 4613 stans,
1171 4547 1422 4619 Improba
1451 4548 1599 4604 dicat

301 4641 471 4698 Pestis
497 4642 609 4706 abi,
638 4650 694 4696 et
717 4648 886 4696 totam
911 4657 971 4696 se
1001 4641 1099 4696 tibi
1133 4641 1325 4697 reddat
1345 4657 1532 4712 agens.

242 4729 349 4787 Non
379 4733 502 4788 sitis
530 4731 650 4788 haec
677 4732 940 4802 explenda
971 4732 1067 4788 tibi
1096 4742 1198 4797 est,
1234 4749 1339 4804 qua
1371 4733 1612 4788 fervidus
1642 4733 1822 4799 ardes,

303 4825 417 4892 Quo
446 4825 626 4898 magis
658 4825 760 4880 hac
791 4825 1016 4890 biberis,
1045 4825 1174 4881 hinc
1204 4827 1299 4881 tibi
1331 4825 1503 4895 major
1529 4828 1653 4883 erit.

245 4914 450 4971 Estuat
479 4917 609 4972 inde
633 4916 824 4985 magis,
855 4931 962 4985 quo
985 4915 1106 4986 plus
1131 4915 1276 4987 ligna
1307 4917 1504 4986 accipit
1533 4917 1694 4987 ignis,

301 5007 388 5064 Sic
416 5019 471 5065 et
499 5009 705 5065 habere
735 5009 904 5078 cupit,
933 5025 1040 5079 quo
1063 5026 1216 5082 mage
1243 5012 1492 5083 quisquis
1520 5013 1701 5068 habet.

247 5099 516 5174 Sanguine
549 5101 611 5156 fit
642 5100 813 5170 major
852 5111 1111 5174 congesto
1141 5118 1358 5174 semper
1385 5103 1645 5172 hirundo,

306 5191 372 5248 Et
395 5194 571 5266 magis
602 5192 728 5247 inde
753 5193 888 5256 sitit,
923 5207 1029 5262 quo
1059 5194 1232 5265 magis
1263 5194 1348 5248 illa
1378 5195 1531 5250 bibit.

247 5281 382 5355 Ergo
408 5286 623 5340 studeto
644 5299 838 5354 precor
867 5283 1130 5338 furiosum
1158 5285 1359 5354 pellere
1393 5287 1660 5353 morbum,

317 5377 397 5432 Me
428 5378 736 5434 medicante
761 5377 878 5432 fero
901 5377 1124 5432 vulnere
1151 5393 1314 5433 sanus
1341 5379 1470 5433 eris.

250 5465 392 5526 Illius
416 5467 559 5524 alma
589 5485 783 5524 manus
808 5485 929 5524 cum
962 5477 1014 5523 te
1037 5469 1313 5523 sanaverit
1335 5485 1559 5541 aegrum,

321 5560 378 5616 In
405 5571 455 5617 te
485 5563 601 5618 inec
624 5571 835 5635 regnet,
861 5570 951 5619 eat
972 5563 1138 5632 pestis
1163 5562 1357 5618 acerba
1386 5562 1593 5633 procul.

255 5649 385 5708 Cum
411 5663 466 5710 te
488 5671 779 5712 causarum
802 5664 962 5712 vocat
984 5656 1051 5711 ad
1075 5655 1190 5710 fora
1216 5656 1431 5710 turbida
1457 5655 1681 5728 clangor

329 5745 532 5818 Estque
565 5749 857 5805 ministerii
886 5763 973 5804 res
1001 5747 1308 5821 peragenda
1333 5749 1432 5814 tui,

262 5828 532 5910 Principio
555 5841 674 5899 loca
700 5839 1085 5919 sanctalibens
1117 5839 1359 5897 adeunda
1389 5841 1626 5911 require,

1559 367 1894 428 CARMINA.
1933 369 2066 426 LIB.
2105 369 2148 423 I.

1831 491 1885 552 Α
1979 483 2109 551 Quae
2135 491 2280 554 pete,
2311 483 2544 553 dumque
2567 481 2710 552 petis
2737 481 2821 538 fer
2846 483 2935 555 pia
2961 490 3086 539 vota
3113 485 3246 552 Deo,
3294 529 3300 534 .

1913 574 1983 631 Et
2008 574 2231 644 supplex
2265 588 2496 644 exposce
2517 581 2639 628 tuos
2665 581 2726 628 ut
2748 573 2946 644 dirigat
2967 581 3141 640 actus,

1984 665 2096 721 Nec
2122 666 2267 720 sinat
2295 664 2402 720 ulla
2425 665 2539 737 geri
2566 664 2622 720 ni
2648 664 2913 736 placitura
2943 665 3067 720 sibi.

1913 757 2049 813 Nam
2074 759 2266 814 modus
2286 766 2370 813 est
2395 758 2608 814 cunctis
2635 757 2937 813 servandus
2967 758 3020 812 in
3058 757 3268 815 actibus
3298 761 3422 828 iste,
3486 833 3488 836 ν

1984 849 2120 904 Cum
2170 865 2259 905 res
2290 848 2549 920 qurelibet
2572 858 2656 904 est
2679 849 2986 919 incipienda
3019 849 3136 905 tibi.

1911 941 2008 998 Jus
2031 958 2368 1014 regnumque
2397 943 2493 999 Dei
2522 958 2808 1000 censemur
2833 959 3077 1014 qurerere
3099 944 3355 1015 primum,

1979 1035 2172 1092 Omnia
2201 1045 2262 1092 ut
2291 1037 2395 1092 hac
2420 1037 2576 1093 nobis
2601 1037 2928 1107 adjiciantur
2955 1053 3077 1109 ope.

1911 1125 2181 1183 Marmore
2201 1128 2250 1184 si
2277 1128 2374 1183 tali
2388 1127 2564 1197 jacias
2587 1128 2904 1184 fundamina
2928 1131 3120 1202 prima,

1983 1222 2221 1280 Firmius
2248 1239 2408 1280 omne
2441 1225 2590 1295 pium
2623 1225 2752 1282 hinc
2771 1227 2910 1282 bene
2941 1227 3112 1298 surgit
3139 1241 3292 1299 opus.

1911 1311 1958 1370 Ο
1987 1314 2176 1381 semel,
2207 1330 2240 1370 o
2267 1323 2480 1386 quater,
2509 1332 2543 1370 o
2573 1317 2784 1374 numeri
2813 1317 2930 1374 sine
2958 1317 3074 1388 lege
3098 1319 3337 1383 beatum,

1983 1409 2136 1476 Quod
2164 1409 2260 1464 tibi
2289 1407 2502 1464 Christe
2529 1409 2666 1478 lapis
2691 1409 2890 1482 inclyte
2919 1409 3162 1466 adhaeret
3194 1426 3350 1482 opus.

1911 1500 2032 1557 Mox
2073 1501 2318 1558 de'more
2345 1501 2450 1556 fori
2473 1501 2622 1558 celer
2647 1511 2842 1572 appete
2871 1503 3107 1558 claustra
3136 1503 3340 1568 sonori,

1984 1595 2102 1661 Quo
2127 1601 2180 1649 te
2211 1594 2323 1650 fors
2346 1602 2556 1665 spectat
2583 1593 2822 1665 litigiosa
2848 1596 3063 1650 cohors.

1912 1683 2051 1759 qu
2078 1685 2242 1750 redis,
2273 1685 2450 1756 isque,
2484 1693 2639 1740 sonet
2669 1685 2714 1739 si
2741 1685 2906 1741 verba
2930 1687 3211 1756 precantia
3235 1701 3460 1758 pauper,

1983 1776 2087 1845 Qui
2117 1793 2176 1832 se.
2196 1785 2322 1848 post
2349 1777 2496 1833 dicat
2518 1792 2626 1832 non
2663 1777 2761 1832 tibi
2788 1793 2949 1848 posse
2981 1778 3150 1849 loqui.

1838 1849 1887 1909 Β
1914 1868 2047 1925 Cum
2083 1869 2282 1940 populo
2313 1869 2548 1939 stipatus
2571 1883 2687 1934 eas,
2720 1867 2997 1926 foribusve
3025 1872 3316 1943 superbis,,

1982 1959 2147 2016 Plebe
2175 1959 2422 2014 inhiante
2459 1958 2626 2024 foris,
2657 1959 2775 2030 ipse
2805 1969 3056 2030 receptus
3078 1962 3207 2016 eris.

1911 2054 1986 2110 Te
2019 2069 2190 2125 prope
2226 2053 2365 2109 fidus
2391 2061 2477 2107 eat
2501 2050 2790 2122 justusque
2822 2052 3052 2124 piusque
3080 2053 3347 2119 minister.

1980 2148 2098 2216 Quo
2126 2148 2262 2203 duce
2290 2155 2416 2218 post
2444 2147 2656 2202 tibimet
2684 2161 2888 2217 pauper
2917 2147 3106 2216 adesse
3131 2157 3316 2218 queat.
3398 2183 3401 2186 -

1909 2239 2007 2296 Cui
2040 2241 2210 2304 dicas,
2241 2238 2516 2293 hominem
2547 2238 2930 2309 conspectibus
2951 2239 3136 2294 addito
3176 2240 3399 2308 nostris,
3467 2281 3469 2284 ι

1980 2337 2172 2408 Magna
2201 2335 2503 2406 querelosis
2524 2337 2617 2407 qui
2646 2335 2812 2390 dabat
2834 2349 2959 2390 orsa
2988 2333 3156 2388 sonis.

1911 2429 1980 2485 Et
2007 2429 2253 2485 residens
2288 2430 2405 2499 ejus
2432 2430 2669 2499 primum
2700 2427 2840 2484 bene
2863 2429 3072 2484 discute
3098 2442 3340 2492 causam,

1981 2519 2183 2577 Ordine
2211 2527 2333 2590 post
2356 2528 2578 2574 currant
2608 2518 2819 2590 singula
2846 2533 3071 2587 quaeque
3103 2533 3218 2573 suo.

1909 2612 1994 2668 Ad
2023 2612 2140 2668 fora
2166 2612 2280 2668 fors
2304 2614 2504 2683 quaeris
2537 2612 2789 2669 veniendi
2813 2621 3026 2683 tempus
3047 2619 3103 2666 et
3125 2613 3338 2668 horam.

1981 2703 2181 2776 Accipe
2218 2703 2540 2768 consilium,
2573 2719 2732 2758 mane
2757 2703 2962 2768 venito,
2988 2718 3192 2758 meum.

1912 2798 2122 2868 Perque
2149 2798 2291 2854 diem
2321 2805 2492 2852 totum
2519 2812 2626 2852 non
2657 2804 2710 2852 te
2736 2795 2891 2852 labor
2919 2797 3024 2851 iste
3052 2796 3320 2866 gravabit,

1982 2889 2122 2946 Hinc
2147 2905 2302 2961 seges
2324 2901 2410 2946 est
2440 2887 2634 2957 major,
2666 2903 2774 2959 quo
2803 2903 2961 2958 mage
2985 2887 3234 2956 quisquis
3265 2895 3402 2942 arat.

1909 2982 2013 3052 Qui
2063 2982 2237 3054 legem
2265 2981 2574 3050 ut-caperetf
2592 2978 2800 3049 jejunia
2831 2994 3024 3049 magna
3050 2979 3279 3049 peregit,

1978 3076 2178 3132 Fertur
2206 3075 2260 3130 in
2291 3075 2393 3130 hoc
2416 3081 2542 3129 actu
2571 3073 2923 3129 continuasse
2946 3073 3082 3129 dies.

1909 3170 2034 3227 Vidi
2064 3184 2164 3241 ego
2190 3183 2446 3225 censores
2473 3168 2540 3222 ad
2569 3166 2710 3238 juris
2739 3169 2924 3223 munia
2956 3167 3166 3231 tardos,

1983 3260 2204 3317 Munera
2233 3277 2357 3316 nam
2387 3258 2564 3314 fateor
2594 3260 2662 3314 ad
2695 3260 2958 3329 capienda
2989 3261 3147 3315 citos.

1911 3352 2057 3410 Hora
2097 3354 2296 3409 adsunt
2323 3353 2538 3424 quinta,
2573 3362 2775 3407 norunt
2805 3353 3085 3409 discedere
3112 3367 3280 3416 nona,

1983 3444 2166 3499 Tertia
2194 3445 2239 3500 si
2266 3445 2522 3510 adducat,
2545 3454 2697 3500 sexta
2734 3445 2943 3499 reducit
2963 3457 3077 3499 eos.

1914 3536 2053 3593 Nam
2084 3539 2216 3594 dare
2240 3539 2285 3594 si
2313 3539 2534 3603 debent,
2568 3553 2745 3603 nona;
2781 3539 2826 3592 si
2858 3537 3144 3608 prendere,
3181 3535 3356 3605 prima

1985 3629 2227 3694 Adsunt,
2264 3641 2458 3700 estque
2484 3630 2627 3684 citus
2654 3629 2744 3698 qui
2773 3627 2934 3682 modo
2955 3642 3112 3683 serus
3137 3633 3275 3680 erat.

1919 3718 2014 3775 Sic
2038 3735 2134 3774 sua
2159 3721 2286 3774 dum
2318 3721 2538 3789 sonipes
2561 3718 2845 3774 fraanarier
2871 3734 2968 3773 ora
2997 3718 3195 3787 lupatis

1989 3810 2257 3879 Senserit,
2290 3812 2523 3878 exsiliet,
2563 3811 2762 3882 pabula
2805 3820 2998 3882 sponte
3023 3819 3189 3881 petet.

1918 3903 2140 3961 Lazdere
2179 3906 2274 3976 qui
2303 3921 2540 3977 semper,
2569 3920 2847 3975 nunquam
2883 3905 3143 3974 prodesse
3168 3910 3414 3973 paratus,

1992 3996 2092 4054 Sat
2129 4000 2258 4063 cito,
2305 4013 2427 4054 cum
2461 4013 2741 4069 nunquam
2788 3997 3014 4061 debeat,
3046 3996 3135 4052 ille
3197 3995 3366 4052 venit.

1919 4089 2152 4162 Crapula
2178 4093 2381 4148 vitetur
2411 4105 2647 4163 semper,
2675 4092 2797 4163 plus
2827 4100 3070 4162 tempore
3099 4091 3314 4154 eodem,

1993 4184 2112 4252 Quo
2152 4187 2240 4256 pia
2259 4183 2490 4254 iustitia:
2517 4185 2635 4239 lora
2662 4183 2898 4253 regenda
2925 4189 3169 4235 manent.

1921 4275 2059 4330 Nam
2087 4277 2182 4346 qui
2215 4292 2273 4332 se
2298 4277 2482 4330 nimiis
2509 4275 2682 4344 epulis
2710 4288 3007 4341 somnoque
3032 4269 3243 4340 sepelit,

1994 4366 2254 4438 Corporis
2285 4377 2451 4437 atque
2481 4367 2679 4420 animae
2701 4365 2810 4419 vim
2837 4364 2939 4419 sibi
2965 4364 3132 4418 demit
3156 4362 3344 4418 hebes.

1925 4457 2060 4514 Cum
2085 4459 2238 4518 venit
2263 4459 2331 4514 ad
2359 4472 2555 4513 causas
2584 4455 2822 4512 nudatus
2848 4453 3095 4508 acumine
3125 4468 3340 4516 sensus,
3415 4463 3430 4494 ο·

1850 4563 1905 4623 Ῑ)
2000 4549 2276 4606 Marcidus
2305 4557 2361 4606 et
2387 4549 2568 4620 segnis
2597 4554 2653 4604 et
2676 4545 2795 4602 sine
2817 4552 2998 4600 mente
3026 4544 3198 4600 sedet.

1930 4643 2068 4698 Dum
2097 4644 2172 4698 sit
2196 4643 2251 4698 in
2279 4641 2534 4710 ambiguo
2561 4653 2742 4694 causa:
2765 4636 2988 4692 solertia
3014 4635 3288 4698 habenda,

2001 4733 2244 4801 Quaastio
2268 4742 2323 4789 et
2351 4732 2558 4787 alterna
2586 4731 2676 4795 sit,
2703 4729 2824 4784 vice
2849 4742 3008 4783 versa
3031 4727 3144 4782 diu.

1929 4827 2026 4884 Ille
2053 4830 2234 4900 piger,
2267 4826 2539 4890 madidus,
2571 4831 2818 4889 ructans,
2853 4820 3204 4886 temulentus,
3230 4817 3481 4882 anhelus,

2004 4919 2236 4984 Oscitat,
2278 4925 2540 4982 emarcet,
2571 4922 2820 4978 nauseat,
2853 4913 3018 4984 angit,
3048 4913 3229 4968 hebet.
3508 4910 3518 4918 '

1932 5011 2005 5067 Et
2035 5012 2196 5067 modo
2219 5009 2508 5078 juncturas
2533 5007 2685 5073 dicit,
2718 5007 2880 5062 modo
2905 5006 3091 5060 viscus
3120 5005 3321 5066 inesse,

2006 5103 2076 5158 Et
2102 5102 2260 5158 modo
2287 5109 2397 5156 tota
2422 5099 2584 5156 simul
2617 5099 2860 5156 membra
2885 5105 3108 5170 gravata
3132 5094 3255 5150 sibi.

1931 5194 2115 5251 Inficit
2142 5194 2288 5248 hunc
2313 5194 2548 5264 primum
2582 5209 2806 5249 somnus
2824 5179 2956 5263 post
2983 5191 3108 5244 vina
3137 5187 3436 5256 dapesque,

2007 5285 2295 5342 Proximus
2324 5295 2406 5340 est
2431 5285 2506 5340 illi
2534 5287 2810 5341 luxuriare
2841 5284 3012 5338 labor.

1938 5379 2081 5451 Ergo
2109 5387 2301 5434 caveto
2323 5378 2473 5434 cibos
2502 5379 2723 5444 nimios,
2753 5373 3030 5431 carchesia
3059 5371 3278 5436 Bacchi,

2009 5469 2265 5536 Somnos,
2293 5470 2410 5524 haec
2432 5477 2670 5524 mentem
2697 5462 2908 5536 singula
2939 5477 3081 5533 smpe
3107 5470 3378 5533 premunt.

1940 5566 2068 5622 Haec
2082 5572 2140 5620 ut
2163 5580 2331 5635 parva
2353 5562 2538 5618 fovent
2552 5559 2914 5622 stomachum,
2930 5556 3010 5612 sic
3027 5555 3178 5629 plura
3195 5557 3516 5627 gravabunt.

2013 5656 2177 5712 Multa
2205 5671 2344 5726 aqua
2370 5654 2517 5708 farra
2547 5659 2728 5715 necat,
2755 5664 2880 5705 cum
2909 5649 3196 5706 mediocris
3221 5649 3348 5705 alat.

1941 5750 2143 5806 Ebrius
2172 5765 2203 5804 a
2229 5745 2430 5819 populo
2459 5743 2648 5799 furtim
2669 5741 2920 5800 ridebere
2939 5750 3155 5812 cuncto,

2016 5842 2195 5898 innuit
2217 5841 2306 5898 hic
2328 5838 2425 5904 illi,
2447 5851 2682 5907 moxque
2709 5843 2930 5893 notatus
2947 5836 3076 5892 eris.
