4046 6446
532 426 636 488 sat
1546 415 1938 476 THEODULFI
1978 391 2528 488 AURELIANENSIS
2565 411 2782 469 EPlSC.

2135 517 2190 590 Α
2213 524 2452 597 Coeperit
2482 535 2543 581 ut
2569 542 2772 582 caecum
2793 525 2894 582 sub
2922 533 3144 598 pectore
3167 521 3353 584 vivere
3379 526 3600 596 vulnus,

539 541 765 600 Sobrius
792 552 889 594 ora
910 549 1137 603 movens
1165 549 1197 592 a
1220 533 1377 607 plebe
1405 533 1664 591 verebare
1693 538 1912 596 cuncta,

603 632 866 690 Certatim
894 639 949 687 et
977 630 1180 686 facient
1203 643 1323 700 qua;
1348 627 1598 684 facienda
1620 626 1794 681 dabis.

534 725 682 794 Quos
711 726 799 796 pia
826 725 1170 782 commendat
1194 723 1459 793 probitas,
1487 735 1622 790 quos
1655 718 1796 775 actio
1824 717 1998 788 justa,

604 818 859 874 Introduc
889 816 1111 888 proprio
1131 816 1350 872 nomine
1377 827 1648 884 quemque
1673 827 1895 876 vocans,

533 906 597 963 lli
624 917 798 964 tecum
820 908 1026 981 ingenti
1053 924 1186 964 cura
1209 916 1548 976 tractentque
1578 907 1888 978 legantque,

610 997 994 1070 Vestigentque
1020 1001 1164 1052 viam
1193 1013 1313 1068 quae
1337 998 1405 1052 ad
1431 997 1656 1053 meliora
1682 1005 1860 1052 vocat.

528 1091 743 1149 Janitor
773 1094 980 1150 interea
1003 1095 1218 1149 turbam
1241 1100 1546 1161 compescat
1569 1092 1834 1156 hiantem,

603 1183 683 1240 Ne
709 1192 831 1239 ruat
861 1185 1090 1242 interius
1116 1184 1268 1253 plebs
1290 1184 1410 1240 sine
1433 1184 1553 1255 lege
1575 1183 1780 1239 furens.

530 1273 674 1330 Neve
703 1275 1029 1347 querelifero
1056 1275 1351 1332 densentur
1377 1283 1519 1330 tecta
1555 1275 1810 1340 tumultu,

600 1364 700 1432 Qui
731 1367 912 1422 minus
939 1367 1177 1433 auditur,
1200 1383 1309 1438 quo
1333 1367 1506 1439 magis
1532 1367 1624 1422 ille
1646 1368 1794 1423 boat.

529 1455 755 1512 Praemia
791 1473 860 1513 ne
884 1467 1094 1527 quaerat
1122 1469 1408 1515 moneatur
1428 1457 1632 1528 janitor
1668 1461 1802 1529 ipse,

600 1547 754 1620 Saepe
781 1551 901 1619 capi
931 1565 962 1604 a
990 1551 1189 1621 populo
1218 1566 1338 1620 quae
1362 1551 1612 1607 veniente
1639 1551 1815 1608 solent

525 1637 622 1698 Est
643 1640 820 1696 scelus
850 1657 882 1696 a
903 1643 1103 1713 populo
1127 1643 1363 1712 pretium
1397 1658 1617 1713 sperare
1652 1643 1925 1714 querenti,

594 1728 678 1784 Me
702 1731 982 1799 miserum,
1002 1733 1181 1790 scelus
1201 1735 1303 1790 hoc
1316 1733 1522 1803 janitor
1537 1735 1714 1790 omnis
1733 1743 1898 1792 amat.

521 1819 736 1877 Janitor
762 1824 942 1881 omnis
974 1835 1142 1890 amat,
1167 1843 1275 1881 non
1306 1827 1411 1882 hoc
1440 1836 1621 1882 tamen
1649 1828 1850 1884 arbiter
1879 1827 2011 1892 odit,

593 1911 696 1967 Vix
726 1914 793 1968 de
822 1909 970 1972 mille
995 1933 1136 1972 unus
1166 1918 1257 1988 qui
1286 1919 1506 1974 horreat
1534 1919 1665 1974 illud
1693 1919 1819 1972 erit.

527 2004 666 2060 Sunt
688 2008 854 2063 varia:
875 2009 1044 2075 vires,
1067 2025 1220 2067 amor
1247 2021 1332 2067 est
1362 2022 1542 2068 tamen
1572 2029 1712 2068 unus
1742 2011 1997 2079 habendi,

594 2098 697 2166 Qui
733 2101 913 2171 potius
935 2101 1087 2158 furor
1111 2112 1218 2170 est,
1250 2120 1412 2174 quam
1439 2107 1758 2160 vocitandus
1786 2121 1959 2161 amor.

522 2189 651 2248 Hec
678 2193 926 2249 nocitura
953 2195 1071 2250 lues
1100 2205 1272 2252 totum
1303 2197 1659 2253 circumvolat
1684 2200 1891 2265 orbem,

592 2282 838 2355 Magnam
863 2285 1143 2342 hominum
1164 2297 1373 2358 partem
1405 2305 1524 2358 qua:
1549 2288 1754 2360 furiosa
1783 2298 1957 2347 vorat.

521 2373 667 2430 Tabe
695 2374 956 2448 fatigatur
977 2379 1079 2433 hac
1103 2387 1237 2434 tetas
1274 2381 1452 2436 omnis
1483 2388 1538 2434 et
1564 2381 1719 2446 ordo,

590 2463 772 2534 Virgo,
802 2481 959 2535 puer,
982 2467 1220 2534 vetulus,
1245 2484 1406 2523 sexus
1437 2479 1666 2539 uterque
1690 2471 1870 2526 simul.

519 2553 711 2624 Magna
743 2555 890 2610 velut
919 2558 1100 2628 magni
1124 2560 1370 2628 cupiunt,
1397 2561 1474 2615 sic
1497 2561 1718 2631 parvula
1748 2561 1926 2634 parvi,

587 2645 759 2702 Musio
789 2663 942 2705 mure
972 2649 1104 2706 facit
1127 2653 1269 2721 quod
1293 2653 1377 2708 lco
1402 2664 1586 2710 torvus
1621 2669 1742 2710 ove.
1881 2717 1896 2727 _

519 2736 847 2808 Compositis
877 2740 1044 2812 igitur
1077 2745 1292 2798 cunctis
1318 2761 1415 2814 per
1440 2747 1647 2817 singula
1676 2749 1862 2814 rebus,

590 2827 772 2884 Poscit
793 2837 852 2885 ut
886 2823 1046 2887 ofﬁcii
1079 2842 1290 2902 tempus
1311 2844 1366 2890 et
1390 2837 1522 2891 ordo
1553 2838 1657 2908 sui,

523 2920 776 2987 Sedibus,
805 2922 1088 2980 ordinibus
1108 2927 1290 2996 papuli
1315 2927 1586 2984 residente
1606 2939 1819 2995 senatu,

589 3011 724 3068 Cum
749 3021 804 3068 te
831 3025 1142 3084 susceptum
1166 3017 1297 3072 sella
1331 3019 1536 3074 curulis
1566 3021 1731 3075 habet
1764 3040 1775 3073 :

518 3103 628 3160 Hos
655 3105 1098 3178 circumspiciens
1125 3107 1309 3164 adfare
1339 3111 1466 3168 hinc
1498 3112 1694 3168 talibus
1724 3113 1886 3180 orsis,

591 3195 791 3268 Sicque
816 3197 907 3268 pio
936 3199 1034 3254 hos
1060 3206 1236 3255 tecum
1263 3203 1463 3258 mentis
1485 3218 1668 3258 amore
1700 3218 1877 3259 mone.

517 3287 718 3344 Discite
737 3289 1024 3360 justitiam,
1056 3291 1297 3347 caelestia
1321 3293 1514 3349 discite
1537 3295 1710 3364 jussa,

593 3381 723 3447 Quae
751 3381 913 3437 Pater
937 3383 1261 3441 altithronus
1285 3388 1463 3442 sanxit
1487 3389 1554 3443 ab
1590 3403 1690 3444 axe
1716 3389 1845 3460 poli.

3679 399 3786 472 ξω

2282 619 2390 673 Aut
2426 620 2570 688 quod
2591 604 2698 674 erit
2727 617 2881 690 pejus
2909 617 3025 687 jam
3063 617 3276 678 ﬂuitare
3304 619 3472 687 foras,

2214 710 2309 766 Vis
2346 710 2564 765 humilis
2593 711 2777 766 statim
2810 711 3048 778 exsiliat,
3071 711 3360 782 prudentia
3387 709 3542 781 cujus

2285 799 2368 854 Sit
2393 800 2593 872 collega
2617 801 2723 872 piis
2753 803 2958 858 viribus
2987 819 3138 858 arma
3164 802 3366 862 ferens.

2213 891 2478 964 Splendor
2506 895 2560 948 in
2587 910 2681 952 ore
2711 894 2924 964 quibus,
2962 896 3238 952 radiantes
3264 897 3469 954 lumine
3495 906 3693 970 vestes,

2283 987 2478 1043 Vultus
2507 976 2612 1044 erit
2637 989 2832 1056 comis,
2855 991 3065 1062 singula
3094 992 3319 1062 pulchra
3356 992 3509 1050 satis.

2207 1076 2400 1133 Nobile
2423 1094 2519 1148 par
2549 1087 2759 1135 tantum
2782 1083 3109 1138 horrendum
3141 1084 3386 1156 insurgat
3410 1085 3463 1140 in
3494 1075 3738 1154 hostem,

2279 1170 2367 1235 Et,
2393 1172 2578 1241 procul
2610 1172 2736 1228 hinc
2761 1176 2930 1245 pestis
2960 1176 3205 1246 improba
3229 1177 3372 1234 dicat
3401 1178 3509 1235 abi.

2208 1263 2454 1334 lmproba
2479 1268 2624 1324 dicat
2646 1270 2754 1336 abi,
2779 1271 2940 1328 sociis
2969 1281 3024 1328 te
3051 1273 3298 1330 Manibus
3323 1275 3482 1342 adde,

2279 1355 2520 1421 Quorum
2545 1374 2664 1414 sors
2691 1369 2837 1416 sorte
2867 1369 2950 1418 est
2976 1363 3319 1420 adcumulata
3352 1372 3467 1420 tua.

2205 1444 2249 1512 l,
2277 1455 2401 1517 pete
2422 1447 2701 1518 Cocytum,
2729 1452 3095 1525 Phlegetontis
3129 1470 3372 1528 mergere
3399 1456 3587 1526 fundo,

2278 1535 2396 1604 Quo
2425 1549 2550 1595 tuus
2576 1541 2826 1598 inventor
2856 1550 2975 1599 trux
3008 1546 3333 1603 cruciandus
3355 1547 3476 1604 erit.

2207 1628 2418 1699 Quique
2441 1631 2538 1687 Dei
2569 1641 2751 1690 tecum
2771 1635 2942 1694 voluit
2970 1640 3340 1696 conscendere
3371 1639 3578 1707 sedem,

2277 1721 2419 1778 Sede
2443 1725 2532 1794 pia
2563 1733 2741 1782 tecum
2771 1728 2953 1798 lapsus
2978 1729 3031 1784 in
3064 1729 3171 1784 ima
3191 1729 3358 1799 jacet.

2203 1812 2323 1882 Quo
2352 1825 2534 1872 rueret
2559 1826 2738 1874 tecum
2763 1821 2882 1876 sine
2910 1829 2986 1887 te,
3012 1837 3119 1892 quo
3147 1824 3409 1880 scandere
3435 1830 3646 1896 posset,

2130 1905 2179 1966 B
2278 1909 2415 1963 Dum
2438 1910 2764 1970 firmamenti
2789 1915 2843 1968 in
2866 1915 2995 1972 sede
3015 1924 3278 1982 maneret,
3309 1925 3448 1972 erat.

2205 1999 2430 2056 Sarcina
2458 2010 2512 2057 tu
2550 2005 2731 2075 gravis
2751 2021 2810 2062 es
2839 2007 3040 2077 dignis,
3063 2018 3340 2081 gestamen
3371 2010 3592 2081 iniquis.

2271 2093 2450 2163 Esque
2476 2096 2660 2168 auriga
2687 2097 2868 2162 malis,
2897 2100 3108 2170 pondus
3129 2101 3341 2157 inorme
3369 2102 3545 2158 bonis.

2203 2183 2351 2252 Quos
2379 2186 2520 2257 petis
2559 2188 2766 2252 infelix,
2799 2206 2936 2259 quos
2965 2192 3159 2248 laedere
3191 2193 3381 2249 niteris
3411 2209 3577 2265 aegre,

2274 2278 2390 2334 Non
2417 2289 2528 2345 tua,
2553 2283 2648 2338 sed
2678 2282 2879 2338 Christi
2910 2293 2992 2341 est
3023 2292 3162 2342 bene
3182 2294 3337 2342 turba
3366 2302 3591 2360 sequax.

2198 2367 2432 2426 JEthcre
2469 2373 2562 2442 qui
2599 2374 2822 2429 veniens
2850 2376 3104 2445 patefecit
3125 2377 3192 2435 ad
3216 2379 3418 2434 aethera
3443 2379 3658 2445 callem,

2272 2462 2388 2529 Quo
2417 2464 2500 2516 via
2529 2463 2710 2519 clausa
2735 2466 2846 2532 diu,
2876 2483 3020 2522 nunc
3049 2469 3310 2537 adaperta
3349 2478 3516 2539 patet.

2202 2556 2304 2624 Qui
2335 2556 2401 2611 de
2432 2559 2662 2613 terrenis
2686 2560 2851 2614 trahit
2876 2562 2942 2615 ad
2973 2561 3212 2616 caelestia
3243 2577 3480 2632 semper,

2271 2646 2405 2703 Cum
2439 2657 2495 2702 tu
2523 2648 2589 2702 de
2619 2650 2832 2720 superis
2860 2666 3076 2722 semper
3109 2653 3176 2708 ad
3205 2653 3312 2708 ima
3343 2653 3546 2712 trahas.

2199 2739 2294 2797 Ille
2321 2740 2464 2796 locat
2485 2742 2733 2812 proprios
2755 2744 2966 2799 caelesti
2996 2745 3045 2798 in
3071 2746 3198 2800 sede
3234 2761 3512 2815 sequaces,

2271 2837 2500 2892 Tartara
2533 2847 2588 2892 tu
2617 2841 2817 2912 mergis
2847 2843 2901 2896 in
2925 2843 3214 2897 metuenda
3249 2852 3388 2899 tuos.

2199 2925 2298 2982 His
2320 2925 2516 2996 jaculis
2541 2937 2787 3000 correpta
2816 2929 2952 2997 lues,
2978 2931 3079 2987 hac
3109 2933 3330 3002 cuspide
3355 2933 3548 2990 abacta

2270 3017 2458 3082 Cedat,
2485 3027 2545 3071 ut
2570 3020 2867 3076 abscedunt
2898 3009 3009 3076 sole
3036 3019 3254 3094 fugante
3284 3024 3454 3080 nives.

2200 3107 2341 3165 Hinc
2370 3109 2484 3165 fera
2515 3113 2758 3168 vulnifici
2789 3113 2997 3186 fugiant
3023 3117 3250 3188 vestigia
3281 3119 3527 3185 monstri,

2234 3210 2242 3226 ‘
2270 3200 2478 3256 Vulnus
2498 3213 2552 3256 et
2573 3203 2727 3259 hoste
2750 3205 2934 3260 datum
2964 3217 3120 3262 sanet
3153 3210 3326 3264 amica
3353 3225 3565 3264 manus.

2124 3279 2169 3341 C
2200 3290 2327 3346 Haec
2353 3291 2535 3364 abigat
2555 3292 2701 3349 ferro
2731 3296 2964 3363 hostem,
2988 3315 3108 3369 qua:
3132 3287 3492 3357 medicamine
3516 3299 3783 3358 morbum.

2272 3379 2400 3449 Ejus
2427 3391 2481 3436 et
2503 3381 2619 3438 hmo
2644 3384 2801 3438 detur
2824 3401 2956 3440 voce
2983 3389 3189 3442 medela
3221 3390 3336 3444 tibi.

517 3470 669 3528 Hanc
699 3471 862 3540 Deus,
906 3475 1050 3531 hanc
1093 3485 1266 3542 vates,
1309 3478 1450 3533 hanc
1494 3478 1660 3550 leges,
1696 3480 1838 3534 hanc
1883 3495 2106 3551 quoque
2198 3471 2396 3540 Aspice
2425 3487 2496 3528 ne
2525 3474 2681 3529 νίῐίθι
2710 3475 2946 3532 tumidus
2971 3479 3274 3548 PFIBCOI‘dia
3304 3471 3502 3546 Γέὶεῑυεο

1753 3569 2026 3644 [princeps

585 3656 935 3727 Percensent,
962 3661 1080 3716 haec
1114 3661 1197 3716 vis
1227 3671 1446 3733 pectora
1477 3671 1661 3718 nostra
1694 3673 1864 3737 regat.

517 3745 576 3804 Si
596 3765 696 3805 nos
721 3749 812 3804 illa
843 3758 1014 3821 regat,
1041 3752 1266 3821 populos
1295 3769 1392 3807 nos
1416 3753 1516 3806 rite
1550 3768 1823 3824 regemus,

587 3839 738 3896 Mens
763 3843 899 3896 bene
926 3852 1121 3898 cuncta
1145 3845 1304 3913 regit,
1337 3860 1497 3913 quam
1521 3844 1664 3899 Deus
1689 3845 1801 3916 ipse
1830 3847 1988 3918 regit.

515 3929 1026 4001 His'aliquantisper
1052 3933 1271 3986 monitis
1300 3933 1588 4003 verbisque
1609 3950 1842 4001 morare,

585 4020 921 4093 Gustumque
949 4025 1222 4096 egregium
1255 4024 1388 4094 legis
1425 4025 1492 4077 ah
1520 4041 1676 4081 amne
1707 4026 1881 4082 dabis.

512 4111 585 4167 At
612 4113 656 4167 si
681 4112 820 4169 forte
845 4113 948 4169 levi
981 4124 1204 4169 ventosa
1233 4117 1483 4186 superbia
1515 4117 1630 4170 nisu

584 4200 660 4258 Te
686 4213 872 4275 petere
899 4203 1134 4270 affectet,
1163 4216 1213 4260 te
1245 4206 1485 4261 lacerare
1521 4209 1669 4271 velit,

513 4293 688 4349 'l‘orva
720 4296 910 4360 oculis,
938 4299 1206 4353 horrenda
1237 4314 1416 4362 manu,
1449 4297 1745 4352 foedissima
1775 4300 1932 4363 rictu,

587 4386 986 4457 Vipereumque
1013 4397 1176 4458 caput
1215 4405 1410 4460 corpus
1438 4400 1493 4443 ct
1526 4406 1685 4446 omne
1716 4397 1949 4458 tumens,

514 4475 664 4531 Mens
694 4477 992 4535 tumefacta
1019 4482 1128 4546 cui,
1160 4482 1296 4536 levis
1317 4484 1480 4547 actio,
1506 4485 1714 4554 turgida
1739 4502 1838 4540 vox
1873 4493 1957 4541 est

583 4565 684 4621 Cui
719 4567 870 4624 cibus
897 4579 952 4624 et
979 4578 1137 4640 potus
1160 4583 1276 4624 atra
1308 4587 1516 4627 venena
1540 4584 1779 4640 manent,

511 4654 618 4712 Pro
647 4673 832 4727 gressu
870 4659 1057 4724 saltus,
1084 4677 1181 4731 pro
1206 4662 1400 4732 plantis
1433 4665 1593 4734 pinna
1621 4665 1873 4730 volucris,

582 4749 806 4822 Remige
829 4769 936 4824 quo
961 4753 1066 4808 labi
1096 4757 1272 4826 quivit
1293 4760 1361 4813 ab
1389 4777 1490 4815 axe
1520 4762 1650 4831 poli,

509 4842 581 4900 Et
609 4859 816 4900 memor
844 4847 1054 4917 antiqui
1075 4850 1294 4920 sceleris
1317 4869 1477 4924 super
1496 4856 1696 4910 aethera
1726 4851 1876 4920 facti,

589 4937 754 4994 Utens
777 4947 894 4994 arte
925 4957 1020 4997 sua
1049 4958 1150 5012 qua
1175 4946 1306 5014 petit
1327 4947 1433 5001 ima
1461 4947 1639 5018 Stygis
1665 4965 1676 4999 :

512 5030 626 5098 Qua
655 5041 704 5087 te
730 5032 1012 5089 sublimem
1041 5053 1146 5108 qua
1173 5039 1376 5093 celsum
1407 5040 1585 5094 sibilet
1610 5040 1774 5104 intus,

581 5121 834 5179 Plebibus
857 5133 914 5179 ut
937 5127 1091 5183 misci
1131 5129 1445 5184 dedecuisse
1467 5139 1622 5200 putes
1646 5147 1657 5183 :

512 5209 650 5267 Ecce
679 5215 900 5272 humilis
930 5217 1103 5287 plebis
1128 5219 1244 5274 fieri
1275 5237 1401 5290 pars
1433 5237 1535 5275 una
1569 5222 1804 5287 laboras,

582 5301 716 5358 Dum
746 5307 868 5374 pius
888 5317 944 5362 et
966 5309 1204 5364 clemens
1227 5311 1478 5366 omnibus
1504 5327 1621 5366 esse
1647 5314 1819 5384 cupis.

512 5393 656 5451 Ordo
683 5399 984 5471 gradusque
1011 5409 1134 5457 tuus
1164 5403 1314 5457 levat'
1335 5403 1400 5456 ad
1431 5405 1679 5459 sublimia
1708 5413 1892 5470 temet,

581 5485 691 5541 Cur
721 5498 772 5542 te
799 5501 990 5561 sponte
1017 5494 1224 5565 premis
1245 5495 1333 5565 qui
1359 5495 1473 5550 loca
1497 5497 1640 5550 celsa
1673 5497 1857 5549 tenes?

511 5576 646 5632 Nam
673 5579 718 5634 si
747 5583 1061 5656 perspicias.
1089 5603 1195 5641 non
1228 5577 1316 5642 hic
1343 5587 1688 5642 mediocriter
1716 5603 1892 5651 erras,

582 5671 716 5726 Cum
746 5681 799 5728 te
823 5675 1142 5748 degenerem
1169 5679 1512 5750 simplicitate
1542 5679 1694 5736 facis.

512 5761 645 5815 Cum
677 5765 772 5820 tibi
803 5768 962 5822 nemo
992 5778 1154 5839 queat
1176 5770 1457 5837 obsistere,
1487 5789 1647 5829 nemo
1682 5774 1863 5836 reniti,

584 5851 659 5906 De
685 5855 864 5924 capite
895 5860 949 5916 in
970 5860 1198 5916 caudam
1221 5869 1340 5930 cur,
1374 5863 1667 5930 malesane,
1700 5864 1813 5918 ruis
1834 5852 1864 5914 τ’

2271 3561 2408 3616 Dum
2429 3563 2547 3620 loca
2574 3565 2816 3620 sublimis
2845 3567 2974 3621 editi
2999 3583 3093 3622 ora
3122 3578 3292 3624 tenes.

2199 3650 2447 3723 Dumque
2472 3654 2653 3710 favent
2678 3657 2882 3727 populi,
2904 3658 3122 3714 vallaris
3142 3659 3388 3730 pluribus
3419 3665 3562 3716 unus

2276 3743 2524 3814 Undique
2555 3755 2607 3800 te
2629 3756 2838 3816 septum
2863 3751 3221 3819 prosperitate
3249 3761 3426 3824 putas.

2200 3834 2346 3892 Neve
2377 3839 2504 3908 quid
2536 3855 2596 3894 es
2621 3840 2842 3894 demant
2871 3844 3067 3898 oblivia
3095 3846 3276 3915 segnia
3313 3846 3502 3912 menti,

2272 3927 2475 3982 Ultima
2501 3929 2572 3982 sit
2597 3944 2813 3999 semper
2846 3934 3228 4002 conspicienda
3259 3935 3394 3990 dies.

2201 4017 2273 4072 Ut
2294 4017 2472 4071 valeas
2493 4020 2640 4073 omni
2668 4021 2921 4075 vitiorum
2957 4024 3116 4078 sorde
3148 4039 3363 4091 carere,

2271 4109 2383 4164 Hoc
2413 4110 2554 4179 quod
2583 4125 2641 4165 es
2663 4113 2912 4182 aspicito,
2943 4128 3048 4167 non
3078 4122 3258 4169 tamen
3285 4116 3336 4169 id
3367 4105 3514 4186 quod
3533 4117 3725 4172 habes.

2197 4198 2316 4270 Ipse
2344 4200 2473 4255 licet
2501 4201 2690 4256 sedeas
2713 4205 2940 4272 gemmis
2961 4214 3185 4260 ornatus
3214 4213 3266 4260 et
3297 4213 3463 4270 ostro,

2270 4293 2399 4350 Post
2425 4297 2605 4351 carnis
2627 4299 2876 4368 putridus
2897 4306 3138 4368 tempora
3171 4300 3346 4369 pulvis
3374 4301 3501 4355 eris.

2198 4385 2408 4457 Corpus
2435 4390 2578 4443 enim
2610 4389 2756 4445 fulvo
2785 4393 2926 4462 quod
2951 4409 3093 4448 nunc
3125 4395 3426 4464 accingitur
3447 4409 3601 4458 auro,

2271 4476 2458 4532 Serica
2483 4481 2622 4547 quod
2652 4481 2802 4535 vario
2822 4483 2968 4551 palla
2989 4485 3170 4539 colore
3202 4485 3350 4554 tegit,

2199 4566 2479 4639 Squalenti
2508 4573 2761 4642 squalens
2784 4575 2984 4629 olidum
3017 4577 3357 4648 gelidumque
3383 4577 3614 4646 putenti,

2119 4673 2174 4733 D
2271 4663 2413 4716 Proh
2445 4664 2625 4719 dolor!
2653 4667 2909 4721 intectum
2940 4678 3088 4724 veste
3115 4678 3391 4739 premetur
3414 4669 3598 4724 humo.

2196 4756 2348 4824 Quod
2371 4771 2541 4821 mare,
2566 4759 2707 4826 quod
2735 4767 2897 4824 terra,
2921 4761 3064 4830 quod
3091 4769 3145 4814 et
3169 4775 3262 4816 aer
3285 4770 3460 4832 gestat
3484 4760 3772 4828 edendum,

2266 4849 2534 4919 Poclaque
2564 4851 2787 4919 pulchra
2808 4852 2893 4906 cui
2924 4860 2977 4906 tu
3004 4852 3284 4907 tribuenda
3313 4868 3490 4922 paras,

2193 4939 2370 4994 Eheu!
2406 4941 2632 4996 tabifica:
2654 4941 2956 5010 putredinis
2985 4958 3080 4997 ore
3109 4945 3409 4998 vorandum
3437 4951 3541 5011 est,

2264 5034 2413 5089 Eheu
2438 5036 2449 5088 !
2482 5035 2788 5090 sordidulus
2814 5046 2936 5104 post
2964 5037 3101 5090 cinis
3133 5035 3262 5090 illud
3291 5037 3414 5092 erit.

2194 5125 2262 5181 Et
2287 5141 2434 5191 caro,
2457 5141 2576 5196 qua:
2600 5141 2786 5180 musco
2809 5127 3072 5181 redolenti
3100 5137 3154 5181 et
3176 5128 3379 5198 fragrat
3415 5142 3652 5195 amomo,

2265 5217 2500 5287 Qumque
2524 5219 2793 5288 peregrini
2835 5227 3045 5289 tergore
3072 5221 3243 5275 muris
3273 5221 3404 5287 olet,

2191 5309 2445 5364 Nidorem
2468 5307 2731 5364 labefacta
2755 5310 2923 5375 dabit,
2948 5312 3204 5380 sanieque
3231 5299 3486 5373 madebit,

2263 5405 2436 5461 Omne
2462 5405 2605 5477 quod
2635 5404 2892 5472 offendat,
2921 5405 2996 5460 nil
3024 5406 3168 5478 quod
3197 5415 3409 5461 ametur
3438 5393 3663 5462 habens.

2192 5493 2470 5564 Quemque
2495 5502 2678 5567 tegunt
2701 5496 2860 5552 celsis
2881 5496 3129 5566 laqueata
3152 5495 3353 5568 palatia
3385 5497 3566 5563 tectis,

2263 5586 2544 5658 Parvaque
2577 5589 2926 5658 conquereris
2953 5589 3196 5643 culmina
3217 5601 3410 5657 magna
3439 5588 3592 5654 satis,

2190 5677 2417 5736 Clausus
2442 5681 2497 5736 in
2520 5690 2747 5754 angusta
2777 5682 3095 5754 modicaque
3120 5681 3392 5737 teneberis
3414 5697 3570 5742 urna,

2269 5771 2477 5842 Vixque
2499 5771 2692 5827 domus
2722 5772 2936 5827 tibimet
2960 5785 3186 5844 corpore
3208 5772 3380 5843 major
3405 5773 3526 5826 erit.
3751 5839 3754 5842 ἢ

2195 5864 2474 5936 Quemque
2498 5865 2814 5920 catervatim
2844 5865 3069 5937 pepulus
3095 5865 3222 5920 hine
3255 5865 3381 5920 itide
3405 5861 3764 5932 frequentant,
