4046 6462
222 431 314 491 293
1533 405 1820 498 cauum

1905 405 2034 492 Lm.
2071 407 2116 498 ι,
3347 416 3469 478 eos

283 537 424 596 Plebs
445 548 634 608 parere
653 543 812 612 parat
835 523 940 600 ista
958 535 1041 592 vel
1074 533 1164 594 illa
1194 534 1324 614 tibi,
1792 536 1846 597 Α
1870 529 1983 590 Hac
2019 549 2122 606 ape
2150 530 2408 597 munitus,
2438 530 2642 602 talique
2661 529 2940 600 juvamine
2962 525 3151 599 fultus,

219 629 480 692 Postmodo
499 625 646 684 solus
669 629 780 692 eris
802 628 1074 686 habitator
1102 627 1270 686 solius
1299 634 1484 706 antri:
1945 626 2142 682 Currat
2169 625 2432 704 inotl‘enso
2454 641 2551 698 pes
2577 625 2674 682 tibi
2696 625 2834 684 calle
2853 625 3018 698 celer.

283 723 445 781 Causa
469 719 685 776 videndi
714 729 767 778 te
790 737 910 792 qua:
938 721 1042 778 nisi
1067 719 1250 784 luctus
1269 721 1407 776 erit?
1873 720 1894 776 ι
1923 721 2052 784 cito,
2078 719 2192 776 fare
2219 736 2377 795 puer,
2399 723 2468 777 de
2491 718 2737 796 pluribus
2765 719 2908 790 elige
2929 719 3219 792 quosdam,

221 817 314 876 Sed
346 828 440 870 nec
464 821 621 868 erunt
644 812 802 876 socii,
826 811 929 870 nisi
952 811 1047 884 qui
1072 819 1170 882 tua
1193 812 1404 888 viscera
1427 811 1652 875 rmlant,
1945 809 2046 878 Qui
2069 811 2186 866 loca
2215 811 2460 872 ﬁnitimis
2482 827 2590 876 non
2619 809 2876 888 propiora
2905 799 3118 885 colunt.

282 907 400 975 Quis
428 904 578 960 cibus
604 911 691 960 est
711 901 976 975 genitrix,
998 887 1106 980 qua
1127 902 1246 960 sine
1278 887 1395 958 vita
1413 900 1616 976 brevis.
1875 898 2089 970 Proque
2117 901 2231 980 suis
2256 901 2437 984 causis
2458 901 2582 958 istic
2607 917 2830 969 venere,
2856 887 2942 974 vel
2967 901 3112 980 illos,

219 997 348 1054 Mille
388 1008 575 1068 greges
615 993 840 1052 redeant
886 991 985 1048 tibi
1028 1007 1378 1076 quanquam,
1424 998 1786 1074 armentaun
1946 995 2047 1062 Qui
2074 997 2320 1072 quamvis
2341 1011 2512 1070 prope
2534 997 2661 1062 sint,
2686 997 2838 1068 plebs
2869 1005 3053 1056 tamen
3077 1004 3257 1076 exstat
3279 999 3458 1070 inops.

1437 1165 1440 1167 Δ
1510 1082 1710 1168 Lmille,
1877 1089 2011 1157 Quis
2043 1088 2089 1143 si
2115 1089 2321 1146 mixtus
2339 1090 2446 1148 erit
2472 1089 2746 1162 proprius,
2770 1106 2840 1146 ne
2863 1087 3064 1160 proiice
3090 1090 3261 1156 cives,-

276 1176 661 1246 Finitimusque
689 1183 838 1232 tuam
875 1189 1036 1234 nemo
1060 1183 1302 1240 constet
1328 1176 1559 1252 humum
1581 1193 1602 1240 ε,
1948 1179 2078 1250 Ejus
2103 1195 2268 1238 causa
2295 1188 2456 1260 senet
2475 1181 2718 1253 quolibet
2741 1181 2887 1238 intus
2911 1182 3038 1242 erit.

218 1269 455 1328 Omnibus
481 1267 598 1339 ipse
617 1283 810 1326 carens
837 1269 1062 1328 inamati
1091 1269 1328 1343 tegmina
1353 1267 1506 1330 busti
1878 1271 1957 1328 Ne
1984 1273 2030 1328 si
2053 1272 2332 1344 projicias,
2355 1273 2574 1328 rediens
2598 1273 2940 1330 venientibus
2959 1275 3163 1344 obstet.

277 1360 443 1420 Rebus
478 1359 634 1430 inops
661 1357 842 1434 reum
867 1361 1192 1442 pauperiora
1217 1369 1390 1434 petes.
1947 1364 2126 1434 Atque
2151 1362 2252 1419 sibi
2290 1363 2588 1433 impediant
2609 1364 2740 1421 dum
2762 1365 2853 1426 hic
2885 1365 2926 1424 it
2951 1373 3006 1420 et
3029 1351 3117 1422 ille
3145 1349 3303 1424 redit.

217 1454 431 1523 corpora
452 1449 728 1525 sufﬁciunt
750 1468 858 1532 nec
876 1441 950 1512 ad
971 1470 1138 1514 unum
1167 1441 1323 1528 plura
1349 1452 1683 1517 vehendum,
1881 1456 2099 1512 Discute
2121 1463 2444 1513 cunctorum
2465 1455 2714 1528 vigilanti
2738 1457 2990 1532 indagine
3015 1473 3232 1524 causas,

279 1545 376 1601 Par
403 1543 552 1600 color
579 1531 824 1614 eligitur,
847 1535 1047 1617 Corpus
1067 1553 1122 1601 et
1149 1560 1309 1608 omne
1333 1545 1560 1623 decens.
1955 1547 2074 1616 Quo
2099 1548 2257 1604 ﬁnire
2286 1563 2455 1622 queas
2475 1549 2664 1610 ordine
2683 1531 2955 1622 quamque
2983 1566 3100 1606 suo.

217 1636 294 1694 Bis
323 1636 441 1692 bina
466 1652 528 1692 es
555 1637 769 1693 cervice
793 1646 973 1696 tamen
1008 1647 1126 1696 tum
1151 1637 1291 1693 forte
1316 1637 1614 1700 vehendus,
1883 1639 1992 1696 Has
2018 1641 2156 1697 bene
2185 1642 2333 1699 disce
2360 1642 2536 1713 prius,
2557 1651 2820 1718 quantum
2854 1643 2956 1698 has
2981 1642 3193 1698 discere
3213 1643 3411 1706 debes,

275 1728 397 1785 Cum
417 1727 529 1798 jam
553 1736 835 1792 extremus
856 1729 964 1786 erit
981 1740 1036 1787 et
1056 1729 1397 1800 lacrymosus
1421 1729 1620 1790 honor.
1951 1733 2052 1790 Job
2079 1735 2173 1790 tibi
2201 1735 2256 1806 in
2280 1735 2590 1804 exemplum
2615 1735 2779 1792 verba
2803 1743 3066 1808 parantur
3081 1752 3104 1802 ς
3121 1736 3225 1802 ait,

212 1819 420 1878 Ferreus
444 1829 502 1876 et
519 1821 730 1894 gelidos
756 1837 984 1878 somnus
1012 1822 1319 1894 dissolverit
1339 1829 1508 1886 artus,
1882 1827 2088 1882 Lumen
2115 1842 2266 1884 eram
2292 1841 2465 1893 cteco,
2482 1843 2702 1898 gressus
2721 1809 3020 1898 moderatio
3046 1809 3264 1897 claudo,

271 1910 500 1986 Cumque
523 1913 692 1992 breve
723 1914 959 1994 arripies:
982 1929 1090 1970 non
1122 1913 1396 1994 rediturus
1423 1913 1544 1967 iter.
1807 1903 1855 1963 Β
1953 1917 2164 1988 Pauper
2186 1925 2242 1973 et
2268 1918 2489 1973 invento
2509 1933 2598 1974 me
2621 1926 2779 1988 patre
2809 1926 2956 1972 tutus
2983 1927 3126 1990 erat,

210 2002 347 2059 Plura
370 2002 501 2073 quid
524 2018 840 2086 enumerem
855 2001 884 2060 ’ζ
907 2004 1025 2074 visu
1047 2004 1192 2086 quod
1217 2003 1460 2079 cernitur
1480 2007 1696 2076 aptum.
1881 2007 2200 2077 Qumrebam
2231 2007 2428 2084 ignota:
2454 2006 2626 2063 solers
2647 2007 2956 2087 sinuamina
2976 2021 3180 2084 causa),

271 2093 476 2150 Visibus
503 2093 764 2153 humanis
789 2094 932 2165 quod
960 2094 1106 2161 favet
1135 2102 1296 2163 atque
1331 2093 1525 2163 placet,
1953 2099 2087 2167 Quis
2116 2108 2362 2170 poteram
2387 2099 2602 2164 studiis,
2623 2114 2732 2170 quo
2763 2097 2896 2153 mihi
2922 2106 3054 2172 nota
3082 2096 3240 2164 foret.

206 2182 318 2242 Post
340 2183 502 2256 vitam
531 2184 758 2248 vermis,
789 2192 911 2255 post
931 2198 1173 2244 vermem
1201 2171 1378 2254 pulvis
1403 2182 1647 2249 habebit.
1881 2190 1992 2248 Nec
2026 2191 2136 2247 cito
2164 2190 2391 2247 festines
2414 2191 2485 2246 ad
2511 2205 2692 2246 causa:
2720 2190 2944 2246 tendere
2968 2188 3150 2252 ﬁnem,

266 2276 398 2332 Voce
424 2271 692 2332 Tonantis
719 2276 846 2348 erit,
873 2291 996 2333 cum
1031 2275 1202 2348 redit,
1225 2275 1364 2344 unde
1394 2274 1562 2329 venit.
1952 2281 2065 2338 Nec
2098 2281 2244 2337 lento
2264 2290 2359 2338 an;
2385 2280 2613 2338 nimium
2639 2281 2780 2336 hanc
2801 2281 2937 2360 pede
2964 2280 3120 2348 volve

205 2367 439 2439 Corporis
466 2369 590 2425 haec
633 2368 720 2426 lex
747 2376 833 2426 est
861 2368 1108 2428 terrestri
1133 2365 1354 2440 ﬁgmine
1380 2366 1544 2432 creti,
1882 2373 1992 2431 Nec
2019 2375 2226 2430 lenium
2260 2381 2468 2446 ιοι-ροι,
2490 2372 2728 2444 celerem
2754 2381 2807 2432 te
2841 2370 3048 2444 nubilet
3071 2384 3255 2442 error,

267 2461 437 2517 Altera
461 2462 550 2518 vis
574 2462 771 2521 animae
791 2469 895 2529 est,
918 2462 1090 2536 tuber
1117 2459 1272 2532 origo
1295 2459 1401 2514 cui.
1951 2464 2098 2518 Inter
2119 2472 2410 2531 utrumque
2432 2461 2631 2516 malum
2658 2475 2754 2532 pes
2775 2461 2872 2516 tibi
2900 2468 3056 2538 tutus
3074 2467 3183 2528 eat.

207 2551 422 2609 Carcere
457 2569 586 2623 qua
616 2563 764 2612 trusa
787 2561 871 2608 est
901 2552 1117 2614 tandem
1143 2565 1405 2630 generosa
1427 2548 1658 2614 caduc0,
1881 2554 2050 2625 Finge
2079 2553 2224 2608 aliud
2250 2553 2380 2608 dum
2407 2567 2572 2608 causa
2600 2552 2750 2618 latet,
2773 2567 2900 2622 mox
2925 2567 3092 2622 causa
3115 2539 3356 2622 patest
3384 2564 3396 2603 τ

271 2644 464 2704 Terrea
483 2661 765 2720 quamque
791 2631 986 2702 domus
1014 2644 1325 2714 comprimit
1349 2652 1512 2712 atque
1537 2649 1742 2714 gravat.
1953 2644 2032 2701 Ne
2068 2643 2212 2724 male
2242 2642 2474 2708 fallaris,
2503 2650 2560 2702 tu
2591 2643 2731 2698 bene
2763 2641 2886 2698 falle
2911 2641 3088 2713 prius,

210 2734 324 2792 Haec
343 2738 445 2800 duo
475 2739 561 2794 sic
583 2736 764 2808 jungit
787 2735 1026 2793 clemens
1051 2735 1316 2791 elementa
1347 2742 1580 2800 creator,
1884 2737 1992 2796 Ne:
2023 2736 2156 2792 falsa
2187 2735 2411 2792 infantis
2438 2734 2590 2792 falsa:
2618 2735 2898 2791 mendacia
2926 2734 3120 2810 matris,

275 2829 339 2886 Ut
365 2838 592 2886 maneat
613 2826 770 2886 vivus
794 2844 860 2885 ac
887 2827 1242 2884 moribundus
1276 2826 1458 2881 homo.
1952 2829 2218 2908 Propulit,
2248 2836 2304 2886 et
2331 2843 2519 2904 carum
2547 2842 2680 2884 vera
2704 2825 2907 2906 recepit
2937 2840 3094 2908 onus.

209 2918 383 2978 Juncta
403 2924 572 2980 simul
589 2919 793 2988 vitam,
821 2929 1062 2977 mortem
1077 2921 1310 2977 rescissa
1339 2918 1658 2974 ministrant
1674 2958 1687 2973 .
1881 2919 2010 2977 Haec
2035 2919 2471 2976 Salomoniacam
2501 2933 2590 2975 res
2610 2918 2758 2974 vexit
2793 2916 2863 2971 ad
2890 2913 3061 2978 ardua
3081 2907 3308 2990 tamam,

274 3016 469 3073 Vivere
484 3019 683 3073 adesse
718 3015 830 3072 sibi
852 3014 949 3070 his
967 3020 1070 3076 est,
1093 3020 1150 3068 et
1171 3011 1368 3067 abesse
1386 3011 1543 3066 mori.
1953 3013 1994 3069 F
2000 3015 2148 3084 itque
2174 3013 2338 3068 timor
2355 3010 2592 3084 populis,
2617 3018 2674 3066 et
2692 3010 2780 3065 via
2805 2997 2980 3090 laudis
3008 3011 3080 3066 ei.
3299 3077 3302 3082 ν

211 3105 421 3179 Dispare
450 3110 548 3167 sed
569 3123 753 3174 eumn,
786 3113 1040 3177 repeth
1064 3103 1344 3161 terrestria
1373 3111 1601 3167 terram,
1883 3108 2038 3178 Saepe
2062 3123 2190 3163 suas
2213 3119 2534 3184 semperque
2563 3103 2740 3161 solent
2759 3103 3083 3162 convolvere
3113 3097 3308 3164 Causas

271 3196 470 3256 Caelica
490 3215 630 3256 nam
646 3196 970 3256 sese-reddit
988 3196 1152 3267 origo.
1172 3194 1302 3250 suis.
1819 3267 1854 3274 _
1957 3200 2156 3270 Magni,
2183 3215 2308 3270 cum
2337 3197 2558 3274 prepria
2587 3211 2646 3250 re
2671 3196 2790 3252 sine
2809 3209 3014 3270 pauper
3045 3203 3154 3251 eat.

213 3285 276 3344 U1
301 3290 454 3347 CtBlis
480 3305 596 3356 θεν,
625 3279 786 3345 tenus
810 3289 937 3344 κυὶϐ
959 3279 1154 3344 inﬁmi”
1173 3285 1346 3352 cedis.
1443 3365 1451 3368 _
1809 3267 1854 3330 C
1887 3294 1998 3350 llos
2023 3267 2122 3366 tibi
2153 3267 2209 3348 tu
2237 3267 2414 3348 socios
2438 3267 2499 3368 in
2527 3289 2708 3344 causis
2737 3288 2874 3346 adde
2895 3267 3190 3358 minorum,

268 3377 357 3436 Sic
392 3381 592 3438 animus
615 3393 814 3452 corpus
843 3379 1006 3436 debet
1024 3379 1223 3448 ubique
1243 3390 1388 3432 sum;
1443 3365 1452 3372 ’
1955 3365 2390 3456 Postposiiisque
2417 3365 2530 3438 suis
2557 3389 2609 3435 te
2637 3380 2776 3436 bene
2801 3380 3041 3449 quisque
3048 3378 3220 3456 iuvet.

205 3467 311 3525 Heu
340 3481 618 3543 quantum
641 3471 822 3528 scelus
843 3478 932 3527 est
949 3471 1144 3525 animm
1165 3479 1488 3538 praponele
1506 3479 1738 3538 corpus,
1883 3475 1985 3544 Qui
2018 3484 2176 3545 patre
2204 3490 2299 3548 seu
2321 3480 2496 3528 matre
2522 3472 2768 3538 orbatur,
2788 3470 2876 3526 vel
2902 3470 2948 3526 si
2968 3485 3076 3542 qua
3103 3469 3332 3536 marito,

269 3559 336 3615 Et
363 3561 921 3620 remimortalemnon
941 3560 1272 3616 moribunda
1288 3560 1410 3624 “ibis
1955 3568 2186 3623 Istorum
2211 3581 2406 3620 causas
2435 3564 2507 3620 sit
2537 3571 2630 3630 tua
2649 3578 2781 3619 cura
2811 3562 2986 3632 sequi.

204 3649 736 3720 Ancillamdominte,
759 3654 932 3725 piperi
959 3653 1218 3724 βιαίου-θ
1241 3653 1502 3717 cicutam»

1887 3659 2090 3716 Horum
2117 3659 2486 3728 causiloquus,
2511 3657 2708 3732 borum
2730 3655 2900 3714 tutela
2927 3663 3166 3722 maneto,

260 3741 564 3798 Plumbum
586 3758 740 3807 anno,
766 3742 1245 3813 gemmissondidm
1261 3739 1596 3795 sambonis»
1956 3750 2089 3805 Pars
2108 3750 2225 3804 haec
2249 3757 2302 3803 te
2324 3755 2556 3803 matrem
2585 3747 2816 3814 noverit,
2843 3745 2928 3801 illa
2961 3747 3168 3814 virum.

203 3831 488 3889 Prmsideat
515 3835 684 3889 menti
715 3834 878 3899 Deus,
899 3834 1016 3888 hinc
1041 3847 1254 3902 quoque
1281 3831 1502 3902 μονωιι
1525 3830 1706 3898 ωηῖθι
1884 3842 2107 3906 Debilis,
2134 3840 2423 3905 invalidus,
2452 3855 2608 3912 puer,
2629 3853 3049 3912 segem-annva,
3073 3852 3328 3905 senextus,

265 3925 386 3984 “me
406 3935 700 3998 vegetante
729 3927 918 3982 anima
947 3926 1474 3991 vivancsillaﬁeo,
1957 3935 2012 3991 Si
2042 3937 2279 4000 veniam,
2305 3934 2388 3990 [er
2408 3950 2564 4004 opem
2588 3934 2674 3990 his
2701 3934 3014 4005 ιηίεειαηάφ
3033 3933 3210 4004 “iam.

207 4014 392 4074 Ordine
415 4034 528 4089 quo
553 4018 647 4074 tali
673 4019 890 4089 pnobuse
903 4018 972 4072 ad
990 4017 1222 4074 sublime
1251 4017 1518 4083 traharis,
1882 4025 1992 4082 Fac
2018 4028 2205 4082 sedeat
2231 4027 2322 4098 qui
2347 4034 2496 4080 sum
2520 4024 2844 4096 neqnikqui
2871 4039 3098 4096 surgere
3122 4023 3355 4096 prende,

273 4108 338 4165 Et
360 4119 450 4165 tua
472 4126 630 4170 mens.
650 4109 1047 4182 fugiabinﬂma,
1075 4109 1232 4164 celsa-
1248 4116 1413 4178 petat.
1952 4120 2048 4175 Cui
2071 4135 2167 4174 cor
2190 4135 2403 4189 voxque
2433 4118 2646 4194 tremit,
2658 4130 2826 4187 pesve
2848 4113 3303 4183 max:usve,j_uva.

210 4198 438 4273 Cumque
459 4203 574 4259 erit
593 4202 684 4258 illa
703 4201 964 4271 diesque:
996 4200 1072 4254 nil
1094 4201 1198 4256 nisi
1225 4214 1453 4270 ωπροη
1481 4208 1725 4269 qum"
1883 4209 2159 4277 Dejeclum
2185 4210 2368 4264 verbis
2395 4209 2602 4273 releva,
2625 4209 2814 4263 sedato
2840 4207 3140 4272 minacem,

271 4292 431 4350 Terra
460 4303 616 4367 tegat
639 4307 870 4364 animus,
880 4291 1106 4363 spiritus
1124 4300 1270 4347 astra
1301 4299 1466 4360 petat.

1954 4299 2057 4366 Qui
2086 4300 2262 4364 timet,
2286 4299 2413 4354 huic
2437 4300 2606 4363 vires,
2637 4298 2732 4368 qui
2758 4297 2918 4367 furit,
2942 4296 3079 4352 adde
3107 4303 3341 4360 metum.

211 4379 346 4442 Hauc
373 4396 554 4444 statue
581 4395 710 4443 ante
731 4384 938 4450 oculos.
969 4384 1111 4440 hanc
1133 4397 1346 4453 semper
1371 4390 1555 4439 mente
1578 4382 1779 4448 voluta.
1885 4392 2066 4447 Turba
2094 4391 2199 4446 ciet
2232 4390 2375 4455 lites,
2397 4389 2697 4464 multarum
2727 4396 2782 4444 et
2808 4388 2991 4460 prmlia
3015 4402 3236 4454 vocum,

274 4477 338 4534 Ut
363 4481 584 4550 quidam
610 4479 894 4550 quondam
916 4491 1020 4533 rex.
1041 4476 1318 4549 sapienter
1350 4477 1430 4530 ait
1455 4494 1468 4528 :
1959 4482 2085 4538 Acri
2108 4482 2443 4554 perstringes
2472 4495 2628 4545 voce,
2657 4493 2902 4557 sonoque
2928 4479 3100 4553 gravi.

214 4562 394 4624 Ultima
422 4587 552 4628 nam
580 4579 684 4626 tua
702 4578 852 4634 sunt,
884 4583 1080 4626 careas
1099 4568 1411 4638 peccamine
1445 4575 1504 4624 ut
1530 4576 1673 4636 atm,

275 4657 489 4720 Actibus
527 4664 586 4718 in
618 4662 832 4718 cunctis
859 4660 1332 4720 commemoranda
1355 4660 1471 4715 tibi.

1883 4573 2184 4630 Anseribus
2213 4573 2414 4654 raucis,
2438 4570 2751 4630 cornicibus
2779 4579 2944 4640 atque
2971 4568 3210 4644 nigellis,

1955 4658 2056 4725 Qui
2085 4667 2144 4712 ut
2169 4652 2416 4712 reciiiant
2442 4671 2633 4712 omnes
2658 4671 2777 4712 mos
2797 4655 2936 4712 solet
2960 4671 3083 4712 esse
3103 4652 3284 4710 simul.

1805 4619 1858 4680 D

215 4743 334 4803 Nam
363 4760 450 4807 tua
480 4755 526 4810 si
551 4753 690 4824 quid
711 4753 832 4812 eris.
846 4751 1140 4808 meditatim
1159 4751 1343 4808 sedula
1380 4760 1597 4819 tractet,
1879 4748 1944 4804 Ni
1975 4756 2211 4813 taceant,
2236 4748 2452 4817 impone
2481 4747 2677 4813 minas,
2709 4755 2890 4804 tamen
2917 4761 3088 4818 usque
3115 4753 3308 4806 caveto

275 4840 423 4900 Raris
444 4856 542 4902 aut
569 4845 733 4907 nullis
757 4845 1010 4900 inlidere.
1029 4843 1221 4900 malim.
1379 4873 1382 4876 ~
1948 4842 2028 4896 Ad
2056 4841 2170 4897 fera
2199 4856 2264 4895 ne
2298 4839 2484 4895 faciles
2514 4840 2622 4896 sint
2645 4839 2740 4894 tibi
2764 4839 2929 4896 verba
2957 4855 3169 4900 manus.

217 4929 325 4990 Hice
361 4938 404 4992 si
433 4941 758 5011 perpendas,
791 4947 914 5010 post
941 4945 1172 4994 mortem
1196 4937 1304 4993 vita
1331 4939 1608 5009 perennis,
1877 4933 2135 5004 Corporis
2169 4948 2266 4988 arx
2292 4932 2477 5004 plano,
2501 4947 2567 4987 ne
2596 4940 2746 4988 recto
2771 4941 2998 5002 pectora
3028 4941 3222 5000 sunto,

276 5022 428 5083 Parte
448 5031 560 5087 eris
581 5038 640 5085 et
657 5031 808 5085 vives
828 5045 953 5086 mox
979 5029 1208 5100 meliore
1237 5031 1330 5086 tui.
1951 5029 2110 5086 Pulsa
2142 5037 2234 5084 tuo
2256 5028 2447 5085 baculo
2475 5037 2603 5084 tunc
2627 5027 2854 5098 alicujus
2885 5028 2982 5084 ibi.

219 5111 438 5188 Cumque
459 5123 646 5192 gravis
674 5122 794 5176 litui
823 5122 1044 5193 clangor
1072 5123 1410 5178 concusserit
1436 5123 1644 5188 orbem,
1887 5119 2112 5188 Dispare
2143 5119 2466 5174 convenient
2491 5119 2654 5172 variae
2685 5119 2734 5178 vi
2759 5135 2910 5175 more
2933 5128 3190 5184 catervas,

279 5207 656 5286 Prodierisque
675 5215 942 5284 urnajatn
972 5213 1246 5269 rediviws
1277 5214 1458 5279 homo,
1519 5261 1523 5265 .
1959 5210 2060 5266 Hic
2088 5209 2295 5278 nequit,
2329 5208 2416 5262 ille
2444 5208 2610 5276 valet,
2634 5209 2780 5265 nolet
2802 5210 2912 5274 hic,
2942 5209 3031 5264 ille
3055 5207 3239 5262 volet:

223 5295 431 5359 Sedibus
453 5319 509 5362 et
531 5305 959 5363 mmusdeden't
979 5320 1040 5361 se
1065 5320 1234 5360 mens
1247 5313 1346 5360 tua
1363 5307 1586 5375 priscis,
1889 5302 1972 5358 Tu
1997 5317 2126 5373 rege
2151 5300 2344 5356 solerti
2367 5300 2549 5357 varios
2575 5301 2943 5362 moderamine
2971 5307 3169 5362 motus,

281 5391 511 5455 Calibus
541 5397 1304 5472 angelicis.~connutnemndus
1327 5399 1453 5452 eris.
1960 5393 2208 5464 Quidque
2225 5393 2314 5447 cui
2345 5393 2595 5464 expediat
2616 5391 2870 5462 providus
2898 5384 3037 5442 adde
3065 5387 3202 5443 loco.

225 5478 487 5555 Finierint,
516 5491 734 5563 propria
757 5500 814 5544 tu
841 5489 1024 5544 statim
1047 5488 1099 5542 in
1121 5496 1300 5543 mente
1323 5488 1555 5542 tribunal
1888 5486 2198 5558 Comprime
2221 5487 2266 5542 si
2292 5487 2470 5553 velox,
2493 5487 2538 5542 si
2569 5483 2776 5540 tardior
2799 5495 2966 5552 argue
2997 5479 3230 5546 tardum,

285 5581 430 5641 Jussa
461 5599 783 5658 peracturus
812 5594 1002 5662 sponte
1031 5583 1248 5653 parabis
1275 5583 1374 5654 eis.
1957 5581 2124 5640 Ocior
2146 5589 2209 5638 ut
2227 5583 2318 5638 hic
2339 5583 2432 5646 sit,
2456 5579 2664 5636 tardior
2691 5577 2782 5632 ille
2805 5585 3009 5631 tamen.

230 5671 605 5746 Conscendant,
633 5659 961 5748 sedeantque
985 5675 1167 5741 simul,
1191 5675 1542 5745 doceantque,
1570 5686 1782 5749 regant—
1884 5673 2100 5730 Instrue
2129 5673 2175 5729 si
2197 5672 2448 5734 stolidus,
2471 5669 2515 5724 si
2540 5667 2767 5724 callidus
2800 5665 3015 5722 attrahe
3040 5659 3214 5735 frena,

1586 5769 1714 5841 [que
1957 5766 2058 5822 llic
2083 5781 2180 5822 sua
2214 5779 2281 5820 ne
2305 5762 2517 5834 perdat,
2549 5761 2638 5816 hic
2665 5775 2734 5818 ne
2761 5758 2938 5824 aliena
2963 5767 3129 5833 petat.

295 5853 509 5918 Omnem
539 5864 703 5920 animi
731 5870 946 5918 motum
970 5861 1166 5918 mentis
1191 5860 1258 5916 ab
1287 5863 1424 5914 arce‘
1442 5867 1562 5913 ture.
1591 5839 1597 5841 ⁷
1630 5839 1635 5840 ί
1889 5857 2273 5928 Tardiloquum
2294 5852 2579 5909 moderare
2599 5851 3146 5919 libens,nimiu1nque
3165 5839 3480 5920 loquacem,
