4046 6444
407 353 514 412 295
1430 343 1824 403 THEODULFI
1860 341 2419 402 AURELIANENSIS
2455 339 2675 399 EPlSC.
3563 339 3683 398 296

468 462 727 523 Conferat
767 470 932 533 atque
971 473 1167 516 manus
1208 455 1338 516 una"
1363 457 1574 515 duabus
1599 455 1704 531 [F.
1736 453 1981 527 duobus]
2011 456 2064 520 Α
2086 453 2157 508 At
2181 461 2272 508 tua
2294 468 2448 508 mens
2470 459 2695 524 pugnet,
2719 446 2967 505 redeunti
2994 445 3226 502 obsistat
3249 455 3311 502 ut
3335 447 3505 515 hosti,

1708 548 1909 623 [opem.

399 652 477 708 Ne
503 665 624 716 sua,
652 648 699 705 si
724 647 935 712 tardus,
957 647 1236 703 reticendo
1262 645 1477 718 negotia
1501 643 1717 714 perdat,

470 740 716 810 Amplius
741 738 998 811 autjusto
1019 754 1154 794 neve
1180 738 1355 794 aliena
1383 745 1552 807 petat.

401 831 498 889 Vel
527 847 596 888 ne
614 832 876 886 verbosus
904 837 1144 886 ventosa:
1176 831 1391 885 turbine
1413 829 1610 899 linguae

471 924 679 981 Obruat
701 923 971 992 inceptam
1000 937 1224 992 remque
1254 922 1580 990 modumque
1602 918 1704 973 rei.

400 1017 648 1087 Dumque
676 1016 814 1071 sinis
837 1015 1026 1070 vacuis
1055 1015 1264 1070 medias
1291 1013 1634 1070 sermonibus
1663 1012 1855 1068 horas.

470 1110 574 1174 ire,
603 1109 722 1165 sine
747 1107 944 1164 eﬂ‘ectu
980 1122 1175 1177 resque
1197 1107 1422 1177 diesque
1443 1115 1646 1162 meent.

402 1202 500 1257 Est
528 1218 623 1258 sua
647 1202 741 1272 qui
772 1208 1008 1271 nequeat
1039 1200 1261 1270 explere
1291 1199 1507 1270 negotia
1535 1197 1719 1263 fando,

474 1295 540 1349 Et
567 1294 705 1349 male
732 1308 849 1349 rem
880 1293 1096 1347 mutilat
1118 1292 1289 1347 inscia
1314 1291 1500 1360 lingua
1530 1305 1704 1345 suam.

401 1386 480 1442 Ac
505 1386 670 1440 veluti
698 1385 743 1440 si
770 1384 893 1454 quis
917 1392 1072 1439 tenso
1096 1373 1412 1438 curvamine
1447 1396 1640 1444 cornu,

475 1477 611 1532 Dum
643 1477 851 1531 mavult
874 1477 1109 1540 hostem,
1136 1489 1303 1544 seque
1332 1487 1567 1542 suosque
1592 1471 1755 1526 ferit:

407 1568 499 1624 Sic
530 1569 778 1623 nocitura
799 1567 904 1622 sibi
934 1567 1062 1621 dum
1088 1565 1289 1636 promit
1315 1563 1539 1618 hemina
1567 1562 1711 1618 talis.

470 1658 703 1730 Figitur,
725 1659 860 1714 heu!
885 1656 1068 1727 jaculo
1093 1671 1221 1712 mox
1251 1655 1418 1710 miser
1442 1654 1559 1724 ipse
1592 1667 1712 1708 suo.

402 1748 573 1819 Hujus
601 1749 890 1822 remigium
913 1747 1095 1804 verbis
1128 1755 1184 1802 tu
1207 1747 1388 1818 praebe
1413 1745 1652 1809 salubre,

475 1842 556 1898 Ne
581 1849 708 1898 ruat
731 1843 876 1897 hunc
901 1841 1095 1905 retine,
1117 1840 1161 1894 si
1187 1840 1297 1894 ruit
1324 1839 1442 1908 ipse
1467 1838 1612 1892 leva.

403 1935 540 1992 Cum
572 1935 826 2006 perplexa
851 1932 1029 1988 forum
1057 1932 1336 1987 resonabit
1356 1945 1519 1984 causa
1542 1943 1642 1997 per
1666 1942 1853 1994 omne,

477 2027 671 2082 Lasset
700 2034 760 2080 ut
788 2026 1042 2095 ambiguo
1072 2032 1233 2092 teque
1263 2036 1501 2090 suosque
1524 2035 1646 2084 suo,

403 2117 556 2173 lndic
581 2115 871 2172 causidicis
897 2115 965 2170 ab
988 2121 1218 2182 utraque
1245 2112 1455 2167 silentia
1483 2122 1667 2182 parte,

478 2209 558 2266 Ne
579 2209 669 2280 jus
697 2208 1016 2279 perturbent
1037 2206 1163 2261 dum
1188 2220 1286 2259 sua
1311 2204 1543 2276 quisque
1566 2202 1716 2256 boat.

406 2300 653 2370 Cumque
679 2300 815 2355 viris
841 2297 1054 2369 paucis,
1078 2297 1227 2351 omni
1253 2296 1517 2351 reticente
1545 2301 1786 2359 caterva,

477 2392 613 2447 Rem
639 2391 778 2446 bene
813 2388 969 2445 volve
1006 2387 1184 2444 libens
1215 2395 1377 2456 atque
1408 2385 1626 2441 revolve
1656 2385 1771 2440 diu.

409 2483 689 2551 Quatenus
712 2482 933 2536 invento
961 2479 1179 2534 tandem
1205 2478 1324 2533 sine
1348 2477 1577 2532 crimine
1606 2476 1759 2541 calle,

475 2574 569 2630 Lis
590 2573 706 2629 fera
733 2572 974 2636 sedetur,
992 2569 1084 2640 jus
1112 2585 1208 2626 sua
1231 2569 1426 2638 cuique
1450 2568 1611 2623 ferat.

403 2666 634 2739 Adspice
657 2674 939 2736 praeterea,
966 2677 1138 2733 prope
1169 2671 1223 2717 te
1243 2661 1555 2732 quicunque
1583 2659 1813 2727 sedebit,

477 2759 556 2814 Ne
579 2773 741 2831 prece
773 2773 868 2812 seu
892 2756 1050 2812 donis
1070 2753 1160 2823 jus
1185 2754 1382 2808 vitiare
1405 2753 1555 2808 velit.

405 2849 570 2920 Cujus
597 2848 710 2905 fors
738 2849 887 2904 auris
910 2845 1026 2915 jam
1055 2846 1160 2901 leni
1187 2853 1330 2900 tacta
1359 2859 1584 2900 susurro
1612 2851 1716 2910 est,

476 2940 573 2996 Cui
599 2948 754 2996 catus
783 2939 911 2994 hinc
933 2938 1190 3009 quiddam
1214 2937 1409 3002 innuit,
1437 2936 1559 2990 inde
1585 2935 1754 2991 vafer.

407 3029 508 3086 Hic
528 3029 702 3086 oculis
724 3029 957 3099 signum,
986 3027 1236 3081 manibus
1259 3026 1342 3081 vel
1373 3025 1623 3082 conferat
1643 3025 1752 3092 ille,

478 3121 590 3177 Aut
611 3121 805 3175 modus
827 3120 932 3174 hac
959 3119 1012 3173 in
1044 3134 1104 3174 re
1127 3119 1356 3188 quilibet
1382 3134 1502 3174 esse
1534 3125 1736 3189 potest,

407 3210 613 3281 Hisque
639 3211 826 3265 favere
848 3210 1002 3275 velit,
1025 3225 1144 3264 sese
1170 3209 1265 3264 tibi
1300 3211 1531 3280 prodere
1562 3211 1718 3276 nolit,

476 3304 730 3360 Fluctuet
751 3303 881 3359 hinc
914 3319 1132 3374 anceps,
1159 3305 1286 3358 dum
1313 3305 1465 3376 cupit
1485 3305 1848 3377 atquetimet.

408 3393 565 3450 Haud
595 3394 754 3450 aliter
785 3410 947 3465 quam
987 3410 1109 3450 cum
1138 3395 1432 3450 meditatur
1453 3395 1698 3451 adultera
1732 3403 2002 3468 stuprum,

483 3484 623 3541 Hinc
656 3485 834 3540 scelus
862 3483 1100 3551 allectat,
1128 3486 1251 3539 inde
1273 3485 1479 3556 ﬂagella
1511 3487 1686 3553 timet,

410 3574 564 3647 Saepe
590 3577 719 3631 mali
741 3577 875 3632 socii
905 3577 1114 3632 socium
1146 3577 1394 3647 contagia
1424 3577 1646 3643 lzcdunt,

481 3668 723 3724 Lmditur
746 3678 807 3724 ut
833 3671 1049 3740 pecoris
1084 3671 1438 3741 proximitate
1462 3688 1647 3742 pecus.

411 3756 616 3814 Temne
638 3767 833 3829 putare
857 3775 1072 3828 aequum
1097 3760 1190 3831 qui
1219 3775 1339 3816 sese
1362 3761 1503 3816 celat
1535 3762 1808 3832 iniquum,

481 3847 561 3904 Ne
593 3858 644 3904 te
675 3850 802 3906 dum
836 3851 1018 3907 nescis
1044 3852 1114 3908 ad
1144 3867 1238 3906 sua
1262 3854 1460 3923 probra
1491 3855 1695 3909 trahat.

414 3939 508 3997 Sic
533 3955 592 3995 se
618 3940 707 3995 fur
735 3941 944 3997 socium
973 3943 1216 4010 simulat,
1242 3946 1520 4000 nociturus
1560 3956 1618 4001 ut
1650 3947 1834 4015 intret,

487 4033 688 4104 Sicque
719 4033 888 4090 latent
909 4035 1052 4091 dulci
1082 4036 1251 4091 mixta
1274 4054 1484 4093 venena
1517 4055 1685 4095 mero.

411 4122 546 4179 Esto
567 4132 624 4179 et
650 4125 916 4183 sollicitus
939 4127 1174 4202 propriae
1204 4129 1272 4185 de
1297 4139 1452 4200 parte
1469 4129 1686 4202 jugalis,

483 4215 562 4272 Ne
585 4227 821 4275 mentem
846 4219 1084 4274 maculet
1103 4219 1397 4295 inliciendo
1427 4231 1592 4276 tuam.

413 4308 609 4365 Oscula
639 4327 759 4381 quae
784 4313 1034 4383 genibus,
1064 4313 1337 4379 manibus,
1361 4315 1629 4386 colloque,
1659 4317 1919 4387 genisque

482 4401 686 4457 Blanda
715 4404 888 4469 dabit,
913 4406 1108 4460 miscet
1137 4407 1282 4462 lenia
1315 4408 1479 4464 verba
1504 4409 1724 4479 quibus,

416 4493 582 4549 Sueta
609 4510 801 4564 preces
826 4495 919 4549 tali
943 4499 1192 4567 proprias
1220 4514 1435 4554 armare
1471 4517 1703 4570 veneno,

483 4584 674 4639 Armat
697 4593 756 4639 ut
777 4587 1087 4643 arcitenens
1114 4589 1345 4662 impigra
1373 4593 1482 4648 tela
1508 4611 1630 4650 suo.

416 4675 476 4732 Si
503 4685 592 4732 tua
621 4694 774 4734 mens
802 4677 968 4734 fuerit
993 4684 1198 4738 munita
1230 4687 1439 4743 casside
1469 4688 1622 4754 forti,

487 4769 616 4825 Tela
650 4779 712 4824 ut
745 4771 1046 4842 conspiciat
1070 4775 1196 4832 hinc
1231 4779 1442 4835 resilire
1466 4796 1584 4842 sua,

413 4860 543 4916 lude
564 4876 785 4932 gemens
811 4863 1004 4930 rediet,
1037 4863 1162 4920 ficta
1183 4875 1240 4921 et
1267 4870 1501 4938 suspiria
1527 4870 1724 4938 dando,

484 4952 753 5026 Flensque
786 4971 914 5011 suas
943 4959 1152 5026 pondus
1176 4977 1282 5015 non
1305 4962 1563 5017 habuisse
1603 4979 1818 5034 preces.

415 5042 537 5099 Mox
557 5058 712 5114 puer,
745 5053 841 5100 aut
870 5048 1078 5116 nutrix,
1115 5060 1209 5105 aut
1239 5051 1352 5107 fors
1379 5053 1630 5108 ancillula
1671 5057 1927 5126 mendax,

485 5136 594 5191 Cur
617 5137 867 5204 dominae,
895 5140 1056 5206 dicet,
1082 5142 1318 5212 despicis
1333 5159 1458 5199 orsa
1481 5147 1663 5201 mete?

415 5228 542 5286 Htec
565 5232 718 5286 vultu
745 5233 902 5288 verso
930 5233 1096 5288 tacito
1121 5234 1271 5289 dabit
1299 5236 1397 5290 ista
1432 5253 1678 5305 susurro,

486 5324 588 5391 Qui
614 5327 774 5381 modo
798 5329 1134 5397 conspicitur
1153 5339 1237 5384 est
1265 5331 1393 5385 mihi
1422 5348 1637 5402 semper
1664 5335 1858 5400 honor,

417 5416 656 5490 Quaeque
682 5429 873 5491 petunt
915 5421 1041 5500 aliae
1063 5422 1306 5478 referunt;
1334 5465 1347 5491 ,
1381 5437 1740 5498 prosuntque,
1781 5437 2008 5484 nocent-

1719 5585 1722 5588 .
1786 5518 1934 5591 lane.

488 5605 604 5661 Voti
631 5606 829 5662 nullius
849 5616 936 5664 ast
959 5625 1060 5681 ego
1087 5627 1310 5684 compos
1337 5627 1422 5669 eo.

419 5691 510 5750 Illa
533 5695 948 5769 roget‘demum,
983 5702 1184 5770 dicent,
1217 5713 1273 5760 et
1307 5706 1375 5761 ad
1405 5705 1592 5762 oscula
1621 5717 1827 5772 currat,

492 5785 558 5841 Et
585 5789 704 5857 tibi,
728 5803 826 5846 cur
847 5793 1056 5862 pateris
1083 5805 1203 5849 esse
1229 5797 1487 5853 molestus
1515 5797 1564 5852 ei
1589 5795 1612 5849 ‘l

2157 546 2411 616 Bellaque
2438 561 2506 600 ne
2528 545 2748 600 vincant
2782 552 2837 597 te
2871 540 3106 596 recidiva
3129 540 3282 596 time.

2086 639 2231 695 Neve
2262 638 2385 693 mali
2422 638 2550 708 quid
2574 648 2718 708 agat,
2748 643 2908 704 teque
2937 633 2990 688 id
3007 631 3236 702 jussisse
3259 631 3538 702 loquatur,

2159 731 2247 786 Sis
2276 729 2426 800 vigil,
2450 738 2505 785 et
2527 743 2657 784 cura
2684 743 2789 797 qua
2813 736 2970 797 poles
2995 738 3168 794 usque
3190 738 3341 778 cave.

2085 821 2376 894 lgnorante
2398 821 2516 875 viro
2535 819 2743 889 pridem
2768 817 2952 889 regina
2982 817 3209 888 peregit,

2156 913 2426 968 lnsontem
2449 920 2509 966 ut
2534 917 2807 982 premeret
2841 925 3006 964 saxea
3036 908 3243 979 grando
3263 907 3461 962 virum.

2090 1004 2202 1062 Nec
2219 1007 2398 1061 minor
2418 1004 2472 1058 in
2503 1003 2741 1075 propriis
2789 1018 2922 1057 cura
2947 1009 3030 1056 est
3059 1000 3363 1056 adhibenda
3388 998 3674 1056 ministris.

2161 1099 2295 1166 Quis
2320 1097 2610 1154 comitatus
2639 1097 2774 1162 ines,
2799 1103 2925 1151 sunt
2947 1111 3116 1167 prope
3143 1094 3344 1165 quique
3374 1093 3500 1150 tibi:

2094 1191 2172 1247 Ne
2191 1190 2304 1246 fera
2331 1190 2498 1260 pestis
2522 1203 2636 1255 eos,
2668 1189 2740 1243 illi
2767 1195 2858 1243 tua
2888 1196 3111 1260 pectora
3140 1186 3359 1255 laedant,

2163 1283 2233 1338 Et
2257 1291 2348 1336 tua
2375 1280 2774 1337 commaculent
2803 1281 2995 1336 intima
3026 1279 3150 1363 tabe
3171 1295 3289 1336 sua.

2096 1375 2198 1444 Qui
2225 1384 2285 1429 ut
2305 1377 2524 1445 capiant
2545 1375 2749 1444 capias,
2781 1381 2843 1429 ut
2874 1375 3087 1444 possint
3104 1387 3323 1428 sumere
3348 1387 3554 1438 sumas,

2170 1466 2375 1539 Cogent
2405 1467 2449 1521 si
2475 1475 2750 1538 poterunt,
2778 1475 2835 1520 tu
2865 1465 2992 1537 vigil
3023 1480 3144 1521 esse
3162 1464 3339 1520 stude.

2101 1558 2370 1627 Quaelibet
2394 1573 2424 1612 e
2449 1558 2608 1612 turba
2638 1567 2692 1612 te
2725 1573 2812 1612 res
2838 1557 3092 1612 secedere
3116 1563 3296 1626 coget,

2173 1650 2445 1706 Secedant
2479 1650 2591 1708 alii,
2629 1649 2910 1720 proximus
2933 1665 3075 1704 unus
3100 1648 3222 1703 erit.

2101 1743 2236 1800 Esse
2267 1744 2361 1799 tibi
2386 1745 2606 1815 propior
2637 1743 2949 1812 quicunque
2993 1741 3269 1796 videbitur
3291 1739 3420 1807 illis,

2026 1826 2074 1886 B
2176 1834 2377 1889 Horum
2403 1843 2459 1889 et
2478 1833 2722 1889 consiliis
2746 1834 2862 1888 base
2889 1833 2986 1887 tibi
3017 1833 3182 1886 verba
3207 1829 3379 1886 dabit.

2102 1925 2181 1981 Nc
2212 1941 2360 1996 rogo,
2387 1941 2579 1996 sperne
2606 1939 2798 1995 preces
2841 1924 2973 1979 mihi
3001 1932 3234 1994 quantas
3267 1930 3355 1980 ast
3379 1938 3483 1996 ego
3509 1922 3691 1989 vobis,

2173 2016 2256 2070 Me
2280 2017 2541 2071 audacem
2567 2015 2742 2086 pietas
2764 2031 2888 2070 nam
2911 2015 3042 2071 facit
3069 2030 3199 2072 ecce
3221 2026 3334 2070 tua.

2105 2107 2163 2164 Si
2189 2108 2372 2164 faveas
2396 2110 2559 2175 votis,
2584 2117 2667 2163 est
2695 2110 2788 2180 qui
2810 2111 2940 2165 dare
2966 2109 3190 2180 praemia
3217 2107 3438 2180 quatit,

2172 2200 2309 2256 Sunt
2357 2201 2496 2256 bona
2525 2217 2647 2270 quae
2676 2205 2894 2266 dantur,
2927 2201 3020 2271 qui
3049 2201 3142 2256 dat
3168 2208 3224 2256 et
3244 2202 3359 2271 ipse
3385 2201 3582 2257 bonus.

2103 2294 2196 2350 llla
2225 2295 2311 2349 vel
2353 2295 2442 2348 illa
2466 2295 2562 2349 tibi
2595 2295 2725 2350 dare
2747 2303 3017 2366 praeparat
3047 2295 3137 2359 ille
3165 2295 3251 2349 vel
3283 2294 3392 2363 ille,

2176 2385 2305 2453 Qua:
2327 2387 2442 2441 sine
2469 2386 2676 2456 peccati
2704 2386 2939 2456 pondere
2979 2386 3180 2441 habere
3207 2385 3374 2442 vales.

2105 2477 2281 2533 Addet
2302 2487 2360 2531 ut
2384 2478 2590 2532 inliciat
2613 2477 2763 2532 vafer
2791 2477 2880 2534 hic
2903 2477 3146 2533 suasoria
3168 2477 3356 2545 verba,

2177 2567 2342 2637 Cujus
2360 2567 2474 2637 jam
2505 2568 2742 2624 nummis
2763 2577 2848 2624 est
2871 2578 3099 2625 onerata
3121 2585 3334 2625 manus.

2107 2659 2262 2715 Hunc
2290 2661 2519 2732 hydrum
2547 2701 2563 2728 ,
2593 2661 2735 2716 hunc
2769 2661 3032 2718 cenchrin
3063 2703 3078 2728 ,
3110 2662 3256 2718 hunc
3303 2669 3508 2718 thtalo
3545 2679 3683 2718 cera

3426 2753 3618 2826 [stem,

2170 2885 2270 2941 Hic
2296 2901 2437 2956 seps,
2465 2885 2556 2941 hic
2586 2886 2788 2956 dipsas,
2817 2887 2909 2942 hic
2935 2887 3032 2942 tibi
3060 2895 3287 2959 przester
3309 2889 3437 2943 erit.

2106 2979 2313 3035 Censor
2338 2981 2541 3035 habere
2571 2981 2710 3036 solet
2753 2989 3042 3052 torvosque
3067 2991 3356 3052 trucesque
3388 2981 3698 3042 ministros,
3769 2987 3780 2994 '

2176 3071 2276 3139 Qui
2304 3080 2483 3127 tamen
2521 3081 2578 3128 et
2606 3074 2727 3146 pius
2755 3084 2839 3129 est
2861 3083 2916 3130 et
2937 3075 3140 3146 pietate
3173 3075 3334 3144 viget.

2030 3183 2075 3245 ρ
2109 3161 2201 3218 Sic
2231 3163 2325 3217 tibi
2354 3163 2540 3235 Scylla
2576 3164 2758 3220 ferunt
2781 3165 2948 3221 facies
2972 3167 3208 3220 humana
3238 3166 3471 3231 videtur,

2178 3253 2284 3308 Sed
2314 3256 2537 3312 canibus
2559 3257 2784 3312 horrent
2807 3257 3026 3328 inguina
3053 3273 3194 3312 saeva
3222 3255 3373 3312 feris.

2105 3345 2216 3401 Res
2252 3356 2360 3401 stat
2383 3348 2436 3401 in
2460 3349 2729 3418 ambiguo,
2765 3357 2969 3418 perstat
3000 3348 3104 3411 hic,
3141 3350 3373 3419 denegat
3398 3349 3510 3414 ille,

2164 3442 2262 3496 Est
2287 3450 2343 3497 et
2371 3457 2476 3497 non
2501 3444 2746 3508 reboant,
2765 3460 2885 3513 qua:
2925 3445 3028 3497 duo
3051 3442 3207 3512 plura
3233 3453 3474 3499 movent.

2109 3536 2326 3591 Semiue
2355 3535 2422 3591 de
2447 3552 2678 3606 quorum
2707 3537 2970 3592 humanas
2998 3537 3260 3606 agitantia
3291 3553 3457 3592 curas

2179 3629 2435 3685 Geruiiua
2457 3646 2766 3695 causarum,
2795 3647 2891 3685 seu
2917 3646 3072 3701 seges
3096 3631 3274 3701 ampla
3301 3631 3474 3686 subit.

2108 3722 2432 3790 Quasrantur
2457 3731 2622 3780 testes
2661 3732 2721 3777 ut
2749 3739 2929 3780 causa:
2957 3725 3139 3779 nubila
3166 3726 3407 3791 demant,

2179 3814 2246 3868 Et
2269 3830 2400 3870 vero
2422 3817 2640 3872 dubium
2656 3817 2746 3886 qui
2775 3817 3040 3872 subeunte
3064 3816 3265 3886 fugent.

2107 3906 2314 3962 Horum
2341 3918 2396 3962 tu
2428 3907 2598 3964 solers
2633 3907 2941 3979 famamque
2977 3924 3256 3979 genusque
3285 3910 3518 3978 require,

2172 4000 2400 4056 Nomina
2431 4016 2524 4056 seu
2554 4017 2754 4067 mores,
2783 4011 2838 4055 et
2871 4003 2985 4057 loca
3013 4003 3129 4057 sive
3152 4005 3332 4059 ﬁdem.

2109 4099 2306 4169 Accipe
2335 4100 2376 4154 si
2400 4100 2600 4168 probus
2628 4107 2731 4162 est,
2764 4100 2811 4154 si
2831 4101 3117 4170 reprobus,
3146 4102 3324 4155 exime
3363 4115 3611 4169 prorsus

2181 4189 2348 4245 Poma
2380 4198 2438 4245 ut
2462 4190 2657 4246 acerba
2685 4191 2806 4246 cibo
2832 4192 3016 4256 reicis,
3051 4201 3109 4246 ut
3131 4204 3252 4263 apta
3277 4193 3445 4262 capis.

2109 4284 2224 4340 Non
2248 4284 2347 4340 hos
2375 4285 2634 4355 suspicio,
2656 4283 2741 4339 vel
2762 4300 2851 4340 res
2877 4286 3083 4350 audita,
3107 4285 3188 4338 vel
3219 4301 3409 4339 aurum

2181 4377 2414 4442 Fulciat,
2439 4378 2555 4432 htcc
2588 4377 2828 4433 referant
2857 4393 2976 4447 qua:
2999 4378 3102 4432 sibi
3133 4377 3246 4433 visa
3279 4388 3520 4432 manent.

2115 4471 2294 4541 thue
2317 4471 2476 4526 ﬁdem
2501 4471 2711 4534 elicias,
2735 4471 3024 4540 sejunctim
3051 4470 3262 4526 discute
3290 4471 3532 4536 eosdem,

2030 4542 2084 4602 D
2181 4562 2248 4616 Et
2270 4578 2390 4630 qua:
2423 4562 2654 4632 quisque
2682 4571 2843 4617 canat
2865 4563 3077 4634 singula
3109 4565 3275 4618 verba
3296 4573 3445 4619 nota.

2109 4649 2166 4707 Si
2191 4651 2297 4707 duo
2327 4663 2472 4718 sunt,
2514 4654 2736 4718 ambos;
2763 4653 2807 4708 si
2833 4653 3034 4724 plures,
3069 4655 3269 4709 dissice
3298 4655 3509 4725 plures;

2181 4743 2238 4798 Si
2267 4752 2397 4809 tres,
2430 4742 2690 4812 sejunctis
2712 4744 2802 4799 lex
2823 4745 2894 4800 sit
2922 4753 2978 4800 et
3006 4744 3110 4799 ista
3145 4745 3336 4801 tribus.

2105 4835 2370 4890 Przescius
2392 4836 2599 4897 arcani,
2626 4843 2772 4891 tutor
2787 4836 2946 4900 casti,
2966 4835 3139 4891 almus
3161 4837 3404 4906 ephebus

2178 4925 2293 4981 Hoc
2326 4927 2377 4980 in
2403 4926 2750 4981 Achzemenio
2781 4944 2904 4983 rure
2927 4928 3136 5000 peregit
3157 4943 3294 4998 opus

2111 5019 2238 5076 Inde
2274 5033 2433 5074 senes
2461 5021 2718 5088 reprobos
2747 5023 3070 5090 compressit
3098 5037 3293 5077 saxeus
3324 5023 3520 5089 imber,

2183 5110 2328 5177 Quos
2351 5111 2490 5164 nubs
2515 5111 2767 5179 nequitia:
2792 5121 3067 5179 presserat
3091 5119 3216 5166 ante
3238 5112 3428 5181 nigrze,

2111 5199 2415 5255 Dissociato
2435 5199 2607 5254 malos
2621 5239 2635 5265 ,
2666 5209 2812 5254 certa
2836 5203 3048 5256 sociare
3069 5203 3352 5275 benignos,

2185 5288 2256 5344 Ut
2288 5292 2466 5342 minus
2490 5289 2580 5344 illa
2603 5291 2763 5356 obsit,
2788 5292 2942 5364 plebs
2968 5291 3118 5362 iuvet
3147 5294 3250 5348 ista
3281 5295 3476 5366 magis.

2114 5381 2186 5437 Ut
2212 5383 2351 5438 mala
2392 5399 2514 5454 quae
2555 5401 2708 5457 mage
2737 5395 2885 5454 sunt,
2940 5389 3115 5456 magis
3159 5388 3379 5453 obsunt,
3428 5389 3509 5443 sic
3557 5393 3686 5442 bona

3282 5481 3283 5484 “
3341 5484 3588 5557 [prosunt
3611 5500 3623 5537 :

2182 5617 2323 5672 Dant
2344 5623 2403 5672 ut
2428 5631 2556 5672 oves
2577 5618 2760 5688 plures
2782 5618 2888 5685 lac,
2917 5621 2992 5676 ita
3019 5621 3214 5676 damna
3243 5619 3376 5691 lupi.

2111 5708 2222 5766 Nec
2250 5710 2511 5766 meditata
2534 5712 2688 5782 prius
2716 5722 2769 5768 te
2805 5715 3002 5770 horum
3040 5715 3271 5786 pellacia
3310 5714 3513 5778 vincat,

2183 5802 2379 5874 Aspice
2411 5819 2518 5860 neu
2552 5803 2723 5862 falsus
2753 5821 2935 5863 sermo
2956 5807 3051 5864 sed
3078 5822 3219 5864 unus
3245 5817 3353 5863 eat.
