4046 6468
249 392 344 450 297

1532 374 1861 432 CARMINA.
1885 374 2032 434 Lm.
2071 379 2110 433 Ι.
2137 395 2139 398 ‘

3358 371 3466 431 δεῖ,
3479 395 3490 404 ,.

243 512 371 578 Quos
393 504 521 559 bene
541 491 946 567 deprehendens
967 533 982 558 ,
1013 491 1318 559 iterumque
1357 491 1662 559 iterumque
1704 503 1791 542 re-
1815 495 1869 552 Α
1895 491 1959 544 Ει
1997 491 2098 546 nisi
2127 491 2382 560 quijnrat
2403 489 2612 559 peragit
2636 485 2872 556 periuria
2903 486 3100 548 nullus.

1507 595 1692 633 uirens
1793 629 1796 631 λ

301 686 522 753 Ambage
542 686 598 734 et
617 690 769 732 verm
793 675 840 731 si
866 672 1124 729 variando
1150 671 1360 736 trahas,
1445 579 1504 650 [ἢ

241 775 465 836 Temnitc
487 771 616 826 falsa
643 767 790 837 loqui
817 773 1006 829 testes,
1033 765 1371 832 reticereque
1395 776 1546 826 vera,

301 863 542 934 Quamvis
569 862 801 924 diversa,
828 869 948 927 qua:
967 857 1075 912 duo
1095 862 1250 926 parte
1285 862 1504 908 nocent.

129 985 150 991 λ·
241 965 366 1019 Vera
381 967 578 1019 tacens,
603 961 658 1008 et
680 952 813 1007 falsa
839 951 1086 1020 loquens,
1116 948 1224 1003 duo
1251 946 1501 1015 nequiter
1521 949 1729 1007 errant,

296 1054 384 1108 Hic
410 1049 530 1120 quia
551 1058 661 1100 non
685 1043 922 1115 prodest,
953 1042 1045 1097 hic
1065 1040 1210 1111 quod
1228 1039 1424 1094 obesse
1442 1037 1610 1106 cupit.

239 1145 298 1200 Et
323 1135 484 1196 malus
508 1145 595 1190 est
615 1149 780 1197 unus,
831 1132 1009 1186 minus
1044 1138 1128 1184 est
1147 1136 1330 1183 tamen
1361 1126 1505 1180 utilis
1527 1125 1682 1189 alter,

298 1234 358 1288 Et
371 1241 672 1300 quanquam
700 1225 904 1294 dispar,
925 1238 1080 1278 error
1107 1228 1405 1289 utrumque
1444 1226 1613 1272 tenet.

237 1322 358 1379 Nam
379 1320 549 1374 minus
576 1312 667 1370 hic
686 1315 934 1385 quamvis
954 1313 1252 1381 delinquat,
1277 1319 1335 1364 et
1353 1309 1586 1378 amplius
1609 1306 1720 1371 ille,

298 1411 404 1466 Non
422 1422 607 1463 errore
629 1405 817 1476 procul
839 1404 1005 1459 distat
1040 1411 1266 1472 uterque
1295 1401 1417 1456 sibi.

235 1500 390 1557 Deicit
413 1497 500 1552 hic
525 1503 784 1558 stantem,
811 1493 900 1548 hic
930 1493 1124 1548 temnit
1146 1491 1390 1546 relevare
1402 1488 1694 1557 jacentem,

295 1591 391 1645 iste
410 1585 659 1642 nocendo
679 1585 898 1655 premit,
927 1583 1017 1638 ille
1040 1582 1271 1638 sinendo
1294 1589 1474 1635 nocet.

239 1681 376 1749 Satpe
399 1683 732 1747 potestatum
768 1689 932 1749 causa
954 1672 1096 1728 male
1126 1671 1389 1740 linquitur
1418 1685 1653 1738 aequum,

294 1748 354 1823 Et
377 1767 525 1821 favor
555 1773 718 1834 atque
740 1748 916 1819 metus
954 1779 1080 1817 vera
1103 1762 1327 1817 tacendo
1357 1769 1627 1829 premunt.

234 1857 368 1916 Unde
388 1855 635 1927 pavenda
659 1863 843 1909 manet
861 1853 1099 1908 ccelestis
1113 1850 1314 1920 judicis
1341 1851 1444 1915 ira,

292 1950 414 2007 Cum
443 1951 598 2005 videt
625 1951 896 2004 humanas
918 1963 1006 2003 res
1033 1962 1195 2016 super
1222 1959 1344 2001 esse
1374 1945 1509 1999 suis.

233 2039 284 2098 Si
311 2041 430 2113 vigil
451 2042 690 2105 interea,
722 2055 790 2095 ne
814 2039 942 2094 dum
963 2039 1046 2094 vis
1065 2052 1317 2109 promere
1341 2050 1470 2091 vera
1496 2075 1510 2102 ,

293 2132 517 2201 Quilibet
549 2132 785 2188 intereat
809 2129 1112 2202 proditione
1136 2137 1247 2184 tua.

229 2223 411 2294 Dignus
435 2232 621 2279 morte
647 2229 829 2276 manet
847 2235 996 2285 sons,
1021 2220 1129 2274 noli
1159 2221 1390 2290 prodere
1425 2225 1668 2281 sontem,-

281 2313 382 2371 Nec
401 2324 490 2370 tua
516 2330 630 2371 vox
653 2316 854 2386 pandat
874 2314 1153 2385 sanguinis
1177 2313 1292 2382 ejus
1319 2313 1446 2368 iter.

225 2401 360 2460 Felix
388 2405 479 2477 qui
506 2407 693 2476 potuit
719 2405 948 2461 miseros
977 2405 1177 2460 aclade
1207 2405 1412 2471 levare,

285 2494 519 2564 Actuque
551 2503 615 2550 et
642 2494 823 2565 lingua
846 2493 990 2549 ferre
1015 2493 1207 2548 salutis
1229 2509 1409 2564 opem.

223 2583 298 2639 Ad
331 2586 470 2640 mala
497 2586 800 2640 damnandi
827 2584 873 2639 si
894 2583 1142 2655 quaedam
1169 2585 1371 2639 sentiat
1393 2583 1600 2651 insons,

279 2674 534 2731 Credulus
574 2683 629 2730 et
659 2674 826 2744 judex
865 2675 1020 2731 testis
1045 2685 1100 2731 et
1124 2683 1242 2730 ater
1265 2684 1443 2730 erunt.

224 2761 311 2817 Est
333 2763 502 2819 tribus
538 2763 776 2819 infestus
799 2763 1052 2834 personis
1085 2765 1240 2820 testis
1267 2765 1505 2835 iniquus,

287 2853 528 2920 Censori,
567 2854 794 2919 insonti,
817 2869 910 2909 seu
933 2855 1051 2921 tibi,
1078 2871 1288 2911 summe
1309 2857 1473 2922 Deus,

225 2942 382 3009 Quem
399 2945 541 3000 male
558 2942 798 3013 jurando
821 2960 918 3000 sua
944 2961 1042 3015 per
1059 2945 1295 3017 perjuria
1315 2949 1523 3015 temnit,

287 3031 449 3100 Cujus
469 3043 527 3088 et
560 3034 617 3087 in
647 3049 847 3088 vanum
868 3050 1071 3090 nomen
1094 3036 1266 3092 herile
1293 3039 1448 3108 petit.

225 3121 352 3179 Hinc
379 3140 598 3194 quoque
617 3125 851 3190 censori,
880 3140 978 3181 sua
997 3141 1154 3197 quem
1185 3129 1460 3183 mendacia
1487 3126 1696 3184 fallunt.

288 3213 352 3266 Et
369 3215 501 3286 ligat
528 3215 736 3270 erroris
763 3216 994 3272 nexibus
1032 3216 1121 3272 ille
1147 3219 1251 3272 sui.

225 3301 502 3359 Postremo
535 3305 760 3372 insonti,
788 3323 954 3378 quem
977 3308 1136 3363 dictis
1158 3309 1304 3365 laedit
1335 3311 1554 3380 iniquis,

283 3394 381 3449 Cui
406 3405 572 3465 parat
592 3397 808 3468 ingenio
834 3399 1029 3453 damna
1060 3402 1301 3468 pavenda
1329 3402 1493 3456 malo.

218 3485 406 3544 Milvus
429 3499 492 3547 ut
520 3493 590 3546 ad
607 3508 825 3548 carnem
848 3493 1014 3562 piscis
1041 3492 1259 3550 festinat
1279 3495 1345 3550 ad
1371 3495 1614 3558 hamum,

276 3582 476 3652 Adque
504 3583 657 3637 favos
686 3599 868 3649 ursus,
893 3583 961 3638 ad
982 3585 1100 3640 loca
1125 3585 1268 3642 salsa
1298 3599 1489 3654 pecus,

218 3675 303 3732 Sic
326 3678 446 3732 ruit
475 3677 549 3731 ad
569 3691 765 3731 munus
791 3679 1107 3747 capiendum
1131 3680 1284 3733 testis
1313 3679 1553 3747 iniquus,

270 3767 503 3834 Proque
532 3764 675 3818 malo
700 3779 896 3834 magno
919 3766 1140 3835 praamia
1167 3773 1318 3836 grata
1341 3767 1501 3835 capit.

215 3855 464 3912 Vendere
491 3855 540 3908 si
572 3869 762 3910 verum
792 3855 972 3910 scelus
1006 3863 1111 3921 est,
1155 3856 1284 3925 quid
1310 3856 1544 3911 vendere
1571 3854 1806 3909 falsum?

283 3947 380 4002 Vis
407 3945 598 4001 scelus
619 3953 674 4002 et
698 3945 887 4000 sceleri
902 3945 1132 4017 jungere
1163 3947 1315 4002 testis
1338 3947 1529 4001 atrox?

217 4037 426 4094 Parcite
455 4047 641 4094 vestra
668 4053 864 4108 precor
885 4039 1163 4094 mendacia
1191 4041 1420 4094 vendere
1446 4038 1584 4094 tales
1604 4077 1620 4103 ,

280 4128 447 4185 Grata
478 4131 599 4186 haec
619 4130 846 4200 ingratis
867 4129 912 4184 si
935 4129 1068 4184 mihi
1093 4129 1232 4184 detis
1261 4137 1442 4184 erunt.

225 4217 352 4285 Quae
377 4236 483 4276 nec
509 4220 741 4274 emenda
768 4220 930 4284 bona,
959 4233 1062 4273 nec
1081 4225 1238 4272 erant
1259 4218 1540 4273 vendenda
1562 4227 1796 4285 moneta,

288 4310 615 4366 Mercandus
634 4325 775 4364 vano
795 4309 1015 4380 pulvere
1044 4308 1218 4378 pulvis
1237 4317 1375 4363 erat.

222 4397 262 4452 0
287 4417 518 4467 merces,
549 4415 784 4464 merces,
809 4399 1058 4454 mercede
1082 4399 1363 4453 nocentior
1381 4395 1552 4461 omni,

290 4491 520 4549 Dantem
543 4499 603 4549 et
623 4500 932 4564 captantem
959 4505 1078 4562 quae
1104 4497 1262 4545 necat
1285 4505 1393 4546 una
1421 4489 1576 4545 duos.

226 4579 354 4638 Hinc
375 4581 701 4656 pcrjurandi
727 4584 896 4654 pestis
921 4583 1164 4638 succedit
1194 4583 1399 4652 iniqua,

288 4673 421 4729 Dum
453 4677 582 4744 quis
611 4675 724 4729 vult
749 4674 898 4728 falsis
930 4673 1089 4728 rebus
1111 4674 1288 4728 inesse
1309 4674 1491 4727 fidem.

224 4761 316 4826 Qui
344 4779 529 4834 prece,
563 4765 657 4835 qui
686 4765 959 4835 lacrymis,
994 4764 1084 4832 qui
1117 4764 1253 4819 falso
1283 4779 1562 4817 murmure
1589 4762 1797 4830 fallunt,

291 4854 427 4909 Sunt
461 4856 627 4926 queis
652 4870 792 4924 smpe
812 4855 961 4909 venit
987 4854 1087 4908 hac
1112 4868 1325 4923 quoque
1347 4862 1499 4923 parte
1529 4854 1682 4907 fides.

225 4942 474 5014 Quisquis
501 4961 588 5003 es.
616 4945 832 5000 assidue
857 4959 1068 5009 moneo,
1088 4942 1275 5012 jurare
1296 4954 1508 5008 caveto,

293 5031 395 5086 lies
420 5036 552 5104 quia
577 5033 765 5102 jurare
791 5043 896 5099 est,
921 5035 1102 5099 crede,
1133 5034 1381 5104 pavenda
1409 5035 1562 5088 satis.

225 5119 334 5178 Non
361 5129 491 5196 quia
527 5143 620 5182 res
655 5127 796 5182 mala
831 5128 919 5192 sit,
950 5129 1036 5184 vel
1065 5130 1134 5184 ab
1154 5129 1294 5184 alma
1327 5130 1444 5199 lege
1469 5135 1697 5191 remota,

285 5214 388 5271 Sed
418 5220 623 5273 crebro
652 5219 778 5273 dum
813 5219 893 5283 fit,
919 5221 974 5274 in
1003 5221 1179 5276 scelus
1223 5221 1333 5275 itur
1359 5220 1535 5275 hians.

226 5302 334 5360 Non
357 5309 461 5363 nisi
491 5309 589 5379 qui
611 5309 851 5378 loquitur
878 5311 1078 5381 poterit
1128 5311 1411 5366 mentirier
1440 5311 1601 5373 ullus,

290 5393 536 5462 Somnia,
563 5399 622 5453 ni
650 5407 875 5464 stertas,
899 5414 1123 5454 cernere
1147 5415 1306 5454 nemo
1328 5400 1496 5455 vales.

224 5483 333 5542 Non
369 5491 534 5545 cadet
560 5491 616 5545 in
644 5490 786 5547 bello
808 5492 911 5547 nisi
939 5492 1029 5561 qui
1057 5491 1168 5546 fera
1198 5491 1382 5561 prmlia
1405 5500 1598 5559 tentat,

293 5579 399 5635 Nec
428 5583 535 5636 nisi
569 5591 742 5639 tentet
767 5599 953 5655 aprum
982 5581 1361 5638 dente‘l‘eritur
1382 5584 1519 5652 apri.

227 5666 530 5744 Naufragus
558 5681 642 5728 est
662 5675 859 5741 nullus,
888 5675 989 5730 nisi
1017 5673 1187 5730 sulcet
1209 5677 1476 5745 puppibus
1502 5677 1694 5743 unzlas,

287 5760 474 5818 Nullus
502 5764 559 5816 in
591 5765 710 5835 igne
739 5769 899 5836 perit,
937 5769 979 5823 si
1008 5768 1076 5824 sit
1103 5771 1168 5823 ab
1198 5769 1320 5839 igne
1348 5769 1553 5839 procul.

468 5863 748 5926 PATROL.
795 5865 924 5928 CV.

1958 583 2110 648 Quod
2137 583 2242 637 nisi
2271 581 2394 651 quis
2423 585 2648 644 metuat,
2677 578 2777 633 hac
2798 577 2884 632 lue
2909 586 3097 648 captus
3131 578 3254 634 erit.

1887 672 2022 728 Cum
2042 673 2186 742 capit
2216 673 2428 728 auditor
2458 671 2624 725 durus
2649 678 2739 722 tua
2765 667 2930 723 verba
2963 668 3047 722 vel
3080 683 3301 738 anceps,

1962 765 2060 818 Est
2085 771 2188 830 est,
2219 771 2275 818 et
2293 778 2398 817 non
2427 776 2562 826 non,"
2585 761 2702 814 haec
2728 774 2793 813 ea
2823 765 3024 814 cuncta
3049 758 3236 828 ligent.

1893 855 2033 909 Sunt
2066 863 2122 909 et
2145 870 2266 924 qua:
2287 859 2550 909 excusant
2567 849 2786 919 jurandi
2807 849 3048 918 pondera
3069 848 3257 914 verba,

1964 945 2096 1012 Quis
2120 946 2200 999 uti
2226 945 2398 1015 culpa:
2435 943 2546 998 fors
2573 942 2690 997 sine
2711 941 2871 996 sorde
2898 939 3066 994 vales.

1894 1039 1953 1094 Si
1983 1047 2189 1108 perstat
2214 1053 2487 1100 mussans,
2516 1035 2780 1104 exemplis
2807 1041 2863 1088 et
2886 1032 3120 1096 ratione,

1963 1128 2140 1197 Atque
2163 1127 2494 1197 argumentis
2519 1126 2644 1180 huic
2659 1124 2912 1180 adhibeto
2938 1122 3118 1178 fidem.

1896 1217 1956 1273 Si
1986 1233 2086 1272 nec
2112 1217 2184 1271 sit
2205 1217 2400 1281 credit,
2431 1216 2477 1271 si
2512 1230 2676 1270 saxea
2703 1221 2923 1285 pectere
2946 1220 3142 1281 gestat,

1969 1307 2054 1362 Sit
2080 1300 2185 1362 tibi
2210 1307 2550 1376 linquendus,
2579 1322 2704 1360 mox
2726 1307 2862 1361 bene
2887 1313 3035 1360 tutus
3058 1305 3168 1360 abi.

1895 1400 1963 1454 At
1987 1400 2031 1454 si
2055 1398 2274 1468 jurandi
2304 1404 2359 1452 te
2387 1411 2551 1452 causa
2574 1405 2830 1466 perurget
2851 1403 2906 1451 et
2925 1403 3123 1460 arctat,

1969 1491 2026 1544 id
2051 1490 2202 1560 puris
2223 1488 2424 1553 verbis,
2448 1487 2503 1541 id
2532 1491 2660 1557 gere
2681 1495 2862 1540 mente
2892 1487 3000 1556 pia.

1900 1582 2012 1639 Nec
2042 1583 2191 1636 verbi
2223 1591 2342 1637 arte
2366 1590 2497 1652 puta
2519 1589 2568 1636 te
2592 1579 2781 1635 fallere
2811 1595 2969 1651 posse
2995 1579 3314 1641 Tonantem.

1968 1672 2067 1728 Cui
2094 1671 2229 1726 nihil
2255 1671 2565 1726 abstrusum
2606 1678 2710 1735 est,
2761 1670 2848 1724 cui
2874 1670 3013 1724 bene
3049 1678 3241 1724 cuncta
3264 1677 3474 1740 patent.

1902 1765 2004 1833 Qui
2029 1781 2136 1821 non
2166 1773 2220 1818 ut
2240 1763 2417 1832 juras,
2449 1764 2542 1819 sed
2570 1771 2631 1818 ut
2654 1760 2926 1830 isjurasse
2953 1761 3161 1831 putavit

1825 1843 1874 1915 Β
1969 1854 2068 1910 Cui
2092 1853 2242 1922 iuras
2269 1855 2439 1918 audit,
2473 1854 2662 1921 sicque
2691 1867 2750 1906 es
2777 1852 2995 1920 utrique
3021 1866 3174 1906 reus;

1895 1945 2103 2016 Nempe
2118 1947 2252 2011 Deo,
2287 1945 2342 1999 in
2365 1959 2564 1998 vanum
2586 1940 2739 2006 cuius
2766 1942 2845 1996 vis
2874 1954 3090 1994 sumere
3115 1954 3347 1995 nomen:

1967 2037 2076 2092 Seu
2103 2037 2270 2099 socio,
2303 2051 2462 2106 quem
2490 2045 2605 2088 atra
2635 2033 2824 2088 fallere
2847 2030 3036 2086 fraude
3057 2046 3242 2101 paras.

1899 2127 1957 2183 Si
1985 2127 2164 2184 scelus
2185 2135 2246 2180 ut
2274 2123 2629 2194 faciasjures,
2663 2131 2791 2179 vota
2822 2122 2974 2177 irrita
3005 2131 3198 2177 sunto:

1968 2219 2081 2274 Hoc
2108 2218 2200 2274 illo
2222 2226 2304 2275 est
2338 2217 2578 2289 gravius,
2603 2215 2796 2270 vulnus
2817 2224 3109 2283 utrumque
3139 2222 3345 2270 tamen.

1899 2312 2134 2368 Vulnera
2160 2326 2325 2382 prava
2365 2312 2562 2375 minus,
2588 2308 2760 2379 magis
2787 2317 2842 2363 et
2868 2306 3074 2377 majora
3097 2307 3348 2378 fatigant,

1967 2402 2121 2458 Felix
2141 2403 2232 2473 qui
2257 2402 2402 2456 nullo
2420 2402 2642 2456 vulnere
2667 2400 2825 2455 lzesus
2848 2399 2979 2454 abit.

1900 2491 1958 2548 Si
1984 2508 2212 2548 censura
2238 2492 2413 2562 prius,
2440 2492 2615 2561 pietas
2639 2497 2777 2560 post,
2810 2489 3031 2559 praemia
3060 2505 3338 2560 nunquam
3374 2534 3376 2536 τ

1973 2582 2095 2637 Sint
2116 2582 2171 2636 in
2180 2583 2408 2652 judicio,
2447 2590 2530 2636 est
2551 2595 2765 2651 quoque
2785 2562 3034 2636 Christus
3067 2580 3164 2634 ibi.

1902 2674 2016 2730 Lex
2039 2675 2255 2731 auferre
2273 2674 2428 2743 jubet
2453 2675 2635 2745 capita
2660 2672 2928 2728 scelerata
2960 2687 3199 2728 reorum.

1973 2765 2132 2832 Crus,
2161 2766 2396 2836 genitale
2431 2767 2615 2830 decus,
2658 2764 2884 2829 lumina,
2911 2774 3062 2836 terga
3091 2780 3305 2828 manus,

1904 2857 2143 2913 Membra
2173 2872 2417 2912 cremare
2441 2857 2608 2928 rogis,
2635 2857 2716 2912 ori
2742 2856 3069 2926 perfundere
3088 2856 3393 2925 plumbum,

1974 2949 2072 3005 Vel
2107 2949 2150 3004 si
2181 2964 2288 3020 qua
2319 2949 2555 3003 humana
2579 2947 2798 3002 condita
2828 2945 2948 3018 lege
2977 2954 3223 3001 manent.

1904 3041 2070 3097 Facta
2099 3039 2416 3097 coercendis
2449 3037 2732 3109 probrosis
2753 3038 2968 3093 actibus
2988 3037 3077 3092 illa
3101 3046 3205 3102 est,

1981 3135 2270 3204 Temperet
2303 3132 2446 3187 hanc
2475 3132 2650 3201 pietas
2671 3145 2769 3201 per
2796 3128 3073 3185 mediocre
3102 3129 3306 3185 bonum
3333 3144 3349 3184 :

1829 3196 1874 3256 (ἶ
1908 3225 1977 3280 Ut
2010 3196 2423 3294 nec-probrosis
2453 3196 2526 3276 sit
2555 3196 2904 3277 conniventia
2937 3221 3124 3286 rebus,

1973 3315 2083 3370 Nec
2109 3316 2277 3368 vitam
2305 3321 2400 3367 aut
2425 3320 2578 3367 artus
2605 3310 2820 3366 auferat
2834 3317 2954 3364 atra
2979 3325 3192 3365 manus.

1902 3407 2033 3462 Esto
2059 3406 2168 3461 reis
2193 3405 2337 3470 talis,
2359 3404 2458 3459 tibi
2484 3404 2568 3459 vis
2591 3403 2804 3474 qualem
2829 3417 2952 3457 esse
2981 3401 3305 3467 Tonantem,

1972 3498 2205 3552 Parcere
2234 3497 2355 3566 quis
2383 3495 2600 3550 tandem
2627 3511 2732 3564 qua
2752 3503 2910 3564 potes
2930 3508 3102 3562 usque
3132 3493 3310 3548 stude.

1904 3588 1972 3642 Et
1994 3587 2178 3650 forsan
2205 3586 2346 3641 lecto
2370 3586 2516 3639 dicet
2541 3585 2663 3653 quis
2688 3583 2936 3638 carmine
2960 3588 3172 3648 nostro,

1977 3675 2082 3730 iste
2105 3676 2264 3746 jubet
2297 3675 2430 3729 nulli
2459 3673 2631 3728 frmna
2661 3683 2848 3728 tenere
2884 3671 3048 3726 malo.

1907 3766 1991 3822 Me
2012 3767 2108 3822 tibi
2130 3766 2416 3822 consilium
2444 3764 2589 3833 legat
2608 3765 2710 3820 hoc
2732 3765 2786 3819 in
2809 3763 3055 3819 carmine
3077 3761 3320 3828 dantem,

1977 3856 2095 3924 Quo
2129 3865 2221 3911 tua
2260 3871 2414 3912 mens
2440 3856 2650 3911 instans
2675 3856 2808 3911 vitet
2835 3855 3089 3925 utrinque
3115 3852 3340 3909 malum.

1901 3951 2051 4006 Neve
2080 3951 2344 4007 remissus
2368 3965 2463 4005 eas
2490 3958 2597 4016 sat,
2627 3965 2733 4005 neu
2781 3949 3116 4004 truculentus
3148 3955 3203 4003 et
3235 3954 3378 4012 ater,

1972 4045 2225 4101 Proderit
2245 4042 2472 4114 ancipiti
2502 4043 2609 4098 lata
2641 4042 2849 4098 medela
2885 4039 3051 4096 malo.

1902 4133 2019 4189 Non
2042 4133 2130 4203 jus
2155 4134 2450 4198 crudelem,
2485 4149 2592 4188 non
2616 4133 2708 4188 det
2738 4129 3022 4186 miseratio
3043 4142 3290 4198 segnem,

1973 4227 2216 4295 Namque
2239 4241 2396 4296 aequo
2431 4225 2476 4280 si
2505 4225 2578 4279 sit
2603 4225 2791 4295 plusve
2822 4222 3090 4285 minusve,
3119 4227 3298 4273 nocet.

1905 4317 2059 4387 Stepe
2086 4311 2220 4372 latet
2246 4317 2366 4372 vitii
2390 4317 2613 4371 virtutis
2640 4315 2876 4386 imagine
2905 4312 3098 4383 pestis,

1976 4405 2042 4460 Et
2067 4406 2238 4476 magis
2269 4406 2393 4459 inde
2420 4412 2600 4468 nocet,
2623 4419 2730 4473 quo
2757 4402 2938 4456 minus
2961 4400 3050 4454 illa
3081 4406 3250 4470 patet.

1907 4497 2130 4552 Scilicet
2154 4504 2214 4552 ut
2234 4497 2453 4567 quidam
2467 4496 2703 4550 crudelia
2725 4503 2876 4567 gesta
2898 4493 3138 4564 peregit,

1883 4607 1887 4614 ί
1976 4587 2207 4643 Justitize
2233 4596 2381 4642 ratus
2401 4595 2484 4642 est
2522 4599 2581 4643 se
2608 4588 2846 4643 tenuisse
2872 4588 3038 4641 viam.

1905 4677 2131 4750 Corripe
2153 4687 2208 4732 tu
2239 4678 2434 4733 vinclis
2469 4679 2780 4743 sceleratos,
2809 4679 3023 4749 corripe
3045 4677 3250 4747 ﬂagris,

1977 4770 2162 4841 Teque
2181 4770 2285 4826 sibi
2315 4770 2510 4826 durum
2533 4772 2686 4842 plebs
2706 4772 2902 4826 vitiosa
2933 4771 3091 4825 sciat.

1907 4859 2158 4915 Attamen
2182 4860 2236 4914 in
2260 4861 2460 4916 misero
2489 4861 2768 4930 chalybem
2793 4875 2861 4914 ne
2883 4861 3029 4929 tinge
3055 4874 3272 4925 cruore,

1979 4951 2234 5006 Hostibus
2257 4961 2311 5005 et
2346 4952 2651 5021 chalybem,
2674 4964 2862 5020 prome
2884 4949 3094 5022 flagella
3119 4951 3249 5006 reis.

1905 5039 1983 5092 Ne
2007 5041 2050 5093 si
2080 5040 2410 5105 dissimules,
2440 5039 2588 5094 vitiis
2611 5041 2796 5095 dicare
2818 5038 3026 5105 favere,

1977 5130 2032 5185 Si
2057 5131 2234 5201 gladio
2265 5131 2458 5194 utaris,
2486 5138 2612 5186 trux
2651 5132 2748 5187 tibi
2772 5148 2967 5188 nomen
3000 5141 3108 5188 eat.

1903 5222 2038 5277 Cum
2065 5222 2286 5276 veniant
2310 5222 2401 5276 alii
2450 5222 2595 5294 leges
2621 5223 2911 5280 defendere
2931 5222 3195 5294 prompti,

1971 5311 2148 5381 Atque
2177 5326 2298 5367 reos
2323 5313 2493 5368 variis
2517 5313 2781 5370 dilaniare
2809 5315 3005 5375 modis,

1910 5400 1977 5454 Et
2001 5400 2207 5466 dicant,
2239 5402 2354 5457 Non
2397 5419 2516 5470 nos,
2542 5406 2638 5460 sed
2673 5405 2759 5459 lex
2792 5407 2892 5459 hos
2915 5404 3092 5474 prisca
3122 5402 3386 5472 trucidet,

1981 5497 2138 5553 Utilis
2169 5498 2281 5554 hrec
2313 5516 2418 5555 ne:
2448 5509 2549 5563 est,
2575 5515 2694 5569 qua:
2723 5498 2861 5552 maia
2885 5497 3036 5566 plura
3068 5504 3236 5563 vetat,

1909 5587 2102 5645 Nostra
2131 5592 2415 5647 ministerii
2446 5593 2590 5661 leges
2615 5590 2887 5660 complere
2919 5589 3128 5646 securis

1878 5719 1882 5724 .
1980 5681 2169 5747 Debet,
2196 5691 2251 5736 et
2278 5681 2596 5750 obsequium
2626 5696 2728 5734 non
2756 5680 2936 5736 scelus
2971 5681 3099 5736 illud
3121 5683 3245 5737 erit.

1908 5772 1999 5828 ille
2028 5789 2129 5843 ego
2153 5773 2277 5838 sim,
2301 5771 2560 5826 redimam
2584 5772 2905 5828 miserorum
2937 5773 3024 5843 qui
3049 5774 3265 5845 agmina
3290 5772 3481 5841 multa,

2968 5869 3040 5928 10
