4046 6458
579 348 682 404 2ῧ9

651 465 742 520 llle
768 479 869 536 ego
889 464 1012 527 sim.
1033 466 1216 536 plures
1236 466 1326 536 qui
1347 481 1527 532 cruce,
1552 467 1707 522 clade
1733 467 1932 532 levem,

582 558 751 623 Quem
778 558 929 612 turba
953 557 1137 613 infelix
1163 557 1480 628 lacrymosis
1502 568 1705 626 spectet
1733 558 1940 623 ocellis,

652 648 887 703 Cernere
912 663 1178 718 quemque
1205 655 1444 703 tremens
1486 657 1661 703 cretus
1705 648 1922 703 anhelet
1977 647 2153 717 inops,

582 739 701 807 Quo
727 739 844 793 viso
875 747 1121 808 repetant
1139 753 1307 808 prope
1331 747 1542 795 mortua
1572 753 1799 808 corpora
1839 738 2007 802 vires,

624 836 627 837 ⁷
656 829 792 899 Spes
813 830 935 885 visu
965 841 1169 885 crescat
1210 830 1296 885 his
1316 837 1371 884 et
1399 830 1665 898 utrinque
1681 829 1850 884 calor.

584 920 966 976 Submissurus
988 936 1162 986 eram,
1190 922 1459 992 petiturus
1484 921 1686 986 littora,
1710 921 1848 986 vela,

653 1009 771 1076 Quo
802 1011 895 1085 tibi
916 1019 1068 1081 grata
1106 1011 1262 1081 quies
1289 1010 1429 1065 fessa
1457 1011 1643 1066 carina
1674 1010 1837 1065 foret.

584 1099 691 1156 Sed
719 1108 897 1154 tamen
928 1109 1149 1170 apparet
1183 1108 1459 1155 transacto
1493 1102 1704 1172 gurgite
1734 1101 1889 1155 nobis

654 1190 882 1245 Parvula
911 1207 1034 1261 pars
1054 1192 1233 1261 magni
1260 1192 1633 1260 praetereunda
1657 1190 1803 1245 freti.

586 1280 683 1335 Est
716 1281 910 1334 merito
935 1280 1206 1351 jungenda
1237 1282 1335 1335 tibi
1357 1281 1425 1336 de
1452 1296 1688 1351 paupere
1716 1282 1891 1344 turba,

654 1371 828 1425 Divite
855 1385 974 1439 quae
999 1371 1287 1439 premitur,
1317 1386 1466 1434 cura,
1496 1370 1696 1435 libelle,
1735 1371 1938 1426 brevis.

581 1461 821 1532 Namque
850 1462 1073 1531 inopum
1103 1478 1290 1517 curam
1328 1463 1537 1517 recinat
1580 1479 1707 1533 pars
1735 1463 1925 1518 ultima
1951 1464 2155 1519 baben-

1915 1552 2081 1626 [dan],

648 1642 746 1698 Cui
775 1644 925 1713 prior
945 1644 1080 1697 artis
1101 1652 1220 1697 erat
1241 1641 1367 1712 jura
1390 1644 1622 1698 tenenda
1653 1644 1795 1699 cani.

578 1735 914 1804 Pauperibus
942 1734 1252 1805 quicunque
1285 1750 1478 1803 prmus,
1502 1735 1820 1790 mitissimus
1844 1743 1974 1803 esto,

649 1825 832 1895 Teque
858 1826 942 1880 his
963 1835 1154 1880 natura
1186 1828 1402 1881 noveris
1425 1841 1549 1882 esse
1572 1841 1779 1895 parem.
1863 1864 1871 1873 .

577 1917 695 1972 Non
715 1918 828 1972 hos
862 1916 1101 1970 conditio
1130 1916 1360 1981 tibimet,
1388 1916 1483 1970 sed
1510 1916 1667 1985 culpa
1700 1916 1945 1986 subegit,

647 2008 778 2075 Quae
801 2007 950 2062 dedit
970 2016 1032 2062 ut
1059 2007 1265 2061 homini
1294 2006 1542 2062 subditus
1577 2016 1719 2062 esset
1746 2007 1929 2063 homo.

575 2098 777 2154 llorum
802 2108 855 2153 te
883 2099 1069 2166 sudor,
1094 2098 1294 2154 horum
1316 2098 1508 2154 solatia
1529 2099 1723 2163 ditant,

628 2190 903 2273 {Pluribus
927 2191 1015 2247 his
1035 2190 1242 2261 junctis
1261 2192 1426 2247 ditior
1450 2208 1593 2247 unus
1618 2192 1753 2247 ines.

577 2268 825 2360 Flumina
852 2299 1122 2340 concursu
1148 2293 1405 2341 crescunt
1426 2285 1632 2354 majora
1663 2285 1955 2347 minorum,

652 2375 873 2431 l’roficit
891 2386 946 2431 et
966 2378 1118 2432 dives
1140 2377 1396 2448 pauperis
1418 2385 1614 2431 auctus
1639 2392 1762 2446 ope.

579 2466 819 2537 Corpora
848 2468 1206 2537 pinguescunt
1241 2467 1419 2522 alieno
1442 2480 1674 2537 corpore
1699 2476 1872 2536 pasta.

648 2559 792 2613 Vivit
810 2567 869 2615 et
889 2559 1112 2615 alterius
1142 2568 1319 2614 morte
1351 2557 1556 2614 refecta
1584 2574 1735 2612 caro.

578 2650 798 2706 Fortior
822 2650 1142 2717 invalidum,
1174 2650 1429 2721 pusillum
1457 2650 1766 2720 comprimit
1805 2649 2015 2720 ingens,

650 2740 862 2796 Crescit
890 2749 946 2795 et
972 2742 1099 2796 hinc
1128 2740 1323 2810 major,
1353 2740 1537 2795 deficit
1566 2741 1708 2794 unde
1729 2739 1925 2793 minor.

574 2829 687 2886 Hoc
713 2845 879 2898 capus
911 2830 1282 2899 accipiterque
1306 2837 1503 2897 gerunt
1529 2844 1624 2900 per
1644 2827 1829 2882 littora
1857 2842 2048 2892 curva,

647 2920 761 2976 lloc
788 2921 945 2990 lupus
974 2922 1028 2976 in
1054 2921 1225 2984 silvis,
1265 2920 1430 2991 piscis
1452 2921 1505 2974 in
1533 2936 1692 2975 amne
1718 2920 1869 2976 facit.

575 3009 667 3067 Sic
689 3010 805 3064 fera
834 3024 975 3080 saepe
999 3010 1137 3077 fera,
1167 3025 1394 3081 serpens
1425 3017 1677 3079 serpente
1704 3020 1952 3073 necatur,

649 3099 741 3155 Sic
760 3101 990 3156 imbelle
1016 3110 1202 3156 manet
1224 3100 1301 3157 nil
1326 3101 1432 3155 nisi
1455 3099 1639 3170 praeda
1673 3116 1856 3171 pecus.

577 3192 622 3248 Ο
645 3208 816 3263 genus
838 3192 1147 3261 exemplum
1177 3190 1348 3264 fugito
1374 3192 1601 3247 mortale
1619 3190 1882 3256 ferarum,

652 3286 761 3342 Nec
788 3288 951 3342 homo
974 3288 1046 3342 sit
1067 3288 1272 3343 homini
1296 3287 1442 3357 quod
1466 3287 1579 3342 fera
1608 3296 1759 3342 torva
1777 3288 1925 3343 ferae.

579 3377 695 3433 Non
716 3379 909 3449 opibus
928 3380 1187 3449 spolietur
1208 3380 1384 3451 inops,
1416 3395 1523 3435 non
1553 3378 1782 3436 crimine
1809 3378 1946 3434 falso

655 3468 915 3525 Addictus
943 3484 1167 3524 censum
1193 3470 1285 3525 det
1313 3471 1480 3525 miser
1505 3470 1619 3540 ipse
1631 3486 1810 3524 suum.

575 3560 657 3614 Ah
681 3562 694 3615 l
728 3562 942 3632 quoties
965 3562 1008 3617 it
1033 3577 1196 3619 avara
1219 3563 1335 3619 lues
1359 3564 1462 3619 sub
1482 3564 1699 3618 nomine
1723 3562 1878 3627 recti,
1960 3601 1986 3628 .

647 3651 838 3723 Incipit
865 3661 921 3708 et
943 3669 1138 3709 nomen
1162 3654 1297 3725 legis
1318 3654 1522 3710 habere
1545 3653 1729 3708 furor!

582 3742 848 3812 Quodque
877 3745 1045 3800 miser
1063 3746 1264 3815 perdit,
1294 3746 1609 3814 perhibetur
1632 3745 1862 3815 perdere
1892 3741 2038 3814 juste
2073 3756 2091 3795 :

653 3836 912 3904 Quodque
933 3839 1076 3908 rapit
1093 3838 1265 3902 dives,
1289 3836 1480 3892 tollere
1495 3836 1619 3906 jure
1644 3845 1816 3906 putat.

581 3926 678 4003 Est
703 3926 809 3992 fur,
837 3936 1025 3998 estque
1046 3928 1230 4000 fugax,
1258 3930 1384 3984 huic
1408 3928 1615 3984 fraudis
1629 3930 1848 3985 conscia
1874 3944 2029 3984 mens
2050 3936 2155 3993 est,

1582 351 1969 408 THEODULFI
2010 349 2559 407 AURELIANENSlS
2601 349 2812 405 EPlSC.

2175 468 2226 528 Α
2324 465 2422 522 Hic
2444 466 2586 520 male
2612 464 2889 529 mentitur,
2926 463 3015 519 hic
3034 462 3174 532 rapit
3197 470 3359 530 atque
3405 462 3585 532 clepit.

3713 343 3809 403 5‘30

2256 559 2355 614 Hic
2378 558 2519 613 male
2548 557 2827 612 servitium
2855 555 3060 611 studuit
3077 563 3423 610 contemnere
3450 563 3713 621 nostrum,

2331 650 2615 705 Proximus
2636 658 2721 704 est
2742 656 2925 703 noster
2951 662 3113 717 quem
3160 646 3297 716 fugit
3329 644 3416 700 ille
3444 645 3557 699 diu.

2258 740 2436 811 Stipes
2458 740 2539 794 eis
2571 739 2803 809 plantas,
2832 744 3159 793 conuectant
3186 733 3364 791 vincla
3395 734 3644 797 lacertos,

2325 833 2489 887 Facta
2511 839 2570 886 ut
2597 832 2780 900 iniqua
2807 838 3023 895 canant,
3043 828 3193 885 lorea
3217 827 3381 898 ﬂagra
3412 826 3606 881 ferant.

2258 925 2406 979 Talia
2441 924 2743 995 persultant
2772 922 2999 977 miseros
3021 936 3146 976 cum
3169 921 3362 975 lzedere
3389 919 3616 980 malunt.

2328 1016 2463 1071 Cum
2496 1030 2554 1070 re
2578 1029 2685 1069 non
2710 1013 2858 1067 vitiis
2892 1012 2994 1068 hos
3020 1012 3254 1082 spoliare
3275 1011 3479 1067 volunt.

2256 1103 2512 1159 Flebilior
2551 1102 2646 1157 sed
2674 1101 2859 1170 iniqua
2886 1113 3081 1169 gerens
3100 1099 3191 1168 qui
3221 1099 3456 1153 sustinet
3484 1098 3572 1153 illo
3593 1110 3693 1155 est.

2329 1194 2427 1249 llic
2448 1192 2591 1263 quod
2618 1191 2824 1259 agendo
2856 1191 3016 1259 perit,
3046 1189 3137 1244 ille
3160 1189 3385 1245 ferendo
3414 1190 3579 1259 viget.

2260 1282 2456 1352 Sicque
2480 1283 2624 1338 bono
2647 1288 2871 1350 prosunt
2905 1280 3146 1336 crudelia
3175 1280 3317 1335 facta
3346 1278 3591 1350 maligni,

2330 1372 2421 1428 Sic
2446 1372 2565 1426 auri
2595 1370 2711 1426 fero
2739 1371 2853 1426 dite
2880 1370 3080 1440 politur
3103 1385 3260 1439 opus.

2260 1464 2505 1532 Namque
2528 1461 2722 1531 juvare
2741 1460 2878 1517 solet
2896 1475 3189 1530 pravorum
3212 1458 3409 1515 saevior
3430 1473 3564 1514 usus

2326 1556 2533 1620 Justos,
2568 1569 2676 1624 quo
2701 1552 2883 1608 amicti
2911 1552 3099 1609 cmlica
3124 1567 3288 1622 regna
3312 1560 3523 1621 petunt.

2260 1650 2377 1717 Quo
2399 1647 2599 1717 premit
2626 1647 2906 1701 llebraeam
2947 1659 3102 1714 mage
3128 1643 3279 1715 plebs
3325 1643 3670 1714 Memphitica
3700 1659 3814 1713 gen-

3607 1733 3755 1807 [tcm,

2186 1821 2233 1878 Β
2329 1829 2410 1885 Ad
2437 1831 2701 1901 promissa
2726 1824 2898 1900 magis
2920 1828 3144 1885 tendere
3174 1841 3301 1883 rura
3325 1834 3503 1896 parat.

2262 1920 2338 1977 Ne
2361 1922 2629 1977 violentus
2647 1936 2740 1976 eas
2760 1920 2994 1986 miseris,
3020 1920 3117 1975 sed
3148 1918 3394 1974 blandior
3421 1926 3568 1983 esto,

2333 2013 2468 2067 Vota
2492 2010 2688 2081 quibus
2715 2009 2899 2065 forsan
2921 2017 3045 2064 sunt
3073 2008 3301 2065 meliora
3329 2007 3456 2071 tuis,

2262 2104 2372 2159 llos
2396 2117 2499 2157 nec
2518 2109 2707 2169 operta
2732 2099 2900 2166 fraus,
2922 2114 3023 2155 nec
3049 2106 3236 2169 aperta
3267 2098 3484 2153 licentia
3509 2096 3697 2161 laedat,

2333 2197 2521 2252 Securi
2544 2206 2601 2252 et
2633 2198 2735 2251 tuti
2756 2198 2865 2251 sint
2884 2196 2953 2251 ab
2981 2204 3211 2264 utroque
3237 2193 3402 2258 malo,

2262 2288 2340 2342 Ne
2365 2284 2553 2359 reputa
2580 2289 2728 2344 diras
2747 2287 2844 2342 sed
2873 2296 3020 2341 certa
3041 2286 3318 2357 ignoscere
3346 2284 3555 2353 culpas,

2332 2380 2466 2447 Quis
2491 2380 2609 2435 sine
2638 2381 2691 2434 in
2719 2381 2821 2434 hac
2846 2380 2959 2439 vita
2986 2379 3170 2433 vivere
3193 2391 3354 2432 nemo
3382 2375 3547 2430 valet.

2261 2470 2455 2525 Debita
2475 2471 2567 2541 qui
2588 2485 2802 2540 semper
2830 2469 3042 2524 tibimet
3084 2466 3313 2522 laxanda
3335 2465 3601 2536 precaris,

2335 2560 2448 2616 Hoc
2473 2563 2619 2632 inopi
2648 2560 2833 2626 facito,
2866 2561 3010 2631 quod
3038 2558 3180 2630 petis
3202 2559 3319 2627 ipse
3349 2557 3482 2612 Deo.

2263 2649 2340 2707 Ne
2369 2659 2459 2706 tua
2483 2653 2529 2707 si
2555 2652 2816 2708 miserum
2847 2651 2988 2706 levet
3008 2648 3335 2721 indulgentia
3361 2646 3590 2711 nullum,

2333 2747 2466 2802 Cum
2496 2748 2637 2816 petis
2664 2748 2827 2812 hanc,
2856 2746 2973 2816 ejus
2991 2743 3306 2800 destituaris
3326 2757 3447 2812 ope.

2265 2836 2357 2893 Sic
2390 2838 2517 2893 dum
2541 2852 2803 2892 conservo
2830 2835 3131 2892 contemnit
3153 2849 3380 2905 parcere
3410 2845 3624 2897 servus,

2306 2927 2475 2982 'lram
2506 2927 2560 2982 in
2592 2943 2655 2982 se
2672 2928 2805 2999 justi
2831 2942 2957 2982 mox
2983 2925 3259 2981 revocavit
3281 2924 3420 2979 heri.

2264 3018 2495 3074 Parcere
2521 3019 2766 3085 mortalis
2793 3017 3111 3072 mortalibus
3137 3029 3236 3085 ego
3265 3025 3475 3084 parazo,

2335 3110 2470 3165 Cum
2499 3110 2623 3180 quis
2651 3118 2855 3164 natura:
2883 3108 2967 3163 lex
2993 3115 3177 3162 manet
3216 3122 3323 3160 una
3365 3106 3480 3160 tibi.

2187 3173 2230 3234 C
2263 3200 2501 3270 Quisque
2516 3173 2622 3255 tuo
2650 3200 2835 3270 dispar
2862 3198 2907 3253 si
2926 3197 3000 3252 sit
3028 3210 3403 3267 perprospera
3423 3209 3642 3260 cumis,

2335 3294 2501 3350 Ortus
2550 3302 2606 3349 et
2635 3308 2861 3348 occasus
2886 3292 2980 3362 qui
3002 3292 3124 3356 tibi,
3157 3306 3259 3360 par
3284 3299 3340 3345 et
3362 3291 3464 3345 eis.

2262 3386 2407 3440 Fons
2429 3400 2583 3440 sacer
2609 3384 2709 3439 hos
2741 3391 2916 3439 tecum
2942 3383 3088 3448 beat,
3134 3382 3314 3436 inlinit
3350 3395 3567 3451 unguen
3609 3380 3819 3441 avitum,

2333 3478 2509 3547 Atque
2528 3475 2651 3546 agni
2681 3475 2844 3529 satiat
2871 3473 2970 3528 hos
2997 3487 3126 3528 caro
3155 3472 3268 3527 sive
3297 3486 3481 3526 cruor.

2264 3569 2333 3625 Ut
2355 3583 2451 3639 pro
2475 3576 2527 3621 te
2552 3567 2677 3622 vita:
2697 3574 2803 3631 est,
2826 3580 2927 3634 pro
2974 3564 3062 3619 his
3082 3577 3298 3633 quoque
3345 3571 3596 3616 mortuus
3628 3567 3819 3619 auctor,

2332 3658 2612 3726 Quemque
2634 3663 2690 3710 et
2716 3671 2814 3726 pro
2836 3653 3044 3709 meritis
3066 3653 3134 3707 ad
3155 3666 3255 3707 sua
3278 3651 3419 3705 dona
3440 3659 3624 3705 vocat.

2263 3748 2361 3803 Hic
2396 3746 2785 3803 submittantur
2829 3744 3089 3800 transacti
3119 3743 3347 3798 carbasa
3378 3740 3524 3805 libri,

2332 3841 2539 3895 Littore
2558 3840 2613 3893 in
2640 3839 2744 3893 hoc
2765 3846 2909 3893 tenet
2939 3833 3337 3904 anchorajacta
3358 3841 3551 3887 ratem.

588 4052 3818 4101 Ν

1735 4222 2034 4300 LIBER
2109 4218 2668 4300 SECUNDUS.

2056 4384 2370 4397 ﬂ

580 4568 604 4595 ³
635 4569 835 4610 VERSUS
881 4572 933 4609 ικ
985 4571 1193 4611 FRONTE
1241 4573 1525 4613 BIBLIORUI

1281 4663 1457 4703 FECIT.

577 4736 851 4806 Quidquid
880 4738 949 4793 ab
974 4734 1203 4794 Hebraeo
1226 4737 1397 4809 stylus
1416 4739 1629 4795 Atticus
1662 4748 1825 4809 atque
1858 4737 2083 4794 Latinus

652 4827 916 4898 Sumpsit,
947 4828 1002 4882 in
1029 4827 1132 4884 hoc
1161 4836 1334 4883 totum
1363 4829 1567 4895 codice,
1605 4830 1798 4893 lector,
1831 4829 2016 4885 habes.

577 4922 696 4989 Quo
720 4920 836 4975 loca
862 4920 1035 4991 prima
1061 4928 1209 4975 tenet
1229 4919 1474 4986 Genesis,
1497 4920 1795 4990 primordia
1824 4920 2009 4976 mundi

649 5010 1026 5082 Diluviumque
1045 5023 1267 5075 canens,
1299 5019 1557 5082 gestaque
1578 5025 1770 5080 magna
1807 4997 2046 5080 patrum,

575 5102 795 5157 Exodus
830 5101 1120 5173 Egyptum
1154 5102 1781 5172 spoliat,-secat:equora
1806 5101 2012 5167 Rubra,

650 5192 844 5247 Pandit
865 5193 970 5247 iter
1001 5193 1189 5255 eremi,
1216 5193 1435 5263 lympha
1466 5192 1538 5246 ibi
1566 5191 1756 5261 lexque
1778 5192 1958 5247 datur.

574 5283 704 5354 Inde
728 5284 1069 5338 sacerdotum
1097 5290 1311 5354 gentem
1335 5283 1606 5338 Levitieus
1626 5292 1809 5347 ornat,

1581 4573 1698 4622 ρυλε
1742 4574 1855 4614 IPSE
1910 4574 2150 4619 DESCBIBI

647 5389 905 5462 [νέηαι
955 5393 1012 5446 in
1037 5392 1206 5462 fronte
1256 5391 1572 5446 Bibliorum.
1629 5392 1845 5447 Perstat
1886 5392 2156 5460 hodieque

576 5457 631 5513 in
657 5457 1335 5533 Memmianabibliotheca
1364 5464 1566 5533 egregii
1596 5464 1780 5532 operis
1805 5462 2022 5533 illustre
2030 5457 2156 5533 mo-

578 5539 917 5602 numentum,
951 5532 1091 5586 idem
1123 5533 1235 5602 ipse
1260 5529 1555 5587 Biblmrum
1588 5529 1957 5600 codex,quem
1982 5529 2157 5602 Theo-

577 5600 810 5682 tlulphus
828 5600 954 5656 olim
986 5600 1318 5682 erarandum
1347 5611 1586 5667 curarat,
1613 5617 1736 5682 cum
1778 5601 1978 5682 iisdem
2023 5601 2155 5682 ipsis

574 5671 822 5725 versibus
854 5686 993 5740 quos
1015 5671 1072 5725 in
1116 5672 1239 5728 libri
1286 5672 1465 5729 fronte
1509 5672 1691 5727 aureis
1745 5671 2153 5727 cbaracteribus

574 5754 864 5809 expressos
887 5740 1200 5808 collocarat,
1229 5758 1473 5814 quosque
1512 5757 1654 5798 nunc
1701 5742 1936 5797 indidem
1980 5740 2152 5796 multo

2181 4471 2234 4530 D
2330 4468 2399 4522 Et
2425 4467 2600 4538 lypica
2628 4463 2853 4533 exponit
2872 4462 3012 4517 dona
3035 4457 3207 4515 sacris
3235 4453 3446 4527 typicis.

2260 4557 2407 4612 Bella
2428 4556 2681 4624 virosque
2711 4553 2849 4606 liber
2868 4550 3090 4606 Numeri
3112 4546 3372 4604 describit
3392 4555 3449 4601 et
3486 4551 3669 4609 actus,

2332 4648 2497 4716 Queis
2519 4647 2730 4716 Moyses
2756 4644 2917 4715 fregit
2942 4642 3106 4708 idola,
3133 4651 3343 4712 stupra,
3365 4640 3553 4695 duces.

2259 4740 2389 4795 Post
2410 4738 2607 4809 repetit
2632 4736 2828 4806 legem,
2856 4732 3056 4806 popqu
3077 4731 3366 4795 benedicit,
3404 4736 3460 4783 et
3481 4728 3618 4783 alma

2329 4827 2460 4883 Jura
2481 4828 2595 4891 dat,
2626 4841 2691 4881 ac
2717 4825 2862 4887 dicto
2885 4822 3127 4879 carmine
3154 4822 3330 4877 victor
3355 4819 3491 4874 obit.

2261 4920 2459 4975 Dividit
2485 4919 2612 4974 hinc
2634 4917 2854 4988 proprio
2868 4924 3070 4971 terram
3097 4911 3366 4981 Navegius
3390 4910 3555 4965 heros

2330 5012 2514 5073 Libro,
2539 5010 2729 5064 deletis
2755 5008 2979 5062 urbibus
3003 5014 3168 5074 atque
3192 5000 3350 5058 locis.

2194 5117 2202 5123 ‘
2260 5104 2474 5157 Pridem
2503 5085 2783 5155 Judicibus
2801 5098 2925 5167 quis
2958 5104 3015 5151 et
3037 5094 3172 5150 ordo
3201 5091 3443 5149 cuourrit
3470 5097 3526 5146 et
3547 5094 3721 5153 actus,

2329 5195 2689 5250 Continuante
2725 5191 2885 5261 stylo,
2916 5187 3158 5244 concinit
3180 5185 3305 5240 inde
3332 5197 3586 5253 sequens.

2266 5282 2491 5354 iloxque
2510 5283 2700 5338 sedent
2729 5296 2849 5351 qua:
2884 5279 3029 5335 Ruth
3066 5274 3317 5333 Moabitis
3347 5271 3547 5329 femina
3571 5270 3761 5343 gessit,

2259 5411 2422 5467 quam
2446 5395 2711 5450 hactenus
2734 5391 3135 5467 emendatiores
3160 5387 3372 5442 damus.
3406 5382 3617 5467 Esubis
3658 5376 3829 5467 versi:

2259 5449 2383 5545 lius,
2414 5473 2469 5520 et
2496 5481 2565 5521 ex
2608 5464 2788 5545 operis
2827 5461 3165 5545 prazfatione,
3195 5449 3827 5545 qlltlll'IVSBIIJiglfllls-flfgl

2256 5516 2438 5608 5555.1;
2454 5516 2725 5608 rer—metri),
2741 5516 3059 5608 :cujusmodi
3103 5516 3304 5608 fuerint
3330 5516 3514 5579 Biblia'

2258 5588 2643 5674 sacrorumque
2666 5588 2717 5658 in
2740 5588 3110 5659 his'lihrorum
3139 5597 3262 5667 quis
3292 5608 3549 5651 numerus
3592 5599 3646 5646 et
3674 5588 3826 5647 ordo,

2256 5676 2561 5748 perspicere
2581 5684 2683 5729 est.
3069 5707 3072 5711 η
