4046 6460
237 377 334 441 2301

303 493 443 547 Clara
465 485 566 557 piis
593 481 802 537 meritis
825 521 841 548 ,
887 481 1030 535 clara
1063 489 1255 550 nepote
1281 480 1371 550 pio

241 579 650 646 Psalmicanique
677 584 850 639 actus,
882 584 932 630 et
958 575 1126 642 iniqui
1151 583 1301 643 gesta
1319 572 1496 628 Saulis

303 675 466 729 Prime
489 683 824 738 sequensque
856 667 991 721 liber
1026 667 1153 720 hinc
1183 664 1449 719 Samuelis
1482 665 1568 717 ha':
1589 677 1665 716 es.

241 763 433 821 Tertius
456 769 506 814 et
531 767 757 828 quartus
783 798 796 821 ,
824 756 1108 810 Malachim
1146 755 1300 824 queis
1325 769 1520 809 nomen
1548 752 1778 815 iuhwsit,

302 856 491 922 llegum
518 849 864 903 Hebrazorum
892 863 959 901 ex
986 848 1174 902 ordine
1196 855 1344 917 gesta
1370 854 1591 900 canunt.

237 946 361 1000 Hinc
384 941 529 996 sedet
550 938 736 1002 Isaias,
765 938 1042 991 Christum
1069 937 1133 991 de
1155 936 1362 1005 virgine
1387 935 1534 989 nasci

297 1033 389 1100 Qui
417 1030 579 1094 canit,
610 1038 663 1082 et
691 1036 878 1099 gentes
907 1027 973 1080 ad
1000 1027 1086 1096 pia
1106 1016 1229 1095 jura
1252 1033 1425 1080 vocat.

235 1123 370 1178 Hunc
396 1136 561 1191 prope
601 1118 865 1173 Jeremias
887 1157 903 1183 ,
931 1118 1024 1186 qui
1053 1117 1258 1187 virgam
1285 1116 1552 1186 ollamque
1580 1123 1778 1178 tuetur,

293 1215 482 1270 Ordine
520 1209 855 1280 quadruplici
886 1208 1067 1264 flebile
1105 1208 1240 1262 texit
1263 1223 1421 1277 opus.

232 1307 459 1362 Partibus
485 1303 738 1359 Ezechiel
768 1303 992 1358 summis
1014 1302 1273 1356 obscurus
1296 1309 1351 1354 et
1372 1299 1519 1365 imis,

289 1399 414 1454 Hinc
446 1405 531 1451 est
559 1397 722 1466 stirps
750 1396 840 1466 qui
867 1395 1104 1450 hominis
1143 1409 1290 1448 more
1321 1401 1543 1447 vocatur
1566 1391 1705 1446 heri.

227 1489 342 1544 Post
363 1488 642 1542 duodenus
670 1488 810 1541 inest
837 1495 1018 1539 vatum
1041 1485 1161 1555 pius
1187 1485 1320 1539 ordo
1350 1484 1638 1547 minorum,

287 1579 454 1649 Longe
485 1578 636 1632 aliud
662 1578 882 1649 signans
919 1593 1081 1646 quam
1119 1592 1216 1630 sua
1247 1577 1410 1630 verba
1434 1583 1647 1631 sonent.

225 1668 343 1724 Nam
365 1671 626 1724 mmeham
651 1677 706 1722 et
723 1668 928 1738 prolem
959 1667 1156 1736 Josepli
1188 1668 1378 1722 creber
1400 1667 1607 1720 intonat
1621 1663 1778 1729 Osee,

285 1759 604 1826 Samariam,
629 1759 886 1828 Ephraim
916 1798 931 1824 ,
974 1757 1268 1814 Gesdrahcl
1312 1756 1439 1828 [.lIs.
1467 1755 1620 1825 Reg.,
1648 1755 1780 1810 Ges-

1153 1843 1348 1917 [raltcl]
1378 1853 1433 1899 et
1466 1843 1702 1898 viduam.

221 1943 341 1998 Ilinc
365 1941 477 1997 Joel
501 1957 757 1997 eversum
783 1939 932 2010 prius
957 1939 1091 1994 atris
1118 1939 1358 1993 cladibus
1387 1930 1594 2001 orbem,

279 2033 533 2088 Flaminis
565 2033 853 2088 adventum
874 2030 1113 2086 concinit
1141 2029 1265 2083 inde
1294 2028 1388 2097 pii.

220 2124 440 2191 Quatuor
461 2138 622 2192 aeque
643 2121 815 2176 tribus
844 2121 1054 2190 probris
1074 2134 1237 2190 regna
1265 2116 1704 2190 increpatAmos,

279 2211 346 2267 Se
371 2223 423 2266 et
451 2212 660 2266 vidisse
676 2211 802 2265 boat
821 2211 1046 2280 mystica
1078 2209 1230 2278 plura
1261 2208 1414 2262 satis.

218 2303 436 2359 Percutit
465 2303 674 2358 Abdias
700 2303 848 2356 Edon
876 2301 1002 2355 almi
1031 2301 1252 2370 cuspide
1289 2299 1459 2380 verbi,

277 2392 522 2449 Aimulus
559 2401 615 2447 et
650 2392 832 2448 fratris
868 2392 1012 2446 illius
1038 2405 1134 2446 ore
1163 2390 1292 2444 ruit.

215 2483 485 2555 Naufragio
513 2482 671 2538 ,ἰοοω
697 2484 942 2553 signatur
969 2481 1150 2550 passio
1177 2479 1400 2543 Christi,

277 2557 474 2629 Ninivis
513 2583 577 2629 et
602 2575 767 2628 vitam
794 2573 1010 2627 nomine
1033 2572 1264 2627 mundus
1287 2572 1470 2626 habet.

214 2661 336 2716 Filia
370 2664 600 2719 latronis
635 2672 879 2718 vastatur
913 2663 1116 2716 famine
1145 2661 1355 2726 Miclue,

277 2752 420 2818 Quod
450 2755 612 2809 ducis
632 2753 797 2808 Israel
825 2753 1026 2808 laeserit
1070 2753 1160 2806 illa
1189 2767 1377 2822 genas.

216 2843 347 2898 Voce
376 2844 552 2899 Naum
579 2843 758 2914 pulsat
787 2843 1088 2899 constantis
1110 2841 1388 2912 sanguinis
1418 2843 1629 2905 urbem,

279 2933 681 3003 Pacicanosque
702 2933 830 2990 boat
853 2933 1054 2987 montis
1082 2933 1139 2986 in
1160 2947 1284 2986 arce
1310 2931 1495 3000 pedes.

216 3020 492 3079 Iiabbacuc
520 3026 737 3079 interno
770 3025 823 3077 in
859 3038 1020 3078 cruce
1044 3021 1318 3078 Christum
1344 3027 1554 3089 spectat
1582 3019 1776 3084 ocello,

279 3115 549 3172 Cornibus
578 3116 664 3171 his
682 3116 764 3170 vis
789 3125 890 3178 est,
916 3115 1033 3184 ejus
1052 3122 1241 3184 operta
1264 3121 1419 3167 sonat
1437 3110 1572 3184 [Mss
1621 3111 1777 3182 Reg.,

1018 3204 1191 3278 [Colb.
1218 3213 1266 3258 et
1291 3203 1475 3270 Mem,
1513 3202 1708 3273 tonat].

213 3296 409 3354 Promit
433 3299 739 3368 Sophonias
768 3314 798 3352 a
825 3306 983 3369 porta
1020 3305 1076 3352 et
1104 3297 1240 3352 colle
1265 3300 1409 3366 quod
1432 3295 1606 3360 audit,

273 3387 597 3458 Plangorem
634 3389 901 3455 indigenis
930 3385 1034 3440 fert
1061 3401 1274 3457 quoque
1301 3384 1406 3454 pila
1435 3383 1562 3438 tuis.

210 3475 423 3547 Aggeus
473 3479 742 3532 instaurat
777 3477 1034 3546 templum
1062 3513 1077 3541 ,
1119 3475 1428 3542 celsumque
1483 3472 1784 3527 Tonantem

273 3567 550 3622 Moturum
580 3569 774 3622 recinit
807 3582 1046 3637 aequora,
1079 3580 1225 3629 rura,
1255 3564 1459 3634 polum.

209 3654 432 3726 Mystica
459 3657 758 3711 Zacharias
791 3666 1074 3725 postquam
1107 3655 1254 3709 videt
1274 3655 1463 3708 ordine
1484 3653 1659 3723 plura,

269 3748 558 3805 Sessorem
587 3749 875 3804 Dominum
903 3751 1053 3814 dicit,
1076 3748 1262 3812 aselle,
1296 3755 1466 3801 tuum.

209 3841 427 3898 Munera
451 3842 748 3898 Malacbias
768 3843 946 3913 populi
969 3842 1143 3912 inquit
1168 3843 1357 3896 abacta
1386 3842 1608 3912 prioris,

274 3933 504 4004 Agmina
529 3948 762 4001 cumque
791 3933 904 3986 suis
936 3933 1174 4002 gentium
1202 3941 1378 3986 amata
1418 3933 1552 3987 Deo.

208 4021 302 4078 Job
323 4039 541 4094 quoque
569 4024 733 4078 verba
766 4030 956 4079 tenens
987 4037 1108 4077 cum
1156 4023 1324 4093 gestis
1353 4023 1474 4077 inde
1501 4021 1712 4077 libellus

273 4113 518 4178 Ponitur,
547 4113 636 4168 hic
666 4129 863 4183 parvus
893 4112 1131 4182 pondera
1160 4127 1352 4183 magna
1377 4113 1544 4166 vehit.

213 4202 321 4258 Mox
347 4205 524 4260 dulcis
551 4206 762 4260 dulcem
791 4205 1059 4273 depromit
1081 4205 1264 4259 cantio
1289 4204 1567 4260 Christum

274 4293 635 4360 Psalmorum,
664 4296 816 4366 lyrici
843 4294 1237 4365 quos'statuere
1257 4296 1444 4363 pedes.

211 4383 455 4442 Protinus
481 4388 670 4443 Ididiae
699 4389 937 4444 resident
963 4397 1074 4442 tres
1103 4389 1292 4441 ordine
1321 4387 1463 4450 libri,

273 4475 365 4531 Cui
391 4493 592 4533 nomen
621 4477 899 4543 Salomon,
931 4479 1046 4532 sive
1072 4477 1294 4532 Cohelet
1319 4478 1478 4530 inest.

211 4566 506 4639 Alloquitur
533 4571 741 4642 primus
761 4573 859 4626 sub
887 4571 1052 4642 prolis
1081 4571 1298 4626 nomine
1327 4580 1572 4634 cunctos,

275 4657 508 4730 Corrigit
538 4669 593 4715 et
624 4676 801 4716 mores
827 4662 1004 4716 ethica
1025 4661 1140 4731 lege
1180 4669 1290 4714 tua.

213 4741 394 4801 Omnia
424 4764 562 4802 vana
594 4749 739 4802 canit
772 4749 933 4803 rutilo
960 4751 1060 4804 sub
1085 4749 1196 4804 sole
1226 4751 1512 4815 secundus,

277 4836 368 4892 Cui
396 4855 484 4894 res
510 4848 598 4895 est
635 4841 886 4911 physicas
904 4855 1229 4894 enumerare
1247 4840 1420 4895 labor.

214 4927 417 4987 Tertius
445 4933 704 4988 Ecclesia:
742 4933 1038 4987 thalamum
1067 4931 1376 5000 Christique
1404 4939 1682 5002 perornat,

279 5018 457 5077 Rebus
487 5032 544 5076 et
566 5022 620 5078 in
643 5022 830 5092 logicis
858 5024 1090 5079 vertitur
1111 5021 1228 5091 ejus
1251 5039 1407 5094 opus.

214 5106 330 5165 lnde
356 5113 732 5181 philistoricus
757 5113 942 5169 Daniel
975 5123 1058 5170 est
1083 5115 1248 5170 totius
1271 5115 1442 5180 orbis,

279 5201 466 5258 Omnia
499 5206 593 5276 qui
631 5204 859 5276 lapidem
889 5205 1139 5277 frangere
1173 5222 1336 5276 regna
1364 5206 1531 5262 canit.

217 5289 345 5349 llinc
367 5297 473 5351 duo
507 5305 780 5367 ponuntur
807 5338 822 5362 ,
847 5299 1001 5367 queis
1023 5313 1220 5352 nomen
1242 5298 1420 5352 Verba
1439 5295 1649 5351 dierum
1677 5303 1772 5364 est,

279 5384 532 5442 Promerc
560 5388 674 5444 sive
699 5389 853 5444 labor
881 5397 1028 5458 gesta
1048 5403 1321 5458 genusque
1352 5390 1566 5443 ducum.

218 5470 430 5530 Ponitur
464 5478 595 5532 hinc
623 5478 843 5545 Esdras,
871 5479 1039 5549 legem
1065 5479 1428 5549 templumque
1454 5479 1780 5544 reformans,

283 5565 344 5620 Et
373 5570 604 5625 reditum
655 5571 855 5627 Israhel
886 5573 954 5627 ad
1007 5587 1103 5627 sua
1160 5586 1322 5643 regna
1356 5571 1508 5643 [Mss.
1541 5572 1693 5644 Reg.,
1738 5583 1784 5627 et

1085 5661 1282 5734 [Colb.,
1315 5662 1466 5734 rura]
1490 5678 1712 5726 canens,

224 5743 572 5822 Ecclesircque
599 5761 781 5825 typum
833 5753 1076 5811 referens
1108 5768 1230 5810 mox
1263 5751 1519 5808 scribitur
1564 5753 1782 5819 Esther,

1536 367 1858 422 CARMINA.
1903 367 2028 421 LIB.
2069 367 2128 421 ll.

1810 487 1859 546 Α
1960 478 2088 545 Qua:
2112 480 2250 549 plebi
2274 482 2477 534 extorri
2509 481 2731 551 lausque
2760 485 3031 554 decusque
3063 489 3182 556 fuit,

3345 375 3454 436 509.

1881 574 2011 628 Post
2031 574 2166 629 liber
2199 584 2283 630 est
2307 575 2533 645 positus,
2564 577 2651 630 cui
2675 579 2768 631 dat
2791 576 3066 647 Sapientia
3097 598 3314 652 nomen,

1952 664 2102 730 Quod
2127 664 2330 720 Christi
2358 666 2622 721 adventus
2643 683 2896 738 morsque
2917 673 3149 740 patescit
3171 673 3264 729 ibi.

1883 757 2134 813 Protinus
2153 768 2369 828 aptatur
2392 759 2528 814 liber
2550 747 2961 818 EeclesiaSticus
2985 763 3095 830 isti,

1952 849 2067 914 Quo
2091 850 2176 918 pia
2200 848 2324 916 jura
2345 858 2560 914 sonant,
2595 850 2818 920 lausque
2851 850 3006 906 beata
3036 861 3273 923 patrum.

1799 963 1826 986 .
1883 935 2020 990 Hinc
2047 939 2133 1007 pia
2164 942 2472 1010 pauperies,
2502 941 2673 1010 pietas
2695 950 2750 996 et
2783 941 2980 1012 opima,
3012 943 3168 998 beate

1958 1029 2050 1083 Est
2076 1029 2209 1083 Tobi
2239 1030 2378 1084 libro
2408 1032 2511 1085 rite
2534 1041 2716 1086 rotata
2746 1040 2858 1088 tuo.

1885 1116 2151 1172 Scribitur
2173 1120 2399 1190 insignis
2428 1120 2615 1177 .ludith
2647 1138 2772 1178 mox
2800 1123 3000 1179 femina
3039 1123 3203 1192 facti,

1952 1209 2194 1264 Incestus
2220 1211 2416 1265 cecidit
2443 1229 2548 1280 qua
2574 1213 2800 1269 feriente
2823 1215 2989 1269 furor.

1882 1299 2020 1355 Hinc
2053 1301 2247 1371 gemini
2271 1301 2390 1355 libri
2426 1313 2701 1371 ponuntur
2733 1305 3160 1362 Machabazorum
3188 1348 3204 1372 ,

1952 1389 2116 1446 Gesta
2144 1392 2339 1461 quibus
2372 1391 2601 1446 fratrum
2624 1403 2878 1462 quattuor
2899 1396 3039 1450 alma
3064 1399 3272 1452 sedent.

1885 1479 2089 1535 Promit
2131 1489 2317 1551 aperta
2350 1498 2504 1538 nova:
2542 1483 2815 1538 Christum
2848 1486 2973 1541 hinc
2997 1485 3120 1558 [Μδ.
3152 1485 3298 1542 Colb.
3328 1488 3455 1542 hinc

2195 1633 2197 1635 ,
2762 1577 2932 1651 [hinc]
2969 1581 3198 1635 buccina
3229 1580 3382 1650 legis,

1956 1665 2215 1735 Tegmine
2238 1682 2396 1736 quem
2431 1667 2606 1736 typico
2639 1669 2905 1738 prompsit
2934 1683 3098 1739 opera
3124 1678 3301 1724 vetus.

1885 1756 2188 1821 Matthaaus,
2215 1759 2448 1823 Marcus,
2475 1759 2670 1826 Lucas,
2698 1768 3021 1831 sanctusque
3045 1761 3283 1818 Joannes
3300 1801 3314 1825 ,

1806 1827 1852 1886 Β
1951 1849 2068 1901 Vox
2096 1857 2245 1903 tonat
2266 1850 2409 1902 hunc
2431 1849 2622 1904 horum
2645 1860 2903 1919 quattuor
2923 1866 3028 1905 una
3055 1851 3235 1906 simul.

1883 1938 2096 1995 Primus
2117 1941 2186 1994 ab
2215 1940 2449 1995 humana
2473 1942 2596 2009 quia
2611 1943 2781 2010 C(Bpil
2811 1957 3060 2011 promere
3093 1950 3276 2013 gente,

1952 2025 2179 2080 Humani
2210 2026 2438 2081 formam
2462 2027 2755 2082 schematis
2783 2028 2906 2082 inde
2928 2028 3094 2082 vehit.

1878 2118 2012 2171 Avia
2044 2118 2269 2174 terribili
2293 2119 2612 2190 perstringit
2639 2135 2770 2174 voce
2791 2120 3078 2186 secundus,

1950 2208 2218 2264 Scribitnr
2255 2217 2312 2264 et
2348 2211 2559 2282 species
2583 2210 2708 2265 inde
2734 2209 2908 2266 leonis
2938 2211 3010 2266 ei.

1880 2297 2080 2367 Estque
2107 2299 2397 2355 sacerdotii
2421 2300 2548 2370 quia
2576 2301 2737 2354 rebus
2768 2301 2961 2356 tertius
2989 2315 3172 2368 orsus,

1951 2389 2146 2444 Forma
2175 2388 2478 2458 juvencalis
2505 2391 2634 2446 hinc
2656 2391 2760 2446 sibi
2789 2392 2891 2446 rite
2911 2392 3086 2447 datur.

1880 2478 1924 2534 It
1954 2481 2081 2549 quia
2102 2481 2391 2535 verborum
2417 2482 2609 2550 pennis
2639 2496 2800 2552 super
2827 2483 3030 2538 aethera
3060 2492 3313 2554 quartus,

1943 2571 2080 2626 Hinc
2107 2571 2301 2641 aquilae
2321 2573 2596 2642 specimen
2625 2573 2766 2628 celsa
2796 2574 3033 2642 petentis
3058 2575 3239 2629 habet.

1879 2662 2124 2729 Quatuor
2153 2673 2316 2734 atque
2339 2665 2529 2719 decem
2568 2665 2669 2721 hos
2693 2663 2844 2719 Pauli
2885 2665 3086 2735 scripta
3132 2677 3453 2739 sequuntur,

1951 2759 2081 2826 Qua:
2101 2760 2220 2815 orbi
2247 2762 2394 2816 misit
2413 2763 2550 2828 ovis,
2576 2764 2668 2832 qui
2697 2763 2854 2833 lupus
2882 2772 3008 2817 ante
3031 2761 3155 2819 fuit.

1881 2849 2194 2906 Romulidas
2226 2860 2444 2907 revocat
2471 2868 2501 2908 a
2529 2853 2661 2923 legis
2692 2854 2930 2923 pondere
2957 2853 3156 2923 prima,

1951 2943 2129 3012 Atque
2149 2944 2516 3014 evangelicam
2554 2955 2744 3001 censet
2774 2946 2977 3001 habere
3002 2945 3182 3001 fidem.

1879 3031 2118 3088 Arcades
2146 3033 2357 3090 illectos
2386 3035 2598 3090 diverso
2623 3050 2811 3091 errore
2847 3037 3086 3090 secunda

1953 3123 2035 3179 Ad
2061 3140 2242 3178 veram
2275 3125 2492 3194 scriptis
2516 3133 2778 3179 convocat
2808 3124 2950 3179 alma
2971 3124 3150 3180 fidem.

1882 3213 2210 3268 Ptenituisse
2239 3213 2436 3283 placet,
2467 3214 2674 3269 solatur
2700 3214 2855 3268 tertia
2880 3214 3121 3277 eosdem,

1953 3301 2311 3370 Laudansque
2335 3303 2579 3356 hortatur
2599 3303 2670 3357 ad
2699 3302 2924 3357 meliora
2956 3302 3134 3357 simul.

1884 3391 1965 3444 Ad
1997 3390 2120 3446 fidei
2137 3389 2357 3446 Galatas
2383 3391 2598 3446 deducit
2623 3399 2816 3460 quarta
2841 3392 3102 3461 vigorem,

1954 3480 2068 3547 Qua
2095 3489 2276 3550 spreta
2311 3495 2512 3550 pronos
2543 3480 2744 3550 grande
2765 3480 3048 3559 premebat
3069 3496 3224 3537 onus.

1885 3571 2081 3638 Quinta
2115 3571 2313 3642 Ephesi
2351 3570 2578 3640 populos
2626 3571 2952 3625 venerandis
2982 3570 3230 3628 laudibus
3281 3571 3456 3640 effert.

1957 3661 2110 3727 Quod
2136 3670 2379 3716 sanctam
2411 3659 2828 3728 haudquaquam
2855 3660 3144 3716 deseruere
3168 3661 3350 3718 fidem.

1886 3748 2048 3804 Sexta
2075 3749 2453 3818 Philippenses
2475 3747 2702 3812 solatur,
2739 3747 2938 3814 laudat,
2965 3758 3019 3804 et
3042 3758 3224 3818 ornat,

1953 3839 2280 3911 Constanter
2309 3839 2434 3894 fidei
2471 3839 2614 3906 quod
2638 3847 2860 3894 tenuere
2891 3840 3076 3895 decus.

1884 3928 2114 4000 Moxque
2136 3929 2487 3986 Colossenses
2514 3937 2820 4001 praeventos
2841 3931 3067 4000 septima
3096 3930 3249 3988 falsis
3337 4001 3340 4004 ἢ

1947 4023 2170 4078 Vatibus
2186 4023 2440 4089 instituit,
2463 4023 2710 4095 corrigit,
2737 4032 2898 4094 atque
2918 4025 3096 4080 docet.

1883 4112 2140 4168 Thessala
2170 4129 2330 4183 quam
2352 4114 2536 4185 genuit
2561 4113 2705 4168 favet
2725 4115 2851 4170 hinc
2879 4123 3070 4169 octava
3093 4123 3345 4178 catervae,

1955 4205 2218 4276 Tempora
2245 4208 2389 4274 quod
2411 4221 2533 4260 cum
2558 4215 2740 4262 essent
2776 4207 2978 4270 nubila,
3010 4206 3166 4260 firma
3187 4206 3358 4260 stetit.

1881 4293 2095 4348 Extima
2134 4295 2287 4363 queis
2309 4295 2474 4348 etiam
2498 4294 2740 4363 prazdicit
2769 4303 3012 4363 tempora
3042 4309 3205 4359 nona,

1946 4381 2130 4448 Quove
2159 4384 2231 4437 sit
2255 4391 2372 4437 atra
2400 4384 2516 4438 lues
2545 4383 2844 4452 dejicienda
2883 4387 3063 4442 modo.

1884 4471 1954 4524 At
1983 4472 2203 4527 decimae
2225 4480 2405 4528 textus
2429 4473 2768 4530 Timotheum
2792 4474 3065 4540 informat,
3094 4484 3151 4532 et
3179 4484 3330 4548 aptat

1804 4525 1858 4585 Β
1953 4563 2210 4618 Ecclesiae
2231 4563 2284 4618 in
2299 4563 2482 4630 rebus,
2505 4565 2889 4636 ordinibusque
2909 4568 3099 4624 sacris.

1883 4649 2165 4723 Temporis
2201 4654 2486 4710 undecima
2512 4656 2748 4726 supremi
2775 4657 2972 4726 probra
2997 4668 3286 4726 canuntur,

1954 4746 2350 4816 Instruiturque
2375 4747 2478 4802 viis
2505 4747 2755 4804 omnibus
2780 4748 2866 4802 ille
2894 4750 3070 4804 bonis.

1882 4829 2106 4891 Instruit
2133 4837 2257 4892 inde
2286 4837 2468 4892 Titum
2499 4839 2722 4894 decima:
2750 4839 3036 4908 subjuncta
3062 4843 3322 4911 secunda,

1955 4927 2071 4994 Quo
2096 4929 2230 4984 vitet
2261 4929 2518 4994 htereses,
2539 4931 2822 5000 presbyter
2849 4945 2970 4987 esse.
2993 4940 3176 5002 queat.

1885 5019 2070 5075 Tertio
2095 5030 2216 5090 post
2243 5022 2507 5076 decimam
2530 5023 2618 5091 pia
2646 5023 2736 5076 dat
2769 5023 2862 5076 tibi
2885 5023 3049 5078 verba
3077 5025 3383 5087 Philemon,

1955 5111 2084 5178 Quze
2120 5111 2291 5165 Roma
2310 5112 2522 5167 vinctus
2563 5113 2709 5168 misit
2733 5113 2800 5168 ab
2821 5115 2953 5170 urbe
2982 5124 3159 5184 pater,

1885 5202 2085 5259 Ultima
2107 5218 2203 5271 per
2226 5204 2359 5274 legis
2378 5213 2668 5273 vatumque
2690 5206 2908 5261 oracula
2936 5205 3210 5259 Christum

1956 5294 2200 5349 Hebraeis
2219 5295 2422 5363 prolem
2448 5298 2706 5367 priedicat
2729 5313 2849 5352 esse
2872 5295 2987 5350 Dei.

1885 5382 1982 5441 His
2007 5395 2134 5441 sunt
2169 5387 2449 5444 catholicae
2473 5389 2768 5459 subjunctte
2795 5403 2862 5443 ex
2887 5385 3078 5442 ordine
3113 5391 3316 5458 septem

1956 5477 2194 5550 Paginaz,
2216 5481 2510 5552 apostolico
2537 5497 2672 5550 quas
2692 5481 2832 5548 rapit
2865 5492 2960 5533 ore
2986 5477 3173 5547 stylus.

1889 5567 2106 5625 Scilicet
2142 5585 2245 5625 una
2267 5570 2340 5640 pii
2368 5568 2576 5634 Jacobi,
2599 5567 2852 5636 Petrique
2891 5566 3150 5643 gemellm,

1962 5660 2100 5716 Sunt
2121 5671 2230 5718 tres
2257 5661 2500 5724 Joannis,
2541 5677 2645 5714 una
2669 5660 2742 5715 ibi
2773 5659 2910 5714 Juda
2949 5667 3037 5715 tua
3062 5669 3164 5715 est.

1887 5751 2280 5823 Complentque
2306 5749 2600 5806 Ecclesium
2630 5751 2863 5820 generali
2889 5752 3135 5822 dogmate
3161 5759 3350 5814 totum,
