4046 6444
552 367 665 421 ὖῦὗ
1574 361 1963 417 TllEODULFl
2004 353 2561 412 AlillELlANENSlS
2601 355 2814 410 EPISC.

2159 475 2209 532 Α
2309 468 2570 522 Sensibus
2593 475 2648 520 et
2669 467 2832 520 celsis
2853 466 2920 518 ad
2954 465 3162 535 potiora
3194 465 3356 519 levat.

627 483 1028 548 lnstituuntque
1051 479 1230 542 fidem,
1250 489 1448 546 Jusque
1469 475 1660 529 salutis
1680 475 1900 528 habent.

555 574 693 630 Hinc
719 573 787 626 ad
813 571 1161 640 apostolicos,
1191 584 1328 638 quos
1350 568 1522 622 Lucas
1551 567 1776 636 protulit
1804 565 1992 627 Actus,

627 665 671 718 lt
699 663 889 734 stylus,
923 660 1180 715 Ecclesia:
1201 659 1292 728 qui
1326 674 1460 711 nova
1485 667 1638 727 gesta
1663 663 1883 710 canunt.

555 755 705 810 Visio
728 759 918 808 sancta
941 751 1127 815 libros,
1154 765 1275 819 qua:
1297 757 1485 802 sancto
1513 749 1628 802 visa
1654 745 1848 800 Joanni
1874 753 1979 808 est,

621 845 858 908 Claudit,
882 851 937 899 et
963 857 1165 897 arcano
1192 841 1365 896 limite
1396 842 1573 911 signat
1599 854 1712 901 eos,

556 941 670 995 lloc
701 938 1010 994 testamenti
1034 936 1352 1004 Veterisque
1375 934 1617 1005 Novique
1645 935 1746 987 sub
1771 947 1880 986 uno

625 1029 773 1085 Calle
810 1036 1002 1097 patens
1031 1025 1234 1080 bivium
1259 1025 1407 1079 ducit
1427 1024 1492 1078 ad
1515 1024 1624 1078 alta
1648 1023 1777 1093 poli.

558 1122 658 1176 llic
689 1118 1072 1176 cibusaz'temo
1102 1117 1266 1172 satiat
1314 1117 1610 1186 praecordia
1634 1123 1814 1184 pastu,

635 1211 975 1281 Justitiaequc
1011 1209 1229 1273 famem,
1249 1224 1356 1278 quo
1382 1222 1538 1278 mage
1559 1209 1807 1269 habetur,
1837 1204 1931 1258 alit

559 1300 658 1355 llic
689 1299 1066 1370 paradisigeno
1091 1300 1313 1352 veniens
1338 1297 1403 1351 de
1426 1297 1636 1367 gurgite
1660 1303 1819 1364 polus
1836 1334 1851 1355 ,

631 1384 809 1460 Quem.
838 1406 945 1462 quo
965 1391 1086 1461 plus
1108 1389 1231 1458 quis
1257 1384 1400 1451 adit,
1443 1388 1563 1456 plus
1587 1387 1702 1441 sitit
1721 1401 1878 1441 omne
1909 1386 2129 1437 bonum.

557 1482 690 1538 llaec
725 1483 853 1537 tuba
881 1480 1136 1535 terribilis
1172 1479 1341 1546 mugit
1366 1493 1461 1548 per
1479 1477 1716 1547 compita
1748 1475 1955 1538 mundi,

628 1571 791 1626 Mittit
807 1571 1135 1642 terrigenum
1167 1568 1234 1623 ad
1261 1569 1450 1624 coelica
1476 1583 1642 1639 regna
1670 1581 1859 1636 genus.

557 1663 684 1719 llzec
704 1663 797 1717 lux
817 1661 1122 1718 horrendas
1143 1675 1388 1715 errorum
1412 1659 1618 1714 decutit
1639 1658 1885 1720 umbras,

623 1755 740 1824 Qua
771 1755 1004 1811 retinent
1033 1753 1229 1808 mentis
1275 1760 1326 1806 te
1363 1752 1449 1806 via
1476 1759 1622 1804 recta
1652 1749 1836 1819 pedes.

556 1847 696 1904 Sunt
719 1848 808 1902 hic
835 1844 965 1900 Jura
991 1845 1086 1898 Dei
1114 1843 1353 1898 tenebris
1377 1842 1635 1896 nudantia
1662 1841 1920 1895 mundum
1939 1878 1954 1903 ,

626 1936 1001 2008 Splendidiora
1029 1935 1213 1998 astris,
1240 1931 1552 1988 candidiora
1575 1933 1717 1986 nive.

553 2029 704 2084 Justa
727 2027 937 2097 iubent,
966 2026 1160 2097 iniusta
1197 2032 1399 2090 vetant,
1440 2024 1580 2079 mala
1612 2033 1808 2078 cuncta
1838 2022 2106 2087 recidunt,

615 2119 857 2173 Virtutes
889 2118 1133 2188 gignunt,
1159 2116 1356 2187 probra
1383 2113 1572 2185 fugant
1600 2115 1754 2170 vitia.

552 2210 660 2264 Lex
691 2209 923 2280 pretiosa
952 2208 1046 2262 Dei
1071 2216 1175 2273 est,
1212 2207 1341 2276 quid
1375 2207 1518 2260 enim
1551 2205 1844 2275 pretiosius
1877 2205 1986 2267 illa,

623 2299 798 2367 Quam
829 2300 922 2354 dat
945 2297 1063 2353 fons
1086 2299 1228 2362 vitaz,
1252 2297 1341 2351 lux
1365 2305 1420 2351 et
1441 2297 1594 2366 origo
1615 2296 1779 2350 boni?

2237 559 2372 613 Nam
2408 574 2467 613 se
2495 557 2756 612 lectorum
2783 557 2998 611 rudium
3029 557 3166 611 bene
3195 571 3354 610 nosse
3377 564 3596 612 caterva
3629 554 3638 563 ’

2307 649 2458 704 Hanc
2481 657 2652 712 ratur,
2675 656 2732 700 at
2752 647 2925 702 doctis
2955 647 3069 700 haec
3091 663 3227 701 nova
3249 660 3463 714 semper
3488 645 3644 701 inest.

2237 742 2378 809 Quid
2409 742 2553 811 quod
2581 741 2649 794 ad
2680 740 2947 794 arthereas
2969 737 3150 808 populi
3182 746 3339 794 vocat
3358 736 3572 806 agmina
3602 739 3776 800 sedes,

2308 835 2376 888 Et
2396 835 2504 887 vita
2530 833 2767 886 associat
2793 846 2901 885 non
2931 830 3172 898 peritura
3205 829 3341 883 tibi?

2227 928 2348 993 Qua
2382 928 2686 980 mundanus
2711 940 2866 978 amor
2899 922 3119 992 refugit,
3145 922 3450 990 crescitque
3479 933 3764 990 supernus,

2306 1014 2482 1068 Vertit
2502 1023 2556 1068 et
2591 1015 2658 1068 ad
2684 1013 2876 1067 melius
2903 1013 3064 1066 corda
3089 1011 3318 1082 legentis
3337 1026 3492 1080 opus.

2234 1106 2382 1161 Adde
2407 1105 2551 1174 quod
2571 1103 2832 1172 exemplis
2861 1103 3160 1157 mundanos
3190 1101 3413 1156 instruit
3440 1106 3617 1164 actus,

2309 1199 2376 1252 Et
2404 1200 2488 1252 via
2513 1197 2756 1251 consiliis
2783 1197 2885 1250 hac
2914 1196 3186 1250 tribuente
3207 1201 3376 1264 patet.

2235 1288 2456 1344 Scilicet
2485 1289 2570 1342 hic
2601 1287 2889 1357 quisquam
2909 1327 2922 1352 ,
2956 1286 3144 1342 didicit
3170 1286 3296 1341 dum
3327 1293 3476 1360 gesta
3511 1283 3774 1356 priorum,

2303 1378 2440 1445 Quid
2468 1379 2642 1432 vitare
2667 1387 2831 1448 queat
2853 1377 3050 1446 quidve
3079 1386 3336 1447 sequatur
3361 1376 3544 1431 habet.

2234 1469 2427 1524 Erudit
2450 1469 2691 1524 externis
2713 1470 2962 1540 proprios
2989 1468 3069 1523 sic
3096 1468 3308 1522 actibus
3335 1476 3510 1530 actus,

2305 1557 2527 1629 Nonque
2558 1559 2671 1614 suis
2706 1573 2802 1612 sua
2829 1558 2908 1613 sic
2936 1557 3082 1612 dicta
3111 1556 3194 1610 vel
3223 1563 3344 1610 acta
3372 1555 3532 1625 regit.

2235 1648 2455 1719 Singula
2483 1649 2606 1719 quis
2640 1648 2882 1703 referat?
2914 1662 3140 1702 numero
3170 1645 3504 1700 transcendit
3530 1659 3772 1710 ahenam,

2306 1741 2370 1794 Et
2398 1741 2591 1810 pluvia:
2621 1744 2800 1812 guttas
2835 1740 2967 1810 legis
2993 1740 3206 1809 opimus
3231 1739 3423 1794 honos.

2159 1815 2204 1874 Β
2231 1833 2328 1888 Cui
2353 1835 2442 1903 qui
2473 1834 2740 1889 lecturum
2775 1834 2901 1888 totis
2929 1841 2979 1887 te
3010 1831 3217 1886 nisibus
3245 1829 3416 1892 addis,

2303 1933 2560 2002 Quisquis
2588 1949 2668 1997 es,
2698 1933 2901 1987 intenta
2923 1931 3132 2001 poscite
3155 1939 3334 1985 mente
3355 1929 3545 1984 Deum.

2235 2024 2304 2080 Ut
2329 2032 2420 2077 tua
2448 2023 2745 2079 clementer
2771 2039 2893 2077 cum
2936 2024 3039 2077 huc
3068 2029 3286 2076 nectare
3315 2021 3478 2074 corda
3509 2019 3734 2083 revisat,

2303 2112 2543 2182 Cumque
2574 2114 2676 2168 hoc
2703 2113 2969 2167 inhabitet
3001 2111 3238 2181 pectoris
3265 2115 3416 2164 antra
3449 2109 3546 2164 tui.

2233 2204 2346 2259 llac
2373 2205 2627 2259 veniente
2650 2212 2753 2258 tua:
2775 2204 3045 2273 pandatur
3066 2201 3232 2271 janua
3257 2202 3478 2265 mentis,
3542 2206 3545 2208 ’

2305 2295 2420 2360 Qua
2446 2295 2707 2348 nitidante
2736 2293 2883 2349 omni
2915 2293 3075 2348 sorde
3109 2306 3294 2347 carere
3325 2302 3507 2361 queat.

553 2389 650 2444 Est
691 2389 933 2446 doctrina
958 2397 1150 2459 potens
1179 2428 1193 2452 ,
1230 2401 1601 2457 superansque
1648 2385 1876 2440 scientia
1903 2393 2132 2439 cunctas
2234 2384 2538 2454 Hospitium
2560 2398 2668 2453 quo
2698 2390 2918 2454 przestet
2939 2383 2990 2436 ei
3009 2381 3101 2452 qui
3129 2382 3369 2438 condidit
3394 2381 3565 2447 illam,

1466 2477 1596 2550 [Με.
1627 2476 1782 2547 Reg.,
1817 2475 2056 2550 cuncta],

628 2568 728 2624 Cui
753 2567 896 2624 valet
917 2567 1119 2636 :equari
1147 2565 1292 2621 nulla
1323 2567 1422 2622 sub
1445 2580 1547 2620 axe
1569 2565 1696 2636 poli.

550 2657 652 2714 Cui
679 2657 726 2714 si
751 2673 916 2728 quam
936 2658 1124 2726 cupias
1153 2672 1314 2712 sensu
1343 2655 1592 2712 conferre
1622 2654 1705 2710 vel
1729 2663 1868 2721 arte,

616 2749 688 2806 Ut
711 2751 851 2806 etelo
877 2750 1055 2816 tellus,
1086 2750 1202 2805 hzec
1223 2750 1296 2804 ita
1320 2750 1474 2805 cedet
1496 2750 1566 2805 ei.

553 2840 827 2910 Quidquid
853 2841 907 2896 in
937 2841 1183 2912 ingenuis
1210 2841 1482 2895 mundana
1522 2841 1746 2896 discitur
1767 2851 1886 2897 arte

621 2930 868 2996 Artibus,
910 2931 997 2986 hic
1017 2931 1189 2985 currit
1232 2931 1484 2986 liberiore
1525 2933 1632 2986 via.

543 3022 706 3090 iQuod
733 3022 944 3078 ratione
963 3021 1130 3092 viget,
1151 3020 1236 3076 vel
1255 3021 1515 3090 quidquid
1537 3031 1751 3076 amatur
1780 3022 1833 3078 in
1861 3022 1991 3086 illis,

615 3111 738 3166 Hoc
758 3127 788 3166 a
813 3112 962 3166 fonte
980 3120 1143 3177 meat,
1167 3108 1326 3178 hujus
1352 3110 1421 3163 ab
1433 3126 1591 3165 amne
1617 3111 1752 3166 (luit.

545 3199 792 3272 Cumque
815 3203 914 3259 has
939 3205 990 3259 in
1020 3205 1229 3260 cunctis
1267 3203 1469 3267 vincat,
1500 3203 1646 3258 fandi
1681 3205 1874 3259 ordine
1903 3203 2094 3271 vineit,

621 3292 774 3359 Quod
803 3307 1049 3350 sermone
1075 3309 1183 3350 uno
1210 3294 1375 3349 multa
1412 3294 1646 3348 notanda
1682 3294 1861 3349 docet.

542 3383 852 3440 Verborum
876 3395 1040 3456 atque
1075 3404 1238 3442 unum
1279 3402 1386 3444 non
1417 3394 1636 3441 mutans
1668 3386 1887 3442 tramite
1915 3386 2126 3451 callem,

625 3473 716 3528 Sic
741 3473 923 3544 plures
946 3491 1086 3530 unus
1114 3493 1201 3532 res
1227 3479 1363 3533 bene
1391 3491 1570 3533 sermo
1609 3481 1782 3531 tonat.

552 3565 643 3622 Sic
672 3573 860 3621 narrat
888 3574 1114 3633 textum,
1143 3577 1326 3622 tamen
1355 3578 1414 3623 ut
1443 3569 1702 3640 mysteria
1742 3568 1956 3638 prodat,

624 3655 823 3725 Maiora
855 3656 1107 3722 insinuat,
1138 3659 1265 3712 dum
1289 3659 1446 3714 modo
1474 3676 1666 3730 magna
1693 3660 1859 3715 canit.

555 3749 854 3819 Magnaque
877 3750 959 3804 'slc
983 3751 1168 3820 parvis
1191 3753 1489 3821 componit,
1524 3755 1747 3824 parvula
1779 3753 2010 3822 magnis,

626 3841 818 3895 Actum
843 3848 904 3894 ut
926 3851 1024 3909 per
1055 3841 1214 3895 vilem
1243 3851 1354 3896 tum
1395 3843 1628 3911 pretiosa
1668 3854 1844 3899 sonet.

555 3928 612 3981 lu
645 3943 702 3982 re
723 3929 994 3998 prteterita
1021 3938 1284 3983 monstrat
1309 3931 1579 3986 narrando
1609 3932 1867 3998 futuram,

629 4017 755 4072 liaac
781 4018 1044 4082 referens,
1073 4018 1213 4074 miro
1241 4021 1500 4090 przedicat
1534 4023 1624 4078 illa
1657 4026 1835 4080 modo.

556 4109 689 4164 Acta
717 4109 790 4162 ita
826 4108 1106 4173 describit,
1140 4117 1198 4163 ut
1229 4111 1418 4180 agendi
1447 4109 1694 4168 conferat
1721 4123 1914 4179 artem,

627 4199 684 4253 lu
718 4213 776 4253 re
804 4215 904 4254 ceu
934 4199 1074 4254 facta
1102 4208 1156 4254 te
1190 4199 1435 4256 facienda
1466 4213 1670 4258 monet.

557 4287 798 4342 Pondere
825 4289 891 4343 de
917 4303 1096 4342 rerum
1123 4297 1297 4352 taceo,
1321 4290 1443 4358 quis
1472 4291 1679 4361 singula
1705 4291 1871 4347 fando

629 4379 910 4448 Expediat,
935 4380 1097 4433 decus
1128 4379 1230 4435 hoc
1258 4381 1412 4450 queis
1436 4382 1568 4437 cluit
1595 4394 1758 4454 atque
1781 4387 1960 4456 viget?

559 4472 689 4540 Qum
709 4487 814 4526 non
839 4471 1019 4526 clausa
1045 4481 1270 4538 metum,
1302 4473 1515 4529 fastidla
1545 4492 1652 4531 non
1686 4477 1780 4532 dat
1809 4488 1991 4548 aperta
2023 4493 2038 4534 :

631 4560 746 4615 Non
768 4560 858 4613 hic
886 4560 1122 4614 deterret
1153 4579 1167 4614 :
1199 4578 1304 4619 non
1329 4564 1400 4618 ibi
1427 4565 1549 4620 vilis
1578 4562 1739 4621 inest.

560 4651 659 4706 Hic
684 4666 806 4720 spes
833 4651 1026 4720 quzerit
1044 4666 1184 4716 eam,
1224 4661 1372 4708 tenet
1399 4655 1507 4710 illic
1536 4667 1784 4727 prompta
1812 4656 2059 4722 facultas,

631 4745 749 4810 Quo
771 4744 900 4799 latet
923 4753 1160 4810 exercet,
1184 4760 1290 4815 quo
1313 4756 1463 4816 patet
1494 4748 1596 4803 ista
1622 4750 1792 4803 cibat.

562 4835 807 4890 Fortium
839 4834 892 4888 in
915 4835 1160 4891 obscuris
1180 4847 1398 4892 exercet
1421 4839 1606 4906 przelia
1633 4839 1811 4903 dictis,

635 4925 711 4979 'l‘e
739 4939 988 4980 sermone
1015 4926 1202 4981 humili
1233 4929 1455 4997 parvula
1485 4929 1642 4983 turba
1671 4927 1834 4983 fovet.

564 5017 814 5072 Fui-tibus
841 5025 924 5071 est
948 5018 1121 5086 panis,
1152 5018 1359 5086 pusillis
1389 5018 1594 5072 lacteus
1619 5019 1835 5083 humor,

637 5107 745 5161 llos
773 5107 957 5161 solidis
979 5108 1226 5178 dapibus,
1254 5109 1352 5164 hos
1378 5124 1479 5178 ope
1498 5109 1654 5164 lactis
1681 5109 1795 5164 alit.

561 5198 732 5253 Curat
759 5213 907 5252 more
935 5199 1089 5261 meri,
1121 5199 1229 5253 ritu
1254 5198 1525 5252 demulcet
1543 5199 1671 5254 olivi

639 5287 951 5344 Multimodo
977 5294 1160 5358 aptatu
1191 5289 1269 5343 sic
1297 5289 1457 5343 datur
1481 5306 1586 5344 una
1613 5291 1778 5346 salus.

570 5375 694 5430 ll:ec
710 5378 884 5432 etiam
907 5377 1124 5433 assiduo
1150 5377 1364 5433 fastidia
1390 5380 1615 5452 derogat
1644 5398 1766 5443 usu,

638 5467 862 5538 Quoque
892 5470 1063 5539 magis
1088 5471 1325 5540 capitur,
1353 5471 1615 5540 quzeritur
1636 5473 1760 5526 inde
1785 5473 1975 5543 magis.

571 5555 835 5629 Pluraque
866 5573 987 5614 cum
1017 5560 1226 5615 soleant
1257 5561 1516 5616 meditata
1548 5562 1863 5617 horrescere
1891 5563 2101 5632 grandi,

643 5649 811 5719 llujus
838 5668 990 5705 amor
1013 5668 1121 5721 quo
1150 5653 1269 5722 plus
1301 5655 1416 5708 luce
1453 5652 1744 5708 meditatur
1778 5654 1950 5708 adest.

572 5737 801 5809 Aljuvat
833 5743 946 5796 luce.
975 5744 1210 5798 animum
1240 5746 1424 5799 humili
1458 5760 1704 5800 sermone
1736 5736 1979 5814 legentis,

2303 2475 2440 2531 Cum
2461 2475 2579 2547 lege
2600 2477 2742 2531 hanc
2772 2477 2931 2530 adeat
2954 2474 3089 2550 legis
3109 2483 3163 2530 et
3189 2475 3304 2545 ipse
3335 2475 3514 2530 dator.

2235 2564 2354 2620 Non
2379 2574 2431 2621 te
2457 2565 2716 2634 pervadat
2734 2563 2926 2630 fastus,
2960 2580 3066 2618 non
3089 2564 3260 2634 gloria
3287 2563 3473 2628 fallax,

2307 2657 2422 2712 Non
2451 2672 2603 2711 vana:
2629 2665 2724 2711 aut
2747 2671 2931 2711 vacuae
2961 2657 3031 2711 sit
3053 2657 3149 2710 tibi
3175 2655 3348 2711 laudis
3374 2670 3546 2712 amor.

2237 2747 2474 2818 Spiritus
2503 2744 2719 2816 effugiet
2755 2753 2974 2800 sanctus
3003 2745 3115 2800 fera
3145 2752 3365 2816 pectora
3395 2745 3530 2809 ficti,

2305 2841 2415 2896 Nec
2444 2838 2716 2895 habitator
2744 2841 2855 2896 adit
2879 2855 3106 2909 corpora
3130 2855 3316 2911 pressa
3347 2838 3525 2894 malis.

2236 2931 2318 2987 Sit
2341 2931 2436 2988 tibi
2461 2947 2612 2986 mens
2639 2930 2875 2996 humilis,
2903 2946 2998 2985 cor
3024 2932 3280 3000 prudens,
3307 2931 3448 2985 actio
3477 2930 3709 2993 munda,

2307 3023 2390 3078 Sit
2425 3022 2622 3077 ﬂorens
2648 3022 2908 3085 studium,
2941 3021 3011 3074 sit
3031 3021 3250 3091 pietatis
3274 3035 3428 3090 opus.

2235 3115 2437 3171 Crebra
2465 3115 2536 3169 sit
2568 3114 2621 3168 in
2648 3122 2832 3168 sancta
2865 3113 3073 3166 tibimet
3102 3113 3380 3166 meditatio
3414 3111 3550 3182 lege,

2303 3206 2508 3259 lnstato
2534 3203 2752 3258 monitis
2781 3211 2939 3258 nocte
2965 3202 3156 3272 dieque
3184 3203 3318 3268 suis,

2234 3297 2384 3352 Hauc
2405 3312 2532 3368 gere
2553 3297 2738 3360 corde,
2766 3311 2947 3360 manu,
2973 3296 3191 3364 proprio
3216 3311 3321 3348 non
3341 3294 3484 3349 desit
3511 3295 3580 3349 ab
3603 3308 3730 3360 ore,

2304 3388 2490 3457 Tuque
2517 3387 2745 3442 aliorum
2784 3395 2957 3450 actus,
2989 3387 3226 3456 corrigat
3245 3386 3334 3440 illa
3362 3396 3499 3440 tuos.

2233 3473 2360 3532 llaec
2395 3479 2448 3531 in
2482 3486 2636 3546 parte
2666 3478 2767 3532 tori
2798 3479 2998 3540 sedeat,
3032 3479 3178 3531 hanc
3197 3477 3398 3531 lumina
3431 3486 3688 3544 cernant,

2305 3569 2456 3622 llanc
2470 3568 2626 3631 colla,
2652 3568 2794 3622 hanc
2810 3582 3004 3637 genua,
3024 3567 3161 3620 hanc
3174 3567 3336 3620 bracb
3347 3566 3393 3618 ia
3410 3582 3578 3621 curva
3592 3569 3806 3623 vehant.

2234 3660 2313 3714 Ad
2337 3667 2497 3727 caput
2521 3659 2636 3712 hare
2665 3658 2872 3721 sedeat,
2899 3657 3057 3712 solito
3082 3655 3207 3709 dum
3237 3666 3478 3725 tempore
3501 3657 3715 3721 stertis,

2305 3751 2548 3818 Dumque
2583 3747 2719 3818 fugit
2756 3762 2978 3801 somnus
3004 3755 3054 3800 te
3082 3755 3231 3816 petat
3256 3744 3346 3799 illa
3377 3745 3542 3800 celer.

2234 3839 2347 3896 Nec
2375 3840 2546 3895 solum
2576 3848 2634 3892 ut
2657 3840 2868 3902 doctus,
2901 3827 3070 3892 sedet
3095 3847 3152 3890 ut
3177 3837 3254 3892 sis
3275 3837 3456 3907 justus
3478 3837 3693 3904 amato,

2305 3931 2521 3985 Eminet
2555 3945 2721 3983 unum
2754 3928 2880 3992 alio,
2911 3944 3034 3982 cum
3061 3927 3132 3983 sit
3153 3936 3441 3998 utrumque
3464 3928 3699 3983 bonum.

2234 4023 2370 4078 Nam
2403 4022 2499 4078 tibi
2533 4019 2919 4089 Cunctipotens
2947 4027 3102 4073 actus
3124 4035 3232 4074 non
3261 4019 3425 4074 verba
3457 4021 3724 4090 requiret.

2305 4116 2384 4172 llli
2423 4116 2477 4170 in
2504 4123 2735 4183 utroque
2763 4121 2942 4166 tamen
2967 4112 3078 4181 ipse
3096 4112 3309 4181 placere
3336 4111 3501 4166 vales.

2233 4209 2392 4264 Disce
2421 4206 2628 4278 legens,
2660 4217 2918 4258 assuesce
2939 4201 3211 4271 frequens,
3234 4202 3482 4256 faciendo
3507 4201 3728 4266 docete,

2307 4298 2496 4369 Sitque
2522 4297 2616 4353 tibi
2649 4296 2738 4352 hic
2765 4302 2971 4349 trames
2991 4293 3129 4363 legis
3159 4293 3212 4347 in
3239 4302 3357 4347 arte
3386 4293 3508 4362 pias.

2235 4389 2509 4456 Quatenus
2530 4387 2745 4444 erudiat
2773 4395 3008 4441 mentem
3041 4385 3134 4439 tibi
3167 4384 3328 4439 lectio
3343 4385 3556 4449 crebra,

2158 4503 2212 4562 Ι)
2308 4483 2512 4550 Detque
2540 4481 2646 4535 tuis
2675 4480 2956 4551 pulchram
2983 4477 3232 4533 sensibus
3251 4476 3339 4532 illa
3369 4477 3537 4531 viam.

2241 4572 2317 4628 Ne
2345 4573 2454 4626 cito
2481 4572 2715 4636 labatur,
2753 4570 2896 4625 vires
2925 4569 3027 4624 sibi
3050 4569 3266 4639 colligat
3293 4583 3418 4634 usu,

2311 4661 2496 4716 Lectio
2521 4661 2713 4716 crebra
2739 4670 2886 4715 tenet
2909 4674 3062 4715 mens
3090 4660 3233 4730 quod
3262 4667 3418 4714 acuta
3445 4657 3612 4730 capit.

2243 4751 2450 4808 Semita
2475 4752 2554 4807 sic
2583 4766 2724 4806 cazso
2747 4751 2992 4822 dumosa:
3015 4753 3208 4806 robore
3237 4751 3405 4815 silvae,

2315 4844 2450 4898 Dum
2477 4844 2688 4908 teritur,
2719 4844 2912 4898 crebro
2941 4841 3001 4896 fit
3021 4842 3106 4896 via
3133 4843 3240 4896 lata
3264 4840 3417 4912 pede.

2247 4937 2446 4992 Sancta
2476 4934 2654 4989 ferant
2679 4934 2882 4989 sanctis
2903 4933 3081 4987 verbis
3101 4931 3346 5001 exempla
3365 4931 3632 5002 vigorem,

2311 5031 2440 5098 Qua:
2462 5030 2612 5084 canis
2640 5041 2693 5083 et
2721 5029 2904 5093 facito,
2926 5044 3044 5097 qum
3073 5027 3203 5082 facis
3229 5027 3344 5096 ipsa
3379 5041 3532 5080 cane.

2241 5121 2358 5191 Non
2384 5119 2564 5173 verbis
2589 5127 2762 5182 actus,
2791 5133 2898 5173 non
2929 5117 3035 5172 illis
3060 5119 3220 5172 verba
3250 5124 3567 5186 repugnent,

2311 5209 2500 5265 Nobile
2520 5223 2621 5276 par
2641 5215 2817 5263 tecum
2844 5216 3030 5262 currat
3048 5215 3338 5276 utrumque
3372 5205 3552 5260 simul.

2241 5299 2393 5366 Quod
2417 5299 2553 5352 bene
2579 5307 2761 5353 mente
2786 5297 2956 5367 capis,
2984 5291 3170 5353 humili
3197 5309 3446 5352 sermone
3471 5293 3708 5367 profare,

2313 5389 2388 5444 Ne
2417 5388 2559 5443 fastu
2586 5389 2825 5456 amittas,
2852 5389 2994 5459 quod
3022 5388 3294 5443 studiosus
3318 5387 3507 5444 habes.

2241 5478 2399 5533 Plura
2424 5475 2626 5532 referre
2663 5493 2812 5532 mora
2841 5485 2942 5539 est,
2976 5477 3026 5530 in
3052 5477 3237 5546 paucis
3265 5474 3456 5545 collige
3483 5472 3672 5534 multa,

2313 5569 2524 5632 Lector,
2553 5567 2638 5622 cui
2667 5566 2868 5621 fulvum
2897 5566 3092 5620 mentis
3117 5580 3342 5618 acumen
3372 5565 3531 5618 inest.

2243 5657 2458 5711 Semine
2485 5658 2564 5711 sic
2595 5672 2804 5710 messor
2829 5656 3044 5725 proviso
3070 5654 3295 5724 plurima
3323 5669 3489 5724 parvo

2313 5749 2492 5800 Graua
2524 5748 2665 5801 vehit
2695 5757 2818 5800 voto
2849 5747 3107 5800 fertiliorc
3135 5746 3339 5802 cluens.
