4046 6490
246 385 338 444 505

1527 361 1852 420 CAllMlNA.
1897 363 2022 417 LIB.
2065 361 2126 416 ll.

3364 371 3470 428 506

247 501 465 567 Dumque
485 505 621 562 opus
641 491 698 546 id
718 491 918 558 cernis,
944 491 1138 562 relegis
1165 491 1290 546 dum
1312 490 1555 568 carmina
1577 498 1780 552 nostra,
1811 491 1864 562 Α
1887 485 2255 557 distinguitur,
2294 486 2347 540 id
2373 495 2456 541 est
2479 487 2530 540 in
2563 487 2808 552 historia,
2855 489 2909 542 in
2940 474 3202 552 moribus,
3240 496 3296 541 et
3337 485 3473 540 alle-

309 584 571 643 Theudulli
596 574 844 639 clemens
864 583 938 638 sis
965 597 1170 638 memor
1196 598 1311 638 oro.
1349 582 1498 642 Vale.

871 688 1151 728 PREFATIO

413 764 594 825 Ani-eis
622 762 809 822 litteris
837 763 1058 832 prce/im
1086 760 1270 815 Bibliis
1302 759 1343 814 Τ
1344 760 1596 830 lieodulﬁ.

305 854 457 914 Vetus
505 854 909 912 Testamentum
956 852 1076 907 ideo
1108 853 1326 920 dicitur,
1369 853 1496 922 quia
1547 851 1796 908 veniente

242 951 375 1012 Novo
405 948 655 1014 cessavit,
701 947 769 1002 de
814 962 920 1016 quo
965 946 1254 1016 Apostolus
1301 946 1546 1001 meminit
1565 946 1792 1002 dicens:

249 1040 418 1096 Vetera
445 1039 787 1103 transierunt,
825 1054 940 1091 ecce
986 1054 1118 1091 nova
1145 1037 1285 1106 facta
1330 1045 1450 1090 sunt
1487 1037 1664 1090 omnia
1693 1033 1797 1108 (ΙΙ

240 1132 349 1188 Cor.
373 1146 422 1196 v,
453 1129 516 1187 l7
546 1129 587 1202 ).
631 1129 1040 1185 Testamentum
1069 1136 1248 1183 autem
1283 1128 1492 1184 Novum
1519 1128 1640 1183 ideo
1665 1144 1798 1182 nun-

236 1230 470 1293 cupatur,
491 1220 620 1289 quia
649 1219 890 1275 innovat.
937 1219 1054 1274 Non
1089 1219 1232 1275 enim
1264 1218 1416 1273 illum
1449 1218 1665 1274 discunt
1693 1219 1796 1274 nisi

236 1311 466 1367 homines
504 1307 748 1363 renovati
777 1323 845 1361 ex
866 1315 1133 1362 vetustate
1163 1323 1260 1378 per
1285 1307 1540 1379 gratiam,
1570 1317 1627 1362 et
1669 1323 1798 1378 per-

237 1405 452 1459 tinentes
484 1400 604 1470 jam
633 1400 700 1456 ad
733 1400 1137 1455 Testamentum
1163 1399 1390 1466 Novum,
1425 1399 1570 1469 quod
1599 1407 1683 1454 est
1710 1414 1796 1454 re~

233 1507 382 1564 gnum
408 1490 693 1546 calorum.
732 1488 941 1544 Hebraei
980 1498 1160 1543 autem
1202 1489 1367 1547 Vetus
1391 1490 1797 1544 Testamentum

232 1583 354 1638 Esra
384 1589 606 1636 auctore
636 1578 792 1648 juxta
819 1595 1104 1635 numerum
1137 1578 1440 1634 litterarum
1480 1594 1701 1633 suarum
1746 1579 1799 1633 in

230 1673 406 1744 viginti
433 1672 574 1727 duos
609 1670 780 1726 libros
805 1672 1106 1741 accipiunt,
1151 1671 1454 1728 dividentes
1478 1685 1572 1726 eos
1597 1671 1651 1727 in
1691 1679 1801 1726 tres

229 1764 457 1827 ordines,
507 1761 673 1832 Legis
721 1760 946 1827 scilicet,
978 1768 1031 1816 et
1055 1759 1469 1830 Prophetarum,
1525 1767 1580 1814 et
1606 1759 1804 1830 Hagio-

1895 576 2062 646 goria.
2091 577 2296 632 Rursus
2325 577 2427 631 ista
2457 576 2562 630 tria
2591 577 2886 631 multifarie
2919 575 3253 640 dividuntur,
3292 577 3342 629 id
3369 587 3472 636 est,

1895 667 2027 738 quid
2052 683 2084 721 a
2115 667 2246 734 Deb,
2293 667 2423 738 quid
2461 668 2530 721 ab
2566 668 2770 738 angelis
2799 668 2882 722 vel
2922 668 3230 722 hominibus
3267 677 3478 738 gestum

1895 758 2210 829 dictumque
2255 759 2346 824 sit,
2397 760 2528 829 quid
2569 775 2600 813 a
2636 760 2916 828 prophetis
2956 760 3364 829 pronuntiatum
3412 760 3480 816 de

1896 847 2114 904 Christo
2141 856 2198 904 et
2225 865 2452 920 corpore
2474 848 2610 917 ejus,
2641 850 2768 918 quid
2795 849 2862 904 de
2896 849 3108 905 diabolo
3137 858 3193 904 et
3223 850 3482 906 membris

1898 937 2084 1008 ipsius,
2123 939 2252 1008 quid
2281 939 2348 994 de
2378 940 2549 994 veteri
2595 948 2649 994 et
2679 955 2818 994 novo
2838 939 3054 1010 pepulo,
3089 938 3220 1008 quid
3245 939 3312 993 de
3342 954 3482 1009 pra:-

1897 1030 2035 1083 senti
2064 1031 2260 1085 smculo
2301 1039 2358 1085 et
2396 1031 2579 1085 futuro
2621 1046 2786 1102 regno
2814 1039 2976 1100 atque
3014 1029 3241 1098 judicio.
3290 1029 3483 1084 Libros

1897 1127 2077 1172 autem
2114 1128 2426 1174 sanctarum
2466 1120 2895 1189 Scripturarum,
2945 1135 3083 1190 quos
3113 1135 3353 1188 pmsens
3396 1121 3481 1176 bi-

1897 1209 2169 1264 bliotheca
2216 1210 2502 1276 continet,
2560 1212 2891 1281 subsequens
2937 1209 3244 1266 breviculus
3295 1211 3485 1266 ordine

1898 1299 2106 1367 pandit.

1899 1410 2042 1484 Ordo
2084 1412 2347 1484 librorum
2387 1414 2601 1469 Veteris
2647 1423 2702 1470 et
2741 1413 2872 1469 Novi
2907 1414 3234 1470 Testamenti
3279 1416 3369 1484 qui
3417 1417 3483 1468 ab

1973 1482 2226 1565 Ecclesia.
2249 1485 2602 1551 recipiuntur,
2631 1494 2688 1538 et
2723 1485 2778 1538 in
2817 1487 2920 1539 hoc
2958 1499 3186 1554 corpore
3221 1482 3488 1555 generali-

1973 1561 2056 1607 ter
2081 1561 2447 1610 continentur.

2149 1663 2365 1719 Primus
2394 1666 2520 1720 ordo
2549 1665 2721 1738 Legio,
2751 1665 2804 1722 iu
2829 1683 2929 1739 quo
2953 1677 3074 1723 sunt
3105 1666 3245 1724 libri.

1976 1754 2223 1810 Genesis.

227 1851 569 1923 grapborum.
601 1849 814 1904 Primus
841 1848 976 1903 ordo
1007 1847 1140 1918 legis
1167 1848 1223 1901 in
1258 1848 1496 1918 quinque
1529 1845 1684 1902 libris
1712 1859 1801 1899 ac-
1830 1838 1876 1897 B
1975 1846 2215 1901 Exodus.

226 1939 430 2009 eipitur,
471 1953 710 2007 quorum
746 1939 955 2007 primus
989 1946 1073 1993 est
1099 1938 1293 2002 Bresit,
1326 1937 1470 2007 quod
1500 1945 1583 1992 est
1619 1935 1797 1991 Gene-

225 2032 330 2095 sis;
381 2029 661 2085 secundus
688 2028 966 2094 Ellesmot,
1011 2028 1154 2099 quod
1201 2037 1286 2084 est
1327 2028 1574 2094 Exodus;
1609 2027 1802 2082 tertius

227 2121 458 2186 Vasicra,
508 2119 662 2190 quod
707 2129 792 2176 est
827 2119 1130 2186 Leviticus;
1189 2129 1416 2193 quartus
1465 2119 1800 2192 Vagedaber,

223 2213 356 2282 quod
373 2221 460 2267 est
487 2211 766 2267 Numerus
790 2229 804 2279 ;
834 2212 1054 2282 quintus
1075 2211 1528 2278 Elleaddabarim,
1552 2213 1694 2284 quod
1721 2221 1804 2267 est

226 2301 728 2357 Deuteronomium.
775 2301 841 2356 Hi
871 2311 995 2358 sunt
1021 2303 1260 2374 quinque
1285 2303 1412 2358 libri
1444 2303 1636 2375 Moysi,
1668 2319 1804 2373 quos

220 2395 424 2452 Πεδιαξί
473 2396 709 2461 Torath,
747 2395 924 2452 Latini
976 2397 1174 2470 Legem
1221 2396 1532 2470 appellant;
1585 2397 1805 2467 proprie

220 2495 394 2542 autem
419 2486 538 2542 Lex
563 2486 868 2556 appellatur
894 2502 1013 2559 quae
1041 2503 1140 2562 per
1164 2487 1401 2560 Moysem
1431 2489 1554 2552 data
1581 2496 1683 2543 est.
1710 2486 1808 2542 Se-

218 2577 422 2634 cundus
470 2576 616 2635 ordo
664 2575 1090 2647 Prophetarum,
1138 2592 1246 2649 quo
1290 2578 1636 2632 continentur
1683 2577 1806 2632 libri

217 2677 354 2736 octo,
403 2684 651 2743 quorum
692 2669 903 2741 primus
945 2667 1106 2725 Josue
1148 2669 1251 2724 ben
1288 2669 1429 2736 Nun,
1479 2670 1571 2741 qui
1617 2669 1808 2734 Latine

216 2757 340 2815 Jesu
367 2759 520 2817 Nave
564 2759 796 2826 dicitur;
832 2760 1100 2816 secundus
1139 2759 1336 2826 Oblim,
1377 2760 1520 2833 quod
1548 2768 1631 2816 est
1657 2759 1809 2823 Judi-

216 2868 370 2919 cum;
410 2856 613 2909 tertius
641 2853 882 2921 Samuel,
913 2855 1004 2925 qui
1031 2861 1116 2915 est
1139 2853 1342 2925 Regum
1369 2853 1606 2925 primus;
1647 2869 1811 2923 quar-

217 2949 303 2998 tus
350 2942 686 3010 hlalachim,
731 2944 824 3014 qui
865 2953 950 2999 est
980 2943 1189 3018 Regum
1235 2945 1535 3010 secundus;
1588 2944 1809 3016 quintus

213 3033 405 3102 Isaias,
448 3045 648 3093 sextus
691 3033 990 3103 Jeremias,
1030 3037 1293 3108 septimus
1335 3036 1606 3102 Ezechiel,
1656 3045 1806 3092 octa-

219 3139 318 3182 vus
358 3127 631 3195 Torsera,
670 3129 763 3198 qui
803 3129 1002 3185 dicitur
1046 3130 1334 3192 duodecim
1375 3130 1802 3202 Prophetarum;

211 3218 304 3288 qui
344 3219 478 3280 libri
520 3219 650 3298 quia
685 3197 789 3275 sibi
827 3235 926 3296 pro
963 3220 1228 3281 brevitate
1259 3197 1502 3290 adiuncti
1523 3229 1669 3288 sunt,
1705 3236 1807 3292 pro
1834 3197 1880 3258 (ἶ

212 3325 320 3367 uno
348 3313 729 3383 accipiuntur.
759 3313 972 3372 Tertius
998 3323 1082 3369 est
1109 3313 1244 3369 ordo
1281 3313 1804 3385 Hagiographorum,

209 3401 262 3456 id
285 3411 375 3457 est
401 3413 604 3459 sancta
641 3403 1020 3472 scribentium,
1049 3405 1107 3459 in
1131 3421 1239 3475 quo
1265 3414 1390 3461 sunt
1427 3405 1550 3460 libri
1588 3419 1805 3470 novem,

208 3508 452 3562 quorum
502 3495 717 3566 primus
757 3495 895 3562 Job,
957 3497 1227 3552 secundus
1286 3497 1491 3562 Nabla,
1537 3497 1681 3568 quod
1728 3506 1812 3551 est

206 3581 556 3640 Psalterium
579 3624 594 3650 ,
646 3586 839 3641 tertius
884 3586 1143 3654 Masloth,
1187 3590 1330 3658 quod
1384 3596 1468 3644 est
1516 3587 1808 3644 Proverbia

205 3671 562 3735 Salomonis,
593 3682 819 3742 quartus
856 3675 1100 3742 Cohelet,
1142 3678 1286 3747 quod
1311 3687 1392 3732 est
1429 3677 1808 3744 Ecclesiastes,

201 3763 445 3842 quintus
498 3761 792 3829 Sirasirin,
849 3767 991 3834 quod
1035 3775 1119 3822 est
1168 3767 1390 3822 Cantica
1439 3771 1807 3833 canticorum,

204 3861 403 3909 sextus
437 3851 658 3918 Daniel,
685 3854 948 3924 septimus
967 3855 1330 3922 Dabreiamin,
1361 3857 1502 3927 quod
1524 3866 1608 3912 est
1632 3858 1809 3913 Verba

203 3943 448 4007 dierum,
476 3942 590 4020 hoc
623 3950 709 3998 est
734 3944 1203 4014 Paralipomenon,
1253 3956 1476 4002 octavus
1503 3947 1692 4013 Ezras,
1714 3963 1810 4003 no—

204 4043 310 4084 nus
336 4029 579 4086 Esther.
619 4028 720 4096 Qui
761 4031 922 4086 simul
960 4048 1166 4098 omnes,
1212 4035 1446 4105 quinque
1470 4044 1594 4094 octo
1620 4045 1676 4096 et
1711 4052 1810 4092 no-

206 4131 352 4186 vem,
386 4119 542 4174 ﬁunt
570 4118 758 4190 viginti
783 4129 838 4176 et
865 4121 990 4188 duo,
1009 4123 1148 4178 sicut
1174 4125 1420 4194 superius
1447 4128 1806 4198 comprehen-

205 4203 329 4262 sum
355 4219 470 4269 est.
508 4207 742 4274 Quidam
772 4217 950 4268 autem
994 4210 1158 4279 Ruth,
1196 4221 1251 4269 et
1276 4213 1500 4282 Cinoth,
1537 4201 1682 4286 quod
1707 4217 1808 4271 La-

209 4299 322 4356 tine
355 4301 576 4356 dicitur
605 4300 944 4358 Lamentatio
989 4302 1257 4370 Jeremiae,
1285 4305 1674 4377 Hagiographis
1716 4311 1808 4364 ad-

206 4387 428 4458 iiciunt,
476 4393 757 4474 etviginti
793 4402 1027 4466 quatuor
1055 4395 1325 4452 volumina
1348 4399 1680 4455 Testamenti
1708 4402 1811 4456 Ve-

208 4485 342 4540 teris
383 4485 609 4540 faciunt
628 4483 786 4554 juxta
811 4487 1000 4558 viginti
1038 4498 1272 4560 quatuor
1299 4491 1540 4548 seniores
1567 4493 1658 4562 qui
1684 4503 1810 4548 ante

207 4584 580 4646 conspectum
628 4575 726 4631 Dei
775 4578 1054 4633 assistunt.
1101 4578 1337 4646 Quartus
1387 4589 1477 4637 est
1526 4582 1666 4651 apud
1712 4598 1812 4639 nos

207 4669 343 4722 ordo
389 4665 625 4724 Veteris
672 4668 1032 4734 Testamenti,
1076 4686 1266 4725 eorum
1313 4672 1575 4727 librorum
1625 4673 1716 4743 qui
1763 4675 1817 4728 in

206 4773 425 4814 canone
470 4757 753 4838 Hebraico
781 4774 888 4814 non
934 4770 1081 4824 sunt,
1106 4777 1336 4831 quorum
1363 4763 1571 4832 primus
1596 4763 1818 4834 Sapien-

209 4847 298 4903 tia:
319 4849 468 4906 liber
499 4858 612 4915 est,
643 4851 912 4907 secundus
947 4851 1408 4918 Ecclesiasticum,
1443 4856 1637 4910 tertius
1660 4856 1812 4920 Tobi,

206 4954 446 5012 quartus
503 4943 727 5011 Juditlt,
762 4945 982 5014 quintus
1029 4955 1084 5000 et
1129 4956 1313 5001 sextus
1365 4947 1815 5015 Machabzeorum,

208 5049 346 5102 quos
375 5037 569 5092 libros
610 5034 780 5091 Judmi
815 5036 956 5090 inter
983 5038 1292 5107 apocrypha
1319 5048 1592 5107 separant,
1637 5039 1816 5095 Eccle-

207 5123 285 5178 sia
317 5133 523 5180 tamen
555 5124 655 5179 Dei
687 5125 830 5179 inter
852 5125 1062 5180 divinas
1097 5127 1404 5198 Scripturas
1426 5137 1479 5183 et
1504 5130 1732 5193 honorat
1765 5140 1822 5186 et

209 5215 508 5281 praedicat.
559 5214 622 5268 In
655 5213 804 5269 Novo
835 5224 1015 5270 autem
1063 5217 1410 5274 Testamento
1437 5219 1544 5274 duo
1585 5231 1819 5277 suntor.

207 5301 385 5359 dines.
443 5302 680 5358 Primus
714 5305 1076 5374 evangelicus,
1115 5307 1168 5361 in
1198 5324 1304 5376 quo
1345 5319 1472 5364 sunt
1511 5310 1814 5378 Matthzcus,

210 5391 455 5457 Marcus,
509 5391 694 5445 Lucas
745 5400 799 5447 et
849 5392 1115 5459 Joannes;
1144 5398 1811 5467 secundus,_apost0licus,

207 5479 262 5534 in
297 5497 415 5551 quo
449 5489 593 5538 sunt
627 5481 824 5538 Paulus
857 5483 912 5539 in
950 5487 1356 5553 quattuordecim
1399 5490 1676 5560 Epistolis,
1716 5492 1816 5549 Pe-

208 5578 329 5626 trus
359 5573 418 5627 in
452 5571 698 5639 duabus,
727 5572 959 5631 Joannes
993 5575 1046 5630 in
1081 5576 1270 5642 tribus,
1319 5577 1550 5636 Jacobus
1577 5591 1628 5636 et
1654 5582 1818 5639 Judas

209 5660 264 5714 in
313 5663 606 5735 singulis;
666 5664 831 5721 Actus
882 5667 1282 5737 apostolorum,
1342 5681 1396 5726 et
1446 5672 1815 5746 Apocalypsis.

211 5750 448 5810 Summa
487 5763 679 5811 autem
708 5759 989 5829 utriusque
1025 5761 1352 5818 Testamcnti
1392 5764 1581 5824 divisio
1614 5767 1820 5826 trifarie

1974 1936 2269 1991 Leviticus.

1970 2029 2213 2084 Numeri.

1974 2121 2468 2181 Deuteronomium.

2189 2233 2250 2288 ll.
2279 2231 2681 2300 Prouhelarum,
2710 2234 2764 2288 in
2784 2250 2886 2306 quo
2905 2245 3026 2290 sunt
3061 2233 3204 2292 libri.

1972 2329 2098 2385 Jesu
2127 2327 2295 2383 Nave.

1978 2418 2250 2478 Judlcum.

1978 2507 2195 2562 Samuel
2216 2507 2282 2560 ιι.
2323 2505 2325 2507 ’

1979 2597 2267 2652 Malachim
2295 2596 2360 2656 ll.

1978 2689 2168 2744 Isaias.

1977 2777 2266 2842 Jeremias.

1980 2871 2258 2940 Ezechiel.

1980 2961 2274 3017 Duodecim
2311 2963 2722 3032 prophetarum.

2125 3075 2212 3132 Ill.
2241 3075 2735 3147 Hagiographorum
2755 3117 2770 3144 ,
2800 3077 2855 3130 in
2875 3092 2976 3148 quo
2997 3086 3117 3132 sunt
3144 3075 3283 3131 libri.

1980 3164 2098 3222 Job.

1981 3259 2322 3314 Psalterium.

1979 3348 2420 3405 Proverbiorum.

1982 3440 2358 3496 Ecclesiastes.

1982 3528 2205 3584 Cantica
2230 3531 2590 3586 canticorum.

1985 3620 2194 3674 Daniel.

1983 3709 2451 3780 Paralipomenon.

1983 3800 2172 3855 Ezras.

1980 3891 2196 3948 Esther.

1908 4003 1996 4061 ιν.
2043 4005 2353 4075 Librorum,
2401 4011 2490 4081 qui
2533 4009 2972 4081 in_Hebnroru’m
3009 4032 3209 4070 ratione
3251 4033 3354 4071 non
3396 4021 3496 4072 ha-

2595 4079 2794 4138 ‘tenmr.

1980 4145 2280 4216 Sapientia.

1982 4236 2442 4293 Ecclesiasticum.

1990 4325 2147 4380 Tobi.

1987 4414 2196 4471 Iudith.

1983 4505 2413 4562 Machabaeorum
2449 4509 2571 4564 libri
2610 4527 2668 4565 ll.

2197 4597 2342 4654 Ordo
2369 4602 2716 4672 evangelici“,
2749 4605 2800 4658 in
2826 4621 2925 4675 quo
2947 4615 3065 4659 sunt
3091 4605 3231 4664 libri.

1992 4690 2296 4748 Mattbreus.

1991 4780 2224 4837 Marcus.

1991 4872 2184 4928 Lucas.

1991 4959 2248 5017 Joannes.

2206 5051 2350 5108 Ordo
2371 5053 2710 5123 apostolicus,
2733 5057 2788 5109 in
2807 5072 2908 5126 quo
2931 5069 3048 5112 sunt
3075 5059 3215 5116 libri.

2439 5141 2600 5198 Pauli
2619 5145 2847 5214 epistolw
2870 5163 2976 5200 xxv.

1991 5231 2069 5284 Ad
2103 5232 2372 5288 llonmnos
2403 5252 2439 5288 l.

1992 5319 2071 5374 Ad
2099 5319 2408 5377 Corinthios
2437 5339 2493 5378 ll.

1931 5402 1933 5404 ’
1992 5407 2070 5462 Ad
2099 5408 2317 5466 Galatas
2348 5431 2384 5466 ι.

1994 5499 2074 5554 Ad
2114 5501 2372 5572 Ephesios
2409 5522 2445 5558 ι.

1995 5590 2074 5642 Ad
2103 5591 2472 5660 Philippenscs
2506 5609 2543 5646 ι.

1995 5683 2076 5736 Ad
2107 5683 2450 5738 Colossenses
2483 5701 2520 5737 ι.

1997 5772 2075 5826 Ad
2107 5772 2612 5840 Thcssalonicenses
2643 5791 2703 5830 ιι.
