4046 6442
534 357 637 410 307

603 469 685 523 Ad
710 466 1052 521 Timotheum
1088 480 1148 517 ιι.

601 561 682 614 Ad
711 559 891 613 Titum
918 575 956 612 ι.

599 654 679 708 Ad
707 650 1075 706 Philemonem
1109 664 1147 705 ι,

598 745 681 799 Ad
711 741 966 808 Hebraaos
991 757 1030 800 ι,

600 833 748 891 Petri
771 849 834 889 ιι.

598 923 786 980 Jacobi
828 940 867 976 ι.

598 1014 824 1071 Joannis
854 1030 937 1075 ιιι,

597 1105 748 1160 Judte
777 1122 818 1162 ι.

599 1198 764 1250 Actus
795 1193 1176 1264 apostolorum.

599 1284 967 1356 Apocalypsis.
1285 1350 1325 1404 ῃ

527 1483 723 1525 VERSUS
779 1480 1005 1528 PRAEFIXI
1069 1479 1225 1518 ελεγι
1280 1473 1306 1500 ⁸
1363 1475 1664 1524 CllRONlCO,
1725 1472 1862 1522 QUOD
1919 1470 2111 1511 BIBLIIS

1090 1547 1360 1589 ADIECTUM
1396 1547 1543 1586 FUIT.

526 1648 740 1706 Codicis
769 1647 928 1718 hujus
949 1661 1085 1716 opus
1111 1643 1310 1699 struxit
1335 1640 1667 1696 Theodulfus
1697 1655 1884 1695 amore

597 1737 767 1802 Illius,
793 1736 881 1791 hic
909 1734 1063 1804 cujus
1089 1734 1174 1788 lex
1204 1732 1484 1788 benedicta
1509 1741 1681 1786 tonat.

526 1828 659 1884 Nam
681 1827 816 1882 foris
851 1828 954 1882 hoc
983 1825 1232 1896 gemmis,
1268 1838 1400 1877 auro
1433 1822 1758 1891 splendescit
1795 1831 1850 1876 et
1877 1828 2045 1880 ostro,

597 1915 972 1987 Splendidiore
1007 1924 1189 1970 tamen
1221 1914 1366 1967 intus
1402 1913 1609 1966 honore
1638 1913 1821 1965 micat.

527 2011 643 2077 Quo
669 2018 792 2079 post
819 2008 1099 2067 catholica:
1134 2006 1439 2063 veneranda
1468 2005 1742 2059 volumina
1768 2004 1902 2074 legis

597 2099 770 2153 Parva
801 2106 952 2153 tenet
975 2097 1247 2154 modicum
1270 2095 1494 2166 scriptio
1522 2108 1683 2148 cerne
1708 2093 1906 2148 locum.

525 2187 747 2242 Scilicet
775 2186 929 2242 initio
953 2202 1174 2244 sumens
1199 2186 1420 2242 exordia
1447 2186 1516 2240 ab
1543 2185 1683 2254 ipso,

595 2277 701 2333 Per
727 2286 945 2347 patrum
974 2285 1030 2332 et
1064 2292 1252 2348 regum
1279 2265 1499 2332 nomina
1527 2277 1662 2330 texit
1688 2289 1842 2344 opus.

524 2369 595 2424 Et
621 2377 773 2423 notat
802 2382 1067 2422 annorum
1103 2381 1409 2432 numerum,
1435 2373 1589 2420 notat
1612 2365 1803 2420 ordine
1822 2379 2010 2436 regna,

594 2458 806 2514 Heracli
834 2459 1107 2530 princeps,
1142 2464 1352 2526 tempus
1381 2457 1450 2512 ad
1479 2470 1652 2526 usque
1681 2465 1856 2510 tuum.

521 2549 794 2620 Gestaque
822 2549 914 2605 dat
932 2548 1122 2619 paucis
1149 2547 1424 2602 reminisci
1451 2546 1682 2616 plurima
1711 2545 1892 2602 verbis
1917 2565 1931 2599 ι

599 2640 691 2696 Sic
717 2641 930 2696 modico
960 2641 1013 2694 in
1036 2647 1170 2693 nutu
1199 2637 1403 2708 grande
1428 2645 1651 2692 notatur
1673 2652 1830 2707 Opus.

455 2719 462 2724 ’
524 2731 664 2788 Hinc
698 2732 958 2802 adaperta
998 2730 1189 2786 sedent
1219 2729 1458 2786 Hebrzeze
1483 2729 1700 2784 nomina
1727 2728 1942 2800 linguae,

597 2826 727 2894 Quae
750 2839 920 2880 sacra:
948 2823 1144 2894 linguae
1174 2823 1410 2892 inclytus
1435 2837 1565 2876 usus
1598 2822 1779 2876 habet.

525 2919 703 2973 Attica
730 2923 853 2987 post
887 2915 1147 2980 resident,
1191 2913 1313 2968 fidei
1343 2929 1464 2983 qua:
1489 2913 1671 2983 prisca
1692 2921 1938 2968 vetustas

603 3007 846 3063 Contulit
878 3006 1131 3062 Ecclesiae
1161 3005 1317 3077 queis
1347 3006 1652 3060 vocitantur
1679 3019 1826 3079 opes.

526 3097 824 3154 Conficitur
855 3097 1011 3152 Latio
1041 3096 1107 3151 de
1134 3095 1352 3150 nomine
1382 3095 1571 3150 silvula
1601 3110 1786 3164 parva,

599 3187 729 3256 Quae
757 3187 936 3259 magni
967 3186 1175 3242 fructus
1202 3185 1439 3256 pondera
1475 3185 1636 3254 digna
1661 3185 1828 3245 vehit.
1864 3217 1867 3221 -

527 3268 769 3352 corpore
795 3281 894 3336 sub
917 3295 1086 3351 parvo
1115 3279 1373 3350 mysteria
1403 3294 1598 3349 magna
1624 3285 1917 3334 retentant.

599 3373 694 3428 ﬂre
722 3386 829 3438 res,
858 3387 994 3442 quas
1025 3372 1182 3427 limes
1207 3371 1411 3426 codrers
1438 3371 1598 3439 hujus
1635 3369 1856 3433 habent.

526 3463 625 3520 His
652 3463 871 3518 fluvium
897 3463 1032 3535 legis
1052 3463 1252 3532 poterit
1278 3463 1512 3517 lustrare
1547 3461 1803 3526 lucernis,

601 3556 858 3624 Quaerere
887 3557 979 3626 qui
1005 3556 1181 3626 pisces
1205 3554 1341 3623 legis
1365 3555 1418 3609 in
1455 3569 1614 3609 amne
1643 3555 1811 3625 cupit.

529 3646 756 3701 Retibus
782 3645 868 3700 bis
891 3644 1093 3715 poterit
1117 3643 1408 3714 pretiosam
1439 3643 1718 3716 prmndere
1744 3645 2001 3715 praedam,

603 3738 708 3792 Ars
729 3747 812 3792 est
842 3737 925 3792 cui
956 3737 1011 3793 in
1041 3746 1229 3791 sancta
1257 3752 1503 3805 quaerere
1529 3737 1646 3807 lege
1673 3738 1878 3793 cibum.

535 3827 654 3884 Non
683 3827 979 3897 bas,lector
1001 3842 1170 3894 ovans
1199 3828 1352 3896 quasi
1383 3828 1630 3896 quiedam
1657 3828 1783 3882 vilia
1811 3811 1987 3883 tcuﬁie
2014 3848 2029 3896 ς

603 3918 737 3972 Vilis
765 3932 878 3971 rem
915 3915 1194 3986 pulchram
1225 3932 1387 3986 capsa
1429 3925 1611 3971 tenere
1635 3916 1794 3973 solet.

530 4009 729 4064 Ferrea
757 4022 881 4061 nam
903 4006 1091 4072 clavis,
1125 4008 1192 4063 de
1231 4007 1323 4061 vili
1354 4007 1495 4062 facta
1522 4008 1761 4073 metallo,

602 4097 824 4168 Argenti
863 4106 1025 4166 atque
1050 4096 1169 4150 auri
1200 4095 1292 4149 dat
1318 4104 1604 4164 penetrare
1637 4095 1837 4158 locum,

533 4189 771 4258 Quaeque
803 4197 885 4242 est
912 4186 1150 4240 servanti
1181 4199 1275 4239 seu
1307 4186 1519 4238 sarcina
1546 4199 1709 4255 parva
1741 4183 1954 4250 ferenti,

603 4281 722 4348 Quo
745 4279 924 4350 gravis
953 4285 1037 4332 est
1063 4276 1219 4346 pretii
1250 4275 1464 4330 sarcina
1493 4282 1758 4329 monstrat
1787 4275 1908 4328 iter.

531 4369 644 4425 Nec
675 4369 771 4422 tibi
801 4367 1120 4435 displiceant
1117 4366 1404 4444 )quoniam
1430 4373 1556 4420 sunt
1581 4379 1810 4434 corpore
1836 4371 2024 4434 parva;

605 4456 864 4527 Tegmine
887 4456 986 4508 sub
1013 4469 1181 4522 parvo
1212 4453 1448 4520 pondera
1475 4465 1666 4520 magna
1690 4451 1877 4506 latent.

535 4546 672 4601 Nam
703 4544 930 4598 modicis
965 4542 1132 4596 clavis
1165 4543 1383 4611 grandis
1410 4550 1681 4596 structura
1711 4550 1940 4606 tenetur,

608 4625 878 4692 Marcu’lus
905 4642 960 4689 et
987 4649 1186 4704 parvus
1216 4648 1412 4704 magna
1443 4635 1658 4690 metalla
1686 4637 1839 4705 polit.

538 4728 630 4784 Sic
657 4734 868 4798 segetes
890 4741 1100 4797 magna:
1137 4736 1434 4781 nascuntur
1457 4729 1660 4782 semine
1689 4744 1876 4798 parvo,

609 4815 826 4871 Pondus
853 4823 908 4870 et
931 4815 1217 4870 arboreum
1248 4815 1488 4884 germine
1512 4817 1682 4885 deque
1711 4818 1833 4870 levi.

540 4907 804 4962 Obstrusa
833 4905 1098 4975 aperiunt,
1133 4905 1478 4974 panduntque
1501 4905 1720 4961 latentia
1749 4906 1922 4974 plura,

614 5054 646 5112 -_
668 5040 924 5112 Chronico
961 5041 1098 5112 quod
1122 5041 1383 5111 adjectum
1415 5053 1511 5098 est.
1559 5041 1881 5110 Superiores
1929 5059 2120 5099 versus

543 5109 820 5196 inlrome,
860 5111 914 5165 hi
946 5109 1009 5164 ad
1035 5109 1238 5196 calcem
1267 5109 1680 5196 codicis-positi,
1705 5114 1906 5196 quibus
1930 5129 2117 5168 eorum

543 5181 828 5252 utilitatem
869 5182 1230 5252 commendat,
1267 5198 1385 5252 quae
1426 5181 1614 5237 Bibliis
1654 5181 1812 5251 adjici
1861 5183 2118 5252 jusserat,

546 5249 869 5304 Chronicum
901 5251 1148 5306 videlicet
1196 5249 1404 5314 lsidori,
1449 5261 1503 5306 et
1527 5249 1841 5320 opusculum
1863 5249 2120 5308 Eucherii

547 5321 612 5372 de
640 5320 1080 5388 interpretatione
1111 5320 1493 5374 Hebraicorum
1521 5323 1795 5376 nominum
1825 5333 1876 5376 et
1904 5323 2117 5377 Gnaeo-

548 5404 686 5446 rum.
711 5404 833 5442 cum
865 5390 1037 5456 clave,
1080 5399 1141 5443 ut
1190 5391 1457 5445 nonnullis
1487 5392 1662 5446 visum
1710 5401 1812 5455 est,
1854 5391 2118 5446 Melitonis

549 5459 782 5527 cpiscOpi
823 5459 1126 5513 Sardensis.

623 5528 651 5568 ιι
680 5527 744 5582 1η
777 5528 860 5582 die
899 5527 1224 5581 Palmarum.
1258 5529 1314 5582 ln
1363 5544 1458 5582 ore
1491 5530 1729 5583 omnium
1764 5538 1845 5583 est
1875 5531 1976 5583 hoc
2001 5545 2119 5584 car-

553 5613 697 5663 men,
726 5600 820 5652 sed
844 5599 1087 5650 mutilum
1126 5597 1384 5651 hactenus
1431 5607 1485 5651 ct
1529 5600 1860 5660 inchoatum,
1905 5599 2118 5666 plenum

554 5669 803 5737 deinceps
832 5677 991 5737 atque
1032 5667 1296 5737 integrum
1333 5669 1443 5722 exit
1470 5669 1520 5721 in
1551 5668 1742 5723 lucem.
1769 5669 1919 5736 Apud
1947 5668 2123 5723 Ande-

556 5754 720 5807 gavos
742 5735 1002 5803 scriptum
1055 5735 1219 5792 fuisse
1249 5755 1335 5793 res
1360 5739 1615 5808 loquitur,
1640 5747 1695 5794 et
1721 5735 1988 5794 Ludovico
2030 5738 2124 5795 Pio

1540 347 1905 402 TllEODlJLF
1912 347 1929 400 ι
1969 345 2008 400 A
2021 340 2527 401 URELIANENSIS
2564 341 2776 396 EPlSC.

2135 457 2188 517 Α
2281 452 2562 520 Parvaque
2604 451 2844 507 velamen
2891 449 3099 522 virgula
3155 449 3282 521 [.lls.
3341 451 3516 516 Colb.,
3569 455 3801 526 ungula]

3684 319 3797 398 30s

3266 539 3494 610 [grande
3530 542 3691 597 levat.

2207 633 2460 703 Quosque
2485 640 2668 688 tenent
2693 631 2853 686 ﬂores
2877 631 3135 686 librorum
3175 633 3398 702 grandia
3431 643 3611 704 prata,

2281 725 2358 778 En
2394 723 2554 778 simul
2580 723 2670 778 hic
2697 722 2942 777 calathus
2970 723 3065 777 dat
3090 723 3206 788 tibi,
3238 739 3402 792 carpe
3438 741 3624 781 manu.

2209 814 2376 881 Utere
2401 829 2494 868 seu
2518 811 2665 877 felix,
2690 829 2796 883 quo
2827 811 2936 883 [Id.
2974 829 3097 877 ms.,
3131 813 3212 886 ut]
3244 816 3319 870 sis
3350 814 3559 872 felicior
3587 818 3726 888 ipse.

2279 906 2416 962 Cum
2445 915 2536 960 tua
2567 915 2852 977 perpetuas
2882 906 2991 960 vita
3025 917 3269 976 capesset
3299 924 3452 979 opes.

2209 998 2274 1055 Et
2311 1011 2518 1051 memor
2550 1012 2671 1051 esse
2695 997 2799 1050 mei
2831 997 3051 1068 dignare
3089 1012 3187 1067 per
3209 1001 3390 1054 omnia
3413 1016 3620 1070 quaeso,

2279 1095 2414 1146 Dum
2443 1092 2574 1162 regis
2597 1100 2651 1146 et
2679 1091 2890 1162 relegis,
2923 1093 3157 1163 dumque
3187 1094 3305 1149 adis
3327 1095 3471 1150 istud
3500 1112 3656 1167 opus.

2209 1183 2454 1252 Dumque
2476 1183 2593 1238 adis
2620 1183 2764 1238 istud
2800 1199 2954 1253 opus,
2981 1185 3124 1253 quod
3149 1187 3396 1242 condidit
3418 1188 3561 1244 actio
3584 1201 3803 1258 nostra,

2283 1273 2580 1329 Mercedem
2611 1274 2772 1329 studii
2800 1283 2856 1328 tu
2881 1275 3012 1329 mihi
3041 1276 3206 1330 redde
3243 1277 3371 1332 mei.

2209 1363 2360 1426 Hanc
2390 1381 2521 1435 rogo
2543 1365 2845 1420 mercedem
2870 1381 2969 1436 pro
2997 1379 3085 1420 me
3114 1367 3346 1436 deposce
3371 1369 3690 1437 Tonantem,

2284 1457 2351 1512 L't
2373 1458 2504 1512 mihi
2530 1457 2620 1512 det
2642 1458 2876 1522 veniam,
2904 1472 2998 1512 seu
3026 1458 3148 1526 pius
3173 1458 3336 1514 addat
3361 1475 3543 1528 opem,

2209 1547 2382 1603 Noxia
2407 1546 2655 1616 depellat,
2687 1547 2948 1602 concedat
2972 1545 3236 1617 prospera
3259 1563 3506 1620 qumque,

2280 1638 2604 1707 Participem
2634 1646 2688 1692 et
2717 1637 2880 1692 faciat
2908 1637 3017 1690 vita
3043 1638 3200 1692 beata
3229 1637 3346 1692 tibi.

2209 1728 2510 1798 Componat
2546 1743 2745 1793 mores,
2777 1729 2957 1783 firmet
2981 1744 3152 1798 spem,
3185 1730 3422 1798 corrigat
3451 1739 3628 1797 actus,

2137 1811 2185 1870 Β
2280 1819 2456 1888 Atque
2483 1821 2677 1872 animm
2705 1818 2952 1873 adveniat
2983 1819 3086 1873 hoc
3114 1819 3382 1874 tribuente
3409 1820 3576 1876 salus.

2212 1909 2393 1979 thue
2417 1909 2491 1964 ita
2515 1922 2602 1963 me
2625 1909 2863 1963 clemens
2887 1909 3200 1978 peccamine
3224 1921 3416 1981 purget
3443 1912 3510 1970 ab
3530 1913 3706 1981 omni,

2283 1999 2354 2057 Ut
2384 1999 2517 2055 mihi
2551 2008 2675 2068 post
2711 2008 2944 2054 mortem
2975 1999 3063 2055 det
3092 2015 3253 2070 super
3287 2010 3432 2056 astra
3467 2003 3668 2060 locum.

2211 2090 2454 2146 Coetihus
2479 2088 2739 2160 angelicis
2767 2098 2822 2143 et
2840 2087 3057 2160 jungat,
3087 2107 3312 2146 munere
3337 2091 3494 2160 cujus

2284 2182 2484 2247 Terrea
2512 2180 2799 2253 progenies
2824 2182 3034 2236 scandit
3059 2183 3124 2237 ad
3153 2192 3298 2238 astra
3321 2186 3448 2254 poli.

2842 2272 3156 2331 Distichum.

2212 2365 2344 2420 Vive
2369 2365 2479 2419 Deo
2503 2363 2630 2420 felix
2658 2380 2755 2435 per
2781 2365 3010 2435 plurima
3042 2375 3304 2436 tempora,
3337 2367 3528 2436 lector,

2280 2453 2562 2510 Theudulfi
2590 2470 2690 2510 nec
2717 2455 2792 2510 sis
2815 2454 3100 2509 immemor
3123 2470 3220 2510 oro
3249 2455 3347 2509 tui.

2915 2544 3097 2598 Aliud.

2211 2637 2362 2694 Finis
2384 2640 2537 2693 adest
2555 2637 2726 2706 operi,
2760 2637 2846 2692 his
2865 2638 3059 2707 quibus
3080 2646 3164 2694 est
3186 2641 3566 2710 peragentibus
3590 2650 3805 2708 actum,

2285 2726 2368 2790 Sit
2399 2741 2522 2798 pax,
2551 2728 2684 2791 vita,
2725 2726 2892 2791 salus,
2921 2734 2977 2781 et
3007 2727 3130 2794 tibi,
3156 2727 3344 2794 lector,
3371 2744 3492 2785 ave.

2961 2845 3048 2901 Ill.

2212 2955 2410 2996 VERSUS
2445 2956 2600 2996 FACTI
2643 2957 2712 2995 UT
2755 2958 2785 2995 A
2823 2956 3010 2995 PUERIS
3050 2941 3079 2980 δ
3117 2956 3170 2994 IN
3218 2956 3304 2996 DIE
3345 2955 3628 2999 PALMARUI
3667 2957 3808 2996 CAS-

2847 3026 3155 3065 TARENTL'R.

2214 3100 2417 3164 Gloria,
2444 3099 2560 3156 laus
2582 3108 2638 3155 et
2661 3101 2835 3154 honor
2864 3101 2958 3156 tibi
2987 3101 3073 3163 sit,
3108 3115 3200 3154 rex
3226 3099 3437 3154 Christe
3467 3099 3804 3176 redemptor,

2138 3161 2183 3224 (ἶ
2284 3191 2380 3246 Cui
2406 3161 2617 3262 puerile
2644 3193 2808 3247 decus
2834 3161 3096 3264 prompsit
3126 3191 3367 3245 hosanna
3399 3193 3571 3262 pium.

2212 3279 2380 3336 Israel
2407 3295 2468 3334 es
2495 3289 2550 3334 tu
2583 3295 2699 3344 rex,
2741 3281 2960 3335 Davidis
2985 3289 3040 3334 et
3065 3280 3264 3351 inclyta
3289 3281 3490 3350 proles,

2284 3369 2510 3426 Nomine
2535 3371 2626 3440 qui
2660 3371 2712 3424 in
2755 3371 2988 3436 Domini,
3018 3386 3112 3426 rex
3134 3371 3444 3437 benedicte,
3474 3373 3651 3429 venis.

2213 3461 2398 3518 Ctetus
2423 3462 2474 3516 in
2499 3462 2729 3517 excelsis
2759 3471 2812 3518 te
2836 3462 3018 3518 laudat
3043 3464 3263 3519 cmlicus
3284 3464 3486 3529 omnis,

2285 3553 2352 3616 Et
2379 3553 2624 3608 mortalis
2646 3556 2827 3620 homo,
2857 3564 2911 3608 et
2941 3564 3135 3610 cuncta
3163 3563 3347 3609 creata
3374 3553 3558 3608 simul.

2214 3642 2372 3698 Plebs
2401 3644 2620 3699 Hebrzea
2653 3645 2749 3700 tibi
2779 3661 2899 3700 cum
2925 3645 3115 3714 palmis
3142 3644 3299 3698 obvia
3324 3645 3501 3710 venit;

2284 3733 2416 3788 Cum
2452 3751 2631 3804 prece,
2672 3743 2815 3799 voto,
2848 3735 3060 3806 hymnis
3089 3729 3345 3789 adsumiis
3372 3749 3500 3789 ecce
3530 3735 3648 3790 tibi.

2215 3820 2282 3882 Hi
2313 3822 2411 3876 tibi
2439 3838 2671 3891 passuro
2700 3823 2980 3877 solvebant
3009 3824 3188 3883 munia
3211 3823 3406 3887 laudis,

2285 3912 2392 3967 Nos
2416 3913 2510 3966 tibi
2537 3915 2788 3984 regnanti
2817 3915 3104 3983 pangimus
3131 3929 3259 3970 ecce
3283 3915 3471 3969 melos.

2216 4001 2280 4056 Hi
2308 4002 2557 4072 placuere
2590 4002 2704 4067 tibi,
2735 4003 2947 4071 placeat
2969 4004 3183 4058 devotio
3208 4014 3414 4068 nostra,

2287 4090 2400 4145 Rex
2433 4091 2540 4161 pie,
2573 4107 2666 4145 rex
2693 4093 2946 4157 clemens,
2976 4095 3060 4148 cui
3091 4095 3228 4148 bona
3257 4104 3448 4149 cuncta
3476 4095 3718 4166 placent.

2215 4181 2438 4238 Fecerat
2461 4183 2716 4238 Hebraeos
2740 4185 2837 4238 bos
2861 4184 3028 4254 gloria
3059 4187 3337 4256 sanguinis
3361 4185 3473 4247 alti,

2286 4275 2395 4330 Nos
2425 4273 2553 4338 facit
2575 4275 2828 4336 Hebrseos
2857 4277 3120 4330 transitus
3147 4293 3272 4330 ecce
3296 4277 3436 4346 pius.

2216 4364 2418 4436 Inclyta
2443 4367 2673 4420 terrenis
2701 4367 2962 4421 transitur
2989 4368 3056 4420 ad
3079 4369 3280 4421 aethera
3310 4368 3488 4422 victis.

2291 4458 2476 4511 Virtus
2503 4474 2533 4510 a
2558 4457 2705 4512 vitiis
2729 4475 2829 4512 nos
2854 4458 3000 4526 capit
3029 4457 3168 4512 alma
3198 4460 3371 4514 tetris.

2222 4546 2470 4618 Nequitia
2502 4548 2672 4604 simus
2697 4550 2869 4619 pueri,
2897 4551 3096 4604 virtute
3120 4551 3270 4614 victi,

2292 4638 2443 4705 Quod
2474 4649 2695 4694 tenuere
2716 4650 2917 4710 patres,
2951 4642 3015 4693 ila
3047 4650 3322 4694 teneamus
3352 4643 3476 4694 iter.

2222 4729 2632 4799 Degeneresque
2655 4739 2867 4800 patrum
2895 4747 2962 4784 ne
2990 4731 3161 4784 simus
3188 4732 3253 4785 ab
3281 4739 3396 4784 arte
3421 4730 3658 4798 piorum,

2295 4819 2401 4873 Nos
2427 4829 2516 4874 tua
2541 4828 2662 4890 post
2689 4821 2805 4875 illos
2834 4822 3004 4892 gratia
3036 4830 3221 4875 sancta
3253 4821 3431 4874 trahat

2219 4909 2300 4964 Tu
2326 4911 2446 4980 pius
2480 4926 2750 4974 ascensor,
2783 4921 2906 4970 tuus
2929 4919 2982 4964 et
3020 4926 3117 4966 nos
3148 4910 3317 4965 simus
3342 4910 3540 4965 asellus

2221 5051 2477 5112 regnante
2505 5042 2778 5102 conditum
2824 5041 3116 5112 scriptores
3157 5043 3519 5096 consentiunt.
3572 5041 3804 5112 Atquia

2222 5111 2380 5182 hujus
2408 5112 2663 5182 carminis
2692 5111 2936 5182 meminit
2972 5112 3230 5166 Alcuinus
3257 5113 3322 5166 de
3357 5113 3553 5167 divinis
3582 5111 3795 5174 ciliciis,

2223 5180 2341 5251 cap.
2376 5181 2464 5242 14,
2496 5189 2549 5232 ct
2572 5180 2857 5251 Alcuinum
2896 5191 3102 5236 certum
3146 5192 3229 5236 est
3267 5183 3332 5239 ad
3378 5182 3632 5235 Ludovici
3665 5190 3806 5234 tem-

2223 5249 2354 5318 pora
2390 5265 2496 5302 non
2535 5249 2859 5317 pervenisse,
2905 5251 3038 5305 satis
3088 5251 3212 5305 hinc
3255 5252 3558 5318 argumenti
3602 5252 3806 5304 habere

2225 5293 2324 5373 sibi
2354 5293 2698 5388 nuper-ivisus
2723 5329 2807 5373 est
2831 5293 2912 5374 vir
2934 5322 3122 5375 doctus
3151 5331 3210 5374 ut
3249 5337 3278 5374 a
3319 5293 3628 5374 ς’Πιροιιιιιΐο
3653 5335 3807 5372 com-

2225 5391 2456 5458 positum
2502 5390 3050 5458 negaret.'C:I:terum
3099 5391 3228 5457 quin
3279 5390 3557 5444 Theodulti
3615 5403 3808 5458 revera

2225 5457 2348 5513 sunt
2382 5459 2452 5542 ,Ιιὶ
2501 5457 2687 5542 versus
2717 5461 3010 5542 ambigere,
3049 5471 3107 5512 nt
3134 5461 3236 5514 alia
3265 5461 3477 5542 .desint,
3515 5476 3630 5540 non
3666 5457 3808 5537 licet

2226 5540 2347 5598 post
2382 5529 2515 5598 Lupi
2562 5527 2922 5584 Ferrariensis
2963 5547 3076 5584 aevo
3127 5531 3356 5598 proximi
3405 5527 3804 5587 testimonium,

2228 5600 2316 5667 qui
2344 5602 2542 5654 diserte
2563 5600 2660 5654 hos
2685 5600 2757 5653 illi
2781 5601 2972 5654 asserit
3000 5601 3222 5669 epistola
3250 5600 3338 5654 20.
3373 5599 3592 5669 Librum
3621 5607 3806 5669 autem

2232 5665 2378 5723 illum
2429 5670 2494 5723 de
2541 5670 2733 5724 divinis
2762 5670 2972 5734 Ofﬁciis
3002 5665 3209 5724 Alcuini
3262 5686 3366 5725 non
3397 5685 3517 5724 CSsc
3557 5666 3670 5736 jam
3715 5665 3805 5718 alii

2232 5741 2601 5795 observarunt.
