4046 6452
261 331 350 394 599
1539 315 1863 374 CARMINA.
1905 311 2030 366 LIB.
2073 311 2136 369 ιι.

1833 438 1884 498 Α

325 445 510 500 Tecum
539 451 635 492 nos
659 435 837 508 capiat
859 435 988 490 urbs
1011 434 1315 489 veneranda
1335 435 1448 490 Dei.

265 535 424 594 Vestis
455 527 758 598 apostolica:
781 527 941 580 rutilo
969 525 1172 596 fulgore
1194 537 1460 595 tegamur,

230 631 232 633 ’
325 625 393 680 Te
419 624 549 678 bene
575 626 718 674 tecta
747 629 805 672 ut
830 633 892 671 ea
914 626 1098 672 nostra
1131 625 1348 672 caterva
1371 618 1547 677 vehat.
1628 612 1632 620 ’

263 716 496 786 Tegmina
523 713 601 766 sic
630 712 822 764 anima:
848 720 1152 765 sternamus
1175 725 1398 779 corpora
1435 717 1639 774 nostra,

323 808 430 873 Quo
458 817 552 872 per
579 817 679 856 nos
702 816 916 870 semper
935 802 1005 856 sit
1024 803 1108 855 via
1133 809 1246 855 tuta
1275 802 1390 856 tibi.

261 901 332 955 Sit
359 897 437 967 pia
465 909 560 964 pro
589 893 778 962 palmae
801 893 956 948 nobis
982 893 1208 947 victoria
1232 893 1418 958 ramis,

323 987 382 1042 Ut
413 983 502 1038 tibi
525 983 732 1038 victrici
759 981 898 1037 forte
917 996 1176 1036 canamus
1213 983 1308 1036 ita.

257 1078 505 1144 Castaque
526 1090 624 1144 pro
651 1074 816 1127 ramis
843 1073 1023 1130 salicis
1051 1074 1343 1143 prmcordia
1383 1082 1563 1138 sunto,

316 1165 415 1219 Nos
441 1177 663 1232 operum
693 1162 855 1217 ducat
882 1174 1035 1230 prata
1066 1163 1134 1216 ad
1164 1177 1377 1216 amoena
1405 1163 1573 1217 viror.

254 1257 348 1312 Pro
369 1255 529 1309 ramis
549 1253 678 1308 olea:
695 1254 892 1322 pietas,
925 1253 1015 1307 lux
1043 1255 1341 1324 dogmaque
1368 1255 1543 1309 sancti

313 1346 561 1402 Flaminis
585 1346 638 1399 in
665 1345 821 1399 nobis
847 1346 915 1400 sit
943 1345 1038 1399 tibi
1068 1347 1171 1400 rite
1197 1346 1436 1416 placens.

248 1439 439 1493 Arbore
465 1436 533 1490 de
555 1435 688 1503 legis
712 1435 982 1489 ctedamus
1011 1434 1260 1505 dogmata
1295 1435 1560 1503 quaedam,

313 1527 465 1596 Queis
485 1526 740 1581 veniendi
773 1525 837 1580 ad
862 1542 960 1581 nos
982 1527 1052 1581 sit
1071 1528 1154 1580 via
1190 1535 1300 1581 tuta
1326 1529 1444 1582 tibi.

248 1621 530 1689 Nostraque
557 1619 636 1674 sic
663 1633 901 1688 prtesens
930 1619 1165 1675 celebret
1189 1619 1401 1676 devotio
1431 1621 1644 1687 festum,

305 1711 568 1766 Continuo
593 1718 650 1764 ut
670 1710 884 1764 valeant
911 1725 1087 1765 annua
1118 1711 1252 1767 festa
1281 1713 1455 1781 sequi.

246 1804 424 1860 Urbem
443 1812 498 1858 et
527 1819 652 1859 cum
677 1805 845 1859 ramis
871 1813 926 1861 et
953 1804 1200 1859 laudibus
1228 1805 1366 1860 imus
1386 1806 1453 1859 ad
1482 1805 1661 1870 istam,

305 1893 448 1950 Celsa
474 1894 590 1963 poli
611 1895 818 1949 meritis
844 1894 929 1950 fac
958 1896 1029 1949 ita
1058 1895 1206 1951 adire
1221 1896 1344 1964 piis.

243 1981 373 2037 llanc
398 1983 451 2036 in
475 1997 669 2037 amore
693 1990 786 2038 tuo
812 1984 1094 2039 collectam
1121 1987 1326 2056 respice
1353 1985 1584 2056 plebem,

300 2076 522 2146 Suscipe
551 2087 606 2130 et
639 2077 782 2132 illius
805 2087 928 2132 vota
963 2094 1258 2148 precesque
1294 2079 1485 2134 libens.

239 2166 361 2221 Ecce
392 2169 740 2223 sacerdotum
776 2170 966 2234 turbae,
995 2170 1272 2240 popularis
1295 2178 1350 2224 et
1377 2171 1484 2236 ala,

300 2257 546 2313 Concinit
569 2270 624 2314 et
649 2260 833 2315 laudes
858 2275 1021 2316 sexus
1056 2269 1285 2330 uterque
1313 2263 1429 2317 tibi.

238 2344 368 2411 Quos
394 2349 563 2402 habet
586 2348 890 2419 Andegavis
925 2351 1245 2405 venerabilis
1271 2352 1504 2407 ambitus
1529 2353 1696 2414 urbis,

298 2437 390 2503 Qui
419 2438 508 2507 pia
539 2439 734 2494 devota
765 2439 1004 2494 carmina
1030 2448 1209 2495 mente
1235 2451 1454 2495 canunt.

234 2526 389 2594 Quam
409 2529 679 2584 Meduana
701 2544 921 2584 morans
942 2530 1106 2594 fovet,
1140 2539 1194 2584 et
1225 2530 1382 2602 Liger
1407 2546 1602 2585 aureus
1622 2516 1802 2598 ornat,

295 2617 402 2685 Qua
423 2629 546 2674 rate
573 2635 694 2675 cum
723 2621 842 2676 lazvi
874 2620 1034 2676 Sarta
1067 2621 1450 2689 decorajuvat.

233 2705 414 2779 Fruge,
440 2725 572 2780 ope,
603 2711 882 2777 nundinis,
913 2711 1156 2781 pulchris
1187 2720 1240 2766 et
1267 2713 1426 2767 rebus
1453 2712 1750 2778 abundans,

297 2817 476 2874 Obsita
518 2834 616 2874 seu
664 2820 870 2874 sanctis
899 2826 984 2875 est
1017 2818 1155 2874 bene
1189 2828 1301 2874 tota
1346 2819 1500 2874 locis.

232 2904 378 2962 Plebs
401 2910 555 2965 venit
583 2909 759 2964 Albini
797 2918 981 2965 sancta
1023 2910 1136 2965 haec
1181 2911 1252 2966 de
1290 2911 1418 2966 sede
1458 2911 1622 2978 beati,

296 2996 422 3052 Cum
453 3007 584 3055 voto
608 3009 662 3055 et
693 3001 861 3056 ramis
901 3001 1143 3055 carmina
1171 3002 1329 3070 digna
1363 3002 1566 3064 ferens.

231 3084 420 3157 lllaque
453 3090 715 3160 Baptistae
745 3093 1026 3147 concurrit
1057 3092 1125 3146 ab
1154 3107 1279 3146 arce
1305 3091 1551 3159 Joannis,

293 3182 628 3240 Consocians
656 3185 823 3240 ramis
860 3187 1002 3240 dicta
1040 3201 1237 3240 canora
1281 3186 1411 3241 suis.

231 3267 361 3336 Nec,
401 3273 667 3340 Martiue,
707 3276 906 3330 cohors
935 3284 1022 3330 tua
1065 3276 1239 3331 serior
1277 3277 1419 3331 alme
1446 3278 1703 3343 recurrit,

297 3363 528 3434 Fertque
570 3382 732 3421 manu
762 3383 962 3433 ramos,
992 3376 1171 3422 mente
1208 3377 1264 3422 et
1292 3383 1387 3423 ore
1430 3367 1617 3423 melos.

227 3451 402 3510 Turba
449 3457 730 3512 Saturnini
768 3459 918 3513 venit
948 3459 1032 3514 his
1071 3461 1274 3515 sociata
1319 3459 1495 3523 beati,

291 3544 468 3610 Quam
490 3562 624 3601 crux
663 3556 719 3602 et
749 3548 908 3612 rami,
938 3548 1055 3604 laus
1081 3557 1135 3603 et
1177 3549 1406 3604 adornat
1440 3565 1630 3604 ovans.

225 3633 286 3688 Et
314 3636 478 3690 Petre
509 3636 644 3691 cella
686 3646 778 3692 tuo
807 3640 1040 3694 vocitata
1083 3654 1113 3694 e
1155 3639 1374 3694 nomine
1403 3648 1623 3703 sancto,

289 3724 442 3791 Quos
473 3727 621 3795 quit,
653 3728 720 3781 ad
749 3728 850 3782 hoc
892 3728 1106 3782 laudum
1138 3729 1352 3782 mittere
1383 3729 1545 3798 gestit
1573 3745 1727 3798 opus.

225 3815 449 3888 Sergius
485 3827 536 3872 et
578 3819 829 3889 proprios
877 3828 1086 3892 martyr
1111 3821 1450 3876 venerandus
1478 3821 1725 3878 alumnos

293 3907 462 3962 Mittit
503 3909 569 3964 ad
596 3908 758 3964 ollicii
798 3919 947 3980 gesta
969 3911 1136 3965 beata
1179 3911 1275 3981 pii.

230 3997 320 4054 llis
360 4009 451 4054 tua
483 3999 693 4055 Maurili
732 4002 1080 4073 conjungitur
1127 4003 1270 4057 alme
1308 4011 1558 4068 caterva,

297 4089 362 4143 Et
393 4106 578 4160 prece,
622 4089 798 4156 laude,
830 4107 963 4147 sono
997 4093 1077 4147 sic
1117 4092 1203 4163 pia
1235 4101 1355 4147 vota
1382 4094 1547 4148 cauit.

230 4175 456 4236 Tardior
482 4182 677 4238 Auiani
710 4199 816 4239 non
847 4185 1017 4239 currit
1047 4186 1202 4239 t‘urba
1226 4185 1398 4250 beati,

297 4268 429 4326 Istas
459 4279 520 4325 ut
551 4271 737 4327 laudes
765 4289 859 4327 rex
892 4273 988 4328 tibi
1023 4273 1236 4328 Christe
1277 4283 1453 4329 canat.

231 4356 489 4431 Plebsque
527 4361 822 4418 salutifera:
848 4365 1125 4433 procurrit
1168 4365 1235 4418 ab
1269 4366 1381 4418 aede
1409 4364 1624 4428 Mariae,

297 4451 408 4508 Huc
439 4471 604 4524 quam
630 4457 947 4511 transmittit
969 4472 1104 4527 pons
1130 4457 1391 4511 Meduana
1426 4465 1568 4512 tuus.

230 4542 378 4601 Plebs
411 4564 628 4619 quoque
671 4549 925 4605 Germani
965 4551 1109 4606 venit
1149 4552 1253 4607 huc
1284 4551 1351 4606 de
1385 4551 1512 4607 sede
1552 4552 1736 4622 beati,

295 4635 548 4694 Praesulis
580 4641 796 4705 eximii,
827 4642 1208 4712 pontiﬁcisque
1247 4642 1353 4699 sui.

233 4722 550 4785 Scandimus
591 4745 656 4785 en
705 4739 950 4786 sanctum
984 4733 1260 4788 Michaelis
1303 4736 1370 4789 ad
1402 4735 1539 4790 atria
1571 4735 1797 4800 clivum,

295 4813 504 4873 Christe
535 4828 661 4874 tuus
691 4819 862 4876 dulcis
890 4838 985 4876 nos
1016 4823 1104 4876 ubi
1135 4821 1314 4894 jungit
1350 4840 1524 4879 amor.

232 4904 339 4970 Quo
366 4923 462 4963 sua
514 4910 757 4980 pontifici
799 4911 1057 4982 jungatur
1103 4915 1259 4968 turba
1288 4914 1550 4984 benigno,

297 4997 334 5048 A
379 5001 559 5069 capite
589 5010 644 5055 et
673 5002 930 5057 membris
967 5004 1085 5058 laus
1129 5014 1284 5059 sonet
1312 5005 1413 5060 ista
1455 5007 1585 5060 Deo.

233 5081 360 5141 Hinc
397 5090 486 5157 pia
530 5091 776 5146 Mauricii
815 5094 1097 5150 veniamus
1144 5096 1210 5150 ad
1246 5097 1382 5151 atria
1413 5099 1617 5160 sancti,

298 5174 411 5243 Quo
436 5182 599 5236 simul
624 5190 679 5236 et
722 5183 938 5238 laudum
977 5195 1032 5240 et
1068 5203 1171 5242 vox
1205 5197 1357 5243 sonet
1404 5190 1509 5244 ista
1554 5206 1796 5261 precum.

235 5261 338 5320 lllic
363 5277 418 5322 et
449 5271 624 5326 titulis
656 5287 754 5328 nos
783 5284 958 5328 mater
997 5276 1214 5346 colligat
1248 5293 1352 5332 una
1373 5319 1388 5343 ,

299 5360 424 5426 Qua:
465 5373 629 5432 caput
655 5372 711 5418 et
732 5366 1004 5435 specimen
1044 5367 1198 5422 istius
1226 5369 1376 5424 urbis
1406 5369 1586 5425 habet.

239 5442 424 5505 Nostra
460 5453 550 5507 ubi
597 5470 694 5509 nos
726 5471 855 5526 prex
894 5466 949 5510 et
986 5458 1287 5513 benedictio
1327 5461 1570 5529 praesulis
1609 5472 1765 5517 ornet
1780 5504 1798 5531 ,.

303 5537 433 5595 Cum
479 5543 634 5600 laude
663 5562 726 5602 ac
757 5546 937 5601 mittat
968 5546 1033 5601 ad
1060 5563 1155 5603 sua
1194 5565 1461 5620 quemque
1498 5551 1640 5608 loca.

3375 333 3479 388 510

2642 443 2728 496 IV.

1907 585 1972 621 Ill-3
2011 585 2076 624 ΕΟ
2111 585 2246 632 QUOD
2287 588 2547 628 TE)2PORIS
2585 591 2816 641 STATUS,
2857 595 2925 631 ΕΤ
2963 594 3143 642 ιοςυε,
3182 598 3248 635 ΕΤ
3290 585 3474 649 CAUSA,

2039 654 2107 694 ΕΤ
2148 657 2312 696 Μοτιυ
2382 658 2636 699 ῙΝΩΕΝΙΠΜ
2678 663 3048 703 ΤΒΛΕἸἍΤΟΒΙΒ
3085 667 3339 706 ADJUV'AT.

1909 771 2188 842 Temporis
2216 791 2344 846 ergo
2383 786 2577 845 status,
2611 779 2782 848 locus,
2809 800 2942 838 aura
2972 793 3027 842 et
3053 787 3243 854 motio,
3275 801 3439 861 gestae

1978 860 2103 916 Sive
2141 865 2219 918 rei
2263 867 2452 922 modus
2477 878 2662 938 aptum
2688 872 2905 941 adjuvat
2947 876 3242 946 ingenium.

1909 951 2146 1022 Vespere
2171 953 2418 1028 ﬂorigera
2461 972 2772 1029 peccantem
2812 965 2866 1021 in
2912 968 3038 1022 sede
3069 970 3311 1038 requirit,

1977 1047 2151 1112 Atque
2185 1047 2275 1100 ubi
2303 1049 2375 1115 sit
2401 1052 2601 1121 rogitat
2629 1055 2878 1109 conditor
2904 1058 3050 1111 orbis
3096 1059 3278 1114 herus.

1909 1133 2189 1204 Temporis
2216 1138 2302 1191 hic
2330 1148 2502 1196 status
2528 1152 2630 1208 est,
2661 1144 2764 1198 diei
2802 1147 2926 1215 quia
2958 1147 3074 1203 luce
3105 1150 3313 1215 relicta,

1985 1227 2041 1281 In
2074 1231 2326 1285 tenebras
2373 1235 2546 1289 noctis
2571 1237 2684 1306 jam
2724 1239 2997 1296 revolutus
3031 1251 3170 1297 erat.

1908 1317 2078 1383 Quem
2107 1319 2209 1373 scit
2233 1321 2323 1376 ubi
2371 1325 2586 1391 qmerit,
2627 1329 2752 1396 quia
2789 1346 2895 1384 non
2928 1332 2999 1385 ibi
3043 1342 3268 1388 noverat
3305 1335 3475 1398 illum,

1978 1410 2096 1477 Quo
2122 1413 2260 1468 bene
2290 1426 2559 1486 pratcepto
2591 1418 2832 1487 jusserat
2873 1438 2994 1477 esse
3023 1424 3166 1477 dato.

1909 1501 2133 1559 Nescius
2170 1514 2228 1560 ut
2267 1523 2374 1576 quo
2413 1510 2482 1563 sit
2513 1511 2726 1578 quaerit,
2760 1515 2853 1568 sed
2887 1517 3068 1570 nescio
3099 1518 3330 1574 tandem.

1979 1592 2115 1659 Quid
2147 1596 2362 1650 nescire
2401 1597 2492 1652 Dei
2532 1599 2586 1653 ni
2635 1604 2922 1671 reprobare
2953 1604 3094 1659 velit.

1909 1682 2019 1737 Nec
2046 1685 2225 1740 minus
2267 1686 2472 1742 interea
2522 1690 2768 1759 sapidum
2799 1708 3016 1748 sensum
3057 1695 3188 1750 hora
3223 1696 3480 1766 locusque

1833 1780 1880 1838 Β
1979 1772 2207 1843 Eloquio
2239 1776 2292 1829 in
2323 1792 2480 1833 sacro
2508 1780 2705 1836 dedere
2737 1797 2875 1853 srepc
2902 1786 3092 1839 solent.

1911 1859 2109 1917 Montis
2150 1862 2341 1918 Oliveti
2379 1868 2601 1923 veniens
2626 1870 2693 1924 de
2727 1873 2931 1927 vertice
2960 1873 3225 1940 Christus,

1980 1952 2132 2009 Mane
2167 1953 2298 2008 adiit
2326 1957 2510 2026 templi
2547 1958 2730 2014 limina
2758 1970 2945 2016 sancta
2973 1962 3090 2017 Dei.

1908 2042 2128 2100 Liberat
2153 2044 2387 2100 oblatam
2429 2048 2695 2102 moecham
2731 2048 3012 2106 fallacibus
3048 2052 3174 2118 illis,

1975 2132 2147 2198 Quam
2175 2135 2298 2203 pius
2324 2145 2374 2190 et
2398 2135 2581 2204 justus
2607 2139 2677 2193 sit
2711 2140 2866 2195 docet
2893 2141 3066 2195 almus
3091 2144 3145 2197 in
3177 2145 3278 2198 hac

1906 2219 2042 2275 Nam
2070 2221 2192 2290 pius
2223 2224 2362 2279 hanc
2392 2226 2585 2292 salvat,
2610 2228 2834 2283 damnat
2864 2233 3175 2300 peccamina
3196 2232 3408 2303 justus:

1976 2309 2142 2376 Vade,
2171 2312 2267 2378 ait,
2291 2322 2346 2367 et
2379 2315 2486 2368 noli
2518 2317 2594 2370 nil
2624 2333 2780 2388 mage
2805 2320 2911 2373 tale
2937 2322 3108 2391 sequi.

1907 2399 2058 2456 Mons
2085 2401 2220 2457 oleae
2246 2418 2480 2474 namque
2505 2416 2589 2462 est
2615 2408 2828 2462 Domini
2866 2411 3146 2467 miseratio
3173 2412 3338 2479 celsa,

1974 2492 2093 2560 Quo
2121 2510 2220 2550 uos
2247 2496 2526 2565 inquirens
2548 2500 2693 2554 venit
2720 2502 2788 2556 ab
2820 2517 2947 2558 arce
2975 2505 3115 2572 poli,

1905 2584 2021 2652 Qua
2045 2586 2314 2642 delibutos
2349 2598 2562 2645 recreat
2589 2607 2687 2646 nos
2716 2595 2953 2662 unguine
2979 2605 3190 2663 sancto,

1975 2679 2218 2735 Luminis
2250 2691 2305 2737 et
2344 2684 2532 2738 tribuit
2571 2693 2627 2739 et
2661 2687 2879 2756 pietatis
2903 2704 3082 2759 opem.

1906 2769 2064 2826 Mane
2092 2771 2234 2825 diem
2266 2786 2526 2828 revocans
2559 2776 2779 2831 advenit
2807 2787 2967 2833 nocte
2991 2778 3193 2850 fugata,

1973 2863 2090 2931 Quo
2120 2879 2256 2919 nova
2288 2865 2378 2921 lux
2408 2867 2558 2931 adiit,
2601 2868 2736 2936 legis
2771 2879 2827 2924 et
2857 2872 3047 2926 umbra
3086 2873 3238 2928 abiit.

1906 2955 2059 3026 Srepe
2090 2958 2254 3012 etiam
2286 2973 2477 3014 sensus
2503 2961 2678 3030 aperit
2713 2963 2849 3018 bene
2890 2964 3104 3020 mobilis
3130 2964 3259 3030 aer,‘

1975 3049 2109 3104 Nam
2139 3051 2286 3106 calor
2313 3060 2368 3107 et
2391 3050 2560 3122 frigus
2582 3055 2806 3125 mystica
2837 3055 3003 3111 multa
3029 3065 3268 3112 monent.

1824 3133 1869 3195 (Ζ
1907 3141 2246 3196 Exstiterant
2273 3143 2544 3212 quondam
2573 3144 2805 3216 Solymis
2839 3149 3076 3202 encaenia
3105 3146 3270 3213 facta,

1971 3231 2132 3289 Teste
2168 3234 2283 3289 haec
2312 3233 2590 3304 Scriptura
2617 3237 2734 3291 dira
2759 3239 3037 3307 premebat
3071 3239 3260 3294 hiems.

1899 3323 2121 3392 Frigora
2150 3333 2275 3379 sunt
2311 3326 2505 3381 hiemis
2548 3326 2743 3383 Iudaeae
2777 3330 3048 3385 incredula
3087 3331 3250 3386 corda

1972 3414 2172 3480 Plebis,
2201 3433 2322 3486 quae
2350 3417 2488 3472 (ἰάωί
2524 3419 2670 3473 nuda
2695 3420 2876 3474 calore
2911 3421 3139 3475 inerant.

1904 3505 2018 3559 Hoc
2040 3521 2255 3576 quoque
2285 3508 2456 3579 frigus
2495 3519 2616 3564 erat
2651 3511 2860 3581 geritur
2885 3527 3008 3566 cum
3051 3514 3231 3582 passio
3257 3512 3480 3576 Christi.

1973 3593 2134 3650 Petre
2159 3598 2402 3666 negando
2437 3599 2599 3668 riges,
2627 3599 2760 3653 ﬂens
2786 3592 3072 3654 recalendo
3098 3601 3264 3672 viges.

1907 3681 2092 3738 Sessio
2121 3699 2214 3738 seu
2242 3687 2405 3741 statio
2450 3687 2687 3754 Demini,
2719 3704 2812 3742 seu
2843 3689 3013 3744 motio
3040 3705 3230 3747 sensus

1976 3773 2288 3829 Producunt
2321 3777 2496 3843 vivos,
2531 3793 2654 3836 cum
2678 3779 2814 3833 bene
2841 3780 2954 3834 visa
2987 3791 3223 3836 manent.

1907 3864 2068 3920 Stare
2112 3867 2260 3922 illum
2302 3867 2632 3938 Stephanus,
2665 3871 2878 3927 Marcus
2919 3873 3158 3929 residere
3191 3874 3437 3945 profatur
3466 3895 3479 3930 :

1975 3956 2060 4010 Nil
2093 3957 2183 4011 hic
2209 3958 2483 4014 diversum
2514 3970 2618 4026 est,
2646 3977 2784 4018 unus
2810 3974 3100 4034 utrumque
3125 3968 3281 4036 gerit.

1905 4045 2087 4103 Sessio
2126 4050 2419 4120 regnantis,
2444 4059 2605 4106 statio
2626 4056 2918 4124 pugnantis
2949 4055 3114 4112 habet
3143 4058 3252 4112 vim
3286 4075 3300 4112 :

1972 4141 2078 4197 Pro
2111 4144 2194 4198 his
2230 4152 2451 4215 pugnat,
2483 4146 2622 4215 regit
2663 4147 2780 4212 hos,
2815 4149 3052 4218 complet
3089 4158 3379 4220 utrumque
3411 4153 3484 4204 si-

3242 4236 3408 4307 [muL

1903 4321 2140 4391 Angelus
2169 4321 2311 4377 hanc
2348 4325 2540 4379 stando
2569 4333 2882 4379 nascentem
2911 4326 3132 4381 nuntius
3173 4326 3377 4390 almus,

1976 4413 2237 4483 Huncque
2263 4423 2632 4485 resurgentem
2655 4416 2767 4485 jam
2796 4416 3081 4472 residendo
3107 4419 3270 4472 canit.

1827 4478 1878 4537 Ῑ)
1905 4502 2002 4558 Hic
2027 4478 2384 4576 pugnaturum
2403 4478 2803 4574 ,vregnaturum
2834 4508 3034 4562 indicat
3060 4508 3168 4563 illic
3188 4550 3204 4574 ,

1977 4593 2226 4650 Nascitur
2247 4597 2315 4651 ad
2343 4611 2594 4666 pugnam,
2612 4597 2782 4668 surgit
2801 4597 2867 4652 ad
2893 4598 3197 4667 imperium.

1904 4681 2062 4739 Stare
2091 4694 2173 4738 est
2202 4686 2473 4754 pontificis
2502 4687 2720 4750 summi,
2760 4687 2998 4742 residere
3027 4689 3269 4759 magistri
3297 4707 3312 4743 :

1972 4779 2076 4834 Pro
2105 4779 2258 4833 nobis
2287 4780 2456 4849 patris
2480 4786 2566 4834 est
2605 4769 2800 4844 hostia,
2834 4795 3038 4848 nosque
3071 4782 3246 4836 docet.

1907 4871 2087 4926 Cernit
2122 4870 2299 4924 eundo
2321 4870 2474 4933 duos,
2506 4884 2642 4938 quos
2671 4885 2845 4924 czecos
2873 4871 3064 4924 stando
3092 4881 3343 4927 resanat:

1978 4963 2059 5018 Sit
2101 4962 2332 5016 transire
2360 4961 2613 5026 hominis,
2642 4961 2929 5017 dummodo
2954 4971 3101 5018 stare
3141 4965 3255 5019 Dei.

1906 5054 1964 5107 Si
1997 5053 2188 5107 modus
2213 5053 2266 5106 in
2294 5051 2460 5123 gestis
2488 5051 2699 5106 Domini
2733 5053 3071 5123 aspiciuntur
3092 5063 3147 5109 et
3175 5055 3309 5108 ordo
3331 5094 3345 5116 ,

1975 5144 2200 5214 lncipiet
2227 5159 2419 5198 sensus
2441 5158 2686 5200 crescere
2721 5161 2915 5216 magna
2946 5161 3118 5215 seges.

1905 5233 2145 5302 Denique
2163 5233 2304 5288 celsa
2334 5234 2470 5302 petit
2504 5233 2720 5297 montis,
2753 5235 3029 5289 descendit
3061 5234 3127 5286 ad
3165 5235 3268 5286 ima
3293 5273 3308 5296 ,

1977 5325 2108 5380 Esse
2132 5323 2298 5378 Deum
2325 5339 2382 5379 se
2413 5325 2519 5379 illic
2551 5326 2757 5388 edocet,
2788 5326 2879 5378 hic
2902 5323 3172 5378 hominem

1905 5414 2159 5483 Quosque
2191 5414 2341 5482 prius
2370 5423 2548 5479 sanat,
2593 5414 2772 5478 satiat,
2816 5421 2938 5480 post
2981 5418 3200 5467 nectare
3237 5427 3431 5485 magno
3461 5431 3473 5464 :

1977 5505 2114 5559 Ante
2154 5503 2257 5557 ﬁde
2287 5511 2443 5559 sanat
2484 5519 2618 5572 quos
2644 5504 2780 5556 bene
2809 5503 2925 5570 lege
2960 5501 3122 5558 cibat.

1905 5596 2118 5665 Nosque
2145 5611 2305 5666 super
2336 5593 2525 5664 fragile
2553 5593 2756 5647 studuit
2786 5594 3127 5652 discumbere
3155 5597 3335 5654 fenmn
3357 5642 3372 5664 ,

1977 5686 2263 5742 Mortiferae
2298 5694 2354 5739 ut
2386 5685 2564 5739 carnis
2579 5683 2700 5754 jure
2735 5694 3014 5752 prematur
3041 5704 3192 5760 opus.
