4046 6444
519 299 607 362 δτι
1531 291 1920 348 THEODULFI
1958 289 2512 346 AURELIANENSIS
2550 291 2763 346 EPISC.

2119 411 2174 476 Α
2199 406 2306 462 llas
2333 407 2448 462 fera
2477 409 2780 472 barbaries,
2817 414 3070 476 exempto
3101 420 3327 466 munere
3356 407 3530 474 pacis,

512 411 909 484 Disctpulisque
940 410 1106 481 dapes
1142 409 1358 476 tribuit,
1383 405 1514 464 dant
1537 407 1784 478 plebibus
1807 407 1915 474 illi,

581 505 736 580 Quod
765 505 821 564 hi
849 503 995 560 docti
1020 503 1140 572 illa,
1165 502 1320 572 plebs
1357 502 1444 577 pia
1473 510 1684 561 constet
1713 501 1812 555 eis.

873 721 899 750 ⁸
935 725 992 764 IN
1029 722 1242 763 ΑιτΔκε
1282 721 1470 760 SANCTI
1511 721 1714 760 ANIANL

506 803 661 860 Hanc
699 802 797 858 tibi
833 801 1174 859 Celsitonans
1207 815 1358 854 aram
1389 797 1722 854 Theodulfus
1763 797 1968 852 adorno
1991 837 2006 861 ,

579 897 653 952 At
689 895 871 951 faveas
893 895 1034 951 votis
1057 910 1150 948 rex
1183 893 1325 948 Deus
1361 891 1478 962 ipse
1513 891 1671 946 meis.

504 969 764 1058 Quisquis
789 1003 850 1044 es
876 988 1016 1043 hanc
1051 998 1306 1050 cernens,
1331 991 1387 1038 et
1429 991 1486 1037 tu
1529 981 1870 1038 sanctissime
1897 981 2095 1052 praesul

578 1078 810 1145 Aniane,
841 1077 1022 1155 exigui
1049 1077 1127 1133 sis
1152 1091 1362 1132 memor
1386 1090 1484 1130 oro
1509 1075 1638 1140 mei.

1263 1189 1352 1256 Vl.

773 1285 802 1325 ι’
840 1301 908 1340 an
944 1297 1220 1338 IONACBOS
1256 1297 1446 1346 sincrt
1489 1297 1799 1338 BENEDICTI.

505 1373 558 1440 l,
597 1388 718 1430 mea
743 1375 954 1439 charta,
980 1374 1130 1429 celer
1154 1373 1433 1429 Benedicti
1459 1373 1528 1428 ad
1567 1381 1706 1428 tecta
1736 1371 1911 1437 beati,

579 1465 797 1538 Hocque
831 1466 1065 1522 salutato
1089 1473 1234 1530 tecta
1264 1465 1441 1521 revise
1461 1476 1702 1535 patrum.

505 1556 645 1612 lluic
671 1556 927 1629 salveque
962 1559 1192 1630 valeque
1235 1574 1440 1626 meum,
1494 1559 1622 1624 huic
1659 1558 1870 1631 singula
1909 1575 2090 1626 narra,

576 1647 843 1718 Prospera
880 1665 1002 1720 qua:
1035 1649 1194 1710 nobis
1217 1657 1345 1711 sunt
1373 1649 1645 1705 tribuente
1674 1650 1806 1712 Deo.

500 1738 630 1794 lude
660 1740 802 1796 refer
825 1742 1020 1807 multas
1046 1743 1212 1798 misso
1235 1757 1335 1813 pro
1365 1757 1591 1798 munere
1619 1751 1826 1814 grates,

576 1831 754 1904 thue
779 1832 956 1894 libens
999 1833 1178 1897 mittat
1198 1835 1355 1908 plura
1381 1849 1609 1903 precare
1645 1835 1841 1891 libens.

504 1924 684 1994 thue
712 1926 860 1996 pium
885 1936 1179 1998 consurgat
1206 1942 1342 1996 opus
1369 1926 1682 1989 fundamine
1699 1927 1871 1997 jacto,

576 2012 731 2080 Quod
769 2031 856 2082 me
875 2015 989 2087 jam
1016 2016 1234 2082 mulcet,
1259 2018 1374 2087 jam
1401 2032 1524 2082 mea
1553 2018 1719 2078 corda
1747 2017 1892 2074 fovet
1923 2037 1936 2072 :

505 2103 591 2158 Sit
635 2103 828 2170 melius
874 2104 1107 2173 culmen,
1138 2105 1313 2172 bonus
1349 2115 1436 2163 est
1462 2105 1590 2179 [F.,
1621 2106 1710 2180 et]
1757 2107 2092 2164 fundaminis

1336 2181 1349 2192 ’
1810 2198 1980 2271 [ordo
1999 2239 2015 2265 ,

574 2286 748 2352 Quem
789 2289 992 2360 gemini
1029 2291 1244 2346 numeri
1273 2306 1504 2362 sorsque
1541 2293 1818 2362 decusque
1848 2299 2049 2347 sacrat.

502 2376 644 2432 Ecce
666 2379 772 2437 duo
797 2381 1050 2440 monachi
1076 2382 1183 2436 duo
1209 2391 1336 2437 sunt
1368 2392 1639 2453 prmcepta
1674 2382 1884 2449 salutis,

575 2467 769 2523 Divino
807 2467 1107 2540 utjunctus
1136 2471 1207 2532 sit
1231 2487 1448 2541 quoque
1474 2471 1662 2526 fratris
1698 2486 1870 2526 amor.

501 2554 600 2611 Est
629 2555 937 2638 intellectus
967 2559 1058 2629 qui
1084 2575 1204 2618 sese
1240 2560 1486 2630 operatio
1517 2561 1735 2632 jungit?

577 2647 670 2702 Sic
702 2648 880 2704 ditant
905 2647 1170 2713 famulum
1196 2651 1324 2705 bina
1352 2651 1556 2715 talenta
1582 2652 1804 2710 bonum.

501 2738 748 2811 Suntque
775 2741 896 2799 dua:
920 2742 1066 2809 vitae,
1095 2732 1232 2812 quas
1256 2743 1400 2799 actio
1429 2743 1555 2805 bina
1597 2758 1848 2803 sororum

572 2832 771 2899 Lnnuit,
803 2848 869 2889 ac
906 2835 1071 2892 etiam
1103 2834 1190 2898 lex
1225 2849 1365 2894 nova
1395 2835 1509 2896 sive
1542 2843 1715 2891 vetus.

500 2923 728 2994 Jamque
748 2939 975 2994 operare
1003 2925 1201 2993 libens,
1227 2941 1328 2985 nec
1354 2925 1704 2990 fundamenta
1733 2926 1942 2990 timeto,

572 3015 726 3084 Quod
756 3017 1194 3088 superaddideris
1233 3026 1344 3082 stat
1377 3017 1644 3081 solidante
1672 3017 1805 3080 Deo,

499 3107 715 3165 Addere
739 3109 896 3180 plura
933 3119 1106 3182 potes,
1137 3111 1338 3183 poterit
1370 3111 1582 3172 nescire
1627 3110 1842 3171 ruinam

573 3199 825 3267 Fabrica,
857 3216 1021 3272 quam
1045 3217 1307 3257 numerus
1333 3201 1565 3257 sustinet
1593 3200 1697 3256 iste
1727 3213 1903 3261 sacer.

503 3290 725 3348 Semina
752 3301 812 3348 tu
842 3301 1063 3348 nostros
1093 3293 1292 3348 misisti
1331 3307 1498 3364 parva
1530 3308 1628 3363 per
1656 3307 1841 3363 agros,

573 3383 812 3439 Plurima
846 3385 1022 3451 mitte,
1053 3400 1208 3458 seges
1247 3386 1377 3441 hinc
1411 3385 1509 3441 tibi
1537 3385 1764 3456 grandis
1791 3383 1917 3438 erit.

503 3472 657 3541 Quod
685 3474 792 3531 fuit
815 3475 1072 3534 Ausoniis
1098 3477 1425 3534 Benedictus
1454 3486 1636 3533 rector
1665 3478 1721 3532 in
1749 3477 1919 3542 arvis,

573 3564 687 3622 Hoc
717 3567 879 3624 modo
903 3575 962 3626 tu
991 3569 1047 3626 in
1072 3569 1278 3632 nostris
1301 3584 1381 3635 es,
1418 3567 1726 3632 Benedicte,
1771 3567 1927 3624 locis.

499 3655 622 3712 Non
653 3658 820 3714 distes
845 3659 1042 3717 merito
1062 3661 1217 3731 cujus
1247 3675 1355 3724 non
1383 3659 1602 3718 nomine
1633 3659 1837 3724 distas,

575 3746 820 3804 Nominis
843 3757 897 3804 et
921 3750 1101 3808 meriti
1141 3765 1260 3804 sors
1286 3751 1412 3806 beet
1438 3765 1544 3810 una
1579 3750 1735 3816 duos,

506 3837 580 3894 Ut
605 3841 834 3893 cerebro
865 3839 1138 3909 Euphorbi
1169 3840 1386 3898 Samius
1415 3849 1565 3903 satus
1590 3855 1712 3901 esse
1736 3847 1980 3910 putatur,

578 3929 671 3986 Sic
694 3929 857 3990 Nursi
884 3931 1058 3999 patris
1087 3932 1142 3988 in
1173 3941 1224 3987 te
1255 3941 1540 3988 revocatur
1560 3947 1714 4002 Opus.

499 4019 580 4086 .Ut
613 4031 711 4089 per
746 4017 1105 4074 Theodulfum
1137 4019 1179 4072 Τ
1184 4020 1417 4074 hcodulti
1443 4021 1609 4075 verba
1639 4022 1914 4090 precantis

578 4107 793 4179 lmples,
841 4123 1076 4182 cumque
1127 4125 1234 4174 una
1257 4109 1301 4163 it
1329 4109 1457 4164 hinc
1484 4124 1646 4185 prece
1675 4124 1872 4164 nomen
1903 4107 2044 4172 idem
2073 4129 2085 4162 :

512 4200 606 4256 Sic
637 4199 960 4256 Benedictus
986 4201 1034 4256 ei
1060 4216 1159 4272 per
1185 4210 1258 4267 te,
1290 4201 1606 4263 Benedicte,
1633 4201 1780 4270 quod
1807 4211 1960 4272 optat

576 4290 854 4359 Conferat,
886 4301 942 4348 et
965 4293 1076 4348 voti
1113 4301 1170 4350 tu
1200 4293 1466 4356 mediator
1495 4308 1612 4359 eas,

508 4381 772 4452 Quodque
793 4381 918 4448 fuit,
947 4383 1164 4447 Casine,
1204 4383 1300 4438 tibi
1325 4383 1446 4463 pius
1473 4384 1564 4439 hic
1590 4391 1744 4454 pater
1771 4385 1925 4449 olim,

581 4475 696 4530 Hoc
720 4474 882 4530 modo
904 4475 976 4530 sit
1013 4476 1183 4541 cellae,
1209 4477 1340 4537 urbs
1368 4475 1682 4542 Aureliana,
1722 4485 1846 4531 tute.

509 4565 682 4632 Quam
711 4566 850 4619 bene
880 4563 1154 4622 Mitiacum
1185 4565 1440 4620 vocitavit
1465 4566 1644 4635 prisca
1668 4575 1935 4632 vetustas,

580 4655 711 4722 Quae
738 4654 842 4709 fuit
875 4655 1178 4725 auspicium
1208 4657 1430 4718 mitibus
1458 4667 1584 4712 ante
1610 4658 1812 4713 choris.

511 4744 839 4801 Maximinus
865 4744 936 4800 ibi
961 4743 1190 4800 fratrum
1220 4755 1480 4806 vernante
1512 4762 1711 4804 corona

583 4835 829 4903 Praefuit,
855 4836 942 4892 his
969 4836 1179 4892 scandit
1199 4835 1421 4905 junctus
1449 4837 1516 4900 ad
1543 4846 1690 4896 astra
1717 4836 1845 4906 poli.

510 4929 750 4999 Corpora
779 4935 906 4982 sunt
934 4942 1169 4998 quorum
1191 4928 1355 4984 variis
1387 4928 1646 4985 tumulata
1674 4927 1954 4997 sepulcris,

583 5018 724 5073 Sunt
746 5017 941 5073 anima:
961 5017 1017 5072 in
1046 5016 1255 5073 sinibus
1281 5017 1398 5084 sed,
1426 5016 1756 5088 patriarcha,
1786 5017 1913 5072 tuis.

584 5170 610 5198 ι
642 5156 710 5211 In
735 5155 903 5212 altare
941 5157 1109 5212 sancti
1134 5156 1346 5209 Aniani.
1376 5154 1494 5221 Quo
1521 5155 1574 5208 in
1615 5153 1734 5209 loco
1763 5168 1867 5206 non
1899 5153 2088 5222 liquet.

512 5227 595 5282 Ab
623 5228 812 5282 eodem
859 5227 915 5282 in
943 5228 1063 5282 vico
1102 5225 1445 5281 Germiniaco
1482 5225 1752 5281 conditam
1806 5223 1971 5278 fuisse
1997 5225 2094 5277 ba-

516 5298 724 5353 silicam
750 5298 907 5354 docet
926 5298 1208 5367 inscriptio
1242 5313 1254 5348 :

639 5409 756 5458 Haec
780 5410 829 5459 in
851 5410 1036 5460 honore
1058 5409 1150 5459 Dei
1175 5405 1526 5468 Theodulphus
1547 5412 1729 5469 tempus
1751 5408 1957 5464 sacrari,

701 5473 822 5530 Quze
844 5473 958 5520 dum
983 5470 1208 5533 quisquis
1229 5470 1335 5518 adis
1376 5483 1463 5518 oro
1480 5476 1732 5519 memento
1758 5470 1856 5517 mei

592 5578 618 5617 ιι
651 5576 730 5630 Ad
751 5578 1030 5631 monachos
1053 5577 1222 5630 sancti
1247 5574 1536 5630 Benedicti.
1569 5573 1872 5642 Collapsam
1913 5571 1968 5625 in
1997 5571 2092 5626 Mi-

519 5645 744 5701 tiacensi
801 5647 971 5701 sancti
1015 5645 1288 5702 Maximini
1333 5645 1581 5700 camobio
1636 5642 1973 5702 disciplinam
2036 5653 2094 5695 ut

523 5720 825 5771 restitueret
857 5715 1258 5781 Theotlulphus,
1278 5715 1570 5771 monachos
1607 5710 1902 5771 postularat
1931 5728 1960 5765 e
1992 5710 2090 5766 Bc—

3673 289 3797 344 τιιί

2266 499 2473 570 Dejecit
2497 501 2675 565 sedes,
2705 499 3060 568 destituitque
3090 498 3290 553 locum.

2196 593 2298 659 Qui
2325 593 2572 662 proprios
2604 591 2772 647 tenuit
2797 589 3032 655 cineres,
3064 597 3231 658 utque
3257 588 3372 645 ales
3402 587 3543 655 an,

2267 683 2343 736 De
2365 683 2608 738 cinerum
2635 683 2788 749 lapsu
2814 680 2984 734 tendit
3007 679 3075 733 ad
3103 679 3209 734 alta
3239 686 3422 749 caput.

2195 771 2292 828 llis
2316 773 2390 827 ita
2420 771 2608 836 ﬁnitis,
2636 769 2868 824 fratrum
2906 778 3031 839 pete
3059 769 3274 823 concita
3304 776 3533 834 castum,

2267 868 2413 934 Quos
2447 864 2892 935 circumspiciens
2921 875 3122 917 cernua
3147 859 3304 916 ﬂecta
3332 875 3496 930 genu.

2194 957 2374 1013 Pauca
2401 956 2701 1010 locuturam
2727 954 2966 1024 primum
2995 952 3306 1008 benedicier
3328 967 3451 1018 ora,

2264 1047 2393 1102 inde
2422 1045 2684 1105 morando
2713 1046 2864 1116 prius
2894 1044 3082 1113 accipe
3118 1057 3254 1098 voce
3283 1058 3500 1098 sonum.

2195 1138 2278 1204 Me
2304 1137 2398 1193 tibi
2427 1135 2758 1192 Theodulfus
2793 1135 3114 1200 transmisit,
3142 1134 3302 1188 turba
3325 1134 3511 1201 beata,

2265 1225 2367 1296 Qui
2398 1233 2584 1282 oratus
2613 1225 2784 1280 vestri
2812 1238 3031 1283 sumere
3059 1223 3234 1294 poscit
3264 1238 3444 1297 opem.

2196 1318 2386 1379 Vestra
2419 1316 2532 1371 suis
2552 1324 2766 1372 crescat
2792 1315 3059 1386 plantatio
3082 1315 3278 1385 Quaerit
3307 1316 3363 1374 in
3392 1315 3561 1382 arvis,

2266 1410 2340 1464 De
2369 1425 2476 1480 qua
2505 1410 2641 1464 odor
2666 1410 2924 1464 ambrosii
2948 1409 3190 1464 nectaris
3215 1419 3363 1464 astra
3391 1421 3562 1480 petat.

2195 1499 2421 1554 ltivulus
2444 1500 2584 1554 hanc
2609 1509 2805 1554 vestrae
2832 1499 3025 1554 crebro
3047 1500 3230 1570 precis
3253 1501 3443 1570 irriget
3465 1501 3665 1569 almus,

2265 1590 2510 1646 Tendere
2533 1606 2640 1660 quo
2666 1590 2821 1644 radix
2848 1589 3074 1644 brachia
3101 1589 3254 1644 firma
3282 1601 3467 1660 queat.

2193 1684 2436 1740 Dcsieris
2462 1699 2585 1739 cum
2609 1682 2752 1738 forte
2778 1681 2945 1752 loqui,
2978 1691 3107 1737 tunc
3137 1691 3282 1738 tecta
3307 1683 3538 1741 licenter

2121 1765 2171 1824 B
2267 1773 2566 1830 Narratura
2590 1772 2812 1828 Patrum
2843 1780 3039 1827 cuncta
3070 1774 3246 1828 revise
3275 1773 3432 1828 mihi.

2195 1866 2313 1936 Quo
2333 1866 2536 1921 dormit
2568 1866 2656 1936 pia
2687 1865 2846 1920 turba
2882 1864 3026 1930 vide,
3055 1880 3165 1934 quo
3205 1867 3432 1937 suscipit
3455 1883 3635 1937 escas,

2263 1957 2382 2026 Quo
2413 1957 2544 2029 legit
2573 1966 2628 2012 et
2657 1957 2860 2028 spallit,
2893 1972 3069 2028 quove
3089 1967 3348 2028 operatur
3371 1961 3483 2016 adi.

2193 2048 2414 2104 Cernito
2440 2048 2751 2118 pistrinum,
2784 2063 2888 2106 uec
2914 2047 3132 2121 despice
3158 2057 3302 2104 tecta
3330 2050 3600 2120 coquinae,

2263 2138 2450 2205 Quove
2472 2135 2657 2204 jacent
2685 2136 2944 2192 membris
2969 2138 3060 2208 qui
3090 2138 3230 2197 bene
3260 2148 3445 2198 mente
3475 2142 3681 2211 vigent.

2192 2228 2422 2299 Hospitii
2452 2244 2577 2283 mox
2604 2243 2768 2283 cerne
2795 2229 2991 2291 locum,
3023 2243 3294 2300 quemque
3322 2231 3524 2288 incolat
3542 2232 3638 2286 ille

2264 2319 2366 2386 Qui
2406 2335 2546 2374 nova
2573 2335 2717 2374 nunc
2742 2319 2980 2388 primum
3014 2320 3172 2381 miles
3205 2320 3259 2374 in
3285 2336 3434 2379 arma
3460 2323 3632 2379 venit.

2191 2405 2309 2474 Quo
2339 2405 2433 2460 tibi
2464 2407 2678 2476 quaesiti
2708 2406 2882 2461 deerit
2926 2411 3216 2476 prtesentia
3246 2407 3456 2476 fratris,

2261 2495 2418 2550 lluric
2447 2496 2552 2551 iter
2574 2497 2678 2550 hoc
2711 2497 2994 2567 pulchrum
3021 2499 3368 2567 pertimuisse
3396 2500 3538 2557 dole.

2191 2588 2320 2642 Inde
2351 2588 2622 2643 salutandi
2647 2588 2875 2644 fratrem
2914 2591 3118 2660 pietate
3143 2592 3341 2660 revise,

2265 2680 2398 2734 Sum
2422 2680 2509 2733 cui
2533 2681 2756 2750 junctus
2780 2696 2880 2751 ego
2908 2682 3147 2747 nomine,
3178 2698 3285 2737 non
3312 2684 3530 2745 merito.

2192 2769 2329 2829 llinc
2355 2780 2478 2842 pete
2504 2770 2744 2826 Nebridii
2774 2771 2951 2828 Patris
2979 2775 3310 2830 venerabilis
3333 2777 3502 2846 aedes,

2263 2861 2384 2916 Mox
2419 2870 2474 2918 et
2497 2863 2690 2917 Donati
2721 2863 2792 2917 sit
2828 2865 2924 2919 tibi
2951 2866 3065 2919 visa
3095 2866 3312 2921 domus.

2193 2950 2300 3008 Sed
2328 2965 2430 3006 nec
2455 2960 2746 3021 praetereas
2787 2954 2958 3008 sancti
2984 2954 3100 3010 loca
3132 2954 3319 3010 fratris
3345 2954 3502 3021 Atili,

2260 3044 2568 3125 Anianique
2599 3048 2706 3101 mei
2742 3056 2883 3103 tecta
2908 3059 3163 3104 verenter
3187 3049 3295 3104 adi.

2114 3141 2160 3203 ο
2191 3133 2326 3190 Nam
2351 3135 2474 3204 pius
2507 3136 2735 3204 aspiciat
2765 3137 2982 3193 dantem
3015 3139 3117 3194 sibi
3140 3140 3281 3196 dona
3309 3140 3505 3196 salutis

2261 3227 2440 3286 Attala
2473 3235 2526 3285 te
2553 3229 2751 3294 videat,
2785 3231 2997 3300 dieque,
3028 3231 3346 3299 Olcmunde,
3376 3233 3519 3289 vale.

2191 3322 2262 3389 At
2284 3323 2328 3377 si
2359 3323 2497 3386 forte
2524 3323 2672 3378 vales
2697 3324 2998 3385 mundanas
3033 3324 3113 3379 ire
3141 3341 3241 3395 per
3266 3327 3447 3390 urbes,

2265 3412 2488 3482 Singula
2518 3411 2855 3482 perlustrans
2879 3413 3096 3486 oppida,
3127 3431 3277 3478 rura,
3307 3430 3486 3481 casas,

2191 3502 2521 3567 Prmsulibus
2549 3512 2766 3560 nostras
2801 3504 2856 3566 in
2883 3489 3122 3562 carmine
3147 3503 3323 3574 pande
3351 3506 3574 3572 salutes,

2261 3592 2437 3662 Atque
2465 3594 2611 3657 omni
2643 3593 2808 3661 clero,
2840 3608 3081 3662 quosque
3109 3592 3315 3648 referre
3341 3609 3495 3649 mora
3523 3605 3626 3651 est.

2085 3697 2090 3700 '
2189 3668 2379 3758 Attila,
2415 3685 2686 3752 Clarinus,
2717 3685 3063 3751 Teutfredus,
3093 3686 3356 3753 Leubilla,
3384 3695 3440 3742 et
3467 3688 3645 3743 omnis

2264 3775 2443 3836 Turba
2470 3775 2693 3832 Patrum
2724 3785 2970 3832 nostrum
2999 3777 3198 3832 sentiat
3226 3777 3364 3831 alma
3394 3777 3534 3832 vale.

2192 3867 2332 3934 Quid
2357 3867 2451 3921 tibi
2481 3869 2637 3937 plura
2675 3884 2869 3926 canam
2895 3869 2919 3922 ?
2947 3877 3172 3926 cunctos
3204 3884 3273 3923 ex
3303 3883 3435 3923 voce
3461 3866 3662 3933 saluta,

2262 3958 2463 4028 lisque
2491 3959 2735 4026 salutatis
2765 3967 2820 4014 te
2843 3959 2976 4015 mihi
3006 3961 3170 4015 redde
3196 3959 3380 4023 citam.

2918 4071 3028 4126 Yll.

2320 4178 2517 4216 VERSUS
2565 4178 2771 4222 SCRIPTI
2816 4179 3068 4218 LITTERIS
3097 4179 3289 4220 AUBEIS
3340 4180 3405 4218 DE
3433 4177 3636 4218 ελδετο

2815 4269 3088 4316 ουιδτικο.

2716 4362 2786 4416 1η
2813 4363 2987 4432 prima
3013 4363 3215 4416 tabula.

2119 4511 2169 4570 Β
2194 4473 2327 4528 Cum
2358 4474 2514 4529 denis
2542 4473 2726 4533 lustris
2758 4483 2942 4527 ternos
2980 4473 3160 4528 minus
3192 4473 3426 4548 inclytus
3463 4486 3640 4531 annos

2265 4566 2378 4620 Rex
2411 4573 2595 4634 ageret
2618 4565 2846 4620 Carolus
2872 4577 3086 4636 sceptra
3110 4566 3341 4620 tenendo
3365 4567 3450 4635 pla
3476 4583 3490 4619 :

2194 4657 2372 4711 Rebus
2409 4665 2465 4711 et
2489 4656 2741 4710 humanis
2769 4668 3055 4726 exemptus
3078 4656 3311 4710 culmina
3339 4657 3489 4728 regni

2262 4749 2555 4818 Linqueret
2585 4747 2840 4818 ingentis,
2878 4765 2973 4802 rex
3002 4748 3296 4814 Lndovice,
3327 4748 3423 4802 tibi
3453 4750 3467 4802 !

2193 4841 2406 4910 Datque
2431 4839 2760 4910 octingentis
2793 4839 2994 4894 Christi
3030 4839 3330 4892 incarnatio
3361 4838 3488 4893 felix

2271 4931 2482 4987 Addere
2502 4931 2790 4985 curriculis
2829 4938 3085 4998 quattuor
3113 4937 3274 4999 atque
3301 4929 3486 4982 decem
3509 4942 3527 4981 :

2204 5023 2446 5078 Condere
2476 5020 2640 5090 coepit
2662 5036 2796 5088 opus
2823 5018 2981 5086 hujus
3006 5003 3330 5072 venerabilis
3359 5017 3496 5079 aulae

2204 5155 2420 5209 nedicto
2444 5154 2768 5216 Ananiensm
2809 5155 3122 5216 Inonastcrii
3170 5155 3364 5214 abbate
3404 5154 3459 5208 in
3497 5155 3779 5222 provincia

2203 5223 2556 5294 Narbonensi,
2597 5224 2686 5293 qni
2716 5239 2836 5276 cum
2873 5228 3007 5277 duos
3037 5226 3265 5294 primum
3289 5225 3522 5280 misisset
3546 5225 3638 5292 qui
3664 5240 3780 5279 rem

2204 5293 2435 5346 feliciter
2483 5294 2799 5364 inchoarant
2829 5334 2844 5357 ,
2903 5310 3044 5364 nunc
3091 5294 3272 5362 plures
3313 5294 3456 5364 mitti
3507 5302 3689 5364 rogat”
3719 5303 3782 5347 ut

2205 5373 2379 5432 cu‘pta
2432 5363 2731 5432 perﬁciant.
2793 5366 2906 5430 Qua
2956 5363 3022 5416 de
3067 5379 3124 5416 re
3168 5363 3354 5432 paucis
3399 5363 3591 5418 auctor
3632 5363 3776 5418 Vita:

2203 5433 2377 5486 sancti
2427 5432 2703 5486 Maximini
2739 5452 2751 5487 :
2791 5453 2810 5483 ς
2867 5433 3000 5488 Cum
3045 5436 3186 5502 apud
3236 5432 3542 5497 Mitiacnm,
3579 5433 3781 5501 inquit,

2203 5502 2434 5572 collapsa
2473 5513 2640 5576 esset
2690 5503 3012 5576 disciplina,_
3055 5502 3438 5576 'l‘heodulphus
3487 5504 3782 5576 episcopus

2201 5588 2322 5698 ean:
2344 5571 2593 5653 :rcstituit
2618 5571 2851 5644 acceptis
2876 5588 2943 5627 cx
2981 5571 3313 5641 Septimania'
3348 5571 3628 5647 provincia
3657 5571 3779 5625 mo-

2201 5658 2302 5698 nac
2323 5660 2407 5698 ns.
2438 5663 2456 5696 ι

2201 5658 2407 5699 nactus.
2438 5663 2456 5696 l
