4046 6442
266 319 375 376 515

339 447 365 475 ι
394 431 578 504 Αιὼεε
605 428 876 486 Fulradus
899 430 1179 486 nobilitate
1204 429 1410 485 cluens.

262 523 508 592 Namque
534 520 658 578 huic
687 519 1063 590 Hieronymus,
1089 519 1311 576 Carolus
1331 527 1486 592 pater
1512 519 1717 578 exstitit
1739 518 1832 582 illi,

334 614 437 680 Qui
466 613 700 683 propria:
724 613 999 682 specimen
1027 611 1199 682 gentis
1227 612 1294 665 ad
1323 610 1429 664 alta
1469 610 1605 669 tulit.

261 703 409 760 Bella
453 717 647 773 gerens
671 715 965 771 pacemque
988 709 1166 766 tuens,
1195 702 1286 767 qui
1311 699 1548 756 culmina
1578 699 1726 770 regni

332 793 413 850 Ad
437 792 644 866 prolem
672 791 820 852 misit
853 792 1148 847 auxiliante
1183 791 1310 847 Deo.

966 901 1095 957 VIII.

779 994 848 1050 In
874 995 1104 1050 secunda
1127 993 1328 1048 tabula.

257 1086 510 1158 Martyris
536 1086 733 1158 egregii
757 1085 998 1152 Quintini
1031 1085 1120 1140 hic
1146 1085 1389 1140 membra
1417 1083 1720 1153 quiescunt,

331 1177 483 1233 Mens
505 1177 674 1232 hatret
696 1176 913 1233 Christo
938 1177 1089 1245 cujus
1118 1177 1173 1231 in
1209 1192 1334 1232 arce
1361 1177 1489 1246 poli.

257 1269 430 1339 Hujus
457 1270 663 1323 honore
687 1268 776 1338 pio
799 1268 970 1325 veteri
994 1266 1308 1325 fundamine
1339 1265 1596 1336 templum

329 1359 710 1414 Constructum
737 1360 839 1414 hoc
868 1357 1059 1423 fuerat,
1093 1357 1337 1411 constitit
1363 1365 1523 1425 atque
1551 1355 1662 1408 diu.

257 1449 366 1504 Sed
391 1450 517 1503 dum
541 1448 708 1508 scissa
733 1449 888 1507 dares
915 1448 1096 1516 paries
1123 1446 1237 1501 fera
1262 1445 1415 1516 signa
1443 1444 1634 1508 ruinae,

328 1537 597 1608 Surgendi
634 1553 826 1594 causas
852 1538 919 1592 ad
942 1537 1164 1591 meliora
1194 1536 1383 1590 dabas.
1487 1530 1495 1533 ’

251 1627 498 1698 Namque
521 1628 630 1698 piis
651 1628 809 1695 votis,
835 1627 1062 1682 Domino
1089 1625 1380 1688 tribuente,
1419 1623 1602 1695 peregi

327 1719 440 1774 Hoc
459 1733 560 1789 ego
591 1717 861 1774 Fulradus
885 1726 947 1771 ut
972 1716 1112 1771 foret
1143 1717 1284 1772 istud
1312 1730 1467 1785 opus.

253 1809 478 1864 Scilicet
511 1816 570 1862 ut
599 1809 773 1879 major
799 1809 1082 1877 studioque
1105 1807 1384 1877 operosior
1413 1807 1560 1866 ouini

321 1898 368 1952 Α
407 1896 776 1959 fundamentis
805 1907 1048 1968 surgeret
1075 1897 1179 1951 ista
1212 1897 1419 1954 domus.

250 1990 432 2057 Quam
459 1989 588 2044 dum
613 1989 862 2059 quisquis
891 1989 1006 2043 adis
1042 1988 1269 2042 Domino
1301 1995 1392 2044 tua
1424 1994 1549 2042 vota
1577 1988 1824 2055 daturus,

323 2079 477 2135 Votis
502 2094 589 2135 me
613 2085 667 2134 et
689 2079 944 2148 precibus
963 2077 1176 2149 jungito
1205 2093 1386 2148 quaeso
1409 2078 1534 2132 tuis.

1010 2191 1077 2245 Χ.

1010 2191 1077 2245 Χ.

798 2280 864 2335 In
889 2191 1043 2336 tertlia
1081 2280 1280 2336 tabula.

249 2367 378 2424 Haec
411 2368 602 2424 domus
627 2369 769 2424 alma
799 2370 894 2425 Dei
934 2379 1020 2426 est
1038 2371 1123 2425 via
1152 2387 1258 2441 qua
1284 2372 1395 2426 itur
1416 2371 1484 2426 ad
1511 2373 1653 2431 atria
1675 2373 1821 2451 creti,

321 2458 422 2514 Hic
448 2467 599 2530 patet
625 2475 752 2514 ecce
779 2459 936 2515 bonis
971 2469 1125 2530 porta
1155 2476 1346 2516 serena
1375 2461 1502 2530 poli.

246 2547 378 2603 Haec
407 2549 518 2613 via,
543 2549 674 2614 vita,
703 2549 869 2604 salus.
897 2549 1142 2605 Christus
1165 2565 1260 2605 sua
1285 2551 1480 2626 templa
1510 2551 1716 2619 revisit,

328 2639 610 2695 Justorum
637 2651 928 2711 acceptans
957 2642 1158 2706 munia,
1187 2651 1333 2707 vota,
1366 2657 1575 2712 preces.

248 2731 352 2786 llic
384 2731 520 2786 bene
546 2731 788 2800 Quintini
825 2733 1169 2801 requiescunt
1195 2749 1318 2788 ossa
1348 2733 1513 2797 beati,

323 2823 426 2888 Qui
455 2825 659 2878 studuit
687 2823 912 2879 Domino
931 2825 1036 2880 rite
1061 2825 1275 2900 placere
1297 2841 1414 2880 suo.

250 2914 527 2986 Sanguine
548 2917 639 2986 qui
668 2917 887 2995 proprio
921 2925 1005 2972 est
1033 2927 1304 2978 mercatus
1330 2918 1517 2973 cwlica
1545 2933 1706 2989 regna

317 3007 497 3078 Atque
521 3007 702 3064 locum
733 3008 949 3062 sibimet
973 3007 1105 3062 emit
1133 3008 1186 3061 in
1217 3023 1343 3062 arce
1369 3008 1496 3078 poli.

244 3100 414 3169 Cujus
437 3102 757 3181 martyrium
786 3102 977 3158 devota
1012 3111 1192 3157 mente
1222 3101 1548 3172 frequentat,

319 3193 477 3249 Plebs
505 3195 717 3258 vivens,
748 3210 996 3263 quaerens
1019 3202 1072 3252 et
1097 3194 1417 3265 peregrinus
1445 3209 1620 3263 opem.

243 3284 395 3351 Quos
421 3299 692 3339 memores
719 3286 889 3339 nostri
933 3285 1199 3340 Fulradus
1227 3301 1459 3341 cernuus
1485 3293 1614 3356 opto

320 3375 391 3436 Ut
419 3377 585 3437 vestri
614 3391 827 3455 semper
863 3377 936 3432 sit
963 3393 1173 3432 memor
1198 3377 1313 3453 ipse
1341 3377 1504 3433 Deus.

997 3487 1062 3543 Χ.

559 3577 588 3616 δ
629 3591 680 3630 IN
703 3591 968 3632 scruccao
995 3592 1180 3632 SANCTI
1208 3593 1498 3632 manem.

239 3664 456 3735 Martyr
484 3678 722 3729 ammne,
746 3671 868 3720 tuos
895 3665 982 3724 hic
1013 3664 1260 3721 Christus
1293 3666 1534 3720 condidit
1564 3673 1717 3719 artus

291 3756 385 3809 Et
417 3763 506 3808 tua
538 3768 690 3808 mens
715 3754 886 3808 centri
913 3755 1126 3808 scandit
1150 3756 1217 3810 ad
1247 3755 1354 3808 alta
1379 3755 1589 3810 volans.

241 3846 325 3902 Tu
356 3844 616 3905 Tiberina
654 3843 762 3898 tuis
790 3843 1004 3898 lustrati
1033 3843 1214 3898 littera
1241 3844 1427 3915 gestis,

313 3936 382 3990 Et
407 3950 551 3989 nunc
579 3933 906 3989 Rhenicolas
943 3934 1084 3988 ossis
1111 3934 1316 3989 honore
1350 3935 1499 3990 beas.

242 4027 440 4090 Roma,
472 4024 690 4079 favente
719 4023 855 4088 Deo,
891 4023 1074 4077 vidisti
1103 4024 1158 4077 in
1187 4031 1424 4094 martyre
1453 4024 1627 4094 signa,

319 4113 472 4169 Nunc
506 4113 774 4169 Germana
797 4113 995 4168 cohors
1019 4112 1199 4167 cernis
1226 4112 1278 4167 id
1305 4111 1447 4167 istud
1473 4129 1629 4183 opus.

242 4203 432 4260 Aulica
456 4202 689 4257 silvestri
718 4200 941 4256 delubra
968 4202 1020 4254 in
1054 4216 1180 4254 rure
1205 4201 1398 4255 locasti

317 4293 543 4362 Martyr,
574 4300 629 4346 et
658 4293 713 4346 in
739 4290 928 4344 vacuis
951 4291 1192 4360 syrtibus
1231 4290 1353 4343 aula
1382 4289 1568 4344 micat.

249 4384 547 4439 Nazarium
576 4382 781 4438 vocitat
806 4380 951 4438 hunc
978 4379 1166 4435 ﬂorem
1191 4380 1339 4435 natio
1361 4389 1574 4436 cuncta.

319 4531 346 4560 ι
387 4517 560 4571 Abba:
611 4516 901 4572 Fulradus.
940 4517 1056 4571 Duo
1085 4516 1246 4586 hujus
1281 4517 1513 4572 nominis
1533 4517 1818 4574 clarissimi

243 4589 473 4644 abbates
526 4587 761 4658 fuerunt.
802 4587 958 4658 Prior
982 4588 1149 4642 abbas
1176 4587 1258 4658 ,S.
1307 4588 1574 4658 Dionysii,
1607 4587 1818 4658 Pippini

241 4658 392 4727 regis
429 4657 757 4725 capellanus,
813 4656 974 4711 rebus
1007 4659 1108 4712 sub
1154 4657 1247 4727 illo
1273 4665 1327 4711 et
1346 4656 1539 4712 Carolo
1569 4659 1620 4712 in
1668 4656 1820 4711 italia

279 4726 416 4782 estis
463 4727 803 4789 notissimus,
831 4742 992 4795 quem
1036 4727 1146 4781 vita
1179 4726 1424 4782 functum
1452 4727 1676 4781 annales
1705 4736 1819 4781 tra-

279 4745 416 4782 esus
463 4745 803 4789 noussunus,
831 4745 992 4795 quem
1036 4745 1146 4781 vita
1179 4745 1424 4782 tunetum
1452 4745 1676 4781 annales
1705 4745 1819 4781 tra-

242 4745 383 4852 Sunt
409 4812 550 4850 anno
569 4797 694 4852 784.
735 4795 887 4852 Alter
922 4796 1011 4850 hic
1030 4804 1236 4862 noster,
1289 4798 1455 4850 abbas
1485 4797 1543 4851 S.
1578 4797 1822 4863 Quintiui

242 4867 397 4949 apud
430 4864 846 4948 Yironianduos,
888 4863 1066 4920 Caroli
1115 4865 1340 4920 Martelli
1385 4881 1452 4919 ex
1495 4865 1822 4936 Hieronymo

240 4935 459 5004 Pippin:
483 4951 627 5004 regis
661 4935 830 4990 fratre
858 4949 1043 5004 nepos.
1083 4935 1165 4989 Ab
1215 4937 1319 4990 hoc
1349 4951 1478 5004 ergo
1503 4944 1818 4992 renovatant

242 4951 459 5005 ripptni
483 4951 627 5006 regis
661 4951 830 4990 Iratre
858 4951 1043 5004 nepos.
1083 4951 1165 4989 AD
1216 4951 1319 4990 noc
1349 4951 1478 5005 ergo
1503 4951 1818 4992 renovatant

242 5007 325 5060 ait
351 5006 635 5061 basilicam
691 5005 748 5059 S.
818 5004 1095 5088 Quintini,‘
1129 5020 1302 5088 eoque
1343 5005 1820 5088 annoinchgatuin

243 5092 406 5158 Opus,
461 5091 570 5145 quo
614 5091 844 5198 regnare
877 5076 1042 5156 erepit
1075 5075 1379 5157 Ludovicus
1416 5075 1567 5156 Pius,
1621 5074 1823 5129 Christi

241 5145 500 5200 videlicet
530 5145 654 5200 8M.
742 5161 805 5198 ec
828 5146 1047 5202 dubium
1075 5153 1158 5198 est
1203 5162 1332 5215 quin
1361 5145 1492 5215 Inde,
1515 5152 1596 5215 snt
1633 5144 1823 5215 Fulraf

243 5216 367 5278 dus,
403 5231 564 5284 quem
595 5232 716 5270 cum
757 5215 875 5268 aliis
917 5215 1199 5286 abbatibus
1223 5213 1430 5286 synodo
1481 5213 1824 5286 Noviomensi

242 5283 440 5339 eodem
470 5285 589 5355 ipso
619 5299 760 5340 anno
787 5283 1097 5339 interfuisse
1126 5283 1314 5340 narrat
1340 5285 1700 5348 Fiodoardus,
1728 5283 1821 5343 lib.

246 5372 286 5411 Il
321 5355 596 5420 Historiae,
626 5368 745 5423 cap.
779 5356 868 5423 i8.

327 5426 356 5464 ιι
391 5424 459 5480 1η
482 5421 719 5495 sepulcro
745 5424 806 5479 S.
848 5421 1094 5495 quarji.
1118 5422 1652 5495 InLaureshamensl
1676 5438 1825 5495 nem-

245 5509 321 5565 pe
350 5489 704 5558 monasterio,
726 5493 886 5565 ‘quod
912 5491 970 5544 S.
1001 5489 1219 5565 Nazarii
1259 5493 1461 5565 exinde
1476 5562 1491 5565 _
1509 5509 1705 5565 nomen
1726 5493 1826 5565 _ob-

252 5561 434 5618 tinuit.
476 5565 674 5619 Paulus
724 5561 993 5618 Diaconus
1034 5561 1099 5616 de
1125 5561 1406 5631 Episcopis
1446 5562 1700 5618 Metensis
1725 5562 1826 5616 Ec-

249 5635 434 5712 glesia:
462 5635 515 5689 in
542 5634 928 5712 Chrodggangp
959 5649 972 5684 :
1012 5648 1031 5681 ‹
1067 5631 1302 5700 Expetiit
1328 5633 1558 5712 denique
1586 5647 1617 5686 a
1661 5631 1826 5712 Paulo

253 5704 503 5759 Romano
558 5703 811 5774 pontifice
853 5703 954 5756 tria
999 5717 1225 5772 corpora
1265 5709 1573 5757 sanctorum
1623 5710 1825 5772 marty-

1589 310 1916 370 CARMINA.
1954 310 2080 368 LIB.
2123 315 2183 368 ll.

3408 325 3513 382 δη

1865 431 1916 487 Α
2015 428 2147 482 Nam
2182 445 2349 484 nazar
2384 430 2608 487 Πρω-πει
2639 433 2735 489 llos
2763 435 2902 490 bene
2925 437 3104 508 lingua
3133 448 3311 506 vocat,

1876 520 1878 523 ’
1941 519 2094 574 ilunc
2124 536 2223 592 ego
2248 520 2608 593 Wangionum
2632 526 2854 582 veniens
2889 526 3118 585 festinus
3141 531 3210 585 ab
3234 532 3370 588 urbe

2010 609 2146 663 Dum
2178 618 2436 680 peterem,
2464 613 2571 667 vidi
2595 616 2737 670 nube
2762 615 2941 670 nivem
2970 618 3185 674 cadere.

1936 698 2173 754 Pisciilui
2204 700 2377 755 Rheni
2400 702 2623 756 transivi
2647 704 2700 757 in
2738 706 2934 763 robore
2963 706 3131 776 ripas,

2007 790 2076 845 Ut
2100 792 2262 848 citius
2286 807 2504 868 possem
2536 792 2652 867 ejus
2683 796 2833 851 adire
2855 796 3058 858 locum.

2662 905 2753 965 XI.

2198 1001 2220 1030 θ
2258 1008 2581 1050 ΕΡΙΤΑΡῙΙΙΠΜ
2604 1012 2892 1054 ῈΑΒΤΚΑΒΕ
2919 1012 3148 1059 RBCINE.

1927 1077 2131 1149 Inclyta
2159 1081 2436 1140 Fastradae
2464 1086 2664 1155 reginae
2687 1085 2776 1142 hic
2803 1088 3042 1143 membra
3068 1087 3374 1160 quiescunt,

1996 1167 2074 1222 De
2099 1169 2276 1224 medio
2313 1187 2474 1240 quam
2504 1189 2650 1229 mors
2679 1173 2874 1246 frigida
2901 1175 3031 1254 ﬂore
3059 1178 3204 1234 tulit.

1927 1256 2129 1312 Nobilis
2151 1259 2266 1328 ipsa
2291 1261 2393 1315 viri
2424 1263 2661 1320 thalamo
2688 1265 2971 1335 conjuncta
3001 1268 3257 1337 potentis,

1999 1348 2106 1404 Sed
2130 1351 2289 1406 modo
2310 1353 2523 1408 caelesti
2553 1356 2787 1411 nobilior
2821 1358 3079 1413 thalamo.

1924 1441 2059 1496 Pars
2082 1443 2276 1498 animae
2303 1445 2495 1500 melior
2527 1447 2754 1504 Carolus
2784 1466 2880 1506 rex
2906 1452 3021 1521 ipse
3056 1454 3360 1522 remansit,

1995 1530 2093 1587 Cui
2117 1534 2296 1590 tradat
2325 1536 2472 1594 mitis
2507 1545 2751 1611 tempora
2776 1540 2925 1612 larga
2952 1542 3112 1600 Deus.

2645 1652 2760 1708 XII.

2355 1771 2360 1774 ί
2453 1758 2506 1796 IN
2542 1758 2750 1798 FRONTE
2787 1760 2980 1801 DOMUS.

1929 1826 2028 1893 Qui
2052 1836 2181 1892 stas,
2208 1827 2369 1897 quive
2404 1831 2580 1897 sedes,
2609 1833 2702 1900 qui
2733 1849 2861 1888 rura
2913 1844 2970 1890 et
2997 1843 3137 1891 tecta
3169 1851 3453 1908 peragras,

1997 1917 2262 1985 Tempora
2284 1921 2560 1976 consumis
2591 1922 2802 1978 actibus
2825 1931 2881 1978 et
2911 1924 3093 1979 variis.

1926 2004 2009 2059 Nil
2037 2019 2165 2076 gere
2201 2014 2376 2077 turpe,
2403 2009 2545 2077 quod
2571 2009 2676 2067 hoc
2710 2010 2856 2068 celsa
2893 2013 3016 2080 quis
3049 2020 3254 2082 spectet
3276 2013 3344 2068 ab
3364 2013 3501 2078 aede,

1996 2095 2093 2150 Est
2112 2096 2236 2161 hoc,
2277 2107 2361 2152 est
2384 2097 2529 2152 aliud
2558 2099 2702 2167 quod
2735 2113 2890 2169 mage
2921 2108 2978 2154 tu
3019 2107 3230 2155 timeas.

1929 2186 2022 2241 Est
2045 2201 2207 2257 super
2232 2197 2380 2242 astra
2400 2188 2544 2244 Deus
2569 2207 2582 2242 :
2619 2189 2748 2258 quid
2779 2197 2902 2260 agat
2932 2191 3166 2246 humana
3195 2204 3433 2264 propago

1997 2277 2229 2334 Laturus
2251 2279 2402 2335 libra:
2423 2279 2662 2350 pondera
2683 2279 2832 2349 justa
2854 2280 3022 2336 videt.

2648 2389 2781 2443 XIII.

2225 2494 2327 2533 CUR
2363 2494 2505 2534 H000
2543 2495 2780 2534 CARHINA
2819 2495 2923 2534 NON
2957 2495 3204 2536 SCRIBAT.

1926 2567 2176 2623 Carmina
2209 2583 2349 2638 saepe
2377 2567 2529 2633 mihi,
2566 2567 2782 2632 fratres,
2812 2577 3062 2638 pergrata
3089 2570 3324 2627 tulistis:

1997 2659 2065 2713 Et
2086 2674 2228 2712 nunc
2254 2674 2374 2728 quae
2397 2657 2570 2724 fertis,
2600 2659 2822 2724 credite,
2851 2659 3008 2714 valde
3028 2660 3262 2728 placent.

1926 2749 2022 2804 His
2045 2749 2282 2804 delector
2305 2748 2450 2805 enim
2468 2790 2482 2815 ,
2532 2750 2703 2806 vestri
2729 2749 3072 2819 studiumque
3101 2749 3306 2808 laboris

1994 2839 2290 2905 Conlaudo,
2321 2847 2377 2894 et
2395 2853 2603 2894 moneo
2629 2854 2726 2894 vos
2753 2839 2964 2908 potiora
2990 2839 3168 2909 sequi.

1924 2931 2182 2987 Crescitis
2217 2932 2272 2986 in
2302 2930 2516 2998 melius,
2542 2931 2698 2987 nobis
2728 2931 2857 2986 hinc
2878 2931 3072 3002 gaudia
3098 2937 3352 2986 crescunt
3379 2949 3392 2962 -

1997 3021 2068 3077 Ut
2093 3021 2263 3091 magis
2285 3029 2447 3092 atque
2468 3021 2640 3092 magis
2669 3022 2723 3077 id
2754 3020 2966 3076 faciatis
2997 3036 3139 3076 amo.

1847 3121 1893 3183 ρ
1924 3113 2026 3182 Qui
2060 3130 2124 3168 ex
2154 3113 2298 3170 facili
2325 3114 2534 3183 pridem
2571 3121 2815 3183 poteram
2840 3117 3158 3183 depromere
3181 3129 3392 3181 versus,
3424 3129 3428 3134 ‘

1993 3203 2209 3267 Estuo,
2234 3205 2530 3259 nec'condo
2559 3213 2619 3258 ut
2643 3204 2765 3259 volo
2783 3205 2938 3260 dulce
2967 3206 3155 3260 melos.

1923 3294 2177 3361 Quaeritis
2202 3295 2323 3360 hoc,
2351 3295 2568 3363 quando
2612 3308 2783 3349 novus
2811 3295 2899 3350 hic
2923 3294 3184 3350 successit
3221 3293 3503 3350 habendus

1997 3381 2158 3447 Usus,
2181 3391 2424 3437 nostram
2446 3382 2608 3438 Erato
2634 3383 2727 3453 qui
2757 3383 2986 3438 reticere
3014 3384 3165 3438 facit.

1925 3473 2064 3527 Sunt
2089 3471 2220 3525 mihi
2245 3487 2390 3526 nunc
2408 3471 2660 3542 lacrymis
2687 3473 2866 3542 potius
2892 3472 3134 3528 deflenda
3161 3474 3359 3542 piacla,

1993 3564 2248 3620 Carmine
2280 3561 2398 3640 [F.,
2431 3562 2699 3636 Culmina]
2728 3579 2890 3634 quam
2920 3564 3088 3635 lyrico
3114 3579 3308 3634 nempe
3334 3566 3502 3620 boan-

2919 3727 2921 3729 ι
3161 3654 3250 3727 [da
3271 3654 3428 3726 pede.

1924 3745 2041 3800 Non
2063 3760 2218 3800 amor
2254 3745 2367 3816 ipse
2395 3759 2548 3800 meus
2569 3744 2824 3801 Christus
2865 3761 2984 3801 mea
3013 3746 3253 3801 carmina
3276 3753 3498 3816 quaeret,

1994 3838 2100 3893 Sed
2125 3852 2280 3908 mage
2300 3837 2576 3893 commissi
2603 3839 2828 3910 grandia
2875 3839 3026 3894 lucra
3055 3839 3252 3910 gregis.

1921 3928 2026 3984 Pro
2055 3945 2182 3998 quo,
2208 3928 2577 4003 proquemeis
2609 3945 2769 3985 orare
2805 3931 3075 4006 erratibus
3094 3940 3222 4002 opto
3251 3949 3264 3985 :

1991 4021 2244 4079 Carmina
2270 4021 2327 4075 ni
2356 4037 2612 4092 pangam,
2640 4022 2871 4078 crimina
2898 4014 3049 4079 nulla
3074 4039 3222 4095 gero.

1921 4111 2112 4166 Ludite
2131 4126 2250 4176 vos,
2271 4111 2447 4182 pueri,
2473 4112 2702 4167 metrica
2729 4121 2815 4168 sat
2835 4113 3062 4168 lusimus
3092 4121 3250 4166 arte:

1993 4185 2172 4253 Prima
2194 4214 2313 4268 qua:
2339 4201 2538 4268 cupitis
2552 4199 2664 4268 jam
2691 4202 2820 4255 mihi
2849 4209 3006 4270 parta
3042 4209 3284 4256 manent.

1925 4289 2122 4342 Discite
2141 4287 2240 4351 sic,
2268 4287 2486 4351 fratres,
2505 4289 2647 4342 docti
2669 4296 2730 4341 ut
2759 4289 2978 4357 possitis
3007 4289 3218 4349 haberi,

1995 4382 2061 4434 Et
2088 4379 2207 4436 fieri
2231 4379 2363 4434 socii
2387 4379 2594 4434 civibus
2625 4380 2898 4434 (ethereis.

1851 1758 1900 1817 B

1850 4466 1902 4525 D

1929 4527 2070 4576 rum,
2101 4511 2153 4564 id
2182 4518 2263 4565 est
2288 4508 2350 4562 B.
2382 4507 2671 4580 Gorgonii,
2685 4510 2832 4580 quod
2861 4509 2914 4564 in
2942 4509 3136 4566 Gorzia
3165 4509 3459 4580 requiescit
3491 4530 3505 4576 ;

1924 4591 1978 4636 et
2007 4583 2067 4635 Β.
2094 4579 2344 4642 Naboris,
2369 4579 2512 4648 quod
2540 4580 2593 4632 in
2656 4579 2927 4634 Hilariaco
2957 4579 3287 4635 monasterio
3311 4582 3500 4635 condi-

1925 4661 2039 4705 tum
2066 4659 2181 4715 est;
2212 4659 2268 4703 et
2297 4648 2361 4702 B.
2399 4648 2636 4712 Nazarii,
2671 4650 2812 4718 quod
2834 4650 2972 4703 ultra
3005 4649 3272 4712 Rhenum,
3304 4651 3358 4704 in
3385 4666 3502 4703 mo-

1925 4722 2164 4775 nasterio
2223 4719 2365 4787 quod
2401 4727 2629 4772 vocatur
2659 4721 2988 4780 Lorishaim,
3017 4719 3278 4774 aediﬁcata
3308 4720 3364 4774 in
3391 4720 3493 4772 1ιο-

1925 4806 2112 4845 norem
2145 4790 2315 4859 ipsius
2345 4787 2602 4858 martyris
2653 4790 2776 4844 miri
2806 4790 3020 4844 decoris
3050 4790 3292 4855 basilica,
3331 4789 3496 4844 collo-

1926 4861 2089 4916 cavit.
2139 4881 2158 4911 ι

1999 4926 2719 5010 ξιΕρὶιᾳρΙιὶιιξη.Γαςιταιιω
2749 4928 2961 5010 regiﬁce.
3002 4926 3497 5010 'lf‘as‘ttradamnpost

1925 4996 2269 5068 Hildegardis
2325 4999 2532 5068 obitum
2585 4996 3039 5068 uxorem’rCaroli
3098 4997 3272 5068 Magni
3333 4996 3502 5068 fuisse

1929 5065 2176 5124 scribunt
2202 5083 2409 5121 omnes.
2451 5066 2716 5120 Francam
2745 5067 2962 5120 natione
2982 5067 3171 5132 fuisse,
3191 5065 3358 5120 filiam
3390 5065 3499 5117 Ru-

1930 5139 2054 5193 dolli
2087 5137 2323 5201 comitis,
2347 5137 2505 5207 docet
2532 5135 2894 5207 Eginhardus,
2943 5137 3191 5207 idemque
3211 5144 3399 5189 auctor
3418 5143 3503 5188 est

1932 5209 2179 5264 eamdem
2211 5206 2724 5269 Francofurti,'cum
2754 5207 2827 5260 ibi
2853 5206 3096 5276 synodus
3124 5213 3305 5276 esset,
3348 5219 3495 5276 mor-

1935 5288 2083 5333 tuam
2115 5294 2179 5331 ac
2199 5277 2485 5344 Moguntlm
2506 5276 2771 5344 sepultam
2799 5271 2938 5344 apud
2985 5273 3044 5327 S.
3073 5275 3359 5344 Albanum.
3400 5271 3500 5344 Se-

1935 5293 2083 5333 tuam
2115 5294 2179 5331 ac
2200 5293 2284 5330 mo
2322 5293 2485 5329 unum
2506 5293 2771 5344 sepultam
2799 5293 2938 5344 apua
2986 5293 3044 5327 δ.
3073 5293 3359 5327 Αιυθηιιῐη.
3403 5293 3495 5326 δε-

1928 5348 2114 5420 pulcr_o
2144 5293 2470 5420 insciﬁptum
2521 5345 2826 5420 [uerat‘hoc
2870 5359 3086 5403 carmen
3120 5341 3454 5420 Theodulphi
3483 5359 3495 5394 :

1929 5412 2022 5474 sed
2062 5416 2119 5470 S.
2151 5412 2344 5471 Albani
2373 5415 2486 5469 aede
2523 5415 2754 5469 ﬂammis
2785 5423 3145 5483 consumpta,
3200 5412 3502 5483 translatis.

1927 5503 2032 5558 que
2057 5487 2123 5558 in,
2157 5485 2627 5558 metropolitanam
2675 5483 2960 5558 ecclesiam
2994 5481 3268 5558 Eastradae
3303 5481 3499 5558 cineri-

1928 5551 2050 5623 bus,
2078 5556 2223 5612 aliud
2270 5551 2430 5624 longe
2477 5555 2749 5609 diversum
2780 5551 3066 5624 deterioris
3117 5563 3258 5608 nota:
3281 5551 3497 5622 apposi-

1930 5621 2044 5682 tum
2063 5636 2149 5682 est
2174 5621 2527 5696 epitaphium,
2556 5626 2699 5696 quod
2729 5624 2869 5694 apud
2927 5621 3203 5681 Serarium
3249 5621 3494 5678 nostrum

1931 5698 1982 5752 in
2016 5694 2246 5753 Historia
2274 5695 2584 5761 Moguntina
2615 5694 2797 5750 videre
2829 5702 2940 5750 est.
