4046 6438
544 342 649 400 515

544 461 624 514 En
657 453 960 512 veneranda
991 452 1092 522 piis
1122 453 1258 506 tanti
1287 449 1548 505 solemnia
1573 449 1715 512 festi,

615 548 724 602 Nos
745 545 904 600 modo
928 560 1035 598 non
1069 543 1291 596 multum
1322 542 1630 596 versilicare
1668 540 1868 594 sinunt.

544 640 640 697 His
669 641 742 693 ita
766 636 1085 708 przemissis,
1115 634 1313 690 festum
1337 633 1440 688 hoc
1475 633 1812 688 celebremus
1839 640 2081 696 ovantes,

611 729 804 800 Aptius
835 727 1024 781 edendi
1053 715 1294 778 carmina
1318 731 1528 792 tempus
1547 721 1672 775 erit.

542 821 734 876 Annua
764 819 842 872 sic
876 817 1039 870 etiam
1068 821 1394 868 veneranter
1422 812 1558 865 festa
1586 809 1845 874 eolamus,

611 909 878 964 Continua
913 914 974 959 ut
1003 904 1157 958 nobis
1182 903 1273 956 det
1301 902 1416 956 sine
1445 900 1549 954 ﬁne
1572 899 1732 953 Deus.

541 1015 566 1043 ει
591 1000 748 1064 Nam,
776 998 1032 1059 Wulfine,’
1068 997 1160 1050 tibi
1189 997 1455 1051 debentur
1488 994 1707 1064 praemia
1739 992 1976 1056 laudum,

609 1092 773 1161 Cujus
796 1093 863 1146 ab
891 1107 1046 1146 amne
1069 1090 1240 1144 fluunt
1269 1089 1492 1144 metrica
1523 1089 1680 1144 docta
1707 1089 1865 1143 bene.

542 1186 679 1240 lliuc
711 1185 806 1239 tibi
835 1183 1159 1252 multiplices
1201 1183 1429 1252 agimus,
1459 1181 1796 1241 charissime,
1826 1185 2042 1248 grates:

611 1275 835 1330 Praemia
871 1288 970 1344 pro
1005 1273 1214 1328 meritis
1245 1288 1338 1326 rex
1364 1272 1504 1327 Deus
1530 1272 1642 1340 ipse
1668 1269 1834 1325 dabit.
1943 1278 1945 1281 '

1258 1365 1394 1420 XIV.

1074 1473 1128 1511 IN
1163 1472 1324 1511 OBITU
1364 1471 1575 1509 DAMASL

538 1544 638 1612 Qui
666 1546 914 1616 gradiens
941 1545 1116 1617 pelagi
1141 1544 1335 1600 ﬂuctus
1362 1544 1682 1614 compressit
1705 1560 1939 1612 amaros,

538 1636 732 1691 Vivere
759 1638 849 1706 qui
879 1648 1102 1708 priestat
1125 1640 1410 1695 morientia
1437 1639 1646 1694 semina
1682 1649 1872 1704 terrae,

538 1725 757 1780 Solvere
784 1729 875 1797 qui
909 1730 1083 1797 potuit
1115 1729 1305 1800 legalia
1342 1731 1557 1785 vincula
1586 1731 1794 1795 mortis,

535 1814 666 1870 Post
689 1819 938 1872 tenebras
970 1818 1215 1885 fratrem,
1244 1830 1367 1890 post
1395 1821 1554 1875 tertia
1593 1819 1796 1873 lumina
1825 1820 1976 1886 solis,

535 1905 616 1960 Ad
642 1923 868 1976 superos
893 1910 1086 1965 iterum
1112 1912 1335 1966 Martha:
1359 1914 1561 1968 donare
1602 1913 1799 1977 sorori,

537 1993 668 2051 Post
690 1997 901 2054 cineres
929 2001 1220 2057 Damasum
1249 2002 1410 2058 faciet
1439 2003 1565 2073 quia
1603 2019 1825 2075 surgere
1861 2005 2045 2060 credo.

1263 2093 1378 2148 XV.

959 2183 987 2223 ιι
1027 2199 1080 2238 nv
1117 2201 1387 2240 rawaoxe
1425 2201 1682 2242 muscam.

538 2269 724 2328 Sessio
745 2273 1024 2330 Theodulti
1055 2276 1282 2345 placeat,
1308 2293 1520 2348 precor,
1551 2280 1728 2334 omnis
1756 2288 1809 2334 et
1836 2287 2008 2346 actus,

605 2394 630 2422 α
664 2379 805 2458 Nam
845 2383 1083 2458 Wul/ine
1110 2387 1503 2458 tibi.rﬁDubium
1541 2404 1646 2442 non
1692 2398 1776 2443 est
1805 2389 1934 2458 quin
1963 2388 2117 2443 Wlfl-

534 2466 655 2523 nus
675 2452 780 2523 hic
801 2456 1187 2523 grammaticus
1230 2457 1319 2510 ille
1365 2459 1436 2512 sit
1462 2452 1866 2513 Aurelianensis
1890 2460 2116 2523 poetica:

535 2519 936 2595 laude_c!a'rus,
983 2525 1051 2595 ad
1093 2541 1252 2595 quem
1303 2528 1448 2581 edita
1481 2527 1682 2582 dudum
1725 2537 1810 2583 est
1835 2519 2115 2586 aMorelio

533 2591 759 2715 epislt’olta
807 2592 1002 2648 incerti
1044 2591 1304 2663 auctoris,
1336 2614 1442 2668 qua
1482 2597 1631 2652 illmn
1668 2599 1915 2653 hortatur
1942 2607 2002 2653 ut
2030 2615 2116 2654 re-

535 2674 640 2714 εει-ι
684 2677 713 2714 a
744 2699 760 2714 .

535 2674 760 2714 scribat.

834 2731 1032 2802 Wlﬁno
1055 2739 1396 2804 grammatica
1423 2738 1806 2793 Aurelianensi.

597 2841 720 2906 Quid
747 2856 886 2904 rogo,
911 2845 1082 2901 frater,
1110 2850 1216 2906 agis
1239 2856 1335 2896 tam
1362 2849 1501 2900 lonza
1526 2851 1718 2900 silentia
1752 2853 1988 2904 servans?

655 2903 824 2962 Quove
851 2909 936 2956 tibi
965 2913 1113 2957 nostri
1140 2903 1235 2958 tam
1265 2913 1361 2960 cito
1387 2913 1553 2970 pulsus
1576 2913 1740 2964 amor?

595 2963 742 3016 Certe
771 2973 897 3015 tanta
922 2977 1016 3017 tua:
1039 2977 1132 3017 tam
1159 2972 1321 3020 ﬂorida
1344 2963 1552 3022 carmina
1579 2987 1728 3024 musa:

658 3025 795 3074 Haud
824 3042 968 3089 parva
994 3038 1048 3080 ut
1073 3040 1269 3092 pateant
1294 3036 1552 3094 indignere
1574 3047 1726 3086 mora.

605 3108 740 3202 ξςιιῃ
766 3110 1014 3202 [alifaonje
1046 3116 1290 3198 episcopi.
1309 3117 1380 3202 'ln
1416 3119 1544 3202 sede
1569 3133 1665 3202 seu
1689 3119 1949 3202 cathedra
1994 3121 2109 3202 epi-
2135 3140 2180 3202 ρ

534 3179 766 3258 εοορριίπ
784 3179 866 3258 Ab
895 3179 1268 3258 eodemenim
1307 3186 1454 3258 fonte
1477 3183 1834 3243 faldisto’rium
1863 3206 1960 3258 pro
1979 3179 2109 3246 sede

531 3249 732 3318 passim
753 3249 947 3319 legitur
971 3253 1023 3307 in
1047 3253 1348 3314 Ritualibus
1371 3257 1624 3314 Ecclesia:
1653 3249 1934 3326 Romaniae,
1972 3270 2030 3315 ut
2051 3262 2106 3315 in

1567 331 1958 389 THEODULFI
1993 329 2546 387 AURELIANENSIS
2582 329 2798 384 EPlSC.
3702 335 3819 388 516

2150 449 2205 509 Α
2298 445 2411 500 Rex
2436 445 2579 500 Deus
2606 445 2744 500 alme
2764 445 2883 511 tibi,
2905 446 2992 500 cui
3023 446 3163 502 bona
3201 455 3396 501 cuncta
3426 446 3661 518 placent.

2226 535 2343 603 Quo
2373 536 2489 590 sine
2514 535 2657 589 nulla
2679 537 2792 606 geri
2822 537 2986 600 bona,
3011 552 3134 590 cum
3164 552 3271 605 quo
3300 537 3531 607 plurima
3559 549 3822 609 possunt,

2295 627 2442 681 Velle
2466 635 2520 680 et
2540 642 2698 696 posse
2729 627 2859 682 mihi
2893 637 2949 682 tu
2977 629 3102 682 dato
3125 644 3310 698 quaeso
3330 630 3555 684 bonum.

2222 721 2357 776 Cum
2394 730 2446 776 te
2474 720 2647 790 major
2671 721 2804 786 adit,
2835 730 2939 776 stet
2962 721 3135 792 plebs,
3163 723 3257 777 tibi
3294 723 3480 793 juuior
3499 725 3665 790 adsit,

2293 815 2359 868 Et
2381 813 2794 870 circumstantes
2819 814 3018 870 famine
3048 832 3208 886 posce
3237 817 3344 886 pio.
3626 879 3634 885 _

2224 903 2307 958 Sit
2330 905 2422 960 tibi
2456 921 2608 960 mens
2634 906 2874 970 humilis,
2905 907 3145 974 prudens
3169 923 3283 971 cor,
3311 917 3362 962 et
3401 908 3543 962 actio
3585 912 3818 976 munda,

2295 995 2488 1050 Sessor
2511 1004 2565 1049 et
2592 996 2807 1050 assiduo
2834 1007 3015 1051 mente
3043 1004 3195 1052 tuere
3225 999 3390 1052 Deum

2223 1085 2480 1158 Quisquis
2513 1101 2572 1142 es
2597 1088 2686 1142 hic
2715 1098 2919 1152 astans,
2953 1089 3227 1143 hominem
3261 1105 3328 1144 ne
3357 1089 3584 1144 detrahe
3620 1106 3820 1160 quem-

3629 1195 3742 1236 ann

2293 1267 2588 1322 Absentum
2613 1268 2780 1322 vitam
2802 1268 2984 1323 rodier
3007 1277 3090 1323 est
3116 1268 3345 1324 facinus.
3526 1176 3622 1251 [qu

2223 1357 2435 1414 Parcite
2459 1360 2550 1428 qui
2582 1359 2738 1413 statis
2763 1361 2917 1415 vanis
2937 1361 3140 1414 instare
3163 1360 3410 1430 loquelis,

2292 1446 2369 1503 Ne
2405 1463 2498 1503 vos
2522 1449 2614 1518 qui
2642 1449 2842 1504 residet
2866 1461 3085 1506 censeat
3125 1452 3204 1506 ire
3232 1451 3397 1507 foras.

2685 1713 2750 1750 DE
2789 1711 3109 1752 CONTEIPTU
3150 1713 3334 1752 MUNDL

2145 1795 2192 1852 Β
2220 1826 2515 1895 Perpetuos
2545 1829 2713 1898 ignes,
2740 1844 2876 1898 quos
2901 1828 3075 1884 factor
3106 1829 3227 1898 jure
3254 1830 3517 1898 minatur,

2292 1917 2346 1971 Si
2374 1934 2591 1988 paveas,
2621 1916 2735 1986 ejus
2763 1920 2981 1987 prccmia
3021 1921 3266 1990 quisquis
3292 1936 3464 1976 amas.

2219 2007 2408 2064 Totius
2437 2010 2553 2065 haec
2583 2009 2787 2080 fragilis
2828 2010 3034 2065 vilescit
3076 2011 3245 2080 gloria
3275 2013 3480 2076 mundi,

2287 2101 2519 2156 Interius
2548 2102 2759 2157 tibimet
2795 2101 2959 2171 pollet
2989 2110 3043 2156 et
3076 2102 3248 2156 almus
3288 2107 3462 2156 amor.

2216 2375 2602 2432 Caeremoniale
2629 2416 2643 2438 ,
2694 2375 2760 2429 de
2817 2375 3070 2444 episcopo
3127 2373 3219 2444 qui
3272 2373 3646 2444 celebratnrus
3685 2386 3807 2437 est,

2221 2467 2238 2497 ι
2276 2447 2402 2501 lnde
2423 2447 2567 2500 venit
2587 2444 2652 2498 ad
2681 2443 2924 2513 paratam
2949 2443 3050 2498 sibi
3077 2448 3283 2507 sedem,
3311 2459 3404 2501 seu
3439 2443 3807 2500 faldistorium

2215 2519 2281 2571 ad
2314 2533 2482 2571 cornu
2529 2515 2767 2584 epistola:
2805 2516 3062 2583 positum.
3104 2535 3121 2566 ι
3170 2514 3277 2569 Sed
3331 2514 3694 2584 faldistorium
3740 2517 3810 2569 ab

2213 2587 2504 2656 episcopali
2526 2583 2653 2641 sede
2673 2586 3091 2656 distinguebant.
3112 2604 3130 2636 ι
3164 2583 3441 2656 Proprias,
3471 2586 3666 2656 inquit,
3695 2586 3812 2656 epig

2215 2655 2430 2726 sc0pus,
2455 2672 2560 2710 non
2585 2657 2638 2710 in
2668 2655 2991 2717 falalistorio,
3022 2657 3115 2710 sed
3142 2657 3200 2726 in
3244 2655 3461 2726 propria
3505 2655 3810 2724 episcopali

2212 2723 2340 2781 sede
2375 2736 2517 2781 stare
2547 2735 2601 2781 et
2641 2727 2828 2780 sedere
2858 2726 3032 2780 debet.
3070 2745 3088 2776 ι
3139 2725 3214 2779 De
3243 2723 3458 2796 propria
3495 2723 3624 2796 ergo
3673 2723 3810 2779 sede

2213 2796 2568 2852 Theodulfnm
2592 2796 2734 2864 loqui
2762 2796 3029 2860 arbitror,
3077 2797 3131 2850 in
3165 2793 3271 2864 qua
3298 2793 3510 2850 scilicet
3534 2793 3632 2850 hos
3681 2810 3809 2849 ver-

2213 2883 2305 2922 5us
2335 2867 2648 2921 incidendos
2671 2875 2912 2929 curarat,
2937 2867 3077 2921 sicut
3107 2866 3161 2920 in
3189 2879 3374 2920 mensa
3402 2879 3522 2928 sua,
3548 2864 3809 2920 Possidio

2213 2945 2368 3000 teste,
2398 2953 2500 2990 non
2529 2936 2807 2991 dissimilis
2859 2951 2957 3006 pro
2986 2946 3139 3005 parte
3177 2933 3458 2990 sententia:
3502 2936 3805 2990 distichum

2210 3007 2541 3078 Augustinus
2581 3025 2592 3060 :

2335 3144 2566 3204 Quisquis
2590 3148 2712 3192 amat
2737 3143 2878 3192 dictis
2900 3144 3156 3194 absentum
3182 3145 3358 3192 rodere
3387 3146 3551 3201 vitam,

2406 3207 2541 3256 lianc
2564 3220 2778 3255 mensam
2805 3205 3047 3268 indignam
3067 3208 3261 3254 noverit
3283 3218 3391 3254 esse
3416 3206 3528 3253 sibi.

544 3400 2466 3426 Μ

550 3413 3801 3442 W

1739 3587 2041 3665 LIBER
2112 3579 2582 3666 TERTIUS.

985 3974 1014 4004 ⁸
1052 3980 1120 4019 AD
1157 3979 1405 4018 CAROLUH
1446 3979 1639 4020 REGEI.

530 4053 607 4110 Te
633 4062 776 4110 totus
802 4053 1088 4123 laudesque
1120 4063 1260 4117 tuas,
1286 4070 1400 4118 rex,
1431 4062 1683 4125 personat
1703 4054 1848 4108 orbis
1867 4095 1880 4116 ,

602 4145 871 4216 Multaque
892 4158 1012 4198 cum
1037 4144 1202 4209 dicat,
1236 4144 1415 4199 dicere
1439 4153 1631 4200 cuncta
1663 4145 1866 4214 nequit.

531 4236 588 4291 Si
611 4236 778 4301 Mosa,
809 4236 1062 4300 Rhenus,
1108 4236 1265 4302 Arar,
1296 4236 1606 4303 Rhodanus,
1637 4238 1977 4310 Tiberisque,
2004 4242 2106 4300 Pa-

1809 4331 2036 4402 [ilusque

600 4419 774 4474 Metiri
804 4428 1044 4489 possunt,
1083 4422 1199 4475 laus
1219 4437 1432 4491 quoque
1469 4438 1651 4476 mensa
1679 4432 1766 4476 tua
1787 4431 1888 4477 est.

2280 3871 2533 3935 Cernere,
2565 3887 2682 3942 quae
2713 3872 2872 3926 simili
2895 3881 3087 3926 cuncta
3110 3887 3207 3941 per
3227 3888 3356 3928 arva
3390 3883 3558 3930 caret.

2211 3965 2605 4035 Egregiumque
2641 3973 2820 4034 caput,
2849 3973 3106 4028 mentum,
3134 3981 3227 4020 seu
3251 3967 3384 4021 colla
3406 3967 3624 4034 decora,

2281 4052 2648 4122 Anreolasque
2684 4068 2873 4106 manus
2900 4055 3209 4123 pauperiem
3236 4071 3355 4124 qua:
3376 4057 3614 4111 abolent.

2211 4144 2456 4208 Pectora,
2484 4160 2665 4209 crura,
2691 4143 2877 4214 pedes,
2901 4155 2982 4199 cst
3013 4161 3115 4200 non
3143 4145 3408 4201 laudabile
3431 4147 3514 4201 cui
3541 4145 3640 4213 nil,

2276 4237 2467 4292 Omnia
2497 4236 2719 4306 pulchra
2743 4238 2937 4307 vigent,
2964 4246 3157 4291 cuncta
3184 4238 3379 4292 decora
3409 4239 3603 4292 nitent.

2205 4328 2380 4398 Atque
2409 4327 2595 4382 audire
2626 4327 2700 4381 tui
2726 4343 2821 4397 per
2862 4327 3084 4397 pulchra
3113 4327 3362 4383 affamina
3392 4345 3604 4394 sensus,

2277 4419 2394 4484 Quo
2430 4434 2593 4487 super
2618 4434 2677 4472 es
2702 4420 2935 4485 cunctis,
2960 4430 3044 4474 est
3067 4421 3160 4474 tibi
3184 4436 3341 4475 nemo
3360 4436 3542 4490 super.

449 4527 454 4538 ‘
535 4510 642 4564 Res
669 4511 802 4564 satis
828 4512 1089 4564 immensa
1122 4520 1206 4565 est
1245 4520 1333 4564 tua
1361 4513 1507 4577 laus,
1541 4513 1802 4568 immensa
1842 4513 2097 4578 manebit,
2131 4481 2181 4542 θ
2208 4510 2301 4563 Est
2325 4509 2417 4563 tibi
2446 4523 2602 4563 nemo
2623 4524 2806 4579 super,
2827 4510 2998 4564 solers
3019 4512 3302 4579 prudentia
3331 4512 3486 4581 cujus

601 4602 736 4654 Dum
766 4603 942 4671 pecori
972 4609 1131 4670 atque
1162 4603 1364 4656 homini
1394 4604 1610 4673 pervius
1639 4605 1785 4659 orbis
1830 4605 1953 4659 erit.

529 4690 701 4756 Quam
730 4692 863 4745 bene
900 4693 944 4746 si
967 4708 1172 4761 nequeo
1200 4693 1391 4748 studiis
1415 4694 1630 4763 explere
1661 4695 1932 4764 loquendi,

602 4781 863 4836 Tantillus
895 4790 1099 4835 tantam
1127 4792 1304 4837 temno
1331 4791 1508 4839 tacere
1539 4795 1740 4839 tamen.

529 4870 775 4926 Ludricis
796 4871 910 4926 hzec
950 4873 1117 4924 mixta
1140 4871 1280 4940 jocis
1309 4889 1406 4943 per
1435 4874 1638 4927 ludicra
1668 4880 1872 4936 currat,

487 4963 490 4966 ’
601 4961 858 5032 Smpcque
887 4970 1136 5032 tangatur
1159 4963 1397 5032 qualibet
1421 4964 1506 5017 ille
1530 4978 1710 5016 manu.

528 5051 710 5106 Laude
729 5051 958 5121 iocoque
987 5053 1144 5107 simul
1177 5054 1318 5108 hunc
1342 5055 1471 5108 illita
1501 5054 1686 5108 charta
1717 5052 1934 5114 revisat,

597 5142 769 5210 Quem
793 5145 1058 5199 tribuente
1093 5147 1235 5200 celer
1261 5147 1372 5216 ipse
1396 5144 1584 5198 videbo
1607 5143 1736 5198 Deo.

529 5233 572 5289 Ο
603 5235 785 5298 facies,
817 5236 980 5292 facies
1011 5245 1091 5292 ter
1113 5247 1265 5292 cocto
1296 5237 1495 5292 clarior
1519 5252 1670 5300 auro,

598 5324 744 5376 Felix
768 5325 857 5393 qui
881 5327 1022 5396 potis
1049 5335 1130 5380 est
1159 5342 1372 5395 semper
1395 5326 1583 5380 adesse
1612 5327 1703 5380 tibi
1731 5327 1742 5380 !

529 5416 596 5469 Et
621 5416 901 5472 diademati
930 5427 1011 5473 sat
1037 5420 1251 5489 dignam
1278 5419 1514 5486 pondere
1541 5418 1772 5473 frontem

599 5572 745 5647 {31d
786 5574 1034 5629 Carolum
1077 5592 1262 5647 regem.
1295 5577 1372 5632 Ex
1404 5577 1467 5632 iis
1499 5595 1618 5647 qua:
1654 5578 1719 5632 de
1759 5592 1948 5632 recens
1973 5579 2100 5633 alla-

531 5641 609 5716 tis
633 5643 942 5698 Hunnorum
975 5641 1152 5714 gazis:
1185 5647 1356 5716 deque
1405 5641 1546 5702 illius
1573 5650 1746 5713 gentis
1793 5648 1858 5701 ad
1894 5647 2097 5703 Christi

532 5710 688 5766 fidem
741 5729 945 5784 nupera
972 5710 1322 5771 conversione
1355 5710 1643 5787 significat,
1681 5719 1941 5786 scriptum
1973 5735 2095 5774 car-

2278 4599 2449 4653 Tanta
2477 4599 2624 4662 cluit,
2652 4600 2828 4654 nullus
2857 4602 2944 4654 cui
2970 4612 3097 4671 puto
3133 4602 3254 4656 finis
3283 4604 3442 4657 inest.

2205 4687 2390 4742 Latior
2411 4698 2494 4742 est
2524 4687 2663 4753 Nilo,
2691 4688 2898 4759 glaciali
2936 4693 3192 4761 grandior
3228 4691 3388 4758 ls‘tro,

2277 4777 2443 4846 Major
2466 4787 2521 4832 et
2557 4779 2829 4849 Euphrate
2855 4789 2958 4844 est,
3008 4797 3113 4835 non
3144 4797 3356 4851 quoque
3371 4782 3557 4853 Gange
3583 4800 3789 4839 mmor.

2205 4870 2342 4937 Quid
2371 4871 2567 4924 mirum
2601 4882 2834 4925 aeternus
2861 4872 2904 4925 si
2934 4871 3094 4925 talem
3129 4882 3312 4942 pastor
3341 4874 3548 4927 alendis

2276 4962 2552 5016 Pastorem
2581 4962 2832 5031 gregibus
2856 4962 3095 5016 condidit
3125 4963 3238 5031 ipse
3269 4963 3381 5018 suis
3405 4964 3428 5016 ?

2203 5050 2430 5105 Nomine
2461 5050 2639 5104 reddis
2669 5065 2849 5112 avurn,
2884 5049 3226 5106 Salomoaem
3252 5061 3537 5108 stemmate
3567 5067 3788 5122 sensus,

2277 5143 2493 5198 Viribus
2517 5152 2571 5198 et
2591 5144 2779 5206 David,
2805 5145 2918 5198 sive
2940 5143 3137 5214 Joseph
3161 5148 3358 5216 specie.

2204 5233 2372 5287 Tutor
2399 5250 2560 5303 opum
2589 5250 2670 5297 es,
2693 5235 2889 5289 vindex
2918 5237 3202 5302 scelerum,
3233 5239 3456 5309 largitor
3482 5239 3784 5304 honorum,

2275 5323 2449 5394 Atque
2470 5325 2588 5379 ideo
2617 5325 2814 5379 dantur
2841 5327 2953 5382 haec
2980 5327 3118 5383 bona
3145 5340 3338 5385 cuncta
3369 5331 3484 5384 libi.

2204 5414 2231 5454 δ
2259 5414 2477 5484 Percipe
2501 5415 2818 5484 multiplices
2846 5416 3046 5470 laetanti
3073 5428 3287 5487 pectore
3313 5434 3497 5489 gazas,

2205 5593 2326 5650 men
2351 5575 2697 5650 intelligimus
2720 5576 2819 5631 sub
2850 5591 3050 5650 annum
3068 5577 3191 5643 796,
3224 5578 3287 5631 ad
3305 5593 3464 5648 quem
3495 5578 3610 5632 hazc
3631 5587 3784 5650 gesta

2207 5647 2451 5701 referunt
2482 5647 2702 5700 annales
2735 5647 2923 5701 nostri.

2279 5719 2304 5757 δ
2335 5715 2548 5786 Perripe
2575 5716 2880 5785 multiplices
2908 5734 3086 5787 gazas.
3115 5719 3190 5773 De
3215 5719 3389 5788 praeda
3416 5718 3624 5775 llunico
3641 5717 3789 5774 bello
