4046 6438
259 330 367 387 ΞΠ

334 441 483 506 Quas
511 437 606 492 tibi
629 405 939 492 Pannonico
973 417 1230 488 mittit-ab
1256 434 1386 487 orbe
1409 432 1569 486 Deus.

117 518 186 564 ’ῖπ
258 529 390 582 lude
415 528 532 596 pias
561 526 704 581 celso
731 534 910 596 grates
933 523 1178 594 persolve
1203 522 1454 586 Tonan‘ti,

332 615 433 670 Cui
463 613 598 669 solet
623 623 683 668 ut
713 628 925 682 semper
953 613 1023 666 sit
1045 620 1134 664 tua
1161 611 1308 681 larga
1342 625 1551 664 manus.

261 718 288 746 ι
318 705 625 759 Adveniunt
646 713 836 774 gentes
867 702 1084 758 Christo
1112 702 1318 756 servire
1341 709 1565 772 paratm,

337 795 484 862 Quas
505 795 693 849 dextra
719 795 788 849 ad
812 793 1090 849 Christum
1111 792 1430 847 sollicitante
1463 804 1637 843 vocas.

261 884 414 940 Pone
438 885 582 938 venit
608 884 770 938 textis
789 885 856 938 ad
878 883 1155 938 Christum
1201 881 1442 936 crinibus
1470 879 1713 943 Hunnus,

336 975 539 1044 Estque
564 973 784 1028 humilis
811 973 956 1038 ﬁdei,
983 974 1072 1042 qui
1099 971 1200 1026 fuit
1227 980 1355 1026 ante
1383 969 1556 1025 ferox.

264 1064 404 1120 Huic
427 1064 664 1119 societur
683 1065 880 1129 Arabs,
924 1063 1154 1134 populus
1181 1063 1410 1117 crinitus
1433 1068 1658 1130 uterque
1681 1068 1782 1125 est,

337 1156 436 1212 Hic
463 1164 637 1212 textus
661 1156 859 1220 crines,
898 1156 988 1210 ille
1013 1155 1222 1210 solutus
1249 1162 1359 1209 eat.

263 1243 536 1310 Cordoba,
572 1244 784 1314 prolixo
806 1245 1057 1300 collectas
1090 1253 1332 1314 tempore
1354 1257 1516 1312 gazas

339 1334 490 1389 Mitte
517 1334 660 1388 celer
685 1334 796 1404 regi
821 1349 977 1402 quem
999 1333 1152 1387 decet
1175 1348 1335 1386 omne
1356 1333 1570 1386 decens.

129 1433 144 1477 ξ
169 1429 187 1470 ἰ
261 1425 293 1465 δ
319 1423 390 1479 Ut
420 1425 640 1479 veniunt
660 1425 888 1487 Arabes,
915 1423 1122 1478 Arabes
1147 1423 1514 1492 nomadesque
1553 1421 1752 1476 venite.
1840 1445 1894 1485 qr

337 1513 503 1585 Regis
524 1524 577 1569 et
603 1524 728 1569 ante
753 1515 919 1584 pedes
945 1514 1142 1569 ﬂectite
1181 1514 1316 1568 colla
1344 1530 1504 1585 genu.

259 1606 374 1661 Nec
395 1608 572 1662 minus
599 1608 652 1662 bi
681 1623 843 1676 quam
873 1623 968 1663 vos
995 1608 1229 1676 saevique
1257 1615 1546 1676 trucesque
1573 1605 1743 1665 fuere.

337 1698 444 1753 Sed
473 1699 572 1752 hos
597 1699 687 1768 qui
717 1698 922 1753 domuit
956 1715 1050 1754 vos
1076 1699 1383 1753 domiturus
1404 1699 1526 1752 erit.

260 1786 488 1842 Scilicet
524 1787 577 1840 in
604 1787 743 1842 coelo
771 1788 1036 1852 residens,
1082 1803 1181 1857 per
1205 1796 1410 1842 tartara
1435 1802 1686 1857 regnans,

337 1877 436 1944 Qui
451 1893 622 1943 mare,
637 1879 728 1947 qui
747 1886 938 1943 terras,
952 1879 1044 1948 qui
1064 1879 1199 1949 regit
1212 1888 1354 1932 astra
1367 1877 1548 1946 polum
1564 1876 1654 1948 [F.
1667 1919 1681 1942 ,
1693 1875 1844 1949 poli}.

262 1969 375 2023 Ver
408 1971 553 2025 venit
581 1986 710 2026 ecce
739 1986 958 2036 novum,
999 1987 1120 2026 eum
1146 1987 1252 2044 quo
1283 1971 1458 2026 felicia
1489 1981 1703 2039 cuneta,

337 2060 522 2131 Teque
553 2071 783 2132 tuosque
807 2064 1024 2126 adeant,
1055 2079 1171 2128 rex,
1208 2065 1475 2119 tribuente
1505 2066 1634 2120 Deo.

261 2151 345 2206 En
376 2160 668 2207 renovatur
691 2168 859 2208 ovans
887 2153 1104 2208 :eternis
1131 2153 1341 2224 legibus
1364 2169 1563 2216 annus,

338 2241 407 2294 Et
435 2256 530 2296 sua
554 2256 696 2295 nunc
723 2251 897 2296 mater
916 2242 1159 2312 germina
1189 2243 1391 2312 promit
1413 2243 1630 2300 humus.

264 2329 433 2384 Silva:
457 2329 649 2385 fronde
673 2330 870 2394 virent,
899 2337 1164 2386 ornantur
1191 2330 1414 2385 ﬁoribus
1443 2346 1596 2395 arva,

341 2422 537 2493 Sicque
563 2424 707 2479 vices
735 2433 958 2479 servant
977 2440 1046 2479 en
1076 2425 1342 2480 elementa
1367 2441 1512 2480 suas.

264 2513 522 2584 Undique
558 2515 718 2586 legati
763 2517 979 2570 veniant
1003 2517 1095 2585 qui
1124 2533 1384 2587 prospera
1414 2527 1637 2572 narrent
1664 2536 1677 2574 :

341 2604 570 2660 Praemia
598 2607 710 2661 sint
739 2608 910 2676 pacis,
938 2607 1113 2663 omnis
1137 2608 1328 2663 abesto
1362 2608 1529 2663 furor.

264 2693 394 2749 Mox
419 2695 589 2751 oculis
617 2711 740 2750 cum
769 2705 949 2751 mente
979 2697 1139 2751 simul
1189 2697 1543 2766 manibusque
1569 2697 1762 2752 levatis

340 2787 425 2842 Ad
455 2788 671 2852 cmlum,
703 2797 885 2859 grates
908 2788 1120 2859 fertque
1146 2787 1418 2858 refertque
1437 2789 1567 2844 Deo.

269 2878 498 2934 Consilii
527 2879 830 2934 celebretur
857 2881 1049 2944 honos,
1075 2889 1262 2935 oretur
1292 2881 1347 2934 in
1376 2881 1497 2935 aula
1829 2887 1848 2924 ’ἒ

343 2969 458 3036 Qua
489 2970 642 3024 miris
671 2971 841 3040 surgit
875 2969 1080 3026 fabrica
1104 2971 1326 3042 pulchra
1351 2972 1534 3027 tholis.

270 3061 402 3118 Inde
425 3065 674 3134 palatina:
709 3076 1025 3134 repetantur
1051 3067 1288 3122 eulmina
1333 3069 1495 3134 sedis,

347 3153 505 3210 Plebs
537 3164 625 3209 eat
647 3164 702 3210 et
723 3157 908 3211 redeat
936 3159 1073 3212 atria
1098 3157 1255 3229 longa
1281 3167 1482 3219 terens.

272 3246 450 3304 Janua
474 3249 757 3319 pandatur,
801 3251 1093 3319 multisque
1125 3252 1428 3306 volentibus
1459 3252 1659 3307 intrent

349 3335 537 3403 Pauci,
574 3355 709 3408 quos
737 3354 950 3393 sursum
979 3340 1205 3409 quilibet
1239 3341 1371 3395 ordo
1401 3341 1541 3393 tulit.
1823 3355 1886 3392 tu

277 3439 301 3467 ε
338 3427 645 3484 Circumdet
666 3430 951 3499 pulchrum
973 3430 1149 3500 proles
1181 3432 1500 3485 charissima
1535 3445 1732 3501 regem,

349 3524 613 3580 Omnibus
637 3527 888 3591 emineat,
919 3526 997 3579 sol
1021 3534 1083 3580 ut
1111 3527 1163 3580 in
1193 3541 1317 3581 arce
1347 3527 1502 3581 solet.

276 3617 418 3674 Hine
449 3627 628 3672 astent
647 3619 819 3686 pueri,
852 3619 1205 3674 circumstent
1233 3619 1356 3673 inde
1377 3617 1584 3688 puellae,

316 3776 437 3823 arta
454 3767 742 3840 eleganter
770 3777 823 3824 et
867 3769 1102 3840 graviter
1125 3784 1277 3823 more
1305 3766 1769 3840 suoEginhardus
1806 3768 1859 3822 in

316 3786 437 3823 arta
466 3786 742 3838 eleganter
770 3786 823 3824 et
867 3786 1102 3840 gravrter
1125 3786 1277 3823 more
1305 3786 1403 3822 suo
1433 3786 1769 3835 ngmnarous
1806 3786 1856 3822 tn

275 3786 406 3894 glita
437 3838 636 3903 Caroli,
668 3839 756 3893 alii
796 3855 1008 3909 quoque
1037 3855 1222 3893 omnes
1261 3839 1638 3893 meminerunt.
1683 3835 1856 3892 Saxo-

281 3912 438 3964 nicus
467 3909 632 3963 etiam
660 3919 817 3976 poeta
842 3911 927 3963 his
952 3910 1222 3963 versibus:

349 4017 468 4080 Nam
492 4017 690 4080 spoliata
716 4018 810 4068 fuit
828 4019 1080 4067 Hunorum
1105 4021 1259 4078 regia,
1288 4018 1527 4080 Hringum

350 4079 502 4143 Quam
525 4079 753 4143 vocitant.
779 4080 911 4129 llanc
932 4081 1030 4143 dux
1061 4079 1229 4128 Ericus
1256 4079 1569 4143 hoeice’perat
1590 4092 1736 4143 anno,

350 4141 666 4202 Multimodos
689 4144 834 4189 etiam
861 4145 970 4202 regi
991 4142 1263 4189 devexurat
1284 4142 1401 4191 inde

347 4201 644 4259 Thesauros,
674 4215 777 4250 ἱενο
800 4201 1193 4262 (ιηοςςεοιιριςεω
1217 4208 1412 4250 vetusto

351 4263 630 4312 lnuumerls
646 4265 796 4312 erebo
822 4264 1040 4325 spoliatis
1059 4264 1290 4324 gentibus
1315 4262 1460 4310 Huni.

361 4383 387 4410 ιι
420 4370 710 4424 Adveniunt
740 4377 913 4439 gentes
937 4367 1176 4439 Christo.
1203 4367 1279 4421 De
1308 4364 1588 4439 Hunorum
1615 4365 1688 4439 ad.
1712 4364 1866 4439 Chri-

1572 314 1902 372 CARMINA.
1945 313 2073 367 ΜΒ.
2114 315 2200 370 lll.

1865 435 1986 493 ΑΨ
2013 431 2180 485 Vinea
2207 431 2442 503 ltetiﬁcet
2463 431 2648 500 sicque
2673 433 2879 487 novella
2912 443 3139 502 patrem.

2569 248 2615 261 ..Ι

3411 323 3516 378 318

1944 519 2102 575 Stent
2154 520 2377 576 Carolus
2432 520 2778 592 Ludovicque
2828 525 3029 589 simul,
3085 540 3314 594 quorum
3377 545 3519 583 unus

3159 616 3440 687 [.cpltebus.

2009 701 2129 756 Jam
2155 705 2303 758 vehit
2333 705 2556 759 alterius
2580 721 2642 760 os
2666 705 2917 776 juvenale
2947 706 3130 760 decus.

1941 793 2180 863 Corpore
2205 798 2496 865 praevalido
2533 798 2728 868 quibus
2754 807 2837 853 est
2861 815 3087 854 nervosa
3109 799 3352 870 juventa,

2011 881 2224 952 Corque
2255 901 2425 956 capax
2453 888 2637 950 studii,
2667 889 2987 958 consiliique
3016 897 3196 945 tenax.

1857 971 1910 1004 τί
1942 973 2118 1030 Mente
2151 977 2356 1047 vigent,
2382 980 2578 1033 virtute
2610 979 2813 1044 eluunt,
2845 979 3046 1050 pietate
3076 983 3396 1046 redundant,

2012 1063 2202 1120 Gentis
2231 1075 2457 1138 uterque
2485 1071 2669 1135 decor,
2701 1071 2871 1126 dulcis
2900 1082 3126 1142 uterque
3148 1073 3312 1143 patri,

1941 1154 2009 1209 Et
2041 1173 2183 1212 nunc
2203 1159 2456 1215 ardentes
2501 1178 2593 1216 rex
2621 1163 2764 1217 acies
2790 1162 2968 1218 flectat
2998 1165 3065 1218 ad
3086 1164 3228 1230 illos,

2014 1249 2165 1304 Nune
2188 1251 2254 1304 ad
2285 1252 2585 1322 virgineum
2615 1253 2793 1309 ﬂectat
2816 1257 3068 1326 utrinque
3098 1257 3348 1322 chorum,

1956 1337 2259 1409 Virgineum
2305 1343 2368 1395 ad
2403 1351 2626 1407 coetum,
2665 1359 2771 1413 quo
2801 1361 2908 1400 non
2935 1354 3019 1401 est
3057 1345 3335 1416 pulchrior
3365 1345 3522 1410 alter,

2016 1431 2194 1492 V'este,
2227 1430 2433 1497 habitu,
2461 1432 2660 1501 specie,
2705 1449 2950 1503 corpore,
2976 1435 3158 1500 corde,
3182 1434 3306 1489 ﬁde.

1948 1517 2170 1573 Scilicet
2216 1519 2284 1574 ad
2311 1518 2528 1574 Bertam
2555 1561 2569 1585 ,
2623 1530 2676 1574 et
2713 1521 2996 1588 Rodtrud,
3052 1523 3143 1578 ubi
3193 1523 3264 1578 sit
3313 1537 3527 1592 quoque

3284 1614 3451 1687 [Cisla
3464 1655 3478 1679 ,

2020 1702 2373 1757 Pulchrarum
2403 1720 2508 1758 una
2546 1720 2702 1760 soror
2728 1707 2797 1760 sit
2827 1707 3025 1771 minor,
3057 1707 3190 1762 ordo
3220 1707 3405 1760 trium.

1869 1771 1918 1829 Β
1945 1793 2041 1847 Est
2076 1793 2279 1847 sociata
2311 1794 2509 1863 quibus
2536 1794 2561 1833 ἀ
2595 1795 2918 1866 Leutgardis
2939 1797 3166 1866 pulchra
3202 1797 3408 1868 virago,

2017 1883 2146 1950 Quae
2169 1883 2333 1937 micat
2353 1884 2567 1954 ingenio
2597 1901 2718 1938 cum
2758 1887 2973 1954 pietatis
3003 1901 3120 1954 ope.

1841 1975 1888 2016 εᾎῖ
1947 1973 2181 2028 Pulchra
2209 1974 2343 2028 satis
2379 1974 2547 2039 cultu,
2578 1977 2671 2030 sed
2694 1976 2854 2044 digno
2883 1977 3159 2045 pulchrior
3183 1985 3329 2041 actu,

2019 2064 2150 2120 Cum
2181 2065 2378 2134 populo
2402 2075 2456 2120 et
2478 2067 2703 2121 ducibus
2725 2068 2977 2122 omnibus
2999 2083 3104 2122 una
3130 2067 3292 2131 favet,

1947 2154 2120 2226 Larga
2139 2171 2323 2221 manu,
2358 2155 2594 2210 clemens
2622 2157 2822 2220 animo,
2852 2157 3202 2212 blandissima
3228 2156 3432 2226 verbis,

2019 2248 2284 2303 Prodesse
2319 2257 2375 2303 et
2406 2249 2645 2314 cunctis,
2679 2250 2882 2304 nemini
2911 2250 3102 2304 obesse
3134 2257 3311 2318 parat.

1950 2337 2080 2405 Quae
2101 2340 2237 2393 bene
2268 2339 2507 2392 discendi
2530 2337 2721 2393 studiis
2751 2340 2992 2393 studiosa
3015 2338 3247 2404 laborat,

2023 2427 2395 2496 lngenuasque
2430 2434 2573 2481 artes
2595 2430 2793 2482 mentis
2826 2427 2878 2480 in
2902 2443 3029 2483 arce
3063 2428 3223 2482 locat.

1954 2516 2210 2587 Prompta
2238 2519 2308 2571 Sit
2329 2517 2589 2586 obsequio
2615 2519 2829 2574 soboles
2857 2520 3165 2588 gratissima
3188 2520 3350 2588 regis,

2026 2609 2201 2677 thue
2238 2609 2411 2679 magis
2434 2609 2647 2678 placeat
2671 2617 2843 2664 certet
2870 2624 3054 2663 amore
3089 2610 3198 2678 pio.

1952 2699 2120 2754 Pallia
2153 2699 2310 2769 dupla
2337 2699 2504 2764 celer,
2549 2716 2805 2754 manuum
2829 2716 2922 2755 seu
2946 2700 3177 2772 tegmina
3204 2699 3421 2766 blanda,

2025 2788 2295 2859 Suscipiat
2314 2789 2560 2855 Carolus,
2606 2799 2662 2844 et
2686 2790 2920 2860 gladium
2961 2791 3222 2847 Ludoicb.

1955 2878 2072 2946 Quo
2103 2879 2390 2943 residente,
2441 2895 2600 2934 suum
2626 2887 2780 2949 grata
2803 2881 2946 2935 inter
2969 2880 3117 2935 basia
3147 2896 3342 2936 munus

2027 2971 2165 3025 Dent
2192 2977 2332 3024 nata:
2360 2969 2609 3040 egregia},
2635 2969 2727 3024 det
2753 2985 2968 3041 quoque
2993 2972 3190 3026 charus
3216 2987 3388 3026 amor.

1957 3059 2116 3114 Berta
2147 3075 2322 3124 rosas,
2365 3059 2707 3114 Chrodtrudh
2735 3059 2926 3124 violas,
2959 3069 3012 3115 et
3041 3060 3149 3114 lilia
3175 3059 3344 3125 Gisia,

2025 3152 2272 3206 Nectaris
2299 3152 2554 3206 ambrosii
2585 3153 2804 3220 praemia
2832 3167 3058 3222 quzeque
3080 3151 3237 3208 ferat.

1953 3241 2224 3298 Rothaidh
2247 3257 2403 3310 poma
2415 3282 2428 3307 ,
2444 3240 2696 3296 lliltrudh
2709 3240 2984 3307 Cererem,
3010 3242 3278 3298 Tetdrada
3295 3243 3534 3315 Lyaeum,

2025 3335 2157 3402 Quis
2192 3335 2342 3389 varia
2373 3335 2604 3403 species,
2635 3335 2729 3390 sed
2760 3336 2923 3390 decor
2953 3352 3091 3390 unus
3120 3336 3279 3390 inest.

1955 3423 2060 3478 lsta
2096 3424 2233 3477 nitet
2262 3424 2509 3492 gemmis,
2540 3439 2671 3478 auro
2702 3425 2791 3478 illa
2820 3425 3063 3494 splendet
3089 3434 3143 3479 et
3163 3435 3332 3493 ostro,

2027 3513 2150 3567 Haec
2168 3527 2378 3583 gemma
2403 3513 2559 3568 viridi
2589 3513 2853 3581 przenitet,
2884 3513 2970 3566 illa
2999 3514 3178 3566 rubra.

1958 3605 2149 3661 Fibula
2177 3606 2452 3674 componit
2479 3605 2640 3672 lianc,
2674 3605 2822 3659 illam
2844 3605 3042 3660 limbus
3069 3604 3315 3658 adornat.

2033 3767 2056 3795 ο
2089 3753 2380 3810 Circumdet
2406 3753 2574 3825 proles
2595 3754 2803 3825 Regem.
2835 3754 3153 3825 Progeniem
3172 3753 3349 3825 Garoli
3368 3753 3543 3825 Magni

1961 3834 2074 3881 tum
2108 3823 2442 3889 masculam,
2490 3833 2603 3878 tum
2650 3823 2965 3889 femineam,
2994 3840 3113 3894 quae
3159 3823 3242 3878 vel
3273 3833 3418 3889 nata,
3457 3823 3543 3878 vel

1961 3907 2236 3966 superstes
2273 3904 2536 3966 eratcum
2581 3895 2905 3966 scriberet,
2936 3895 3242 3948 universam
3290 3895 3543 3966 deinceps

1960 3964 2243 4021 enumerat
2275 3973 2470 4032 przeter
2491 3964 2772 4034 Pippinum
2819 3965 2980 4018 Italiae
3009 3979 3185 4034 regem
3212 3965 3300 4033 qui
3333 3966 3542 4027 aberat,

1961 4051 2082 4091 cum
2114 4035 2294 4089 caeteri
2323 4049 2511 4089 omnes
2538 4035 2675 4104 patri
2703 4035 2970 4089 adessent.
3025 4035 3104 4087 Ad
3129 4034 3546 4104 iTheodulliau-

1963 4115 2069 4159 tem
2096 4119 2286 4158 versus
2320 4105 2494 4158 lucem
2523 4102 2749 4158 afferent
2798 4106 2958 4158 verba
2991 4103 3281 4172 Eginbardi
3308 4121 3320 4156 :
3383 4121 3401 4151 ι
3435 4102 3547 4154 llil-

1963 4175 2270 4240 degardem,
2322 4175 2518 4241 inquit,
2567 4175 2632 4228 de
2681 4182 2839 4243 gente
2884 4174 3204 4243 Suevorum,
3246 4172 3544 4243 praecipere

1965 4238 2262 4297 nobilitatis
2293 4238 2544 4295 feminam
2570 4244 2623 4295 in
2655 4238 3056 4295 matrimonium
3075 4238 3304 4308 accepit.
3335 4238 3413 4292 De
3436 4253 3544 4305 qua

1967 4323 2077 4370 tres
2103 4313 2242 4365 ﬁlios
2266 4351 2280 4372 ,
2336 4311 2587 4364 Carolum
2616 4311 2885 4372 videlicet,
2924 4309 3205 4377 Pippinum
3242 4316 3295 4362 et
3324 4308 3549 4377 Ludovi-

1969 4397 2112 4445 cum,
2151 4380 2482 4448 totidemque
2528 4380 2664 4432 ﬁlias
2710 4375 3048 4448 Rotgrudirh,
3099 4378 3312 4432 Bcrtam
3341 4389 3397 4431 et
3419 4375 3546 4448 Cis—

285 4440 535 4521 stinﬁdem
555 4435 773 4521 accessit
795 4436 1306 4521 Carolo‘gratula'tair
1325 4435 1584 4490 Alcuinus
1607 4435 1765 4521 epist.
1793 4435 1823 4521 Ξ
1849 4453 1862 4488 :

1972 4451 2076 4504 lam
2101 4435 2304 4521 genuit.
2361 4435 2554 4521 l-l'abttit
2577 4459 2630 4521 et
2652 4449 2792 4521 alias
2817 4435 2928 4521 tres
2955 4435 3110 4521 ﬁ_lias_,
3149 4447 3545 4521 Theodradam,

292 4532 310 4561 ι
345 4510 563 4573 Gentes,
608 4510 802 4578 inquit,
849 4503 1477 4578 p0pulosqueillunorum
1498 4544 1512 4569 ,
1543 4503 1762 4578 antiqua
1793 4503 1869 4578 fe:

283 4583 453 4636 ritate
496 4589 551 4634 et
600 4575 1321 4633 fortitudineformidabiles
1345 4617 1358 4636 ,
1407 4576 1512 4628 tuis
1548 4590 1644 4628 suo
1676 4575 1866 4633 honori

284 4651 649 4707 militantibus
687 4648 922 4704 subdidit
952 4647 1178 4715 sceptris
1200 4645 1446 4699 Christus
1473 4685 1488 4708 ,
1533 4645 1868 4715 praevenien-

283 4730 451 4790 teque
479 4721 650 4789 gratia
674 4719 810 4790 colla
849 4717 939 4790 diu
968 4714 1351 4790 superbissima
1387 4730 1553 4770 saera:
1594 4714 1715 4790 ﬁdei
1736 4714 1867 4790 jttgo

283 4784 559 4854 devinxit,
597 4799 648 4843 et
680 4789 837 4844 cmeis
873 4787 939 4842 ab
961 4784 1182 4853 antiquo
1211 4794 1451 4852 tempore
1480 4785 1747 4838 mentibus
1788 4784 1868 4837 lu-

283 4876 413 4914 men
463 4860 707 4914 veritatis
745 4857 958 4912 infudit.
992 4877 1010 4908 ι
1071 4856 1145 4908 De
1184 4856 1419 4908 Avarum
1468 4869 1598 4908 vero
1638 4869 1864 4908 conver—

283 4931 462 4992 sione,
485 4930 824 4992 nominatim,
857 4935 1047 4981 auctor
1069 4923 1524 4994 Engolismensis:
1562 4942 1580 4972 ι
1610 4923 1750 4991 ipso,
1782 4925 1862 4994 inf

283 4999 426 5068 quit,
477 5015 619 5053 anno
667 4992 1415 5068 Tuduincum,multitudine
1463 4994 1761 5068 Avarorttm
1794 4992 1859 5046 ad

281 5063 476 5140 regem
503 5071 671 5133 venit,
699 5077 748 5122 et
772 5084 829 5140 se
857 5067 904 5121 ei
929 5067 1075 5140 dedit
1099 5080 1221 5140 eum
1250 5064 1518 5140 populoet
1540 5063 1711 5140 patria
1743 5079 1858 5140 sua,

281 5133 512 5208 et'ipse
561 5149 616 5193 et
662 5138 890 5210 populus
937 5137 1054 5206 ejus
1097 5135 1389 5191 Christiani
1427 5135 1554 5188 facti
1605 5133 1863 5202 haptizati

281 5219 440 5273 sunt,
478 5229 495 5260 ›
528 5209 678 5263 anno
701 5209 822 5263 797.

364 5281 393 5318 δ
432 5279 498 5332 Ut
544 5279 749 5333 veniunt
790 5277 1005 5331 Arabes.
1056 5275 1164 5329 Res
1213 5273 1379 5344 exigit
1426 5283 1483 5327 ut
1529 5289 1627 5342 pro
1670 5273 1865 5326 Arabes

282 5350 536 5419 legamus
579 5349 776 5402 Abares
806 5363 899 5402 seu
937 5346 1148 5419 Avqres,
1179 5343 1320 5412 quod
1346 5345 1513 5411 liquet
1557 5352 1668 5419 tum
1702 5359 1768 5396 ex
1804 5343 1866 5396 iis

283 5414 414 5490 qtize
440 5421 697 5490 proxime
714 5419 854 5490 dicta
876 5424 996 5490 sunt
1021 5415 1087 5467 de
1102 5414 1337 5490 Avarum
1358 5414 1729 5490 cein'ersione,
1749 5421 1863 5490 tum

285 5481 420 5560 quia
441 5481 629 5544 inanis
657 5489 789 5542 alias
819 5489 923 5560 hoc
961 5485 1078 5560 loep
1126 5493 1181 5537 et
1207 5483 1324 5536 sine
1369 5497 1531 5560 sensu
1563 5482 1699 5560 foret
1735 5481 1870 5534 Ara-

287 5551 423 5616 lium
453 5560 647 5615 iterata
699 5557 978 5627 repetitio.
1018 5552 1274 5627 Hortatur
1307 5552 1502 5627 quippe
1551 5560 1610 5627 ut
1635 5551 1868 5605 Avarum

287 5631 599 5699 exemplum
627 5622 923 5699 sequantur
955 5626 1160 5699 Arabﬁes
1187 5622 1299 5699 sive
1330 5622 1609 5686 Saraceni,
1639 5636 1865 5690 quorum

292 5691 601 5768 regia-tunc
626 5691 764 5770 apud
789 5698 1054 5765 llispanos
1081 5691 1348 5747 Corduba.

1973 4517 2303 4583 Hildrudem,
2344 4531 2398 4572 et
2436 4519 2776 4581 Lothaidem,
2806 4519 2941 4573 duas
2968 4519 3032 4572 de
3071 4517 3330 4572 Fastrada
3357 4532 3545 4584 uxore,

1969 4607 2089 4660 quae
2117 4593 2182 4645 de
2210 4589 2553 4643 orientalium
2583 4590 2932 4649 Francorum,
2975 4587 3365 4660 Germanorum
3398 4587 3549 4641 vidc-

1967 4658 2111 4725 licet,
2145 4669 2303 4729 gente
2323 4669 2480 4724 erat;
2514 4661 2726 4713 tertiam
2753 4660 2818 4713 de
2846 4659 3142 4712 concubina
3173 4658 3424 4729 quadam,
3455 4671 3550 4710 cu-

1962 4731 2053 4798 jus
2085 4725 2279 4784 noinen
2321 4730 2478 4784 modo
2511 4730 2785 4785 memoriae
2829 4744 2934 4782 non
2979 4725 3545 4798 occurritsDefuncta

1968 4796 2232 4856 Fastrada
2269 4797 2626 4869 Luidgardim'
2646 4799 3002 4852 Alamannam
3029 4798 3201 4863 duxit,
3235 4797 3299 4851 de
3329 4811 3435 4865 qua
3462 4796 3545 4848 ni-

1971 4872 2048 4926 hil
2078 4871 2368 4924 liberorum
2400 4871 2539 4922 tulit.
2578 4889 2594 4920 ι

2036 4941 2062 4979 d
2096 4940 2403 5008 Leutgardis
2428 4938 2646 5008 pulchra
2675 4939 2868 5006 virago.
2887 4936 3036 4991 Uxor
3057 4935 3230 4991 Caroli
3250 4944 3546 5008 postrema,

1967 5019 2028 5064 ut
2047 5003 2250 5064 dictum
2279 5019 2379 5062 est.
2410 5003 2508 5062 Ubi
2541 5016 2595 5060 et
2619 5003 2829 5075 quando
2856 5008 2967 5060 haec
3005 5003 3550 5076 nupseritnemo‘do-

1969 5091 2092 5134 eet:
2125 5077 2359 5131 Turonis
2400 5070 2702 5130 defunctam
2733 5076 2997 5130 aﬁirmant
3026 5070 3213 5130 omnes
3253 5088 3394 5124 anno
3423 5070 3546 5126 80f.

1970 5149 2100 5217 Ejus
2122 5162 2282 5216 porro
2307 5146 2532 5217 formam
2561 5155 2614 5200 et
2657 5162 2833 5201 mores
2874 5141 3448 5217 laudant_etj_am_alii,
3489 5147 3548 5192 ut

1971 5209 2228 5272 Aleuinus
2268 5217 2333 5270 de
2362 5216 2557 5272 Leonis
2604 5217 2761 5286 Papa:
2795 5218 3024 5270 adventu
3061 5215 3128 5267 ad
3172 5209 3420 5265 Carolum
3464 5224 3549 5263 re-

1974 5304 2091 5360 gem
2126 5304 2136 5342 :

2097 5381 2321 5445 Procedit
2347 5379 2496 5445 multa
2521 5383 2705 5445 circum
2724 5380 2984 5445 comitante
3012 5381 3206 5421 caterva
3246 5433 3256 5445 _

2098 5443 2386 5503 Luitgardus
2401 5443 2554 5495 Caroli
2582 5442 2908 5503 pulcherrima
2932 5448 3127 5484 nomine
3151 5442 3325 5495 conjux
3348 5447 3360 5482 :

1969 5535 2024 5580 et
2045 5535 2203 5595 poeta
2235 5525 2535 5580 Saxonicus
2563 5524 2629 5577 de
2656 5521 2774 5590 ejus
2803 5520 2952 5573 obitu
2981 5517 3224 5586 loquens,

2097 5637 2315 5686 Moribus
2341 5644 2391 5685 et
2420 5637 2527 5682 vitm
2551 5637 2727 5681 merito
2753 5630 3002 5678 laudabilis
3023 5631 3169 5690 omni,

2097 5699 2180 5750 Cui
2204 5710 2378 5747 nomen
2406 5696 2677 5754 Luitgardis
2700 5700 2820 5740 erat.
