4046 6438
224 333 327 387 δὶι

299 450 406 504 Res
434 464 624 518 magna
654 459 708 506 et
732 451 883 522 parvi
907 453 1140 522 pectoris
1164 462 1316 506 antra
1345 451 1488 506 colit.

223 540 292 594 Et
322 556 467 595 nunc
495 543 583 596 iile
608 541 777 597 libros
805 558 1087 613 operosus,
1116 556 1258 596 nunc
1283 541 1422 596 ferat
1447 551 1500 595 et
1530 556 1638 604 res,

297 631 626 701 Spiculaque
656 634 724 687 ad
755 631 925 687 Scotti
952 647 1094 686 nunc
1117 640 1272 702 paret
1289 641 1413 700 apta
1442 645 1648 685 necem.

219 724 320 780 Cui
354 727 480 779 dum
506 725 614 779 vita
645 741 828 780 comes
852 725 1015 780 fuerit
1035 726 1151 779 haec
1173 724 1356 779 oscula
1385 723 1623 786 tradam,

297 816 446 870 Trux
477 817 654 871 aurite
680 817 776 872 tibi
804 832 924 886 quae
946 815 1040 870 dat
1063 815 1228 870 aselle
1248 815 1426 885 lupus.

220 907 364 962 Ante
403 909 554 963 canis
580 908 793 978 lepores
827 908 964 972 alet,
997 919 1088 961 aut
1123 908 1278 977 lupus
1302 905 1577 976 improbus
1613 920 1800 974 agnos,

297 998 405 1052 Aut
429 997 617 1052 timido
643 999 783 1052 muri
811 999 985 1052 mnsio
1015 1007 1162 1066 terga
1192 997 1354 1058 dabit,

95 1075 122 1118 ’ί
219 1085 397 1155 Quam
432 1088 567 1143 Geta
597 1105 720 1143 cum
751 1087 939 1144 Scotto
965 1090 1051 1159 pia
1082 1089 1231 1158 pacis
1257 1089 1462 1142 findera
1483 1086 1696 1157 jungat,
1727 1092 1729 1094 '
1758 1085 1853 1135 lit]

295 1177 426 1244 Qum
454 1179 498 1232 si
525 1178 664 1234 forte
686 1180 813 1234 velit
833 1179 1080 1250 jungere,
1106 1188 1300 1234 ventus
1328 1180 1454 1234 erit.

220 1265 323 1322 liic
348 1284 606 1338 pmnasve
629 1269 779 1323 dabit
809 1270 1049 1340 fugietne
1077 1271 1381 1325 simillimus
1405 1269 1625 1333 Austro,

296 1356 473 1426 thue
499 1358 570 1412 sit
594 1358 682 1413 hic
709 1358 874 1424 aliud,
913 1359 986 1414 nil
1015 1360 1119 1415 nisi
1148 1361 1368 1416 Scottus
1395 1361 1517 1414 erit.

221 1448 322 1504 Cui
353 1450 399 1504 si
431 1449 722 1505 litterulam
749 1468 867 1522 qua:
895 1461 978 1508 est
1006 1453 1194 1508 ordine
1214 1453 1372 1508 tertia
1402 1453 1580 1517 tollas,

293 1538 460 1609 Inque
487 1540 719 1595 secunda
745 1557 845 1596 suo
867 1543 1084 1598 nomine
1113 1542 1252 1598 forte
1279 1544 1450 1608 sedet,

221 1626 353 1695 Qnte
373 1638 531 1684 sonat
550 1629 602 1684 in
627 1630 765 1698 cmlo
786 1632 976 1702 prima,
1001 1641 1056 1687 et
1081 1649 1202 1702 quae
1230 1634 1284 1688 in
1315 1633 1527 1688 Scantio
1550 1633 1801 1697 secunda,

295 1719 476 1776 Tertia
508 1721 560 1776 in
597 1723 862 1788 Ascensu,
889 1735 1082 1795 quarta
1106 1727 1160 1780 in
1190 1727 1480 1782 Amicitiis.

221 1811 400 1878 Quam
430 1815 563 1869 satis
591 1813 814 1869 offendit
839 1832 938 1886 pro
975 1833 1079 1887 qua
1119 1826 1170 1874 te
1197 1819 1377 1873 littera
1407 1818 1574 1873 Salvi.

297 1901 496 1967 Utitur,
527 1904 670 1958 haud
706 1905 924 1959 dubium
959 1919 984 1946 ιι
1017 1908 1159 1976 quod
1188 1916 1343 1963 sonat
1369 1908 1470 1963 hoc
1494 1916 1550 1962 et
1576 1910 1699 1963 erit.

225 1992 255 2031 δ
285 1991 404 2048 Stet
429 1993 615 2048 Levita
643 1996 840 2050 decens
867 1996 1124 2067 Fredegis
1150 1998 1386 2053 sociatus
1416 1996 1622 2064 Osulfo,

295 2081 511 2137 Gnarus
537 2093 764 2155 uterque
791 2087 942 2149 artis,
973 2087 1162 2143 doctus
1185 2097 1412 2158 uterque
1436 2088 1593 2144 bene.

226 2182 251 2210 ε
285 2171 499 2228 Nardus
525 2183 581 2230 et
616 2174 937 2230 Ercambald
966 2177 1010 2231 si
1041 2176 1662 2250 conjungantur'Osulfo,

301 2261 436 2316 Tres
465 2277 668 2318 mensa:
693 2272 951 2333 poterunt
975 2267 1134 2323 unius
1160 2283 1281 2324 esse
1311 2270 1465 2339 pede.

221 2351 485 2422 Pinguior
508 2353 597 2408 hic
623 2353 717 2409 illo
740 2364 843 2421 est,
878 2357 968 2412 hic
995 2369 1078 2413 est
1101 2375 1316 2429 quoque
1349 2360 1562 2414 tenuior
1587 2359 1698 2424 illo,

294 2441 403 2497 Sed
433 2459 686 2499 mensura
715 2445 866 2502 dedit
892 2449 1052 2504 altior
1075 2465 1194 2505 esse
1218 2465 1396 2520 pares.

219 2535 488 2591 Pomillua
521 2537 690 2593 solers
714 2540 896 2595 veniat
922 2543 988 2596 de
1017 2539 1142 2598 sede
1171 2541 1462 2608 Menalcas,

296 2624 564 2682 Sudorem
592 2629 910 2700 abstergens
934 2630 1129 2686 frontis
1159 2631 1228 2686 ab
1256 2647 1384 2689 arce
1410 2649 1592 2688 manu.

216 2715 396 2785 Quam
424 2733 566 2788 smpe
588 2719 897 2789 ingrediens
925 2721 1192 2791 pistorum
1218 2725 1332 2779 sive
1352 2739 1648 2795 coquorum

296 2807 540 2865 Vallatus
568 2812 752 2867 cuneis
770 2812 860 2882 jus
886 2814 1145 2886 synodale
1169 2816 1326 2886 gerit.

220 2900 524 2956 Prudenter
549 2901 640 2972 qui
665 2911 857 2957 cuncta
887 2919 1100 2975 gerens,
1129 2905 1423 2976 epulasque
1449 2906 1724 2976 dapesque
1796 2886 1813 2932 Τ

296 2990 457 3060 Regis
481 2993 803 3048 honoratum
839 2994 1048 3049 deferat
1085 3004 1211 3052 ante
1244 2997 1519 3051 thronum.

218 3082 492 3137 Adveniat
527 3084 785 3154 pincerna
814 3094 1008 3156 potens
1037 3087 1293 3158 Eppinus,
1324 3095 1379 3144 et
1411 3088 1524 3158 ipse

294 3171 632 3243 Pulchraque
662 3191 788 3229 vasa
818 3191 1009 3242 manu,
1040 3177 1270 3247 vinaque
1299 3186 1449 3248 grata
1477 3179 1658 3233 vehat.

219 3259 345 3315 Jam
375 3262 809 3320 circnmsedeant
832 3267 1035 3337 regalia
1061 3269 1285 3338 prandia
1306 3267 1470 3338 jussi,

295 3350 523 3408 Laetitia:
543 3353 702 3409 detur
729 3372 926 3412 munus
951 3359 1020 3413 ab
1053 3373 1153 3413 axe
1179 3359 1306 3429 poli.

221 3441 291 3496 Et
317 3453 470 3511 pater
491 3443 719 3500 Albinus
747 3447 933 3502 sedeat
957 3450 1047 3518 pia
1070 3451 1233 3504 verba
1264 3452 1506 3507 daturus.

294 3532 728 3606 Sumpturusque
751 3537 902 3591 cibos
923 3553 1019 3593 ore
1047 3554 1317 3608 manuque
1345 3540 1536 3596 libens.

218 3625 427 3690 Antsi,
455 3627 688 3692 Bacche,
721 3629 820 3693 tui,
847 3638 940 3684 aut
966 3630 1204 3686 Cerealis
1229 3632 1381 3700 pocla
1409 3633 1634 3701 liquoris

276 3715 534 3786 Porgcre
563 3718 855 3786 pnecipiat,
891 3717 1004 3774 fors
1031 3728 1087 3773 et
1114 3727 1404 3789 utrumque
1429 3721 1590 3775 volet.

117 3855 122 3858 .
222 3808 344 3875 Quo
373 3807 571 3861 melius
594 3807 816 3874 doceat,
844 3809 1038 3864 melius
1065 3826 1163 3864 sua
1192 3810 1369 3866 fistula
1397 3820 1599 3878 cantet,

295 3899 357 3953 Si
392 3900 709 3954 doctrinalis
744 3902 979 3970 pectoris
1005 3910 1163 3955 antra
1197 3901 1353 3972 riget.

222 3988 325 4043 Est
354 3990 538 4058 procul
567 3990 764 4059 pultes,
792 3998 849 4045 et
873 3991 1029 4046 lactis
1058 4007 1236 4047 massa
1263 3993 1456 4059 coacti,

298 4079 408 4134 Sed
431 4079 747 4150 pigmentati
778 4080 855 4135 sis
884 4094 1052 4150 prope
1079 4096 1265 4136 mensa
1293 4082 1420 4137 cibi.

225 4169 560 4238 Participent
594 4184 811 4225 mensas
835 4170 1028 4240 epulis,
1059 4179 1115 4226 et
1142 4171 1319 4229 dulcia
1347 4182 1565 4228 sumant

297 4259 524 4323 Pabula,
551 4260 675 4312 vina
704 4260 893 4315 bibent
919 4269 1177 4330 stansque
1206 4263 1506 4332 sedensque
1538 4264 1720 4319 simul.

227 4350 326 4405 His
351 4350 489 4406 bene
515 4351 763 4420 patratis,
796 4352 996 4406 mensis
1027 4353 1362 4424 dapibusque
1389 4355 1634 4421 remotis,

239 4429 249 4438 ’
296 4441 497 4512 Pergat
526 4442 712 4497 laetitia
737 4442 890 4513 plebs
918 4443 1213 4500 comitante
1241 4444 1407 4501 foras.

299 4608 324 4635 ι
369 4593 526 4668 Quod
555 4605 705 4668 sonat
740 4596 837 4650 hoc
870 4606 917 4652 et
941 4599 1058 4652 erit.
1092 4596 1330 4653 Stolidus
1359 4599 1628 4655 videlicet.
1649 4598 1789 4668 ,Scot

226 4673 316 4739 tus
342 4665 490 4718 enim
507 4666 591 4739 ,_si
617 4683 654 4739 cA
669 4667 904 4721 litteram
939 4670 1175 4730 extimas.
1216 4669 1275 4723 ﬁt
1310 4678 1517 4734 sottus,
1561 4665 1681 4739 quae
1706 4688 1810 4727 vox

220 4735 337 4809 jam
364 4736 752 4809 Atum‘bardum
791 4747 860 4809 et,
883 4739 1524 4809 stolidumsigniﬁcabat.
1559 4735 1812 4797 Carmine

226 4803 260 4859 5
284 4803 448 4872 hujus
473 4804 686 4878 libriad
709 4808 1102 4878 Angilbertum,
1131 4803 1240 4862 Ηἱέ
1255 4808 1462 4864 Scottus
1483 4821 1669 4864 sottits.
1695 4812 1811 4877 Quo

227 4892 432 4947 genere.
456 4877 632 4930 cavilli
665 4877 958 4947 appetitum
984 4879 1235 4934 similiter
1257 4895 1286 4932 a
1315 4879 1509 4934 Carolo
1536 4879 1700 4934 Calvo
1731 4881 1809 4935 fe-

228 4945 360 5000 runt
385 4945 630 5000 Scottum
663 4945 890 5002 alterum
914 4946 1525 5020 JoannemiEI-igenam,
1555 4951 1649 5020 sed
1687 4951 1808 5005 Eri-

226 5030 428 5087 genam
459 5025 617 5070 acuto
634 5033 891 5087 responso
918 5019 1161 5075 elusisse.
1190 5019 1267 5074 De
1293 5019 1395 5075 hoc
1422 5029 1602 5074 autem
1625 5019 1810 5076 Scotto

229 5085 347 5160 sive
377 5085 633 5160 Scotello,
659 5085 822 5157 quem
852 5089 1048 5144 iterum
1072 5098 1257 5160 postea
1288 5097 1468 5153 vexat,
1502 5090 1733 5160 fueritne
1766 5093 1812 5146 is

226 5155 470 5211 Joannes
498 5155 713 5212 Scottus
732 5198 748 5221 ,
780 5173 939 5227 quem
962 5155 1221 5214 una—cum
1254 5160 1480 5215 Alcuino
1509 5161 1562 5215 in
1584 5159 1810 5216 Galliam

227 5227 449 5298 venisse
476 5227 711 5293 tradunt,
750 5245 854 5282 non
887 5230 1059 5284 habeo
1082 5231 1224 5298 quod
1255 5231 1535 5285 afﬁrmem.

305 5299 333 5336 δ
371 5296 485 5352 Stet
527 5297 682 5352 levita
725 5299 908 5353 decens
953 5296 1221 5368 Fredégis.
1262 5301 1453 5354 Exstat
1492 5300 1704 5356 Alcuini
1744 5301 1812 5356 ad

227 5366 586 5440 Fredegisum
623 5368 767 5423 hunc
805 5368 1048 5440 libellus,
1091 5366 1143 5422 in
1185 5383 1292 5437 quo
1328 5371 1618 5440 propositis
1651 5372 1720 5424 ab
1745 5385 1812 5425 eo

229 5437 606 5508 de‘Trinitate
648 5437 1045 5508 quzestionibus
1073 5437 1378 5508 respondet.
1430 5437 1632 5494 Fuerat
1665 5440 1812 5494 enim

229 5506 404 5573 ipsius
448 5506 773 5580 discipulus,
820 5517 878 5580 ut
924 5517 980 5564 et
1016 5506 1254 5580 qulfus.
1307 5509 1495 5564 Exstat
1539 5509 1814 5580 Fredegisi

229 5591 452 5650 quoque
475 5579 644 5650 ipsius
671 5579 882 5650 diaconi
917 5581 982 5650 de
1015 5578 1195 5632 Nihilo
1224 5580 1372 5634 etde
1407 5580 1666 5650 Tenebris
1701 5578 1814 5650 epi-

231 5646 374 5716 stola
407 5649 642 5702 nondum
668 5649 833 5711 edita,
865 5649 1019 5716 cujus
1048 5650 1150 5702 hoc
1177 5658 1260 5703 est
1294 5650 1600 5714 exordium,
1629 5646 1814 5704 Omni.-

235 5715 334 5768 bus
357 5716 600 5784 ﬁdelibus
622 5728 668 5770 et
697 5720 873 5772 domui
897 5715 1059 5774 nostri
1087 5721 1399 5773 serenissimi
1427 5720 1675 5790 principis
1710 5721 1814 5775 Ca-

1532 335 1860 391 CARMINA.
1903 336 2033 392 LIB.
2071 337 2156 390 Ill.

1821 450 2116 521 Aliaeque
2156 452 2302 508 intus
2343 461 2688 516 remanente,
2722 462 2880 510 sonet
2918 454 3265 512 Theodulﬁca
3301 441 3539 525 Musa}.

3371 343 3480 400 529

1973 539 2102 605 Quae
2132 540 2311 596 foveat
2338 557 2513 611 reges,
2542 543 2775 599 mulceat
2805 554 2860 600 et
2886 561 3140 615 proceres

1758 616 1860 666 πί(
1901 631 2098 686 Audiat
2130 635 2271 688 hanc
2300 633 2481 689 forsan
2513 638 2850 693 membrosus
2877 639 3140 694 Wibodus
3164 640 3348 705 heros,

1973 723 2256 780 Concutiat
2283 742 2530 781 crassum
2557 736 2747 799 terque
2773 741 3074 800 quaterque
3100 739 3283 801 caput.

1902 813 1971 866 Et
1999 821 2211 869 torvum
2236 817 2504 885 aspiciens
2532 819 2788 888 vultuque
2815 829 2872 876 et
2899 836 3033 876 voce
3053 821 3312 887 minetur,

1971 903 2372 976 Absentemque
2397 909 2510 964 suis
2534 923 2621 963 me
2648 910 2840 965 obruat
2862 911 2951 966 ille
2983 912 3146 967 minis
3183 930 3196 965 :

1903 993 2072 1058 Quem
2099 993 2144 1048 si
2172 994 2312 1050 forte
2331 1007 2488 1052 vocet
2515 999 2686 1068 pietas
2711 1001 3016 1069 gratissima
3041 1001 3206 1070 regis,

1973 1083 2170 1138 Gressu
2199 1095 2287 1139 eat
2316 1087 2536 1156 obliquo
2560 1088 2644 1142 vel
2673 1089 2935 1143 titubante
2969 1104 3130 1159 genu.

1904 1171 1970 1225 Et
2002 1187 2097 1225 sua
2128 1174 2399 1241 praecedat
2428 1176 2754 1232 tumefactus
2779 1187 2999 1247 pectora
3027 1187 3239 1243 venter,

1975 1261 2043 1314 Et
2071 1262 2206 1330 pede
2239 1263 2558 1331 Vulcanum,
2585 1282 2718 1322 voce
2745 1267 2932 1322 Jovem
2959 1268 3178 1323 referat.

1823 1409 1826 1411 Α
1906 1349 2032 1404 Haec
2062 1351 2134 1404 ita
2165 1351 2292 1407 dum
2317 1353 2471 1420 fiunt,
2499 1356 2625 1409 dum
2654 1357 2896 1412 carmina
2922 1367 3108 1412 nostra
3145 1358 3414 1429 leguntur,

1978 1438 2098 1494 Stet
2127 1441 2414 1497 Scottellus
2443 1444 2538 1508 ibi,
2571 1459 2659 1499 res
2681 1446 2799 1500 sine
2833 1446 2949 1516 lege
2975 1447 3179 1511 furens,

1767 1527 1863 1578 ὶις
1907 1527 2014 1582 Res
2041 1529 2179 1594 dira,
2217 1532 2388 1586 hostis
2413 1541 2568 1587 atrox
2588 1574 2602 1599 ,
2631 1534 2798 1590 hebes
2825 1535 3034 1600 horror,
3067 1537 3237 1606 pestis
3273 1537 3488 1602 acerba,

1980 1619 2237 1691 Litigiosa
2267 1623 2383 1678 lues
2402 1663 2416 1688 ,
2449 1639 2538 1679 res
2561 1623 2697 1690 fera,
2727 1625 2930 1696 grande
2958 1626 3130 1681 nefas.

1911 1711 2019 1767 Res
2048 1715 2179 1782 fera,
2209 1732 2296 1772 res
2318 1718 2510 1788 turpis,
2541 1735 2628 1774 res
2658 1721 2860 1790 segnis,
2889 1734 3084 1790 resque
3113 1721 3362 1786 nefanda,

1835 1801 1883 1859 B
1982 1804 2088 1860 Res
2117 1805 2314 1862 infesta
2338 1809 2465 1876 piis,
2492 1824 2581 1864 res
2609 1810 2827 1866 inimica
2858 1811 3033 1866 bonis.

1910 1896 1977 1950 Et
2000 1897 2250 1952 manibus
2276 1899 2477 1962 curvis,
2509 1899 2729 1969 paulum
2758 1901 2970 1956 cervice
2997 1900 3221 1966 reﬂexa,

1785 1992 1794 1996 ‘
1819 1999 1824 2003 '
1855 2007 1866 2030 ς
1933 1971 1938 1976 ’
1978 1984 2096 2040 Νοη
2129 1994 2276 2041 recta
2307 1987 2376 2041 ad
2408 1987 2660 2043 stolidum
2691 1990 2914 2044 brachia
2937 1998 3125 2059 pectus
3152 1997 3299 2045 eant.

1907 2073 2152 2145 Anceps,
2184 2076 2478 2142 attonitus,
2523 2077 2818 2143 tremulus,
2858 2077 3212 2144 furibundus,
3246 2078 3496 2147 anhelus,

1979 2163 2097 2219 Stet
2125 2165 2260 2221 levis
2283 2181 2433 2232 aure,
2469 2182 2651 2232 manu,
2677 2167 2900 2233 lumine,
2928 2177 3130 2234 mente,
3161 2171 3318 2240 pede,

1907 2257 1976 2312 Et
1999 2259 2162 2314 celeri
2195 2268 2344 2315 motu
2372 2276 2517 2316 nunc
2544 2261 2646 2317 hos
2670 2276 2814 2316 nunc
2841 2262 3162 2332 comprimat
3186 2262 3329 2330 illos,

1977 2349 2132 2405 Nunc
2159 2351 2390 2421 gemitus
2416 2359 2652 2416 tantum,
2681 2367 2827 2407 nunc
2854 2351 2969 2407 fera
2995 2351 3159 2407 verba
3189 2359 3365 2407 sonet.

1761 2446 1809 2486 ἓξ
1834 2447 1849 2480 ε
1908 2439 2063 2494 Nunc
2092 2441 2160 2495 ad
2189 2441 2470 2507 lectorem,
2503 2458 2645 2497 nunc
2675 2458 2734 2497 se
2761 2450 3044 2498 convertat
3072 2443 3138 2497 ad
3164 2458 3356 2499 omnes

1978 2529 2272 2585 Adstantes
2300 2545 2574 2601 proceres,
2607 2531 2683 2584 nil
2711 2532 2918 2586 ratione
2947 2547 3158 2601 gerens.

1908 2618 1974 2672 Et
1997 2619 2425 2688 reprehendendi
2458 2619 2636 2675 studio
2665 2618 2813 2675 ferus
2842 2627 3034 2675 :estuet
3058 2621 3256 2688 hostis,

1979 2707 2077 2763 Cui
2107 2708 2177 2763 sit
2201 2724 2362 2779 posse
2385 2709 2604 2780 procul,
2627 2709 2742 2779 jam
2771 2710 2896 2780 quia
2921 2709 3060 2765 velle
3085 2725 3251 2781 prope
3278 2718 3384 2766 est.

1907 2799 2148 2854 Plurima
2170 2799 2263 2868 qui
2293 2799 2503 2864 didicit,
2530 2798 2604 2853 nil
2635 2798 2826 2864 ﬁxum,
2851 2798 2925 2853 nil
2952 2813 3166 2870 quoque
3192 2808 3423 2867 certum,

1977 2891 2107 2958 Qua:
2141 2899 2322 2945 tamen
2349 2891 2584 2960 ignorat,
2611 2891 2793 2945 omnia
2833 2905 2995 2946 nosce
3022 2899 3195 2959 putat.

1906 2977 2023 3033 Non
2061 2980 2183 3035 ideo
2217 2979 2427 3044 didicit,
2459 2979 2676 3049 sapiens
2703 2987 2764 3033 ut
2786 2979 2959 3049 possit
2982 2979 3194 3043 haberi,

1977 3070 2084 3126 Sed
2114 3069 2472 3140 contendendi
2500 3078 2559 3124 ut
2584 3078 2865 3140 promptus
2893 3069 2962 3123 ad
2993 3084 3143 3122 arma
3171 3067 3332 3123 foret.

1831 3148 1875 3210 C
1908 3164 2072 3219 Multa
2103 3164 2211 3220 scis
2245 3172 2302 3219 et
2336 3163 2478 3218 nulla
2511 3163 2679 3232 sapis,
2706 3163 2880 3234 plura,
2913 3163 3104 3228 inscie,
3135 3163 3299 3229 nosti,

1980 3261 2122 3328 Quid
2165 3262 2340 3316 dicam
2370 3261 2496 3316 inde
2523 3263 2732 3331 magis?
2757 3276 2864 3316 non
2903 3261 3080 3330 sapis,
3123 3269 3288 3330 atque
3327 3260 3496 3330 sapis.

1784 3355 1804 3391 ἶ
1860 3349 1874 3394 ί
1908 3353 2026 3407 Rex
2053 3368 2148 3407 sua
2177 3352 2346 3407 fulcra
2375 3361 2552 3422 petat,
2581 3354 2780 3408 habeat
2808 3368 2904 3408 sua
2936 3353 3148 3408 mansio
3180 3365 3449 3422 quemque
3477 3367 3494 3406 :

1983 3443 2096 3496 Rex
2127 3443 2266 3496 bene
2290 3441 2446 3496 liBlllS
2470 3450 2580 3506 eat,
2615 3442 2768 3511 plebs
2789 3443 2927 3497 bene
2953 3441 3061 3495 lata
3087 3449 3253 3496 meet.

1816 3532 1819 3533 ⁷
1909 3532 1982 3585 At
2008 3539 2064 3584 tu
2089 3545 2253 3599 posce
2277 3530 2367 3600 pio
2393 3531 2624 3584 reditum
2653 3545 2774 3588 mea
2803 3529 2982 3584 fistula
3013 3529 3146 3599 regi,

1983 3621 2051 3674 Et
2078 3620 2289 3675 cunctis
2312 3621 2528 3674 veniam
2549 3635 2686 3689 quos
2713 3620 2820 3674 ciet
2846 3619 2949 3674 istc
2969 3618 3119 3672 locus
3155 3615 3272 3688 [F.,
3294 3613 3496 3690 iocus].

1914 3711 2016 3778 Qui
2041 3727 2109 3766 ne
2134 3725 2295 3780 quem
2320 3711 2578 3776 offendat,
2607 3711 2819 3780 placeat
2845 3710 3065 3766 dilectio
3093 3708 3316 3772 Christi,

1983 3802 2175 3858 Omnia
2203 3817 2322 3872 qua:
2348 3801 2556 3868 suffert,
2590 3804 2674 3858 cui
2701 3804 2845 3858 bona
2873 3811 3067 3859 cuncta
3093 3802 3328 3872 placent.

1914 3891 2027 3947 llac
2055 3909 2158 3963 ope
2182 3894 2275 3962 qui
2304 3909 2524 3960 vacuus,
2553 3893 2645 3964 qui
2677 3901 2828 3949 tanto
2857 3902 2940 3950 est
2963 3908 3188 3948 munere
3216 3891 3415 3952 nudus.

1985 3985 2071 4040 Sit
2093 3986 2218 4042 licet
2243 3987 2504 4053 infensus,
2532 3995 2617 4042 est
2643 3987 2777 4042 mihi
2802 4002 2932 4043 cura
2963 3985 3116 4042 levis.

1913 4077 2012 4144 Qui
2053 4086 2102 4133 te
2130 4080 2390 4135 mundani
2417 4081 2591 4150 regni,
2621 4096 2738 4145 rex,
2769 4080 2962 4135 extulit
2990 4095 3136 4145 arce,

1987 4167 2214 4223 Praemia
2242 4170 2488 4240 perpetui
2517 4171 2609 4225 det
2635 4171 2859 4226 meliora
2885 4169 3000 4224 tibi.

2198 4347 2224 4388 ά
2262 4363 2427 4402 surae
2458 4362 2766 4401 SEPULCRUII
2789 4361 3006 4400 annum
3031 4360 3198 4399 parm.

1916 4437 2092 4493 Aurea
2120 4435 2398 4491 funereum
2425 4433 2739 4505 complectit
2763 4432 2944 4494 littera
2969 4447 3211 4496 carmen,

1915 4587 2014 4643 τοιὶ
2043 4589 2097 4643 in
2135 4606 2286 4643 sacro
2324 4589 2438 4658 ejus
2467 4585 2664 4658 palatio
2702 4583 3136 4658 consistentibus,
3177 4583 3499 4658 redegisus

1913 4661 2187 4713 diaconus.
2219 4654 2484 4724 Aqithtam
2526 4657 2819 4710 diutissime
2857 4671 2890 4712 α
2923 4654 3319 4724 qumnpluribus
3343 4671 3496 4724 quaa-

1912 4731 2134 4783 stionem
2158 4729 2222 4782 de
2249 4729 2450 4793 Nihilo,
2479 4735 2586 4782 etc.
2609 4727 2872 4782 Abbatem
2902 4733 3086 4794 postea
3115 4724 3281 4779 fuisse
3312 4739 3500 4780 mona-

1911 4800 2058 4853 sterii
2085 4799 2142 4854 S.
2172 4799 2412 4863 Martini,
2443 4807 2498 4853 et
2520 4795 2922 4857 cancellarinm,
2947 4809 3013 4849 ex
3043 4795 3208 4849 variis
3235 4794 3494 4850 Ludovici

1909 4869 1989 4924 Pii
2019 4870 2398 4938 diplomatibus
2419 4875 2752 4938 compertum
2778 4872 2880 4938 est.

1988 4952 2010 4979 ο
2054 4933 2292 4992 Nardus.
2325 4938 2424 5003 Qui
2456 4933 2615 5003 supra
2648 4935 2919 4989 Nardulus
2953 4933 3024 4988 ob
3059 4934 3277 4990 brevem
3318 4941 3489 4990 statu-

1915 5023 2054 5062 ram.
2087 5007 2347 5063 Alcuinus
2370 5021 2540 5061 carm.
2565 5005 2670 5060 256
2705 5024 2719 5059 :
3020 5029 3022 5031 >

1976 5121 2130 5184 Janus
2153 5133 2297 5184 parva
2320 5121 2538 5184 quidem,
2561 5126 2613 5184 et
2639 5133 2814 5180 parvus
2829 5121 3073 5172 habitator
3098 5121 3144 5168 io
3171 5116 3279 5166 ede
3303 5121 3416 5176 est,

1979 5181 2085 5231 Non
2105 5181 2309 5244 spernas
2330 5181 2563 5244 Nardum,
2590 5183 2760 5240 lector,
2779 5185 2824 5232 in
2849 5195 3053 5243 corpore
3075 5192 3242 5244 parvo.

1983 5245 2104 5305 Nam
2133 5243 2324 5294 redolet
2342 5243 2518 5292 nardus
2538 5247 2722 5305 Splcsto
2745 5247 2965 5303 gramine
2998 5243 3219 5296 multum,

1993 5304 2073 5372 Me
2098 5305 2500 5372 lapisregregium
2526 5304 2684 5372 pariat
2703 5307 2790 5356 tibi
2813 5315 3017 5364 corpore
3041 5313 3226 5372 [nrt-25

1984 5366 2134 5415 Parva
2147 5359 2347 5428 quidem
2368 5359 2454 5417 res
2475 5359 2551 5416 est
2572 5367 2838 5423 oculorum,
2858 5359 3260 5428 pernmrupilla.

1981 5428 2082 5494 Sed
2105 5425 2462 5494 regitimperio
2485 5431 2664 5477 vivacis
2679 5425 2903 5494 corporis
2914 5431 3070 5494 actos.
3128 5481 3140 5494 .

1923 5491 1926 5493 λ
1981 5489 2062 5538 Sic
2085 5481 2214 5548 regit
2235 5481 2340 5548 ipse
2362 5490 2556 5539 domum
2580 5495 2728 5537 totam
2750 5481 2842 5535 sibi
2865 5481 3106 5548 Nardulus
3126 5481 3285 5548 istam.

1981 5542 2214 5614 Nardule,
2231 5542 2309 5601 die
2333 5550 2488 5601 lector
2512 5559 2749 5612 pergens,
2770 5553 2821 5596 tu
2847 5542 3071 5608 parvule,
3090 5544 3245 5595 salve.

1987 5655 2014 5694 δ
2058 5655 2229 5725 Super
2253 5655 2550 5725 sepulcrum
2579 5651 2801 5725 Adriani
2826 5665 2993 5725 papas.
3034 5649 3150 5705 Non
3179 5650 3394 5725 videtur
3425 5658 3502 5704 ta-

1918 5741 2040 5780 men
2073 5721 2570 5793 Adriani'sepnlcro
2602 5721 2910 5790 impositum
2935 5721 3037 5777 hoc
3064 5736 3281 5778 carmen
3308 5721 3495 5785 fuisse,
