  <div class='ocr_page' id='page_1' title='image "/cluster/home/n/w/nwhite01/storage/ocr_20150623/105/hvd.32044021109350/165.png"; bbox 0 0 4046 6452; ppageno 0'>
   <div class='ocr_carea' id='block_1_1' title="bbox 549 328 653 382">
    <p class='ocr_par' dir='ltr' id='par_1_1' title="bbox 549 328 653 382">
     <span class='ocr_line' id='line_1_1' title="bbox 549 328 653 382; baseline -0.01 0"><span class='ocrx_word' id='word_1_1' title='bbox 549 328 653 382; x_wconf 68' lang='lat'><strong>523</strong></span> 
     </span>
    </p>
   </div>
   <div class='ocr_carea' id='block_1_2' title="bbox 615 438 1760 509">
    <p class='ocr_par' dir='ltr' id='par_1_2' title="bbox 615 438 1760 509">
     <span class='ocr_line' id='line_1_2' title="bbox 615 438 1760 509; baseline -0.006 -11"><span class='ocrx_word' id='word_1_2' title='bbox 615 443 791 499; x_wconf 78' lang='lat' dir='ltr'><strong>Verba</strong></span> <span class='ocrx_word' id='word_1_3' title='bbox 818 449 981 496; x_wconf 89' lang='lat' dir='ltr'><strong>tonat&#39;</strong></span> <span class='ocrx_word' id='word_1_4' title='bbox 998 441 1174 495; x_wconf 87' lang='lat' dir='ltr'><strong>fulvus</strong></span> <span class='ocrx_word' id='word_1_5' title='bbox 1196 449 1253 495; x_wconf 91' lang='lat' dir='ltr'><strong>et</strong></span> <span class='ocrx_word' id='word_1_6' title='bbox 1269 440 1567 509; x_wconf 88' lang='lat' dir='ltr'><strong>Iacrymosa</strong></span> <span class='ocrx_word' id='word_1_7' title='bbox 1593 438 1760 493; x_wconf 90' lang='lat' dir='ltr'><strong>color.</strong></span> 
     </span>
    </p>
   </div>
   <div class='ocr_carea' id='block_1_3' title="bbox 543 527 2116 602">
    <p class='ocr_par' dir='ltr' id='par_1_3' title="bbox 543 527 2116 602">
     <span class='ocr_line' id='line_1_3' title="bbox 543 527 2116 602; baseline -0.005 -15"><span class='ocrx_word' id='word_1_8' title='bbox 543 533 800 589; x_wconf 84' lang='lat' dir='ltr'><strong>Promere</strong></span> <span class='ocrx_word' id='word_1_9' title='bbox 833 548 952 602; x_wconf 78' lang='lat' dir='ltr'><strong>qua:</strong></span> <span class='ocrx_word' id='word_1_10' title='bbox 988 531 1240 586; x_wconf 87' lang='lat' dir='ltr'><strong>Carolum</strong></span> <span class='ocrx_word' id='word_1_11' title='bbox 1270 530 1544 600; x_wconf 74' lang='lat' dir='ltr'><strong>compellit</strong></span> <span class='ocrx_word' id='word_1_12' title='bbox 1569 541 1830 596; x_wconf 90' lang='lat' dir='ltr'><strong>amorque</strong></span> <span class='ocrx_word' id='word_1_13' title='bbox 1859 527 2116 594; x_wconf 82' lang='lat' dir='ltr'><strong>dolorque</strong></span> 
     </span>
    </p>
   </div>
   <div class='ocr_carea' id='block_1_4' title="bbox 615 618 1759 690">
    <p class='ocr_par' dir='ltr' id='par_1_4' title="bbox 615 618 1759 690">
     <span class='ocr_line' id='line_1_4' title="bbox 615 618 1759 690; baseline -0.006 -13"><span class='ocrx_word' id='word_1_14' title='bbox 615 623 698 678; x_wconf 85' lang='lat' dir='ltr'><strong>Me</strong></span> <span class='ocrx_word' id='word_1_15' title='bbox 723 632 868 687; x_wconf 88' lang='lat' dir='ltr'><strong>tuus,</strong></span> <span class='ocrx_word' id='word_1_16' title='bbox 894 621 1128 676; x_wconf 81' lang='lat' dir='ltr'><strong>Adriane</strong></span> <span class='ocrx_word' id='word_1_17' title='bbox 1154 621 1347 690; x_wconf 65' lang='lat' dir='ltr'><strong>prmsul</strong></span> <span class='ocrx_word' id='word_1_18' title='bbox 1376 628 1554 673; x_wconf 89' lang='lat' dir='ltr'><strong>amate</strong></span> <span class='ocrx_word' id='word_1_19' title='bbox 1579 618 1759 672; x_wconf 90' lang='lat' dir='ltr'><strong>nimis.</strong></span> 
     </span>
    </p>
   </div>
   <div class='ocr_carea' id='block_1_5' title="bbox 544 705 1983 780">
    <p class='ocr_par' dir='ltr' id='par_1_5' title="bbox 544 705 1983 780">
     <span class='ocr_line' id='line_1_5' title="bbox 544 705 1983 780; baseline -0.003 -15"><span class='ocrx_word' id='word_1_20' title='bbox 544 711 867 766; x_wconf 91' lang='lat' dir='ltr'><strong>Pontiﬁcum</strong></span> <span class='ocrx_word' id='word_1_21' title='bbox 892 711 1184 780; x_wconf 86' lang='lat' dir='ltr'><strong>specimen,</strong></span> <span class='ocrx_word' id='word_1_22' title='bbox 1215 709 1306 762; x_wconf 91' lang='lat' dir='ltr'><strong>lux</strong></span> <span class='ocrx_word' id='word_1_23' title='bbox 1334 708 1524 779; x_wconf 85' lang='lat' dir='ltr'><strong>plebis,</strong></span> <span class='ocrx_word' id='word_1_24' title='bbox 1554 722 1744 762; x_wconf 83' lang='lat' dir='ltr'><strong>norma</strong></span> <span class='ocrx_word' id='word_1_25' title='bbox 1772 705 1983 771; x_wconf 88' lang='lat' dir='ltr'><strong>salutis,</strong></span> 
     </span>
    </p>
   </div>
   <div class='ocr_carea' id='block_1_6' title="bbox 621 795 1832 870">
    <p class='ocr_par' dir='ltr' id='par_1_6' title="bbox 621 795 1832 870">
     <span class='ocr_line' id='line_1_6' title="bbox 621 795 1832 870; baseline -0.007 -15"><span class='ocrx_word' id='word_1_26' title='bbox 621 801 711 856; x_wconf 75' lang='lat' dir='ltr'><strong>Vir</strong></span> <span class='ocrx_word' id='word_1_27' title='bbox 743 801 849 870; x_wconf 91' lang='lat' dir='ltr'><strong>pie,</strong></span> <span class='ocrx_word' id='word_1_28' title='bbox 873 800 960 854; x_wconf 89' lang='lat' dir='ltr'><strong>vir</strong></span> <span class='ocrx_word' id='word_1_29' title='bbox 982 800 1222 869; x_wconf 86' lang='lat' dir='ltr'><strong>sapiens,</strong></span> <span class='ocrx_word' id='word_1_30' title='bbox 1243 798 1330 851; x_wconf 88' lang='lat' dir='ltr'><strong>vir</strong></span> <span class='ocrx_word' id='word_1_31' title='bbox 1352 796 1655 852; x_wconf 83' lang='lat' dir='ltr'><strong>venerande</strong></span> <span class='ocrx_word' id='word_1_32' title='bbox 1682 795 1832 850; x_wconf 89' lang='lat' dir='ltr'><strong>satis.</strong></span> 
     </span>
    </p>
   </div>
   <div class='ocr_carea' id='block_1_7' title="bbox 545 888 2116 961">
    <p class='ocr_par' dir='ltr' id='par_1_7' title="bbox 545 888 2116 961">
     <span class='ocr_line' id='line_1_7' title="bbox 545 888 2116 961; baseline 0.001 -18"><span class='ocrx_word' id='word_1_33' title='bbox 545 888 723 945; x_wconf 84' lang='lat' dir='ltr'><strong>Mente</strong></span> <span class='ocrx_word' id='word_1_34' title='bbox 751 891 957 956; x_wconf 90' lang='lat' dir='ltr'><strong>nitens,</strong></span> <span class='ocrx_word' id='word_1_35' title='bbox 985 889 1265 961; x_wconf 80' lang='lat' dir='ltr'><strong>formaque</strong></span> <span class='ocrx_word' id='word_1_36' title='bbox 1296 890 1523 955; x_wconf 88' lang='lat' dir='ltr'><strong>decens,</strong></span> <span class='ocrx_word' id='word_1_37' title='bbox 1552 904 1819 959; x_wconf 85' lang='lat' dir='ltr'><strong>sensuque</strong></span> <span class='ocrx_word' id='word_1_38' title='bbox 1843 888 2116 956; x_wconf 85' lang='lat' dir='ltr'><strong>renidens,</strong></span> 
     </span>
    </p>
   </div>
   <div class='ocr_carea' id='block_1_8' title="bbox 614 979 1968 1051">
    <p class='ocr_par' dir='ltr' id='par_1_8' title="bbox 614 979 1968 1051">
     <span class='ocr_line' id='line_1_8' title="bbox 614 979 1968 1051; baseline -0.001 -18"><span class='ocrx_word' id='word_1_39' title='bbox 614 979 820 1051; x_wconf 89' lang='lat' dir='ltr'><strong>Inclyto</strong></span> <span class='ocrx_word' id='word_1_40' title='bbox 846 995 1030 1035; x_wconf 88' lang='lat' dir='ltr'><strong>amore</strong></span> <span class='ocrx_word' id='word_1_41' title='bbox 1060 982 1262 1051; x_wconf 82' lang='lat' dir='ltr'><strong>vigens,</strong></span> <span class='ocrx_word' id='word_1_42' title='bbox 1293 995 1494 1049; x_wconf 87' lang='lat' dir='ltr'><strong>speque</strong></span> <span class='ocrx_word' id='word_1_43' title='bbox 1520 980 1729 1048; x_wconf 91' lang='lat' dir='ltr'><strong>ﬁdeque</strong></span> <span class='ocrx_word' id='word_1_44' title='bbox 1761 979 1968 1034; x_wconf 90' lang='lat' dir='ltr'><strong>cluens.</strong></span> 
     </span>
    </p>
   </div>
   <div class='ocr_carea' id='block_1_9' title="bbox 546 1068 2007 1138">
    <p class='ocr_par' dir='ltr' id='par_1_9' title="bbox 546 1068 2007 1138">
     <span class='ocr_line' id='line_1_9' title="bbox 546 1068 2007 1138; baseline -0.001 -14"><span class='ocrx_word' id='word_1_45' title='bbox 546 1068 625 1124; x_wconf 85' lang='lat' dir='ltr'><strong>Tu</strong></span> <span class='ocrx_word' id='word_1_46' title='bbox 650 1070 812 1124; x_wconf 87' lang='lat' dir='ltr'><strong>decus</strong></span> <span class='ocrx_word' id='word_1_47' title='bbox 834 1070 1106 1136; x_wconf 65' lang='lat' dir='ltr'><strong>Ecclesiaa,</strong></span> <span class='ocrx_word' id='word_1_48' title='bbox 1134 1070 1223 1123; x_wconf 85' lang='lat' dir='ltr'><strong>fax</strong></span> <span class='ocrx_word' id='word_1_49' title='bbox 1250 1069 1536 1138; x_wconf 88' lang='lat' dir='ltr'><strong>splendens</strong></span> <span class='ocrx_word' id='word_1_50' title='bbox 1567 1068 1718 1124; x_wconf 83' lang='lat' dir='ltr'><strong>urbis</strong></span> <span class='ocrx_word' id='word_1_51' title='bbox 1750 1076 1806 1125; x_wconf 90' lang='lat' dir='ltr'><strong>et</strong></span> <span class='ocrx_word' id='word_1_52' title='bbox 1840 1068 2007 1134; x_wconf 86' lang='lat' dir='ltr'><strong>orbis,</strong></span> 
     </span>
    </p>
   </div>
   <div class='ocr_carea' id='block_1_10' title="bbox 615 1157 1696 1229">
    <p class='ocr_par' dir='ltr' id='par_1_10' title="bbox 615 1157 1696 1229">
     <span class='ocr_line' id='line_1_10' title="bbox 615 1157 1696 1229; baseline -0.002 -17"><span class='ocrx_word' id='word_1_53' title='bbox 615 1158 844 1214; x_wconf 89' lang='lat' dir='ltr'><strong>Charior</strong></span> <span class='ocrx_word' id='word_1_54' title='bbox 875 1160 1088 1229; x_wconf 79' lang='lat' dir='ltr'><strong>egregie</strong></span> <span class='ocrx_word' id='word_1_55' title='bbox 1125 1167 1180 1212; x_wconf 93' lang='lat' dir='ltr'><strong>tu</strong></span> <span class='ocrx_word' id='word_1_56' title='bbox 1208 1158 1339 1212; x_wconf 89' lang='lat' dir='ltr'><strong>mihi</strong></span> <span class='ocrx_word' id='word_1_57' title='bbox 1373 1158 1490 1212; x_wconf 91' lang='lat' dir='ltr'><strong>luce</strong></span> <span class='ocrx_word' id='word_1_58' title='bbox 1514 1157 1696 1223; x_wconf 90' lang='lat' dir='ltr'><strong>Pater,</strong></span> 
     </span>
    </p>
   </div>
   <div class='ocr_carea' id='block_1_11' title="bbox 545 1245 1976 1317">
    <p class='ocr_par' dir='ltr' id='par_1_11' title="bbox 545 1245 1976 1317">
     <span class='ocr_line' id='line_1_11' title="bbox 545 1245 1976 1317; baseline 0.003 -17"><span class='ocrx_word' id='word_1_59' title='bbox 545 1245 715 1312; x_wconf 85' lang='lat' dir='ltr'><strong>Quem</strong></span> <span class='ocrx_word' id='word_1_60' title='bbox 741 1262 862 1302; x_wconf 91' lang='lat' dir='ltr'><strong>cum</strong></span> <span class='ocrx_word' id='word_1_61' title='bbox 892 1249 1005 1303; x_wconf 90' lang='lat' dir='ltr'><strong>dira</strong></span> <span class='ocrx_word' id='word_1_62' title='bbox 1028 1248 1142 1303; x_wconf 90' lang='lat' dir='ltr'><strong>dies</strong></span> <span class='ocrx_word' id='word_1_63' title='bbox 1162 1264 1271 1302; x_wconf 92' lang='lat' dir='ltr'><strong>non</strong></span> <span class='ocrx_word' id='word_1_64' title='bbox 1295 1247 1603 1302; x_wconf 78' lang='lat' dir='ltr'><strong>exhibitura</strong></span> <span class='ocrx_word' id='word_1_65' title='bbox 1637 1256 1976 1317; x_wconf 80' lang='lat' dir='ltr'><strong>sequentem,</strong></span> 
     </span>
    </p>
   </div>
   <div class='ocr_carea' id='block_1_12' title="bbox 616 1336 1623 1407">
    <p class='ocr_par' dir='ltr' id='par_1_12' title="bbox 616 1336 1623 1407">
     <span class='ocr_line' id='line_1_12' title="bbox 616 1336 1623 1407; baseline 0.001 -18"><span class='ocrx_word' id='word_1_66' title='bbox 616 1336 827 1405; x_wconf 85' lang='lat' dir='ltr'><strong>Eripuit</strong></span> <span class='ocrx_word' id='word_1_67' title='bbox 853 1336 1017 1401; x_wconf 85' lang='lat' dir='ltr'><strong>vivis,</strong></span> <span class='ocrx_word' id='word_1_68' title='bbox 1047 1352 1135 1391; x_wconf 89' lang='lat' dir='ltr'><strong>res</strong></span> <span class='ocrx_word' id='word_1_69' title='bbox 1162 1337 1445 1407; x_wconf 87' lang='lat' dir='ltr'><strong>patuitque</strong></span> <span class='ocrx_word' id='word_1_70' title='bbox 1468 1337 1623 1401; x_wconf 88' lang='lat' dir='ltr'><strong>mihi,</strong></span> 
     </span>
    </p>
   </div>
   <div class='ocr_carea' id='block_1_13' title="bbox 520 1422 1808 1497">
    <p class='ocr_par' dir='ltr' id='par_1_13' title="bbox 520 1422 1808 1497">
     <span class='ocr_line' id='line_1_13' title="bbox 520 1422 1808 1497; baseline 0.002 -19"><span class='ocrx_word' id='word_1_71' title='bbox 520 1422 799 1479; x_wconf 83' lang='lat' dir='ltr'><strong>&#39;Pretinus</strong></span> <span class='ocrx_word' id='word_1_72' title='bbox 829 1426 1023 1495; x_wconf 83' lang='lat' dir='ltr'><strong>agnovi</strong></span> <span class='ocrx_word' id='word_1_73' title='bbox 1049 1426 1249 1481; x_wconf 87' lang='lat' dir='ltr'><strong>veteris</strong></span> <span class='ocrx_word' id='word_1_74' title='bbox 1271 1425 1497 1497; x_wconf 84' lang='lat' dir='ltr'><strong>vestigia</strong></span> <span class='ocrx_word' id='word_1_75' title='bbox 1531 1426 1726 1491; x_wconf 87' lang='lat' dir='ltr'><strong>luctus,</strong></span> <span class='ocrx_word' id='word_1_76' title='bbox 1805 1445 1808 1449; x_wconf 71' lang='lat'><strong><em>&#39;</em></strong></span> 
     </span>
    </p>
   </div>
   <div class='ocr_carea' id='block_1_14' title="bbox 616 1514 1944 1585">
    <p class='ocr_par' dir='ltr' id='par_1_14' title="bbox 616 1514 1944 1585">
     <span class='ocr_line' id='line_1_14' title="bbox 616 1514 1944 1585; baseline 0.003 -18"><span class='ocrx_word' id='word_1_77' title='bbox 616 1514 867 1583; x_wconf 78' lang='lat' dir='ltr'><strong>Marsque</strong></span> <span class='ocrx_word' id='word_1_78' title='bbox 890 1526 1175 1585; x_wconf 89' lang='lat' dir='ltr'><strong>parentum</strong></span> <span class='ocrx_word' id='word_1_79' title='bbox 1203 1517 1375 1571; x_wconf 91' lang='lat' dir='ltr'><strong>oculis</strong></span> <span class='ocrx_word' id='word_1_80' title='bbox 1400 1525 1484 1572; x_wconf 91' lang='lat' dir='ltr'><strong>est</strong></span> <span class='ocrx_word' id='word_1_81' title='bbox 1512 1524 1764 1572; x_wconf 87' lang='lat' dir='ltr'><strong>revocata</strong></span> <span class='ocrx_word' id='word_1_82' title='bbox 1790 1516 1944 1571; x_wconf 89' lang='lat' dir='ltr'><strong>meis.</strong></span> 
     </span>
    </p>
   </div>
   <div class='ocr_carea' id='block_1_15' title="bbox 542 1603 1632 1676">
    <p class='ocr_par' dir='ltr' id='par_1_15' title="bbox 542 1603 1632 1676">
     <span class='ocr_line' id='line_1_15' title="bbox 542 1603 1632 1676; baseline 0.005 -19"><span class='ocrx_word' id='word_1_83' title='bbox 542 1603 723 1658; x_wconf 62' lang='lat' dir='ltr'><strong>Taedia</strong></span> <span class='ocrx_word' id='word_1_84' title='bbox 749 1605 957 1676; x_wconf 88' lang='lat' dir='ltr'><strong>Pippini</strong></span> <span class='ocrx_word' id='word_1_85' title='bbox 980 1607 1125 1661; x_wconf 89' lang='lat' dir='ltr'><strong>sensi</strong></span> <span class='ocrx_word' id='word_1_86' title='bbox 1146 1607 1416 1662; x_wconf 83' lang='lat' dir='ltr'><strong>venientia</strong></span> <span class='ocrx_word' id='word_1_87' title='bbox 1439 1617 1632 1671; x_wconf 87' lang='lat' dir='ltr'><strong>morte,</strong></span> 
     </span>
    </p>
   </div>
   <div class='ocr_carea' id='block_1_16' title="bbox 615 1688 1973 1762">
    <p class='ocr_par' dir='ltr' id='par_1_16' title="bbox 615 1688 1973 1762">
     <span class='ocr_line' id='line_1_16' title="bbox 615 1688 1973 1762; baseline 0.007 -20"><span class='ocrx_word' id='word_1_88' title='bbox 615 1688 1041 1761; x_wconf 89' lang='lat' dir='ltr'><strong>Bertradamque</strong></span> <span class='ocrx_word' id='word_1_89' title='bbox 1066 1691 1238 1758; x_wconf 91' lang='lat' dir='ltr'><strong>dolor,</strong></span> <span class='ocrx_word' id='word_1_90' title='bbox 1269 1694 1405 1762; x_wconf 88' lang='lat' dir='ltr'><strong>proh</strong></span> <span class='ocrx_word' id='word_1_91' title='bbox 1436 1693 1623 1749; x_wconf 85' lang='lat' dir='ltr'><strong>dolor!</strong></span> <span class='ocrx_word' id='word_1_92' title='bbox 1660 1696 1761 1751; x_wconf 89' lang='lat' dir='ltr'><strong>iste</strong></span> <span class='ocrx_word' id='word_1_93' title='bbox 1787 1697 1973 1753; x_wconf 83' lang='lat' dir='ltr'><strong>refert.</strong></span> 
     </span>
    </p>
   </div>
   <div class='ocr_carea' id='block_1_17' title="bbox 540 1775 2043 1856">
    <p class='ocr_par' dir='ltr' id='par_1_17' title="bbox 540 1775 2043 1856">
     <span class='ocr_line' id='line_1_17' title="bbox 540 1775 2043 1856; baseline 0.007 -24"><span class='ocrx_word' id='word_1_94' title='bbox 540 1775 785 1850; x_wconf 83' lang='lat' dir='ltr'><strong>Cumque</strong></span> <span class='ocrx_word' id='word_1_95' title='bbox 808 1781 887 1835; x_wconf 90' lang='lat' dir='ltr'><strong>tui</strong></span> <span class='ocrx_word' id='word_1_96' title='bbox 919 1792 1192 1851; x_wconf 89' lang='lat' dir='ltr'><strong>aspectus,</strong></span> <span class='ocrx_word' id='word_1_97' title='bbox 1218 1786 1558 1840; x_wconf 86' lang='lat' dir='ltr'><strong>sanctissime</strong></span> <span class='ocrx_word' id='word_1_98' title='bbox 1582 1802 1742 1856; x_wconf 88' lang='lat' dir='ltr'><strong>papa,</strong></span> <span class='ocrx_word' id='word_1_99' title='bbox 1768 1789 2043 1854; x_wconf 91' lang='lat' dir='ltr'><strong>recordor,</strong></span> 
     </span>
    </p>
   </div>
   <div class='ocr_carea' id='block_1_18' title="bbox 615 1867 1945 1943">
    <p class='ocr_par' dir='ltr' id='par_1_18' title="bbox 615 1867 1945 1943">
     <span class='ocr_line' id='line_1_18' title="bbox 615 1867 1945 1943; baseline 0.009 -21"><span class='ocrx_word' id='word_1_100' title='bbox 615 1867 827 1943; x_wconf 83' lang='lat' dir='ltr'><strong>Corque</strong></span> <span class='ocrx_word' id='word_1_101' title='bbox 850 1870 1140 1941; x_wconf 88' lang='lat' dir='ltr'><strong>oculosque</strong></span> <span class='ocrx_word' id='word_1_102' title='bbox 1164 1888 1314 1929; x_wconf 90' lang='lat' dir='ltr'><strong>meos</strong></span> <span class='ocrx_word' id='word_1_103' title='bbox 1338 1875 1413 1929; x_wconf 93' lang='lat' dir='ltr'><strong>nil</strong></span> <span class='ocrx_word' id='word_1_104' title='bbox 1437 1877 1540 1930; x_wconf 88' lang='lat' dir='ltr'><strong>nisi</strong></span> <span class='ocrx_word' id='word_1_105' title='bbox 1562 1876 1738 1932; x_wconf 89' lang='lat' dir='ltr'><strong>luctus</strong></span> <span class='ocrx_word' id='word_1_106' title='bbox 1763 1879 1945 1934; x_wconf 87' lang='lat' dir='ltr'><strong>habet.</strong></span> 
     </span>
    </p>
   </div>
   <div class='ocr_carea' id='block_1_19' title="bbox 542 1960 1942 2040">
    <p class='ocr_par' dir='ltr' id='par_1_19' title="bbox 542 1960 1942 2040">
     <span class='ocr_line' id='line_1_19' title="bbox 542 1960 1942 2040; baseline 0.009 -25"><span class='ocrx_word' id='word_1_107' title='bbox 542 1960 763 2016; x_wconf 81' lang='lat' dir='ltr'><strong>Munera</strong></span> <span class='ocrx_word' id='word_1_108' title='bbox 784 1971 934 2033; x_wconf 88' lang='lat' dir='ltr'><strong>grata</strong></span> <span class='ocrx_word' id='word_1_109' title='bbox 961 1964 1057 2019; x_wconf 86' lang='lat' dir='ltr'><strong>tibi</strong></span> <span class='ocrx_word' id='word_1_110' title='bbox 1086 1965 1345 2021; x_wconf 88' lang='lat' dir='ltr'><strong>incolumi</strong></span> <span class='ocrx_word' id='word_1_111' title='bbox 1376 1970 1635 2025; x_wconf 89' lang='lat' dir='ltr'><strong>mittenda</strong></span> <span class='ocrx_word' id='word_1_112' title='bbox 1665 1972 1942 2040; x_wconf 87' lang='lat' dir='ltr'><strong>parabam,</strong></span> 
     </span>
    </p>
   </div>
   <div class='ocr_carea' id='block_1_20' title="bbox 613 2046 1802 2131">
    <p class='ocr_par' dir='ltr' id='par_1_20' title="bbox 613 2046 1802 2131">
     <span class='ocr_line' id='line_1_20' title="bbox 613 2046 1802 2131; baseline 0.009 -25"><span class='ocrx_word' id='word_1_113' title='bbox 613 2052 812 2108; x_wconf 86' lang='lat' dir='ltr'><strong>Tristia</strong></span> <span class='ocrx_word' id='word_1_114' title='bbox 842 2069 984 2110; x_wconf 90' lang='lat' dir='ltr'><strong>nunc</strong></span> <span class='ocrx_word' id='word_1_115' title='bbox 1016 2063 1211 2111; x_wconf 83' lang='lat' dir='ltr'><strong>moesto</strong></span> <span class='ocrx_word' id='word_1_116' title='bbox 1239 2065 1457 2128; x_wconf 89' lang='lat' dir='ltr'><strong>pectore</strong></span> <span class='ocrx_word' id='word_1_117' title='bbox 1484 2046 1624 2115; x_wconf 81' lang='lat' dir='ltr'><strong>dona</strong></span> <span class='ocrx_word' id='word_1_118' title='bbox 1650 2077 1802 2131; x_wconf 89' lang='lat' dir='ltr'><strong>paro.</strong></span> 
     </span>
    </p>
   </div>
   <div class='ocr_carea' id='block_1_21' title="bbox 542 2138 2045 2219">
    <p class='ocr_par' dir='ltr' id='par_1_21' title="bbox 542 2138 2045 2219">
     <span class='ocr_line' id='line_1_21' title="bbox 542 2138 2045 2219; baseline 0.011 -26"><span class='ocrx_word' id='word_1_119' title='bbox 542 2138 812 2196; x_wconf 83' lang='lat' dir='ltr'><strong>Marmora</strong></span> <span class='ocrx_word' id='word_1_120' title='bbox 842 2159 942 2213; x_wconf 91' lang='lat' dir='ltr'><strong>pro</strong></span> <span class='ocrx_word' id='word_1_121' title='bbox 969 2145 1187 2211; x_wconf 88' lang='lat' dir='ltr'><strong>tunicis,</strong></span> <span class='ocrx_word' id='word_1_122' title='bbox 1211 2163 1417 2218; x_wconf 85' lang='lat' dir='ltr'><strong>proque</strong></span> <span class='ocrx_word' id='word_1_123' title='bbox 1443 2152 1777 2219; x_wconf 86' lang='lat' dir='ltr'><strong>auroﬁebile</strong></span> <span class='ocrx_word' id='word_1_124' title='bbox 1803 2168 2045 2219; x_wconf 85' lang='lat' dir='ltr'><strong>carmen,</strong></span> 
     </span>
    </p>
   </div>
   <div class='ocr_carea' id='block_1_22' title="bbox 612 2231 1937 2312">
    <p class='ocr_par' dir='ltr' id='par_1_22' title="bbox 612 2231 1937 2312">
     <span class='ocr_line' id='line_1_22' title="bbox 612 2231 1937 2312; baseline 0.008 -26"><span class='ocrx_word' id='word_1_125' title='bbox 612 2231 742 2298; x_wconf 57' lang='lat' dir='ltr'><strong>Quae</strong></span> <span class='ocrx_word' id='word_1_126' title='bbox 766 2243 919 2305; x_wconf 80' lang='lat' dir='ltr'><strong>gerat</strong></span> <span class='ocrx_word' id='word_1_127' title='bbox 939 2252 1074 2291; x_wconf 89' lang='lat' dir='ltr'><strong>urna</strong></span> <span class='ocrx_word' id='word_1_128' title='bbox 1095 2253 1266 2308; x_wconf 83' lang='lat' dir='ltr'><strong>capax</strong></span> <span class='ocrx_word' id='word_1_129' title='bbox 1292 2239 1401 2308; x_wconf 84' lang='lat' dir='ltr'><strong>iam</strong></span> <span class='ocrx_word' id='word_1_130' title='bbox 1431 2249 1517 2297; x_wconf 88' lang='lat' dir='ltr'><strong>tua</strong></span> <span class='ocrx_word' id='word_1_131' title='bbox 1542 2258 1707 2312; x_wconf 82' lang='lat' dir='ltr'><strong>parva</strong></span> <span class='ocrx_word' id='word_1_132' title='bbox 1726 2244 1937 2300; x_wconf 88' lang='lat' dir='ltr'><strong>domus.</strong></span> 
     </span>
    </p>
   </div>
   <div class='ocr_carea' id='block_1_23' title="bbox 1553 319 2779 380">
    <p class='ocr_par' dir='ltr' id='par_1_23' title="bbox 1553 319 2779 380">
     <span class='ocr_line' id='line_1_23' title="bbox 1553 319 2779 380; baseline -0.007 1"><span class='ocrx_word' id='word_1_133' title='bbox 1553 321 1946 380; x_wconf 79' lang='lat' dir='ltr'><strong>THEODULFI</strong></span> <span class='ocrx_word' id='word_1_134' title='bbox 1983 320 2539 376; x_wconf 69' lang='lat' dir='ltr'><strong>AURELIANELVSIS.</strong></span> <span class='ocrx_word' id='word_1_135' title='bbox 2572 319 2779 373; x_wconf 74' lang='lat' dir='ltr'><strong>EPIbL.</strong></span> 
     </span>
    </p>
   </div>
   <div class='ocr_carea' id='block_1_24' title="bbox 2142 438 2191 495">
    <p class='ocr_par' dir='ltr' id='par_1_24' title="bbox 2142 438 2191 495">
     <span class='ocr_line' id='line_1_24' title="bbox 2142 438 2191 495; baseline 0 0"><span class='ocrx_word' id='word_1_136' title='bbox 2142 438 2191 495; x_wconf 83' lang='lat' dir='ltr'><strong>A</strong></span> 
     </span>
    </p>
   </div>
   <div class='ocr_carea' id='block_1_25' title="bbox 3687 317 3725 371">
    <p class='ocr_par' dir='ltr' id='par_1_25' title="bbox 3687 317 3725 371">
     <span class='ocr_line' id='line_1_25' title="bbox 3688 317 3719 334; baseline 0 -2"><span class='ocrx_word' id='word_1_137' title='bbox 3688 317 3719 334; x_wconf 77' lang='grc' dir='ltr'><strong>σ-</strong></span> 
     </span>
     <span class='ocr_line' id='line_1_26' title="bbox 3687 340 3725 371; baseline 0 0"><span class='ocrx_word' id='word_1_138' title='bbox 3687 340 3725 371; x_wconf 73' lang='grc'><strong>0</strong></span> 
     </span>
    </p>
   </div>
   <div class='ocr_carea' id='block_1_26' title="bbox 3730 318 3773 370">
    <p class='ocr_par' dir='ltr' id='par_1_26' title="bbox 3730 318 3773 370">
     <span class='ocr_line' id='line_1_27' title="bbox 3730 318 3773 370; baseline 0 -11"><span class='ocrx_word' id='word_1_139' title='bbox 3730 318 3773 370; x_wconf 66' lang='grc' dir='ltr'>Ξ,</span> 
     </span>
    </p>
   </div>
   <div class='ocr_carea' id='block_1_27' title="bbox 3782 317 3808 371">
    <p class='ocr_par' dir='ltr' id='par_1_27' title="bbox 3782 317 3808 371">
     <span class='ocr_line' id='line_1_28' title="bbox 3782 317 3808 371; baseline 0 0"><span class='ocrx_word' id='word_1_140' title='bbox 3782 317 3808 371; x_wconf 78' lang='grc' dir='ltr'><strong>ι</strong></span> 
     </span>
    </p>
   </div>
   <div class='ocr_carea' id='block_1_28' title="bbox 2949 428 3033 483">
    <p class='ocr_par' dir='ltr' id='par_1_28' title="bbox 2949 428 3033 483">
     <span class='ocr_line' id='line_1_29' title="bbox 2949 428 3033 483; baseline -0.012 0"><span class='ocrx_word' id='word_1_141' title='bbox 2949 428 3033 483; x_wconf 88' lang='lat' dir='ltr'><strong>Ill.</strong></span> 
     </span>
    </p>
   </div>
   <div class='ocr_carea' id='block_1_29' title="bbox 2704 532 3293 576">
    <p class='ocr_par' dir='ltr' id='par_1_29' title="bbox 2704 532 3293 576">
     <span class='ocr_line' id='line_1_30' title="bbox 2704 532 3293 576; baseline -0.002 0"><span class='ocrx_word' id='word_1_142' title='bbox 2704 532 2731 562; x_wconf 74' lang='grc'>⁸</span> <span class='ocrx_word' id='word_1_143' title='bbox 2779 537 2846 576; x_wconf 73' lang='lat' dir='ltr'><strong>AD</strong></span> <span class='ocrx_word' id='word_1_144' title='bbox 2895 536 3293 576; x_wconf 69' lang='lat' dir='ltr'><strong>ANGILBEBTUI.</strong></span> 
     </span>
    </p>
   </div>
   <div class='ocr_carea' id='block_1_30' title="bbox 2216 606 3554 683">
    <p class='ocr_par' dir='ltr' id='par_1_30' title="bbox 2216 606 3554 683">
     <span class='ocr_line' id='line_1_31' title="bbox 2216 606 3554 683; baseline 0.001 -18"><span class='ocrx_word' id='word_1_145' title='bbox 2216 611 2352 680; x_wconf 81' lang='lat' dir='ltr'><strong>Quid</strong></span> <span class='ocrx_word' id='word_1_146' title='bbox 2376 611 2531 683; x_wconf 86' lang='lat' dir='ltr'><strong>cycni</strong></span> <span class='ocrx_word' id='word_1_147' title='bbox 2550 609 2772 677; x_wconf 88' lang='lat' dir='ltr'><strong>faciunt,</strong></span> <span class='ocrx_word' id='word_1_148' title='bbox 2803 619 3059 665; x_wconf 85' lang='lat' dir='ltr'><strong>resonant</strong></span> <span class='ocrx_word' id='word_1_149' title='bbox 3082 609 3206 665; x_wconf 90' lang='lat' dir='ltr'><strong>dum</strong></span> <span class='ocrx_word' id='word_1_150' title='bbox 3232 612 3355 666; x_wconf 89' lang='lat' dir='ltr'><strong>talia</strong></span> <span class='ocrx_word' id='word_1_151' title='bbox 3380 606 3554 677; x_wconf 78' lang='lat' dir='ltr'><strong>corvi,</strong></span> 
     </span>
    </p>
   </div>
   <div class='ocr_carea' id='block_1_31' title="bbox 2283 702 3529 772">
    <p class='ocr_par' dir='ltr' id='par_1_31' title="bbox 2283 702 3529 772">
     <span class='ocr_line' id='line_1_32' title="bbox 2283 702 3529 772; baseline -0.002 -14"><span class='ocrx_word' id='word_1_152' title='bbox 2283 705 2352 758; x_wconf 87' lang='lat' dir='ltr'><strong>Et</strong></span> <span class='ocrx_word' id='word_1_153' title='bbox 2389 704 2546 758; x_wconf 90' lang='lat' dir='ltr'><strong>tectis</strong></span> <span class='ocrx_word' id='word_1_154' title='bbox 2578 704 2865 772; x_wconf 83' lang='lat' dir='ltr'><strong>strepitant</strong></span> <span class='ocrx_word' id='word_1_155' title='bbox 2889 702 3129 756; x_wconf 89' lang='lat' dir='ltr'><strong>carmina</strong></span> <span class='ocrx_word' id='word_1_156' title='bbox 3158 702 3323 757; x_wconf 88' lang='lat' dir='ltr'><strong>multa</strong></span> <span class='ocrx_word' id='word_1_157' title='bbox 3349 702 3529 758; x_wconf 83' lang='lat' dir='ltr'><strong>meis?</strong></span> 
     </span>
    </p>
   </div>
   <div class='ocr_carea' id='block_1_32' title="bbox 2213 791 3647 862">
    <p class='ocr_par' dir='ltr' id='par_1_32' title="bbox 2213 791 3647 862">
     <span class='ocr_line' id='line_1_33' title="bbox 2213 791 3647 862; baseline -0.002 -14"><span class='ocrx_word' id='word_1_158' title='bbox 2213 791 2368 848; x_wconf 81' lang='lat' dir='ltr'><strong>Nunc</strong></span> <span class='ocrx_word' id='word_1_159' title='bbox 2397 792 2552 846; x_wconf 78' lang='lat' dir='ltr'><strong>fallax</strong></span> <span class='ocrx_word' id='word_1_160' title='bbox 2580 792 2799 846; x_wconf 85' lang='lat' dir='ltr'><strong>simulat</strong></span> <span class='ocrx_word' id='word_1_161' title='bbox 2821 793 3054 847; x_wconf 87' lang='lat' dir='ltr'><strong>hominis</strong></span> <span class='ocrx_word' id='word_1_162' title='bbox 3078 806 3171 845; x_wconf 87' lang='lat' dir='ltr'><strong>rea</strong></span> <span class='ocrx_word' id='word_1_163' title='bbox 3206 793 3326 862; x_wconf 89' lang='lat' dir='ltr'><strong>pica</strong></span> <span class='ocrx_word' id='word_1_164' title='bbox 3354 791 3647 862; x_wconf 87' lang='lat' dir='ltr'><strong>loquelam,</strong></span> 
     </span>
    </p>
   </div>
   <div class='ocr_carea' id='block_1_33' title="bbox 2284 885 3491 956">
    <p class='ocr_par' dir='ltr' id='par_1_33' title="bbox 2284 885 3491 956">
     <span class='ocr_line' id='line_1_34' title="bbox 2284 885 3491 956; baseline 0.001 -16"><span class='ocrx_word' id='word_1_165' title='bbox 2284 885 2595 956; x_wconf 85' lang='lat' dir='ltr'><strong>Despiciens</strong></span> <span class='ocrx_word' id='word_1_166' title='bbox 2616 886 2882 951; x_wconf 90' lang='lat' dir='ltr'><strong>volucres,</strong></span> <span class='ocrx_word' id='word_1_167' title='bbox 2911 886 3115 942; x_wconf 91' lang='lat' dir='ltr'><strong>fercula</strong></span> <span class='ocrx_word' id='word_1_168' title='bbox 3137 903 3290 943; x_wconf 89' lang='lat' dir='ltr'><strong>sacra</strong></span> <span class='ocrx_word' id='word_1_169' title='bbox 3319 888 3491 943; x_wconf 86' lang='lat' dir='ltr'><strong>sedet.</strong></span> 
     </span>
    </p>
   </div>
   <div class='ocr_carea' id='block_1_34' title="bbox 2163 974 3507 1044">
    <p class='ocr_par' dir='ltr' id='par_1_34' title="bbox 2163 974 3507 1044">
     <span class='ocr_line' id='line_1_35' title="bbox 2163 974 3507 1044; baseline 0.002 -14"><span class='ocrx_word' id='word_1_170' title='bbox 2163 987 2192 1029; x_wconf 65' lang='grc' dir='ltr'><strong>ιε</strong></span> <span class='ocrx_word' id='word_1_171' title='bbox 2214 974 2482 1033; x_wconf 89' lang='lat' dir='ltr'><strong>Psittacus</strong></span> <span class='ocrx_word' id='word_1_172' title='bbox 2501 987 2557 1033; x_wconf 90' lang='lat' dir='ltr'><strong>et</strong></span> <span class='ocrx_word' id='word_1_173' title='bbox 2580 979 2762 1037; x_wconf 89' lang='lat' dir='ltr'><strong>varias</strong></span> <span class='ocrx_word' id='word_1_174' title='bbox 2782 978 3027 1033; x_wconf 85' lang='lat' dir='ltr'><strong>imitatur</strong></span> <span class='ocrx_word' id='word_1_175' title='bbox 3051 992 3186 1034; x_wconf 88' lang='lat' dir='ltr'><strong>voce</strong></span> <span class='ocrx_word' id='word_1_176' title='bbox 3210 993 3507 1044; x_wconf 73' lang='lat' dir='ltr'><strong>cammnas,</strong></span> 
     </span>
    </p>
   </div>
   <div class='ocr_carea' id='block_1_35' title="bbox 2286 1068 3607 1133">
    <p class='ocr_par' dir='ltr' id='par_1_35' title="bbox 2286 1068 3607 1133">
     <span class='ocr_line' id='line_1_36' title="bbox 2286 1068 3607 1133; baseline -0.001 -9"><span class='ocrx_word' id='word_1_177' title='bbox 2286 1068 2699 1126; x_wconf 84' lang='lat' dir='ltr'><strong>Commaculans</strong></span> <span class='ocrx_word' id='word_1_178' title='bbox 2722 1085 2921 1133; x_wconf 88' lang='lat' dir='ltr'><strong>musas,</strong></span> <span class='ocrx_word' id='word_1_179' title='bbox 2956 1070 2984 1110; x_wconf 73' lang='grc' dir='ltr'>δ</span> <span class='ocrx_word' id='word_1_180' title='bbox 3011 1071 3149 1125; x_wconf 86' lang='lat' dir='ltr'><strong>vatis</strong></span> <span class='ocrx_word' id='word_1_181' title='bbox 3178 1069 3428 1132; x_wconf 86' lang='lat' dir='ltr'><strong>Homere,</strong></span> <span class='ocrx_word' id='word_1_182' title='bbox 3464 1078 3607 1125; x_wconf 90' lang='lat' dir='ltr'><strong>tuas.</strong></span> 
     </span>
    </p>
   </div>
   <div class='ocr_carea' id='block_1_36' title="bbox 2217 1156 3602 1231">
    <p class='ocr_par' dir='ltr' id='par_1_36' title="bbox 2217 1156 3602 1231">
     <span class='ocr_line' id='line_1_37' title="bbox 2217 1156 3602 1231; baseline 0.002 -18"><span class='ocrx_word' id='word_1_183' title='bbox 2217 1156 2485 1228; x_wconf 87' lang='lat' dir='ltr'><strong>Mergulus</strong></span> <span class='ocrx_word' id='word_1_184' title='bbox 2512 1166 2674 1228; x_wconf 74' lang='lat' dir='ltr'><strong>atqite</strong></span> <span class='ocrx_word' id='word_1_185' title='bbox 2709 1159 2865 1231; x_wconf 81' lang='lat' dir='ltr'><strong>niger</strong></span> <span class='ocrx_word' id='word_1_186' title='bbox 2891 1159 3068 1230; x_wconf 80' lang='lat' dir='ltr'><strong>Ligeri</strong></span> <span class='ocrx_word' id='word_1_187' title='bbox 3094 1160 3331 1229; x_wconf 85' lang='lat' dir='ltr'><strong>piscator</strong></span> <span class='ocrx_word' id='word_1_188' title='bbox 3359 1160 3415 1214; x_wconf 91' lang='lat' dir='ltr'><strong>in</strong></span> <span class='ocrx_word' id='word_1_189' title='bbox 3443 1160 3602 1216; x_wconf 84' lang='lat' dir='ltr'><strong>undis</strong></span> 
     </span>
    </p>
   </div>
   <div class='ocr_carea' id='block_1_37' title="bbox 2285 1250 3385 1321">
    <p class='ocr_par' dir='ltr' id='par_1_37' title="bbox 2285 1250 3385 1321">
     <span class='ocr_line' id='line_1_38' title="bbox 2285 1250 3385 1321; baseline 0.001 -17"><span class='ocrx_word' id='word_1_190' title='bbox 2285 1250 2572 1321; x_wconf 89' lang='lat' dir='ltr'><strong>Brigenses</strong></span> <span class='ocrx_word' id='word_1_191' title='bbox 2594 1250 2757 1305; x_wconf 84' lang='lat' dir='ltr'><strong>silvas</strong></span> <span class='ocrx_word' id='word_1_192' title='bbox 2786 1265 2930 1307; x_wconf 88' lang='lat' dir='ltr'><strong>nunc</strong></span> <span class='ocrx_word' id='word_1_193' title='bbox 2956 1252 3204 1306; x_wconf 82' lang='lat' dir='ltr'><strong>habitare</strong></span> <span class='ocrx_word' id='word_1_194' title='bbox 3229 1251 3385 1307; x_wconf 85' lang='lat' dir='ltr'><strong>solet.</strong></span> 
     </span>
    </p>
   </div>
   <div class='ocr_carea' id='block_1_38' title="bbox 2215 1341 3603 1416">
    <p class='ocr_par' dir='ltr' id='par_1_38' title="bbox 2215 1341 3603 1416">
     <span class='ocr_line' id='line_1_39' title="bbox 2215 1341 3603 1416; baseline 0.002 -19"><span class='ocrx_word' id='word_1_195' title='bbox 2215 1341 2285 1398; x_wconf 89' lang='lat' dir='ltr'><strong>Et</strong></span> <span class='ocrx_word' id='word_1_196' title='bbox 2314 1344 2508 1414; x_wconf 91' lang='lat' dir='ltr'><strong>pennis</strong></span> <span class='ocrx_word' id='word_1_197' title='bbox 2530 1344 2815 1415; x_wconf 90' lang='lat' dir='ltr'><strong>pulchrum</strong></span> <span class='ocrx_word' id='word_1_198' title='bbox 2844 1361 2964 1401; x_wconf 91' lang='lat' dir='ltr'><strong>sese</strong></span> <span class='ocrx_word' id='word_1_199' title='bbox 2989 1354 3147 1416; x_wconf 89' lang='lat' dir='ltr'><strong>putat</strong></span> <span class='ocrx_word' id='word_1_200' title='bbox 3168 1361 3288 1401; x_wconf 90' lang='lat' dir='ltr'><strong>esse</strong></span> <span class='ocrx_word' id='word_1_201' title='bbox 3315 1360 3603 1415; x_wconf 82' lang='lat' dir='ltr'><strong>pavonem,</strong></span> 
     </span>
    </p>
   </div>
   <div class='ocr_carea' id='block_1_39' title="bbox 2142 1431 3419 1499">
    <p class='ocr_par' dir='ltr' id='par_1_39' title="bbox 2142 1431 3419 1499">
     <span class='ocr_line' id='line_1_40' title="bbox 2142 1431 3419 1499; baseline 0.005 -14"><span class='ocrx_word' id='word_1_202' title='bbox 2142 1438 2209 1481; x_wconf 72' lang='grc' dir='ltr'><strong>ιΰ</strong></span> <span class='ocrx_word' id='word_1_203' title='bbox 2286 1431 2417 1499; x_wconf 66' lang='lat' dir='ltr'><strong>Quae</strong></span> <span class='ocrx_word' id='word_1_204' title='bbox 2440 1432 2624 1489; x_wconf 87' lang='lat' dir='ltr'><strong>laudes</strong></span> <span class='ocrx_word' id='word_1_205' title='bbox 2652 1435 2874 1490; x_wconf 90' lang='lat' dir='ltr'><strong>Lamuel</strong></span> <span class='ocrx_word' id='word_1_206' title='bbox 2897 1436 3102 1491; x_wconf 87' lang='lat' dir='ltr'><strong>addidit</strong></span> <span class='ocrx_word' id='word_1_207' title='bbox 3121 1451 3249 1491; x_wconf 92' lang='lat' dir='ltr'><strong>ecce</strong></span> <span class='ocrx_word' id='word_1_208' title='bbox 3277 1445 3419 1491; x_wconf 89' lang='lat' dir='ltr'><strong>tuas.</strong></span> 
     </span>
    </p>
   </div>
   <div class='ocr_carea' id='block_1_40' title="bbox 2216 1521 3651 1596">
    <p class='ocr_par' dir='ltr' id='par_1_40' title="bbox 2216 1521 3651 1596">
     <span class='ocr_line' id='line_1_41' title="bbox 2216 1521 3651 1596; baseline 0.001 -18"><span class='ocrx_word' id='word_1_209' title='bbox 2216 1521 2334 1579; x_wconf 76' lang='lat' dir='ltr'><strong>Vox</strong></span> <span class='ocrx_word' id='word_1_210' title='bbox 2359 1538 2484 1579; x_wconf 91' lang='lat' dir='ltr'><strong>reor</strong></span> <span class='ocrx_word' id='word_1_211' title='bbox 2513 1538 2664 1595; x_wconf 68' lang='lat' dir='ltr'><strong>aequa</strong></span> <span class='ocrx_word' id='word_1_212' title='bbox 2695 1533 2869 1589; x_wconf 89' lang='lat' dir='ltr'><strong>sonat,</strong></span> <span class='ocrx_word' id='word_1_213' title='bbox 2901 1524 3037 1581; x_wconf 87' lang='lat' dir='ltr'><strong>fallit</strong></span> <span class='ocrx_word' id='word_1_214' title='bbox 3063 1527 3159 1581; x_wconf 90' lang='lat' dir='ltr'><strong>sed</strong></span> <span class='ocrx_word' id='word_1_215' title='bbox 3183 1542 3361 1596; x_wconf 88' lang='lat' dir='ltr'><strong>penna</strong></span> <span class='ocrx_word' id='word_1_216' title='bbox 3390 1525 3651 1582; x_wconf 86' lang='lat' dir='ltr'><strong>colorem.</strong></span> 
     </span>
    </p>
   </div>
   <div class='ocr_carea' id='block_1_41' title="bbox 2285 1612 3471 1687">
    <p class='ocr_par' dir='ltr' id='par_1_41' title="bbox 2285 1612 3471 1687">
     <span class='ocr_line' id='line_1_42' title="bbox 2285 1612 3471 1687; baseline 0.002 -19"><span class='ocrx_word' id='word_1_217' title='bbox 2285 1612 2399 1670; x_wconf 86' lang='lat' dir='ltr'><strong>Nec</strong></span> <span class='ocrx_word' id='word_1_218' title='bbox 2431 1615 2644 1670; x_wconf 85' lang='lat' dir='ltr'><strong>varium</strong></span> <span class='ocrx_word' id='word_1_219' title='bbox 2681 1615 2867 1670; x_wconf 88' lang='lat' dir='ltr'><strong>rutilat</strong></span> <span class='ocrx_word' id='word_1_220' title='bbox 2890 1615 2979 1670; x_wconf 92' lang='lat' dir='ltr'><strong>hic</strong></span> <span class='ocrx_word' id='word_1_221' title='bbox 3006 1616 3171 1671; x_wconf 91' lang='lat' dir='ltr'><strong>decus</strong></span> <span class='ocrx_word' id='word_1_222' title='bbox 3196 1614 3250 1670; x_wconf 89' lang='lat' dir='ltr'><strong>in</strong></span> <span class='ocrx_word' id='word_1_223' title='bbox 3273 1617 3471 1687; x_wconf 90' lang='lat' dir='ltr'><strong>specie.</strong></span> 
     </span>
    </p>
   </div>
   <div class='ocr_carea' id='block_1_42' title="bbox 2217 1698 3628 1772">
    <p class='ocr_par' dir='ltr' id='par_1_42' title="bbox 2217 1698 3628 1772">
     <span class='ocr_line' id='line_1_43' title="bbox 2217 1698 3628 1772; baseline 0.003 -16"><span class='ocrx_word' id='word_1_224' title='bbox 2217 1698 2373 1757; x_wconf 85' lang='lat' dir='ltr'><strong>Nunc</strong></span> <span class='ocrx_word' id='word_1_225' title='bbox 2394 1711 2658 1758; x_wconf 89' lang='lat' dir='ltr'><strong>monstrat</strong></span> <span class='ocrx_word' id='word_1_226' title='bbox 2679 1703 2900 1760; x_wconf 87' lang='lat' dir='ltr'><strong>cuculus</strong></span> <span class='ocrx_word' id='word_1_227' title='bbox 2921 1706 3155 1761; x_wconf 85' lang='lat' dir='ltr'><strong>vernalis</strong></span> <span class='ocrx_word' id='word_1_228' title='bbox 3179 1705 3231 1759; x_wconf 93' lang='lat' dir='ltr'><strong>lu</strong></span> <span class='ocrx_word' id='word_1_229' title='bbox 3241 1707 3383 1760; x_wconf 89' lang='lat' dir='ltr'><strong>mina</strong></span> <span class='ocrx_word' id='word_1_230' title='bbox 3411 1706 3628 1772; x_wconf 64' lang='lat' dir='ltr'><strong>Phoebi,</strong></span> 
     </span>
    </p>
   </div>
   <div class='ocr_carea' id='block_1_43' title="bbox 2144 1777 3470 1864">
    <p class='ocr_par' dir='ltr' id='par_1_43' title="bbox 2144 1777 3470 1864">
     <span class='ocr_line' id='line_1_44' title="bbox 2144 1777 3470 1864; baseline 0.002 -17"><span class='ocrx_word' id='word_1_231' title='bbox 2144 1777 2192 1837; x_wconf 83' lang='grc' dir='ltr'><strong>Β</strong></span> <span class='ocrx_word' id='word_1_232' title='bbox 2287 1794 2507 1849; x_wconf 90' lang='lat' dir='ltr'><strong>Balbula</strong></span> <span class='ocrx_word' id='word_1_233' title='bbox 2536 1810 2639 1849; x_wconf 89' lang='lat' dir='ltr'><strong>vox</strong></span> <span class='ocrx_word' id='word_1_234' title='bbox 2672 1801 2888 1850; x_wconf 88' lang='lat' dir='ltr'><strong>resonat</strong></span> <span class='ocrx_word' id='word_1_235' title='bbox 2919 1803 3135 1864; x_wconf 82' lang='lat' dir='ltr'><strong>gutture</strong></span> <span class='ocrx_word' id='word_1_236' title='bbox 3163 1796 3470 1851; x_wconf 91' lang='lat' dir='ltr'><strong>raucisono.</strong></span> 
     </span>
    </p>
   </div>
   <div class='ocr_carea' id='block_1_44' title="bbox 2106 1882 3803 1960">
    <p class='ocr_par' dir='ltr' id='par_1_44' title="bbox 2106 1882 3803 1960">
     <span class='ocr_line' id='line_1_45' title="bbox 2106 1882 3803 1960; baseline 0.005 -28"><span class='ocrx_word' id='word_1_237' title='bbox 2106 1901 2125 1960; x_wconf 30' lang='grc' dir='ltr'><strong>,ι</strong></span> <span class='ocrx_word' id='word_1_238' title='bbox 2147 1886 2176 1933; x_wconf 64' lang='grc' dir='ltr'>ς</span> <span class='ocrx_word' id='word_1_239' title='bbox 2218 1882 2372 1939; x_wconf 89' lang='lat' dir='ltr'><strong>Nunc</strong></span> <span class='ocrx_word' id='word_1_240' title='bbox 2400 1884 2634 1953; x_wconf 89' lang='lat' dir='ltr'><strong>pluviam</strong></span> <span class='ocrx_word' id='word_1_241' title='bbox 2670 1886 2910 1955; x_wconf 87' lang='lat' dir='ltr'><strong>pendens</strong></span> <span class='ocrx_word' id='word_1_242' title='bbox 2936 1886 3100 1941; x_wconf 88' lang='lat' dir='ltr'><strong>ramis</strong></span> <span class='ocrx_word' id='word_1_243' title='bbox 3125 1894 3284 1941; x_wconf 84' lang='lat' dir='ltr'><strong>vocat</strong></span> <span class='ocrx_word' id='word_1_244' title='bbox 3309 1887 3553 1958; x_wconf 89' lang='lat' dir='ltr'><strong>improba</strong></span> <span class='ocrx_word' id='word_1_245' title='bbox 3582 1889 3803 1953; x_wconf 81' lang='lat' dir='ltr'><strong>cornix,</strong></span> 
     </span>
    </p>
   </div>
   <div class='ocr_carea' id='block_1_45' title="bbox 2290 1972 3362 2042">
    <p class='ocr_par' dir='ltr' id='par_1_45' title="bbox 2290 1972 3362 2042">
     <span class='ocr_line' id='line_1_46' title="bbox 2290 1972 3362 2042; baseline 0.001 -14"><span class='ocrx_word' id='word_1_246' title='bbox 2290 1973 2362 2029; x_wconf 90' lang='lat' dir='ltr'><strong>Se</strong></span> <span class='ocrx_word' id='word_1_247' title='bbox 2388 1973 2550 2029; x_wconf 80' lang='lat' dir='ltr'><strong>fallax</strong></span> <span class='ocrx_word' id='word_1_248' title='bbox 2574 1974 2714 2030; x_wconf 89' lang='lat' dir='ltr'><strong>vitas</strong></span> <span class='ocrx_word' id='word_1_249' title='bbox 2728 1972 2904 2042; x_wconf 87' lang='lat' dir='ltr'><strong>jactat</strong></span> <span class='ocrx_word' id='word_1_250' title='bbox 2921 1975 3122 2030; x_wconf 88' lang='lat' dir='ltr'><strong>habere</strong></span> <span class='ocrx_word' id='word_1_251' title='bbox 3148 1988 3362 2030; x_wconf 85' lang='lat' dir='ltr'><strong>novem.</strong></span> 
     </span>
    </p>
   </div>
   <div class='ocr_carea' id='block_1_46' title="bbox 2226 2064 3726 2136">
    <p class='ocr_par' dir='ltr' id='par_1_46' title="bbox 2226 2064 3726 2136">
     <span class='ocr_line' id='line_1_47' title="bbox 2226 2064 3726 2136; baseline 0.002 -16"><span class='ocrx_word' id='word_1_252' title='bbox 2226 2064 2336 2120; x_wconf 84' lang='lat' dir='ltr'><strong>Vox</strong></span> <span class='ocrx_word' id='word_1_253' title='bbox 2358 2065 2578 2120; x_wconf 67' lang='lat' dir='ltr'><strong>merulae</strong></span> <span class='ocrx_word' id='word_1_254' title='bbox 2609 2073 2801 2131; x_wconf 89' lang='lat' dir='ltr'><strong>taceat,</strong></span> <span class='ocrx_word' id='word_1_255' title='bbox 2827 2066 3003 2135; x_wconf 88' lang='lat' dir='ltr'><strong>quatit</strong></span> <span class='ocrx_word' id='word_1_256' title='bbox 3030 2081 3190 2121; x_wconf 89' lang='lat' dir='ltr'><strong>anser</strong></span> <span class='ocrx_word' id='word_1_257' title='bbox 3215 2066 3418 2136; x_wconf 89' lang='lat' dir='ltr'><strong>plectra</strong></span> <span class='ocrx_word' id='word_1_258' title='bbox 3441 2066 3726 2136; x_wconf 82' lang='lat' dir='ltr'><strong>palustris,</strong></span> 
     </span>
    </p>
   </div>
   <div class='ocr_carea' id='block_1_47' title="bbox 2290 2154 3544 2226">
    <p class='ocr_par' dir='ltr' id='par_1_47' title="bbox 2290 2154 3544 2226">
     <span class='ocr_line' id='line_1_48' title="bbox 2290 2154 3544 2226; baseline 0.002 -18"><span class='ocrx_word' id='word_1_259' title='bbox 2290 2154 2507 2209; x_wconf 78' lang='lat' dir='ltr'><strong>Vertice</strong></span> <span class='ocrx_word' id='word_1_260' title='bbox 2528 2155 2810 2210; x_wconf 89' lang='lat' dir='ltr'><strong>submerso</strong></span> <span class='ocrx_word' id='word_1_261' title='bbox 2834 2154 3048 2210; x_wconf 89' lang='lat' dir='ltr'><strong>sordida</strong></span> <span class='ocrx_word' id='word_1_262' title='bbox 3071 2170 3300 2226; x_wconf 73' lang='lat' dir='ltr'><strong>quaeque</strong></span> <span class='ocrx_word' id='word_1_263' title='bbox 3327 2171 3544 2214; x_wconf 89' lang='lat' dir='ltr'><strong>vorans.</strong></span> 
     </span>
    </p>
   </div>
   <div class='ocr_carea' id='block_1_48' title="bbox 2222 2243 3384 2312">
    <p class='ocr_par' dir='ltr' id='par_1_48' title="bbox 2222 2243 3384 2312">
     <span class='ocr_line' id='line_1_49' title="bbox 2222 2243 3384 2312; baseline 0.001 -12"><span class='ocrx_word' id='word_1_264' title='bbox 2222 2243 2465 2300; x_wconf 85' lang='lat' dir='ltr'><strong>Vernalis</strong></span> <span class='ocrx_word' id='word_1_265' title='bbox 2493 2244 2648 2299; x_wconf 88' lang='lat' dir='ltr'><strong>sileat</strong></span> <span class='ocrx_word' id='word_1_266' title='bbox 2677 2244 2863 2300; x_wconf 89' lang='lat' dir='ltr'><strong>dulces</strong></span> <span class='ocrx_word' id='word_1_267' title='bbox 2895 2246 3148 2300; x_wconf 86' lang='lat' dir='ltr'><strong>acredula</strong></span> <span class='ocrx_word' id='word_1_268' title='bbox 3174 2255 3384 2312; x_wconf 91' lang='lat' dir='ltr'><strong>cantus,</strong></span> 
     </span>
    </p>
   </div>
   <div class='ocr_carea' id='block_1_49' title="bbox 542 2319 3425 2404">
    <p class='ocr_par' dir='ltr' id='par_1_49' title="bbox 542 2319 3425 2404">
     <span class='ocr_line' id='line_1_50' title="bbox 542 2319 3425 2404; baseline 0.005 -28"><span class='ocrx_word' id='word_1_269' title='bbox 542 2319 716 2388; x_wconf 88' lang='lat' dir='ltr'><strong>Quam</strong></span> <span class='ocrx_word' id='word_1_270' title='bbox 745 2325 868 2394; x_wconf 86' lang='lat' dir='ltr'><strong>quis</strong></span> <span class='ocrx_word' id='word_1_271' title='bbox 896 2327 964 2381; x_wconf 89' lang='lat' dir='ltr'><strong>ab</strong></span> <span class='ocrx_word' id='word_1_272' title='bbox 991 2342 1186 2382; x_wconf 85' lang='lat' dir='ltr'><strong>occasu</strong></span> <span class='ocrx_word' id='word_1_273' title='bbox 1214 2344 1515 2401; x_wconf 89' lang='lat' dir='ltr'><strong>properans</strong></span> <span class='ocrx_word' id='word_1_274' title='bbox 1538 2334 1623 2388; x_wconf 89' lang='lat' dir='ltr'><strong>vel</strong></span> <span class='ocrx_word' id='word_1_275' title='bbox 1642 2336 1885 2404; x_wconf 83' lang='lat' dir='ltr'><strong>quisquis</strong></span> <span class='ocrx_word' id='word_1_276' title='bbox 1906 2334 1976 2390; x_wconf 92' lang='lat' dir='ltr'><strong>ab</strong></span> <span class='ocrx_word' id='word_1_277' title='bbox 1995 2342 2119 2391; x_wconf 89' lang='lat' dir='ltr'><strong>ortu</strong></span> <span class='ocrx_word' id='word_1_278' title='bbox 2175 2340 2235 2396; x_wconf 68' lang='lat' dir='ltr'><strong>L9</strong></span> <span class='ocrx_word' id='word_1_279' title='bbox 2288 2332 2592 2388; x_wconf 88' lang='lat' dir='ltr'><strong>Nocturnos</strong></span> <span class='ocrx_word' id='word_1_280' title='bbox 2617 2334 2809 2388; x_wconf 87' lang='lat' dir='ltr'><strong>reboat</strong></span> <span class='ocrx_word' id='word_1_281' title='bbox 2830 2335 2973 2390; x_wconf 91' lang='lat' dir='ltr'><strong>bubo</strong></span> <span class='ocrx_word' id='word_1_282' title='bbox 3001 2335 3219 2391; x_wconf 90' lang='lat' dir='ltr'><strong>inimica</strong></span> <span class='ocrx_word' id='word_1_283' title='bbox 3245 2351 3425 2392; x_wconf 91' lang='lat' dir='ltr'><strong>sonos.</strong></span> 
     </span>
    </p>
   </div>
   <div class='ocr_carea' id='block_1_50' title="bbox 613 2414 1972 2492">
    <p class='ocr_par' dir='ltr' id='par_1_50' title="bbox 613 2414 1972 2492">
     <span class='ocr_line' id='line_1_51' title="bbox 613 2414 1972 2492; baseline 0.008 -22"><span class='ocrx_word' id='word_1_284' title='bbox 613 2414 917 2486; x_wconf 89' lang='lat' dir='ltr'><strong>Conspicis,</strong></span> <span class='ocrx_word' id='word_1_285' title='bbox 954 2419 1043 2474; x_wconf 90' lang='lat' dir='ltr'><strong>hic</strong></span> <span class='ocrx_word' id='word_1_286' title='bbox 1076 2436 1275 2476; x_wconf 89' lang='lat' dir='ltr'><strong>munus</strong></span> <span class='ocrx_word' id='word_1_287' title='bbox 1302 2424 1446 2492; x_wconf 88' lang='lat' dir='ltr'><strong>quod</strong></span> <span class='ocrx_word' id='word_1_288' title='bbox 1473 2427 1752 2481; x_wconf 89' lang='lat' dir='ltr'><strong>venereris</strong></span> <span class='ocrx_word' id='word_1_289' title='bbox 1786 2426 1972 2481; x_wconf 90' lang='lat' dir='ltr'><strong>habes.</strong></span> 
     </span>
    </p>
   </div>
   <div class='ocr_carea' id='block_1_51' title="bbox 541 2505 2013 2586">
    <p class='ocr_par' dir='ltr' id='par_1_51' title="bbox 541 2505 2013 2586">
     <span class='ocr_line' id='line_1_52' title="bbox 541 2505 2013 2586; baseline 0.008 -25"><span class='ocrx_word' id='word_1_290' title='bbox 541 2505 717 2563; x_wconf 81' lang='lat' dir='ltr'><strong>Sexus</strong></span> <span class='ocrx_word' id='word_1_291' title='bbox 734 2520 981 2580; x_wconf 85' lang='lat' dir='ltr'><strong>uterque,</strong></span> <span class='ocrx_word' id='word_1_292' title='bbox 1003 2526 1187 2577; x_wconf 82' lang='lat' dir='ltr'><strong>senex,</strong></span> <span class='ocrx_word' id='word_1_293' title='bbox 1202 2511 1416 2581; x_wconf 80' lang='lat' dir='ltr'><strong>juvenis</strong></span> <span class='ocrx_word' id='word_1_294' title='bbox 1434 2531 1587 2586; x_wconf 87' lang='lat' dir='ltr'><strong>puer,</strong></span> <span class='ocrx_word' id='word_1_295' title='bbox 1611 2518 1836 2584; x_wconf 85' lang='lat' dir='ltr'><strong>advena,</strong></span> <span class='ocrx_word' id='word_1_296' title='bbox 1856 2519 2013 2584; x_wconf 90' lang='lat' dir='ltr'><strong>civis,</strong></span> 
     </span>
    </p>
   </div>
   <div class='ocr_carea' id='block_1_52' title="bbox 609 2599 1905 2677">
    <p class='ocr_par' dir='ltr' id='par_1_52' title="bbox 609 2599 1905 2677">
     <span class='ocr_line' id='line_1_53' title="bbox 609 2599 1905 2677; baseline 0.007 -23"><span class='ocrx_word' id='word_1_297' title='bbox 609 2599 865 2670; x_wconf 84' lang='lat' dir='ltr'><strong>Quisquis</strong></span> <span class='ocrx_word' id='word_1_298' title='bbox 897 2618 979 2667; x_wconf 87' lang='lat' dir='ltr'><strong>es,</strong></span> <span class='ocrx_word' id='word_1_299' title='bbox 1015 2600 1253 2660; x_wconf 79' lang='lat' dir='ltr'><strong>Adriano</strong></span> <span class='ocrx_word' id='word_1_300' title='bbox 1287 2605 1374 2660; x_wconf 91' lang='lat' dir='ltr'><strong>dic</strong></span> <span class='ocrx_word' id='word_1_301' title='bbox 1397 2606 1470 2660; x_wconf 91' lang='lat' dir='ltr'><strong>sit</strong></span> <span class='ocrx_word' id='word_1_302' title='bbox 1492 2621 1704 2662; x_wconf 83' lang='lat' dir='ltr'><strong>amoena</strong></span> <span class='ocrx_word' id='word_1_303' title='bbox 1732 2608 1905 2677; x_wconf 88' lang='lat' dir='ltr'><strong>quies.</strong></span> 
     </span>
    </p>
   </div>
   <div class='ocr_carea' id='block_1_53' title="bbox 537 2690 1857 2769">
    <p class='ocr_par' dir='ltr' id='par_1_53' title="bbox 537 2690 1857 2769">
     <span class='ocr_line' id='line_1_54' title="bbox 537 2690 1857 2769; baseline 0.009 -24"><span class='ocrx_word' id='word_1_304' title='bbox 537 2690 792 2748; x_wconf 73' lang='lat' dir='ltr'><strong>Prznsulis</strong></span> <span class='ocrx_word' id='word_1_305' title='bbox 820 2694 976 2751; x_wconf 84' lang='lat' dir='ltr'><strong>istius</strong></span> <span class='ocrx_word' id='word_1_306' title='bbox 1001 2711 1218 2766; x_wconf 90' lang='lat' dir='ltr'><strong>semper</strong></span> <span class='ocrx_word' id='word_1_307' title='bbox 1241 2705 1314 2761; x_wconf 93' lang='lat' dir='ltr'><strong>tu,</strong></span> <span class='ocrx_word' id='word_1_308' title='bbox 1346 2699 1538 2765; x_wconf 81' lang='lat' dir='ltr'><strong>Roma,</strong></span> <span class='ocrx_word' id='word_1_309' title='bbox 1565 2710 1857 2769; x_wconf 89' lang='lat' dir='ltr'><strong>memento,</strong></span> 
     </span>
    </p>
   </div>
   <div class='ocr_carea' id='block_1_54' title="bbox 608 2782 1836 2857">
    <p class='ocr_par' dir='ltr' id='par_1_54' title="bbox 608 2782 1836 2857">
     <span class='ocr_line' id='line_1_55' title="bbox 608 2782 1836 2857; baseline 0.011 -20"><span class='ocrx_word' id='word_1_310' title='bbox 608 2782 710 2850; x_wconf 86' lang='lat' dir='ltr'><strong>Qui</strong></span> <span class='ocrx_word' id='word_1_311' title='bbox 741 2784 836 2840; x_wconf 88' lang='lat' dir='ltr'><strong>tibi</strong></span> <span class='ocrx_word' id='word_1_312' title='bbox 861 2794 1012 2842; x_wconf 88' lang='lat' dir='ltr'><strong>tutor</strong></span> <span class='ocrx_word' id='word_1_313' title='bbox 1034 2802 1219 2857; x_wconf 91' lang='lat' dir='ltr'><strong>opum,</strong></span> <span class='ocrx_word' id='word_1_314' title='bbox 1243 2804 1430 2845; x_wconf 88' lang='lat' dir='ltr'><strong>murus</strong></span> <span class='ocrx_word' id='word_1_315' title='bbox 1462 2801 1518 2847; x_wconf 92' lang='lat' dir='ltr'><strong>et</strong></span> <span class='ocrx_word' id='word_1_316' title='bbox 1539 2809 1690 2849; x_wconf 83' lang='lat' dir='ltr'><strong>arma</strong></span> <span class='ocrx_word' id='word_1_317' title='bbox 1717 2794 1836 2850; x_wconf 90' lang='lat' dir='ltr'><strong>fuit.</strong></span> 
     </span>
    </p>
   </div>
   <div class='ocr_carea' id='block_1_55' title="bbox 540 2873 1941 2955">
    <p class='ocr_par' dir='ltr' id='par_1_55' title="bbox 540 2873 1941 2955">
     <span class='ocr_line' id='line_1_56' title="bbox 540 2873 1941 2955; baseline 0.013 -29"><span class='ocrx_word' id='word_1_318' title='bbox 540 2873 618 2928; x_wconf 88' lang='lat' dir='ltr'><strong>Tu</strong></span> <span class='ocrx_word' id='word_1_319' title='bbox 647 2892 861 2946; x_wconf 85' lang='lat' dir='ltr'><strong>quoque</strong></span> <span class='ocrx_word' id='word_1_320' title='bbox 891 2893 1175 2936; x_wconf 89' lang='lat' dir='ltr'><strong>successor</strong></span> <span class='ocrx_word' id='word_1_321' title='bbox 1198 2882 1441 2938; x_wconf 88' lang='lat' dir='ltr'><strong>residens</strong></span> <span class='ocrx_word' id='word_1_322' title='bbox 1465 2883 1519 2939; x_wconf 91' lang='lat' dir='ltr'><strong>in</strong></span> <span class='ocrx_word' id='word_1_323' title='bbox 1549 2886 1677 2941; x_wconf 85' lang='lat' dir='ltr'><strong>sede</strong></span> <span class='ocrx_word' id='word_1_324' title='bbox 1702 2897 1941 2955; x_wconf 90' lang='lat' dir='ltr'><strong>sacrata,</strong></span> 
     </span>
    </p>
   </div>
   <div class='ocr_carea' id='block_1_56' title="bbox 608 2963 1785 3047">
    <p class='ocr_par' dir='ltr' id='par_1_56' title="bbox 608 2963 1785 3047">
     <span class='ocr_line' id='line_1_57' title="bbox 608 2963 1785 3047; baseline 0.012 -29"><span class='ocrx_word' id='word_1_325' title='bbox 608 2963 699 3020; x_wconf 91' lang='lat' dir='ltr'><strong>Sis</strong></span> <span class='ocrx_word' id='word_1_326' title='bbox 726 2981 937 3023; x_wconf 90' lang='lat' dir='ltr'><strong>memor</strong></span> <span class='ocrx_word' id='word_1_327' title='bbox 965 2985 1062 3025; x_wconf 91' lang='lat' dir='ltr'><strong>oro</strong></span> <span class='ocrx_word' id='word_1_328' title='bbox 1091 2969 1271 3040; x_wconf 87' lang='lat' dir='ltr'><strong>hujus,</strong></span> <span class='ocrx_word' id='word_1_329' title='bbox 1300 2974 1344 3028; x_wconf 91' lang='lat' dir='ltr'><strong>si</strong></span> <span class='ocrx_word' id='word_1_330' title='bbox 1376 2976 1518 3030; x_wconf 90' lang='lat' dir='ltr'><strong>Deus</strong></span> <span class='ocrx_word' id='word_1_331' title='bbox 1547 2977 1662 3047; x_wconf 91' lang='lat' dir='ltr'><strong>ipse</strong></span> <span class='ocrx_word' id='word_1_332' title='bbox 1690 2979 1785 3032; x_wconf 88' lang='lat' dir='ltr'><strong>tui.</strong></span> 
     </span>
    </p>
   </div>
   <div class='ocr_carea' id='block_1_57' title="bbox 540 3055 2007 3143">
    <p class='ocr_par' dir='ltr' id='par_1_57' title="bbox 540 3055 2007 3143">
     <span class='ocr_line' id='line_1_58' title="bbox 540 3055 2007 3143; baseline 0.013 -33"><span class='ocrx_word' id='word_1_333' title='bbox 540 3055 677 3113; x_wconf 83' lang='lat' dir='ltr'><strong>Huic</strong></span> <span class='ocrx_word' id='word_1_334' title='bbox 706 3075 866 3129; x_wconf 88' lang='lat' dir='ltr'><strong>prece</strong></span> <span class='ocrx_word' id='word_1_335' title='bbox 900 3071 1051 3133; x_wconf 87' lang='lat' dir='ltr'><strong>grata</strong></span> <span class='ocrx_word' id='word_1_336' title='bbox 1079 3066 1232 3133; x_wconf 88' lang='lat' dir='ltr'><strong>quies</strong></span> <span class='ocrx_word' id='word_1_337' title='bbox 1257 3067 1416 3122; x_wconf 87' lang='lat' dir='ltr'><strong>detur</strong></span> <span class='ocrx_word' id='word_1_338' title='bbox 1440 3068 1699 3140; x_wconf 89' lang='lat' dir='ltr'><strong>Paulique</strong></span> <span class='ocrx_word' id='word_1_339' title='bbox 1731 3071 2007 3143; x_wconf 88' lang='lat' dir='ltr'><strong>Petrique,</strong></span> 
     </span>
    </p>
   </div>
   <div class='ocr_carea' id='block_1_58' title="bbox 609 3150 1979 3233">
    <p class='ocr_par' dir='ltr' id='par_1_58' title="bbox 609 3150 1979 3233">
     <span class='ocr_line' id='line_1_59' title="bbox 609 3150 1979 3233; baseline 0.012 -30"><span class='ocrx_word' id='word_1_340' title='bbox 609 3150 761 3206; x_wconf 89' lang='lat' dir='ltr'><strong>Hunc</strong></span> <span class='ocrx_word' id='word_1_341' title='bbox 788 3168 1002 3223; x_wconf 91' lang='lat' dir='ltr'><strong>quoque</strong></span> <span class='ocrx_word' id='word_1_342' title='bbox 1026 3156 1331 3213; x_wconf 71' lang='lat' dir='ltr'><strong>caelicolum</strong></span> <span class='ocrx_word' id='word_1_343' title='bbox 1357 3168 1549 3214; x_wconf 87' lang='lat' dir='ltr'><strong>cuncta</strong></span> <span class='ocrx_word' id='word_1_344' title='bbox 1575 3168 1790 3216; x_wconf 86' lang='lat' dir='ltr'><strong>caterva</strong></span> <span class='ocrx_word' id='word_1_345' title='bbox 1808 3164 1979 3233; x_wconf 89' lang='lat' dir='ltr'><strong>juvet.</strong></span> 
     </span>
    </p>
   </div>
   <div class='ocr_carea' id='block_1_59' title="bbox 539 3237 1899 3320">
    <p class='ocr_par' dir='ltr' id='par_1_59' title="bbox 539 3237 1899 3320">
     <span class='ocr_line' id='line_1_60' title="bbox 539 3237 1899 3320; baseline 0.012 -29"><span class='ocrx_word' id='word_1_346' title='bbox 539 3237 678 3292; x_wconf 85' lang='lat' dir='ltr'><strong>Huic</strong></span> <span class='ocrx_word' id='word_1_347' title='bbox 721 3240 894 3296; x_wconf 91' lang='lat' dir='ltr'><strong>lucem</strong></span> <span class='ocrx_word' id='word_1_348' title='bbox 926 3245 1162 3299; x_wconf 90' lang='lat' dir='ltr'><strong>concede</strong></span> <span class='ocrx_word' id='word_1_349' title='bbox 1187 3247 1351 3315; x_wconf 90' lang='lat' dir='ltr'><strong>piam,</strong></span> <span class='ocrx_word' id='word_1_350' title='bbox 1383 3251 1617 3304; x_wconf 85' lang='lat' dir='ltr'><strong>concede</strong></span> <span class='ocrx_word' id='word_1_351' title='bbox 1642 3251 1899 3320; x_wconf 90' lang='lat' dir='ltr'><strong>quietem,</strong></span> 
     </span>
    </p>
   </div>
   <div class='ocr_carea' id='block_1_60' title="bbox 607 3331 1811 3405">
    <p class='ocr_par' dir='ltr' id='par_1_60' title="bbox 607 3331 1811 3405">
     <span class='ocr_line' id='line_1_61' title="bbox 607 3331 1811 3405; baseline 0.01 -20"><span class='ocrx_word' id='word_1_352' title='bbox 607 3331 720 3386; x_wconf 82' lang='lat' dir='ltr'><strong>Rex</strong></span> <span class='ocrx_word' id='word_1_353' title='bbox 751 3331 914 3398; x_wconf 90' lang='lat' dir='ltr'><strong>Deus,</strong></span> <span class='ocrx_word' id='word_1_354' title='bbox 941 3345 1102 3404; x_wconf 91' lang='lat' dir='ltr'><strong>atque</strong></span> <span class='ocrx_word' id='word_1_355' title='bbox 1127 3338 1306 3405; x_wconf 89' lang='lat' dir='ltr'><strong>operis</strong></span> <span class='ocrx_word' id='word_1_356' title='bbox 1336 3348 1392 3392; x_wconf 87' lang='lat' dir='ltr'><strong>tu</strong></span> <span class='ocrx_word' id='word_1_357' title='bbox 1426 3341 1684 3396; x_wconf 91' lang='lat' dir='ltr'><strong>miserere</strong></span> <span class='ocrx_word' id='word_1_358' title='bbox 1716 3344 1811 3397; x_wconf 90' lang='lat' dir='ltr'><strong>tui.</strong></span> 
     </span>
    </p>
   </div>
   <div class='ocr_carea' id='block_1_61' title="bbox 533 3418 1911 3503">
    <p class='ocr_par' dir='ltr' id='par_1_61' title="bbox 533 3418 1911 3503">
     <span class='ocr_line' id='line_1_62' title="bbox 533 3418 1911 3503; baseline 0.012 -29"><span class='ocrx_word' id='word_1_359' title='bbox 533 3418 614 3474; x_wconf 84' lang='lat' dir='ltr'><strong>En</strong></span> <span class='ocrx_word' id='word_1_360' title='bbox 636 3429 719 3476; x_wconf 90' lang='lat' dir='ltr'><strong>est</strong></span> <span class='ocrx_word' id='word_1_361' title='bbox 741 3425 884 3492; x_wconf 89' lang='lat' dir='ltr'><strong>quod</strong></span> <span class='ocrx_word' id='word_1_362' title='bbox 911 3424 1091 3480; x_wconf 83' lang='lat' dir='ltr'><strong>fuerat</strong></span> <span class='ocrx_word' id='word_1_363' title='bbox 1111 3427 1284 3497; x_wconf 83' lang='lat' dir='ltr'><strong>pulvis</strong></span> <span class='ocrx_word' id='word_1_364' title='bbox 1306 3428 1371 3483; x_wconf 91' lang='lat' dir='ltr'><strong>de</strong></span> <span class='ocrx_word' id='word_1_365' title='bbox 1392 3430 1613 3498; x_wconf 88' lang='lat' dir='ltr'><strong>pulvere</strong></span> <span class='ocrx_word' id='word_1_366' title='bbox 1641 3441 1911 3503; x_wconf 89' lang='lat' dir='ltr'><strong>sumptus,</strong></span> 
     </span>
    </p>
   </div>
   <div class='ocr_carea' id='block_1_62' title="bbox 609 3510 1738 3590">
    <p class='ocr_par' dir='ltr' id='par_1_62' title="bbox 609 3510 1738 3590">
     <span class='ocr_line' id='line_1_63' title="bbox 609 3510 1738 3590; baseline 0.01 -24"><span class='ocrx_word' id='word_1_367' title='bbox 609 3510 716 3567; x_wconf 87' lang='lat' dir='ltr'><strong>Sed</strong></span> <span class='ocrx_word' id='word_1_368' title='bbox 746 3524 933 3584; x_wconf 89' lang='lat' dir='ltr'><strong>putres</strong></span> <span class='ocrx_word' id='word_1_369' title='bbox 968 3517 1177 3572; x_wconf 89' lang='lat' dir='ltr'><strong>cineres</strong></span> <span class='ocrx_word' id='word_1_370' title='bbox 1207 3526 1262 3573; x_wconf 90' lang='lat' dir='ltr'><strong>tu</strong></span> <span class='ocrx_word' id='word_1_371' title='bbox 1284 3534 1544 3590; x_wconf 87' lang='lat' dir='ltr'><strong>reparare</strong></span> <span class='ocrx_word' id='word_1_372' title='bbox 1571 3523 1738 3579; x_wconf 85' lang='lat' dir='ltr'><strong>vales.</strong></span> 
     </span>
    </p>
   </div>
   <div class='ocr_carea' id='block_1_63' title="bbox 532 3598 2053 3686">
    <p class='ocr_par' dir='ltr' id='par_1_63' title="bbox 532 3598 2053 3686">
     <span class='ocr_line' id='line_1_64' title="bbox 532 3598 2053 3686; baseline 0.011 -30"><span class='ocrx_word' id='word_1_373' title='bbox 532 3598 707 3657; x_wconf 88' lang='lat' dir='ltr'><strong>Credo</strong></span> <span class='ocrx_word' id='word_1_374' title='bbox 725 3606 867 3673; x_wconf 88' lang='lat' dir='ltr'><strong>quod</strong></span> <span class='ocrx_word' id='word_1_375' title='bbox 891 3606 980 3660; x_wconf 91' lang='lat' dir='ltr'><strong>hic</strong></span> <span class='ocrx_word' id='word_1_376' title='bbox 1006 3608 1177 3677; x_wconf 87' lang='lat' dir='ltr'><strong>pulvis</strong></span> <span class='ocrx_word' id='word_1_377' title='bbox 1204 3616 1476 3665; x_wconf 90' lang='lat' dir='ltr'><strong>transacta</strong></span> <span class='ocrx_word' id='word_1_378' title='bbox 1500 3622 1673 3668; x_wconf 91' lang='lat' dir='ltr'><strong>morte</strong></span> <span class='ocrx_word' id='word_1_379' title='bbox 1704 3625 1970 3686; x_wconf 80' lang='lat' dir='ltr'><strong>resurget,</strong></span> <span class='ocrx_word' id='word_1_380' title='bbox 2044 3634 2053 3639; x_wconf 74' lang='lat'><em>‘</em></span> 
     </span>
    </p>
   </div>
   <div class='ocr_carea' id='block_1_64' title="bbox 598 3690 1883 3764">
    <p class='ocr_par' dir='ltr' id='par_1_64' title="bbox 598 3690 1883 3764">
     <span class='ocr_line' id='line_1_65' title="bbox 598 3690 1883 3764; baseline 0.012 -21"><span class='ocrx_word' id='word_1_381' title='bbox 598 3690 710 3745; x_wconf 85' lang='lat' dir='ltr'><strong>Nec</strong></span> <span class='ocrx_word' id='word_1_382' title='bbox 728 3693 840 3762; x_wconf 88' lang='lat' dir='ltr'><strong>jam</strong></span> <span class='ocrx_word' id='word_1_383' title='bbox 871 3704 995 3764; x_wconf 87' lang='lat' dir='ltr'><strong>post</strong></span> <span class='ocrx_word' id='word_1_384' title='bbox 1033 3697 1296 3752; x_wconf 90' lang='lat' dir='ltr'><strong>tumulum</strong></span> <span class='ocrx_word' id='word_1_385' title='bbox 1325 3698 1405 3753; x_wconf 90' lang='lat' dir='ltr'><strong>sic</strong></span> <span class='ocrx_word' id='word_1_386' title='bbox 1432 3702 1727 3758; x_wconf 90' lang='lat' dir='ltr'><strong>moriturus</strong></span> <span class='ocrx_word' id='word_1_387' title='bbox 1758 3707 1883 3759; x_wconf 89' lang='lat' dir='ltr'><strong>erit.</strong></span> 
     </span>
    </p>
   </div>
   <div class='ocr_carea' id='block_1_65' title="bbox 531 3777 1896 3859">
    <p class='ocr_par' dir='ltr' id='par_1_65' title="bbox 531 3777 1896 3859">
     <span class='ocr_line' id='line_1_66' title="bbox 531 3777 1896 3859; baseline 0.014 -27"><span class='ocrx_word' id='word_1_388' title='bbox 531 3777 642 3834; x_wconf 82' lang='lat' dir='ltr'><strong>Hos</strong></span> <span class='ocrx_word' id='word_1_389' title='bbox 663 3784 844 3851; x_wconf 87' lang='lat' dir='ltr'><strong>apices</strong></span> <span class='ocrx_word' id='word_1_390' title='bbox 875 3786 1182 3858; x_wconf 88' lang='lat' dir='ltr'><strong>quicunque</strong></span> <span class='ocrx_word' id='word_1_391' title='bbox 1212 3789 1361 3859; x_wconf 86' lang='lat' dir='ltr'><strong>legis,</strong></span> <span class='ocrx_word' id='word_1_392' title='bbox 1393 3798 1444 3845; x_wconf 89' lang='lat' dir='ltr'><strong>te</strong></span> <span class='ocrx_word' id='word_1_393' title='bbox 1470 3807 1632 3847; x_wconf 84' lang='lat' dir='ltr'><strong>nosce</strong></span> <span class='ocrx_word' id='word_1_394' title='bbox 1656 3793 1896 3850; x_wconf 84' lang='lat' dir='ltr'><strong>futurum</strong></span> 
     </span>
    </p>
   </div>
   <div class='ocr_carea' id='block_1_66' title="bbox 605 3870 2085 3955">
    <p class='ocr_par' dir='ltr' id='par_1_66' title="bbox 605 3870 2085 3955">
     <span class='ocr_line' id='line_1_67' title="bbox 605 3870 2085 3955; baseline 0.014 -32"><span class='ocrx_word' id='word_1_395' title='bbox 605 3870 718 3925; x_wconf 85' lang='lat' dir='ltr'><strong>Hoc</strong></span> <span class='ocrx_word' id='word_1_396' title='bbox 744 3875 886 3940; x_wconf 90' lang='lat' dir='ltr'><strong>quod</strong></span> <span class='ocrx_word' id='word_1_397' title='bbox 917 3876 1008 3929; x_wconf 86' lang='lat' dir='ltr'><strong>hic</strong></span> <span class='ocrx_word' id='word_1_398' title='bbox 1033 3885 1138 3941; x_wconf 93' lang='lat' dir='ltr'><strong>est,</strong></span> <span class='ocrx_word' id='word_1_399' title='bbox 1166 3880 1345 3934; x_wconf 89' lang='lat' dir='ltr'><strong>omnis</strong></span> <span class='ocrx_word' id='word_1_400' title='bbox 1371 3881 1474 3935; x_wconf 90' lang='lat' dir='ltr'><strong>hoc</strong></span> <span class='ocrx_word' id='word_1_401' title='bbox 1508 3897 1637 3936; x_wconf 88' lang='lat' dir='ltr'><strong>caro</strong></span> <span class='ocrx_word' id='word_1_402' title='bbox 1664 3887 1840 3955; x_wconf 89' lang='lat' dir='ltr'><strong>pergit</strong></span> <span class='ocrx_word' id='word_1_403' title='bbox 1877 3888 1998 3943; x_wconf 91' lang='lat' dir='ltr'><strong>iter.</strong></span> <span class='ocrx_word' id='word_1_404' title='bbox 2082 3878 2085 3881; x_wconf 17' lang='grc' dir='ltr'><strong>Α</strong></span> 
     </span>
    </p>
   </div>
   <div class='ocr_carea' id='block_1_67' title="bbox 530 3958 1816 4044">
    <p class='ocr_par' dir='ltr' id='par_1_67' title="bbox 530 3958 1816 4044">
     <span class='ocr_line' id='line_1_68' title="bbox 530 3958 1816 4044; baseline 0.014 -31"><span class='ocrx_word' id='word_1_405' title='bbox 530 3958 657 4015; x_wconf 90' lang='lat' dir='ltr'><strong>Inde</strong></span> <span class='ocrx_word' id='word_1_406' title='bbox 682 3969 826 4017; x_wconf 86' lang='lat' dir='ltr'><strong>tuam</strong></span> <span class='ocrx_word' id='word_1_407' title='bbox 854 3973 1089 4020; x_wconf 88' lang='lat' dir='ltr'><strong>mentem</strong></span> <span class='ocrx_word' id='word_1_408' title='bbox 1114 3971 1355 4024; x_wconf 87' lang='lat' dir='ltr'><strong>venturis</strong></span> <span class='ocrx_word' id='word_1_409' title='bbox 1379 3972 1595 4027; x_wconf 87' lang='lat' dir='ltr'><strong>casibus</strong></span> <span class='ocrx_word' id='word_1_410' title='bbox 1622 3984 1816 4044; x_wconf 88' lang='lat' dir='ltr'><strong>optans</strong></span> 
     </span>
    </p>
   </div>
   <div class='ocr_carea' id='block_1_68' title="bbox 601 4048 1873 4131">
    <p class='ocr_par' dir='ltr' id='par_1_68' title="bbox 601 4048 1873 4131">
     <span class='ocr_line' id='line_1_69' title="bbox 601 4048 1873 4131; baseline 0.013 -28"><span class='ocrx_word' id='word_1_411' title='bbox 601 4048 770 4105; x_wconf 89' lang='lat' dir='ltr'><strong>Oratu</strong></span> <span class='ocrx_word' id='word_1_412' title='bbox 795 4062 848 4108; x_wconf 90' lang='lat' dir='ltr'><strong>et</strong></span> <span class='ocrx_word' id='word_1_413' title='bbox 879 4056 1133 4123; x_wconf 90' lang='lat' dir='ltr'><strong>precibus</strong></span> <span class='ocrx_word' id='word_1_414' title='bbox 1167 4057 1245 4113; x_wconf 88' lang='lat' dir='ltr'><strong>sis</strong></span> <span class='ocrx_word' id='word_1_415' title='bbox 1278 4074 1489 4115; x_wconf 89' lang='lat' dir='ltr'><strong>memor</strong></span> <span class='ocrx_word' id='word_1_416' title='bbox 1525 4062 1704 4131; x_wconf 87' lang='lat' dir='ltr'><strong>hujus.</strong></span> <span class='ocrx_word' id='word_1_417' title='bbox 1740 4065 1873 4121; x_wconf 81' lang='lat' dir='ltr'><strong>Ave.</strong></span> 
     </span>
    </p>
   </div>
   <div class='ocr_carea' id='block_1_69' title="bbox 2216 2424 3461 2494">
    <p class='ocr_par' dir='ltr' id='par_1_69' title="bbox 2216 2424 3461 2494">
     <span class='ocr_line' id='line_1_70' title="bbox 2216 2424 3461 2494; baseline -0.001 -14"><span class='ocrx_word' id='word_1_418' title='bbox 2216 2425 2464 2494; x_wconf 90' lang='lat' dir='ltr'><strong>Increpat</strong></span> <span class='ocrx_word' id='word_1_419' title='bbox 2491 2440 2559 2479; x_wconf 87' lang='lat' dir='ltr'><strong>en</strong></span> <span class='ocrx_word' id='word_1_420' title='bbox 2586 2424 2784 2479; x_wconf 89' lang='lat' dir='ltr'><strong>iterum</strong></span> <span class='ocrx_word' id='word_1_421' title='bbox 2803 2433 2956 2479; x_wconf 89' lang='lat' dir='ltr'><strong>vates</strong></span> <span class='ocrx_word' id='word_1_422' title='bbox 2976 2424 3219 2481; x_wconf 81' lang='lat' dir='ltr'><strong>Balensis</strong></span> <span class='ocrx_word' id='word_1_423' title='bbox 3242 2426 3461 2491; x_wconf 83' lang='lat' dir='ltr'><strong>asellus,</strong></span> 
     </span>
    </p>
   </div>
   <div class='ocr_carea' id='block_1_70' title="bbox 2287 2516 3393 2586">
    <p class='ocr_par' dir='ltr' id='par_1_70' title="bbox 2287 2516 3393 2586">
     <span class='ocr_line' id='line_1_71' title="bbox 2287 2516 3393 2586; baseline 0 -15"><span class='ocrx_word' id='word_1_424' title='bbox 2287 2516 2645 2586; x_wconf 90' lang='lat' dir='ltr'><strong>Insuetosque</strong></span> <span class='ocrx_word' id='word_1_425' title='bbox 2667 2516 2777 2572; x_wconf 91' lang='lat' dir='ltr'><strong>ciet</strong></span> <span class='ocrx_word' id='word_1_426' title='bbox 2799 2531 2932 2571; x_wconf 84' lang='lat' dir='ltr'><strong>voce</strong></span> <span class='ocrx_word' id='word_1_427' title='bbox 2958 2516 3187 2571; x_wconf 90' lang='lat' dir='ltr'><strong>rudente</strong></span> <span class='ocrx_word' id='word_1_428' title='bbox 3211 2530 3393 2572; x_wconf 88' lang='lat' dir='ltr'><strong>sonos.</strong></span> 
     </span>
    </p>
   </div>
   <div class='ocr_carea' id='block_1_71' title="bbox 2219 2606 3583 2663">
    <p class='ocr_par' dir='ltr' id='par_1_71' title="bbox 2219 2606 3583 2663">
     <span class='ocr_line' id='line_1_72' title="bbox 2219 2606 3583 2663; baseline -0.001 0"><span class='ocrx_word' id='word_1_429' title='bbox 2219 2606 2463 2663; x_wconf 86' lang='lat' dir='ltr'><strong>Vertitur</strong></span> <span class='ocrx_word' id='word_1_430' title='bbox 2488 2616 2543 2661; x_wconf 91' lang='lat' dir='ltr'><strong>et</strong></span> <span class='ocrx_word' id='word_1_431' title='bbox 2568 2607 2748 2662; x_wconf 88' lang='lat' dir='ltr'><strong>subito</strong></span> <span class='ocrx_word' id='word_1_432' title='bbox 2777 2606 2955 2661; x_wconf 90' lang='lat' dir='ltr'><strong>studia</strong></span> <span class='ocrx_word' id='word_1_433' title='bbox 2984 2606 3039 2659; x_wconf 91' lang='lat' dir='ltr'><strong>in</strong></span> <span class='ocrx_word' id='word_1_434' title='bbox 3067 2606 3344 2661; x_wconf 88' lang='lat' dir='ltr'><strong>contraria</strong></span> <span class='ocrx_word' id='word_1_435' title='bbox 3377 2620 3583 2662; x_wconf 83' lang='lat' dir='ltr'><strong>rerum.</strong></span> 
     </span>
    </p>
   </div>
   <div class='ocr_carea' id='block_1_72' title="bbox 2288 2696 3475 2770">
    <p class='ocr_par' dir='ltr' id='par_1_72' title="bbox 2288 2696 3475 2770">
     <span class='ocr_line' id='line_1_73' title="bbox 2288 2696 3475 2770; baseline 0 -18"><span class='ocrx_word' id='word_1_436' title='bbox 2288 2696 2485 2754; x_wconf 85' lang='lat' dir='ltr'><strong>Rideat</strong></span> <span class='ocrx_word' id='word_1_437' title='bbox 2511 2697 2787 2768; x_wconf 89' lang='lat' dir='ltr'><strong>Orpheum</strong></span> <span class='ocrx_word' id='word_1_438' title='bbox 2818 2697 3036 2770; x_wconf 85' lang='lat' dir='ltr'><strong>Tityrus</strong></span> <span class='ocrx_word' id='word_1_439' title='bbox 3064 2698 3393 2753; x_wconf 89' lang='lat' dir='ltr'><strong>aurisonum.</strong></span> <span class='ocrx_word' id='word_1_440' title='bbox 3472 2734 3475 2735; x_wconf 50' lang='grc' dir='ltr'><em>ν</em></span> 
     </span>
    </p>
   </div>
   <div class='ocr_carea' id='block_1_73' title="bbox 2112 2764 3534 2858">
    <p class='ocr_par' dir='ltr' id='par_1_73' title="bbox 2112 2764 3534 2858">
     <span class='ocr_line' id='line_1_74' title="bbox 2112 2764 3534 2858; baseline 0.005 -23"><span class='ocrx_word' id='word_1_441' title='bbox 2112 2778 2135 2836; x_wconf 63' lang='grc' dir='ltr'>τί</span> <span class='ocrx_word' id='word_1_442' title='bbox 2160 2764 2181 2837; x_wconf 64' lang='grc' dir='ltr'>ῗ</span> <span class='ocrx_word' id='word_1_443' title='bbox 2218 2786 2465 2856; x_wconf 89' lang='lat' dir='ltr'><strong>Orpheus</strong></span> <span class='ocrx_word' id='word_1_444' title='bbox 2494 2788 2549 2842; x_wconf 92' lang='lat' dir='ltr'><strong>in</strong></span> <span class='ocrx_word' id='word_1_445' title='bbox 2578 2764 2729 2843; x_wconf 76' lang='lat' dir='ltr'><strong>silvis</strong></span> <span class='ocrx_word' id='word_1_446' title='bbox 2749 2764 2997 2858; x_wconf 79' lang='lat' dir='ltr'><strong>putridas</strong></span> <span class='ocrx_word' id='word_1_447' title='bbox 3019 2794 3074 2841; x_wconf 93' lang='lat' dir='ltr'><strong>tu</strong></span> <span class='ocrx_word' id='word_1_448' title='bbox 3097 2802 3260 2857; x_wconf 89' lang='lat' dir='ltr'><strong>pasce</strong></span> <span class='ocrx_word' id='word_1_449' title='bbox 3281 2786 3534 2857; x_wconf 89' lang='lat' dir='ltr'><strong>capellas,</strong></span> 
     </span>
    </p>
   </div>
   <div class='ocr_carea' id='block_1_74' title="bbox 2290 2877 3314 2949">
    <p class='ocr_par' dir='ltr' id='par_1_74' title="bbox 2290 2877 3314 2949">
     <span class='ocr_line' id='line_1_75' title="bbox 2290 2877 3314 2949; baseline -0.001 -18"><span class='ocrx_word' id='word_1_450' title='bbox 2290 2878 2513 2949; x_wconf 82' lang='lat' dir='ltr'><strong>Tityrus</strong></span> <span class='ocrx_word' id='word_1_451' title='bbox 2527 2878 2775 2934; x_wconf 90' lang='lat' dir='ltr'><strong>aulcnses</strong></span> <span class='ocrx_word' id='word_1_452' title='bbox 2804 2877 3027 2933; x_wconf 89' lang='lat' dir='ltr'><strong>delicias</strong></span> <span class='ocrx_word' id='word_1_453' title='bbox 3052 2877 3314 2948; x_wconf 86' lang='lat' dir='ltr'><strong>sequitur.</strong></span> 
     </span>
    </p>
   </div>
   <div class='ocr_carea' id='block_1_75' title="bbox 2217 2965 3621 3037">
    <p class='ocr_par' dir='ltr' id='par_1_75' title="bbox 2217 2965 3621 3037">
     <span class='ocr_line' id='line_1_76' title="bbox 2217 2965 3621 3037; baseline 0 -15"><span class='ocrx_word' id='word_1_454' title='bbox 2217 2965 2387 3022; x_wconf 86' lang='lat' dir='ltr'><strong>David</strong></span> <span class='ocrx_word' id='word_1_455' title='bbox 2418 2967 2473 3021; x_wconf 92' lang='lat' dir='ltr'><strong>in</strong></span> <span class='ocrx_word' id='word_1_456' title='bbox 2507 2981 2633 3023; x_wconf 89' lang='lat' dir='ltr'><strong>arce</strong></span> <span class='ocrx_word' id='word_1_457' title='bbox 2665 2976 2849 3022; x_wconf 88' lang='lat' dir='ltr'><strong>manet</strong></span> <span class='ocrx_word' id='word_1_458' title='bbox 2880 2967 3065 3036; x_wconf 87' lang='lat' dir='ltr'><strong>paucis</strong></span> <span class='ocrx_word' id='word_1_459' title='bbox 3092 2982 3217 3022; x_wconf 90' lang='lat' dir='ltr'><strong>cum</strong></span> <span class='ocrx_word' id='word_1_460' title='bbox 3242 2966 3386 3022; x_wconf 90' lang='lat' dir='ltr'><strong>forte</strong></span> <span class='ocrx_word' id='word_1_461' title='bbox 3408 2965 3621 3037; x_wconf 88' lang='lat' dir='ltr'><strong>puellis,</strong></span> 
     </span>
    </p>
   </div>
   <div class='ocr_carea' id='block_1_76' title="bbox 2287 3055 3468 3124">
    <p class='ocr_par' dir='ltr' id='par_1_76' title="bbox 2287 3055 3468 3124">
     <span class='ocr_line' id='line_1_77' title="bbox 2287 3055 3468 3124; baseline -0.003 -13"><span class='ocrx_word' id='word_1_462' title='bbox 2287 3056 2522 3111; x_wconf 88' lang='lat' dir='ltr'><strong>Pieriam</strong></span> <span class='ocrx_word' id='word_1_463' title='bbox 2546 3055 2721 3113; x_wconf 90' lang='lat' dir='ltr'><strong>suﬁlat</strong></span> <span class='ocrx_word' id='word_1_464' title='bbox 2744 3057 2983 3111; x_wconf 89' lang='lat' dir='ltr'><strong>carmina</strong></span> <span class='ocrx_word' id='word_1_465' title='bbox 3010 3069 3235 3124; x_wconf 76' lang='lat' dir='ltr'><strong>quasque</strong></span> <span class='ocrx_word' id='word_1_466' title='bbox 3264 3055 3468 3110; x_wconf 90' lang='lat' dir='ltr'><strong>tubam.</strong></span> 
     </span>
    </p>
   </div>
   <div class='ocr_carea' id='block_1_77' title="bbox 2100 3136 3418 3217">
    <p class='ocr_par' dir='ltr' id='par_1_77' title="bbox 2100 3136 3418 3217">
     <span class='ocr_line' id='line_1_78' title="bbox 2100 3136 3418 3217; baseline 0.002 -18"><span class='ocrx_word' id='word_1_467' title='bbox 2100 3198 2103 3207; x_wconf 83' lang='grc'><strong>,</strong></span> <span class='ocrx_word' id='word_1_468' title='bbox 2140 3136 2185 3199; x_wconf 87' lang='lat' dir='ltr'><strong>C</strong></span> <span class='ocrx_word' id='word_1_469' title='bbox 2214 3145 2274 3201; x_wconf 94' lang='lat' dir='ltr'><strong>In</strong></span> <span class='ocrx_word' id='word_1_470' title='bbox 2303 3148 2496 3217; x_wconf 89' lang='lat' dir='ltr'><strong>primis</strong></span> <span class='ocrx_word' id='word_1_471' title='bbox 2526 3148 2712 3202; x_wconf 87' lang='lat' dir='ltr'><strong>rutilat</strong></span> <span class='ocrx_word' id='word_1_472' title='bbox 2738 3147 3011 3201; x_wconf 85' lang='lat' dir='ltr'><strong>Flatcinas</strong></span> <span class='ocrx_word' id='word_1_473' title='bbox 3034 3146 3181 3201; x_wconf 89' lang='lat' dir='ltr'><strong>Delia</strong></span> <span class='ocrx_word' id='word_1_474' title='bbox 3212 3162 3418 3212; x_wconf 86' lang='lat' dir='ltr'><strong>musas,</strong></span> 
     </span>
    </p>
   </div>
   <div class='ocr_carea' id='block_1_78' title="bbox 2147 3242 2201 3306">
    <p class='ocr_par' dir='ltr' id='par_1_78' title="bbox 2147 3242 2201 3306">
     <span class='ocr_line' id='line_1_79' title="bbox 2147 3242 2201 3306; baseline 0 -33"><span class='ocrx_word' id='word_1_475' title='bbox 2147 3242 2201 3306; x_wconf 55' lang='lat'><strong>1/6.</strong></span> 
     </span>
    </p>
   </div>
   <div class='ocr_carea' id='block_1_79' title="bbox 2283 3238 3402 3309">
    <p class='ocr_par' dir='ltr' id='par_1_79' title="bbox 2283 3238 3402 3309">
     <span class='ocr_line' id='line_1_80' title="bbox 2283 3238 3402 3309; baseline -0.002 -15"><span class='ocrx_word' id='word_1_476' title='bbox 2283 3238 2413 3295; x_wconf 91' lang='lat' dir='ltr'><strong>Post</strong></span> <span class='ocrx_word' id='word_1_477' title='bbox 2440 3238 2558 3294; x_wconf 74' lang='lat' dir='ltr'><strong>alite</strong></span> <span class='ocrx_word' id='word_1_478' title='bbox 2580 3240 2787 3309; x_wconf 90' lang='lat' dir='ltr'><strong>pariter</strong></span> <span class='ocrx_word' id='word_1_479' title='bbox 2806 3253 3008 3309; x_wconf 86' lang='lat' dir='ltr'><strong>organa</strong></span> <span class='ocrx_word' id='word_1_480' title='bbox 3030 3253 3188 3292; x_wconf 90' lang='lat' dir='ltr'><strong>sacra</strong></span> <span class='ocrx_word' id='word_1_481' title='bbox 3214 3238 3402 3293; x_wconf 85' lang='lat' dir='ltr'><strong>beant.</strong></span> 
     </span>
    </p>
   </div>
   <div class='ocr_carea' id='block_1_80' title="bbox 2211 3330 3506 3401">
    <p class='ocr_par' dir='ltr' id='par_1_80' title="bbox 2211 3330 3506 3401">
     <span class='ocr_line' id='line_1_81' title="bbox 2211 3330 3506 3401; baseline 0 -15"><span class='ocrx_word' id='word_1_482' title='bbox 2211 3331 2361 3388; x_wconf 89' lang='lat' dir='ltr'><strong>Delia</strong></span> <span class='ocrx_word' id='word_1_483' title='bbox 2384 3331 2652 3386; x_wconf 88' lang='lat' dir='ltr'><strong>Treiciam</strong></span> <span class='ocrx_word' id='word_1_484' title='bbox 2669 3332 2783 3401; x_wconf 88' lang='lat' dir='ltr'><strong>jam</strong></span> <span class='ocrx_word' id='word_1_485' title='bbox 2805 3331 2993 3401; x_wconf 88' lang='lat' dir='ltr'><strong>pangit</strong></span> <span class='ocrx_word' id='word_1_486' title='bbox 3012 3331 3204 3400; x_wconf 90' lang='lat' dir='ltr'><strong>pollice</strong></span> <span class='ocrx_word' id='word_1_487' title='bbox 3224 3330 3506 3398; x_wconf 86' lang='lat' dir='ltr'><strong>cbordam,</strong></span> 
     </span>
    </p>
   </div>
   <div class='ocr_carea' id='block_1_81' title="bbox 2282 3420 3538 3491">
    <p class='ocr_par' dir='ltr' id='par_1_81' title="bbox 2282 3420 3538 3491">
     <span class='ocr_line' id='line_1_82' title="bbox 2282 3420 3538 3491; baseline 0.003 -17"><span class='ocrx_word' id='word_1_488' title='bbox 2282 3420 2533 3477; x_wconf 82' lang='lat' dir='ltr'><strong>Floribus</strong></span> <span class='ocrx_word' id='word_1_489' title='bbox 2560 3432 2723 3491; x_wconf 88' lang='lat' dir='ltr'><strong>atque</strong></span> <span class='ocrx_word' id='word_1_490' title='bbox 2750 3429 2910 3476; x_wconf 88' lang='lat' dir='ltr'><strong>ornat</strong></span> <span class='ocrx_word' id='word_1_491' title='bbox 2933 3429 3174 3490; x_wconf 87' lang='lat' dir='ltr'><strong>tempora</strong></span> <span class='ocrx_word' id='word_1_492' title='bbox 3202 3436 3357 3477; x_wconf 89' lang='lat' dir='ltr'><strong>sacra</strong></span> <span class='ocrx_word' id='word_1_493' title='bbox 3382 3423 3538 3478; x_wconf 84' lang='lat' dir='ltr'><strong>novis</strong></span> 
     </span>
    </p>
   </div>
   <div class='ocr_carea' id='block_1_82' title="bbox 2212 3509 3468 3577">
    <p class='ocr_par' dir='ltr' id='par_1_82' title="bbox 2212 3509 3468 3577">
     <span class='ocr_line' id='line_1_83' title="bbox 2212 3509 3468 3577; baseline 0.002 -12"><span class='ocrx_word' id='word_1_494' title='bbox 2212 3511 2445 3566; x_wconf 81' lang='lat' dir='ltr'><strong>Vinnula</strong></span> <span class='ocrx_word' id='word_1_495' title='bbox 2476 3509 2763 3565; x_wconf 87' lang='lat' dir='ltr'><strong>melliﬁuas</strong></span> <span class='ocrx_word' id='word_1_496' title='bbox 2791 3511 3020 3565; x_wconf 89' lang='lat' dir='ltr'><strong>rimatur</strong></span> <span class='ocrx_word' id='word_1_497' title='bbox 3049 3511 3226 3566; x_wconf 89' lang='lat' dir='ltr'><strong>ﬁstula</strong></span> <span class='ocrx_word' id='word_1_498' title='bbox 3266 3511 3468 3577; x_wconf 82' lang='lat' dir='ltr'><strong>Musas,</strong></span> 
     </span>
    </p>
   </div>
   <div class='ocr_carea' id='block_1_83' title="bbox 2279 3599 3478 3671">
    <p class='ocr_par' dir='ltr' id='par_1_83' title="bbox 2279 3599 3478 3671">
     <span class='ocr_line' id='line_1_84' title="bbox 2279 3599 3478 3671; baseline 0.002 -16"><span class='ocrx_word' id='word_1_499' title='bbox 2279 3599 2507 3655; x_wconf 87' lang='lat' dir='ltr'><strong>Guttere</strong></span> <span class='ocrx_word' id='word_1_500' title='bbox 2536 3608 2617 3656; x_wconf 93' lang='lat' dir='ltr'><strong>ter</strong></span> <span class='ocrx_word' id='word_1_501' title='bbox 2642 3601 2838 3671; x_wconf 89' lang='lat' dir='ltr'><strong>quinos</strong></span> <span class='ocrx_word' id='word_1_502' title='bbox 2863 3611 3122 3671; x_wconf 86' lang='lat' dir='ltr'><strong>personat</strong></span> <span class='ocrx_word' id='word_1_503' title='bbox 3146 3616 3272 3657; x_wconf 88' lang='lat' dir='ltr'><strong>ecce</strong></span> <span class='ocrx_word' id='word_1_504' title='bbox 3302 3611 3478 3657; x_wconf 91' lang='lat' dir='ltr'><strong>tonos.</strong></span> 
     </span>
    </p>
   </div>
   <div class='ocr_carea' id='block_1_84' title="bbox 2102 3689 3581 3760">
    <p class='ocr_par' dir='ltr' id='par_1_84' title="bbox 2102 3689 3581 3760">
     <span class='ocr_line' id='line_1_85' title="bbox 2102 3689 3581 3760; baseline 0.001 -13"><span class='ocrx_word' id='word_1_505' title='bbox 2102 3692 2177 3750; x_wconf 53' lang='grc' dir='ltr'><strong>ξς</strong></span> <span class='ocrx_word' id='word_1_506' title='bbox 2210 3689 2437 3745; x_wconf 88' lang='lat' dir='ltr'><strong>Flaccus</strong></span> <span class='ocrx_word' id='word_1_507' title='bbox 2463 3690 2576 3745; x_wconf 91' lang='lat' dir='ltr'><strong>abit</strong></span> <span class='ocrx_word' id='word_1_508' title='bbox 2601 3690 2782 3745; x_wconf 88' lang='lat' dir='ltr'><strong>senior</strong></span> <span class='ocrx_word' id='word_1_509' title='bbox 2809 3692 2993 3760; x_wconf 90' lang='lat' dir='ltr'><strong>pueris</strong></span> <span class='ocrx_word' id='word_1_510' title='bbox 3017 3693 3306 3748; x_wconf 89' lang='lat' dir='ltr'><strong>comitatus</strong></span> <span class='ocrx_word' id='word_1_511' title='bbox 3326 3693 3395 3747; x_wconf 88' lang='lat' dir='ltr'><strong>ab</strong></span> <span class='ocrx_word' id='word_1_512' title='bbox 3424 3693 3581 3758; x_wconf 85' lang='lat' dir='ltr'><strong>urbe,</strong></span> 
     </span>
    </p>
   </div>
   <div class='ocr_carea' id='block_1_85' title="bbox 2284 3780 3657 3852">
    <p class='ocr_par' dir='ltr' id='par_1_85' title="bbox 2284 3780 3657 3852">
     <span class='ocr_line' id='line_1_86' title="bbox 2284 3780 3657 3852; baseline 0.003 -18"><span class='ocrx_word' id='word_1_513' title='bbox 2284 3780 2416 3835; x_wconf 91' lang='lat' dir='ltr'><strong>Dum</strong></span> <span class='ocrx_word' id='word_1_514' title='bbox 2445 3780 2534 3835; x_wconf 92' lang='lat' dir='ltr'><strong>lux</strong></span> <span class='ocrx_word' id='word_1_515' title='bbox 2569 3780 2726 3850; x_wconf 91' lang='lat' dir='ltr'><strong>plena</strong></span> <span class='ocrx_word' id='word_1_516' title='bbox 2757 3781 2919 3848; x_wconf 91' lang='lat' dir='ltr'><strong>redit,</strong></span> <span class='ocrx_word' id='word_1_517' title='bbox 2953 3790 3081 3837; x_wconf 90' lang='lat' dir='ltr'><strong>tunc</strong></span> <span class='ocrx_word' id='word_1_518' title='bbox 3111 3781 3252 3836; x_wconf 93' lang='lat' dir='ltr'><strong>redit</strong></span> <span class='ocrx_word' id='word_1_519' title='bbox 3277 3782 3391 3852; x_wconf 88' lang='lat' dir='ltr'><strong>ipse</strong></span> <span class='ocrx_word' id='word_1_520' title='bbox 3417 3782 3657 3838; x_wconf 86' lang='lat' dir='ltr'><strong>domum.</strong></span> 
     </span>
    </p>
   </div>
   <div class='ocr_carea' id='block_1_86' title="bbox 2208 3872 3457 3945">
    <p class='ocr_par' dir='ltr' id='par_1_86' title="bbox 2208 3872 3457 3945">
     <span class='ocr_line' id='line_1_87' title="bbox 2208 3872 3457 3945; baseline 0.003 -17"><span class='ocrx_word' id='word_1_521' title='bbox 2208 3872 2301 3928; x_wconf 90' lang='lat' dir='ltr'><strong>Ille</strong></span> <span class='ocrx_word' id='word_1_522' title='bbox 2326 3873 2488 3928; x_wconf 85' lang='lat' dir='ltr'><strong>habet</strong></span> <span class='ocrx_word' id='word_1_523' title='bbox 2516 3882 2755 3939; x_wconf 84' lang='lat' dir='ltr'><strong>aetatem,</strong></span> <span class='ocrx_word' id='word_1_524' title='bbox 2780 3890 2880 3945; x_wconf 90' lang='lat' dir='ltr'><strong>pro</strong></span> <span class='ocrx_word' id='word_1_525' title='bbox 2906 3890 2964 3930; x_wconf 90' lang='lat' dir='ltr'><strong>se</strong></span> <span class='ocrx_word' id='word_1_526' title='bbox 2997 3877 3318 3945; x_wconf 89' lang='lat' dir='ltr'><strong>respondeat</strong></span> <span class='ocrx_word' id='word_1_527' title='bbox 3346 3876 3457 3943; x_wconf 90' lang='lat' dir='ltr'><strong>ille,</strong></span> 
     </span>
    </p>
   </div>
   <div class='ocr_carea' id='block_1_87' title="bbox 2280 3963 3437 4036">
    <p class='ocr_par' dir='ltr' id='par_1_87' title="bbox 2280 3963 3437 4036">
     <span class='ocr_line' id='line_1_88' title="bbox 2280 3963 3437 4036; baseline 0.003 -19"><span class='ocrx_word' id='word_1_528' title='bbox 2280 3963 2384 4017; x_wconf 87' lang='lat' dir='ltr'><strong>Pro</strong></span> <span class='ocrx_word' id='word_1_529' title='bbox 2416 3978 2475 4017; x_wconf 85' lang='lat' dir='ltr'><strong>se</strong></span> <span class='ocrx_word' id='word_1_530' title='bbox 2502 3977 2707 4032; x_wconf 90' lang='lat' dir='ltr'><strong>proque</strong></span> <span class='ocrx_word' id='word_1_531' title='bbox 2729 3965 2843 4020; x_wconf 84' lang='lat' dir='ltr'><strong>suis</strong></span> <span class='ocrx_word' id='word_1_532' title='bbox 2870 3966 3034 4020; x_wconf 89' lang='lat' dir='ltr'><strong>verba</strong></span> <span class='ocrx_word' id='word_1_533' title='bbox 3059 3966 3211 4021; x_wconf 89' lang='lat' dir='ltr'><strong>dabit</strong></span> <span class='ocrx_word' id='word_1_534' title='bbox 3235 3967 3437 4036; x_wconf 89' lang='lat' dir='ltr'><strong>pueris.</strong></span> 
     </span>
    </p>
   </div>
   <div class='ocr_carea' id='block_1_88' title="bbox 2207 4051 3467 4122">
    <p class='ocr_par' dir='ltr' id='par_1_88' title="bbox 2207 4051 3467 4122">
     <span class='ocr_line' id='line_1_89' title="bbox 2207 4051 3467 4122; baseline 0.002 -14"><span class='ocrx_word' id='word_1_535' title='bbox 2207 4051 2316 4108; x_wconf 83' lang='lat' dir='ltr'><strong>Aut</strong></span> <span class='ocrx_word' id='word_1_536' title='bbox 2336 4051 2522 4108; x_wconf 89' lang='lat' dir='ltr'><strong>inﬁare</strong></span> <span class='ocrx_word' id='word_1_537' title='bbox 2542 4052 2688 4109; x_wconf 90' lang='lat' dir='ltr'><strong>leves</strong></span> <span class='ocrx_word' id='word_1_538' title='bbox 2715 4053 2955 4110; x_wconf 89' lang='lat' dir='ltr'><strong>calamos</strong></span> <span class='ocrx_word' id='word_1_539' title='bbox 2980 4055 3317 4110; x_wconf 84' lang='lat' dir='ltr'><strong>mandaverit</strong></span> <span class='ocrx_word' id='word_1_540' title='bbox 3336 4056 3467 4122; x_wconf 91' lang='lat' dir='ltr'><strong>illis,</strong></span> 
     </span>
    </p>
   </div>
   <div class='ocr_carea' id='block_1_89' title="bbox 525 4211 3791 4313">
    <p class='ocr_par' dir='ltr' id='par_1_89' title="bbox 525 4211 3791 4313">
     <span class='ocr_line' id='line_1_90' title="bbox 525 4211 3791 4313; baseline 0.003 -32"><span class='ocrx_word' id='word_1_541' title='bbox 525 4224 617 4313; x_wconf 62' lang='lat' dir='ltr'><strong>sed</strong></span> <span class='ocrx_word' id='word_1_542' title='bbox 657 4226 883 4313; x_wconf 46' lang='lat' dir='ltr'><strong>alterunm</strong></span> <span class='ocrx_word' id='word_1_543' title='bbox 924 4246 1001 4313; x_wconf 39' lang='lat' dir='ltr'><strong>ex.</strong></span> <span class='ocrx_word' id='word_1_544' title='bbox 1027 4231 1201 4313; x_wconf 62' lang='lat' dir='ltr'><strong>Caroli</strong></span> <span class='ocrx_word' id='word_1_545' title='bbox 1244 4250 1457 4313; x_wconf 57' lang='lat' dir='ltr'><strong>qtloque</strong></span> <span class='ocrx_word' id='word_1_546' title='bbox 1488 4253 1717 4313; x_wconf 68' lang='lat' dir='ltr'><strong>persona</strong></span> <span class='ocrx_word' id='word_1_547' title='bbox 1748 4242 2008 4313; x_wconf 58' lang='lat' dir='ltr'><strong>scriptum</strong></span> <span class='ocrx_word' id='word_1_548' title='bbox 2037 4248 2105 4303; x_wconf 68' lang='lat' dir='ltr'><strong>ab</strong></span> <span class='ocrx_word' id='word_1_549' title='bbox 2136 4224 2139 4225; x_wconf 44' lang='grc'><strong><em>⁷</em></strong></span> <span class='ocrx_word' id='word_1_550' title='bbox 2208 4248 2328 4313; x_wconf 80' lang='lat' dir='ltr'><strong>rum</strong></span> <span class='ocrx_word' id='word_1_551' title='bbox 2359 4230 2594 4313; x_wconf 74' lang='lat' dir='ltr'><strong>ejuraret</strong></span> <span class='ocrx_word' id='word_1_552' title='bbox 2615 4231 2840 4313; x_wconf 42' lang='lat' dir='ltr'><strong>,Ialtera</strong></span> <span class='ocrx_word' id='word_1_553' title='bbox 2868 4211 2935 4286; x_wconf 82' lang='lat' dir='ltr'><strong>ad</strong></span> <span class='ocrx_word' id='word_1_554' title='bbox 2964 4232 3195 4313; x_wconf 82' lang='lat' dir='ltr'><strong>Leonem</strong></span> <span class='ocrx_word' id='word_1_555' title='bbox 3220 4248 3370 4313; x_wconf 67' lang='lat' dir='ltr'><strong>anno</strong></span> <span class='ocrx_word' id='word_1_556' title='bbox 3394 4233 3499 4288; x_wconf 89' lang='lat'><strong>796</strong></span> <span class='ocrx_word' id='word_1_557' title='bbox 3524 4274 3551 4313; x_wconf 84' lang='lat'><strong>,_</strong></span> <span class='ocrx_word' id='word_1_558' title='bbox 3572 4237 3791 4313; x_wconf 76' lang='lat' dir='ltr'><strong>quando</strong></span> 
     </span>
    </p>
   </div>
   <div class='ocr_carea' id='block_1_90' title="bbox 526 4294 2103 4377">
    <p class='ocr_par' dir='ltr' id='par_1_90' title="bbox 526 4294 2103 4377">
     <span class='ocr_line' id='line_1_91' title="bbox 526 4294 2103 4377; baseline 0.016 -30"><span class='ocrx_word' id='word_1_559' title='bbox 526 4294 772 4377; x_wconf 68' lang='lat' dir='ltr'><strong>Alcuino.</strong></span> <span class='ocrx_word' id='word_1_560' title='bbox 810 4298 963 4377; x_wconf 80' lang='lat' dir='ltr'><strong>Quod</strong></span> <span class='ocrx_word' id='word_1_561' title='bbox 988 4294 1464 4377; x_wconf 50' lang='lat' dir='ltr'><strong>hodieque-Romae</strong></span> <span class='ocrx_word' id='word_1_562' title='bbox 1490 4294 1546 4365; x_wconf 76' lang='lat' dir='ltr'><strong>in</strong></span> <span class='ocrx_word' id='word_1_563' title='bbox 1573 4294 2103 4372; x_wconf 56' lang='lat' dir='ltr'><strong>marmbié’iﬁé‘i‘éuiﬁ</strong></span> 
     </span>
    </p>
   </div>
   <div class='ocr_carea' id='block_1_91' title="bbox 526 4367 2102 4446">
    <p class='ocr_par' dir='ltr' id='par_1_91' title="bbox 526 4367 2102 4446">
     <span class='ocr_line' id='line_1_92' title="bbox 526 4367 2102 4446; baseline 0.015 -29"><span class='ocrx_word' id='word_1_564' title='bbox 526 4367 708 4446; x_wconf 64' lang='lat' dir='ltr'><strong>videre</strong></span> <span class='ocrx_word' id='word_1_565' title='bbox 735 4379 850 4432; x_wconf 91' lang='lat' dir='ltr'><strong>est,</strong></span> <span class='ocrx_word' id='word_1_566' title='bbox 887 4367 1565 4446; x_wconf 49' lang='lat' dir='ltr'><strong>singulare-argumentum</strong></span> <span class='ocrx_word' id='word_1_567' title='bbox 1597 4381 1755 4446; x_wconf 74' lang='lat' dir='ltr'><strong>regia:</strong></span> <span class='ocrx_word' id='word_1_568' title='bbox 1783 4367 2102 4441; x_wconf 62' lang='lat' dir='ltr'><strong>benevolen:</strong></span> 
     </span>
    </p>
   </div>
   <div class='ocr_carea' id='block_1_92' title="bbox 525 4435 2096 4521">
    <p class='ocr_par' dir='ltr' id='par_1_92' title="bbox 525 4435 2096 4521">
     <span class='ocr_line' id='line_1_93' title="bbox 525 4435 2096 4521; baseline 0.016 -34"><span class='ocrx_word' id='word_1_569' title='bbox 525 4435 760 4521; x_wconf 43' lang='lat' dir='ltr'><strong>tite-erga</strong></span> <span class='ocrx_word' id='word_1_570' title='bbox 789 4435 1116 4519; x_wconf 70' lang='lat' dir='ltr'><strong>pontiﬁcem,</strong></span> <span class='ocrx_word' id='word_1_571' title='bbox 1149 4463 1167 4493; x_wconf 69' lang='lat' dir='ltr'><strong>c</strong></span> <span class='ocrx_word' id='word_1_572' title='bbox 1190 4435 1627 4521; x_wconf 63' lang='lat' dir='ltr'><strong>pri-.cipnum,_ut</strong></span> <span class='ocrx_word' id='word_1_573' title='bbox 1653 4435 2096 4521; x_wconf 58' lang='lat' dir='ltr'><strong>Eginharduste-</strong></span> 
     </span>
    </p>
   </div>
   <div class='ocr_carea' id='block_1_93' title="bbox 523 4512 2097 4589">
    <p class='ocr_par' dir='ltr' id='par_1_93' title="bbox 523 4512 2097 4589">
     <span class='ocr_line' id='line_1_94' title="bbox 523 4512 2097 4589; baseline 0.017 -34"><span class='ocrx_word' id='word_1_574' title='bbox 523 4512 716 4589; x_wconf 57' lang='lat' dir='ltr'><strong>statur,</strong></span> <span class='ocrx_word' id='word_1_575' title='bbox 747 4512 976 4589; x_wconf 71' lang='lat' dir='ltr'><strong>amicum</strong></span> <span class='ocrx_word' id='word_1_576' title='bbox 1008 4527 1163 4565; x_wconf 88' lang='lat' dir='ltr'><strong>suum</strong></span> <span class='ocrx_word' id='word_1_577' title='bbox 1184 4553 1198 4577; x_wconf 95' lang='lat'><strong>,</strong></span> <span class='ocrx_word' id='word_1_578' title='bbox 1234 4512 1386 4589; x_wconf 76' lang='lat' dir='ltr'><strong>cujus</strong></span> <span class='ocrx_word' id='word_1_579' title='bbox 1414 4519 1658 4589; x_wconf 85' lang='lat' dir='ltr'><strong>nuntiato</strong></span> <span class='ocrx_word' id='word_1_580' title='bbox 1698 4512 1796 4574; x_wconf 67' lang='lat' dir='ltr'><strong>sibi</strong></span> <span class='ocrx_word' id='word_1_581' title='bbox 1834 4524 1982 4578; x_wconf 89' lang='lat' dir='ltr'><strong>obitu</strong></span> <span class='ocrx_word' id='word_1_582' title='bbox 2021 4527 2097 4582; x_wconf 90' lang='lat' dir='ltr'><strong>sic</strong></span> 
     </span>
    </p>
   </div>
   <div class='ocr_carea' id='block_1_94' title="bbox 521 4571 2095 4697">
    <p class='ocr_par' dir='ltr' id='par_1_94' title="bbox 521 4571 2095 4697">
     <span class='ocr_line' id='line_1_95' title="bbox 521 4571 2095 4697; baseline 0.016 -72"><span class='ocrx_word' id='word_1_583' title='bbox 521 4571 686 4697; x_wconf 37' lang='grc' dir='ltr'><strong>ἓξὲξ</strong></span> <span class='ocrx_word' id='word_1_584' title='bbox 737 4590 802 4630; x_wconf 88' lang='lat' dir='ltr'><strong>ac</strong></span> <span class='ocrx_word' id='word_1_585' title='bbox 842 4577 888 4631; x_wconf 87' lang='lat' dir='ltr'><strong>si</strong></span> <span class='ocrx_word' id='word_1_586' title='bbox 930 4577 1155 4634; x_wconf 82' lang='lat' dir='ltr'><strong>fratrem</strong></span> <span class='ocrx_word' id='word_1_587' title='bbox 1185 4571 2095 4649; x_wconf 42' lang='lat' dir='ltr'><strong>&#39;aut&#39;charissimamlilium-arui:</strong></span> 
     </span>
     <span class='ocr_line' id='line_1_96' title="bbox 690 4664 752 4697; baseline -0.016 0"><span class='ocrx_word' id='word_1_588' title='bbox 690 4682 704 4697; x_wconf 74' lang='grc' dir='ltr'><strong><em>ο</em></strong></span> <span class='ocrx_word' id='word_1_589' title='bbox 734 4664 752 4696; x_wconf 74' lang='grc' dir='ltr'><strong><em>ι</em></strong></span> 
     </span>
    </p>
   </div>
   <div class='ocr_carea' id='block_1_95' title="bbox 520 4656 752 4698">
    <p class='ocr_par' dir='ltr' id='par_1_95' title="bbox 520 4656 752 4698">
     <span class='ocr_line' id='line_1_97' title="bbox 520 4656 752 4698; baseline 0.009 -4"><span class='ocrx_word' id='word_1_590' title='bbox 520 4656 704 4698; x_wconf 72' lang='grc' dir='ltr'><strong>ειεεθῑ.</strong></span> <span class='ocrx_word' id='word_1_591' title='bbox 734 4664 752 4696; x_wconf 75' lang='grc' dir='ltr'><strong><em>ι</em></strong></span> 
     </span>
    </p>
   </div>
   <div class='ocr_carea' id='block_1_96' title="bbox 594 4714 2097 4802">
    <p class='ocr_par' dir='ltr' id='par_1_96' title="bbox 594 4714 2097 4802">
     <span class='ocr_line' id='line_1_98' title="bbox 594 4714 2097 4802; baseline -0.002 0"><span class='ocrx_word' id='word_1_592' title='bbox 594 4714 1153 4802; x_wconf 56' lang='grc' dir='ltr'><strong>ἒέάίίηθίηζςνίυηξ·</strong></span> <span class='ocrx_word' id='word_1_593' title='bbox 1185 4723 1507 4802; x_wconf 67' lang='grc' dir='ltr'><strong>,Αωκιιειῐιν</strong></span> <span class='ocrx_word' id='word_1_594' title='bbox 1542 4726 1891 4802; x_wconf 60' lang='lat' dir='ltr'><strong>Caroliresis</strong></span> <span class='ocrx_word' id='word_1_595' title='bbox 1919 4748 2097 4789; x_wconf 82' lang='lat' dir='ltr'><strong>secre-</strong></span> 
     </span>
    </p>
   </div>
   <div class='ocr_carea' id='block_1_97' title="bbox 516 4787 2096 4872">
    <p class='ocr_par' dir='ltr' id='par_1_97' title="bbox 516 4787 2096 4872">
     <span class='ocr_line' id='line_1_99' title="bbox 516 4787 2096 4872; baseline 0.015 -38"><span class='ocrx_word' id='word_1_596' title='bbox 516 4787 798 4872; x_wconf 61' lang='lat' dir='ltr'><strong>tariumet</strong></span> <span class='ocrx_word' id='word_1_597' title='bbox 821 4788 1039 4872; x_wconf 66' lang='lat' dir='ltr'><strong>capellae</strong></span> <span class='ocrx_word' id='word_1_598' title='bbox 1070 4792 1401 4858; x_wconf 88' lang='lat' dir='ltr'><strong>ministrum,</strong></span> <span class='ocrx_word' id='word_1_599' title='bbox 1433 4787 1573 4851; x_wconf 83' lang='lat' dir='ltr'><strong>inter</strong></span> <span class='ocrx_word' id='word_1_600' title='bbox 1598 4787 1890 4855; x_wconf 52' lang='lat' dir='ltr'><strong>familiares</strong></span> <span class='ocrx_word' id='word_1_601' title='bbox 1911 4787 2096 4872; x_wconf 58' lang='lat' dir='ltr'><strong>praeci-</strong></span> 
     </span>
    </p>
   </div>
   <div class='ocr_carea' id='block_1_98' title="bbox 515 4854 2096 4935">
    <p class='ocr_par' dir='ltr' id='par_1_98' title="bbox 515 4854 2096 4935">
     <span class='ocr_line' id='line_1_100' title="bbox 515 4854 2096 4935; baseline 0.015 -32"><span class='ocrx_word' id='word_1_602' title='bbox 515 4866 623 4935; x_wconf 85' lang='lat' dir='ltr'><strong>pue</strong></span> <span class='ocrx_word' id='word_1_603' title='bbox 645 4854 1194 4935; x_wconf 27' lang='lat' dir='ltr'><strong>charum.‘_5&amp;b_batem</strong></span> <span class='ocrx_word' id='word_1_604' title='bbox 1223 4854 1411 4919; x_wconf 80' lang='lat' dir='ltr'><strong>omnes</strong></span> <span class='ocrx_word' id='word_1_605' title='bbox 1445 4878 1660 4931; x_wconf 89' lang='lat' dir='ltr'><strong>vocant,</strong></span> <span class='ocrx_word' id='word_1_606' title='bbox 1688 4877 1743 4922; x_wconf 91' lang='lat' dir='ltr'><strong>et</strong></span> <span class='ocrx_word' id='word_1_607' title='bbox 1771 4854 2096 4927; x_wconf 52' lang='lat' dir='ltr'><strong>interralfba-</strong></span> 
     </span>
    </p>
   </div>
   <div class='ocr_carea' id='block_1_99' title="bbox 518 4924 2096 5014">
    <p class='ocr_par' dir='ltr' id='par_1_99' title="bbox 518 4924 2096 5014">
     <span class='ocr_line' id='line_1_101' title="bbox 518 4924 2096 5014; baseline 0.015 -41"><span class='ocrx_word' id='word_1_608' title='bbox 518 4924 948 5014; x_wconf 44' lang='lat' dir='ltr'><strong>tes‘quiuCaroli</strong></span> <span class='ocrx_word' id='word_1_609' title='bbox 984 4928 1157 5000; x_wconf 80' lang='lat' dir='ltr'><strong>Magni</strong></span> <span class='ocrx_word' id='word_1_610' title='bbox 1197 4942 1517 5014; x_wconf 75' lang='lat' dir='ltr'><strong>testamento</strong></span> <span class='ocrx_word' id='word_1_611' title='bbox 1567 4924 1881 5014; x_wconf 72' lang='lat' dir='ltr'><strong>adfuerunt,</strong></span> <span class='ocrx_word' id='word_1_612' title='bbox 1910 4924 2096 5014; x_wconf 67' lang='lat' dir='ltr'><strong>Angil-</strong></span> 
     </span>
    </p>
   </div>
   <div class='ocr_carea' id='block_1_100' title="bbox 514 4988 2092 5078">
    <p class='ocr_par' dir='ltr' id='par_1_100' title="bbox 514 4988 2092 5078">
     <span class='ocr_line' id='line_1_102' title="bbox 514 4988 2092 5078; baseline 0.015 -34"><span class='ocrx_word' id='word_1_613' title='bbox 514 4988 675 5078; x_wconf 44' lang='lat' dir='ltr'><strong>beru;</strong></span> <span class='ocrx_word' id='word_1_614' title='bbox 702 5009 917 5078; x_wconf 60' lang='lat' dir='ltr'><strong>quoque</strong></span> <span class='ocrx_word' id='word_1_615' title='bbox 938 4988 1155 5078; x_wconf 50' lang='lat' dir='ltr'><strong>porticu</strong></span> <span class='ocrx_word' id='word_1_616' title='bbox 1178 4988 1881 5078; x_wconf 16' lang='lat' dir='ltr'><strong>ascriptumle—st.VKbbas</strong></span> <span class='ocrx_word' id='word_1_617' title='bbox 1910 4988 2092 5067; x_wconf 43' lang='lat'><strong>3612131</strong></span> 
     </span>
    </p>
   </div>
   <div class='ocr_carea' id='block_1_101' title="bbox 513 5060 2095 5151">
    <p class='ocr_par' dir='ltr' id='par_1_101' title="bbox 513 5060 2095 5151">
     <span class='ocr_line' id='line_1_103' title="bbox 513 5060 2095 5151; baseline 0.015 -38"><span class='ocrx_word' id='word_1_618' title='bbox 513 5060 617 5151; x_wconf 56' lang='lat' dir='ltr'><strong>{ait</strong></span> <span class='ocrx_word' id='word_1_619' title='bbox 643 5062 701 5151; x_wconf 84' lang='lat' dir='ltr'><strong>s.</strong></span> <span class='ocrx_word' id='word_1_620' title='bbox 720 5060 972 5147; x_wconf 50' lang='lat' dir='ltr'><strong>:Ric&#39;harii</strong></span> <span class='ocrx_word' id='word_1_621' title='bbox 1001 5060 1360 5151; x_wconf 61' lang='lat' dir='ltr'><strong>Gentillensis:</strong></span> <span class='ocrx_word' id='word_1_622' title='bbox 1390 5076 1532 5151; x_wconf 77' lang='lat' dir='ltr'><strong>quod</strong></span> <span class='ocrx_word' id='word_1_623' title='bbox 1552 5060 2095 5151; x_wconf 48' lang='lat' dir='ltr'><strong>*moqastéatasﬁi.‘</strong></span> 
     </span>
    </p>
   </div>
   <div class='ocr_carea' id='block_1_102' title="bbox 514 5129 2093 5207">
    <p class='ocr_par' dir='ltr' id='par_1_102' title="bbox 514 5129 2093 5207">
     <span class='ocr_line' id='line_1_104' title="bbox 514 5129 2093 5207; baseline 0.015 -24"><span class='ocrx_word' id='word_1_624' title='bbox 514 5129 626 5207; x_wconf 78' lang='lat' dir='ltr'><strong>bus</strong></span> <span class='ocrx_word' id='word_1_625' title='bbox 640 5136 764 5207; x_wconf 65' lang='lat' dir='ltr'><strong>suis</strong></span> <span class='ocrx_word' id='word_1_626' title='bbox 796 5141 1104 5207; x_wconf 80' lang='lat' dir='ltr'><strong>renovavit,</strong></span> <span class='ocrx_word' id='word_1_627' title='bbox 1143 5152 1202 5197; x_wconf 92' lang='lat' dir='ltr'><strong>ut</strong></span> <span class='ocrx_word' id='word_1_628' title='bbox 1241 5129 1435 5199; x_wconf 64' lang='lat' dir='ltr'><strong>docent</strong></span> <span class='ocrx_word' id='word_1_629' title='bbox 1468 5129 1955 5205; x_wconf 26' lang='lat' dir='ltr'><strong>Alcuinivcar—mln-a</strong></span> 
     </span>
    </p>
   </div>
   <div class='ocr_carea' id='block_1_103' title="bbox 512 5202 2092 5289">
    <p class='ocr_par' dir='ltr' id='par_1_103' title="bbox 512 5202 2092 5289">
     <span class='ocr_line' id='line_1_105' title="bbox 512 5202 2092 5289; baseline 0.016 -36"><span class='ocrx_word' id='word_1_630' title='bbox 512 5202 737 5289; x_wconf 66' lang='lat' dir='ltr'><strong>et</strong></span> <span class='ocrx_word' id='word_1_631' title='bbox 779 5202 1179 5289; x_wconf 75' lang='lat' dir='ltr'><strong>Auricula_r_iu_m</strong></span> <span class='ocrx_word' id='word_1_632' title='bbox 1206 5213 1320 5289; x_wconf 84' lang='lat' dir='ltr'><strong>sive</strong></span> <span class='ocrx_word' id='word_1_633' title='bbox 1334 5217 1703 5289; x_wconf 77' lang='lat' dir='ltr'><strong>secretarium</strong></span> <span class='ocrx_word' id='word_1_634' title='bbox 1730 5202 1954 5275; x_wconf 77' lang='lat' dir='ltr'><strong>Carolus</strong></span> <span class='ocrx_word' id='word_1_635' title='bbox 1979 5202 2092 5289; x_wconf 74' lang='lat' dir='ltr'><strong>ipse</strong></span> 
     </span>
    </p>
   </div>
   <div class='ocr_carea' id='block_1_104' title="bbox 512 5273 2089 5358">
    <p class='ocr_par' dir='ltr' id='par_1_104' title="bbox 512 5273 2089 5358">
     <span class='ocr_line' id='line_1_106' title="bbox 512 5273 2089 5358; baseline 0.014 -35"><span class='ocrx_word' id='word_1_636' title='bbox 512 5273 744 5358; x_wconf 67' lang='lat' dir='ltr'><strong>appellat</strong></span> <span class='ocrx_word' id='word_1_637' title='bbox 770 5278 1001 5358; x_wconf 72' lang='lat' dir='ltr'><strong>epistola</strong></span> <span class='ocrx_word' id='word_1_638' title='bbox 1023 5283 1092 5337; x_wconf 81' lang='lat'><strong>85</strong></span> <span class='ocrx_word' id='word_1_639' title='bbox 1123 5283 1267 5337; x_wconf 90' lang='lat' dir='ltr'><strong>inter</strong></span> <span class='ocrx_word' id='word_1_640' title='bbox 1285 5284 1632 5358; x_wconf 80' lang='lat' dir='ltr'><strong>Alcuinianas</strong></span> <span class='ocrx_word' id='word_1_641' title='bbox 1651 5328 1665 5351; x_wconf 93' lang='lat'><strong>,</strong></span> <span class='ocrx_word' id='word_1_642' title='bbox 1698 5296 1753 5343; x_wconf 90' lang='lat' dir='ltr'><strong>et</strong></span> <span class='ocrx_word' id='word_1_643' title='bbox 1777 5273 2089 5358; x_wconf 44' lang='lat' dir='ltr'><strong>epistulari;</strong></span> 
     </span>
    </p>
   </div>
   <div class='ocr_carea' id='block_1_105' title="bbox 510 5344 2090 5428">
    <p class='ocr_par' dir='ltr' id='par_1_105' title="bbox 510 5344 2090 5428">
     <span class='ocr_line' id='line_1_107' title="bbox 510 5344 2090 5428; baseline 0.015 -37"><span class='ocrx_word' id='word_1_644' title='bbox 510 5344 832 5428; x_wconf 55' lang='lat' dir='ltr'><strong>manualem,</strong></span> <span class='ocrx_word' id='word_1_645' title='bbox 859 5351 1004 5428; x_wconf 76' lang='lat' dir='ltr'><strong>quod</strong></span> <span class='ocrx_word' id='word_1_646' title='bbox 1037 5359 1121 5406; x_wconf 91' lang='lat' dir='ltr'><strong>est</strong></span> <span class='ocrx_word' id='word_1_647' title='bbox 1152 5367 1557 5428; x_wconf 78' lang='lat' dir='ltr'><strong>amanuensem.</strong></span> <span class='ocrx_word' id='word_1_648' title='bbox 1605 5344 1832 5428; x_wconf 54' lang='lat' dir='ltr'><strong>capella?</strong></span> <span class='ocrx_word' id='word_1_649' title='bbox 1859 5344 2090 5428; x_wconf 81' lang='lat' dir='ltr'><strong>denique</strong></span> 
     </span>
    </p>
   </div>
   <div class='ocr_carea' id='block_1_106' title="bbox 510 5418 2089 5498">
    <p class='ocr_par' dir='ltr' id='par_1_106' title="bbox 510 5418 2089 5498">
     <span class='ocr_line' id='line_1_108' title="bbox 510 5418 2089 5498; baseline 0.015 -38"><span class='ocrx_word' id='word_1_650' title='bbox 510 5418 817 5498; x_wconf 61' lang='lat' dir='ltr'><strong>ministrum</strong></span> <span class='ocrx_word' id='word_1_651' title='bbox 830 5418 1290 5498; x_wconf 39' lang='lat' dir='ltr'><strong>‘Adrianusnpapa</strong></span> <span class='ocrx_word' id='word_1_652' title='bbox 1329 5424 1507 5479; x_wconf 82' lang='lat' dir='ltr'><strong>Caroli</strong></span> <span class='ocrx_word' id='word_1_653' title='bbox 1548 5418 1829 5498; x_wconf 66' lang='lat' dir='ltr'><strong>capit&#39;ulari</strong></span> <span class='ocrx_word' id='word_1_654' title='bbox 1847 5418 2089 5498; x_wconf 64' lang='lat' dir='ltr'><strong>respon-</strong></span> 
     </span>
    </p>
   </div>
   <div class='ocr_carea' id='block_1_107' title="bbox 509 5479 2089 5567">
    <p class='ocr_par' dir='ltr' id='par_1_107' title="bbox 509 5479 2089 5567">
     <span class='ocr_line' id='line_1_109' title="bbox 509 5479 2089 5567; baseline 0.01 -31"><span class='ocrx_word' id='word_1_655' title='bbox 509 5479 847 5567; x_wconf 27' lang='lat' dir='ltr'><strong>densaquod</strong></span> <span class='ocrx_word' id='word_1_656' title='bbox 885 5504 983 5567; x_wconf 68' lang='lat' dir='ltr'><strong>per</strong></span> <span class='ocrx_word' id='word_1_657' title='bbox 1004 5479 1377 5565; x_wconf 59' lang='lat' dir='ltr'><strong>Angil&#39;be&#39;rtum</strong></span> <span class='ocrx_word' id='word_1_658' title='bbox 1407 5479 2089 5567; x_wconf 19' lang='lat' dir='ltr'><strong>acceperaLﬂHujt—is—prze-</strong></span> 
     </span>
    </p>
   </div>
   <div class='ocr_carea' id='block_1_108' title="bbox 508 5555 2085 5630">
    <p class='ocr_par' dir='ltr' id='par_1_108' title="bbox 508 5555 2085 5630">
     <span class='ocr_line' id='line_1_110' title="bbox 508 5555 2085 5630; baseline 0.01 -24"><span class='ocrx_word' id='word_1_659' title='bbox 508 5555 655 5630; x_wconf 72' lang='lat' dir='ltr'><strong>terea</strong></span> <span class='ocrx_word' id='word_1_660' title='bbox 681 5555 733 5607; x_wconf 90' lang='lat' dir='ltr'><strong>in</strong></span> <span class='ocrx_word' id='word_1_661' title='bbox 758 5555 1041 5630; x_wconf 73' lang='lat' dir='ltr'><strong>annalibus</strong></span> <span class='ocrx_word' id='word_1_662' title='bbox 1063 5555 1433 5620; x_wconf 74' lang='lat' dir='ltr'><strong>memorantur</strong></span> <span class='ocrx_word' id='word_1_663' title='bbox 1453 5555 1706 5620; x_wconf 63' lang='lat' dir='ltr'><strong>Romana:</strong></span> <span class='ocrx_word' id='word_1_664' title='bbox 1731 5555 1856 5620; x_wconf 48' lang='lat' dir='ltr'><strong>dure-</strong></span> <span class='ocrx_word' id='word_1_665' title='bbox 1871 5555 1988 5621; x_wconf 49' lang='lat' dir='ltr'><strong>aliis</strong></span> <span class='ocrx_word' id='word_1_666' title='bbox 2009 5568 2085 5622; x_wconf 90' lang='lat' dir='ltr'><strong>lc-</strong></span> 
     </span>
    </p>
   </div>
   <div class='ocr_carea' id='block_1_109' title="bbox 507 5627 2081 5720">
    <p class='ocr_par' dir='ltr' id='par_1_109' title="bbox 507 5627 2081 5720">
     <span class='ocr_line' id='line_1_111' title="bbox 507 5627 2081 5720; baseline 0 0"><span class='ocrx_word' id='word_1_667' title='bbox 507 5627 1318 5720; x_wconf 47' lang='lat' dir='ltr'><strong>EiEEPES‘;immuni”,</strong></span> <span class='ocrx_word' id='word_1_668' title='bbox 1342 5651 1469 5720; x_wconf 63' lang='grc' dir='ltr'><strong>ομξιε</strong></span> <span class='ocrx_word' id='word_1_669' title='bbox 1512 5635 1747 5720; x_wconf 58' lang='lat' dir='ltr'><strong>Felici&quot;?</strong></span> <span class='ocrx_word' id='word_1_670' title='bbox 1795 5635 2081 5720; x_wconf 62' lang='grc' dir='ltr'><strong>υτεειιέικ-</strong></span> 
     </span>
    </p>
   </div>
   <div class='ocr_carea' id='block_1_110' title="bbox 2206 4302 3790 4372">
    <p class='ocr_par' dir='ltr' id='par_1_110' title="bbox 2206 4302 3790 4372">
     <span class='ocr_line' id='line_1_112' title="bbox 2206 4302 3790 4372; baseline 0.001 -15"><span class='ocrx_word' id='word_1_671' title='bbox 2206 4303 2255 4357; x_wconf 92' lang='lat' dir='ltr'><strong>ei</strong></span> <span class='ocrx_word' id='word_1_672' title='bbox 2283 4318 2346 4357; x_wconf 88' lang='lat' dir='ltr'><strong>ex</strong></span> <span class='ocrx_word' id='word_1_673' title='bbox 2383 4302 2590 4357; x_wconf 88' lang='lat' dir='ltr'><strong>Hunico</strong></span> <span class='ocrx_word' id='word_1_674' title='bbox 2621 4302 2872 4372; x_wconf 82' lang='lat' dir='ltr'><strong>thesauro</strong></span> <span class='ocrx_word' id='word_1_675' title='bbox 2895 4318 3118 4357; x_wconf 89' lang='lat' dir='ltr'><strong>munera</strong></span> <span class='ocrx_word' id='word_1_676' title='bbox 3141 4303 3352 4367; x_wconf 86' lang='lat' dir='ltr'><strong>obtulit,</strong></span> <span class='ocrx_word' id='word_1_677' title='bbox 3380 4319 3502 4372; x_wconf 65' lang='lat' dir='ltr'><strong>qua:</strong></span> <span class='ocrx_word' id='word_1_678' title='bbox 3525 4302 3790 4371; x_wconf 83' lang='lat' dir='ltr'><strong>Adriano,</strong></span> 
     </span>
    </p>
   </div>
   <div class='ocr_carea' id='block_1_111' title="bbox 2206 4371 3793 4447">
    <p class='ocr_par' dir='ltr' id='par_1_111' title="bbox 2206 4371 3793 4447">
     <span class='ocr_line' id='line_1_113' title="bbox 2206 4371 3793 4447; baseline 0.002 -20"><span class='ocrx_word' id='word_1_679' title='bbox 2206 4371 2827 4447; x_wconf 27' lang='lat' dir='ltr'><strong>n_isi_obii_sset_.Afuerant</strong></span> <span class='ocrx_word' id='word_1_680' title='bbox 2866 4374 3158 4438; x_wconf 87' lang='lat' dir='ltr'><strong>destinata,</strong></span> <span class='ocrx_word' id='word_1_681' title='bbox 3197 4372 3263 4427; x_wconf 91' lang='lat' dir='ltr'><strong>de</strong></span> <span class='ocrx_word' id='word_1_682' title='bbox 3302 4371 3499 4443; x_wconf 86' lang='lat' dir='ltr'><strong>quibus</strong></span> <span class='ocrx_word' id='word_1_683' title='bbox 3540 4375 3596 4430; x_wconf 90' lang='lat' dir='ltr'><strong>in</strong></span> <span class='ocrx_word' id='word_1_684' title='bbox 3630 4390 3793 4447; x_wconf 81' lang='lat' dir='ltr'><strong>supe-</strong></span> 
     </span>
    </p>
   </div>
   <div class='ocr_carea' id='block_1_112' title="bbox 2124 4443 2658 4540">
    <p class='ocr_par' dir='ltr' id='par_1_112' title="bbox 2124 4443 2658 4540">
     <span class='ocr_line' id='line_1_114' title="bbox 2124 4443 2658 4540; baseline -0.002 -43"><span class='ocrx_word' id='word_1_685' title='bbox 2124 4480 2179 4540; x_wconf 80' lang='lat' dir='ltr'><strong>D</strong></span> <span class='ocrx_word' id='word_1_686' title='bbox 2206 4443 2337 4497; x_wconf 89' lang='lat' dir='ltr'><strong>riori</strong></span> <span class='ocrx_word' id='word_1_687' title='bbox 2366 4443 2658 4514; x_wconf 89' lang='lat' dir='ltr'><strong>epitaphio,</strong></span> 
     </span>
    </p>
   </div>
   <div class='ocr_carea' id='block_1_113' title="bbox 2330 4571 3599 4635">
    <p class='ocr_par' dir='ltr' id='par_1_113' title="bbox 2330 4571 3599 4635">
     <span class='ocr_line' id='line_1_115' title="bbox 2330 4571 3599 4635; baseline 0.002 -12"><span class='ocrx_word' id='word_1_688' title='bbox 2330 4574 2535 4623; x_wconf 74' lang='lat' dir='ltr'><strong>Munera</strong></span> <span class='ocrx_word' id='word_1_689' title='bbox 2560 4579 2696 4634; x_wconf 84' lang='lat' dir='ltr'><strong>grata</strong></span> <span class='ocrx_word' id='word_1_690' title='bbox 2722 4572 2807 4622; x_wconf 83' lang='lat' dir='ltr'><strong>tibi</strong></span> <span class='ocrx_word' id='word_1_691' title='bbox 2833 4571 3325 4623; x_wconf 55' lang='lat' dir='ltr'><strong>incolumianittenda</strong></span> <span class='ocrx_word' id='word_1_692' title='bbox 3352 4574 3599 4635; x_wconf 81' lang='lat' dir='ltr'><strong>parabam.</strong></span> 
     </span>
    </p>
   </div>
   <div class='ocr_carea' id='block_1_114' title="bbox 2272 4672 3785 4744">
    <p class='ocr_par' dir='ltr' id='par_1_114' title="bbox 2272 4672 3785 4744">
     <span class='ocr_line' id='line_1_116' title="bbox 2272 4672 3785 4744; baseline 0.001 -16"><span class='ocrx_word' id='word_1_693' title='bbox 2272 4675 2302 4716; x_wconf 66' lang='grc'><strong>1»</strong></span> <span class='ocrx_word' id='word_1_694' title='bbox 2368 4674 2515 4729; x_wconf 79' lang='lat' dir='ltr'><strong>Vatis</strong></span> <span class='ocrx_word' id='word_1_695' title='bbox 2562 4673 2807 4727; x_wconf 82' lang='lat' dir='ltr'><strong>Homere.</strong></span> <span class='ocrx_word' id='word_1_696' title='bbox 2858 4672 2975 4727; x_wconf 79' lang='lat' dir='ltr'><strong>1am</strong></span> <span class='ocrx_word' id='word_1_697' title='bbox 3009 4673 3189 4744; x_wconf 85' lang='lat' dir='ltr'><strong>monui</strong></span> <span class='ocrx_word' id='word_1_698' title='bbox 3222 4672 3596 4744; x_wconf 82' lang='lat' dir='ltr'><strong>Angilbertum</strong></span> <span class='ocrx_word' id='word_1_699' title='bbox 3621 4675 3785 4744; x_wconf 75' lang='lat' dir='ltr'><strong>joco-</strong></span> 
     </span>
    </p>
   </div>
   <div class='ocr_carea' id='block_1_115' title="bbox 2202 4743 3787 4812">
    <p class='ocr_par' dir='ltr' id='par_1_115' title="bbox 2202 4743 3787 4812">
     <span class='ocr_line' id='line_1_117' title="bbox 2202 4743 3787 4812; baseline 0.002 -13"><span class='ocrx_word' id='word_1_700' title='bbox 2202 4745 2301 4801; x_wconf 89' lang='lat' dir='ltr'><strong>lari</strong></span> <span class='ocrx_word' id='word_1_701' title='bbox 2349 4746 2564 4800; x_wconf 90' lang='lat' dir='ltr'><strong>nomine</strong></span> <span class='ocrx_word' id='word_1_702' title='bbox 2609 4744 2899 4798; x_wconf 88' lang='lat' dir='ltr'><strong>Homerum</strong></span> <span class='ocrx_word' id='word_1_703' title='bbox 2947 4743 3265 4797; x_wconf 86' lang='lat' dir='ltr'><strong>vocitatum.</strong></span> <span class='ocrx_word' id='word_1_704' title='bbox 3326 4743 3512 4812; x_wconf 90' lang='lat' dir='ltr'><strong>Itaque</strong></span> <span class='ocrx_word' id='word_1_705' title='bbox 3556 4743 3787 4802; x_wconf 79' lang='lat' dir='ltr'><strong>Carolus</strong></span> 
     </span>
    </p>
   </div>
   <div class='ocr_carea' id='block_1_116' title="bbox 2201 4812 3787 4883">
    <p class='ocr_par' dir='ltr' id='par_1_116' title="bbox 2201 4812 3787 4883">
     <span class='ocr_line' id='line_1_118' title="bbox 2201 4812 3787 4883; baseline -0.001 -12"><span class='ocrx_word' id='word_1_706' title='bbox 2201 4831 2319 4881; x_wconf 85' lang='lat' dir='ltr'><strong>rex,</strong></span> <span class='ocrx_word' id='word_1_707' title='bbox 2356 4831 2478 4871; x_wconf 92' lang='lat' dir='ltr'><strong>cum</strong></span> <span class='ocrx_word' id='word_1_708' title='bbox 2511 4816 2577 4869; x_wconf 93' lang='lat' dir='ltr'><strong>ad</strong></span> <span class='ocrx_word' id='word_1_709' title='bbox 2613 4829 2739 4869; x_wconf 90' lang='lat' dir='ltr'><strong>eum</strong></span> <span class='ocrx_word' id='word_1_710' title='bbox 2770 4814 2835 4868; x_wconf 88' lang='lat' dir='ltr'><strong>de</strong></span> <span class='ocrx_word' id='word_1_711' title='bbox 2863 4812 3197 4883; x_wconf 78' lang='lat' dir='ltr'><strong>profectione</strong></span> <span class='ocrx_word' id='word_1_712' title='bbox 3226 4814 3292 4867; x_wconf 90' lang='lat' dir='ltr'><strong>ad</strong></span> <span class='ocrx_word' id='word_1_713' title='bbox 3317 4813 3552 4883; x_wconf 88' lang='lat' dir='ltr'><strong>Leonem</strong></span> <span class='ocrx_word' id='word_1_714' title='bbox 3580 4816 3787 4869; x_wconf 89' lang='lat' dir='ltr'><strong>scribe-</strong></span> 
     </span>
    </p>
   </div>
   <div class='ocr_carea' id='block_1_117' title="bbox 2201 4881 3787 4955">
    <p class='ocr_par' dir='ltr' id='par_1_117' title="bbox 2201 4881 3787 4955">
     <span class='ocr_line' id='line_1_119' title="bbox 2201 4881 3787 4955; baseline -0.001 -15"><span class='ocrx_word' id='word_1_715' title='bbox 2201 4893 2305 4951; x_wconf 89' lang='lat' dir='ltr'><strong>ret,</strong></span> <span class='ocrx_word' id='word_1_716' title='bbox 2333 4885 2573 4955; x_wconf 60' lang='lat' dir='ltr'><strong>epistola!</strong></span> <span class='ocrx_word' id='word_1_717' title='bbox 2598 4883 2808 4939; x_wconf 88' lang='lat' dir='ltr'><strong>titulum</strong></span> <span class='ocrx_word' id='word_1_718' title='bbox 2836 4881 2986 4955; x_wconf 56' lang='lat' dir='ltr'><strong>fecit,</strong></span> <span class='ocrx_word' id='word_1_719' title='bbox 3015 4881 3241 4955; x_wconf 58' lang='lat' dir='ltr'><strong>Homero</strong></span> <span class='ocrx_word' id='word_1_720' title='bbox 3272 4882 3611 4949; x_wconf 82' lang='lat' dir='ltr'><strong>auricolaria,</strong></span> <span class='ocrx_word' id='word_1_721' title='bbox 3635 4900 3787 4938; x_wconf 84' lang='lat' dir='ltr'><strong>eam—</strong></span> 
     </span>
    </p>
   </div>
   <div class='ocr_carea' id='block_1_118' title="bbox 2199 4950 3787 5026">
    <p class='ocr_par' dir='ltr' id='par_1_118' title="bbox 2199 4950 3787 5026">
     <span class='ocr_line' id='line_1_120' title="bbox 2199 4950 3787 5026; baseline -0.001 -17"><span class='ocrx_word' id='word_1_722' title='bbox 2199 4950 2428 5026; x_wconf 70' lang='lat' dir='ltr'><strong>demque</strong></span> <span class='ocrx_word' id='word_1_723' title='bbox 2453 4956 2537 5009; x_wconf 93' lang='lat' dir='ltr'><strong>his</strong></span> <span class='ocrx_word' id='word_1_724' title='bbox 2558 4955 2734 5026; x_wconf 74' lang='lat' dir='ltr'><strong>verbis</strong></span> <span class='ocrx_word' id='word_1_725' title='bbox 2755 4953 3035 5026; x_wconf 67' lang='lat' dir='ltr'><strong>conclnsit,</strong></span> <span class='ocrx_word' id='word_1_726' title='bbox 3069 4950 3215 5026; x_wconf 69' lang='lat' dir='ltr'><strong>Vade</strong></span> <span class='ocrx_word' id='word_1_727' title='bbox 3238 4968 3535 5026; x_wconf 70' lang='lat' dir='ltr'><strong>reversurus</strong></span> <span class='ocrx_word' id='word_1_728' title='bbox 3558 4970 3678 5026; x_wconf 78' lang='lat' dir='ltr'><strong>cum</strong></span> <span class='ocrx_word' id='word_1_729' title='bbox 3703 4970 3787 5026; x_wconf 70' lang='lat' dir='ltr'><strong>sa-</strong></span> 
     </span>
    </p>
   </div>
   <div class='ocr_carea' id='block_1_119' title="bbox 2197 5022 3786 5093">
    <p class='ocr_par' dir='ltr' id='par_1_119' title="bbox 2197 5022 3786 5093">
     <span class='ocr_line' id='line_1_121' title="bbox 2197 5022 3786 5093; baseline -0.001 -16"><span class='ocrx_word' id='word_1_730' title='bbox 2197 5022 2688 5089; x_wconf 42' lang='lat' dir='ltr'><strong>lum—Homericae</strong></span> <span class='ocrx_word' id='word_1_731' title='bbox 2718 5039 2867 5093; x_wconf 84' lang='lat' dir='ltr'><strong>puer.</strong></span> <span class='ocrx_word' id='word_1_732' title='bbox 2911 5022 3001 5076; x_wconf 90' lang='lat' dir='ltr'><strong>Sic</strong></span> <span class='ocrx_word' id='word_1_733' title='bbox 3027 5030 3081 5076; x_wconf 91' lang='lat' dir='ltr'><strong>et</strong></span> <span class='ocrx_word' id='word_1_734' title='bbox 3109 5022 3391 5093; x_wconf 87' lang='lat' dir='ltr'><strong>Alcuinus,</strong></span> <span class='ocrx_word' id='word_1_735' title='bbox 3422 5031 3537 5093; x_wconf 82' lang='lat' dir='ltr'><strong>tum</strong></span> <span class='ocrx_word' id='word_1_736' title='bbox 3578 5023 3630 5076; x_wconf 93' lang='lat' dir='ltr'><strong>in</strong></span> <span class='ocrx_word' id='word_1_737' title='bbox 3669 5024 3786 5093; x_wconf 89' lang='lat' dir='ltr'><strong>epi-</strong></span> 
     </span>
    </p>
   </div>
   <div class='ocr_carea' id='block_1_120' title="bbox 2197 5089 3779 5160">
    <p class='ocr_par' dir='ltr' id='par_1_120' title="bbox 2197 5089 3779 5160">
     <span class='ocr_line' id='line_1_122' title="bbox 2197 5089 3779 5160; baseline 0 -13"><span class='ocrx_word' id='word_1_738' title='bbox 2197 5094 2373 5159; x_wconf 91' lang='lat' dir='ltr'><strong>stolis,</strong></span> <span class='ocrx_word' id='word_1_739' title='bbox 2404 5102 2515 5147; x_wconf 89' lang='lat' dir='ltr'><strong>tum</strong></span> <span class='ocrx_word' id='word_1_740' title='bbox 2552 5094 2604 5146; x_wconf 91' lang='lat' dir='ltr'><strong>in</strong></span> <span class='ocrx_word' id='word_1_741' title='bbox 2645 5089 2978 5146; x_wconf 85' lang='lat' dir='ltr'><strong>carminibus</strong></span> <span class='ocrx_word' id='word_1_742' title='bbox 3015 5092 3334 5160; x_wconf 77' lang='lat' dir='ltr'><strong>szepissime,</strong></span> <span class='ocrx_word' id='word_1_743' title='bbox 3374 5092 3467 5146; x_wconf 89' lang='lat' dir='ltr'><strong>sed</strong></span> <span class='ocrx_word' id='word_1_744' title='bbox 3507 5089 3681 5147; x_wconf 88' lang='lat' dir='ltr'><strong>facete</strong></span> <span class='ocrx_word' id='word_1_745' title='bbox 3705 5089 3779 5147; x_wconf 64' lang='lat' dir='ltr'><strong>&#39;in</strong></span> 
     </span>
    </p>
   </div>
   <div class='ocr_carea' id='block_1_121' title="bbox 2193 5161 3783 5286">
    <p class='ocr_par' dir='ltr' id='par_1_121' title="bbox 2193 5161 3783 5286">
     <span class='ocr_line' id='line_1_123' title="bbox 2193 5161 3783 5286; baseline -0.001 -70"><span class='ocrx_word' id='word_1_746' title='bbox 2193 5164 2407 5286; x_wconf 53' lang='grc' dir='ltr'><strong>Γυτὲἓιῐξξ,</strong></span> <span class='ocrx_word' id='word_1_747' title='bbox 2429 5172 2486 5217; x_wconf 93' lang='lat' dir='ltr'><strong>et</strong></span> <span class='ocrx_word' id='word_1_748' title='bbox 2514 5163 2788 5233; x_wconf 86' lang='lat' dir='ltr'><strong>eleganter</strong></span> <span class='ocrx_word' id='word_1_749' title='bbox 2814 5163 2869 5216; x_wconf 93' lang='lat' dir='ltr'><strong>in</strong></span> <span class='ocrx_word' id='word_1_750' title='bbox 2898 5161 3126 5231; x_wconf 91' lang='lat' dir='ltr'><strong>epistola</strong></span> <span class='ocrx_word' id='word_1_751' title='bbox 3147 5161 3218 5217; x_wconf 74' lang='lat'><strong>92</strong></span> <span class='ocrx_word' id='word_1_752' title='bbox 3243 5163 3296 5215; x_wconf 91' lang='lat' dir='ltr'><strong>in</strong></span> <span class='ocrx_word' id='word_1_753' title='bbox 3327 5161 3592 5217; x_wconf 89' lang='lat' dir='ltr'><strong>Ovidiano</strong></span> <span class='ocrx_word' id='word_1_754' title='bbox 3615 5177 3783 5219; x_wconf 88' lang='lat' dir='ltr'><strong>versu</strong></span> 
     </span>
    </p>
   </div>
   <div class='ocr_carea' id='block_1_122' title="bbox 2217 5233 2406 5291">
    <p class='ocr_par' dir='ltr' id='par_1_122' title="bbox 2217 5233 2406 5291">
     <span class='ocr_line' id='line_1_124' title="bbox 2217 5233 2406 5291; baseline 0.032 -6"><span class='ocrx_word' id='word_1_755' title='bbox 2217 5233 2406 5291; x_wconf 80' lang='lat' dir='ltr'><strong>udcns.</strong></span> 
     </span>
    </p>
   </div>
   <div class='ocr_carea' id='block_1_123' title="bbox 2437 5361 3464 5427">
    <p class='ocr_par' dir='ltr' id='par_1_123' title="bbox 2437 5361 3464 5427">
     <span class='ocr_line' id='line_1_125' title="bbox 2437 5361 3464 5427; baseline 0 -15"><span class='ocrx_word' id='word_1_756' title='bbox 2437 5364 2492 5412; x_wconf 84' lang='lat' dir='ltr'><strong>Si</strong></span> <span class='ocrx_word' id='word_1_757' title='bbox 2516 5361 2633 5412; x_wconf 84' lang='lat' dir='ltr'><strong>nihil</strong></span> <span class='ocrx_word' id='word_1_758' title='bbox 2656 5363 2899 5427; x_wconf 86' lang='lat' dir='ltr'><strong>attuleris,</strong></span> <span class='ocrx_word' id='word_1_759' title='bbox 2923 5364 3033 5426; x_wconf 86' lang='lat' dir='ltr'><strong>ibis,</strong></span> <span class='ocrx_word' id='word_1_760' title='bbox 3060 5362 3298 5424; x_wconf 83' lang='lat' dir='ltr'><strong>Homere,</strong></span> <span class='ocrx_word' id='word_1_761' title='bbox 3318 5362 3464 5412; x_wconf 83' lang='lat' dir='ltr'><strong>foras.</strong></span> 
     </span>
    </p>
   </div>
   <div class='ocr_carea' id='block_1_124' title="bbox 2190 5490 3774 5562">
    <p class='ocr_par' dir='ltr' id='par_1_124' title="bbox 2190 5490 3774 5562">
     <span class='ocr_line' id='line_1_126' title="bbox 2190 5490 3774 5562; baseline -0.002 -13"><span class='ocrx_word' id='word_1_762' title='bbox 2190 5494 2471 5550; x_wconf 82' lang='lat' dir='ltr'><strong>Refertum</strong></span> <span class='ocrx_word' id='word_1_763' title='bbox 2498 5502 2583 5550; x_wconf 90' lang='lat' dir='ltr'><strong>est</strong></span> <span class='ocrx_word' id='word_1_764' title='bbox 2606 5502 2776 5550; x_wconf 89' lang='lat' dir='ltr'><strong>totum</strong></span> <span class='ocrx_word' id='word_1_765' title='bbox 2806 5496 2909 5551; x_wconf 88' lang='lat' dir='ltr'><strong>hoc</strong></span> <span class='ocrx_word' id='word_1_766' title='bbox 2938 5493 3218 5550; x_wconf 90' lang='lat' dir='ltr'><strong>Theodulﬁ</strong></span> <span class='ocrx_word' id='word_1_767' title='bbox 3253 5507 3469 5548; x_wconf 88' lang='lat' dir='ltr'><strong>carmen</strong></span> <span class='ocrx_word' id='word_1_768' title='bbox 3509 5490 3774 5562; x_wconf 84' lang='lat' dir='ltr'><strong>ejusmodi</strong></span> 
     </span>
    </p>
   </div>
   <div class='ocr_carea' id='block_1_125' title="bbox 2190 5562 3775 5632">
    <p class='ocr_par' dir='ltr' id='par_1_125' title="bbox 2190 5562 3775 5632">
     <span class='ocr_line' id='line_1_127' title="bbox 2190 5562 3775 5632; baseline -0.004 -13"><span class='ocrx_word' id='word_1_769' title='bbox 2190 5566 2467 5619; x_wconf 91' lang='lat' dir='ltr'><strong>nominum</strong></span> <span class='ocrx_word' id='word_1_770' title='bbox 2498 5566 2907 5629; x_wconf 86' lang='lat' dir='ltr'><strong>mutationibus,</strong></span> <span class='ocrx_word' id='word_1_771' title='bbox 2940 5579 3061 5632; x_wconf 63' lang='lat' dir='ltr'><strong>quae</strong></span> <span class='ocrx_word' id='word_1_772' title='bbox 3089 5565 3159 5618; x_wconf 91' lang='lat' dir='ltr'><strong>ab</strong></span> <span class='ocrx_word' id='word_1_773' title='bbox 3193 5564 3261 5619; x_wconf 90' lang='lat' dir='ltr'><strong>iis</strong></span> <span class='ocrx_word' id='word_1_774' title='bbox 3298 5562 3530 5619; x_wconf 87' lang='lat' dir='ltr'><strong>fortasse</strong></span> <span class='ocrx_word' id='word_1_775' title='bbox 3554 5562 3645 5632; x_wconf 91' lang='lat' dir='ltr'><strong>qui</strong></span> <span class='ocrx_word' id='word_1_776' title='bbox 3677 5577 3775 5614; x_wconf 83' lang='lat' dir='ltr'><strong>au-</strong></span> 
     </span>
    </p>
   </div>
   <div class='ocr_carea' id='block_1_126' title="bbox 2189 5632 3772 5705">
    <p class='ocr_par' dir='ltr' id='par_1_126' title="bbox 2189 5632 3772 5705">
     <span class='ocr_line' id='line_1_128' title="bbox 2189 5632 3772 5705; baseline -0.004 -16"><span class='ocrx_word' id='word_1_777' title='bbox 2189 5635 2412 5691; x_wconf 87' lang='lat' dir='ltr'><strong>diebant</strong></span> <span class='ocrx_word' id='word_1_778' title='bbox 2465 5635 2686 5705; x_wconf 88' lang='lat' dir='ltr'><strong>intelligi</strong></span> <span class='ocrx_word' id='word_1_779' title='bbox 2736 5643 3007 5705; x_wconf 88' lang='lat' dir='ltr'><strong>poterant,</strong></span> <span class='ocrx_word' id='word_1_780' title='bbox 3057 5649 3205 5703; x_wconf 19' lang='lat' dir='ltr'><strong>nunc.</strong></span> <span class='ocrx_word' id='word_1_781' title='bbox 3247 5632 3647 5688; x_wconf 86' lang='lat' dir='ltr'><strong>inextricabiles</strong></span> <span class='ocrx_word' id='word_1_782' title='bbox 3693 5632 3772 5683; x_wconf 88' lang='lat' dir='ltr'><strong>vi—</strong></span> 
     </span>
    </p>
   </div>
   <div class='ocr_carea' id='block_1_127' title="bbox 504 5692 2397 5763">
    <p class='ocr_par' dir='ltr' id='par_1_127' title="bbox 504 5692 2397 5763">
     <span class='ocr_line' id='line_1_129' title="bbox 504 5692 2397 5763; baseline 0.014 -23"><span class='ocrx_word' id='word_1_783' title='bbox 504 5702 635 5743; x_wconf 84' lang='lat' dir='ltr'><strong>num</strong></span> <span class='ocrx_word' id='word_1_784' title='bbox 666 5692 734 5747; x_wconf 92' lang='lat' dir='ltr'><strong>ad</strong></span> <span class='ocrx_word' id='word_1_785' title='bbox 760 5694 1055 5753; x_wconf 78' lang='lat' dir='ltr'><strong>‘Adrianum</strong></span> <span class='ocrx_word' id='word_1_786' title='bbox 1081 5705 1328 5758; x_wconf 87' lang='lat' dir='ltr'><strong>eumdem</strong></span> <span class='ocrx_word' id='word_1_787' title='bbox 1367 5705 1590 5758; x_wconf 86' lang='lat' dir='ltr'><strong>adduxit</strong></span> <span class='ocrx_word' id='word_1_788' title='bbox 1616 5714 1677 5759; x_wconf 92' lang='lat' dir='ltr'><strong>ut</strong></span> <span class='ocrx_word' id='word_1_789' title='bbox 1712 5692 1959 5763; x_wconf 59' lang='lat' dir='ltr'><strong>haeresim</strong></span> <span class='ocrx_word' id='word_1_790' title='bbox 1984 5709 2083 5763; x_wconf 84' lang='lat' dir='ltr'><strong>ite-</strong></span> <span class='ocrx_word' id='word_1_791' title='bbox 2187 5705 2397 5759; x_wconf 69' lang='lat' dir='ltr'><strong>dentur-</strong></span> 
     </span>
    </p>
   </div>
  </div>
