4046 6452
82 1851 89 1876 )

84 2287 96 2319 5

211 359 303 417 5’23

269 471 462 527 Vertice
489 466 657 522 Sileni
683 477 774 522 aut
801 478 941 524 serta
974 470 1138 537 ligare
1166 473 1327 526 senis.

211 567 300 620 llas
332 574 516 632 paucas
547 557 717 614 David
743 561 917 614 cernit
940 561 1216 630 psalmista
1239 577 1537 627 camoenas,

269 651 476 722 [legales
497 650 638 704 inter
659 647 771 718 jam
793 665 1052 706 resonans
1081 653 1288 722 epulas.

208 744 482 813 Suhjiciens
512 756 710 810 paucos
744 742 882 795 inter
913 758 1126 812 quoque
1157 744 1275 798 licia
1311 745 1410 798 tela

269 833 398 889 Delia
423 829 677 883 femineos
701 830 991 899 Virgiliana
1020 832 1202 899 pedes.

113 939 120 982 ,'
206 922 384 980 Bcselel
408 931 564 988 atque
589 920 795 987 Lupum
821 921 999 974 subito
1030 925 1263 990 respexit
1289 924 1533 986 inertem,

265 1016 584 1082 Quapropter
611 1011 777 1063 tacuit
805 1011 987 1064 suavia
1020 1013 1180 1066 verba
1214 1014 1430 1068 timens.

205 1109 322 1163 Dum
352 1104 526 1171 Lupus
549 1101 807 1171 aufugiet,
833 1103 971 1156 redit
1001 1105 1050 1156 in
1076 1105 1373 1172 praecordia
1396 1121 1604 1169 sensus,

262 1193 587 1250 Carminibus
613 1191 841 1260 complet
871 1192 1108 1258 flumina,
1139 1211 1282 1256 rura,
1313 1197 1517 1252 domos.

208 1286 261 1340 Et
288 1295 597 1352 quocunque
623 1281 707 1336 die
738 1291 991 1336 crescunt
1019 1284 1072 1337 in
1099 1287 1302 1339 vertice
1324 1286 1494 1355 thyrsi

101 1406 123 1436 εν
262 1374 367 1428 Jam
395 1373 566 1426 rutilre
589 1373 785 1433 crines.
818 1382 944 1428 tunc
969 1386 1125 1430 canet
1150 1378 1262 1446 ipse
1281 1392 1495 1448 quoque

206 1465 319 1518 Dum
340 1462 518 1530 Lupus
539 1463 590 1516 in
613 1464 805 1518 scrinis
826 1466 1019 1532 quaerit
1038 1482 1133 1520 sua
1155 1469 1396 1522 carmina
1418 1483 1609 1535 canus,

259 1554 480 1608 Inveniet
509 1552 688 1608 forsan
721 1564 779 1609 ut
806 1554 953 1608 Maro
981 1565 1107 1609 tunc
1141 1565 1375 1611 resonat.

202 1644 374 1699 Lucius
396 1643 510 1713 ipse
535 1644 681 1698 brevi
710 1645 948 1714 depingit
967 1647 1207 1700 carmina
1232 1656 1414 1714 notus,

260 1735 392 1788 Talia
421 1750 524 1790 nec
557 1751 753 1791 corvus
781 1737 988 1792 discere
1019 1736 1157 1794 forte
1177 1738 1339 1793 valet.

101 1831 118 1872 ς
203 1825 446 1879 Scottulus
467 1825 746 1881 accinctus
768 1827 944 1896 gladio
967 1836 1019 1883 te
1040 1837 1248 1899 spectat
1273 1839 1450 1896 acuto,

258 1917 485 1972 Perforet
516 1926 578 1972 ut
609 1928 818 1986 pectus,
849 1919 1194 1985 Corviniane,
1224 1931 1398 1976 tuum.

203 2007 295 2060 Non
327 2008 472 2062 timet
512 2009 600 2062 hic
625 2023 832 2069 corvos,
872 2010 1073 2064 volucri
1101 2026 1201 2066 nec
1228 2020 1475 2081 parceret
1507 2011 1621 2075 ulli,

258 2096 305 2150 Si
328 2098 484 2164 modo
521 2098 812 2152 Damzetam
843 2108 1027 2168 sperat
1052 2102 1240 2156 abesse
1268 2102 1476 2172 procul.

200 2185 293 2240 Non
321 2187 432 2254 pius
461 2196 551 2241 est
581 2186 800 2242 Scottus
825 2197 1009 2244 noster
1031 2191 1265 2246 Damasta
1287 2201 1472 2261 poeta,

257 2275 485 2331 Vertitur
520 2277 573 2330 in
599 2277 799 2332 luctum
823 2279 982 2333 ludus
1003 2281 1072 2335 ab
1100 2296 1195 2336 ore
1221 2297 1442 2352 procax.

197 2368 420 2422 Attamen
449 2384 608 2424 arma
633 2370 844 2425 minans
877 2370 1095 2427 Scottus
1116 2372 1226 2441 jam
1249 2375 1435 2443 praalia
1463 2383 1669 2439 tentat;

254 2458 605 2530 Getulumque
629 2469 792 2531 caput
818 2477 950 2518 ense
978 2461 1142 2518 ferire
1168 2464 1371 2519 volens.

197 2544 280 2599 llic
312 2546 530 2600 Scottus
557 2555 733 2602 sottus
758 2557 938 2603 cottus
968 2549 1242 2604 trinomen
1272 2548 1512 2615 habebit,

255 2637 465 2694 Guttere
492 2639 833 2710 gentilupum
862 2639 1062 2695 clamat
1089 2648 1144 2695 et
1174 2642 1288 2710 ipse
1318 2657 1470 2696 cavo.

195 2725 425 2782 Carmine
447 2729 704 2784 versifico
733 2728 944 2785 fumoso
969 2740 1024 2786 et
1051 2732 1318 2786 distichon
1344 2746 1462 2797 ore,

255 2819 357 2874 Hoc
374 2821 577 2876 cecinit
598 2823 751 2876 nobis
769 2836 896 2877 ecce
918 2823 1152 2878 Menalca
1178 2838 1296 2878 suo.

197 2909 450 2967 Exanimis
473 2914 661 2966 vivum
691 2912 799 2966 risu
825 2915 1092 2983 percussit
1123 2915 1329 2984 iniquo,

257 3000 356 3056 Sed
389 3011 574 3056 tamen
603 3003 717 3057 hIcc
746 3004 930 3072 pueris
959 3003 1140 3072 praelia
1167 3003 1476 3071 proficiunt.

196 3088 313 3146 Tres
354 3095 506 3162 pueri
546 3095 748 3148 circum
776 3093 1009 3148 Danielis
1046 3093 1248 3149 fercula
1277 3097 1532 3166 gaudent,

256 3181 351 3248 Qui
380 3194 639 3254 superant
662 3183 906 3240 ﬂammas
929 3185 1208 3240 nobilitate
1238 3185 1362 3240 fide.

197 3269 332 3326 Nunc
355 3272 456 3329 Job
483 3275 732 3328 immensi
756 3291 982 3329 numero
1012 3276 1261 3345 fulgescit
1288 3278 1531 3341 honoris,

256 3361 681 3433 Psalteriumque
713 3365 884 3419 oculis
917 3364 1084 3435 fulget
1115 3382 1300 3421 amore
1322 3368 1444 3435 piis.

193 3450 242 3505 In
269 3454 448 3508 medio
477 3452 645 3508 David
684 3463 896 3524 sceptro
931 3456 1070 3526 regit
1099 3456 1304 3522 omnia,
1342 3457 1518 3525 largas

253 3543 556 3612 Disponens
583 3544 772 3612 epulas
798 3546 988 3599 ordine
1016 3546 1265 3614 pacifico.

190 3631 246 3684 Et
276 3633 400 3701 pius
425 3633 605 3685 Aaron
634 3634 906 3687 oenedicit
936 3643 1128 3688 cuncta
1156 3651 1252 3704 per
1283 3636 1484 3699 aulam,

251 3717 617 3773 Sanctificans
641 3721 822 3774 verbis
852 3721 1053 3776 fercula
1091 3731 1284 3777 cuncta
1323 3725 1514 3778 sacris.

192 3807 250 3862 Et
272 3809 518 3873 Nemias,
551 3809 825 3882 Solymam
852 3814 943 3882 qui
971 3811 1084 3880 jam
1110 3823 1464 3869 renovaverat
1485 3815 1695 3880 urbem,

256 3901 655 3970 Bacchipotens
693 3903 878 3959 calvus
915 3905 1090 3960 dulcia
1127 3907 1248 3960 vina
1291 3907 1447 3962 feret.

194 3989 285 4055 Qui
316 3992 467 4046 locus
495 4000 578 4047 est
611 4009 775 4048 corvo
806 3995 921 4049 haec
949 3996 1090 4049 inter
1117 3997 1366 4050 convivia
1405 3996 1594 4067 nigro?

257 4082 310 4135 ln
349 4083 499 4136 silvis
537 4091 752 4137 maneat
789 4084 931 4138 inter
959 4091 1014 4139 et
1049 4086 1163 4154 ipse
1199 4085 1372 4155 lupos.

99 4148 254 4228 //l\'i
284 4183 461 4231 tamen
491 4177 633 4230 Elias
665 4177 926 4248 depurget
955 4177 1182 4231 crimina
1212 4178 1382 4243 corvi,

260 4263 531 4320 Convocet
559 4275 720 4336 atque
754 4268 949 4320 iterum
982 4266 1050 4319 ad
1083 4265 1287 4320 fercula
1323 4280 1477 4320 sacra
1514 4266 1635 4321 sibi.

201 4353 408 4424 Hispani
438 4365 600 4426 potus
629 4355 911 4411 llardberd
942 4365 1185 4410 servator
1209 4371 1424 4422 avarus,

263 4446 514 4502 Armatus
544 4447 741 4501 Cerere
782 4455 927 4500 totus
959 4446 1013 4499 in
1043 4447 1157 4500 atde
1186 4461 1302 4500 sua.

201 4534 261 4588 Et
287 4538 515 4593 calidum
547 4546 759 4608 sceptro
791 4545 973 4592 versat
1009 4537 1211 4592 callare
1245 4537 1460 4602 culinis,

1507 349 1826 403 CARMlNA.
1867 348 1995 402 LIB.
2039 348 2125 402 lli.

1778 476 1830 534 Α
1928 471 2078 526 Saeva
2118 471 2533 527 manus-medici
2572 473 2712 543 cogit
2743 473 2941 527 habere
2967 473 3146 527 fidem.

1850 562 2019 617 Filius
2048 571 2101 617 et
2129 562 2302 617 vidua:
2331 562 2515 616 Hiram
2545 564 2682 618 bene
2712 564 2980 617 construit
3007 565 3180 618 aedem

1923 655 2232 709 Altithrono
2260 654 2459 710 Christi
2490 657 2784 710 auxilietur
2807 671 2962 724 opus.

1849 745 1959 800 Hos
1989 747 2129 799 inter
2156 746 2447 800 Nembroth
2477 747 2627 816 gigas
2654 747 2916 800 venabula
2947 756 3190 816 quassat,

1923 835 2022 900 Qui
2061 836 2180 890 telis
2207 852 2428 890 corvum
2459 836 2638 891 fronte
2665 837 2827 891 ferire
2852 847 3026 906 parat.

1750 947 1758 953 ·
1851 924 1920 978 Et
1955 940 2104 979 mare
2145 926 2428 980 velivolum
2461 928 2683 980 turbans
2711 927 3090 997 Polyphemius
3129 927 3336 998 ingens,

1691 1201 1701 1244 ‹
1717 1202 1789 1242 ειε-

1696 1651 1738 1694 lt
1765 1635 1780 1688 ἐξ

1701 2099 1774 2146 HO

265 4629 329 4684 Ut
359 4632 510 4685 bibat
539 4631 640 4684 hoc
669 4621 930 4700 gelidum,
960 4630 1101 4699 quod
1137 4637 1318 4684 movet
1346 4630 1434 4684 hic
1461 4629 1712 4685 calidum.

203 4715 465 4774 Grzcc'ulus
494 4728 552 4774 et
574 4719 781 4773 Putifar
817 4719 1022 4773 invisus
1052 4719 1192 4774 forte
1217 4719 1430 4790 puellis,

265 4808 519 4863 Armatus
547 4809 748 4864 frustra
779 4809 963 4878 prailia
994 4810 1136 4863 nulla
1166 4823 1378 4880 gerens.

205 4898 359 4964 Quem
387 4904 522 4959 socii
551 4903 756 4973 pariter
781 4903 960 4971 Bagao
987 4904 1314 4956 comitantur
1341 4911 1395 4955 et
1421 4903 1632 4971 Egens?

268 4993 339 5047 Ex
379 4997 554 5050 tribus
585 4995 670 5049 his
701 4995 906 5048 truncis
937 5009 1042 5047 non
1069 4994 1169 5047 erit
1200 5008 1338 5046 unus
1370 4994 1551 5046 homo.

207 5077 263 5132 lli
294 5097 410 5136 reor
441 5084 494 5137 in
528 5085 761 5138 cameris
789 5099 894 5138 non
921 5091 1046 5138 sunt
1064 5081 1177 5151 jam
1209 5091 1398 5152 sponte
1429 5082 1645 5137 ﬁdeles:

273 5223 294 5251 ι
322 5214 400 5266 Ad
424 5213 647 5269 Gislam.
680 5216 870 5271 Filiam
901 5234 1076 5282 suam,
1102 5227 1160 5271 ut
1187 5235 1308 5272 mox
1340 5218 1563 5283 indicat,

349 5305 492 5362 Quod
523 5307 610 5354 tibi
634 5305 941 5356 Theudulfus
963 5309 1046 5356 dat
1079 5315 1222 5368 pater
1255 5319 1374 5357 ecce
1397 5313 1525 5358 tuus.

211 5380 647 5458 Pa_ter_nimirnm
679 5388 852 5442 factus
881 5398 1006 5443 ante
1034 5397 1342 5455 susceptum
1379 5390 1690 5458 episcopatu

1698 5407 1768 5444 m.

277 5453 301 5492 ι)
341 5455 487 5519 Quas
534 5459 658 5512 bene
699 5458 1068 5527 Hieronymus.
1121 5453 1236 5512 Duo
1283 5453 1428 5512 circa
1453 5453 1770 5513 Psalterium

249 5527 532 5598 mstiterat
559 5526 913 5597 Hieronymus
937 5548 949 5580 :
976 5529 1211 5597 priscam
1248 5526 1401 5594 juxta
1433 5529 1772 5598 septuaginta

218 5593 478 5667 .Latinam
507 5593 806 5652 versionem
853 5593 1183 5667 emendarat,
1232 5593 1287 5650 et
1315 5593 1512 5651 novam
1544 5593 1771 5653 alteram

212 5664 707 5736 juxtaAHebraicum
734 5668 1076 5736 procuderat.
1131 5666 1422 5736 Utriusque
1467 5669 1645 5736 operis
1690 5669 1771 5722 sui

221 5734 455 5789 meminit
483 5737 581 5797 sub
607 5734 762 5791 finem
797 5737 918 5792 libri
948 5754 960 5791 I
993 5736 1244 5791 adversus
1268 5734 1520 5790 Rufinum
1549 5755 1559 5790 :
1588 5756 1606 5788 ‹
1634 5737 1777 5792 Psal-

1924 1014 2196 1083 Mergulus
2232 1024 2290 1069 ut
2321 1025 2558 1085 nequeat
2593 1016 2831 1086 effugere
2859 1027 2951 1070 aut
2983 1019 3190 1087 pelago,

1852 1106 1916 1160 lli
1951 1107 2057 1161 duo
2089 1108 2374 1178 dispariles
2415 1112 2693 1175 membris,
2727 1113 2818 1166 sed
2851 1121 3028 1166 mente
3059 1100 3319 1180 minaces,

1929 1195 2018 1250 llle
2047 1197 2210 1264 pedes
2239 1198 2388 1250 corvi
2422 1197 2655 1268 franget,
2685 1210 2739 1254 et
2765 1201 2866 1255 iste
2894 1209 3074 1269 caput.

1855 1284 2125 1355 Pygmalei
2160 1296 2368 1340 tantum
2401 1289 2677 1356 cupientes
2712 1306 2952 1358 quasrere
2982 1307 3191 1360 pacem,

1925 1375 2152 1445 Propter
2175 1376 2313 1430 bella
2344 1394 2535 1447 gruum
2563 1378 2794 1433 Corvule
2822 1381 2972 1451 nigre
3002 1383 3120 1445 tibi,

1856 1465 1983 1519 Hzec
2013 1465 2107 1518 tibi
2136 1466 2403 1520 sufficiant
2427 1467 2684 1532 venienti,
2719 1469 2954 1538 trispeda
2994 1478 3200 1524 tantum

1929 1556 2122 1610 Verbis
2153 1555 2420 1610 sufliciant
2446 1557 2642 1620 hiems,
2668 1557 2806 1620 sitis,
2837 1568 2998 1628 atque
3025 1558 3214 1615 fames.

1871 1644 1982 1699 Nos
2023 1655 2242 1700 nostros
2269 1647 2423 1701 nobis
2455 1655 2638 1701 nostra
2669 1655 2946 1702 teneamus
2975 1650 3028 1702 in
3057 1651 3178 1705 aula

1939 1736 2278 1806 Trispedicos
2316 1737 2532 1802 fratres,
2566 1739 2636 1793 sit
2674 1740 2764 1793 tibi
2801 1741 2951 1794 turba
2987 1741 3190 1796 brevis.

1786 1811 1831 1868 Β
1861 1822 1970 1878 Hos
1999 1833 2208 1878 tantum
2241 1833 2426 1880 teneas
2464 1828 2728 1882 acerrime
2756 1827 2986 1882 Corvule
3013 1845 3233 1884 versus:
3293 1893 3298 1896 _

1933 1912 2142 1982 Saepius
2173 1922 2334 1983 atque
2363 1915 2545 1985 legens
2570 1927 2786 1985 pectore
2818 1919 2989 1972 conde
3021 1928 3130 1973 tuo.

1863 2000 2000 2054 Dum
2028 2003 2209 2056 veniet
2233 2003 2455 2057 Flaccus
2484 2005 2666 2072 pueris
2705 2007 2995 2060 comitatus
3031 2016 3086 2060 et
3114 2008 3263 2063 odis:

1939 2090 2090 2143 Tunc
2119 2105 2340 2159 sperare
2376 2091 2632 2162 licetjam
2659 2094 2866 2162 potiora
2903 2094 3016 2146 tibi.
3089 2163 3093 2166 .

1861 2179 2015 2235 Tunc
2041 2181 2137 2236 tibi
2169 2191 2248 2236 tot
2275 2183 2440 2246 salve,
2473 2192 2605 2252 quot
2633 2192 2759 2237 sunt
2786 2184 2838 2236 in
2867 2185 3068 2239 vertice
3100 2185 3280 2241 crines

1935 2270 2214 2339 Albeutes,
2247 2273 2326 2328 sic
2356 2281 2434 2340 tu,
2468 2273 2811 2337 Corviniane,
2841 2274 2983 2328 vale.

2596 2361 2684 2416 IV.

2459 2463 2484 2491 ⁸
2513 2467 2582 2505 ΑΙ)
2620 2467 2832 2505 αιειυι.

1861 2542 2032 2606 Gisla,
2065 2542 2280 2597 favente
2304 2542 2438 2607 Deo,
2469 2542 2778 2596 venerabile
2814 2541 3028 2611 suscipe
3056 2543 3274 2606 donum,

1933 2633 2085 2698 Quod
2116 2633 2212 2686 tibi
2240 2630 2534 2686 Teudulfus
2564 2631 2654 2685 dat
2673 2638 2828 2698 pater
2857 2646 2982 2686 ecce
3013 2640 3157 2687 tuus.

1863 2719 1999 2774 Nam
2038 2722 2134 2775 tibi
2167 2721 2488 2776 Psalterium
2524 2720 2750 2788 praecepi
2784 2721 3012 2775 scribier
3046 2722 3210 2787 istud,

1933 2811 2172 2880 Argento
2199 2820 2360 2880 atque
2391 2826 2526 2864 auro
2555 2810 2696 2878 quod
2729 2810 2940 2864 radiare
2966 2811 3136 2866 vides.

1866 2903 1982 2972 Quo
2011 2905 2162 2974 prior
2191 2904 2419 2958 Hebraeo
2449 2902 2738 2958 concordat
2767 2903 2962 2971 pagina
2993 2918 3144 2968 vero,

1937 2997 2114 3051 Editio
2145 3005 2202 3050 ut
2237 2997 2417 3065 prisca
2455 3005 2538 3051 est
2573 3011 2700 3052 mox
2729 2998 2889 3053 habet
2925 2999 3048 3054 imle
3077 3015 3309 3069 sequens

1867 3089 1893 3128 ι)
1909 3087 2052 3154 Quas
2070 3089 2206 3142 bene
2221 3087 2580 3158 Hieronymus
2598 3091 2737 3143 hanc
2760 3089 3036 3154 transfert,
3056 3091 3280 3161 corrigit
3301 3091 3444 3144 illam

1791 3151 1834 3214 C
1933 3151 2204 3234 Sensibus
2235 3151 2471 3250 egregiis
2506 3189 2755 3250 utraque,
2787 3181 2968 3246 crede,
3002 3181 3184 3234 micat.

1868 3271 2097 3326 Assidua
2123 3274 2264 3341 quod
2287 3280 2353 3326 'tu
2384 3280 2436 3326 et
2462 3275 2718 3336 studiosa,
2751 3285 2930 3329 mente
2962 3274 3266 3343 frequenta,

1943 3361 2205 3415 Sensibus
2241 3372 2404 3431 atque
2438 3362 2553 3432 ejus
2580 3374 2797 3420 strenua
2835 3367 3001 3421 subde
3037 3375 3173 3421 tuos.

1870 3448 2141 3519 Organum
2176 3451 2278 3504 hoc
2307 3452 2361 3503 in
2389 3455 2616 3520 gremio,
2647 3455 3007 3509 modulamina
3036 3464 3217 3510 mente
3248 3463 3447 3520 teneto,
3471 3476 3474 3478 ·

1941 3539 2052 3593 Hoc
2081 3540 2308 3608 plectro,
2339 3542 2422 3594 his
2453 3544 2630 3598 sistris
2656 3547 2726 3599 sit
2751 3555 2837 3599 tua
2866 3547 3022 3615 plena
3051 3562 3264 3601 manus.

1869 3629 1981 3684 Hoc
2010 3641 2060 3684 te
2083 3632 2240 3685 dulce
2275 3633 2443 3686 melos
2477 3647 2712 3699 recreet,
2749 3638 2862 3691 hrec
2891 3647 3146 3706 tympana
3172 3637 3375 3706 plecte,

1939 3719 2064 3775 Hmc
2095 3730 2252 3774 sonet
2281 3722 2449 3790 harp:
2485 3724 2600 3787 tibi,
2632 3735 2937 3795 perstrepat
2969 3726 3069 3778 ista
3102 3726 3236 3795 lyra.

1869 3809 1982 3866 Hoc
2017 3813 2174 3867 modo
2208 3813 2497 3878 cantando,
2533 3815 2691 3868 modo
2723 3816 3102 3882 pertractando
3132 3829 3368 3876 recurre,

1937 3901 2054 3968 Quo
2089 3919 2243 3972 mage
2271 3903 2483 3958 divinus
2514 3905 2638 3958 hinc
2669 3906 2763 3960 tibi
2794 3915 3001 3961 crescat
3035 3922 3207 3960 amor.

1865 3993 2092 4048 Assidue
2124 3995 2168 4049 si
2199 4011 2344 4060 ores,
2377 3996 2470 4049 tibi
2503 3997 2573 4050 sit
2610 3997 2654 4051 si
2687 3998 2848 4052 lectio
2878 4001 3089 4063 crebra,

1938 4083 2052 4152 Ipsa
2082 4085 2193 4139 Deo
2217 4084 2478 4153 loqueris,
2508 4093 2562 4139 et
2590 4085 2733 4142 Deus
2763 4088 2874 4156 ipse
2909 4089 3025 4142 tibi.

1869 4177 1952 4230 Sit
1984 4176 2076 4228 tibi
2114 4175 2264 4244 larga
2295 4191 2510 4241 manus,
2539 4193 2722 4232 mores
2755 4181 2976 4248 compti,
3018 4180 3158 4233 actio
3189 4177 3444 4247 prudens,

1941 4264 2092 4319 Unde
2121 4265 2356 4318 creatori
2388 4267 2490 4319 rite
2517 4267 2734 4333 placere
2763 4282 2952 4334 queas.

1871 4354 1955 4409 Sit
1979 4355 2116 4409 lanae
2143 4354 2402 4418 studium,
2433 4357 2500 4408 sit
2535 4371 2664 4410 cura
2693 4357 2987 4411 domestica
3020 4371 3250 4426 semper,

1942 4444 2090 4498 Mens
2122 4453 2211 4498 tua
2237 4460 2343 4514 quo
2376 4444 2606 4499 famulos
2643 4446 2894 4510 mulceat,
2924 4457 3086 4526 atque
3114 4449 3308 4511 virum,

1795 4509 1848 4568 D
1874 4537 2096 4591 Actibus
2126 4537 2178 4590 in
2213 4537 2423 4591 cunctis
2459 4546 2638 4591 teneat
2669 4538 2924 4592 discretio
2951 4521 3202 4605 regnum,

1947 4627 2060 4681 Hac
2087 4643 2282 4683 ornare
2313 4629 2508 4693 libens,
2539 4629 2638 4683 hac
2668 4631 2804 4684 duce
2829 4630 2936 4682 vita
2965 4638 3165 4682 manet.

1877 4717 2080 4790 Sperne
2118 4720 2278 4785 mala,
2308 4729 2518 4775 sectare
2546 4721 2766 4785 bonum,
2799 4735 2924 4790 gere
2953 4729 3143 4774 cuncta
3173 4719 3448 4784 decenter,
3502 4773 3506 4778 .

1945 4809 2148 4867 Efferat
2186 4818 2244 4863 ut
2268 4825 2495 4878 prorsus
2526 4817 2577 4864 te
2607 4825 2867 4879 generosa
2897 4811 3061 4875 salus,

1877 4897 2035 4953 Casta
2064 4900 2183 4970 vige
2219 4899 2416 4968 conjux
2456 4900 2673 4970 longum
2707 4917 2826 4955 cum
2857 4900 3082 4972 conjuge
3118 4910 3288 4967 casto,

1950 4989 2015 5041 Et
2042 5003 2138 5042 vos
2170 4987 2390 5041 effectus
2421 4987 2654 5042 laetificet
2689 4989 2905 5044 sobolis.

1881 5078 2182 5146 Suaveque,
2214 5077 2384 5143 Gisla,
2418 5087 2509 5132 tuo
2541 5078 2770 5134 feliciter
2802 5092 2822 5119 ε
2856 5090 3007 5136 utere
3036 5096 3171 5144 rico,

1881 5213 2074 5292 terium
2105 5226 2336 5292 quoque,
2388 5211 2528 5280 quod
2578 5223 2726 5268 certe
2769 5209 3449 5292 emendatissin'ium'juxta

1883 5281 2231 5351 Septuaginta
2269 5282 2593 5352 lnterpretcs
2632 5293 2820 5338 nostro
2851 5284 3032 5335 labore
3057 5281 3254 5333 dudum
3280 5281 3450 5352 Roma

1881 5352 2135 5419 suscepit,
2180 5366 2394 5406 rursum
2432 5352 2585 5421 juxta
2625 5352 2949 5421 Hchraicuni
2993 5357 3210 5421 vertens
3254 5351 3450 5418 przefa-

1880 5423 2024 5476 tione
2041 5417 2275 5490 munivi.
2313 5441 2330 5472 ι
2364 5417 2660 5490 Utrumque
2687 5417 3012 5475 Theodulfus
3036 5417 3089 5470 in
3117 5419 3218 5473 hoc
3243 5417 3342 5475 suo
3365 5436 3456 5475 co-

1879 5492 1996 5546 dice
2033 5489 2374 5558 conjunctum
2404 5489 2692 5561 significat.

1952 5592 1972 5620 ο
2020 5579 2172 5634 Utere
2203 5581 2328 5634 rica.
2377 5579 2468 5633 Sic
2510 5578 2791 5650 legendum
2831 5587 3315 5650 ex_manus_cripto,
3346 5595 3450 5633 non

1877 5652 2035 5705 erico.
2057 5650 2218 5705 Gisla:
2242 5650 2386 5702 enim
2416 5649 2666 5702 maritum
2699 5649 2872 5716 inquit
2898 5647 3063 5701 fuisse
3086 5647 3452 5712 Suai‘aricum,

1879 5721 2032 5789 cujus
2077 5734 2269 5773 nomen
2313 5718 2473 5770 metri
2513 5732 2676 5770 causa
2707 5716 2917 5772 dividit.
2956 5718 3136 5784 Quare
3176 5736 3451 5790 auareque,
