4046 6448
573 309 680 368 337

640 422 885 492 Cumque
920 421 1012 478 illo
1037 421 1166 479 felix
1196 424 1359 482 dante
1393 442 1616 484 senesce
1640 431 1770 486 Deo.

570 513 706 568 Sitis
740 515 826 568 avi
863 522 918 568 et
946 515 1158 584 proavi,
1195 525 1344 585 petat
1380 526 1437 572 ut
1463 534 1560 574 vos
1595 523 1748 575 turba
1780 531 2067 590 nepotum;

637 604 740 658 Det
777 604 979 660 donum
1009 606 1115 660 hoc
1140 609 1294 662 vobis
1319 610 1409 678 qui
1437 611 1583 665 dedit
1611 612 1712 666 hoc
1741 615 2005 682 patribus.

567 694 724 766 Spes,
757 696 944 762 decus,
979 700 1134 765 ordo,
1166 700 1322 768 ﬁdes,
1352 704 1545 773 pietas,
1579 707 1891 770 concordia,
1919 707 2110 772 virtus,

638 785 845 855 Gratia,
882 804 1098 859 paxque
1125 790 1222 846 Dei
1251 793 1361 848 sint
1395 794 1492 849 tibi
1532 809 1766 865 semper.
1797 795 1931 852 Ave.

1323 882 1386 938 γ.

1106 998 1110 1002 ’
1148 985 1174 1013 ⁸
1205 989 1272 1028 ΔΙ)
1311 988 1564 1029 REGINAH.

560 1057 607 1113 Ο
635 1058 820 1131 regina
849 1070 1064 1131 potens,
1100 1079 1134 1118 o
1171 1066 1354 1134 magni
1385 1065 1558 1135 gloria
1591 1067 1752 1138 regis,

631 1150 676 1205 0
702 1152 902 1220 populi,
934 1169 968 1208 o
994 1154 1124 1210 cieri
1156 1155 1355 1225 luxque
1383 1157 1657 1226 decusque
1683 1159 1893 1229 vigens,

559 1235 637 1291 Te
661 1237 824 1293 Pater
855 1240 1182 1298 altithronus
1221 1244 1442 1312 longum
1472 1257 1761 1302 conservet
1790 1248 1844 1301 in
1873 1263 2066 1303 :evum.

628 1326 696 1380 Et
735 1331 909 1398 prosis
934 1333 1147 1402 populis
1173 1333 1535 1406 Ecclesizeque
1563 1337 1680 1392 Dei.

555 1415 638 1470 Tu
668 1417 758 1471 lux
791 1426 846 1473 et
873 1423 1124 1490 spendor,
1159 1432 1215 1479 tu
1243 1427 1394 1496 regni
1428 1427 1642 1498 insigne
1670 1429 1960 1498 decusque,

627 1505 816 1577 Tuque
844 1509 1040 1566 decore
1066 1513 1203 1569 cluis
1233 1530 1356 1570 cum
1381 1517 1598 1586 pietatis
1623 1534 1746 1590 ope.

557 1596 626 1651 Et
661 1598 868 1654 sociata
895 1600 985 1669 pio
1019 1611 1075 1657 et
1101 1605 1282 1659 meriti
1313 1606 1436 1660 data
1466 1623 1692 1663 munere
1719 1609 1854 1680 regi,

625 1687 797 1755 Quem
821 1689 964 1746 Deus
989 1693 1213 1760 exaltat,
1241 1695 1328 1750 cui
1355 1696 1496 1752 bona
1525 1710 1718 1753 cuncta
1743 1708 1920 1769 parat.

551 1775 681 1845 Ejus
709 1779 763 1832 in
793 1781 1053 1837 auxilium
1084 1792 1142 1838 tu
1171 1794 1332 1841 nocte
1357 1787 1554 1857 dieque
1579 1789 1815 1856 laboras,

623 1870 770 1926 Illius
797 1881 852 1926 et
878 1889 1094 1944 semper
1117 1893 1314 1934 nomen
1348 1881 1416 1935 ad
1447 1881 1556 1935 alta
1586 1882 1754 1938 levas.

549 1957 790 2030 Corpore
809 1963 1032 2032 pulchra
1055 1982 1268 2034 manes,
1293 1979 1474 2026 mente
1496 1987 1554 2027 es
1578 1973 1671 2028 sed
1694 1974 1973 2044 pulchrior
1997 1977 2134 2045 ipsa,

620 2051 680 2105 ln
707 2052 870 2108 dubio
901 2063 986 2110 est
1013 2055 1139 2112 hinc
1163 2059 1238 2114 sis
1261 2075 1489 2130 prorsus
1515 2079 1580 2118 an
1604 2064 1728 2120 inde
1750 2067 1917 2135 prior.

548 2140 784 2198 Pulchra
808 2158 870 2200 es
893 2147 1184 2202 verborum
1212 2165 1398 2218 sensu,
1430 2153 1527 2209 sed
1561 2155 1842 2224 pulchrior
1867 2166 2022 2214 actu:

621 2231 702 2285 Tu
736 2240 916 2290 tamen
947 2251 1008 2291 es
1036 2237 1201 2301 vitrix
1227 2240 1340 2295 sola
1368 2242 1422 2296 in
1452 2252 1686 2315 utroque
1712 2247 1812 2301 tui.

536 2320 651 2388 Qui
679 2323 820 2379 bona
846 2325 983 2382 velle
1015 2327 1112 2384 tibi
1143 2332 1414 2388 concessit
1439 2341 1586 2389 tanta
1617 2335 1850 2403 creator,

616 2413 885 2473 Perficere
911 2419 1007 2493 hic‘
1028 2420 1213 2488 donet,
1244 2432 1298 2478 te
1323 2431 1378 2480 et
1408 2426 1525 2482 sine
1553 2428 1660 2483 ﬁne
1677 2427 1850 2498 juvet.

545 2500 884 2561 Balsameum
916 2510 1101 2581 regina
1132 2513 1265 2569 mihi
1305 2519 1615 2575 transmitte
1641 2521 1930 2591 liquorem,

618 2593 736 2661 Quo
760 2597 898 2654 bene
925 2615 1025 2669 per
1049 2603 1276 2672 populos
1309 2607 1622 2665 chrismatis
1650 2628 1883 2683 unguem
1913 2623 2022 2670 eat.

544 2685 673 2741 inde
697 2702 853 2757 seges
886 2701 1098 2747 crescet
1124 2695 1336 2751 tibimet
1365 2701 1636 2756 mercedis
1661 2703 1878 2771 opimaa,

615 2776 998 2836 Christicolum
1027 2798 1221 2839 nomen
1250 2801 1373 2841 cum
1400 2789 1551 2844 dabit
1574 2807 1807 2861 unguem
1839 2794 2001 2850 idem.

544 2867 646 2922 Det
675 2869 771 2922 tibi
798 2869 1185 2941 Cunctipotens
1209 2875 1377 2930 vitam
1403 2888 1460 2932 et
1485 2880 1573 2947 pia
1599 2881 1739 2936 dona
1773 2885 1984 2952 salutis,

621 2957 798 3028 thue
823 2975 1035 3017 memor
1061 2965 1234 3019 nostri
1261 2966 1338 3022 sis
1365 2968 1485 3023 sine
1512 2969 1640 3025 ﬁne.
1671 2972 1817 3028 Vale.

1300 3056 1383 3113 VI.

1187 3163 1257 3202 ΑΙ)
1295 3164 1493 3206 REGEI.

545 3213 661 3286 Rex
681 3231 984 3300 benedicte,
1009 3235 1150 3302 vale,
1175 3238 1360 3294 valeas
1385 3255 1484 3310 per
1510 3251 1750 3314 tempora
1779 3244 1960 3320 longa,

615 3319 825 3392 Detque
851 3323 948 3378 tibi
979 3340 1223 3382 summus
1251 3343 1511 3399 prospera
1540 3345 1736 3391 cuncta
1764 3319 1960 3394 bonus.

541 3407 680 3464 Nam
707 3419 797 3466 tua
824 3416 1159 3484 prosperitas
1185 3417 1352 3475 decus
1379 3431 1463 3477 est
1490 3432 1546 3479 et
1574 3425 1746 3496 gloria
1773 3429 1948 3498 plebis

613 3501 970 3572 Christicolae,
1003 3508 1090 3562 cui
1123 3517 1182 3564 tu
1218 3518 1368 3567 tutor
1390 3529 1450 3570 es
1478 3524 1641 3586 atque
1666 3531 1838 3589 pater.

541 3592 711 3648 Tutor
735 3609 898 3666 opum
923 3612 1003 3663 es,
1033 3599 1228 3656 vindex
1261 3603 1550 3674 scelerum,
1581 3607 1806 3681 largitor
1833 3613 2122 3682 honorum,

610 3681 846 3754 Quaeque
879 3685 1016 3743 facis
1045 3688 1185 3744 ﬁunt
1212 3691 1328 3748 [nec
1358 3697 1677 3753 moderante
1710 3700 1840 3756 Deo.

539 3770 704 3827 Arma
732 3789 794 3829 es
821 3776 1159 3844 pontiﬁcum,
1191 3795 1318 3852 Spes
1355 3794 1411 3840 et
1439 3785 1684 3843 defensio
1721 3790 1874 3856 clem,

611 3860 715 3916 Per
742 3871 794 3918 te
820 3867 1108 3934 pontiﬁces
1131 3869 1258 3938 jura
1289 3882 1504 3929 sacrata
1540 3884 1746 3934 tenent.

542 3947 795 4016 Mentior,
827 3962 851 3991 ο
878 3963 1134 4022 expertus
1172 3958 1219 4012 si
1261 3975 1370 4014 non
1398 3961 1509 4017 Leo
1546 3968 1742 4033 prmsul
1780 3968 1832 4023 id
1873 3985 1987 4040 Ipse
2015 3983 2119 4039 est,

613 4041 766 4110 Quod
794 4047 1002 4103 recinet
1029 4050 1250 4106 modulo
1280 4052 1460 4108 ﬁstula
1495 4065 1681 4112 nostra
1708 4059 1878 4116 brevi.

539 4131 712 4200 Quem
756 4136 898 4192 male
927 4136 1122 4206 dejecit
1162 4156 1261 4196 sua
1288 4157 1422 4212 gens
1449 4146 1583 4202 urbe
1611 4155 1772 4218 atque
1806 4153 2058 4209 cathedra
2076 4193 2092 4223 ,

611 4223 778 4291 Quem
808 4225 955 4283 letho
981 4229 1162 4299 potius
1187 4247 1348 4302 quam
1380 4235 1498 4302 tibi,
1532 4238 1662 4303 vita,
1691 4250 1869 4309 parat.

538 4314 710 4382 Quem
740 4317 877 4374 bene
903 4322 1140 4390 suscepit
1166 4332 1277 4388 tua,
1323 4340 1442 4392 rex,
1472 4328 1751 4387 miseratio
1773 4334 2011 4392 clemens
2029 4376 2043 4402 ,

611 4407 847 4474 Solatur,
884 4413 1103 4478 mulcet,
1136 4417 1402 4484 perfovet,
1436 4431 1612 4487 ornat,
1643 4424 1756 4479 alit.

539 4495 709 4562 Quem
740 4498 1025 4556 luribunda
1051 4520 1243 4562 manus
1265 4509 1515 4577 spoliavit
1544 4512 1767 4582 lumine,
1801 4517 1983 4589 lingua
2004 4556 2018 4585 ,

537 4628 708 4695 Gisia,
731 4632 1066 4719 tuo‘vloeligter
1087 4647 1231 4692 utere
1260 4642 1387 4705 rica,
1420 4658 1518 4719 per
1548 4645 1761 4702 tmesini
1785 4651 1988 4706 dictum
2009 4663 2111 4719 est,

536 4707 600 4752 ut
646 4701 787 4768 apud
812 4701 1110 4784 Virgilium,
1160 4720 1349 4778 septem
1376 4701 1627 4784 's'ubjecta
1671 4701 2116 4779 trioni:

539 4778 718 4856 autem
750 4773 1249 4856 apud-Aurelianus
1301 4796 1408 4836 non
1463 4773 1589 4839 ante
1634 4773 2112 4856 plurimosﬁa'n'nos

537 4836 874 4922 Suavaricus.
889 4843 1025 4898 alter
1047 4847 1353 4922 episcopus,
1381 4836 1612 4922 quocum
1635 4836 1694 4910 ἧι
1715 4861 1932 4915 nomine
1954 4863 2026 4916 ita
2057 4873 2113 4919 et

535 4923 730 4988 genere
755 4910 1099 4980 conjunctuni
1128 4910 1271 4975 bun'c
1312 4910 1480 4978 fuisse
1511 4910 1942 4985 verisimilis—"cst
1977 4948 2109 4988 con-

528 4986 758 5044 jectura.

607 5049 736 5134 ιιΑά
760 5051 1011 5134 reginam.
1037 5055 1390 5134 Luitgardim,
1422 5063 1489 5119 de
1508 5079 1612 5134 qua
1633 5064 1747 5134 jam
1774 5068 1976 5125 dictant
2003 5080 2106 5128 est.

535 5115 616 5169 Ab
643 5115 1248 5209 hac‘balsamumpetjt,
1278 5115 1979 5209 undeftialich'ri-s-ma-quod
2004 5115 2107 5197 LIII

535 5201 657 5240 men
686 5189 778 5244 dat
801 5189 1146 5251 Christianis.
1174 5189 1290 5254 lloc
1319 5206 1463 5256 enim
1488 5213 1572 5257 est
1597 5189 1861 5275 quodin—it»,

657 5299 989 5354 Christicolum
1023 5319 1203 5370 nomen
1235 5323 1346 5361 cum
1371 5313 1506 5366 dabit
1529 5329 1730 5378 unguen
1754 5321 1903 5371 idem.

536 5396 798 5488 Suscepto
823 5406 1297 5488 enimnchrismate
1323 5415 1512 5488 christi
1550 5428 1697 5484 sunt,
1729 5422 1782 5476 id
1809 5431 1911 5488 est,
1935 5425 2103 5480 uncti.

670 5468 948 5563 ‘aAllude-ns
961 5478 1260 5563 Cyprianus
1279 5468 1466 5563 epist;
1481 5468 1573 5542 170‘
1585 5468 1673 5541 Ti
1682 5468 2102 5563 fdﬁgi'ﬁ’uaiiﬁiél

533 5545 649 5634 ait”
670 5555 900 5634 necesse.
920 5545 1161 5634 est'eum
1201 5555 1293 5634 qui
1322 5545 1622 5626 baptizatus
1650 5545 1755 5626 sit,
1785 5545 1843 5634 ut
1878 5545 2102 5634 accepto

536 5607 847 5701 fhrisrtiate.
888 5617 1050 5701 idest
1088 5607 1757 5701 umetioilé,"'é's§'unctué
1785 5633 1898 5701 Dei,
1929 5643 1982 5691 et
2010 5607 2095 5690 ha—

534 5677 661 5732 bere
693 5680 745 5734 in
772 5699 831 5738 se
853 5690 1080 5755 gratiam
1107 5677 1524 5764 Christi

1580 320 1967 379 THEODULFI
2003 322 2560 384 AURELIANENSIS
2600 331 2811 387 EPISC.

2139 4463 2194 4522 D

3724 351 3825 410 528

2176 436 2228 494 Α
2320 436 2571 493 Vestibus
2602 448 2657 494 et
2683 443 2876 507 sacris,
2906 446 3290 518 ordinibusque
3315 452 3440 521 piis.

2254 521 2502 577 Reddidit
2532 526 2649 582 haec
2676 527 2892 598 Petrus,
2923 548 3042 602 quae
3065 535 3234 591 Judas
3272 541 3497 594 abstulit
3528 551 3649 598 ater
3671 584 3688 611 ,

2320 613 2419 669 llic
2439 617 2531 685 qui
2554 619 2848 687 confessor,
2891 627 3137 692 proditor
3160 628 3252 683 ille
3284 630 3382 685 Dei
3408 641 3511 686 est.

2251 701 2521 760 Seditiosa
2541 709 2739 764 cohors
2763 709 2956 766 Judam
2984 723 3067 768 est
3099 717 3202 772 hac
3229 729 3384 788 parte
3412 731 3628 790 secuta,

2319 794 2410 849 llle
2427 811 2616 852 necem
2639 799 2874 871 Domini,
2899 807 3146 872 praesulis
3173 809 3276 864 ista
3297 813 3508 868 volens.

2247 885 2476 943 Reddita
2503 905 2736 961 namque
2771 905 2952 966 negat.
2980 911 3143 970 negat
3173 902 3288 957 haec
3315 905 3496 960 ablata
3522 905 3692 963 fuisse
3709 951 3724 975 ,

2314 975 2440 1032 Hmc
2466 978 2683 1036 auferre
2709 991 2888 1041 tamen
2918 1002 2977 1042 se
3007 990 3242 1046 voluisse
3269 995 3434 1049 canit.

2247 1065 2475 1123 Reddita
2524 1081 2670 1139 sunt,
2722 1076 2920 1132 mirum
2963 1089 3067 1147 est,
3111 1082 3309 1140 mirum
3360 1094 3444 1142 est
3479 1089 3696 1145 auferre
3739 1109 3832 1149 ne.

3514 1180 3725 1252 [quisse
3742 1224 3757 1250 ,

2314 1251 2410 1306 Est
2435 1261 2611 1310 tamen
2641 1255 2692 1309 in
2717 1257 2882 1316 dubio
2904 1262 3032 1318 hinc
3051 1266 3221 1322 mirer
3249 1283 3316 1323 an
3341 1269 3467 1325 inde
3492 1251 3688 1340 magis.

2243 1340 2377 1396 Nam
2407 1345 2617 1402 salvare
2648 1347 2840 1406 Petrus
2863 1365 2988 1408 cum
3018 1367 3203 1425 posset
3230 1361 3285 1415 in
3307 1365 3447 1419 urbe
3471 1363 3720 1432 Quirina,

2313 1434 2568 1493 Hostibus
2593 1453 2658 1494 ex
2682 1444 2814 1498 atris
2839 1445 3157 1519 insidiisque
3183 1452 3345 1521 feris,

2240 1523 2353 1580 Hoc
2374 1527 2470 1582 tibi
2502 1530 2837 1601 salvandum,
2875 1553 2970 1592 rex
3001 1541 3447 1615 clementissime,
3479 1550 3650 1616 misit,

2307 1614 2490 1686 Teque
2525 1635 2621 1675 sua
2650 1623 2820 1680 voluit
2852 1627 3067 1697 fungier
3091 1633 3180 1688 ille
3210 1637 3349 1693 vice.

2237 1703 2343 1760 Per
2369 1721 2428 1762 se
2456 1710 2632 1766 reddit
2651 1714 2701 1768 ei
2726 1718 3094 1777 membrorum
3118 1725 3312 1784 damna
3333 1733 3604 1800 pavenda,

2164 1779 2212 1837 Β
2307 1795 2377 1850 Et
2403 1814 2502 1867 per
2529 1809 2582 1856 te
2602 1805 2746 1861 sedis
2774 1807 3050 1881 olliciique

2237 1885 2372 1942 Coeli
2399 1889 2563 1946 habet
2589 1894 2678 1950 hic
2705 1897 2906 1965 claves,
2934 1906 3183 1972 proprias
3216 1917 3267 1964 te
3286 1909 3451 1980 jussit
3476 1914 3720 1987 habere,

2308 1978 2388 2033 Tu
2410 1983 2555 2050 regis
2581 1985 2837 2044 Ecclesia:
2859 2031 2873 2055 ,
2905 2009 3029 2048 nam
3056 1999 3195 2068 regit
3223 1978 3312 2056 ille
3335 2005 3444 2073 poli

2239 2067 2328 2170 Tu.
2345 2073 2489 2142 regis
2516 2074 2632 2144 ejus
2657 2093 2812 2149 opes,
2836 2083 3040 2140 clerum
3070 2067 3437 2165 populumque
3459 2099 3750 2170 gubernat,

2307 2159 2407 2216 Hic
2434 2171 2486 2218 te
2517 2166 2794 2225 ccelicolas
2815 2172 2974 2228 ducet
3000 2176 3066 2230 ad
3096 2194 3266 2250 usque
3288 2159 3504 2244 choros.

2236 2249 2378 2321 Ergo
2405 2255 2532 2309 sede
2563 2265 2675 2312 tuta
2704 2270 2895 2317 sanate
2925 2264 2978 2318 in
3011 2269 3138 2324 sede
3158 2249 3446 2343 sacerdos,

2394 2345 2560 2438 regia
2589 2349 2819 2408 Domino
2839 2371 3004 2424 posce
3027 2359 3260 2418 libenter
3286 2341 3462 2438 opem.

2237 2430 2308 2486 Ut
2332 2431 2426 2488 det
2446 2436 2495 2489 ei
2518 2437 2770 2498 Christus
2789 2445 2978 2511 vitam,
3011 2430 3572 2524 tributaque-salutem
3591 2504 3607 2530 ,

2305 2523 2452 2580 Illius
2470 2535 2526 2582 et
2545 2543 2770 2600 regnum
2800 2550 3015 2606 semper
3038 2542 3105 2596 ad
3134 2523 3249 2599 alta
3267 2545 3429 2603 levet.

2235 2611 2309 2668 Te
2329 2624 2485 2684 pater
2504 2617 2828 2679 altithronus
2855 2642 2947 2681 rex
2975 2629 3148 2686 salvet
3177 2642 3420 2707 tempore
3444 2640 3637 2712 longo,

2304 2703 2373 2758 Et
2399 2707 2495 2762 tibi
2518 2709 2610 2772 det
2634 2713 2801 2767 vitam
2828 2716 2941 2772 sive
2965 2720 3154 2778 salutis
3183 2703 3360 2796 opera.

2231 2792 2338 2850 Pro
2361 2799 2514 2854 vobis
2543 2803 2714 2856 sancti
2737 2805 3024 2864 Dominum
3049 2792 3313 2887 orentque
3340 2832 3632 2898 petantque
3653 2871 3670 2896 ,

2304 2885 2542 2954 Quorum
2567 2892 2778 2950 animas
2805 2897 3022 2965 etelum,
3061 2885 3291 2975 corpora
3320 2920 3466 2968 terra
3503 2885 3663 2974 tenet.

2232 2975 2308 3030 Te
2331 2977 2498 3046 plebs,
2539 2988 2589 3036 te
2618 2983 2794 3042 clerus
2817 2989 3008 3046 sitiunt
3029 2993 3081 3050 in
3109 3000 3356 3066 partibus
3385 3005 3504 3064 istis

2302 3065 2555 3136 Cernere,
2588 3073 2689 3129 sim
2725 3079 2836 3133 voti
2864 3095 3085 3152 compos
3107 3065 3164 3143 et
3188 3089 3302 3159 ipse
3330 3095 3455 3150 mei.

2180 3163 2199 3185 λ·
2228 3154 2404 3226 Atque
2424 3161 2628 3217 utinam
2653 3166 2913 3226 Dominus
2942 3181 2994 3227 te
3022 3175 3154 3232 istas
3175 3154 3399 3239 decucat
3419 3187 3485 3241 ad
3510 3204 3665 3247 arces
3686 3234 3708 3259 ,

2244 3243 2250 3246 ’
2296 3248 2362 3304 Et
2385 3252 2565 3308 videat
2593 3257 2868 3316 dominum
2901 3267 3030 3321 urbs
3059 3268 3350 3329 Aureliana
3374 3293 3553 3336 suum.

2228 3339 2311 3394 Sit
2337 3342 2433 3397 tibi
2459 3345 2593 3411 vita,
2619 3349 2781 3414 salus,
2813 3354 3008 3424 pietas,
3033 3359 3342 3421 benedictio
3367 3365 3590 3437 Christi,

2292 3431 2408 3487 Rex
2427 3435 2533 3504 pie,
2559 3451 2654 3492 rex
2683 3441 2922 3512 sapiens,
2955 3463 3051 3504 rex
3079 3453 3212 3508 satis
3237 3463 3363 3525 apte
3390 3457 3524 3515 Deo.

2961 3560 3067 3616 Vll.

2326 3654 2444 3700 ουιε
2483 3655 2603 3696 SINT
2643 3657 2870 3703 DICENDA
2908 3667 3073 3708 AHICO
3109 3670 3214 3711 CUI
3253 3674 3528 3721 CONSPICIT
3566 3682 3704 3724 BONA

2934 3738 3085 3777 AHICI

2224 3797 2464 3869 Cumque
2489 3810 2612 3859 tuas
2635 3817 2948 3876 conspectat
2971 3827 3102 3881 opes
3124 3815 3223 3871 tibi
3250 3817 3425 3876 dulcis
3455 3825 3664 3881 amicus
3681 3866 3701 3892 ,

2291 3889 2469 3946 Verba
2498 3893 2614 3948 hazc
2643 3904 2696 3951 tu
2718 3897 2841 3953 laeto
2863 3900 3017 3956 laetus
3045 3913 3100 3959 et
3125 3906 3240 3976 ipse
3265 3909 3420 3967 dabis
3458 3928 3473 3968 :

2221 3979 2349 4036 Hrec
2385 3983 2524 4038 bona
2553 4001 2672 4055 qua:
2699 3991 2882 4046 cernis
2921 3994 3016 4049 tibi
3059 3997 3168 4052 sint
3196 4007 3501 4060 communia
3548 4024 3804 4078 mecum;

2293 4071 2397 4140 Qui
2425 4075 2598 4132 bonus
2623 4087 2725 4146 est,
2757 4081 2950 4139 horum
2980 4087 3069 4143 hic
3098 4104 3311 4162 quoque
3354 4112 3579 4168 compos
3606 4105 3735 4158 erit.

2217 4161 2329 4219 Nec
2351 4165 2482 4221 dare
2505 4174 2556 4222 te
2576 4168 2776 4240 pigeat,
2799 4173 2928 4230 dare
2951 4193 3038 4232 res
3063 4180 3195 4236 mihi
3215 4161 3422 4242 credito
3441 4161 3665 4258 pulchra
3686 4205 3802 4251 est:

2287 4254 2372 4309 Nil
2396 4255 2530 4313 dans
2548 4259 2623 4312 nil
2652 4263 2858 4331 capies,
2887 4266 2930 4320 si
2966 4269 3120 4325 dabis
3148 4272 3262 4342 ipse
3283 4254 3446 4332 feres.

2219 4345 2383 4401 Plena
2413 4348 2550 4404 falce
2576 4361 2741 4407 metet
2770 4357 2860 4424 qui
2887 4361 3109 4427 grandia
3133 4365 3341 4421 semina
3369 4371 3506 4425 sevit
3537 4388 3552 4425 :

2289 4436 2382 4492 Sic
2421 4439 2696 4497 dominum
2728 4446 2907 4502 cultus
2937 4449 3231 4510 lmtiﬁcabit
3257 4473 3405 4529 ager.

2223 4523 2464 4598 Cumque
2486 4529 2635 4585 vides
2671 4533 2904 4603 aliquem
2934 4537 3071 4595 facie
3091 4558 3200 4617 non
3223 4549 3440 4605 nomine
3469 4563 3657 4609 notum
3675 4594 3690 4619 ,

2293 4665 2321 4750 ξ)
2351 4664 2611 4750 Expertus
2637 4678 2712 4750 est
2741 4667 2842 4723 Leo
2869 4674 3328 4750 pr(P8tt_l.LQllippe
3358 4682 3449 4750 qui
3480 4699 3509 4735 a
3542 4685 3800 4744 Romanis

2221 4734 2348 4814 sede
2391 4751 2487 4815 sua
2517 4736 2756 4821 dejlectus
2779 4780 2792 4803 ,
2822 4734 2945 4821 cum
2992 4745 3058 4821 ad
3089 4734 3342 4821 (Samium
3375 4734 3570 4821 Iregem
3604 4760 3796 4812 confu-

2218 4805 2404 4896 gisset,
2435 4805 2695 4896 inqsleldem
2723 4813 2964 4896 suamab
2993 4814 3084 4896 illo
3109 4819 3392 4896 restitutus
3420 4805 3521 4875 est.
3541 4805 3798 4896 Dejech

2218 4883 2302 4927 est
2328 4889 2470 4952 anno
2491 4875 2616 4939 799,
2646 4882 2889 4946 sequenti
2924 4885 3224 4940 restitutus.
3255 4875 3799 4952 Oculommilli'eru:

2217 4951 2393 5034 tJorunI
2423 4943 2738 5034 linguasque—
2758 4958 3321 5034 aniputakenmemiuit
3345 4943 3796 5034 etiat—n—lE-g-inh-ar-

2217 5013 2317 5067 dus
2348 5015 2400 5067 in
2425 5013 2741 5100 Annalibus,
2772 5028 2830 5100 et
2852 5013 3019 5100 Poeta
3047 5023 3348 5100 Saxonicus
3373 5013 3798 5100 θιίἰᾷυἷῗλίὲῖίί-

2217 5099 2323 5164 nus_
2340 5098 2470 5138 vero
2493 5085 2646 5164 dere
2671 5087 2944 5164 certiora
2981 5093 3176 5150 Carolo
3225 5096 3420 5164 factus,
3457 5085 3510 5155 in
3554 5085 3793 5161 Βιέῖνῇιί

2216 5153 2549 5243 verbmhqua:
2565 5155 2938 5243 _Theodu_lﬁcis
2970 5176 3291 5243 consonant,
3309 5153 3790 5243 respondi-tem;

2217 5221 2278 5298 ll
2302 5239 2363 5298 ιη(
2396 5223 2534 5277 Ecce
2564 5225 2616 5278 in
2653 5235 2703 5280 te
2729 5230 2844 5284 solo
2877 5239 2983 5286 tota
3023 5234 3172 5290 salus
3198 5221 3790 5298 Ecclesiar'uiniCh'ristvi

2219 5289 2474 5373 inclinata
2516 5298 2802 5352 rchmbit.
2851 5289 3163 5374 Tuvindex
3197 5289 3502 5374 scelerum,w
3515 5321 3572 5365 tu
3609 5289 3791 5368 rector

2219 5363 2639 5442 errantium,__tu
2682 5371 2979 5442 consolatio
3022 5378 3384 5442 maerentium,
3435 5363 3490 5434 tu
3520 5363 3791 5437 vexaltatio

2217 5430 2501 5515 bonorum.
2530 5435 2716 5517 Nonne
2738 5438 3085 5522 Romana-‘in
3121 5430 3386 5522 sede,ﬁu_bi
3433 5430 3624 5522 religio
3674 5469 3789 5506 ma-

2215 5501 2359 5581 xime
2387 5504 2618 5581 pietatis
2661 5511 2929 5581 quondam
2971 5501 3268 5581 claruerat,
3298 5501 3385 5573 ibi,
3405 5501 3646 5576 extrema
3674 5501 3788 5577 iu;-

2211 5572 2430 5654 pietatis
2480 5572 2724 5646 exempla
2774 5586 3157 5637 emerserunt?
3211 5572 3315 5667 Ipsi
3359 5572 3623 5667 cordibus
3674 5593 3788 5648 suis

2211 5644 2388 5724 exacti
2439 5644 2844 5728 cxczecaverunt
2885 5661 3047 5722 caput
3079 5644 3370 5734 proprium.
3412 5644 3787 5734 ._t_366ém§,1ié

2209 5713 2372 5767 etiam
2404 5716 2671 5801 pertinent
2697 5713 2982 5801 sequentes
3006 5713 3247 5792 cpistola:
3274 5727 3337 5780 12
3366 5737 3419 5783 et
3444 5713 3531 5786 l3.
