4046 6470
493 376 590 433 31H

1511 367 1906 427 THEODULFI
1940 360 2498 424 AURELIANENSIS
2532 356 2750 415 EPISC.

3572 316 3772 396 ἐει

493 484 796 540 Thracibus
812 493 867 540 et
891 484 1215 555 Phrygibus,
1246 481 1345 541 tibi
1365 494 1462 537 seu
1479 479 1871 537 Lacedaemona
1894 477 2074 544 tellus,
2103 477 2161 551 Α,
2180 474 2381 544 Impius
2403 456 2684 555 antiquam
2706 465 2919 540 gladios
2938 466 3288 520 consumeret
3310 459 3526 555 urbem,
3606 478 3611 483 -

561 575 712 635 Gens
734 578 781 634 si
811 576 917 647 qua
943 583 1037 637 aut
1061 575 1223 633 modo
1248 572 1357 639 fert
1380 581 1622 644 sceptra,
1649 573 1736 629 vel
1763 580 1892 629 ante
1931 570 2077 627 tulit.

1230 669 1325 732 XI.

1018 779 1074 823 IN
1108 777 1318 823 FRONTE
1355 778 1551 821 υουῠε.

495 858 596 927 Qui
628 857 858 923 Romam
888 854 1058 911 Roma
1095 854 1375 911 Turonum
1405 854 1693 910 Turonove
1723 859 1974 913 catervas

563 940 649 1005 ire
680 940 859 1003 redire
887 946 1042 1018 cupis
1071 947 1356 1013 scandere,
1386 961 1569 1013 cerne,
1594 944 1736 1001 vide.

495 1044 634 1099 Hinc
663 1050 781 1098 sata
817 1040 1108 1112 spectabis,
1138 1042 1296 1107 vites,
1340 1048 1398 1097 et
1443 1041 1682 1097 claustra
1722 1037 1982 1103 ferarum,

566 1135 837 1203 Flumina,
869 1142 1049 1206 prata,
1085 1134 1226 1202 vias,
1255 1133 1690 1205 pomiferumque
1733 1145 1948 1187 nemus.

492 1223 619 1281 Haec
656 1223 785 1279 dum
816 1223 1141 1294 conspicies,
1184 1222 1311 1279 dum
1341 1223 1576 1298 plurima
1605 1230 1760 1297 grata
1798 1218 2031 1288 videbis,

560 1313 818 1371 Auctoris
837 1314 1033 1371 horum
1057 1315 1135 1371 sis
1164 1331 1375 1371 memor
1401 1315 1517 1388 ipse
1549 1308 1670 1383 Dei.

1244 1407 1367 1464 Xll.‘

1095 1515 1476 1556 ITINERARIUH.

492 1586 613 1644 Mox
638 1596 820 1645 tamen
844 1588 1090 1646 imbelles
1116 1590 1252 1661 petit
1274 1588 1403 1645 inde
1428 1586 1692 1661 profectio
1715 1595 1902 1644 nostra

448 1698 455 1707 ο
492 1680 826 1750 Lemovices,
855 1684 1082 1759 populos
1108 1699 1299 1755 omnes
1324 1683 1531 1738 servire
1560 1690 1804 1755 paratos.

489 1777 699 1834 Horum
727 1776 983 1849 opulenta
1012 1779 1114 1834 fuit
1141 1779 1302 1836 nobis
1327 1777 1459 1833 urbs
1487 1774 1728 1848 hospita,
1770 1772 1944 1837 donec

491 1868 691 1926 Usibus
716 1872 971 1927 humanis
999 1872 1186 1928 novies
1211 1870 1291 1931 sol
1324 1880 1469 1937 astra
1501 1867 1735 1942 fugaret.

487 1959 846 2031 Auredusque
870 1960 1209 2033 exspectanti
1231 1977 1289 2017 se
1312 1958 1570 2033 iungeret
1602 1962 1721 2020 alae.

486 2047 603 2104 Illic
628 2051 906 2117 abbatum,
938 2050 1070 2107 cieri
1109 2066 1206 2107 seu
1232 2061 1430 2123 cretera
1462 2058 1623 2125 turba

489 2139 599 2196 Nos
626 2142 764 2198 bene
790 2140 1000 2200 deliciis
1027 2143 1219 2199 crebra
1248 2144 1494 2205 bonitate
1525 2147 1741 2204 refecit.

489 2233 628 2291 Cum
654 2235 829 2293 multo
860 2238 914 2292 in
956 2246 1174 2294 nostros
1206 2238 1392 2315 plebes
1426 2238 1731 2297 madefacta
1755 2238 1919 2313 Lyaeo

485 2322 679 2390 Inruit,
710 2334 767 2381 et
793 2327 965 2382 nostri
991 2336 1114 2388 sese
1151 2330 1442 2389 defendere
1468 2339 1707 2388 certant.

560 2469 585 2495 α
628 2458 961 2542 Petriaoidla
989 2468 1162 2542 tetlus.
1190 2470 1765 2542 Petrocoriea.Neque
1786 2471 1877 2526 hic
1909 2470 2089 2542 solum

486 2530 593 2614 bpc
625 2536 789 2614 mde
838 2538 1223 2614 interpolatum
1274 2542 1328 2614 id
1369 2558 1568 2607 nomen
1610 2530 1884 2614 occurrit.
1944 2541 2081 2614 Nam

486 2601 635 2663 idem
675 2608 853 2679 ipsum
874 2609 930 2665 in
958 2601 1198 2683 a‘ntiquis
1219 2602 1385 2669 etiam
1407 2610 1813 2686 exemplaribus
1838 2612 2081 2679 Paulini,

2182 565 2265 621 Me
2289 553 2568 639 miserum,
2597 568 2653 637 et
2675 558 2833 615 nobis
2861 565 3019 613 atrox
3035 554 3253 627 jactura
3281 552 3516 616 veniret,

2179 657 2249 713 Ni
2276 657 2417 713 foret
2441 654 2721 724 prraim,
2751 667 2849 711 seu
2876 648 3089 707 Mancio
3111 646 3398 720 presbyter
3424 642 3552 713 iret,

2181 749 2301 817 Quo
2327 748 2648 820 prohibente
2677 745 2829 807 furor
2856 742 3092 800 cessavit
3116 739 3308 796 mortis
3340 736 3623 806 utrinque,

2183 842 2531 915 Sagmatibus
2554 840 2771 895 tandem
2798 838 2885 901 bis
2908 852 3032 909 qua:
3058 834 3297 909 postulat
3319 847 3452 891 usus
3474 827 3718 905 onustis,
3810 906 3813 907 ν

2181 936 2292 993 Nos
2316 937 2445 992 hinc
2473 936 2745 1009 digressos
2773 932 2919 1005 cepit
2944 944 2968 975 ιι
3004 928 3342 993 Petricordia
3375 924 3553 983 tellus.

2180 1033 2311 1089 Inde
2337 1041 2460 1088 tuas
2483 1031 2682 1097 renuas
2708 1030 2948 1102 petimus
2974 1026 3247 1084 Derdonia
3274 1025 3443 1094 ripas.

2183 1123 2286 1179 Vix
2315 1122 2405 1177 ubi
2452 1120 2675 1179 deﬂexis
2718 1116 2977 1194 elementi
3015 1115 3162 1172 mole
3198 1112 3437 1182 ﬂuentis,

2183 1217 2454 1275 Ulteriora
2483 1215 2633 1286 iubis
2658 1219 2953 1286 patuerunt
2971 1210 3153 1267 littora
3179 1207 3414 1283 equinis.

2182 1310 2329 1379 Quos
2359 1319 2442 1365 ter
2476 1306 2747 1365 ﬂumineis
2773 1304 2983 1367 celeres
3005 1301 3291 1375 iniecimus
3315 1299 3499 1369 undis,

2182 1403 2419 1473 Vocibus
2446 1403 2740 1471 instantes,
2768 1398 3013 1473 lapidum
3038 1415 3136 1457 seu
3165 1397 3404 1471 iactibus
3429 1391 3589 1469 ipsis,

2183 1495 2291 1552 Ter
2319 1504 2503 1555 tamen
2531 1495 2799 1555 invalidos
2822 1494 3025 1552 ﬂuviali
3050 1491 3288 1565 pondere
3305 1488 3506 1562 iactos,

2180 1589 2287 1645 Per
2312 1588 2473 1658 vada,
2503 1606 2603 1661 per
2627 1603 2809 1660 rupes,
2842 1602 2940 1659 per
2974 1585 3167 1647 saltus,
3208 1597 3414 1655 perque
3452 1591 3747 1652 cavernas,

2183 1680 2430 1741 Sollicita
2462 1682 2669 1740 invenit
2694 1687 3032 1753 quaerentum
3066 1676 3229 1733 turba
3255 1679 3571 1733 trementes.

2183 1777 2294 1835 Hos
2327 1776 2599 1847 trepidare
2628 1790 2754 1830 reor
2776 1780 3080 1829 monstrum
3111 1766 3444 1833 miserabile,
3476 1763 3632 1833 littus

2106 1848 2160 1919 Β
2184 1870 2414 1927 Fecerat
2443 1867 2689 1929 ulterius,
2722 1874 3010 1934 terrasque
3035 1875 3236 1935 pavere
3258 1858 3525 1927 iacentes.

2184 1961 2390 2020 Pallida
2420 1973 2658 2030 namque
2690 1957 2861 2013 fames
2887 1968 3234 2012 nummorum
3264 1950 3405 2011 forte
3441 1946 3781 2010 redundans,

2186 2057 2319 2129 Quae
2346 2054 2624 2129 Populana
2656 2062 2782 2110 tuas
2815 2051 3066 2106 vastabat
3091 2047 3265 2106 Gallia
3288 2054 3488 2103 terras.

2187 2140 2315 2205 Haec
2336 2156 2480 2218 post,
2505 2147 2803 2216 undivagos
2830 2143 3041 2216 cymbis
3064 2139 3377 2211 traiecimus
3411 2150 3621 2195 amnes.

2167 2240 2524 2311 ,Cornipedes
2544 2239 2668 2294 udis
2697 2237 2964 2299 trahimus
2988 2233 3260 2299 nectendo
3281 2231 3567 2301 capistris.

2190 2332 2362 2392 Obvia
2383 2347 2502 2390 sese
2532 2331 2676 2393 ultro
2704 2330 2908 2395 nostris
2938 2316 3250 2401 aspectibus
3277 2323 3454 2383 olfert.

2193 2470 2287 2544 qui
2316 2470 2487 2544 libros
2506 2482 2562 2544 vi
2582 2464 2891 2544 carminum
2910 2463 2979 2519 de
3084 2460 3303 2544 ﬂamini
3320 2456 3442 2544 Vita
3463 2455 3782 2544 serpentia

2187 2530 2369 2616 operis
2403 2539 2563 2596 titulo
2596 2536 2856 2605 adﬁxum,
2896 2536 3140 2601 auctoris
3162 2548 3265 2601 ηθβ
3281 2531 3516 2604 Damam
3539 2530 3748 2591 docuit.

499 2728 3783 2781 WE“

1705 2903 2016 2987 LIBER
2068 2900 2580 3001 QUARTUS.

1945 3083 2317 3110 *μ

778 3276 843 3321 βε
881 3274 1057 3322 ῑῐιιίιιε
1088 3272 1221 3331 QUOS
1256 3282 1463 3327 LEGERE
1501 3280 1768 3338 εοιιεωυ,

494 3357 568 3416 Et
602 3357 828 3432 qualiter
877 3357 1074 3429 fabula:
1109 3366 1383 3433 poetarum
1423 3378 1456 3414 a
1492 3359 1820 3433 philosophis
1870 3358 2092 3433 mystice

1090 3439 1495 3501 pertractentur.

492 3541 738 3616 Namque
764 3555 865 3615 ego
892 3546 1080 3600 suetus
1103 3552 1255 3600 eram
1279 3545 1382 3604 hos
1405 3544 1576 3603 libros
1598 3540 1799 3620 legisse
1832 3543 2091 3617 frequen-

1887 3635 2016 3713 [ter,

563 3725 787 3784 Exstitit
809 3724 900 3783 ille
924 3725 1056 3781 mihi
1082 3734 1244 3783 nocte
1267 3728 1464 3800 dieque
1491 3728 1669 3786 labor.

496 3816 653 3889 Step6
691 3823 748 3873 et
776 3816 1126 3887 Gregorium,
1167 3815 1534 3891 Augustinum
1562 3818 1784 3897 perlego
1812 3836 1978 3900 saepe,

567 3909 638 3965 Et
672 3909 821 3965 dicta
854 3911 1080 3976 Hilarii,
1125 3928 1220 3968 seu
1260 3921 1374 3980 tua,
1406 3930 1543 3986 papa
1574 3910 1703 3971 Leo.

497 3999 913 4074 Hieronymum,
943 3999 1313 4071 Ambrosium,
1338 4005 1625 4074 lsidorum,
1647 4006 1793 4064 fulvo
1818 4022 1913 4064 ore
1933 4005 2093 4063 Joan-

1846 4100 2017 4175 [ιιευιι⁷

568 4186 779 4261 lnclyte
814 4202 910 4244 seu
940 4196 1153 4261 martyr
1192 4197 1266 4257 te,
1311 4190 1581 4264 Cypriane
1619 4190 1803 4249 Pater.

499 4281 629 4340 Sive
657 4282 794 4339 alios
824 4297 1061 4354 quorum
1091 4282 1402 4341 describere
1438 4286 1658 4342 nomina
1688 4286 1911 4361 longum
1932 4288 2038 4345 est.

567 4373 716 4443 Quos
753 4374 893 4430 bene
921 4376 1181 4431 doctrinae
1209 4378 1359 4432 vexit
1389 4380 1457 4433 ad
1497 4378 1607 4435 alta
1634 4377 1821 4436 decus.

499 4467 758 4539 Legimus
787 4476 844 4523 et
881 4470 1078 4525 crebro
1117 4470 1339 4541 gentilia
1369 4471 1573 4544 scripta
1612 4474 1929 4545 sophorum,

571 4559 752 4614 Rebus
782 4560 875 4629 qui
911 4559 966 4614 in
1006 4558 1175 4615 variis
1213 4562 1491 4618 eminuere
1528 4564 1683 4619 satis.

500 4652 642 4711 Cura
687 4654 889 4711 decens
930 4661 1145 4727 patrum
1177 4670 1275 4712 nec
1301 4660 1422 4712 erat
1460 4667 1738 4728 postrema
1764 4659 2002 4731 piorum,

577 4746 822 4815 Quorum
850 4752 980 4803 sunt
1020 4748 1209 4804 subter
1248 4748 1465 4804 nomina
1497 4751 1703 4823 scripta
1732 4749 1874 4804 vide.

505 4835 838 4903 -',Sedulius,
867 4836 1100 4903 Rutilus,
1138 4834 1413 4903 Paulinus,
1442 4838 1666 4905 Arator,
1704 4838 1916 4904 Avitus,

577 4928 647 4983 Et
673 4927 1031 4996 Fortunatus,
1063 4937 1229 5001 tuque
1255 4929 1495 4987 Juvence
1520 4939 1733 5005 tonans.

504 5020 840 5092 Diversoque
863 5029 1056 5093 potens
1083 5022 1381 5094 prudenter
1410 5036 1663 5094 promere
1690 5020 1845 5093 plura

575 5110 773 5177 Mctro,
804 5127 839 5168 ο
866 5108 1143 5177 Prudenti,
1186 5123 1371 5169 noster
1409 5122 1464 5169 et
1497 5114 1613 5184 ipse
1649 5128 1867 5184 parens.

504 5206 575 5263 Et
601 5206 764 5264 modo
787 5206 1143 5278 Pompeium,
1170 5209 1331 5264 modo
1360 5218 1435 5273 te,
1466 5208 1693 5273 Donate,
1724 5208 1995 5281 legebam.

577 5298 646 5353 Et
684 5298 845 5355 modo
891 5298 1197 5371 Virgilium,
1225 5307 1279 5353 te
1301 5298 1485 5365 modo,
1514 5296 1657 5354 Naso
1684 5298 1904 5373 loquax.

505 5391 566 5449 ln
597 5407 828 5462 quorum
852 5391 1015 5449 dictis
1039 5406 1354 5465 quanquam
1389 5391 1498 5448 sint
1528 5391 1719 5447 frivola
1748 5393 1941 5458 multa,

578 5487 815 5543 Plurima
838 5488 939 5544 sub
950 5476 1102 5543 ‘falso
1123 5488 1357 5558 tegmine
1381 5502 1509 5543 vera
1539 5486 1730 5543 latent.

509 5580 667 5637 Falsa
690 5590 974 5653 poetarum
1002 5580 1176 5654 stylus
1206 5579 1377 5645 affert,
1411 5596 1545 5636 vera
1572 5581 1889 5652 sophorum,

580 5722 615 5784 ξ
651 5711 925 5776 Sedulius,
980 5710 1211 5784 Rutilus.
1258 5711 1432 5781 Quem
1474 5711 1717 5768 Rutilum
1762 5710 1977 5784 poetam
2024 5711 2104 5777 in-

510 5781 728 5856 telligat_
736 5784 922 5856 dicere
945 5794 1051 5836 non
1080 5780 1505 5856 habeo,pr:nter
1534 5780 1796 5856 Rutilium
1824 5780 2105 5837 Numatia-

510 5852 661 5910 nutri.
694 5852 804 5909 Sed
831 5853 1031 5908 mirum
1061 5853 1135 5907 sit
1163 5852 1521 5914 interboetas
1551 5852 1891 5913 Christianos
1912 5864 2105 5911 nume-

2118 3177 2163 3242 c
2263 3169 2421 3227 Falsa
2445 3170 2645 3231 horum
2673 3170 2731 3228 in
2757 3185 2948 3233 verum
2969 3176 3188 3231 vertere
3216 3181 3362 3245 saepe
3384 3164 3583 3223 solent.

2144 3262 2145 3265 “
2192 3262 2286 3320 Sic
2309 3263 2537 3321 Proteus
2566 3279 2777 3331 verum,
2826 3263 2908 3321 sic
2944 3261 3155 3332 iustum
3183 3261 3350 3331 Virgo
3383 3257 3640 3330 repiugit,

2265 3356 2529 3412 Virtutem
2569 3348 2824 3425 Alcides,
2866 3354 3121 3428 tortaque
3147 3354 3325 3413 Cacus
3352 3352 3530 3423 inops.
3758 3410 3783 3433 ἦ

2192 3448 2390 3506 Verum
2422 3458 2484 3511 ut
2508 3449 2745 3516 fallatur,
2784 3450 3069 3511 mendacia
3113 3436 3261 3507 mille
3304 3452 3620 3529 patescunt.
3692 3456 3731 3470 κ
3776 3434 3795 3494 '.

2260 3534 2518 3597 Firmiter
2547 3538 2651 3598 hoc
2679 3541 3127 3630 strict07pristina
3156 3538 3333 3597 forma
3362 3538 3522 3611 redit.

2193 3633 2434 3707 Virginis
2460 3634 2515 3693 in
2543 3650 2753 3693 morem
2786 3624 3023 3703 visiusti
3055 3624 3226 3690 illaesa
3253 3630 3490 3695 renidet,

2265 3727 2436 3796 Quam
2462 3729 2651 3798 nequit
2678 3727 2863 3799 iniusti
2894 3726 3299 3787 commaculare
3325 3724 3466 3781 lues.
3506 3804 3509 3807 _
3688 3796 3705 3807 ί
3746 3730 3811 3797 κ,

2191 3810 2484 3876 Gressibus
2515 3820 2556 3875 it
2592 3821 2775 3875 furum
2810 3820 3089 3877 falientem
3129 3818 3344 3876 insania
3372 3804 3589 3891 versis,
3638 3810 3685 3831 ί

2263 3911 2372 3967 Ore
2397 3921 2622 3967 vomunt
2649 3913 2857 3966 fumum
2901 3913 3101 3983 probra
3130 3910 3379 3982 negando
3406 3916 3628 3963 tetrum.

2191 4003 2287 4061 Vis
2313 4005 2408 4060 sed
2437 4019 2532 4059 eos
2570 4004 2771 4059 mentis
2794 4004 3007 4073 retegit,
3039 4003 3369 4074 premitque,
3402 4000 3705 4071 quatitque.

2263 4096 2514 4166 Nequitia
2539 4094 2755 4150 illorum
2780 4095 2860 4151 sic
2886 4090 3174 4157 manifesta
3203 4100 3370 4165 patet.

2191 4186 2444 4265 Fingitur
2472 4187 2671 4255 alatus,
2702 4187 2900 4253 nudus,
2930 4202 3069 4260 puer
3100 4202 3220 4242 esse
3250 4183 3481 4254 Cupido,

2172 4339 2175 4342 ἠ
2262 4279 2431 4334 Ferre
2458 4296 2645 4335 arcum
2675 4289 2729 4336 et
2771 4280 3107 4350 pharetram,
3157 4277 3361 4342 toxica,
3393 4276 3521 4342 tela,
3550 4266 3749 4339 facem.

2192 4373 2346 4442 Quod
2373 4374 2532 4439 levis,
2566 4370 2921 4442 alatus,quod
2950 4381 3140 4442 aperto
3171 4378 3255 4425 est
3292 4369 3550 4434 crimine,
3576 4366 3789 4434 nudus,

2266 4466 2577 4534 Solertique
2612 4471 2762 4519 caret
2793 4462 2940 4534 quod
2970 4463 3197 4525 ratione,
3227 4476 3384 4531 puer.

2115 4550 2171 4611 D
2196 4558 2347 4614 Mens
2368 4573 2535 4627 prava
2564 4557 2618 4610 in
2649 4557 2931 4628 pharetra,
2965 4555 3178 4611 insidia:
3218 4555 3508 4626 signantur
3544 4542 3599 4608 in
3631 4566 3791 4621 arcu,

2266 4649 2396 4708 Tela
2417 4652 2571 4721 prius
2597 4650 2771 4715 virus,
2805 4650 2897 4706 fax
2928 4660 3053 4705 tuus
3103 4650 3267 4706 ardor
3294 4664 3470 4707 amor.

2195 4748 2444 4815 Mobilius
2476 4747 2650 4806 levius
2677 4748 2808 4818 quid
2828 4748 2975 4803 enim
3000 4745 3085 4802 vel
3110 4745 3424 4801 amantibus
3451 4758 3576 4800 esse

2265 4840 2417 4909 Quit,
2436 4858 2575 4913 vaga
2605 4858 2759 4901 mens
2786 4857 3020 4912 quorum
3051 4856 3148 4896 seu
3190 4841 3310 4897 leve
3341 4853 3545 4909 corpus
3600 4836 3740 4891 ine'st
3765 4834 3788 4876 τ

2197 4935 2330 5005 Quis
2358 4935 2569 4992 facinus
2594 4937 2775 4994 celare
2804 4943 2986 5008 potest
3010 4934 3154 5005 quod
3184 4948 3338 4989 amor
3356 4931 3503 5001 gerit
3530 4944 3680 4994 acer,

2268 5024 2436 5096 Cuius
2464 5040 2682 5096 semper
2707 5034 2871 5081 erunt
2896 5034 3048 5095 gesta
3081 5031 3287 5079 retecta
3322 5018 3505 5076 mala?

2197 5120 2332 5187 Quis
2364 5118 2594 5174 rationis
2622 5133 2746 5173 eum
2770 5118 2935 5191 spiris
2964 5114 3173 5175 vincire
3205 5115 3429 5181 valebit,

2271 5212 2372 5279 Qui
2404 5219 2487 5266 est
2511 5226 2646 5281 puer
2665 5209 2885 5267 eilrenis
2905 5219 2961 5266 et
2990 5212 3198 5269 ratione
3228 5204 3474 5266 carens?

2200 5303 2333 5371 Quis
2362 5304 2634 5372 pharetra:
2664 5301 2905 5359 latebras
2947 5303 3151 5376 poterit
3174 5309 3467 5374 penetrare
3503 5285 3793 5369 malignas.

2271 5396 2399 5452 Tela
2427 5396 2599 5452 latent
2623 5406 2779 5454 utero
2808 5407 2942 5468 quot
2974 5390 3281 5452 truculenta
3305 5388 3484 5449 malo?

2202 5486 2320 5555 Quo
2342 5487 2460 5544 face
2488 5486 2819 5558 coniunctus
2840 5489 3054 5544 virosus
3078 5482 3296 5558 prosilit
3320 5487 3461 5540 ictus
3481 5526 3497 5551 ,

2273 5578 2379 5647 Qui
2410 5578 2584 5645 volat,
2618 5586 2673 5634 et
2700 5579 2977 5651 perimens
3002 5579 3279 5645 vulnerat,
3310 5576 3443 5645 urit,
3472 5575 3623 5647 agit?

2206 5711 2316 5768 rari
2344 5720 2470 5783 eum
2493 5712 2585 5783 qui
2610 5708 2953 5783 Christianus
2977 5728 3084 5771 non
3110 5711 3228 5769 fuit.
3252 5702 3440 5783 itaque
3458 5704 3789 5766 Fortunalu'

2245 5784 2298 5837 ui
2320 5782 2436 5857 lib.
2468 5776 2743 5857 tdeVita
2769 5778 2829 5840 S.
2862 5780 3083 5847 Martini
3123 5792 3331 5857 septem
3348 5776 3498 5839 'alios
3539 5789 3775 5838 recense

2257 5854 2471 5913 utilium
2500 5853 2721 5913 omittit.
