4046 6448
571 497 800 554 Arboris
828 506 885 552 at
910 513 1121 569 magna;
1147 513 1362 554 sursum
1393 500 1645 556 tendebat
1671 492 1868 572 imago,

642 593 757 647 Ibat
775 602 832 648 et
859 592 914 648 in
943 593 1146 648 celsum
1169 595 1333 664 stirps
1352 594 1489 650 bene
1512 602 1695 651 rectus
1720 595 1792 649 ei.

573 687 744 757 Quem
780 702 1131 772 nummum
1159 688 1304 744 ulnis
1327 706 1416 745 ars
1439 690 1743 762 amplexata
1767 689 1988 745 tenebat
2022 707 2035 744 :

642 779 802 838 Stare
821 781 1146 838 videbantur
1176 798 1329 838 ramo
1354 784 1408 838 in
1432 792 1664 854 utroque
1686 783 1874 854 pedes.

568 873 675 930 Ista
705 890 902 930 manus
930 890 1186 931 numeros
1214 875 1505 942 retinebat,
1539 884 1594 931 et
1618 875 1710 930 illa
1739 874 2014 940 volumen,

639 957 812 1036 Quam
841 976 1054 1024 constat
1074 977 1324 1034 matrem,
1353 969 1602 1040 Physica,
1647 969 1827 1024 inesse
1869 977 2037 1022 tuam.

566 1058 720 1116 Hanc
763 1075 927 1132 super
950 1077 1016 1117 ex
1046 1062 1238 1132 primis
1266 1063 1492 1131 geminae
1513 1063 1808 1132 procedere
1829 1061 1996 1116 ramis

636 1156 968 1224 Cernuntur,
999 1157 1204 1212 similes
1223 1173 1256 1213 e
1284 1159 1507 1231 regione
1536 1159 1660 1214 sibi.

565 1249 770 1306 Musica
798 1251 852 1305 in
879 1250 1038 1306 unius
1070 1250 1344 1305 residebat
1371 1260 1526 1321 parte
1565 1267 1786 1317 sonora,

635 1342 767 1398 Arte
793 1343 1075 1398 videbatur
1099 1341 1188 1398 fila
1217 1359 1436 1399 movere
1463 1343 1618 1414 lyraa.

563 1435 633 1491 Et
651 1436 739 1492 cui
756 1436 1062 1506 disparibus
1090 1436 1314 1491 calamis
1334 1435 1610 1492 estfistula
1637 1443 1864 1507 septem,

633 1527 736 1596 Qui
766 1542 1027 1583 numerus
1053 1528 1283 1584 celebris
1308 1529 1538 1600 mystica
1563 1529 1732 1583 multa
1764 1528 1923 1598 gerit.

563 1621 753 1678 Stabat
779 1630 836 1678 et
869 1622 1094 1678 acclinis
1114 1623 1246 1678 laeva
1271 1622 1328 1676 in
1349 1621 1691 1677 Geometrica
1730 1630 1905 1692 parte,

629 1715 832 1772 Dextra
854 1733 1048 1772 manus
1068 1716 1302 1782 radium,
1332 1716 1464 1770 lmva
1486 1717 1637 1770 vehit
1672 1715 1932 1770 rotulam.

557 1806 628 1863 Et
653 1807 836 1863 radius
860 1815 1084 1862 teretem
1105 1808 1328 1862 metitur
1354 1808 1657 1862 comminus
1683 1807 1894 1870 orbem,

641 1899 922 1956 Etherias
942 1916 1109 1956 zonas
1127 1908 1183 1954 et
1212 1909 1332 1955 rota
1355 1901 1592 1971 quinque
1615 1907 1782 1956 tenet.

558 1993 602 2049 E
629 1993 826 2064 quibus
846 2002 1103 2050 extrema:
1128 1995 1357 2067 geminae
1386 2003 1513 2051 sunt
1549 1995 1751 2068 frigore
1771 2009 1998 2066 pressaa,

630 2087 860 2145 Torrida
881 2105 978 2160 per
1003 2089 1241 2145 medium
1268 2097 1537 2161 temperat
1566 2107 1674 2146 una
1703 2091 1856 2148 duas.

555 2183 702 2238 Inter
730 2197 866 2252 quas
893 2182 1103 2238 medius
1133 2182 1298 2253 stirps
1327 2198 1556 2254 surgens
1579 2183 1691 2238 ibat
1716 2183 1768 2237 in
1798 2183 1984 2252 altum,

627 2275 732 2331 Ars
751 2285 807 2331 et
827 2276 895 2332 ab
931 2275 1218 2346 astrologis
1249 2276 1396 2330 culta
1423 2284 1661 2331 retentat
1685 2290 1828 2332 eum.

556 2366 696 2422 Huic
720 2376 882 2437 caput
910 2366 1017 2422 alta
1046 2375 1236 2436 petens
1263 2369 1529 2424 onerabat
1548 2369 1786 2424 circulus
1816 2369 2032 2441 ingens,

626 2460 798 2528 Quem
826 2459 1077 2516 manibus
1106 2461 1335 2532 geminis
1374 2461 1597 2516 brachia
1631 2471 1780 2519 tensa
1819 2472 2025 2520 tenent.

552 2552 802 2610 Circulus
824 2551 1062 2607 astriferi
1085 2551 1354 2608 formatus
1390 2553 1624 2624 imagine
1660 2554 1806 2620 caeli,

623 2644 797 2713 Quem
827 2645 1104 2716 signorum
1136 2645 1324 2716 implet
1350 2645 1634 2702 ﬂammeus
1668 2647 1803 2703 ordo
1835 2648 2053 2706 decens.

554 2737 722 2811 Signa
741 2744 936 2808 quater
957 2746 1110 2793 terna
1133 2738 1296 2804 hunc,
1327 2738 1439 2794 sive
1465 2747 1613 2794 astra
1642 2741 1883 2796 errantia
1911 2751 2137 2813 septem,

622 2829 786 2901 Lege,
817 2829 958 2895 vice,
986 2839 1256 2885 exornant
1285 2830 1553 2896 cursibus,
1584 2831 1735 2897 orbe,
1771 2833 1922 2890 Iocis.

549 2921 692 2978 Hinc
719 2920 898 2988 Aries,
930 2921 1161 2987 Taurus,
1194 2921 1428 2988 Gemini,
1463 2922 1801 2993 Cancerque,
1838 2924 2072 2996 Leoque,

621 3011 897 3084 Virgoque
925 3028 1047 3068 cum
1073 3012 1272 3078 Curru,
1301 3012 1590 3083 Libraque,
1620 3014 1736 3070 sive
1765 3031 1902 3086 nepa

455 3143 462 3148 ι
548 3104 894 3170 Arcitenens,
926 3105 1308 3176 Capricornus,
1337 3105 1631 3177 Aquarius,
1663 3115 1718 3163 et
1746 3109 1852 3165 duo
1879 3109 2088 3178 Pisces,

621 3198 977 3255 Circumdant
1007 3199 1191 3255 orbem
1221 3215 1320 3270 per
1347 3215 1445 3254 sua
1473 3201 1625 3270 signa
1652 3202 1779 3273 poli.

551 3289 664 3367 sol,
697 3290 870 3356 Luna,
901 3299 958 3346 et
983 3289 1144 3356 Mars,
1178 3290 1408 3362 Cylleni,
1440 3290 1610 3358 Jovis,
1641 3302 1696 3349 et
1723 3293 2010 3366 Cytherea,

618 3385 688 3441 Et
717 3384 954 3441 Saturne
979 3385 1179 3456 gravis,
1210 3385 1302 3440 itis
1330 3385 1385 3439 in
1413 3385 1545 3442 orbe
1573 3385 1711 3443 dies.

551 3475 660 3534 Nec
686 3476 787 3533 tibi
814 3476 1135 3547 displiceant
1163 3475 1386 3548 gentilia
1415 3478 1660 3546 nomina,
1690 3478 1883 3536 lector.

613 3571 725 3629 Iste
751 3571 1038 3628 vetustatis
1066 3586 1186 3626 mos
1217 3571 1376 3626 datur
1405 3589 1436 3626 a
1464 3573 1735 3644 patribus.

461 3727 474 3736 ,
549 3668 802 3741 Septenis
834 3667 997 3723 astris
1032 3674 1088 3722 et
1120 3666 1291 3739 signis
1325 3667 1410 3723 his
1444 3667 1730 3735 duodenis,

588 3760 881 3834 .Dirigitur
908 3759 1133 3824 mensis,
1168 3775 1364 3826 annus,
1397 3767 1453 3816 et
1481 3762 1598 3830 ipse
1627 3763 1764 3818 dies.

549 3849 641 3906 Illa
669 3851 860 3907 diebus
887 3861 1018 3907 eunt
1045 3861 1252 3923 aptata,
1283 3860 1338 3907 et
1365 3853 1648 3936 mensibus
1676 3853 1804 3921 ista,

617 3944 996 4001 Hebdomades
1025 3947 1162 4011 istis,
1199 3955 1413 4003 constat
1443 3955 1501 4002 et
1529 3962 1703 4003 annus
1729 3947 1829 4004 eis.

549 4035 723 4092 Arbor
750 4035 986 4093 habebat
1015 4053 1101 4103 ea,
1131 4045 1188 4092 et
1214 4035 1367 4102 folia,
1396 4045 1451 4091 et
1479 4038 1768 4108 pendentia
1795 4053 1977 4108 poma,

616 4127 816 4200 Sicque
839 4137 1184 4184 venustatem
1213 4137 1269 4184 et
1296 4129 1526 4200 mystica
1554 4129 1712 4200 plura
1743 4131 1926 4187 dabat.

545 4220 604 4278 In
629 4220 772 4278 foliis
797 4223 987 4290 verba,
1019 4222 1076 4278 in
1102 4223 1279 4295 pomis
1309 4223 1551 4295 intellige
1579 4239 1793 4292 sensus,

613 4311 744 4370 Haec
768 4317 964 4372 crebro
990 4325 1312 4372 accrescunt
1328 4359 1342 4382 ,
1373 4316 1464 4372 illa
1491 4318 1630 4374 bene
1656 4334 1755 4374 usa
1787 4317 1988 4376 cibant.

545 4400 660 4460 Hac
681 4404 869 4474 patula
897 4416 1086 4462 nostra
1115 4417 1407 4463 exercetur
1435 4407 1491 4462 in
1519 4409 1717 4466 arbore
1744 4411 1877 4466 vita.

616 4492 845 4566 Semper
873 4503 936 4550 ut
963 4512 993 4550 a
1020 4498 1204 4566 parvis
1233 4499 1463 4554 editiora
1491 4507 1643 4569 petat
1670 4520 1682 4556 :

547 4583 756 4642 Sensus
783 4597 839 4641 et
861 4587 1132 4642 humanus
1159 4589 1423 4658 paulatim
1452 4593 1676 4648 scandat
1705 4595 1774 4650 ad
1803 4597 1936 4663 alta,

616 4677 880 4748 Huncque
908 4679 998 4734 diu
1024 4680 1208 4750 pigeat
1237 4681 1497 4739 inferiora
1529 4688 1698 4757 sequi.

545 4768 736 4824 Ethica
763 4767 1162 4836 Grammatice,
1195 4771 1388 4843 Logica
1423 4783 1478 4830 et
1509 4792 1634 4831 mox
1660 4778 1906 4849 jungitur
1933 4780 2056 4848 illis,

614 4859 846 4932 Physica
877 4878 999 4917 cum
1031 4865 1193 4919 sociis
1223 4866 1432 4922 artibus
1461 4877 1622 4940 atque
1649 4870 1820 4924 sedet.

547 4951 787 5020 Quarum
820 4970 1071 5024 suprema
1105 4957 1288 5012 sedem
1321 4959 1423 5014 sibi
1451 4960 1582 5031 legit
1613 4961 1664 5014 in
1698 4976 1825 5016 arce

617 5044 748 5113 Quae
781 5045 957 5116 legem
993 5057 1265 5104 astrorum
1300 5053 1540 5107 continet
1573 5061 1739 5124 atque
1773 5055 1900 5126 poli.

546 5134 833 5204 Eloquium
871 5135 1070 5204 Mores,
1108 5139 1306 5211 Logica
1339 5142 1462 5198 illas
1496 5143 1636 5199 alma
1673 5157 1951 5216 sequatur,

620 5227 690 5284 Ut
719 5228 997 5286 naturales
1029 5245 1116 5286 res
1146 5231 1286 5286 bene
1312 5248 1474 5288 nosse
1499 5244 1684 5304 queat.

544 5317 616 5374 Et
641 5334 879 5376 convexa
911 5321 1018 5391 poli
1049 5331 1240 5378 cantus
1269 5333 1556 5397 terrasque
1583 5341 1854 5402 peragret,

615 5408 695 5464 De
722 5410 909 5466 mundi
937 5421 994 5466 et
1020 5415 1186 5469 rebus
1215 5415 1418 5472 aethera
1446 5419 1591 5473 celsa
1619 5428 1789 5489 petat.

617 5532 652 5603 ξ
670 5519 856 5594 Imago
894 5533 1066 5605 ιςζνω.
1125 5528 1315 5605 M_agna
1345 5531 1480 5605 _Dea_
1521 5533 1710 5605 eadem
1758 5551 1879 5605 quae
1925 5537 2124 5593 Tellus.

545 5589 752 5678 idcirco
775 5589 896 5678 qua:
923 5597 1128 5678 Magna;
1155 5589 1280 5678 pé'ae
1305 5600 1498 5678 al]_i_ngi_
1508 5589 1791 5678 solebant:
1816 5589 2128 5678 eadem—ad

545 5661 772 5747 Terram
794 5661 1038 5747 physica
1066 5669 1279 5747 ratione
1316 5669 1406 5726 alii
1432 5661 1979 5747 ‘aliter‘referebant.
2012 5661 2127 5747 065

545 5732 613 5809 de
628 5749 696 5809 re
710 5732 1046 5809 Augustinus
1061 5755 1134 5809 ex
1153 5737 1396 5798 Varrone
1417 5744 1584 5800 multa
1608 5745 1698 5802 lib.
1718 5763 1792 5802 vn
1814 5748 1878 5803 de
1899 5732 2128 5806 Civitate

545 5802 1017 5887 Qei,_e_t_liidorus
1045 5807 1325 5887 Originum
1352 5830 1472 5887 vui,
1503 5831 1620 5886 cap.
1651 5817 1725 5871 De
1749 5819 1850 5871 diis
1863 5802 2121 5887 gestia};

546 5873 622 5932 De
649 5876 865 5937 Tellure
891 5887 1072 5934 autem
1111 5873 1222 5936 D'ea
1253 5890 1408 5940 vetus
1445 5873 1629 5945 Romae
1661 5873 1900 5945 nondum
1932 5873 2125 5961 opinor

1603 383 1993 442 THEODULFI
2031 379 2581 441 AURELIANENSIS
2620 383 2829 441 EPISC.

2173 498 2229 559 Α
2404 509 2406 511 .

2166 3238 2355 3336 αἲ»

3730 389 3850 450 336

3002 495 3087 552 Ill.

2249 606 2372 646 ALIA
2407 607 2638 649 PICTUBA
2690 607 2746 648 IN
2779 607 2882 656 QUA
2914 606 3056 646 ERAT
3081 601 3108 630 ⁸
3131 604 3298 647 ΜΑαο
3330 605 3523 648 τΕΒΒΛΕ
3557 609 3611 650 IN
3647 610 3843 654 κουωι

2745 678 2900 720 ORBIS
2929 677 3330 718 COIPREHENSA.

2248 777 2365 845 Quo
2393 786 2553 835 terra
2580 780 2638 835 in
2667 779 2904 850 speciem
2931 778 3212 852 perstabat
3239 779 3466 851 pulchra
3497 781 3705 855 virago,

2319 870 2448 940 Quae
2473 888 2700 944 puerum
2729 872 2914 939 lactat,
2945 872 3100 945 fruge
3131 872 3302 944 replet
3328 874 3620 930 calathum.

2249 963 2637 1036 Turritumque
2664 975 2846 1038 caput,
2876 967 3059 1039 magni
3090 977 3144 1024 et
3173 968 3497 1025 sinuaminis
3526 986 3790 1044 anguem,

2317 1057 2486 1129 Inque
2516 1075 2679 1114 manu
2707 1060 2938 1126 clavem,
2967 1061 3237 1132 cymbala,
3266 1071 3322 1118 et
3351 1079 3504 1119 arma
3530 1055 3800 1123 vehens?

2248 1146 2362 1203 Hac
2388 1164 2571 1206 coram
2601 1151 2747 1220 galli,
2779 1154 3036 1222 pecudes,
3070 1154 3321 1224 torvique
3349 1154 3538 1212 leones

2320 1240 2588 1298 Submissi
2620 1245 2859 1310 stabant,
2889 1245 3024 1300 sella
3055 1255 3110 1300 et
3138 1247 3318 1301 inanis
3345 1255 3486 1302 erat.

2249 1331 2464 1390 Mobilis
2490 1335 2618 1391 huic
2641 1338 2825 1408 magni
2857 1339 3077 1393 suberat
3106 1340 3314 1410 vertigo
3340 1341 3559 1408 vehicli,

2318 1427 2497 1497 Atque
2525 1437 2658 1484 rotae
2684 1432 2874 1486 teretis
2903 1432 3145 1488 circulus
3174 1434 3286 1488 ibat
3315 1437 3387 1491 ei.

2248 1513 2374 1573 Hzec
2401 1533 2631 1587 puerum
2661 1520 2849 1588 Iactat,
2880 1525 3136 1592 quoniam
3167 1527 3447 1582 nascentia
3475 1530 3670 1598 pascit,

2321 1609 2670 1682 Tellurisque
2701 1612 2847 1669 fovet
2875 1626 3072 1671 cuncta
3102 1626 3289 1673 creata
3320 1619 3498 1674 simul.

2249 1701 2308 1758 In
2339 1703 2569 1761 calathis
2603 1705 2810 1778 fruges,
2850 1725 3078 1780 magnas
3113 1711 3169 1767 in
3207 1712 3449 1768 turribus
3482 1715 3671 1782 urbes,

2318 1792 2584 1866 Agricolae
2613 1797 2892 1870 ingenium
2922 1802 3100 1873 signat
3132 1803 3187 1858 in
3219 1820 3394 1875 angue
3419 1804 3656 1862 vafrum.

2175 1861 2224 1920 Β
2250 1861 2514 1945 Panditur
2538 1861 2747 1960 aestate,
2777 1895 2834 1949 in
2861 1861 3056 1951 bruma
3086 1899 3212 1968 quia
3239 1861 3512 1955 clauditur
3534 1916 3734 1970 annis,

2320 1980 2611 2039 Gestamen
2639 1985 2809 2042 clavis
2839 1989 2955 2044 haec
2981 1991 3133 2045 vehit
3159 1991 3285 2047 inde
3311 2009 3495 2050 manu.

2249 2072 2508 2145 Cymbala
2535 2085 2663 2132 sunt
2691 2080 2922 2147 sonitus,
2952 2081 3091 2136 ﬁunt
3118 2085 3212 2153 qui
3239 2087 3546 2155 agrestibus
3575 2090 3767 2160 armis,

2315 2165 2553 2223 Factitat
2580 2177 2674 2225 aut
2699 2171 2881 2241 opifex
2907 2173 3135 2242 quilibet
3163 2185 3282 2232 arte
3309 2193 3428 2233 sua.

2248 2260 2317 2315 Et
2343 2261 2469 2331 quia
2499 2277 2600 2332 pro
2628 2265 2805 2336 patria
2833 2268 3016 2322 cuncti
3045 2268 3337 2342 confligere
3363 2273 3581 2344 debent,

2317 2351 2532 2425 Elligies
2561 2355 2722 2414 tellus
2753 2359 2882 2417 hinc
2907 2363 3059 2418 vehit
3087 2378 3238 2421 arma
3267 2373 3379 2422 tua.

2247 2443 2409 2503 Orbis
2435 2457 2663 2504 stemma
2695 2460 2850 2520 τοίω,
2879 2455 3168 2525 signabant
3197 2461 3406 2516 semina
3431 2463 3580 2534 galli,

2317 2537 2481 2595 Orbis
2511 2552 2771 2612 concepto
2801 2546 3010 2602 semine
3039 2549 3206 2604 multa
3243 2550 3414 2608 dabit.

2245 2629 2347 2686 Olli
2378 2631 2683 2689 subduntur
2706 2638 2962 2706 pecudes,
2995 2641 3122 2709 quia
3150 2642 3348 2712 pabula
3377 2645 3445 2700 ab
3472 2646 3563 2703 illa

2317 2723 2626 2791 Summunt,
2657 2729 2733 2782 nil
2763 2739 2819 2784 et
2845 2732 2964 2800 opis
2990 2733 3095 2788 hac
3123 2736 3243 2791 sine
3269 2738 3474 2796 habere
3499 2753 3725 2813 queunt.

2247 2815 2508 2888 Quodque
2537 2821 2723 2876 subest
2749 2821 2827 2876 illi
2855 2823 3036 2880 rabies
3066 2826 3286 2883 inimica
3313 2830 3556 2899 leonum,

2315 2909 2430 2966 Hoc
2455 2918 2538 2967 est
2563 2913 2708 2981 quod
2739 2913 2899 2970 tellus
2927 2922 3108 2972 terrea
3139 2930 3344 2995 cuncta.
3361 2921 3567 2979 domat.

2242 2999 2437 3056 Omnia
2466 3018 2590 3058 cum
2621 3005 2733 3059 sint
2761 3015 2933 3074 mota,
2963 3017 3145 3066 tamen
3175 3014 3364 3084 nequit
3391 3016 3506 3086 ipsa
3533 3018 3766 3088 moveri,

2310 3093 2450 3152 Hinc
2478 3094 2782 3168 fingebatur
2805 3102 2936 3156 sella
2961 3106 3213 3173 perennis
3241 3107 3314 3162 ei.

2242 3184 2348 3243 Per
2377 3187 2534 3244 sedes
2565 3191 2729 3246 etiam
2760 3195 2948 3250 mundi
2978 3197 3265 3268 signantur
3293 3200 3550 3269 honores,

2357 3290 2584 3352 erpetuo
2611 3284 2754 3355 quod
2780 3301 2875 3342 eos
2900 3303 3062 3344 nemo
3092 3291 3376 3350 habiturus
3404 3296 3536 3351 adit.

2241 3375 2396 3432 Alter
2420 3376 2477 3431 in
2507 3377 2730 3434 alterius
2759 3383 2958 3451 gaudet
2987 3385 3228 3441 residere
3259 3388 3541 3455 cathedra,

2310 3469 2412 3527 Hic
2441 3472 2614 3540 sedet,
2644 3475 2735 3529 hic
2762 3475 2904 3531 sedit
2930 3495 2942 3531 :
2984 3477 3074 3534 hic
3104 3480 3165 3547 it,
3194 3489 3248 3536 et
3276 3482 3367 3538 ille
3393 3485 3552 3539 redit.

2240 3561 2370 3619 Inde
2396 3565 2700 3622 vehebatur
2728 3584 2918 3635 curru,
2951 3573 3090 3640 quod
3124 3573 3180 3627 in
3211 3589 3337 3630 aere
3367 3574 3566 3646 pendet

2313 3657 2516 3726 Tellus,
2543 3667 2600 3714 et
2627 3660 2836 3717 levibus
2868 3651 3206 3720 sdstineatur
3231 3668 3407 3738 aquis.

2241 3747 2381 3805 Hinc
2405 3757 2490 3806 est
2516 3750 2583 3806 de
2608 3751 2838 3808 Domino
2862 3769 3027 3808 verax
3053 3757 3199 3826 quod
3225 3755 3387 3814 lectio
3413 3760 3634 3830 promit,

2311 3841 2460 3897 Illius
2493 3842 2683 3899 laudes
2716 3859 3039 3902 enumerare
3075 3847 3322 3915 studens,

2241 3930 2343 3999 Qui
2373 3947 2539 4003 super
2566 3933 2891 3990 immensum
2919 3937 3128 3993 Borean
3154 3939 3402 3995 extendit
3429 3941 3605 4010 inane,

2308 4025 2378 4080 Et
2411 4034 2554 4082 terra
2591 4030 2850 4099 appendit
2883 4039 2935 4086 te
2969 4047 3134 4103 super
3158 4035 3273 4105 ipsa
3303 4036 3462 4091 nihil.

2239 4117 2499 4188 Quodque
2528 4119 2664 4175 rotis
2688 4121 2926 4191 vehitur,
2955 4127 3145 4182 mundi
3172 4129 3382 4200 vertigo
3409 4141 3650 4202 notatur,

2309 4209 2412 4279 Qui
2439 4212 2646 4268 volucri
2676 4231 2841 4271 cursu
2869 4217 3109 4275 volvitur
3134 4229 3296 4292 atque
3323 4224 3504 4282 modo.

2239 4304 2399 4362 Stare
2425 4306 2713 4364 videbatur
2746 4317 2980 4368 terrenae
3015 4314 3180 4369 sortis
3214 4314 3410 4388 imago,

2307 4397 2535 4472 Semper
2562 4402 2728 4458 habet
2755 4405 3014 4474 quoniam
3044 4422 3173 4461 rura
3204 4407 3389 4466 colens
3414 4413 3556 4481 quod
3587 4422 3740 4486 agat.

2236 4491 2352 4549 Hoc
2378 4509 2513 4564 opus
2541 4503 2602 4550 ut
2631 4495 2788 4553 fieret
2813 4497 3143 4555 Theodulfus
3173 4502 3458 4574 episcopus
3486 4505 3568 4578 egi
3587 4547 3603 4572 ,

2158 4599 2211 4663 Ι)
2306 4583 2374 4638 Ει
2401 4584 2600 4655 duplici
2630 4585 2806 4644 oflicio
2835 4590 2939 4645 rite
2965 4590 3148 4661 vigere
3181 4593 3323 4648 dedi.

2239 4673 2458 4730 Scilicet
2485 4683 2546 4731 ut
2574 4677 2804 4748 dapibus
2836 4690 3138 4750 pascantur
3167 4685 3580 4779 corpora.la‘.tis,

2302 4769 2552 4840 Inspecta
2580 4779 2638 4826 et
2664 4781 2901 4828 mentem
2931 4775 3078 4830 orbis
3106 4776 3286 4846 imago
3313 4769 3478 4834 cibet.

2232 4861 2362 4919 Plus
2393 4863 2579 4934 epulas
2613 4867 2809 4922 animze
2841 4883 3004 4938 quam
3041 4884 3239 4939 corpus
3275 4869 3438 4942 dilige
3473 4871 3641 4938 visor,

2224 4995 2228 5002 ι
2304 4958 2495 5013 Vivida
2528 4975 2682 5015 mens
2710 4960 2836 5025 illis,
2866 4961 2954 5016 his
2983 4977 3110 5018 caro
3138 4962 3303 5032 pollet
3333 4963 3520 5021 hebes.

2233 5048 2434 5105 Caelica
2462 5053 2626 5107 verba
2657 5059 2879 5115 sonent,
2911 5051 3140 5124 dapibus
3171 5055 3287 5111 htec
3315 5071 3506 5112 mensa
3533 5056 3819 5128 redundet,

2304 5144 2371 5199 Et
2399 5153 2620 5199 teneant
2648 5145 2854 5200 nullum
2887 5145 3050 5203 livida
3078 5149 3224 5204 dicta
3252 5148 3449 5206 locum.

2235 5235 2422 5292 Totius
2450 5237 2598 5292 orbis
2626 5239 2782 5295 adest
2807 5242 3047 5297 breviter
3073 5242 3286 5314 depicta
3315 5243 3522 5315 figura:

2302 5327 2437 5384 Rem
2464 5345 2718 5402 magnam
2748 5332 2804 5387 in
2831 5348 3003 5403 parvo
3032 5349 3260 5405 corpore
3289 5351 3451 5392 nosse
3481 5335 3649 5393 dabit.

2231 5420 2330 5477 Hic
2360 5423 2673 5494 amphitrite
2699 5433 2968 5483 terrarum
2997 5430 3242 5500 margine
3269 5429 3430 5504 longo

2229 5535 2286 5592 in
2313 5535 2489 5594 lucem
2516 5539 2725 5610 prolata
2751 5549 2921 5598 restat
2946 5543 3266 5613 inscriptio:

2824 5628 2941 5668 DEE
2983 5630 3212 5670 TELI.URI

2911 5699 3119 5739 SACRUI

2837 5772 2892 5810 Il.
2931 5771 3191 5814 AURELIUS

2885 5842 3160 5882 THREP'I'US

2927 5911 3099 5952 FECIT.
