4046 6452
275 395 368 456 337
1577 387 1811 447 CARMll

1944 389 2068 443 LIB.
2110 387 2200 440 ΙΨ.

1858 509 1910 566 Α
2009 500 2184 568 Sedis,
2217 509 2273 556 et
2299 499 2440 556 alma
2461 508 2677 570 patrum
2706 510 2792 557 est
2817 501 3032 557 subdita
3055 502 3212 558 turba
3243 503 3360 561 tibi.

332 502 553 562 Brachia
575 501 852 574 protendit
873 501 1096 558 ﬂumina
1125 511 1322 559 cuncta
1348 517 1566 560 vorans.

271 597 456 658 lunatis
479 594 666 650 buccis
691 594 970 650 discordes
995 593 1233 665 undique
1257 594 1475 662 fratres,

334 690 584 750 lnsistunt
604 689 748 758 orbi,
773 697 900 747 sunt
925 703 1024 748 sua
1049 688 1246 760 cuique
1270 689 1408 745 loca.

988 821 1078 879 IV.

668 949 697 980 ⁸
717 955 786 994 ΑΒ
825 953 1060 994 Διοιῖωί
1095 952 1408 995 EPISCOPUI.

265 1041 368 1112 ὥσ
391 1052 569 1110 Aiulfe
597 1053 718 1119 tibi,
745 1051 942 1124 praesul
972 1050 1333 1116 sanctissime,
1365 1049 1523 1105 mitto

326 1143 614 1202 Teudulfus
642 1158 863 1200 carmen
890 1141 1046 1198 exsul
1075 1141 1144 1196 ab
1166 1141 1379 1197 exsilio.

261 1239 450 1296 Nobilis
477 1246 535 1292 et
557 1236 796 1308 pulchrae
821 1235 1003 1292 fueras
1028 1225 1165 1307 puer
1189 1234 1386 1290 indolis
1412 1233 1563 1301 olim,

321 1331 466 1387 Nunc
493 1332 580 1386 vir
605 1346 666 1386 es
694 1339 918 1386 ornatus
941 1329 1245 1385 nobilitatis
1271 1343 1393 1398 ope.

259 1423 376 1492 Quae
402 1421 506 1477 fuit
533 1422 589 1476 in
619 1436 789 1492 puero
813 1420 1003 1478 docilis
1033 1420 1256 1476 solertia
1281 1434 1474 1489 parvo,

319 1514 468 1570 Nunc
501 1522 684 1570 manet
712 1514 770 1569 in
796 1529 996 1585 magno
1024 1513 1186 1569 dante
1212 1511 1460 1567 Tonante
1485 1511 1622 1566 viro.
1663 1514 1668 1515 '

254 1609 405 1681 Signa
435 1623 574 1680 puer
597 1623 808 1680 magnae
836 1624 1050 1679 semper
1077 1609 1297 1664 virtutis
1323 1608 1566 1663 habebas

314 1699 526 1770 Magna,
555 1701 758 1756 docens
785 1716 1043 1772 magnum
1072 1707 1126 1754 te
1152 1698 1296 1754 forte
1322 1705 1470 1752 sorte
1494 1697 1672 1751 virum

251 1790 332 1847 Sic
357 1799 473 1846 sata
506 1793 833 1862 promittunt
859 1791 1104 1846 fecundae
1129 1791 1355 1861 praemia
1384 1789 1580 1845 messis
1604 1806 1617 1842 :

309 1883 401 1941 Sic
428 1888 580 1942 tauri
605 1888 663 1942 in
687 1889 859 1943 vitulo
889 1887 1065 1942 forma
1094 1895 1242 1956 patet
1274 1895 1482 1942 tenero.

247 1977 505 2047 lngenuas
535 1988 683 2035 artes
710 1979 949 2035 studium
977 1978 1072 2033 tibi
1101 1978 1310 2034 discere
1339 1977 1558 2032 tandem

306 2071 549 2138 Exstitit,
577 2080 632 2126 et
657 2072 861 2127 cultum
889 2073 976 2127 his
1002 2079 1193 2142 pectus
1220 2057 1423 2126 habere
1451 2071 1604 2128 satis.

243 2163 305 2218 At
329 2179 473 2220 nunc
503 2163 675 2218 divini
707 2164 805 2219 tibi
839 2164 1057 2220 tradere
1085 2165 1335 2236 dogmata
1363 2163 1516 2219 verbi

304 2253 398 2310 Est
426 2254 610 2322 labor,
639 2262 694 2310 et
722 2255 935 2326 populis
956 2253 1081 2324 jura
1107 2254 1292 2310 refelle
1318 2255 1449 2326 poli.

242 2348 360 2417 Quae
389 2357 525 2404 tunc
552 2350 907 2421 grammatico
932 2351 1186 2405 sumebas
1212 2349 1408 2420 pocula
1433 2349 1601 2415 fonte,

303 2439 596 2497 Ambrosio
624 2448 837 2496 mentes
863 2457 1010 2497 nunc
1035 2441 1175 2497 bene
1200 2457 1326 2497 rore
1353 2442 1517 2513 rigas.

241 2531 422 2588 Vivere
447 2542 508 2589 te
541 2541 732 2590 sancte
758 2549 947 2589 rumor
971 2533 1233 2606 dispergit
1257 2534 1480 2604 ubique,

304 2624 491 2697 Magna
532 2641 632 2697 per
657 2641 755 2682 ora
780 2626 958 2682 virum
985 2633 1071 2682 sat
1097 2634 1188 2681 tua
1213 2624 1357 2681 fama
1383 2625 1548 2680 volat.

240 2715 432 2775 Cuncta
463 2720 596 2790 quis
625 2719 876 2790 expediet
902 2719 1076 2775 laudis
1104 2720 1374 2789 praeconia
1403 2727 1618 2786 vestrae,

303 2807 429 2876 Quae
456 2809 826 2881 Suitegaudus
853 2811 957 2866 iste
984 2809 1190 2866 referre
1217 2809 1394 2866 solet?

240 2899 624 2973 Suitegaudus,
652 2903 743 2959 ubi
769 2903 1034 2974 probitas,
1063 2919 1381 2974 verumque,
1411 2903 1672 2976 ﬁdesque,

301 2991 368 3047 Et
391 2993 542 3048 bona
568 3001 762 3049 cuncta
789 2994 951 3049 simul
979 2981 1290 3050 consociata
1315 3005 1556 3050 manent.

237 3081 383 3139 Hunc
408 3085 584 3151 Deus,
612 3093 667 3140 et
692 3086 936 3156 probitas
960 3086 1107 3154 vitae,
1136 3093 1302 3156 atque
1322 3073 1521 3143 electio
1547 3085 1783 3146 fratrum

301 3175 626 3232 Praetulerat
648 3186 836 3233 sancto
862 3194 951 3234 me
981 3179 1252 3235 mediante
1276 3180 1445 3251 gregi.

239 3264 340 3322 Sed
366 3269 514 3324 male
541 3269 681 3324 livor
706 3270 866 3337 edax,
895 3271 1071 3337 dolus,
1100 3279 1156 3325 et
1181 3271 1408 3343 pellacia
1432 3270 1617 3338 fallax,

302 3359 562 3417 Praesulis
590 3378 621 3417 a
645 3364 864 3434 prapria
892 3366 1020 3421 sede
1049 3365 1281 3421 removit
1303 3381 1446 3421 eum.

235 3446 329 3504 Est
355 3448 506 3506 Deus
534 3451 591 3506 in
616 3452 777 3519 cmlo,
803 3454 1026 3524 proprio
1053 3455 1199 3510 hunc
1222 3456 1315 3524 qui
1344 3455 1537 3512 reddat
1561 3455 1708 3523 ovili,

299 3537 448 3596 Cura
479 3542 551 3596 sit
578 3550 635 3596 et
660 3541 864 3612 proprii
889 3559 1008 3613 quae
1035 3544 1140 3601 fuit
1165 3554 1291 3602 ante
1320 3547 1519 3618 gregis.

229 3629 329 3688 Hie
359 3634 431 3687 de
460 3641 617 3702 parte
651 3635 772 3689 tulit
797 3646 978 3692 vestra
1007 3637 1141 3692 mihi
1169 3639 1334 3693 verba
1361 3638 1618 3710 benigna,

299 3722 374 3777 Et
403 3723 543 3778 mihi
573 3733 895 3794 praesentem
925 3734 978 3782 te
1006 3727 1157 3782 dedit
1181 3743 1276 3782 ore
1301 3744 1422 3783 suo.

232 3813 370 3870 Dum
399 3813 550 3869 bona
577 3822 759 3870 vestra
785 3816 918 3872 mihi
947 3825 1153 3884 narrat,
1181 3831 1268 3872 me
1289 3816 1535 3889 perfovet
1558 3832 1760 3890 aegrum

3367 385 3524 446 ὅδε

1935 590 2063 647 Inde
2086 605 2306 648 manere
2333 592 2430 648 tibi
2454 592 2693 662 prudens
2715 593 2934 648 solertia
2957 594 3138 662 debet,

1913 735 1916 738 .
2004 682 2267 740 Omnibus
2291 693 2354 740 ut
2379 685 2652 756 specimen
2677 687 2774 753 sis,
2797 684 2984 753 decus,
3007 686 3163 754 ordo,
3190 688 3404 744 modus.

1935 775 2052 844 Quo
2080 775 2254 847 magis
2280 789 2340 832 es
2377 775 2551 832 celsus
2567 817 2582 843 ,
2620 775 2838 833 humilis
2866 779 3041 849 magis
3069 794 3190 835 esse
3217 787 3514 847 memento,

2003 869 2191 924 Gratia
2219 878 2274 926 te
2301 869 2581 926 altithroni
2602 871 2733 927 ditet
2755 880 2816 926 ut
2842 871 2985 928 alma
3019 873 3134 928 Dei.

1931 959 2063 1015 Esto
2085 961 2244 1016 bonis
2275 976 2467 1033 agnus,
2497 961 2581 1016 leo
2609 961 2852 1019 fervidus
2873 972 2993 1020 esto
3020 963 3292 1036 malignis,

1999 1052 2136 1108 Pars
2163 1063 2310 1109 amet
2335 1055 2441 1110 ista
2467 1062 2702 1125 patrem,
2731 1063 2792 1110 ut
2812 1055 2903 1111 illa
2930 1064 3188 1128 pavescat
3215 1056 3429 1123 herum,

1930 1145 2174 1218 Cumque
2200 1147 2307 1217 piis
2332 1147 2502 1203 fueris
2527 1149 2671 1220 pius,
2699 1157 2757 1205 et
2780 1149 3060 1206 districtus
3085 1150 3319 1215 acerbis,

2002 1242 2079 1298 Te
2105 1258 2234 1314 pars
2257 1242 2374 1298 haec
2400 1251 2632 1298 matrem
2656 1246 2874 1313 sentiat,
2901 1245 2990 1300 illa
3015 1253 3249 1316 patrem.

1928 1333 2014 1391 Sit
2042 1337 2141 1392 tibi
2173 1337 2323 1409 larga
2350 1355 2565 1406 manus,
2592 1340 2861 1410 placidum
2891 1357 3006 1408 cor,
3035 1340 3214 1396 dulcia
3235 1340 3442 1396 verba:

2002 1426 2092 1482 Sis
2114 1429 2318 1498 probus
2345 1438 2401 1485 et
2419 1430 2610 1498 solers,
2643 1441 2927 1504 promptus
2950 1432 3019 1488 ad
3044 1448 3206 1488 omne
3227 1433 3449 1488 bonum.
3468 1434 3471 1436 ’

1929 1518 2039 1575 Sed
2065 1520 2194 1590 quid
2217 1537 2340 1592 ago,
2373 1523 2459 1577 vel
2485 1538 2592 1593 quo
2618 1538 2704 1578 me
2734 1539 2878 1580 nunc
2904 1538 3026 1579 mea
3053 1523 3231 1579 fistula
3261 1523 3442 1580 ducit?

1999 1611 2250 1668 Doctoris
2275 1615 2470 1670 similis
2497 1631 2618 1670 sum
2646 1615 2808 1671 modo
2829 1615 3006 1673 factus
3032 1632 3150 1688 ego.

1929 1705 2007 1760 Te
2028 1721 2224 1776 precor
2249 1709 2480 1777 interea,
2501 1717 2700 1765 nostra:
2723 1725 2932 1765 memor
2953 1717 3070 1766 esto
3091 1711 3281 1777 ruinae,

2001 1795 2171 1853 Oratu
2195 1807 2250 1854 et
2277 1800 2530 1869 precibus
2561 1799 2674 1856 fors
2698 1800 2841 1855 mala
2868 1809 3055 1857 nostra
3085 1800 3249 1856 leves.

1855 1892 1903 1954 B
1928 1886 2139 1945 Forsan
2175 1898 2228 1944 te
2254 1889 2832 1961 orante,-fratrumque
2846 1890 3072 1961 juvante
3096 1900 3335 1960 caterva,

1998 1984 2352 2055 Omnipotens
2375 1985 2589 2040 veniam
2616 1985 2710 2039 det
2732 1985 3043 2042 miserando
3071 1985 3224 2040 mihi.

1924 2077 1996 2133 Et
2020 2092 2120 2134 nos
2149 2077 2342 2133 exsilio
2369 2077 2575 2135 relevet
2593 2078 2881 2156 miseratus
2911 2080 2980 2134 ab
3006 2078 3134 2145 isto,

1994 2167 2195 2240 Ioseph
2223 2169 2317 2239 qui
2347 2170 2547 2225 exemit
2569 2184 2809 2236 carcere,
2839 2169 2954 2224 sive
2982 2168 3222 2226 Petrum.

1923 2259 2041 2330 lpse
2069 2261 2178 2316 Deo
2203 2261 2378 2317 fateor
2406 2261 2723 2332 peccamina
2754 2261 2925 2316 multa
2951 2262 3159 2334 peregi,

1998 2350 2130 2418 Quae
2158 2362 2418 2422 superant
2443 2368 2674 2408 numero
2701 2362 2869 2410 temet
2894 2369 3060 2410 arena
3080 2354 3272 2422 maris,

1923 2441 1992 2496 Et
2018 2442 2212 2512 pluviae
2241 2452 2439 2515 guttas,
2471 2445 2638 2500 maris
2662 2447 2883 2513 undam,
2917 2446 3096 2501 sidera
3121 2447 3266 2513 caeli,

1993 2532 2297 2588 Herbarum
2319 2534 2568 2602 frutices,
2601 2538 2847 2606 germina
2867 2545 3063 2592 cuncta
3090 2537 3213 2593 soli.

1925 2623 2054 2681 Haec
2081 2633 2208 2680 sunt
2230 2641 2500 2681 aerumnas
2525 2641 2625 2697 ego
2653 2641 2752 2682 cur
2776 2643 2898 2682 sum
2932 2628 3134 2684 missus
3166 2628 3222 2683 in
3253 2627 3412 2697 istas,

1993 2718 2130 2775 Esse
2158 2733 2259 2774 nec
2285 2728 2347 2774 ut
2375 2720 2572 2775 debent
2595 2728 2720 2774 sunt
2746 2721 2890 2774 mala
2915 2729 3064 2775 tanta
3089 2721 3243 2776 mihi.

1923 2806 2043 2865 Non
2073 2810 2191 2880 regi
2219 2817 2314 2864 aut
2333 2811 2492 2880 proli,
2525 2827 2640 2867 non
2661 2811 2777 2880 ejus
2801 2812 2965 2868 crede
2987 2813 3162 2884 jugali

1992 2903 2241 2970 Peccavi,
2266 2911 2328 2959 ut
2351 2905 2562 2960 meritis
2590 2905 2708 2961 haec
2728 2904 2873 2961 mala
2897 2914 3048 2960 tanta
3071 2905 3286 2961 veham.

1923 2995 1953 3037 δ
1975 2994 2146 3053 Crede
2175 2996 2310 3052 meis
2338 2997 2540 3062 verbis,
2571 2996 2744 3053 frater
2767 2997 3128 3063 sanctissime,
3159 2998 3341 3065 crede,

1992 3086 2078 3143 Me
2104 3087 2303 3158 objecti
2329 3088 2749 3159 haudquaquam
2776 3088 3024 3144 criminis
3049 3103 3171 3144 esse
3193 3103 3367 3143 reum.

1922 3180 2182 3237 Perderet
2204 3189 2266 3236 ut
2284 3190 2582 3251 sceptrum,
2610 3181 2800 3249 vitam,
2825 3182 3213 3254 propriumque
3236 3190 3506 3254 nepotem,

1848 3255 1894 3320 C
1993 3270 2120 3328 Haec
2151 3272 2253 3326 tria
2284 3287 2404 3327 sum
2429 3288 2709 3344 nunquam
2739 3273 3054 3330 consiliatus
3083 3288 3202 3346 ego.

1919 3365 2188 3422 Addimus
2216 3375 2272 3422 et
2299 3375 2554 3436 quartum
2580 3385 2592 3421 :
2625 3369 2760 3423 mihi
2787 3385 2897 3425 non
2918 3368 3022 3425 fuit
3043 3369 3136 3425 illa
3165 3369 3433 3436 voluntas,

1992 3457 2281 3527 Utcunque
2310 3467 2372 3512 ut
2393 3473 2574 3513 rerum
2600 3460 2720 3516 hac
2744 3460 2888 3516 mala
2915 3470 3070 3517 tanta
3092 3461 3292 3519 forent.

1921 3549 2038 3606 Hoc
2058 3565 2161 3622 ego
2187 3550 2437 3616 clamavi,
2469 3552 2662 3620 clamo,
2705 3553 2953 3609 clamabo
2975 3569 3075 3625 per
3092 3571 3285 3621 aevum,

1993 3643 2122 3698 Haec
2147 3645 2319 3700 donec
2345 3645 2541 3702 animae
2565 3646 2809 3703 membra
2835 3649 3014 3720 liquor
3038 3659 3272 3722 vegetat.

1923 3733 2030 3802 Qui
2057 3734 2221 3790 modo
2250 3751 2362 3791 non
2391 3737 2582 3801 credit,
2609 3746 2830 3810 cogetur
2854 3740 3077 3797 credere
3106 3743 3340 3811 tandem,

1990 3827 2223 3884 Ventum
2250 3829 2354 3885 erit
2389 3836 2450 3884 ut
2477 3831 2658 3900 magni
2676 3829 2876 3899 judicis
2905 3842 3031 3890 ante
3057 3835 3328 3892 thronum.

298 3907 535 3964 Actibus
562 3923 702 3980 eque
729 3910 836 3966 tuis
865 3926 1020 3979 mens
1047 3927 1167 3968 mea
1193 3911 1315 3967 laeta
1340 3919 1541 3967 manet.

239 3996 332 4053 llic
359 3998 483 4054 vice
513 4013 601 4054 res
637 3999 820 4055 studet
847 4015 880 4054 a
905 4001 1062 4057 nobis
1086 4002 1190 4057 hac
1215 4018 1456 4072 quaerere
1484 4002 1746 4073 quasdam

302 4089 528 4157 Vestra,
556 4099 612 4146 et
641 4107 960 4163 responsum
989 4095 1133 4165 quod
1158 4095 1253 4150 tibi
1280 4101 1462 4166 portet
1487 4095 1671 4151 habet.

243 4181 460 4239 Rettulit
488 4183 580 4240 ille
604 4184 740 4239 mihi
763 4186 1128 4257 studiumque,
1150 4187 1445 4257 decusque,
1466 4188 1819 4260 modumque,

305 4273 419 4342 Quo
443 4275 601 4331 vehis
627 4274 790 4330 ollicii
815 4277 1054 4348 pondera
1078 4277 1226 4348 digni
1252 4279 1349 4333 tui.

243 4363 479 4433 Qualiter
502 4367 770 4438 exemplis
806 4376 862 4425 et
886 4369 1067 4425 verbis
1098 4368 1240 4424 ferre
1264 4370 1520 4425 ducatum

304 4457 421 4515 Non
449 4475 644 4518 cessas
666 4461 879 4533 populis
903 4462 970 4518 ad
993 4462 1082 4534 pia
1110 4477 1276 4534 regna
1308 4462 1439 4534 poli.

247 4548 309 4606 Es
329 4550 469 4608 bona
494 4568 698 4624 magna
726 4569 940 4624 gerens,
966 4561 1028 4609 ut
1050 4570 1180 4625 agas
1203 4554 1411 4627 majora
1443 4570 1752 4631 precamur,

304 4641 592 4699 Poscimus
615 4653 858 4718 optatam
887 4653 948 4701 ut
976 4646 1068 4702 det
1095 4646 1191 4702 tibi
1219 4647 1467 4706 Christus
1494 4665 1672 4722 opem.

1920 3918 2024 3987 Qui
2058 3919 2191 3974 mihi
2215 3923 2374 3977 testis
2397 3922 2505 3977 erit
2526 3923 2649 3993 pius
2672 3933 2728 3978 et
2749 3925 3082 3996 justissimus
3109 3920 3278 3998 ultor,

1988 4010 2182 4068 Omnia
2211 4014 2298 4068 cui
2326 4029 2544 4088 semper
2565 4018 2709 4073 nuda
2731 4027 2788 4074 et
2811 4029 2998 4090 aperta
3023 4033 3267 4080 manent.

1916 4102 2022 4172 Qui
2049 4121 2158 4162 non
2181 4117 2432 4178 acceptat
2459 4125 2741 4181 personas,
2767 4129 2997 4170 munera
3022 4117 3139 4172 sive

1989 4196 2194 4268 Diligit,
2222 4215 2436 4269 aequum
2465 4218 2652 4271 aequus
2677 4205 2853 4275 diligit
2880 4222 3041 4261 omne
3065 4209 3289 4264 bonum.

1917 4284 2052 4356 Ejus
2075 4287 2130 4342 in
2157 4299 2379 4358 aspectu
2405 4291 2698 4349 falsissima
2729 4305 2921 4350 cuncta
2945 4299 3202 4368 peribunt
3225 4317 3238 4351 .-

1997 4376 2098 4434 Hic
2125 4393 2281 4434 meus
2302 4379 2527 4436 alterius
2556 4397 2660 4437 non
2692 4399 2792 4454 ope
2823 4385 2981 4441 testis
3011 4396 3157 4458 eget.
3190 4379 3213 4398 ⁸

1921 4468 2009 4527 Me
2025 4478 2119 4526 tua
2143 4471 2307 4527 chare
2335 4472 2483 4528 fovet
2510 4474 2682 4531 dulcis
2710 4479 3015 4550 comparsio
3040 4480 3228 4552 frater,

1841 4606 1898 4668 Β
1995 4561 2362 4637 Tristitizeque
2388 4581 2523 4623 meae
2549 4583 2676 4638 pars
2703 4569 2802 4626 tibi
2827 4586 3022 4644 magna
3049 4583 3248 4632 manet.

1924 4659 2026 4715 Det
2053 4658 2215 4716 Pater
2241 4661 2593 4732 altithronus,
2615 4666 2812 4722 coelum
2834 4675 3146 4741 terramque
3175 4673 3504 4744 gubernans,

247 4731 375 4789 Sunt
397 4736 654 4807 exempla
676 4737 772 4792 tibi
794 4746 1010 4808 patrum
1032 4740 1290 4796 sectanda
1315 4741 1576 4810 priorum,

308 4825 574 4898 Exemplo
600 4836 656 4883 et
674 4829 853 4885 verbis
874 4839 936 4884 ut
962 4829 1191 4887 doceare
1219 4831 1343 4888 tuis.

249 4914 308 4970 Et
335 4927 423 4976 tua
452 4920 732 4978 continuis
761 4929 974 4978 crescat
997 4923 1242 4978 doctrina
1269 4924 1479 4992 diebus,

309 5008 486 5081 Atque
513 5019 582 5067 ut
600 5012 692 5082 qui
713 5020 874 5083 caput
899 5028 959 5070 es
981 5027 1078 5085 per
1103 5015 1194 5085 pia
1224 5015 1469 5071 membra
1488 5024 1652 5072 meet.

250 5098 316 5156 Es
334 5103 693 5172 patriarchali
718 5104 905 5176 prima:
931 5105 1184 5176 praelatus
1205 5107 1411 5162 honore

294 5220 341 5296 ,ξι
364 5211 445 5294 A_d
463 5212 709 5282 Aiulfum
726 5215 1039 5296 episcopum:
1069 5214 1362 5296 Agiulfum!
1386 5217 1502 5272 Sive
1523 5216 1819 5296 Αῖεωΐιιξιι,

251 5275 643 5358 Bituricenseru
670 5275 875 5358 prima:
897 5275 1063 5358 'sedis
1106 5275 1473 5358 patriarcham
1497 5329 1510 5353 ,
1562 5275 1641 5344 sic
1677 5275 1822 5344 enim

253 5352 499 5421 appellat.
533 5354 634 5410 Vir
659 5352 759 5410 fuit
782 5357 948 5411 etiam
970 5352 1328 5412 dum'viveret
1350 5358 1654 5414 sanctitatis
1678 5359 1822 5414 fama

255 5425 592 5494 conspicuus.
644 5423 817 5482 Judex
862 5441 986 5481 cum
1037 5427 1158 5481 aliis
1197 5429 1462 5498 episcopis
1508 5427 1711 5512 electus
1753 5430 1821 5483 ab

255 5489 436 5551 Ebone
479 5497 771 5552 Rhemensi
807 5512 948 5552 anno
979 5495 1103 5553 855.
1160 5497 1241 5552 Ex
1281 5499 1383 5551 hac
1423 5513 1552 5552 vero
1596 5499 1821 5554 epistola

366 5511 436 5551 ne
479 5511 771 5552 unemensi
807 5512 948 5552 anno
979 5511 1103 5553 δέδι’).
1160 5511 1241 5552 EX
1281 5511 1383 5551 nac
1423 5513 1552 5552 vero
1596 5513 1712 5554 CDIS

259 5513 436 5551 unone
479 5513 771 5552 rtnemensi
807 5513 948 5552 anno
979 5513 1103 5553 δοῦ.
1160 5513 1241 5552 Ex
1281 5513 1383 5551 nac
1423 5513 1552 5552 vero
1596 5513 1822 5567 eptswta

259 5559 423 5639 liquet
445 5567 759 5639 episcopum
789 5567 904 5636 jam
932 5565 1100 5623 fuisse
1137 5583 1260 5623 cum
1291 5567 1619 5639 Theodulfus
1642 5568 1824 5626 Ande-

260 5633 404 5703 gavis
445 5633 718 5693 exsularet
740 5679 755 5704 ,
792 5633 910 5695 'hoc
952 5647 1036 5695 est
1079 5649 1204 5694 ante
1246 5654 1446 5692 annum
1486 5638 1590 5694 820
1633 5649 1822 5696 contra

262 5717 418 5785 quam
442 5707 606 5778 vulgo
632 5709 851 5766 tradunt
881 5711 974 5782 qui
1012 5711 1078 5766 de
1113 5710 1378 5781 episcopis
1405 5708 1823 5769 Bituricensium

263 5786 611 5845 scripserunt.

332 5843 564 5903 hCrede
607 5853 736 5906 meis
783 5853 966 5909 verbis.
1035 5851 1824 5939 lnsimulabaturhTheodulfus

1994 4750 2220 4808 Laetitiae
2250 4761 2450 4810 nostrae
2477 4764 2539 4811 ut
2569 4758 2856 4827 postmodo
2880 4774 3101 4834 compos
3119 4778 3230 4820 eas.

1927 4841 2006 4900 Te
2033 4844 2148 4899 scio
2180 4853 2500 4901 cunctorum
2528 4848 2840 4904 redimitum
2863 4848 2997 4906 ﬂore
3030 4854 3319 4922 bonorum,

1995 4933 2270 5006 Lampade
2288 4937 2551 4992 virtutum
2581 4952 2678 4994 seu
2701 4940 2924 4998 rutilare
2945 4945 3100 5000 satis.

1927 5023 2014 5080 Sit
2042 5025 2140 5081 tibi
2168 5027 2299 5093 vita,
2328 5027 2496 5094 salus,
2526 5037 2582 5082 et
2601 5028 2805 5087 Christi
2827 5033 3003 5104 gratia
3031 5037 3194 5108 regis,

1935 5147 1942 5153 ο
1999 5115 2190 5172 Exstet
2213 5125 2268 5173 et
2295 5119 2638 5192 omnipotens
2663 5122 2844 5180 fautor
2867 5127 3070 5197 ubique
3100 5127 3217 5194 tibi,

1930 5237 2191 5310 tanquam
2208 5231 2483 5310 particeps
2515 5238 2908 5310 coniurationis
2945 5229 3384 5310 Bernardiuregis
3414 5241 3511 5298 ad-

1928 5299 2142 5378 versus
2169 5299 2502 5378 LEdOVlCDm
2542 5299 2812 5378 patruum.
2873 5309 3143 5377 Pernegat
3184 5307 3275 5364 ille
3300 5299 3359 5364 se
3384 5311 3510 5369 huic

1931 5370 2145 5453 crimini
2172 5371 2382 5430 afﬁnem
2399 5416 2413 5440 ,
2445 5370 2560 5453 _nec'
2589 5378 2644 5432 in
2671 5379 2775 5434 hac
2802 5387 3011 5432 tantum
3040 5370 3268 5448 cpistola
3315 5395 3505 5439 verum

1929 5447 2096 5497 etiam
2125 5447 2182 5497 in
2211 5447 2478 5514 sequenti.

2109 5552 2217 5606 Non
2237 5561 2317 5607 est
2337 5556 2592 5610 confessus
2614 5558 2812 5622 praesul,
2836 5564 2890 5611 et
2907 5559 3013 5622 ipse
3037 5565 3182 5626 perit.

1929 5641 1998 5698 Et
2020 5657 2330 5717 quanquam
2353 5645 2403 5698 ei
2431 5660 2554 5714 spes
2588 5643 2760 5717 veniae
2781 5647 3184 5717 ostendebatur,
3225 5649 3272 5705 si
3299 5663 3507 5704 annue-

1930 5711 2204 5793 Let,’ﬂecti
2230 5723 2414 5768 tamen
2442 5711 2549 5793 non
2578 5715 2769 5793 potuit.
2811 5715 2991 5793 Quare
3020 5711 3370 5793 excipiendus
3389 5728 3508 5773 erat
3617 5792 3620 5793 ν

1932 5782 2188 5861 Thegano
2207 5824 2229 5861 ,_
2263 5798 2386 5861 cum
2419 5782 2704 5861 episcopos
2729 5787 2785 5861 in
2811 5782 2915 5848 hoc
2932 5782 3266 5861 judicio'sua
3297 5791 3352 5845 in
3380 5803 3513 5845 con-

1933 5851 2166 5910 fessione
2197 5851 2473 5924 depositos
2499 5851 2806 5914 afﬁrmavit.
