  <div class='ocr_page' id='page_1' title='image "/cluster/home/n/w/nwhite01/storage/ocr_20150623/105/hvd.32044021109350/174.png"; bbox 0 0 4046 6480; ppageno 0'>
   <div class='ocr_carea' id='block_1_1' title="bbox 260 409 3500 489">
    <p class='ocr_par' dir='ltr' id='par_1_1' title="bbox 260 409 3500 489">
     <span class='ocr_line' id='line_1_1' title="bbox 260 409 3500 489; baseline 0.005 -23"><span class='ocrx_word' id='word_1_1' title='bbox 260 432 353 489; x_wconf 66' lang='grc' dir='ltr'><strong>ιη</strong></span> <span class='ocrx_word' id='word_1_2' title='bbox 1553 409 1886 473; x_wconf 75' lang='lat' dir='ltr'><strong>CARMINA.</strong></span> <span class='ocrx_word' id='word_1_3' title='bbox 1929 415 2057 472; x_wconf 86' lang='lat' dir='ltr'><strong>LIB.</strong></span> <span class='ocrx_word' id='word_1_4' title='bbox 2098 415 2186 473; x_wconf 86' lang='lat' dir='ltr'><strong>iv.</strong></span> <span class='ocrx_word' id='word_1_5' title='bbox 3388 423 3422 485; x_wconf 67' lang='grc' dir='ltr'>ε</span> <span class='ocrx_word' id='word_1_6' title='bbox 3440 421 3500 483; x_wconf 69' lang='lat' dir='ltr'><strong>ta</strong></span> 
     </span>
    </p>
   </div>
   <div class='ocr_carea' id='block_1_2' title="bbox 262 527 3203 608">
    <p class='ocr_par' dir='ltr' id='par_1_2' title="bbox 262 527 3203 608">
     <span class='ocr_line' id='line_1_2' title="bbox 262 527 3203 608; baseline 0 -20"><span class='ocrx_word' id='word_1_7' title='bbox 262 541 351 602; x_wconf 58' lang='lat' dir='ltr'><strong>in</strong></span> <span class='ocrx_word' id='word_1_8' title='bbox 371 531 599 608; x_wconf 71' lang='lat' dir='ltr'><strong>prepriis</strong></span> <span class='ocrx_word' id='word_1_9' title='bbox 621 529 884 601; x_wconf 79' lang='lat' dir='ltr'><strong>spoliatus</strong></span> <span class='ocrx_word' id='word_1_10' title='bbox 913 528 1070 600; x_wconf 78' lang='lat' dir='ltr'><strong>aquis</strong></span> <span class='ocrx_word' id='word_1_11' title='bbox 1093 528 1247 586; x_wconf 75' lang='lat' dir='ltr'><strong>locus</strong></span> <span class='ocrx_word' id='word_1_12' title='bbox 1272 527 1364 583; x_wconf 81' lang='lat' dir='ltr'><strong>ille</strong></span> <span class='ocrx_word' id='word_1_13' title='bbox 1390 535 1638 599; x_wconf 78' lang='lat' dir='ltr'><strong>repertus</strong></span> <span class='ocrx_word' id='word_1_14' title='bbox 1657 569 1671 594; x_wconf 92' lang='lat'><strong>,</strong></span> <span class='ocrx_word' id='word_1_15' title='bbox 1843 530 1896 591; x_wconf 78' lang='grc' dir='ltr'><strong>Α</strong></span> <span class='ocrx_word' id='word_1_16' title='bbox 1993 527 2105 584; x_wconf 86' lang='lat' dir='ltr'><strong>Hoc</strong></span> <span class='ocrx_word' id='word_1_17' title='bbox 2129 529 2293 582; x_wconf 88' lang='lat' dir='ltr'><strong>etiam</strong></span> <span class='ocrx_word' id='word_1_18' title='bbox 2318 529 2493 582; x_wconf 84' lang='lat' dir='ltr'><strong>visum</strong></span> <span class='ocrx_word' id='word_1_19' title='bbox 2521 536 2605 584; x_wconf 87' lang='lat' dir='ltr'><strong>est</strong></span> <span class='ocrx_word' id='word_1_20' title='bbox 2632 529 2773 600; x_wconf 80' lang='lat' dir='ltr'><strong>quod</strong></span> <span class='ocrx_word' id='word_1_21' title='bbox 2805 532 3032 587; x_wconf 73' lang='lat' dir='ltr'><strong>recitare</strong></span> <span class='ocrx_word' id='word_1_22' title='bbox 3053 548 3203 605; x_wconf 90' lang='lat' dir='ltr'><strong>paro.</strong></span> 
     </span>
    </p>
   </div>
   <div class='ocr_carea' id='block_1_3' title="bbox 324 619 3263 694">
    <p class='ocr_par' dir='ltr' id='par_1_3' title="bbox 324 619 3263 694">
     <span class='ocr_line' id='line_1_3' title="bbox 324 619 3263 694; baseline 0.001 -14"><span class='ocrx_word' id='word_1_23' title='bbox 324 626 418 694; x_wconf 86' lang='lat' dir='ltr'><strong>Qui</strong></span> <span class='ocrx_word' id='word_1_24' title='bbox 447 631 562 678; x_wconf 87' lang='lat' dir='ltr'><strong>rate</strong></span> <span class='ocrx_word' id='word_1_25' title='bbox 590 636 690 678; x_wconf 84' lang='lat' dir='ltr'><strong>seu</strong></span> <span class='ocrx_word' id='word_1_26' title='bbox 720 620 884 677; x_wconf 85' lang='lat' dir='ltr'><strong>remis</strong></span> <span class='ocrx_word' id='word_1_27' title='bbox 907 621 1123 691; x_wconf 84' lang='lat' dir='ltr'><strong>pervius</strong></span> <span class='ocrx_word' id='word_1_28' title='bbox 1152 629 1277 675; x_wconf 80' lang='lat' dir='ltr'><strong>ante</strong></span> <span class='ocrx_word' id='word_1_29' title='bbox 1304 619 1426 674; x_wconf 82' lang='lat' dir='ltr'><strong>fuit.</strong></span> <span class='ocrx_word' id='word_1_30' title='bbox 1921 619 2073 686; x_wconf 84' lang='lat' dir='ltr'><strong>Quod</strong></span> <span class='ocrx_word' id='word_1_31' title='bbox 2093 620 2226 674; x_wconf 88' lang='lat' dir='ltr'><strong>mihi</strong></span> <span class='ocrx_word' id='word_1_32' title='bbox 2255 619 2549 676; x_wconf 76' lang='lat' dir='ltr'><strong>Galrardu‘s</strong></span> <span class='ocrx_word' id='word_1_33' title='bbox 2572 622 2772 689; x_wconf 87' lang='lat' dir='ltr'><strong>retulit,</strong></span> <span class='ocrx_word' id='word_1_34' title='bbox 2797 619 3120 681; x_wconf 80' lang='lat' dir='ltr'><strong>Paschasius</strong></span> <span class='ocrx_word' id='word_1_35' title='bbox 3149 623 3224 682; x_wconf 84' lang='lat' dir='ltr'><strong>illi</strong></span> <span class='ocrx_word' id='word_1_36' title='bbox 3249 645 3263 683; x_wconf 91' lang='lat'><strong>:</strong></span> 
     </span>
    </p>
   </div>
   <div class='ocr_carea' id='block_1_4' title="bbox 263 710 3071 782">
    <p class='ocr_par' dir='ltr' id='par_1_4' title="bbox 263 710 3071 782">
     <span class='ocr_line' id='line_1_4' title="bbox 263 710 3071 782; baseline -0.002 -6"><span class='ocrx_word' id='word_1_37' title='bbox 263 715 524 776; x_wconf 88' lang='lat' dir='ltr'><strong>Stantibus</strong></span> <span class='ocrx_word' id='word_1_38' title='bbox 550 721 713 782; x_wconf 83' lang='lat' dir='ltr'><strong>atque</strong></span> <span class='ocrx_word' id='word_1_39' title='bbox 739 712 896 768; x_wconf 78' lang='lat' dir='ltr'><strong>undis</strong></span> <span class='ocrx_word' id='word_1_40' title='bbox 929 712 1155 782; x_wconf 86' lang='lat' dir='ltr'><strong>populus</strong></span> <span class='ocrx_word' id='word_1_41' title='bbox 1180 711 1306 765; x_wconf 86' lang='lat' dir='ltr'><strong>hinc</strong></span> <span class='ocrx_word' id='word_1_42' title='bbox 1329 710 1455 766; x_wconf 89' lang='lat' dir='ltr'><strong>inde</strong></span> <span class='ocrx_word' id='word_1_43' title='bbox 1484 710 1766 781; x_wconf 87' lang='lat' dir='ltr'><strong>stupebat,</strong></span> <span class='ocrx_word' id='word_1_44' title='bbox 1991 711 2091 767; x_wconf 90' lang='lat' dir='ltr'><strong>llic</strong></span> <span class='ocrx_word' id='word_1_45' title='bbox 2116 713 2298 768; x_wconf 89' lang='lat' dir='ltr'><strong>audita</strong></span> <span class='ocrx_word' id='word_1_46' title='bbox 2326 713 2482 779; x_wconf 89' lang='lat' dir='ltr'><strong>mihi,</strong></span> <span class='ocrx_word' id='word_1_47' title='bbox 2508 713 2623 768; x_wconf 90' lang='lat' dir='ltr'><strong>visa</strong></span> <span class='ocrx_word' id='word_1_48' title='bbox 2649 711 2743 770; x_wconf 85' lang='lat' dir='ltr'><strong>sed</strong></span> <span class='ocrx_word' id='word_1_49' title='bbox 2767 715 2858 770; x_wconf 90' lang='lat' dir='ltr'><strong>ille</strong></span> <span class='ocrx_word' id='word_1_50' title='bbox 2886 715 3071 771; x_wconf 82' lang='lat' dir='ltr'><strong>refert.</strong></span> 
     </span>
    </p>
   </div>
   <div class='ocr_carea' id='block_1_5' title="bbox 319 803 3215 879">
    <p class='ocr_par' dir='ltr' id='par_1_5' title="bbox 319 803 3215 879">
     <span class='ocr_line' id='line_1_5' title="bbox 319 803 3215 879; baseline 0 -14"><span class='ocrx_word' id='word_1_51' title='bbox 319 809 509 865; x_wconf 76' lang='lat' dir='ltr'><strong>Alveus</strong></span> <span class='ocrx_word' id='word_1_52' title='bbox 531 813 589 862; x_wconf 81' lang='lat' dir='ltr'><strong>et</strong></span> <span class='ocrx_word' id='word_1_53' title='bbox 611 803 822 875; x_wconf 81' lang='lat' dir='ltr'><strong>plebem</strong></span> <span class='ocrx_word' id='word_1_54' title='bbox 847 804 914 858; x_wconf 82' lang='lat' dir='ltr'><strong>ad</strong></span> <span class='ocrx_word' id='word_1_55' title='bbox 937 803 1197 858; x_wconf 87' lang='lat' dir='ltr'><strong>interiora</strong></span> <span class='ocrx_word' id='word_1_56' title='bbox 1225 810 1402 858; x_wconf 79' lang='lat' dir='ltr'><strong>vocat.</strong></span> <span class='ocrx_word' id='word_1_57' title='bbox 1922 805 2126 877; x_wconf 87' lang='lat' dir='ltr'><strong>Nempe</strong></span> <span class='ocrx_word' id='word_1_58' title='bbox 2153 807 2404 862; x_wconf 89' lang='lat' dir='ltr'><strong>Tolosani</strong></span> <span class='ocrx_word' id='word_1_59' title='bbox 2430 808 2579 863; x_wconf 90' lang='lat' dir='ltr'><strong>locus</strong></span> <span class='ocrx_word' id='word_1_60' title='bbox 2605 816 2688 863; x_wconf 88' lang='lat' dir='ltr'><strong>est</strong></span> <span class='ocrx_word' id='word_1_61' title='bbox 2717 809 2968 879; x_wconf 83' lang='lat' dir='ltr'><strong>rurisque</strong></span> <span class='ocrx_word' id='word_1_62' title='bbox 2995 808 3215 866; x_wconf 83' lang='lat' dir='ltr'><strong>Caturci</strong></span> 
     </span>
    </p>
   </div>
   <div class='ocr_carea' id='block_1_6' title="bbox 262 895 3151 971">
    <p class='ocr_par' dir='ltr' id='par_1_6' title="bbox 262 895 3151 971">
     <span class='ocr_line' id='line_1_6' title="bbox 262 895 3151 971; baseline -0.001 -12"><span class='ocrx_word' id='word_1_63' title='bbox 262 903 414 959; x_wconf 83' lang='lat' dir='ltr'><strong>Nemo</strong></span> <span class='ocrx_word' id='word_1_64' title='bbox 440 904 606 956; x_wconf 85' lang='lat' dir='ltr'><strong>ratem</strong></span> <span class='ocrx_word' id='word_1_65' title='bbox 629 897 845 964; x_wconf 79' lang='lat' dir='ltr'><strong>quaerit,</strong></span> <span class='ocrx_word' id='word_1_66' title='bbox 873 895 1052 949; x_wconf 83' lang='lat' dir='ltr'><strong>nullus</strong></span> <span class='ocrx_word' id='word_1_67' title='bbox 1077 903 1126 949; x_wconf 88' lang='lat' dir='ltr'><strong>te</strong></span> <span class='ocrx_word' id='word_1_68' title='bbox 1155 896 1334 951; x_wconf 87' lang='lat' dir='ltr'><strong>navita</strong></span> <span class='ocrx_word' id='word_1_69' title='bbox 1362 895 1572 965; x_wconf 79' lang='lat' dir='ltr'><strong>poscit,</strong></span> <span class='ocrx_word' id='word_1_70' title='bbox 1991 898 2262 965; x_wconf 79' lang='lat' dir='ltr'><strong>Extimus,</strong></span> <span class='ocrx_word' id='word_1_71' title='bbox 2287 901 2390 955; x_wconf 90' lang='lat' dir='ltr'><strong>hoc</strong></span> <span class='ocrx_word' id='word_1_72' title='bbox 2418 900 2537 955; x_wconf 81' lang='lat' dir='ltr'><strong>ﬁnit</strong></span> <span class='ocrx_word' id='word_1_73' title='bbox 2562 913 2736 971; x_wconf 80' lang='lat' dir='ltr'><strong>pagus</strong></span> <span class='ocrx_word' id='word_1_74' title='bbox 2757 909 2984 971; x_wconf 88' lang='lat' dir='ltr'><strong>uterque</strong></span> <span class='ocrx_word' id='word_1_75' title='bbox 3012 901 3151 956; x_wconf 87' lang='lat' dir='ltr'><strong>loco.</strong></span> 
     </span>
    </p>
   </div>
   <div class='ocr_carea' id='block_1_7' title="bbox 323 985 3219 1064">
    <p class='ocr_par' dir='ltr' id='par_1_7' title="bbox 323 985 3219 1064">
     <span class='ocr_line' id='line_1_7' title="bbox 323 985 3219 1064; baseline 0 -16"><span class='ocrx_word' id='word_1_76' title='bbox 323 991 527 1048; x_wconf 80' lang='lat' dir='ltr'><strong>Miranti</strong></span> <span class='ocrx_word' id='word_1_77' title='bbox 551 988 747 1059; x_wconf 88' lang='lat' dir='ltr'><strong>popqu</strong></span> <span class='ocrx_word' id='word_1_78' title='bbox 770 988 851 1043; x_wconf 79' lang='lat' dir='ltr'><strong>sic</strong></span> <span class='ocrx_word' id='word_1_79' title='bbox 879 995 987 1043; x_wconf 83' lang='lat' dir='ltr'><strong>stat</strong></span> <span class='ocrx_word' id='word_1_80' title='bbox 1017 996 1201 1056; x_wconf 87' lang='lat' dir='ltr'><strong>aperta</strong></span> <span class='ocrx_word' id='word_1_81' title='bbox 1228 985 1334 1040; x_wconf 84' lang='lat' dir='ltr'><strong>via.</strong></span> <span class='ocrx_word' id='word_1_82' title='bbox 1919 988 2033 1043; x_wconf 88' lang='lat' dir='ltr'><strong>Illic</strong></span> <span class='ocrx_word' id='word_1_83' title='bbox 2062 1005 2286 1059; x_wconf 88' lang='lat' dir='ltr'><strong>campus</strong></span> <span class='ocrx_word' id='word_1_84' title='bbox 2315 991 2478 1056; x_wconf 89' lang='lat' dir='ltr'><strong>inest,</strong></span> <span class='ocrx_word' id='word_1_85' title='bbox 2506 992 2658 1061; x_wconf 86' lang='lat' dir='ltr'><strong>cujus</strong></span> <span class='ocrx_word' id='word_1_86' title='bbox 2683 1000 2808 1048; x_wconf 88' lang='lat' dir='ltr'><strong>sunt</strong></span> <span class='ocrx_word' id='word_1_87' title='bbox 2830 996 3031 1048; x_wconf 78' lang='lat' dir='ltr'><strong>extima</strong></span> <span class='ocrx_word' id='word_1_88' title='bbox 3055 993 3219 1064; x_wconf 82' lang='lat' dir='ltr'><strong>sylvis</strong></span> 
     </span>
    </p>
   </div>
   <div class='ocr_carea' id='block_1_8' title="bbox 260 1076 3495 1157">
    <p class='ocr_par' dir='ltr' id='par_1_8' title="bbox 260 1076 3495 1157">
     <span class='ocr_line' id='line_1_8' title="bbox 260 1076 3495 1157; baseline 0 -17"><span class='ocrx_word' id='word_1_89' title='bbox 260 1086 317 1140; x_wconf 86' lang='lat' dir='ltr'><strong>Et</strong></span> <span class='ocrx_word' id='word_1_90' title='bbox 339 1091 509 1138; x_wconf 91' lang='lat' dir='ltr'><strong>metus</strong></span> <span class='ocrx_word' id='word_1_91' title='bbox 545 1093 710 1151; x_wconf 84' lang='lat' dir='ltr'><strong>alque</strong></span> <span class='ocrx_word' id='word_1_92' title='bbox 738 1080 817 1138; x_wconf 86' lang='lat' dir='ltr'><strong>rei</strong></span> <span class='ocrx_word' id='word_1_93' title='bbox 849 1081 1058 1135; x_wconf 86' lang='lat' dir='ltr'><strong>novitas</strong></span> <span class='ocrx_word' id='word_1_94' title='bbox 1092 1080 1295 1133; x_wconf 84' lang='lat' dir='ltr'><strong>intrare</strong></span> <span class='ocrx_word' id='word_1_95' title='bbox 1321 1076 1538 1132; x_wconf 89' lang='lat' dir='ltr'><strong>vetabat</strong></span> <span class='ocrx_word' id='word_1_96' title='bbox 1992 1078 2202 1142; x_wconf 82' lang='lat' dir='ltr'><strong>Cincta,</strong></span> <span class='ocrx_word' id='word_1_97' title='bbox 2231 1082 2585 1153; x_wconf 87' lang='lat' dir='ltr'><strong>hominesque</strong></span> <span class='ocrx_word' id='word_1_98' title='bbox 2610 1093 2829 1139; x_wconf 87' lang='lat' dir='ltr'><strong>manent</strong></span> <span class='ocrx_word' id='word_1_99' title='bbox 2849 1101 2954 1140; x_wconf 89' lang='lat' dir='ltr'><strong>non</strong></span> <span class='ocrx_word' id='word_1_100' title='bbox 2982 1086 3114 1141; x_wconf 82' lang='lat' dir='ltr'><strong>satis</strong></span> <span class='ocrx_word' id='word_1_101' title='bbox 3140 1085 3266 1141; x_wconf 86' lang='lat' dir='ltr'><strong>inde</strong></span> <span class='ocrx_word' id='word_1_102' title='bbox 3289 1085 3495 1157; x_wconf 81' lang='lat' dir='ltr'><strong>procul.</strong></span> 
     </span>
    </p>
   </div>
   <div class='ocr_carea' id='block_1_9' title="bbox 324 1170 3399 1247">
    <p class='ocr_par' dir='ltr' id='par_1_9' title="bbox 324 1170 3399 1247">
     <span class='ocr_line' id='line_1_9' title="bbox 324 1170 3399 1247; baseline 0.001 -18"><span class='ocrx_word' id='word_1_103' title='bbox 324 1177 592 1239; x_wconf 79' lang='lat' dir='ltr'><strong>Primitus,</strong></span> <span class='ocrx_word' id='word_1_104' title='bbox 624 1183 679 1231; x_wconf 83' lang='lat' dir='ltr'><strong>et</strong></span> <span class='ocrx_word' id='word_1_105' title='bbox 709 1175 911 1230; x_wconf 81' lang='lat' dir='ltr'><strong>sensim</strong></span> <span class='ocrx_word' id='word_1_106' title='bbox 942 1173 1107 1242; x_wconf 71' lang='lat' dir='ltr'><strong>erepit</strong></span> <span class='ocrx_word' id='word_1_107' title='bbox 1133 1173 1284 1227; x_wconf 84' lang='lat' dir='ltr'><strong>abire</strong></span> <span class='ocrx_word' id='word_1_108' title='bbox 1313 1180 1509 1226; x_wconf 86' lang='lat' dir='ltr'><strong>metus.</strong></span> <span class='ocrx_word' id='word_1_109' title='bbox 1923 1170 2093 1238; x_wconf 84' lang='lat' dir='ltr'><strong>Quem</strong></span> <span class='ocrx_word' id='word_1_110' title='bbox 2121 1172 2367 1227; x_wconf 77' lang='lat' dir='ltr'><strong>volucres</strong></span> <span class='ocrx_word' id='word_1_111' title='bbox 2389 1191 2584 1244; x_wconf 74' lang='lat' dir='ltr'><strong>magno</strong></span> <span class='ocrx_word' id='word_1_112' title='bbox 2613 1176 2946 1245; x_wconf 89' lang='lat' dir='ltr'><strong>complerunt</strong></span> <span class='ocrx_word' id='word_1_113' title='bbox 2968 1178 3165 1247; x_wconf 91' lang='lat' dir='ltr'><strong>impete</strong></span> <span class='ocrx_word' id='word_1_114' title='bbox 3195 1178 3399 1242; x_wconf 84' lang='lat' dir='ltr'><strong>multae,</strong></span> 
     </span>
    </p>
   </div>
   <div class='ocr_carea' id='block_1_10' title="bbox 256 1262 3134 1337">
    <p class='ocr_par' dir='ltr' id='par_1_10' title="bbox 256 1262 3134 1337">
     <span class='ocr_line' id='line_1_10' title="bbox 256 1262 3134 1337; baseline 0.001 -16"><span class='ocrx_word' id='word_1_115' title='bbox 256 1267 438 1337; x_wconf 88' lang='lat' dir='ltr'><strong>incipit</strong></span> <span class='ocrx_word' id='word_1_116' title='bbox 461 1281 584 1323; x_wconf 84' lang='lat' dir='ltr'><strong>esse</strong></span> <span class='ocrx_word' id='word_1_117' title='bbox 613 1273 766 1322; x_wconf 83' lang='lat' dir='ltr'><strong>vetus</strong></span> <span class='ocrx_word' id='word_1_118' title='bbox 795 1279 932 1320; x_wconf 87' lang='lat' dir='ltr'><strong>nova</strong></span> <span class='ocrx_word' id='word_1_119' title='bbox 963 1279 1072 1329; x_wconf 84' lang='lat' dir='ltr'><strong>res,</strong></span> <span class='ocrx_word' id='word_1_120' title='bbox 1098 1264 1334 1317; x_wconf 83' lang='lat' dir='ltr'><strong>intratur</strong></span> <span class='ocrx_word' id='word_1_121' title='bbox 1359 1263 1651 1332; x_wconf 79' lang='lat' dir='ltr'><strong>utrinque,</strong></span> <span class='ocrx_word' id='word_1_122' title='bbox 1995 1262 2224 1319; x_wconf 87' lang='lat' dir='ltr'><strong>Planitie</strong></span> <span class='ocrx_word' id='word_1_123' title='bbox 2253 1265 2416 1334; x_wconf 90' lang='lat' dir='ltr'><strong>inque</strong></span> <span class='ocrx_word' id='word_1_124' title='bbox 2442 1263 2558 1334; x_wconf 85' lang='lat' dir='ltr'><strong>ejus</strong></span> <span class='ocrx_word' id='word_1_125' title='bbox 2586 1268 2754 1322; x_wconf 87' lang='lat' dir='ltr'><strong>multa</strong></span> <span class='ocrx_word' id='word_1_126' title='bbox 2777 1268 2979 1324; x_wconf 87' lang='lat' dir='ltr'><strong>resedit</strong></span> <span class='ocrx_word' id='word_1_127' title='bbox 3001 1270 3134 1324; x_wconf 88' lang='lat' dir='ltr'><strong>avis.</strong></span> 
     </span>
    </p>
   </div>
   <div class='ocr_carea' id='block_1_11' title="bbox 317 1350 3499 1433">
    <p class='ocr_par' dir='ltr' id='par_1_11' title="bbox 317 1350 3499 1433">
     <span class='ocr_line' id='line_1_11' title="bbox 317 1350 3499 1433; baseline 0.001 -19"><span class='ocrx_word' id='word_1_128' title='bbox 317 1361 642 1416; x_wconf 85' lang='lat' dir='ltr'><strong>Alterutram</strong></span> <span class='ocrx_word' id='word_1_129' title='bbox 669 1359 841 1428; x_wconf 83' lang='lat' dir='ltr'><strong>ripam</strong></span> <span class='ocrx_word' id='word_1_130' title='bbox 865 1358 1017 1428; x_wconf 84' lang='lat' dir='ltr'><strong>plebs</strong></span> <span class='ocrx_word' id='word_1_131' title='bbox 1043 1358 1180 1428; x_wconf 84' lang='lat' dir='ltr'><strong>petit</strong></span> <span class='ocrx_word' id='word_1_132' title='bbox 1211 1350 1370 1426; x_wconf 88' lang='lat' dir='ltr'><strong>atque</strong></span> <span class='ocrx_word' id='word_1_133' title='bbox 1392 1369 1576 1425; x_wconf 85' lang='lat' dir='ltr'><strong>pecus.</strong></span> <span class='ocrx_word' id='word_1_134' title='bbox 1924 1355 2070 1423; x_wconf 88' lang='lat' dir='ltr'><strong>Quas</strong></span> <span class='ocrx_word' id='word_1_135' title='bbox 2091 1355 2307 1422; x_wconf 78' lang='lat' dir='ltr'><strong>ﬂuvius,</strong></span> <span class='ocrx_word' id='word_1_136' title='bbox 2337 1374 2473 1428; x_wconf 88' lang='lat' dir='ltr'><strong>quas</strong></span> <span class='ocrx_word' id='word_1_137' title='bbox 2496 1374 2688 1415; x_wconf 87' lang='lat' dir='ltr'><strong>nemus</strong></span> <span class='ocrx_word' id='word_1_138' title='bbox 2711 1360 2893 1427; x_wconf 86' lang='lat' dir='ltr'><strong>habet,</strong></span> <span class='ocrx_word' id='word_1_139' title='bbox 2923 1377 3059 1433; x_wconf 85' lang='lat' dir='ltr'><strong>quas</strong></span> <span class='ocrx_word' id='word_1_140' title='bbox 3083 1361 3326 1433; x_wconf 88' lang='lat' dir='ltr'><strong>squalida</strong></span> <span class='ocrx_word' id='word_1_141' title='bbox 3351 1380 3499 1429; x_wconf 86' lang='lat' dir='ltr'><strong>rura,</strong></span> 
     </span>
    </p>
   </div>
   <div class='ocr_carea' id='block_1_12' title="bbox 253 1444 3205 1522">
    <p class='ocr_par' dir='ltr' id='par_1_12' title="bbox 253 1444 3205 1522">
     <span class='ocr_line' id='line_1_12' title="bbox 253 1444 3205 1522; baseline 0.002 -18"><span class='ocrx_word' id='word_1_142' title='bbox 253 1450 346 1505; x_wconf 90' lang='lat' dir='ltr'><strong>Pes</strong></span> <span class='ocrx_word' id='word_1_143' title='bbox 381 1449 462 1503; x_wconf 92' lang='lat' dir='ltr'><strong>vel</strong></span> <span class='ocrx_word' id='word_1_144' title='bbox 493 1449 576 1505; x_wconf 89' lang='lat' dir='ltr'><strong>eis</strong></span> <span class='ocrx_word' id='word_1_145' title='bbox 604 1450 802 1514; x_wconf 88' lang='lat' dir='ltr'><strong>siccus,</strong></span> <span class='ocrx_word' id='word_1_146' title='bbox 835 1449 1106 1504; x_wconf 87' lang='lat' dir='ltr'><strong>modicum</strong></span> <span class='ocrx_word' id='word_1_147' title='bbox 1135 1448 1218 1502; x_wconf 87' lang='lat' dir='ltr'><strong>vel</strong></span> <span class='ocrx_word' id='word_1_148' title='bbox 1243 1448 1429 1517; x_wconf 83' lang='lat' dir='ltr'><strong>planta</strong></span> <span class='ocrx_word' id='word_1_149' title='bbox 1460 1448 1754 1514; x_wconf 78' lang='lat' dir='ltr'><strong>madescit,</strong></span> <span class='ocrx_word' id='word_1_150' title='bbox 1995 1444 2124 1512; x_wconf 79' lang='lat' dir='ltr'><strong>Quae</strong></span> <span class='ocrx_word' id='word_1_151' title='bbox 2155 1448 2390 1517; x_wconf 87' lang='lat' dir='ltr'><strong>scopulis</strong></span> <span class='ocrx_word' id='word_1_152' title='bbox 2419 1450 2575 1506; x_wconf 81' lang='lat' dir='ltr'><strong>nidos</strong></span> <span class='ocrx_word' id='word_1_153' title='bbox 2603 1453 2972 1522; x_wconf 86' lang='lat' dir='ltr'><strong>composuisse</strong></span> <span class='ocrx_word' id='word_1_154' title='bbox 2999 1455 3205 1521; x_wconf 86' lang='lat' dir='ltr'><strong>solent,</strong></span> 
     </span>
    </p>
   </div>
   <div class='ocr_carea' id='block_1_13' title="bbox 314 1535 3455 1618">
    <p class='ocr_par' dir='ltr' id='par_1_13' title="bbox 314 1535 3455 1618">
     <span class='ocr_line' id='line_1_13' title="bbox 314 1535 3455 1618; baseline 0.003 -25"><span class='ocrx_word' id='word_1_155' title='bbox 314 1540 449 1594; x_wconf 91' lang='lat' dir='ltr'><strong>Dum</strong></span> <span class='ocrx_word' id='word_1_156' title='bbox 476 1540 707 1610; x_wconf 86' lang='lat' dir='ltr'><strong>populus</strong></span> <span class='ocrx_word' id='word_1_157' title='bbox 735 1540 990 1611; x_wconf 78' lang='lat' dir='ltr'><strong>gradiens</strong></span> <span class='ocrx_word' id='word_1_158' title='bbox 1021 1543 1168 1610; x_wconf 81' lang='lat' dir='ltr'><strong>itque</strong></span> <span class='ocrx_word' id='word_1_159' title='bbox 1192 1542 1439 1609; x_wconf 87' lang='lat' dir='ltr'><strong>reditque</strong></span> <span class='ocrx_word' id='word_1_160' title='bbox 1467 1540 1739 1609; x_wconf 81' lang='lat' dir='ltr'><strong>frequens.</strong></span> <span class='ocrx_word' id='word_1_161' title='bbox 1925 1535 2060 1603; x_wconf 85' lang='lat' dir='ltr'><strong>Quis</strong></span> <span class='ocrx_word' id='word_1_162' title='bbox 2085 1537 2239 1594; x_wconf 85' lang='lat' dir='ltr'><strong>cibus</strong></span> <span class='ocrx_word' id='word_1_163' title='bbox 2260 1548 2344 1595; x_wconf 87' lang='lat' dir='ltr'><strong>est</strong></span> <span class='ocrx_word' id='word_1_164' title='bbox 2372 1542 2574 1608; x_wconf 87' lang='lat' dir='ltr'><strong>varius,</strong></span> <span class='ocrx_word' id='word_1_165' title='bbox 2598 1553 2811 1609; x_wconf 88' lang='lat' dir='ltr'><strong>cantus,</strong></span> <span class='ocrx_word' id='word_1_166' title='bbox 2838 1545 3006 1610; x_wconf 90' lang='lat' dir='ltr'><strong>color,</strong></span> <span class='ocrx_word' id='word_1_167' title='bbox 3032 1556 3193 1618; x_wconf 86' lang='lat' dir='ltr'><strong>atque</strong></span> <span class='ocrx_word' id='word_1_168' title='bbox 3213 1546 3423 1602; x_wconf 85' lang='lat' dir='ltr'><strong>volatus</strong></span> <span class='ocrx_word' id='word_1_169' title='bbox 3439 1586 3455 1611; x_wconf 97' lang='lat'><strong>,</strong></span> 
     </span>
    </p>
   </div>
   <div class='ocr_carea' id='block_1_14' title="bbox 250 1628 3386 1703">
    <p class='ocr_par' dir='ltr' id='par_1_14' title="bbox 250 1628 3386 1703">
     <span class='ocr_line' id='line_1_14' title="bbox 250 1628 3386 1703; baseline 0.001 -16"><span class='ocrx_word' id='word_1_170' title='bbox 250 1633 301 1687; x_wconf 89' lang='lat' dir='ltr'><strong>Si</strong></span> <span class='ocrx_word' id='word_1_171' title='bbox 330 1633 454 1687; x_wconf 91' lang='lat' dir='ltr'><strong>olim</strong></span> <span class='ocrx_word' id='word_1_172' title='bbox 490 1634 598 1689; x_wconf 87' lang='lat' dir='ltr'><strong>tale</strong></span> <span class='ocrx_word' id='word_1_173' title='bbox 621 1634 815 1690; x_wconf 88' lang='lat' dir='ltr'><strong>vadum</strong></span> <span class='ocrx_word' id='word_1_174' title='bbox 835 1632 1048 1702; x_wconf 85' lang='lat' dir='ltr'><strong>juvenis</strong></span> <span class='ocrx_word' id='word_1_175' title='bbox 1077 1634 1376 1688; x_wconf 64' lang='lat' dir='ltr'><strong>Lazandrus</strong></span> <span class='ocrx_word' id='word_1_176' title='bbox 1412 1634 1665 1699; x_wconf 84' lang='lat' dir='ltr'><strong>haberet,</strong></span> <span class='ocrx_word' id='word_1_177' title='bbox 1995 1628 2197 1694; x_wconf 72' lang='lat' dir='ltr'><strong>P0003,</strong></span> <span class='ocrx_word' id='word_1_178' title='bbox 2231 1647 2455 1701; x_wconf 85' lang='lat' dir='ltr'><strong>ungues,</strong></span> <span class='ocrx_word' id='word_1_179' title='bbox 2481 1641 2739 1700; x_wconf 88' lang='lat' dir='ltr'><strong>rostrum,</strong></span> <span class='ocrx_word' id='word_1_180' title='bbox 2765 1651 2903 1702; x_wconf 90' lang='lat' dir='ltr'><strong>mos,</strong></span> <span class='ocrx_word' id='word_1_181' title='bbox 2931 1635 3100 1703; x_wconf 92' lang='lat' dir='ltr'><strong>locus,</strong></span> <span class='ocrx_word' id='word_1_182' title='bbox 3125 1638 3386 1693; x_wconf 82' lang='lat' dir='ltr'><strong>ofﬁcium.</strong></span> 
     </span>
    </p>
   </div>
   <div class='ocr_carea' id='block_1_15' title="bbox 312 1719 3335 1802">
    <p class='ocr_par' dir='ltr' id='par_1_15' title="bbox 312 1719 3335 1802">
     <span class='ocr_line' id='line_1_15' title="bbox 312 1719 3335 1802; baseline 0.002 -22"><span class='ocrx_word' id='word_1_183' title='bbox 312 1724 428 1781; x_wconf 82' lang='lat' dir='ltr'><strong>Non</strong></span> <span class='ocrx_word' id='word_1_184' title='bbox 460 1724 606 1782; x_wconf 80' lang='lat' dir='ltr'><strong>foret</strong></span> <span class='ocrx_word' id='word_1_185' title='bbox 630 1726 858 1797; x_wconf 77' lang='lat' dir='ltr'><strong>insignis</strong></span> <span class='ocrx_word' id='word_1_186' title='bbox 894 1732 1003 1780; x_wconf 86' lang='lat' dir='ltr'><strong>tam</strong></span> <span class='ocrx_word' id='word_1_187' title='bbox 1035 1725 1131 1780; x_wconf 84' lang='lat' dir='ltr'><strong>tibi</strong></span> <span class='ocrx_word' id='word_1_188' title='bbox 1157 1726 1336 1780; x_wconf 84' lang='lat' dir='ltr'><strong>luctus</strong></span> <span class='ocrx_word' id='word_1_189' title='bbox 1365 1726 1490 1779; x_wconf 89' lang='lat' dir='ltr'><strong>Ero.</strong></span> <span class='ocrx_word' id='word_1_190' title='bbox 1925 1719 2060 1775; x_wconf 85' lang='lat' dir='ltr'><strong>Nam</strong></span> <span class='ocrx_word' id='word_1_191' title='bbox 2094 1723 2314 1793; x_wconf 84' lang='lat' dir='ltr'><strong>zephyri</strong></span> <span class='ocrx_word' id='word_1_192' title='bbox 2343 1740 2471 1802; x_wconf 87' lang='lat' dir='ltr'><strong>pars</strong></span> <span class='ocrx_word' id='word_1_193' title='bbox 2500 1727 2618 1790; x_wconf 87' lang='lat' dir='ltr'><strong>has,</strong></span> <span class='ocrx_word' id='word_1_194' title='bbox 2645 1728 2914 1797; x_wconf 84' lang='lat' dir='ltr'><strong>aquilonis</strong></span> <span class='ocrx_word' id='word_1_195' title='bbox 2941 1741 3163 1787; x_wconf 81' lang='lat' dir='ltr'><strong>vexerat</strong></span> <span class='ocrx_word' id='word_1_196' title='bbox 3188 1732 3335 1798; x_wconf 83' lang='lat' dir='ltr'><strong>illas,</strong></span> 
     </span>
    </p>
   </div>
   <div class='ocr_carea' id='block_1_16' title="bbox 249 1814 3397 1894">
    <p class='ocr_par' dir='ltr' id='par_1_16' title="bbox 249 1814 3397 1894">
     <span class='ocr_line' id='line_1_16' title="bbox 249 1814 3397 1894; baseline 0.003 -24"><span class='ocrx_word' id='word_1_197' title='bbox 249 1815 351 1872; x_wconf 75' lang='lat' dir='ltr'><strong>Non</strong></span> <span class='ocrx_word' id='word_1_198' title='bbox 392 1817 462 1871; x_wconf 90' lang='lat' dir='ltr'><strong>ad</strong></span> <span class='ocrx_word' id='word_1_199' title='bbox 504 1817 823 1887; x_wconf 79' lang='lat' dir='ltr'><strong>piscantium</strong></span> <span class='ocrx_word' id='word_1_200' title='bbox 865 1818 1153 1886; x_wconf 87' lang='lat' dir='ltr'><strong>quisquam</strong></span> <span class='ocrx_word' id='word_1_201' title='bbox 1182 1818 1286 1880; x_wconf 74' lang='lat' dir='ltr'><strong>fert</strong></span> <span class='ocrx_word' id='word_1_202' title='bbox 1315 1824 1426 1871; x_wconf 87' lang='lat' dir='ltr'><strong>rete</strong></span> <span class='ocrx_word' id='word_1_203' title='bbox 1449 1817 1536 1872; x_wconf 81' lang='lat' dir='ltr'><strong>vel</strong></span> <span class='ocrx_word' id='word_1_204' title='bbox 1563 1817 1823 1873; x_wconf 87' lang='lat' dir='ltr'><strong>hamum:</strong></span> <span class='ocrx_word' id='word_1_205' title='bbox 1851 1887 1893 1894; x_wconf 86' lang='lat'>_</span> <span class='ocrx_word' id='word_1_206' title='bbox 1995 1814 2214 1870; x_wconf 84' lang='lat' dir='ltr'><strong>Partem</strong></span> <span class='ocrx_word' id='word_1_207' title='bbox 2243 1825 2298 1872; x_wconf 88' lang='lat' dir='ltr'><strong>ct</strong></span> <span class='ocrx_word' id='word_1_208' title='bbox 2327 1827 2611 1889; x_wconf 82' lang='lat' dir='ltr'><strong>utramque</strong></span> <span class='ocrx_word' id='word_1_209' title='bbox 2641 1831 2798 1890; x_wconf 85' lang='lat' dir='ltr'><strong>putes</strong></span> <span class='ocrx_word' id='word_1_210' title='bbox 2825 1824 2976 1894; x_wconf 82' lang='lat' dir='ltr'><strong>signa</strong></span> <span class='ocrx_word' id='word_1_211' title='bbox 3004 1825 3256 1881; x_wconf 85' lang='lat' dir='ltr'><strong>habuisse</strong></span> <span class='ocrx_word' id='word_1_212' title='bbox 3280 1835 3397 1882; x_wconf 85' lang='lat' dir='ltr'><strong>sua.</strong></span> 
     </span>
    </p>
   </div>
   <div class='ocr_carea' id='block_1_17' title="bbox 309 1887 3117 1981">
    <p class='ocr_par' dir='ltr' id='par_1_17' title="bbox 309 1887 3117 1981">
     <span class='ocr_line' id='line_1_17' title="bbox 309 1887 3117 1981; baseline 0.002 -17"><span class='ocrx_word' id='word_1_213' title='bbox 309 1909 556 1965; x_wconf 86' lang='lat' dir='ltr'><strong>Saltibus</strong></span> <span class='ocrx_word' id='word_1_214' title='bbox 586 1919 752 1980; x_wconf 84' lang='lat' dir='ltr'><strong>atque</strong></span> <span class='ocrx_word' id='word_1_215' title='bbox 783 1925 943 1964; x_wconf 90' lang='lat' dir='ltr'><strong>manu</strong></span> <span class='ocrx_word' id='word_1_216' title='bbox 975 1910 1068 1978; x_wconf 86' lang='lat' dir='ltr'><strong>qui</strong></span> <span class='ocrx_word' id='word_1_217' title='bbox 1105 1909 1246 1964; x_wconf 85' lang='lat' dir='ltr'><strong>volet</strong></span> <span class='ocrx_word' id='word_1_218' title='bbox 1268 1909 1396 1963; x_wconf 86' lang='lat' dir='ltr'><strong>illud</strong></span> <span class='ocrx_word' id='word_1_219' title='bbox 1421 1911 1550 1979; x_wconf 83' lang='lat' dir='ltr'><strong>agit.</strong></span> <span class='ocrx_word' id='word_1_220' title='bbox 1851 1887 1900 1949; x_wconf 76' lang='grc' dir='ltr'><strong>Β</strong></span> <span class='ocrx_word' id='word_1_221' title='bbox 1931 1902 2200 1960; x_wconf 86' lang='lat' dir='ltr'><strong>Sederunt</strong></span> <span class='ocrx_word' id='word_1_222' title='bbox 2227 1909 2434 1977; x_wconf 83' lang='lat' dir='ltr'><strong>campis</strong></span> <span class='ocrx_word' id='word_1_223' title='bbox 2471 1887 2615 1966; x_wconf 78' lang='lat' dir='ltr'><strong>acies</strong></span> <span class='ocrx_word' id='word_1_224' title='bbox 2640 1887 2958 1968; x_wconf 69' lang='lat' dir='ltr'><strong>altrinsecus</strong></span> <span class='ocrx_word' id='word_1_225' title='bbox 2983 1914 3117 1981; x_wconf 90' lang='lat' dir='ltr'><strong>illis,</strong></span> 
     </span>
    </p>
   </div>
   <div class='ocr_carea' id='block_1_18' title="bbox 249 1995 3314 2077">
    <p class='ocr_par' dir='ltr' id='par_1_18' title="bbox 249 1995 3314 2077">
     <span class='ocr_line' id='line_1_18' title="bbox 249 1995 3314 2077; baseline 0.002 -19"><span class='ocrx_word' id='word_1_226' title='bbox 249 2003 330 2058; x_wconf 85' lang='lat' dir='ltr'><strong>Vir</strong></span> <span class='ocrx_word' id='word_1_227' title='bbox 354 2002 717 2060; x_wconf 87' lang='lat' dir='ltr'><strong>tumulandus</strong></span> <span class='ocrx_word' id='word_1_228' title='bbox 745 2013 864 2058; x_wconf 86' lang='lat' dir='ltr'><strong>erat</strong></span> <span class='ocrx_word' id='word_1_229' title='bbox 895 2003 1023 2073; x_wconf 71' lang='lat' dir='ltr'><strong>ripai</strong></span> <span class='ocrx_word' id='word_1_230' title='bbox 1051 2003 1325 2057; x_wconf 89' lang='lat' dir='ltr'><strong>ulterioris</strong></span> <span class='ocrx_word' id='word_1_231' title='bbox 1355 2003 1408 2056; x_wconf 91' lang='lat' dir='ltr'><strong>iu</strong></span> <span class='ocrx_word' id='word_1_232' title='bbox 1435 2016 1602 2074; x_wconf 88' lang='lat' dir='ltr'><strong>agro,</strong></span> <span class='ocrx_word' id='word_1_233' title='bbox 1997 1995 2065 2050; x_wconf 87' lang='grc' dir='ltr'><strong>Ει</strong></span> <span class='ocrx_word' id='word_1_234' title='bbox 2092 1997 2325 2066; x_wconf 75' lang='lat' dir='ltr'><strong>spatium</strong></span> <span class='ocrx_word' id='word_1_235' title='bbox 2348 2000 2594 2056; x_wconf 82' lang='lat' dir='ltr'><strong>exstabat</strong></span> <span class='ocrx_word' id='word_1_236' title='bbox 2624 2002 2765 2057; x_wconf 88' lang='lat' dir='ltr'><strong>inter</strong></span> <span class='ocrx_word' id='word_1_237' title='bbox 2792 2014 3049 2074; x_wconf 88' lang='lat' dir='ltr'><strong>utrasque</strong></span> <span class='ocrx_word' id='word_1_238' title='bbox 3079 2004 3314 2077; x_wconf 78' lang='lat' dir='ltr'><strong>aliquod.</strong></span> 
     </span>
    </p>
   </div>
   <div class='ocr_carea' id='block_1_19' title="bbox 307 2087 3190 2168">
    <p class='ocr_par' dir='ltr' id='par_1_19' title="bbox 307 2087 3190 2168">
     <span class='ocr_line' id='line_1_19' title="bbox 307 2087 3190 2168; baseline 0.007 -22"><span class='ocrx_word' id='word_1_239' title='bbox 307 2091 598 2150; x_wconf 83' lang='lat' dir='ltr'><strong>Flentibus</strong></span> <span class='ocrx_word' id='word_1_240' title='bbox 625 2096 871 2150; x_wconf 84' lang='lat' dir='ltr'><strong>evehitur</strong></span> <span class='ocrx_word' id='word_1_241' title='bbox 895 2110 992 2164; x_wconf 89' lang='lat' dir='ltr'><strong>per</strong></span> <span class='ocrx_word' id='word_1_242' title='bbox 1013 2095 1131 2150; x_wconf 90' lang='lat' dir='ltr'><strong>loca</strong></span> <span class='ocrx_word' id='word_1_243' title='bbox 1159 2097 1301 2152; x_wconf 87' lang='lat' dir='ltr'><strong>sicea</strong></span> <span class='ocrx_word' id='word_1_244' title='bbox 1329 2097 1461 2152; x_wconf 85' lang='lat' dir='ltr'><strong>suis.</strong></span> <span class='ocrx_word' id='word_1_245' title='bbox 1925 2087 2073 2144; x_wconf 77' lang='lat' dir='ltr'><strong>Inter</strong></span> <span class='ocrx_word' id='word_1_246' title='bbox 2094 2099 2382 2162; x_wconf 74' lang='lat' dir='ltr'><strong>utramqne</strong></span> <span class='ocrx_word' id='word_1_247' title='bbox 2403 2093 2572 2150; x_wconf 87' lang='lat' dir='ltr'><strong>aciem</strong></span> <span class='ocrx_word' id='word_1_248' title='bbox 2596 2094 2802 2166; x_wconf 82' lang='lat' dir='ltr'><strong>legatos</strong></span> <span class='ocrx_word' id='word_1_249' title='bbox 2829 2098 2908 2153; x_wconf 86' lang='lat' dir='ltr'><strong>ire</strong></span> <span class='ocrx_word' id='word_1_250' title='bbox 2933 2107 3156 2168; x_wconf 66' lang='lat' dir='ltr'><strong>putares</strong></span> <span class='ocrx_word' id='word_1_251' title='bbox 3175 2137 3190 2166; x_wconf 68' lang='grc' dir='ltr'><strong><em>ι</em></strong></span> 
     </span>
    </p>
   </div>
   <div class='ocr_carea' id='block_1_20' title="bbox 243 2181 3214 2262">
    <p class='ocr_par' dir='ltr' id='par_1_20' title="bbox 243 2181 3214 2262">
     <span class='ocr_line' id='line_1_20' title="bbox 243 2181 3214 2262; baseline 0.007 -23"><span class='ocrx_word' id='word_1_252' title='bbox 243 2183 325 2239; x_wconf 85' lang='lat' dir='ltr'><strong>illa</strong></span> <span class='ocrx_word' id='word_1_253' title='bbox 354 2193 442 2240; x_wconf 90' lang='lat' dir='ltr'><strong>sat</strong></span> <span class='ocrx_word' id='word_1_254' title='bbox 467 2186 608 2242; x_wconf 86' lang='lat' dir='ltr'><strong>urbs</strong></span> <span class='ocrx_word' id='word_1_255' title='bbox 638 2187 836 2253; x_wconf 86' lang='lat' dir='ltr'><strong>timuit,</strong></span> <span class='ocrx_word' id='word_1_256' title='bbox 859 2197 1069 2258; x_wconf 84' lang='lat' dir='ltr'><strong>peteret</strong></span> <span class='ocrx_word' id='word_1_257' title='bbox 1094 2205 1161 2245; x_wconf 89' lang='lat' dir='ltr'><strong>ne</strong></span> <span class='ocrx_word' id='word_1_258' title='bbox 1184 2205 1244 2245; x_wconf 87' lang='lat' dir='ltr'><strong>se</strong></span> <span class='ocrx_word' id='word_1_259' title='bbox 1267 2192 1407 2244; x_wconf 87' lang='lat' dir='ltr'><strong>unda</strong></span> <span class='ocrx_word' id='word_1_260' title='bbox 1428 2201 1764 2262; x_wconf 83' lang='lat' dir='ltr'><strong>tumescens,</strong></span> <span class='ocrx_word' id='word_1_261' title='bbox 1927 2239 1932 2244; x_wconf 86' lang='lat'><strong>.</strong></span> <span class='ocrx_word' id='word_1_262' title='bbox 1999 2181 2101 2249; x_wconf 69' lang='lat' dir='ltr'><strong>QUi</strong></span> <span class='ocrx_word' id='word_1_263' title='bbox 2123 2199 2314 2254; x_wconf 61' lang='lat' dir='ltr'><strong>1mg&quot;aa</strong></span> <span class='ocrx_word' id='word_1_264' title='bbox 2343 2195 2433 2240; x_wconf 65' lang='grc' dir='ltr'><strong>θυι</strong></span> <span class='ocrx_word' id='word_1_265' title='bbox 2456 2187 2605 2254; x_wconf 68' lang='lat' dir='ltr'><strong>PaCiS</strong></span> <span class='ocrx_word' id='word_1_266' title='bbox 2621 2187 2747 2258; x_wconf 68' lang='lat' dir='ltr'><strong>ium</strong></span> <span class='ocrx_word' id='word_1_267' title='bbox 2775 2187 2978 2243; x_wconf 58' lang='lat' dir='ltr'><strong>referre</strong></span> <span class='ocrx_word' id='word_1_268' title='bbox 3000 2200 3214 2260; x_wconf 69' lang='grc' dir='ltr'><strong>Ρδνθηῐο</strong></span> 
     </span>
    </p>
   </div>
   <div class='ocr_carea' id='block_1_21' title="bbox 306 2272 3264 2350">
    <p class='ocr_par' dir='ltr' id='par_1_21' title="bbox 306 2272 3264 2350">
     <span class='ocr_line' id='line_1_21' title="bbox 306 2272 3264 2350; baseline 0.005 -25"><span class='ocrx_word' id='word_1_269' title='bbox 306 2275 688 2348; x_wconf 74' lang='lat' dir='ltr'><strong>Obrueretque</strong></span> <span class='ocrx_word' id='word_1_270' title='bbox 713 2279 871 2334; x_wconf 83' lang='lat' dir='ltr'><strong>simul</strong></span> <span class='ocrx_word' id='word_1_271' title='bbox 894 2280 1149 2350; x_wconf 72' lang='lat' dir='ltr'><strong>compita,</strong></span> <span class='ocrx_word' id='word_1_272' title='bbox 1181 2295 1328 2346; x_wconf 74' lang='lat' dir='ltr'><strong>mra,</strong></span> <span class='ocrx_word' id='word_1_273' title='bbox 1355 2283 1566 2337; x_wconf 74' lang='lat' dir='ltr'><strong>domos,</strong></span> <span class='ocrx_word' id='word_1_274' title='bbox 1926 2272 2134 2328; x_wconf 84' lang='lat' dir='ltr'><strong>Interea</strong></span> <span class='ocrx_word' id='word_1_275' title='bbox 2162 2275 2424 2332; x_wconf 89' lang='lat' dir='ltr'><strong>alterutro</strong></span> <span class='ocrx_word' id='word_1_276' title='bbox 2445 2291 2629 2348; x_wconf 73' lang='lat' dir='ltr'><strong>pauca:</strong></span> <span class='ocrx_word' id='word_1_277' title='bbox 2655 2295 2722 2334; x_wconf 80' lang='lat' dir='ltr'><strong>ex</strong></span> <span class='ocrx_word' id='word_1_278' title='bbox 2747 2291 2976 2349; x_wconf 85' lang='lat' dir='ltr'><strong>utraque</strong></span> <span class='ocrx_word' id='word_1_279' title='bbox 3010 2282 3264 2338; x_wconf 84' lang='lat' dir='ltr'><strong>volabant</strong></span> 
     </span>
    </p>
   </div>
   <div class='ocr_carea' id='block_1_22' title="bbox 241 2364 3194 2446">
    <p class='ocr_par' dir='ltr' id='par_1_22' title="bbox 241 2364 3194 2446">
     <span class='ocr_line' id='line_1_22' title="bbox 241 2364 3194 2446; baseline 0.003 -23"><span class='ocrx_word' id='word_1_280' title='bbox 241 2367 377 2424; x_wconf 80' lang='lat' dir='ltr'><strong>Saxa</strong></span> <span class='ocrx_word' id='word_1_281' title='bbox 406 2379 605 2441; x_wconf 82' lang='lat' dir='ltr'><strong>patent</strong></span> <span class='ocrx_word' id='word_1_282' title='bbox 635 2371 816 2442; x_wconf 81' lang='lat' dir='ltr'><strong>ignota</strong></span> <span class='ocrx_word' id='word_1_283' title='bbox 841 2373 964 2443; x_wconf 86' lang='lat' dir='ltr'><strong>polo</strong></span> <span class='ocrx_word' id='word_1_284' title='bbox 983 2415 998 2439; x_wconf 93' lang='lat'><strong>,</strong></span> <span class='ocrx_word' id='word_1_285' title='bbox 1023 2375 1180 2444; x_wconf 88' lang='lat' dir='ltr'><strong>polus</strong></span> <span class='ocrx_word' id='word_1_286' title='bbox 1211 2377 1323 2446; x_wconf 84' lang='lat' dir='ltr'><strong>ipse</strong></span> <span class='ocrx_word' id='word_1_287' title='bbox 1345 2377 1575 2446; x_wconf 74' lang='lat' dir='ltr'><strong>patescit</strong></span> <span class='ocrx_word' id='word_1_288' title='bbox 1997 2364 2178 2430; x_wconf 86' lang='lat' dir='ltr'><strong>Parte,</strong></span> <span class='ocrx_word' id='word_1_289' title='bbox 2212 2368 2360 2423; x_wconf 80' lang='lat' dir='ltr'><strong>vices</strong></span> <span class='ocrx_word' id='word_1_290' title='bbox 2389 2370 2660 2438; x_wconf 87' lang='lat' dir='ltr'><strong>complent</strong></span> <span class='ocrx_word' id='word_1_291' title='bbox 2688 2372 2790 2426; x_wconf 89' lang='lat' dir='ltr'><strong>ista</strong></span> <span class='ocrx_word' id='word_1_292' title='bbox 2817 2372 2900 2427; x_wconf 86' lang='lat' dir='ltr'><strong>vel</strong></span> <span class='ocrx_word' id='word_1_293' title='bbox 2929 2373 3019 2427; x_wconf 86' lang='lat' dir='ltr'><strong>illa</strong></span> <span class='ocrx_word' id='word_1_294' title='bbox 3046 2388 3194 2432; x_wconf 81' lang='lat' dir='ltr'><strong>suas.</strong></span> 
     </span>
    </p>
   </div>
   <div class='ocr_carea' id='block_1_23' title="bbox 304 2455 1902 2538">
    <p class='ocr_par' dir='ltr' id='par_1_23' title="bbox 304 2462 1717 2538">
     <span class='ocr_line' id='line_1_23' title="bbox 304 2462 1717 2538; baseline 0.006 -20"><span class='ocrx_word' id='word_1_295' title='bbox 304 2462 480 2529; x_wconf 80' lang='lat' dir='ltr'><strong>Saxis,</strong></span> <span class='ocrx_word' id='word_1_296' title='bbox 507 2480 634 2521; x_wconf 90' lang='lat' dir='ltr'><strong>cum</strong></span> <span class='ocrx_word' id='word_1_297' title='bbox 659 2467 932 2537; x_wconf 77' lang='lat' dir='ltr'><strong>propriam</strong></span> <span class='ocrx_word' id='word_1_298' title='bbox 957 2467 1228 2538; x_wconf 78' lang='lat' dir='ltr'><strong>linqueret</strong></span> <span class='ocrx_word' id='word_1_299' title='bbox 1248 2471 1441 2525; x_wconf 84' lang='lat' dir='ltr'><strong>humor</strong></span> <span class='ocrx_word' id='word_1_300' title='bbox 1470 2471 1717 2527; x_wconf 86' lang='lat' dir='ltr'><strong>humum.</strong></span> 
     </span>
    </p>
   </div>
   <div class='ocr_carea' id='block_1_24' title="bbox 1509 2455 3107 2538">
    <p class='ocr_par' dir='ltr' id='par_1_24' title="bbox 1510 2455 3107 2536">
     <span class='ocr_line' id='line_1_24' title="bbox 1510 2455 3107 2536; baseline 0.004 -23"><span class='ocrx_word' id='word_1_301' title='bbox 1510 2485 1717 2527; x_wconf 61' lang='lat' dir='ltr'><strong>“mum,</strong></span> <span class='ocrx_word' id='word_1_302' title='bbox 1928 2455 2112 2526; x_wconf 85' lang='lat' dir='ltr'><strong>Egerit</strong></span> <span class='ocrx_word' id='word_1_303' title='bbox 2135 2458 2226 2512; x_wconf 90' lang='lat' dir='ltr'><strong>illa</strong></span> <span class='ocrx_word' id='word_1_304' title='bbox 2252 2460 2387 2515; x_wconf 88' lang='lat' dir='ltr'><strong>nihil</strong></span> <span class='ocrx_word' id='word_1_305' title='bbox 2412 2463 2556 2530; x_wconf 89' lang='lat' dir='ltr'><strong>quod</strong></span> <span class='ocrx_word' id='word_1_306' title='bbox 2585 2470 2713 2518; x_wconf 86' lang='lat' dir='ltr'><strong>tunc</strong></span> <span class='ocrx_word' id='word_1_307' title='bbox 2739 2463 2935 2536; x_wconf 81' lang='lat' dir='ltr'><strong>legatio</strong></span> <span class='ocrx_word' id='word_1_308' title='bbox 2956 2466 3107 2533; x_wconf 84' lang='lat' dir='ltr'><strong>pacis</strong></span> 
     </span>
    </p>
   </div>
   <div class='ocr_carea' id='block_1_25' title="bbox 240 2548 3273 2632">
    <p class='ocr_par' dir='ltr' id='par_1_25' title="bbox 240 2548 3273 2632">
     <span class='ocr_line' id='line_1_25' title="bbox 240 2548 3273 2632; baseline 0.005 -20"><span class='ocrx_word' id='word_1_309' title='bbox 240 2556 350 2626; x_wconf 91' lang='lat' dir='ltr'><strong>Quo</strong></span> <span class='ocrx_word' id='word_1_310' title='bbox 376 2561 518 2614; x_wconf 88' lang='lat' dir='ltr'><strong>vada</strong></span> <span class='ocrx_word' id='word_1_311' title='bbox 554 2561 701 2614; x_wconf 90' lang='lat' dir='ltr'><strong>nulla</strong></span> <span class='ocrx_word' id='word_1_312' title='bbox 736 2561 904 2616; x_wconf 79' lang='lat' dir='ltr'><strong>dabas</strong></span> <span class='ocrx_word' id='word_1_313' title='bbox 928 2564 1096 2632; x_wconf 88' lang='lat' dir='ltr'><strong>pediti</strong></span> <span class='ocrx_word' id='word_1_314' title='bbox 1123 2563 1249 2628; x_wconf 77' lang='lat' dir='ltr'><strong>iuie,</strong></span> <span class='ocrx_word' id='word_1_315' title='bbox 1282 2564 1466 2631; x_wconf 64' lang='grc' dir='ltr'><strong>εει-ιθ,</strong></span> <span class='ocrx_word' id='word_1_316' title='bbox 1493 2566 1687 2622; x_wconf 87' lang='lat' dir='ltr'><strong>dedisti</strong></span> <span class='ocrx_word' id='word_1_317' title='bbox 2003 2548 2162 2604; x_wconf 66' lang='lat' dir='ltr'><strong>Sorte</strong></span> <span class='ocrx_word' id='word_1_318' title='bbox 2192 2561 2356 2621; x_wconf 66' lang='lat' dir='ltr'><strong>patet.</strong></span> <span class='ocrx_word' id='word_1_319' title='bbox 2389 2563 2510 2622; x_wconf 70' lang='lat' dir='ltr'><strong>post</strong></span> <span class='ocrx_word' id='word_1_320' title='bbox 2530 2556 2672 2609; x_wconf 76' lang='lat' dir='ltr'><strong>hanc</strong></span> <span class='ocrx_word' id='word_1_321' title='bbox 2693 2556 2917 2626; x_wconf 66' lang='lat' dir='ltr'><strong>grandia</strong></span> <span class='ocrx_word' id='word_1_322' title='bbox 2942 2559 3082 2613; x_wconf 73' lang='lat' dir='ltr'><strong>bella</strong></span> <span class='ocrx_word' id='word_1_323' title='bbox 3109 2560 3273 2614; x_wconf 76' lang='lat' dir='ltr'><strong>cient-</strong></span> 
     </span>
    </p>
   </div>
   <div class='ocr_carea' id='block_1_26' title="bbox 306 2639 1904 2730">
    <p class='ocr_par' dir='ltr' id='par_1_26' title="bbox 306 2650 1690 2730">
     <span class='ocr_line' id='line_1_26' title="bbox 306 2650 1690 2730; baseline 0.005 -24"><span class='ocrx_word' id='word_1_324' title='bbox 306 2650 530 2717; x_wconf 84' lang='lat' dir='ltr'><strong>Graude</strong></span> <span class='ocrx_word' id='word_1_325' title='bbox 566 2653 763 2712; x_wconf 86' lang='lat' dir='ltr'><strong>vadum</strong></span> <span class='ocrx_word' id='word_1_326' title='bbox 789 2655 992 2726; x_wconf 82' lang='lat' dir='ltr'><strong>caligas</strong></span> <span class='ocrx_word' id='word_1_327' title='bbox 1019 2671 1142 2712; x_wconf 88' lang='lat' dir='ltr'><strong>cum</strong></span> <span class='ocrx_word' id='word_1_328' title='bbox 1170 2665 1261 2712; x_wconf 84' lang='lat' dir='ltr'><strong>tua</strong></span> <span class='ocrx_word' id='word_1_329' title='bbox 1296 2671 1426 2713; x_wconf 80' lang='lat' dir='ltr'><strong>saxa</strong></span> <span class='ocrx_word' id='word_1_330' title='bbox 1453 2667 1690 2730; x_wconf 86' lang='lat' dir='ltr'><strong>stupent.</strong></span> 
     </span>
    </p>
   </div>
   <div class='ocr_carea' id='block_1_27' title="bbox 1711 2639 3309 2730">
    <p class='ocr_par' dir='ltr' id='par_1_27' title="bbox 1934 2639 3309 2719">
     <span class='ocr_line' id='line_1_27' title="bbox 1934 2639 3309 2719; baseline 0.008 -25"><span class='ocrx_word' id='word_1_331' title='bbox 1934 2639 2110 2712; x_wconf 90' lang='lat' dir='ltr'><strong>thue</strong></span> <span class='ocrx_word' id='word_1_332' title='bbox 2139 2643 2228 2697; x_wconf 92' lang='lat' dir='ltr'><strong>diu</strong></span> <span class='ocrx_word' id='word_1_333' title='bbox 2259 2643 2455 2701; x_wconf 71' lang='lat' dir='ltr'><strong>Poenos</strong></span> <span class='ocrx_word' id='word_1_334' title='bbox 2487 2645 2629 2702; x_wconf 90' lang='lat' dir='ltr'><strong>inter</strong></span> <span class='ocrx_word' id='word_1_335' title='bbox 2650 2648 3013 2719; x_wconf 88' lang='lat' dir='ltr'><strong>populumque</strong></span> <span class='ocrx_word' id='word_1_336' title='bbox 3037 2649 3309 2718; x_wconf 82' lang='lat' dir='ltr'><strong>Quiritum</strong></span> 
     </span>
    </p>
   </div>
   <div class='ocr_carea' id='block_1_28' title="bbox 239 2733 3111 2821">
    <p class='ocr_par' dir='ltr' id='par_1_28' title="bbox 239 2733 3111 2821">
     <span class='ocr_line' id='line_1_28' title="bbox 239 2733 3111 2821; baseline 0.003 -23"><span class='ocrx_word' id='word_1_337' title='bbox 239 2741 392 2798; x_wconf 84' lang='lat' dir='ltr'><strong>Sarta</strong></span> <span class='ocrx_word' id='word_1_338' title='bbox 431 2745 567 2800; x_wconf 83' lang='lat' dir='ltr'><strong>aliis</strong></span> <span class='ocrx_word' id='word_1_339' title='bbox 595 2745 805 2802; x_wconf 82' lang='lat' dir='ltr'><strong>vicibus</strong></span> <span class='ocrx_word' id='word_1_340' title='bbox 836 2748 941 2803; x_wconf 87' lang='lat' dir='ltr'><strong>hoc</strong></span> <span class='ocrx_word' id='word_1_341' title='bbox 969 2749 1147 2819; x_wconf 87' lang='lat' dir='ltr'><strong>ipsum</strong></span> <span class='ocrx_word' id='word_1_342' title='bbox 1176 2758 1258 2805; x_wconf 87' lang='lat' dir='ltr'><strong>est</strong></span> <span class='ocrx_word' id='word_1_343' title='bbox 1290 2763 1450 2821; x_wconf 85' lang='lat' dir='ltr'><strong>passa</strong></span> <span class='ocrx_word' id='word_1_344' title='bbox 1482 2753 1718 2819; x_wconf 87' lang='lat' dir='ltr'><strong>duabus,</strong></span> <span class='ocrx_word' id='word_1_345' title='bbox 2003 2733 2242 2790; x_wconf 65' lang='lat' dir='ltr'><strong>Currum</strong></span> <span class='ocrx_word' id='word_1_346' title='bbox 2265 2736 2431 2807; x_wconf 60' lang='lat'><strong>1983”</strong></span> <span class='ocrx_word' id='word_1_347' title='bbox 2454 2738 2626 2795; x_wconf 72' lang='lat' dir='ltr'><strong>donec</strong></span> <span class='ocrx_word' id='word_1_348' title='bbox 2652 2740 2708 2794; x_wconf 74' lang='lat' dir='ltr'><strong>in</strong></span> <span class='ocrx_word' id='word_1_349' title='bbox 2739 2757 2890 2796; x_wconf 69' lang='lat' dir='ltr'><strong>arma</strong></span> <span class='ocrx_word' id='word_1_350' title='bbox 2919 2752 3111 2798; x_wconf 73' lang='lat' dir='ltr'><strong>mam:</strong></span> 
     </span>
    </p>
   </div>
   <div class='ocr_carea' id='block_1_29' title="bbox 303 2825 3509 2913">
    <p class='ocr_par' dir='ltr' id='par_1_29' title="bbox 303 2825 3509 2913">
     <span class='ocr_line' id='line_1_29' title="bbox 303 2825 3509 2913; baseline 0.004 -33"><span class='ocrx_word' id='word_1_351' title='bbox 303 2835 414 2894; x_wconf 74' lang='lat' dir='ltr'><strong>Nec</strong></span> <span class='ocrx_word' id='word_1_352' title='bbox 441 2839 557 2895; x_wconf 75' lang='lat' dir='ltr'><strong>hoc</strong></span> <span class='ocrx_word' id='word_1_353' title='bbox 581 2853 683 2895; x_wconf 71' lang='lat' dir='ltr'><strong>nec</strong></span> <span class='ocrx_word' id='word_1_354' title='bbox 704 2841 890 2909; x_wconf 69' lang='lat' dir='ltr'><strong>procul</strong></span> <span class='ocrx_word' id='word_1_355' title='bbox 914 2842 1017 2897; x_wconf 68' lang='lat' dir='ltr'><strong>hoc</strong></span> <span class='ocrx_word' id='word_1_356' title='bbox 1047 2850 1309 2913; x_wconf 55' lang='lat' dir='ltr'><strong>tempore,</strong></span> <span class='ocrx_word' id='word_1_357' title='bbox 1338 2844 1454 2899; x_wconf 59' lang='lat' dir='ltr'><strong>sive</strong></span> <span class='ocrx_word' id='word_1_358' title='bbox 1477 2844 1616 2900; x_wconf 50' lang='lat' dir='ltr'><strong>loco.</strong></span> <span class='ocrx_word' id='word_1_359' title='bbox 1931 2825 2086 2882; x_wconf 78' lang='lat' dir='ltr'><strong>Haud</strong></span> <span class='ocrx_word' id='word_1_360' title='bbox 2108 2845 2265 2886; x_wconf 89' lang='lat' dir='ltr'><strong>secus</strong></span> <span class='ocrx_word' id='word_1_361' title='bbox 2284 2829 2426 2885; x_wconf 89' lang='lat' dir='ltr'><strong>inter</strong></span> <span class='ocrx_word' id='word_1_362' title='bbox 2446 2845 2560 2897; x_wconf 89' lang='lat' dir='ltr'><strong>eas,</strong></span> <span class='ocrx_word' id='word_1_363' title='bbox 2574 2841 2859 2902; x_wconf 90' lang='lat' dir='ltr'><strong>postquam</strong></span> <span class='ocrx_word' id='word_1_364' title='bbox 2881 2841 2968 2889; x_wconf 87' lang='lat' dir='ltr'><strong>sat</strong></span> <span class='ocrx_word' id='word_1_365' title='bbox 2987 2836 3509 2906; x_wconf 76' lang='lat' dir='ltr'><strong>utrinquevoiatutn,</strong></span> 
     </span>
    </p>
   </div>
   <div class='ocr_carea' id='block_1_30' title="bbox 240 2921 3208 3009">
    <p class='ocr_par' dir='ltr' id='par_1_30' title="bbox 240 2921 3208 3009">
     <span class='ocr_line' id='line_1_30' title="bbox 240 2921 3208 3009; baseline 0.004 -27"><span class='ocrx_word' id='word_1_366' title='bbox 240 2925 368 2994; x_wconf 86' lang='lat' dir='ltr'><strong>Quis</strong></span> <span class='ocrx_word' id='word_1_367' title='bbox 402 2937 576 3000; x_wconf 77' lang='lat' dir='ltr'><strong>neget</strong></span> <span class='ocrx_word' id='word_1_368' title='bbox 601 2931 812 3001; x_wconf 84' lang='lat' dir='ltr'><strong>antiqui</strong></span> <span class='ocrx_word' id='word_1_369' title='bbox 840 2932 1126 2988; x_wconf 86' lang='lat' dir='ltr'><strong>Dominum</strong></span> <span class='ocrx_word' id='word_1_370' title='bbox 1155 2936 1467 2992; x_wconf 87' lang='lat' dir='ltr'><strong>meminisse</strong></span> <span class='ocrx_word' id='word_1_371' title='bbox 1496 2937 1682 3009; x_wconf 73' lang='lat' dir='ltr'><strong>tropmi</strong></span> <span class='ocrx_word' id='word_1_372' title='bbox 1707 2979 1724 3006; x_wconf 89' lang='lat'><strong>,</strong></span> <span class='ocrx_word' id='word_1_373' title='bbox 2002 2921 2065 2978; x_wconf 67' lang='lat' dir='ltr'><strong>Vi</strong></span> <span class='ocrx_word' id='word_1_374' title='bbox 2093 2936 2197 2991; x_wconf 66' lang='lat' dir='ltr'><strong>qua</strong></span> <span class='ocrx_word' id='word_1_375' title='bbox 2223 2937 2454 2993; x_wconf 70' lang='grc' dir='ltr'><strong>(ιυωίιιιο</strong></span> <span class='ocrx_word' id='word_1_376' title='bbox 2476 2923 2622 2978; x_wconf 62' lang='lat'><strong>&quot;&#39;9‘</strong></span> <span class='ocrx_word' id='word_1_377' title='bbox 2651 2923 2705 2978; x_wconf 67' lang='lat' dir='ltr'><strong>in</strong></span> <span class='ocrx_word' id='word_1_378' title='bbox 2727 2923 2840 2978; x_wconf 57' lang='lat' dir='ltr'><strong>rem</strong></span> <span class='ocrx_word' id='word_1_379' title='bbox 2865 2925 3003 2980; x_wconf 69' lang='lat' dir='ltr'><strong>beua</strong></span> <span class='ocrx_word' id='word_1_380' title='bbox 3027 2935 3208 2982; x_wconf 67' lang='lat' dir='ltr'><strong>Tuum-</strong></span> 
     </span>
    </p>
   </div>
   <div class='ocr_carea' id='block_1_31' title="bbox 305 3015 1903 3101">
    <p class='ocr_par' dir='ltr' id='par_1_31' title="bbox 305 3019 1630 3101">
     <span class='ocr_line' id='line_1_31' title="bbox 305 3019 1630 3101; baseline 0.008 -27"><span class='ocrx_word' id='word_1_381' title='bbox 305 3019 424 3087; x_wconf 91' lang='lat' dir='ltr'><strong>Quo</strong></span> <span class='ocrx_word' id='word_1_382' title='bbox 453 3020 688 3077; x_wconf 79' lang='lat' dir='ltr'><strong>ﬂuvium</strong></span> <span class='ocrx_word' id='word_1_383' title='bbox 717 3023 918 3078; x_wconf 88' lang='lat' dir='ltr'><strong>scindit</strong></span> <span class='ocrx_word' id='word_1_384' title='bbox 942 3033 999 3079; x_wconf 87' lang='lat' dir='ltr'><strong>et</strong></span> <span class='ocrx_word' id='word_1_385' title='bbox 1026 3025 1377 3083; x_wconf 81' lang='lat' dir='ltr'><strong>ilieriehunta</strong></span> <span class='ocrx_word' id='word_1_386' title='bbox 1415 3030 1630 3101; x_wconf 86' lang='lat' dir='ltr'><strong>quatit?</strong></span> 
     </span>
    </p>
   </div>
   <div class='ocr_carea' id='block_1_32' title="bbox 1782 3015 3380 3101">
    <p class='ocr_par' dir='ltr' id='par_1_32' title="bbox 1926 3015 3380 3093">
     <span class='ocr_line' id='line_1_32' title="bbox 1926 3015 3380 3093; baseline 0.001 -18"><span class='ocrx_word' id='word_1_387' title='bbox 1926 3015 2135 3075; x_wconf 79' lang='lat' dir='ltr'><strong>Ardent</strong></span> <span class='ocrx_word' id='word_1_388' title='bbox 2163 3016 2230 3072; x_wconf 87' lang='lat' dir='ltr'><strong>ad</strong></span> <span class='ocrx_word' id='word_1_389' title='bbox 2257 3031 2491 3086; x_wconf 79' lang='lat' dir='ltr'><strong>pugnam</strong></span> <span class='ocrx_word' id='word_1_390' title='bbox 2517 3016 2797 3072; x_wconf 88' lang='lat' dir='ltr'><strong>volucrum</strong></span> <span class='ocrx_word' id='word_1_391' title='bbox 2819 3017 2946 3074; x_wconf 86' lang='lat' dir='ltr'><strong>hinc</strong></span> <span class='ocrx_word' id='word_1_392' title='bbox 2972 3021 3096 3075; x_wconf 91' lang='lat' dir='ltr'><strong>inde</strong></span> <span class='ocrx_word' id='word_1_393' title='bbox 3131 3023 3380 3093; x_wconf 86' lang='lat' dir='ltr'><strong>manipli,</strong></span> 
     </span>
    </p>
   </div>
   <div class='ocr_carea' id='block_1_33' title="bbox 239 3107 3388 3184">
    <p class='ocr_par' dir='ltr' id='par_1_33' title="bbox 239 3107 3388 3184">
     <span class='ocr_line' id='line_1_33' title="bbox 239 3107 3388 3184; baseline 0.006 -20"><span class='ocrx_word' id='word_1_394' title='bbox 239 3111 278 3163; x_wconf 77' lang='grc' dir='ltr'><strong>Δ</strong></span> <span class='ocrx_word' id='word_1_395' title='bbox 305 3113 487 3181; x_wconf 89' lang='lat' dir='ltr'><strong>prima</strong></span> <span class='ocrx_word' id='word_1_396' title='bbox 522 3114 578 3168; x_wconf 91' lang='lat' dir='ltr'><strong>in</strong></span> <span class='ocrx_word' id='word_1_397' title='bbox 603 3123 854 3184; x_wconf 87' lang='lat' dir='ltr'><strong>quartam</strong></span> <span class='ocrx_word' id='word_1_398' title='bbox 886 3119 1076 3173; x_wconf 87' lang='lat' dir='ltr'><strong>modus</strong></span> <span class='ocrx_word' id='word_1_399' title='bbox 1104 3121 1192 3176; x_wconf 86' lang='lat' dir='ltr'><strong>hic</strong></span> <span class='ocrx_word' id='word_1_400' title='bbox 1221 3121 1520 3179; x_wconf 81' lang='lat' dir='ltr'><strong>deﬂuxerat</strong></span> <span class='ocrx_word' id='word_1_401' title='bbox 1542 3124 1764 3182; x_wconf 79' lang='lat' dir='ltr'><strong>horam:</strong></span> <span class='ocrx_word' id='word_1_402' title='bbox 2001 3107 2246 3178; x_wconf 74' lang='grc' dir='ltr'><strong>Ουιηίιυθ</strong></span> <span class='ocrx_word' id='word_1_403' title='bbox 2273 3108 2359 3162; x_wconf 62' lang='grc' dir='ltr'><strong>διδ</strong></span> <span class='ocrx_word' id='word_1_404' title='bbox 2383 3108 2468 3164; x_wconf 70' lang='grc'><strong>³1³</strong></span> <span class='ocrx_word' id='word_1_405' title='bbox 2491 3110 2634 3176; x_wconf 56' lang='lat' dir='ltr'><strong>eo“,</strong></span> <span class='ocrx_word' id='word_1_406' title='bbox 2663 3125 2896 3182; x_wconf 70' lang='lat' dir='ltr'><strong>cumque</strong></span> <span class='ocrx_word' id='word_1_407' title='bbox 2921 3114 3144 3170; x_wconf 65' lang='grc' dir='ltr'><strong>θοῒιοηθ</strong></span> <span class='ocrx_word' id='word_1_408' title='bbox 3171 3116 3388 3173; x_wconf 62' lang='lat'><strong>0011013-</strong></span> 
     </span>
    </p>
   </div>
   <div class='ocr_carea' id='block_1_34' title="bbox 299 3200 3188 3279">
    <p class='ocr_par' dir='ltr' id='par_1_34' title="bbox 299 3200 3188 3279">
     <span class='ocr_line' id='line_1_34' title="bbox 299 3200 3188 3279; baseline 0.003 -23"><span class='ocrx_word' id='word_1_409' title='bbox 299 3202 432 3260; x_wconf 83' lang='lat' dir='ltr'><strong>lnde</strong></span> <span class='ocrx_word' id='word_1_410' title='bbox 459 3220 593 3260; x_wconf 79' lang='lat' dir='ltr'><strong>suas</strong></span> <span class='ocrx_word' id='word_1_411' title='bbox 618 3208 812 3276; x_wconf 77' lang='lat' dir='ltr'><strong>repetit</strong></span> <span class='ocrx_word' id='word_1_412' title='bbox 835 3215 956 3279; x_wconf 74' lang='lat' dir='ltr'><strong>post</strong></span> <span class='ocrx_word' id='word_1_413' title='bbox 984 3211 1126 3265; x_wconf 69' lang='lat' dir='ltr'><strong>ceter</strong></span> <span class='ocrx_word' id='word_1_414' title='bbox 1154 3214 1296 3267; x_wconf 67' lang='lat' dir='ltr'><strong>unda</strong></span> <span class='ocrx_word' id='word_1_415' title='bbox 1331 3215 1466 3270; x_wconf 63' lang='lat' dir='ltr'><strong>vias,</strong></span> <span class='ocrx_word' id='word_1_416' title='bbox 1859 3253 1903 3279; x_wconf 57' lang='grc' dir='ltr'>η</span> <span class='ocrx_word' id='word_1_417' title='bbox 1933 3200 2027 3256; x_wconf 76' lang='lat' dir='ltr'><strong>Vis</strong></span> <span class='ocrx_word' id='word_1_418' title='bbox 2049 3209 2131 3256; x_wconf 89' lang='lat' dir='ltr'><strong>est</strong></span> <span class='ocrx_word' id='word_1_419' title='bbox 2155 3200 2362 3255; x_wconf 81' lang='lat' dir='ltr'><strong>militiae</strong></span> <span class='ocrx_word' id='word_1_420' title='bbox 2384 3202 2619 3262; x_wconf 84' lang='lat' dir='ltr'><strong>diversa.</strong></span> <span class='ocrx_word' id='word_1_421' title='bbox 2647 3203 2745 3258; x_wconf 88' lang='lat' dir='ltr'><strong>sed</strong></span> <span class='ocrx_word' id='word_1_422' title='bbox 2775 3217 2882 3260; x_wconf 88' lang='lat' dir='ltr'><strong>una</strong></span> <span class='ocrx_word' id='word_1_423' title='bbox 2909 3205 3188 3274; x_wconf 82' lang='lat' dir='ltr'><strong>voluntas,</strong></span> 
     </span>
    </p>
   </div>
   <div class='ocr_carea' id='block_1_35' title="bbox 239 3253 3358 3376">
    <p class='ocr_par' dir='ltr' id='par_1_35' title="bbox 239 3253 3358 3376">
     <span class='ocr_line' id='line_1_35' title="bbox 299 3253 3188 3279; baseline 0 -13"><span class='ocrx_word' id='word_1_424' title='bbox 299 3253 429 3260; x_wconf 55' lang='grc' dir='ltr'><strong>ν---</strong></span> <span class='ocrx_word' id='word_1_425' title='bbox 461 3253 592 3260; x_wconf 80' lang='grc'><strong>-..--</strong></span> <span class='ocrx_word' id='word_1_426' title='bbox 618 3253 812 3276; x_wconf 61' lang='grc' dir='ltr'><strong>--.η-.-</strong></span> <span class='ocrx_word' id='word_1_427' title='bbox 837 3253 956 3279; x_wconf 51' lang='lat' dir='ltr'><strong>re...</strong></span> <span class='ocrx_word' id='word_1_428' title='bbox 986 3253 1115 3265; x_wconf 62' lang='grc' dir='ltr'><strong>νων.</strong></span> <span class='ocrx_word' id='word_1_429' title='bbox 1157 3253 1296 3267; x_wconf 74' lang='lat'><strong>........</strong></span> <span class='ocrx_word' id='word_1_430' title='bbox 1341 3253 1466 3270; x_wconf 55' lang='grc' dir='ltr'><strong>ηαδ.</strong></span> <span class='ocrx_word' id='word_1_431' title='bbox 2062 3253 2103 3256; x_wconf 31' lang='grc' dir='ltr'>Ὗ</span> <span class='ocrx_word' id='word_1_432' title='bbox 2162 3253 2187 3254; x_wconf 60' lang='grc' dir='ltr'><em>η</em></span> <span class='ocrx_word' id='word_1_433' title='bbox 2217 3253 2227 3254; x_wconf 41' lang='grc' dir='ltr'><em>κ</em></span> <span class='ocrx_word' id='word_1_434' title='bbox 2390 3253 2462 3256; x_wconf 75' lang='grc'><strong><em>---</em></strong></span> <span class='ocrx_word' id='word_1_435' title='bbox 2485 3253 2619 3262; x_wconf 72' lang='grc'><strong>----.</strong></span> <span class='ocrx_word' id='word_1_436' title='bbox 2649 3253 2745 3258; x_wconf 67' lang='grc' dir='ltr'><strong>η-</strong></span> <span class='ocrx_word' id='word_1_437' title='bbox 2779 3253 2882 3260; x_wconf 68' lang='grc' dir='ltr'><strong><em>-η-</em></strong></span> <span class='ocrx_word' id='word_1_438' title='bbox 2923 3253 3188 3274; x_wconf 53' lang='grc' dir='ltr'><strong>ψηηυ,</strong></span> 
     </span>
     <span class='ocr_line' id='line_1_36' title="bbox 239 3253 3358 3376; baseline 0.007 -27"><span class='ocrx_word' id='word_1_439' title='bbox 239 3293 474 3352; x_wconf 80' lang='lat' dir='ltr'><strong>Nomina</strong></span> <span class='ocrx_word' id='word_1_440' title='bbox 498 3313 612 3353; x_wconf 88' lang='lat' dir='ltr'><strong>non</strong></span> <span class='ocrx_word' id='word_1_441' title='bbox 638 3299 760 3355; x_wconf 87' lang='lat' dir='ltr'><strong>ideo</strong></span> <span class='ocrx_word' id='word_1_442' title='bbox 781 3312 1096 3358; x_wconf 76' lang='lat' dir='ltr'><strong>narrantem</strong></span> <span class='ocrx_word' id='word_1_443' title='bbox 1125 3307 1439 3375; x_wconf 88' lang='lat' dir='ltr'><strong>scripsimus</strong></span> <span class='ocrx_word' id='word_1_444' title='bbox 1466 3307 1619 3376; x_wconf 88' lang='lat' dir='ltr'><strong>istic,</strong></span> <span class='ocrx_word' id='word_1_445' title='bbox 1789 3287 1791 3289; x_wconf 18' lang='grc' dir='ltr'>ί</span> <span class='ocrx_word' id='word_1_446' title='bbox 1857 3253 1904 3322; x_wconf 68' lang='lat' dir='ltr'>c</span> <span class='ocrx_word' id='word_1_447' title='bbox 2003 3294 2159 3361; x_wconf 71' lang='grc' dir='ltr'><strong>Ωιιοά</strong></span> <span class='ocrx_word' id='word_1_448' title='bbox 2183 3294 2356 3364; x_wconf 64' lang='lat' dir='ltr'><strong>major</strong></span> <span class='ocrx_word' id='word_1_449' title='bbox 2387 3295 2562 3362; x_wconf 60' lang='lat' dir='ltr'><strong>miles,</strong></span> <span class='ocrx_word' id='word_1_450' title='bbox 2589 3297 2704 3351; x_wconf 70' lang='grc' dir='ltr'><strong>νῑιΙι</strong></span> <span class='ocrx_word' id='word_1_451' title='bbox 2733 3311 2946 3368; x_wconf 70' lang='lat' dir='ltr'><strong>quoque</strong></span> <span class='ocrx_word' id='word_1_452' title='bbox 2971 3315 3171 3371; x_wconf 60' lang='lat' dir='ltr'><strong>Parvus</strong></span> <span class='ocrx_word' id='word_1_453' title='bbox 3198 3302 3358 3358; x_wconf 62' lang='lat' dir='ltr'><strong>idem-</strong></span> 
     </span>
    </p>
   </div>
   <div class='ocr_carea' id='block_1_36' title="bbox 304 3384 3448 3464">
    <p class='ocr_par' dir='ltr' id='par_1_36' title="bbox 304 3384 3448 3464">
     <span class='ocr_line' id='line_1_37' title="bbox 304 3384 3448 3464; baseline 0.004 -30"><span class='ocrx_word' id='word_1_454' title='bbox 304 3387 455 3444; x_wconf 76' lang='lat' dir='ltr'><strong>sum</strong></span> <span class='ocrx_word' id='word_1_455' title='bbox 484 3391 747 3459; x_wconf 72' lang='lat' dir='ltr'><strong>quoniam</strong></span> <span class='ocrx_word' id='word_1_456' title='bbox 773 3392 954 3462; x_wconf 60' lang='lat' dir='ltr'><strong>plures</strong></span> <span class='ocrx_word' id='word_1_457' title='bbox 979 3397 1071 3464; x_wconf 71' lang='lat' dir='ltr'><strong>qui</strong></span> <span class='ocrx_word' id='word_1_458' title='bbox 1104 3397 1350 3453; x_wconf 56' lang='lat' dir='ltr'><strong>cecinere</strong></span> <span class='ocrx_word' id='word_1_459' title='bbox 1375 3399 1528 3455; x_wconf 52' lang='lat' dir='ltr'><strong>mihi.</strong></span> <span class='ocrx_word' id='word_1_460' title='bbox 1674 3429 1680 3436; x_wconf 84' lang='lat'><strong>.</strong></span> <span class='ocrx_word' id='word_1_461' title='bbox 1934 3384 2150 3442; x_wconf 86' lang='lat' dir='ltr'><strong>Nullum</strong></span> <span class='ocrx_word' id='word_1_462' title='bbox 2177 3401 2313 3456; x_wconf 86' lang='lat' dir='ltr'><strong>opus</strong></span> <span class='ocrx_word' id='word_1_463' title='bbox 2355 3395 2449 3442; x_wconf 85' lang='lat' dir='ltr'><strong>aut</strong></span> <span class='ocrx_word' id='word_1_464' title='bbox 2476 3403 2700 3455; x_wconf 87' lang='lat' dir='ltr'><strong>currus,</strong></span> <span class='ocrx_word' id='word_1_465' title='bbox 2741 3390 2949 3446; x_wconf 90' lang='lat' dir='ltr'><strong>nullum</strong></span> <span class='ocrx_word' id='word_1_466' title='bbox 2986 3400 3081 3448; x_wconf 88' lang='lat' dir='ltr'><strong>aut</strong></span> <span class='ocrx_word' id='word_1_467' title='bbox 3114 3393 3277 3449; x_wconf 87' lang='lat' dir='ltr'><strong>habet</strong></span> <span class='ocrx_word' id='word_1_468' title='bbox 3316 3401 3448 3448; x_wconf 84' lang='lat' dir='ltr'><strong>usus</strong></span> 
     </span>
    </p>
   </div>
   <div class='ocr_carea' id='block_1_37' title="bbox 235 3475 3389 3558">
    <p class='ocr_par' dir='ltr' id='par_1_37' title="bbox 235 3475 3389 3558">
     <span class='ocr_line' id='line_1_38' title="bbox 235 3475 3389 3558; baseline 0.007 -27"><span class='ocrx_word' id='word_1_469' title='bbox 235 3475 300 3530; x_wconf 81' lang='lat' dir='ltr'><strong>At</strong></span> <span class='ocrx_word' id='word_1_470' title='bbox 333 3479 380 3533; x_wconf 89' lang='lat' dir='ltr'><strong>si</strong></span> <span class='ocrx_word' id='word_1_471' title='bbox 404 3495 575 3535; x_wconf 81' lang='lat' dir='ltr'><strong>nosse</strong></span> <span class='ocrx_word' id='word_1_472' title='bbox 603 3481 684 3536; x_wconf 78' lang='lat' dir='ltr'><strong>rei</strong></span> <span class='ocrx_word' id='word_1_473' title='bbox 703 3482 805 3545; x_wconf 83' lang='lat' dir='ltr'><strong>vis,</strong></span> <span class='ocrx_word' id='word_1_474' title='bbox 831 3482 1020 3550; x_wconf 79' lang='lat' dir='ltr'><strong>lector,</strong></span> <span class='ocrx_word' id='word_1_475' title='bbox 1053 3494 1292 3556; x_wconf 82' lang='lat' dir='ltr'><strong>tempora</strong></span> <span class='ocrx_word' id='word_1_476' title='bbox 1324 3497 1490 3558; x_wconf 64' lang='lat' dir='ltr'><strong>gesta:</strong></span> <span class='ocrx_word' id='word_1_477' title='bbox 3061 3483 3389 3554; x_wconf 68' lang='lat' dir='ltr'><strong>[équomm’</strong></span> 
     </span>
    </p>
   </div>
   <div class='ocr_carea' id='block_1_38' title="bbox 304 3569 3267 3645">
    <p class='ocr_par' dir='ltr' id='par_1_38' title="bbox 304 3569 3267 3645">
     <span class='ocr_line' id='line_1_39' title="bbox 304 3569 3267 3645; baseline 0.003 -23"><span class='ocrx_word' id='word_1_478' title='bbox 304 3570 543 3642; x_wconf 82' lang='lat' dir='ltr'><strong>Accipe,</strong></span> <span class='ocrx_word' id='word_1_479' title='bbox 565 3587 881 3643; x_wconf 80' lang='lat' dir='ltr'><strong>promemus</strong></span> <span class='ocrx_word' id='word_1_480' title='bbox 911 3577 1011 3630; x_wconf 74' lang='lat' dir='ltr'><strong>sub</strong></span> <span class='ocrx_word' id='word_1_481' title='bbox 1036 3578 1302 3634; x_wconf 65' lang='lat' dir='ltr'><strong>brevitate</strong></span> <span class='ocrx_word' id='word_1_482' title='bbox 1330 3581 1448 3635; x_wconf 70' lang='lat' dir='ltr'><strong>tibi,</strong></span> <span class='ocrx_word' id='word_1_483' title='bbox 2010 3569 2151 3625; x_wconf 91' lang='lat' dir='ltr'><strong>Usus</strong></span> <span class='ocrx_word' id='word_1_484' title='bbox 2177 3572 2331 3626; x_wconf 87' lang='lat' dir='ltr'><strong>abest</strong></span> <span class='ocrx_word' id='word_1_485' title='bbox 2354 3571 2621 3643; x_wconf 86' lang='lat' dir='ltr'><strong>chalybis,</strong></span> <span class='ocrx_word' id='word_1_486' title='bbox 2653 3575 2857 3645; x_wconf 88' lang='lat' dir='ltr'><strong>spicula</strong></span> <span class='ocrx_word' id='word_1_487' title='bbox 2889 3577 3035 3630; x_wconf 87' lang='lat' dir='ltr'><strong>nulla</strong></span> <span class='ocrx_word' id='word_1_488' title='bbox 3067 3577 3267 3632; x_wconf 87' lang='lat' dir='ltr'><strong>volant.</strong></span> 
     </span>
    </p>
   </div>
   <div class='ocr_carea' id='block_1_39' title="bbox 231 3660 1829 3741">
    <p class='ocr_par' dir='ltr' id='par_1_39' title="bbox 231 3663 1680 3739">
     <span class='ocr_line' id='line_1_40' title="bbox 231 3663 1680 3739; baseline 0.007 -21"><span class='ocrx_word' id='word_1_489' title='bbox 231 3663 532 3734; x_wconf 87' lang='lat' dir='ltr'><strong>Septimus</strong></span> <span class='ocrx_word' id='word_1_490' title='bbox 561 3666 650 3720; x_wconf 88' lang='lat' dir='ltr'><strong>hic</strong></span> <span class='ocrx_word' id='word_1_491' title='bbox 679 3667 860 3738; x_wconf 79' lang='lat' dir='ltr'><strong>agitur</strong></span> <span class='ocrx_word' id='word_1_492' title='bbox 883 3669 1178 3726; x_wconf 86' lang='lat' dir='ltr'><strong>decurrens</strong></span> <span class='ocrx_word' id='word_1_493' title='bbox 1205 3673 1445 3729; x_wconf 86' lang='lat' dir='ltr'><strong>lubricus</strong></span> <span class='ocrx_word' id='word_1_494' title='bbox 1471 3687 1648 3728; x_wconf 82' lang='lat' dir='ltr'><strong>annus</strong></span> <span class='ocrx_word' id='word_1_495' title='bbox 1666 3714 1680 3739; x_wconf 90' lang='lat'><strong>,</strong></span> 
     </span>
    </p>
   </div>
   <div class='ocr_carea' id='block_1_40' title="bbox 1913 3660 3511 3741">
    <p class='ocr_par' dir='ltr' id='par_1_40' title="bbox 1937 3660 3511 3741">
     <span class='ocr_line' id='line_1_41' title="bbox 1937 3660 3511 3741; baseline 0.007 -26"><span class='ocrx_word' id='word_1_496' title='bbox 1937 3660 2042 3716; x_wconf 89' lang='lat' dir='ltr'><strong>Pro</strong></span> <span class='ocrx_word' id='word_1_497' title='bbox 2069 3664 2222 3733; x_wconf 80' lang='lat' dir='ltr'><strong>galea</strong></span> <span class='ocrx_word' id='word_1_498' title='bbox 2252 3665 2417 3718; x_wconf 89' lang='lat' dir='ltr'><strong>crista</strong></span> <span class='ocrx_word' id='word_1_499' title='bbox 2441 3676 2544 3731; x_wconf 89' lang='lat' dir='ltr'><strong>est,</strong></span> <span class='ocrx_word' id='word_1_500' title='bbox 2582 3681 2680 3736; x_wconf 90' lang='lat' dir='ltr'><strong>pro</strong></span> <span class='ocrx_word' id='word_1_501' title='bbox 2710 3668 2931 3738; x_wconf 88' lang='lat' dir='ltr'><strong>cuspide</strong></span> <span class='ocrx_word' id='word_1_502' title='bbox 2957 3677 3137 3722; x_wconf 90' lang='lat' dir='ltr'><strong>rostra</strong></span> <span class='ocrx_word' id='word_1_503' title='bbox 3163 3669 3247 3725; x_wconf 86' lang='lat' dir='ltr'><strong>vel</strong></span> <span class='ocrx_word' id='word_1_504' title='bbox 3279 3681 3511 3741; x_wconf 85' lang='lat' dir='ltr'><strong>ungues,</strong></span> 
     </span>
    </p>
   </div>
   <div class='ocr_carea' id='block_1_41' title="bbox 302 3755 3250 3832">
    <p class='ocr_par' dir='ltr' id='par_1_41' title="bbox 302 3755 3250 3832">
     <span class='ocr_line' id='line_1_42' title="bbox 302 3755 3250 3832; baseline 0.004 -24"><span class='ocrx_word' id='word_1_505' title='bbox 302 3755 504 3823; x_wconf 86' lang='lat' dir='ltr'><strong>Quod,</strong></span> <span class='ocrx_word' id='word_1_506' title='bbox 534 3755 827 3823; x_wconf 88' lang='lat' dir='ltr'><strong>Ludovlce,</strong></span> <span class='ocrx_word' id='word_1_507' title='bbox 861 3759 957 3813; x_wconf 88' lang='lat' dir='ltr'><strong>tibi</strong></span> <span class='ocrx_word' id='word_1_508' title='bbox 985 3775 1153 3832; x_wconf 84' lang='lat' dir='ltr'><strong>regna</strong></span> <span class='ocrx_word' id='word_1_509' title='bbox 1182 3771 1408 3832; x_wconf 85' lang='lat' dir='ltr'><strong>paterna</strong></span> <span class='ocrx_word' id='word_1_510' title='bbox 1434 3772 1672 3820; x_wconf 88' lang='lat' dir='ltr'><strong>manent.</strong></span> <span class='ocrx_word' id='word_1_511' title='bbox 2007 3756 2075 3809; x_wconf 79' lang='grc' dir='ltr'><strong>Ει</strong></span> <span class='ocrx_word' id='word_1_512' title='bbox 2103 3772 2198 3810; x_wconf 70' lang='lat' dir='ltr'><strong>sua</strong></span> <span class='ocrx_word' id='word_1_513' title='bbox 2223 3771 2324 3826; x_wconf 73' lang='lat' dir='ltr'><strong>pro</strong></span> <span class='ocrx_word' id='word_1_514' title='bbox 2351 3755 2498 3813; x_wconf 67' lang='lat' dir='ltr'><strong>lituis</strong></span> <span class='ocrx_word' id='word_1_515' title='bbox 2526 3761 2766 3814; x_wconf 81' lang='lat' dir='ltr'><strong>carmina</strong></span> <span class='ocrx_word' id='word_1_516' title='bbox 2791 3773 3018 3832; x_wconf 63' lang='lat' dir='ltr'><strong>quaeque</strong></span> <span class='ocrx_word' id='word_1_517' title='bbox 3037 3769 3250 3817; x_wconf 77' lang='lat' dir='ltr'><strong>sonant.</strong></span> 
     </span>
    </p>
   </div>
   <div class='ocr_carea' id='block_1_42' title="bbox 232 3843 3348 3924">
    <p class='ocr_par' dir='ltr' id='par_1_42' title="bbox 232 3843 3348 3924">
     <span class='ocr_line' id='line_1_43' title="bbox 232 3843 3348 3924; baseline 0.005 -28"><span class='ocrx_word' id='word_1_518' title='bbox 232 3843 434 3900; x_wconf 81' lang='lat' dir='ltr'><strong>Exsiiii</strong></span> <span class='ocrx_word' id='word_1_519' title='bbox 464 3854 720 3914; x_wconf 85' lang='lat' dir='ltr'><strong>quartus,</strong></span> <span class='ocrx_word' id='word_1_520' title='bbox 754 3848 964 3903; x_wconf 76' lang='lat' dir='ltr'><strong>meritis</strong></span> <span class='ocrx_word' id='word_1_521' title='bbox 987 3863 1093 3904; x_wconf 80' lang='lat' dir='ltr'><strong>non</strong></span> <span class='ocrx_word' id='word_1_522' title='bbox 1120 3852 1352 3922; x_wconf 77' lang='lat' dir='ltr'><strong>denique</strong></span> <span class='ocrx_word' id='word_1_523' title='bbox 1378 3853 1613 3919; x_wconf 68' lang='lat' dir='ltr'><strong>nostris,</strong></span> <span class='ocrx_word' id='word_1_524' title='bbox 1937 3847 2033 3902; x_wconf 91' lang='lat' dir='ltr'><strong>Ala</strong></span> <span class='ocrx_word' id='word_1_525' title='bbox 2063 3849 2194 3903; x_wconf 86' lang='lat' dir='ltr'><strong>levis</strong></span> <span class='ocrx_word' id='word_1_526' title='bbox 2218 3843 2481 3919; x_wconf 84' lang='lat' dir='ltr'><strong>parmam,</strong></span> <span class='ocrx_word' id='word_1_527' title='bbox 2509 3851 2745 3908; x_wconf 89' lang='lat' dir='ltr'><strong>volucris</strong></span> <span class='ocrx_word' id='word_1_528' title='bbox 2768 3851 2873 3907; x_wconf 78' lang='lat' dir='ltr'><strong>fert</strong></span> <span class='ocrx_word' id='word_1_529' title='bbox 2898 3854 3116 3924; x_wconf 89' lang='lat' dir='ltr'><strong>pinnula</strong></span> <span class='ocrx_word' id='word_1_530' title='bbox 3147 3853 3348 3922; x_wconf 88' lang='lat' dir='ltr'><strong>sicam,</strong></span> 
     </span>
    </p>
   </div>
   <div class='ocr_carea' id='block_1_43' title="bbox 303 3937 3202 4014">
    <p class='ocr_par' dir='ltr' id='par_1_43' title="bbox 303 3937 3202 4014">
     <span class='ocr_line' id='line_1_44' title="bbox 303 3937 3202 4014; baseline 0.004 -25"><span class='ocrx_word' id='word_1_531' title='bbox 303 3937 572 3994; x_wconf 83' lang='lat' dir='ltr'><strong>Volvitur</strong></span> <span class='ocrx_word' id='word_1_532' title='bbox 598 3938 865 3996; x_wconf 80' lang='lat' dir='ltr'><strong>infaustus</strong></span> <span class='ocrx_word' id='word_1_533' title='bbox 890 3955 1036 4014; x_wconf 62' lang='lat' dir='ltr'><strong>inger</strong></span> <span class='ocrx_word' id='word_1_534' title='bbox 1057 3953 1112 4000; x_wconf 72' lang='lat' dir='ltr'><strong>et</strong></span> <span class='ocrx_word' id='word_1_535' title='bbox 1139 3959 1264 4000; x_wconf 76' lang='lat' dir='ltr'><strong>ecce</strong></span> <span class='ocrx_word' id='word_1_536' title='bbox 1289 3948 1413 4002; x_wconf 71' lang='lat' dir='ltr'><strong>mei,</strong></span> <span class='ocrx_word' id='word_1_537' title='bbox 2007 3940 2074 3994; x_wconf 85' lang='lat' dir='ltr'><strong>Et</strong></span> <span class='ocrx_word' id='word_1_538' title='bbox 2110 3943 2347 3997; x_wconf 86' lang='lat' dir='ltr'><strong>thoracis</strong></span> <span class='ocrx_word' id='word_1_539' title='bbox 2375 3943 2537 3997; x_wconf 84' lang='lat' dir='ltr'><strong>habet</strong></span> <span class='ocrx_word' id='word_1_540' title='bbox 2560 3943 2740 4013; x_wconf 84' lang='lat' dir='ltr'><strong>pluma</strong></span> <span class='ocrx_word' id='word_1_541' title='bbox 2770 3945 2977 3999; x_wconf 87' lang='lat' dir='ltr'><strong>minuta</strong></span> <span class='ocrx_word' id='word_1_542' title='bbox 3006 3945 3202 4001; x_wconf 90' lang='lat' dir='ltr'><strong>locum.</strong></span> 
     </span>
    </p>
   </div>
   <div class='ocr_carea' id='block_1_44' title="bbox 237 4031 3308 4110">
    <p class='ocr_par' dir='ltr' id='par_1_44' title="bbox 237 4031 3308 4110">
     <span class='ocr_line' id='line_1_45' title="bbox 237 4031 3308 4110; baseline 0.005 -25"><span class='ocrx_word' id='word_1_543' title='bbox 237 4031 448 4086; x_wconf 77' lang='lat' dir='ltr'><strong>Forsan</strong></span> <span class='ocrx_word' id='word_1_544' title='bbox 485 4047 649 4088; x_wconf 90' lang='lat' dir='ltr'><strong>nosse</strong></span> <span class='ocrx_word' id='word_1_545' title='bbox 677 4034 816 4089; x_wconf 82' lang='lat' dir='ltr'><strong>diem</strong></span> <span class='ocrx_word' id='word_1_546' title='bbox 839 4037 940 4103; x_wconf 79' lang='lat' dir='ltr'><strong>vis,</strong></span> <span class='ocrx_word' id='word_1_547' title='bbox 966 4039 1104 4092; x_wconf 90' lang='lat' dir='ltr'><strong>hanc</strong></span> <span class='ocrx_word' id='word_1_548' title='bbox 1128 4051 1341 4109; x_wconf 88' lang='lat' dir='ltr'><strong>quoque</strong></span> <span class='ocrx_word' id='word_1_549' title='bbox 1364 4041 1532 4108; x_wconf 84' lang='lat' dir='ltr'><strong>disce,</strong></span> <span class='ocrx_word' id='word_1_550' title='bbox 1556 4053 1832 4110; x_wconf 81' lang='lat' dir='ltr'><strong>canemus,</strong></span> <span class='ocrx_word' id='word_1_551' title='bbox 1934 4032 2162 4105; x_wconf 77' lang='lat' dir='ltr'><strong>Jamque</strong></span> <span class='ocrx_word' id='word_1_552' title='bbox 2187 4036 2304 4092; x_wconf 79' lang='lat' dir='ltr'><strong>dies</strong></span> <span class='ocrx_word' id='word_1_553' title='bbox 2332 4043 2515 4091; x_wconf 77' lang='lat' dir='ltr'><strong>sextus</strong></span> <span class='ocrx_word' id='word_1_554' title='bbox 2539 4043 2836 4092; x_wconf 75' lang='lat' dir='ltr'><strong>conventus</strong></span> <span class='ocrx_word' id='word_1_555' title='bbox 2864 4037 3092 4093; x_wconf 81' lang='lat' dir='ltr'><strong>ﬂuxerat</strong></span> <span class='ocrx_word' id='word_1_556' title='bbox 3122 4036 3308 4107; x_wconf 83' lang='lat' dir='ltr'><strong>huius:</strong></span> 
     </span>
    </p>
   </div>
   <div class='ocr_carea' id='block_1_45' title="bbox 308 4123 3310 4199">
    <p class='ocr_par' dir='ltr' id='par_1_45' title="bbox 308 4123 3310 4199">
     <span class='ocr_line' id='line_1_46' title="bbox 308 4123 3310 4199; baseline 0.001 -20"><span class='ocrx_word' id='word_1_557' title='bbox 308 4123 382 4179; x_wconf 90' lang='lat' dir='ltr'><strong>Ut</strong></span> <span class='ocrx_word' id='word_1_558' title='bbox 418 4139 517 4179; x_wconf 90' lang='lat' dir='ltr'><strong>res</strong></span> <span class='ocrx_word' id='word_1_559' title='bbox 539 4125 850 4195; x_wconf 81' lang='lat' dir='ltr'><strong>ambiguum</strong></span> <span class='ocrx_word' id='word_1_560' title='bbox 875 4130 1045 4196; x_wconf 85' lang='lat' dir='ltr'><strong>possit</strong></span> <span class='ocrx_word' id='word_1_561' title='bbox 1067 4130 1267 4184; x_wconf 80' lang='lat' dir='ltr'><strong>habere</strong></span> <span class='ocrx_word' id='word_1_562' title='bbox 1297 4132 1451 4186; x_wconf 82' lang='lat' dir='ltr'><strong>nihil.</strong></span> <span class='ocrx_word' id='word_1_563' title='bbox 2005 4126 2267 4182; x_wconf 86' lang='lat' dir='ltr'><strong>Certatim</strong></span> <span class='ocrx_word' id='word_1_564' title='bbox 2294 4129 2346 4182; x_wconf 91' lang='lat' dir='ltr'><strong>in</strong></span> <span class='ocrx_word' id='word_1_565' title='bbox 2375 4128 2575 4182; x_wconf 90' lang='lat' dir='ltr'><strong>bellum</strong></span> <span class='ocrx_word' id='word_1_566' title='bbox 2605 4138 2755 4198; x_wconf 91' lang='lat' dir='ltr'><strong>parte</strong></span> <span class='ocrx_word' id='word_1_567' title='bbox 2778 4131 2846 4184; x_wconf 89' lang='lat' dir='ltr'><strong>ab</strong></span> <span class='ocrx_word' id='word_1_568' title='bbox 2874 4138 3104 4199; x_wconf 89' lang='lat' dir='ltr'><strong>utraque</strong></span> <span class='ocrx_word' id='word_1_569' title='bbox 3127 4138 3310 4184; x_wconf 90' lang='lat' dir='ltr'><strong>ruunt.</strong></span> 
     </span>
    </p>
   </div>
   <div class='ocr_carea' id='block_1_46' title="bbox 241 4213 3494 4294">
    <p class='ocr_par' dir='ltr' id='par_1_46' title="bbox 241 4213 3494 4294">
     <span class='ocr_line' id='line_1_47' title="bbox 241 4213 3494 4294; baseline 0.001 -23"><span class='ocrx_word' id='word_1_570' title='bbox 241 4213 328 4269; x_wconf 85' lang='lat' dir='ltr'><strong>Bis</strong></span> <span class='ocrx_word' id='word_1_571' title='bbox 355 4223 582 4286; x_wconf 80' lang='lat' dir='ltr'><strong>partem</strong></span> <span class='ocrx_word' id='word_1_572' title='bbox 611 4217 882 4272; x_wconf 85' lang='lat' dir='ltr'><strong>undenam</strong></span> <span class='ocrx_word' id='word_1_573' title='bbox 912 4220 1066 4275; x_wconf 83' lang='lat' dir='ltr'><strong>solidi</strong></span> <span class='ocrx_word' id='word_1_574' title='bbox 1097 4230 1213 4275; x_wconf 78' lang='lat' dir='ltr'><strong>ruta</strong></span> <span class='ocrx_word' id='word_1_575' title='bbox 1238 4223 1367 4278; x_wconf 86' lang='lat' dir='ltr'><strong>solis</strong></span> <span class='ocrx_word' id='word_1_576' title='bbox 1396 4224 1599 4294; x_wconf 79' lang='lat' dir='ltr'><strong>Aquari</strong></span> <span class='ocrx_word' id='word_1_577' title='bbox 1934 4219 2104 4290; x_wconf 86' lang='lat' dir='ltr'><strong>Inque</strong></span> <span class='ocrx_word' id='word_1_578' title='bbox 2131 4221 2304 4274; x_wconf 89' lang='lat' dir='ltr'><strong>vicem</strong></span> <span class='ocrx_word' id='word_1_579' title='bbox 2334 4221 2538 4276; x_wconf 86' lang='lat' dir='ltr'><strong>laniant</strong></span> <span class='ocrx_word' id='word_1_580' title='bbox 2568 4235 2626 4276; x_wconf 88' lang='lat' dir='ltr'><strong>se</strong></span> <span class='ocrx_word' id='word_1_581' title='bbox 2651 4223 2778 4276; x_wconf 88' lang='lat' dir='ltr'><strong>hinc</strong></span> <span class='ocrx_word' id='word_1_582' title='bbox 2807 4223 3097 4285; x_wconf 85' lang='lat' dir='ltr'><strong>morsibus,</strong></span> <span class='ocrx_word' id='word_1_583' title='bbox 3126 4222 3322 4275; x_wconf 87' lang='lat' dir='ltr'><strong>ictibus</strong></span> <span class='ocrx_word' id='word_1_584' title='bbox 3349 4217 3494 4274; x_wconf 82' lang='lat' dir='ltr'><strong>illinc</strong></span> 
     </span>
    </p>
   </div>
   <div class='ocr_carea' id='block_1_47' title="bbox 309 4309 3174 4382">
    <p class='ocr_par' dir='ltr' id='par_1_47' title="bbox 309 4309 3174 4382">
     <span class='ocr_line' id='line_1_48' title="bbox 309 4309 3174 4382; baseline 0.002 -19"><span class='ocrx_word' id='word_1_585' title='bbox 309 4309 646 4378; x_wconf 84' lang='lat' dir='ltr'><strong>Scanderat,</strong></span> <span class='ocrx_word' id='word_1_586' title='bbox 673 4313 728 4366; x_wconf 86' lang='lat' dir='ltr'><strong>in</strong></span> <span class='ocrx_word' id='word_1_587' title='bbox 754 4321 906 4367; x_wconf 79' lang='lat' dir='ltr'><strong>sexta</strong></span> <span class='ocrx_word' id='word_1_588' title='bbox 935 4313 1169 4382; x_wconf 80' lang='lat' dir='ltr'><strong>lunaque</strong></span> <span class='ocrx_word' id='word_1_589' title='bbox 1189 4317 1360 4370; x_wconf 85' lang='lat' dir='ltr'><strong>Piscis</strong></span> <span class='ocrx_word' id='word_1_590' title='bbox 1387 4326 1522 4371; x_wconf 85' lang='lat' dir='ltr'><strong>erat.</strong></span> <span class='ocrx_word' id='word_1_591' title='bbox 2006 4311 2215 4381; x_wconf 78' lang='lat' dir='ltr'><strong>Ingenti</strong></span> <span class='ocrx_word' id='word_1_592' title='bbox 2242 4311 2439 4366; x_wconf 82' lang='lat' dir='ltr'><strong>bellum</strong></span> <span class='ocrx_word' id='word_1_593' title='bbox 2469 4313 2645 4381; x_wconf 78' lang='lat' dir='ltr'><strong>surgit</strong></span> <span class='ocrx_word' id='word_1_594' title='bbox 2673 4313 2946 4380; x_wconf 87' lang='lat' dir='ltr'><strong>utrimque</strong></span> <span class='ocrx_word' id='word_1_595' title='bbox 2975 4313 3174 4368; x_wconf 86' lang='lat' dir='ltr'><strong>animo.</strong></span> 
     </span>
    </p>
   </div>
   <div class='ocr_carea' id='block_1_48' title="bbox 240 4399 3412 4480">
    <p class='ocr_par' dir='ltr' id='par_1_48' title="bbox 240 4399 3412 4480">
     <span class='ocr_line' id='line_1_49' title="bbox 240 4399 3412 4480; baseline 0.001 -26"><span class='ocrx_word' id='word_1_596' title='bbox 240 4399 370 4457; x_wconf 88' lang='lat' dir='ltr'><strong>Tale</strong></span> <span class='ocrx_word' id='word_1_597' title='bbox 394 4405 536 4473; x_wconf 90' lang='lat' dir='ltr'><strong>quid</strong></span> <span class='ocrx_word' id='word_1_598' title='bbox 563 4413 882 4461; x_wconf 85' lang='lat' dir='ltr'><strong>asseverant</strong></span> <span class='ocrx_word' id='word_1_599' title='bbox 910 4413 964 4462; x_wconf 89' lang='lat' dir='ltr'><strong>te</strong></span> <span class='ocrx_word' id='word_1_600' title='bbox 989 4405 1185 4462; x_wconf 80' lang='lat' dir='ltr'><strong>ﬂumen</strong></span> <span class='ocrx_word' id='word_1_601' title='bbox 1211 4408 1402 4464; x_wconf 87' lang='lat' dir='ltr'><strong>idonea</strong></span> <span class='ocrx_word' id='word_1_602' title='bbox 1428 4424 1670 4480; x_wconf 87' lang='lat' dir='ltr'><strong>passum,</strong></span> <span class='ocrx_word' id='word_1_603' title='bbox 1938 4403 2078 4459; x_wconf 82' lang='lat' dir='ltr'><strong>Hinc</strong></span> <span class='ocrx_word' id='word_1_604' title='bbox 2110 4403 2359 4466; x_wconf 80' lang='lat' dir='ltr'><strong>Rutulos,</strong></span> <span class='ocrx_word' id='word_1_605' title='bbox 2400 4403 2548 4458; x_wconf 88' lang='lat' dir='ltr'><strong>illinc</strong></span> <span class='ocrx_word' id='word_1_606' title='bbox 2575 4404 2760 4460; x_wconf 87' lang='lat' dir='ltr'><strong>videas</strong></span> <span class='ocrx_word' id='word_1_607' title='bbox 2786 4418 3117 4474; x_wconf 78' lang='lat' dir='ltr'><strong>consurgere</strong></span> <span class='ocrx_word' id='word_1_608' title='bbox 3145 4403 3412 4469; x_wconf 82' lang='lat' dir='ltr'><strong>Teucros,</strong></span> 
     </span>
    </p>
   </div>
   <div class='ocr_carea' id='block_1_49' title="bbox 310 4493 1908 4571">
    <p class='ocr_par' dir='ltr' id='par_1_49' title="bbox 310 4493 1731 4571">
     <span class='ocr_line' id='line_1_50' title="bbox 310 4493 1731 4571; baseline 0.007 -23"><span class='ocrx_word' id='word_1_609' title='bbox 310 4493 429 4550; x_wconf 83' lang='lat' dir='ltr'><strong>Hac</strong></span> <span class='ocrx_word' id='word_1_610' title='bbox 459 4497 613 4566; x_wconf 90' lang='lat' dir='ltr'><strong>quod</strong></span> <span class='ocrx_word' id='word_1_611' title='bbox 638 4495 707 4552; x_wconf 90' lang='lat' dir='ltr'><strong>ab</strong></span> <span class='ocrx_word' id='word_1_612' title='bbox 731 4499 864 4553; x_wconf 86' lang='lat' dir='ltr'><strong>urbe</strong></span> <span class='ocrx_word' id='word_1_613' title='bbox 897 4497 1066 4554; x_wconf 79' lang='lat' dir='ltr'><strong>ﬂuens</strong></span> <span class='ocrx_word' id='word_1_614' title='bbox 1091 4509 1173 4554; x_wconf 86' lang='lat' dir='ltr'><strong>sat</strong></span> <span class='ocrx_word' id='word_1_615' title='bbox 1199 4516 1367 4571; x_wconf 89' lang='lat' dir='ltr'><strong>prope</strong></span> <span class='ocrx_word' id='word_1_616' title='bbox 1395 4500 1553 4556; x_wconf 87' lang='lat' dir='ltr'><strong>Sarta</strong></span> <span class='ocrx_word' id='word_1_617' title='bbox 1578 4502 1731 4559; x_wconf 89' lang='lat' dir='ltr'><strong>bibit.</strong></span> 
     </span>
    </p>
   </div>
   <div class='ocr_carea' id='block_1_50' title="bbox 1716 4493 3314 4571">
    <p class='ocr_par' dir='ltr' id='par_1_50' title="bbox 1719 4493 3314 4565">
     <span class='ocr_line' id='line_1_51' title="bbox 1719 4493 3314 4565; baseline 0 -15"><span class='ocrx_word' id='word_1_618' title='bbox 1719 4545 1731 4558; x_wconf 88' lang='grc'><em>,</em></span> <span class='ocrx_word' id='word_1_619' title='bbox 2013 4494 2217 4550; x_wconf 62' lang='lat' dir='ltr'><strong>Saevire</strong></span> <span class='ocrx_word' id='word_1_620' title='bbox 2244 4503 2301 4550; x_wconf 90' lang='lat' dir='ltr'><strong>et</strong></span> <span class='ocrx_word' id='word_1_621' title='bbox 2335 4493 2558 4550; x_wconf 78' lang='lat' dir='ltr'><strong>Martem</strong></span> <span class='ocrx_word' id='word_1_622' title='bbox 2584 4503 2743 4565; x_wconf 88' lang='lat' dir='ltr'><strong>parte</strong></span> <span class='ocrx_word' id='word_1_623' title='bbox 2772 4495 2840 4554; x_wconf 88' lang='lat' dir='ltr'><strong>ah</strong></span> <span class='ocrx_word' id='word_1_624' title='bbox 2864 4502 3093 4564; x_wconf 80' lang='lat' dir='ltr'><strong>utraque</strong></span> <span class='ocrx_word' id='word_1_625' title='bbox 3120 4493 3314 4551; x_wconf 81' lang='lat' dir='ltr'><strong>ferum.</strong></span> 
     </span>
    </p>
   </div>
   <div class='ocr_carea' id='block_1_51' title="bbox 241 4584 3315 4680">
    <p class='ocr_par' dir='ltr' id='par_1_51' title="bbox 241 4584 3315 4680">
     <span class='ocr_line' id='line_1_52' title="bbox 241 4584 3315 4680; baseline 0.003 -38"><span class='ocrx_word' id='word_1_626' title='bbox 241 4584 440 4653; x_wconf 80' lang='lat' dir='ltr'><strong>Quaere</strong></span> <span class='ocrx_word' id='word_1_627' title='bbox 474 4587 658 4644; x_wconf 91' lang='lat' dir='ltr'><strong>locum</strong></span> <span class='ocrx_word' id='word_1_628' title='bbox 685 4605 752 4644; x_wconf 79' lang='lat' dir='ltr'><strong>ex</strong></span> <span class='ocrx_word' id='word_1_629' title='bbox 783 4591 925 4656; x_wconf 89' lang='lat' dir='ltr'><strong>aliis,</strong></span> <span class='ocrx_word' id='word_1_630' title='bbox 954 4591 1058 4646; x_wconf 87' lang='lat' dir='ltr'><strong>diei</strong></span> <span class='ocrx_word' id='word_1_631' title='bbox 1093 4591 1186 4646; x_wconf 89' lang='lat' dir='ltr'><strong>tibi</strong></span> <span class='ocrx_word' id='word_1_632' title='bbox 1211 4601 1457 4664; x_wconf 89' lang='lat' dir='ltr'><strong>tempora</strong></span> <span class='ocrx_word' id='word_1_633' title='bbox 1481 4595 1659 4650; x_wconf 89' lang='lat' dir='ltr'><strong>dicam</strong></span> <span class='ocrx_word' id='word_1_634' title='bbox 1677 4637 1690 4662; x_wconf 93' lang='lat'><strong>,</strong></span> <span class='ocrx_word' id='word_1_635' title='bbox 1863 4619 1918 4680; x_wconf 66' lang='grc' dir='ltr'><strong>Β</strong></span> <span class='ocrx_word' id='word_1_636' title='bbox 1940 4586 2108 4644; x_wconf 86' lang='lat' dir='ltr'><strong>Glans</strong></span> <span class='ocrx_word' id='word_1_637' title='bbox 2134 4586 2279 4644; x_wconf 89' lang='lat' dir='ltr'><strong>cadit</strong></span> <span class='ocrx_word' id='word_1_638' title='bbox 2302 4596 2563 4644; x_wconf 89' lang='lat' dir='ltr'><strong>autumno</strong></span> <span class='ocrx_word' id='word_1_639' title='bbox 2590 4587 2754 4644; x_wconf 87' lang='lat' dir='ltr'><strong>veluti</strong></span> <span class='ocrx_word' id='word_1_640' title='bbox 2783 4588 2850 4644; x_wconf 88' lang='lat' dir='ltr'><strong>de</strong></span> <span class='ocrx_word' id='word_1_641' title='bbox 2873 4588 3056 4658; x_wconf 84' lang='lat' dir='ltr'><strong>stipite</strong></span> <span class='ocrx_word' id='word_1_642' title='bbox 3081 4602 3315 4658; x_wconf 69' lang='lat' dir='ltr'><strong>querna.</strong></span> 
     </span>
    </p>
   </div>
   <div class='ocr_carea' id='block_1_52' title="bbox 310 4677 3152 4753">
    <p class='ocr_par' dir='ltr' id='par_1_52' title="bbox 310 4677 3152 4753">
     <span class='ocr_line' id='line_1_53' title="bbox 310 4677 3152 4753; baseline 0.004 -20"><span class='ocrx_word' id='word_1_643' title='bbox 310 4677 578 4735; x_wconf 86' lang='lat' dir='ltr'><strong>Crastina</strong></span> <span class='ocrx_word' id='word_1_644' title='bbox 605 4681 846 4751; x_wconf 68' lang='lat' dir='ltr'><strong>praefatis</strong></span> <span class='ocrx_word' id='word_1_645' title='bbox 873 4694 963 4740; x_wconf 86' lang='lat' dir='ltr'><strong>res</strong></span> <span class='ocrx_word' id='word_1_646' title='bbox 989 4682 1088 4738; x_wconf 81' lang='lat' dir='ltr'><strong>fuit</strong></span> <span class='ocrx_word' id='word_1_647' title='bbox 1114 4685 1220 4740; x_wconf 83' lang='lat' dir='ltr'><strong>ista</strong></span> <span class='ocrx_word' id='word_1_648' title='bbox 1243 4686 1343 4741; x_wconf 91' lang='lat' dir='ltr'><strong>rei.</strong></span> <span class='ocrx_word' id='word_1_649' title='bbox 1874 4677 1899 4680; x_wconf 23' lang='grc' dir='ltr'><strong>ἡ</strong></span> <span class='ocrx_word' id='word_1_650' title='bbox 2016 4681 2284 4736; x_wconf 84' lang='lat' dir='ltr'><strong>Maturum</strong></span> <span class='ocrx_word' id='word_1_651' title='bbox 2304 4688 2361 4737; x_wconf 83' lang='lat' dir='ltr'><strong>et</strong></span> <span class='ocrx_word' id='word_1_652' title='bbox 2387 4681 2571 4737; x_wconf 84' lang='lat' dir='ltr'><strong>folium</strong></span> <span class='ocrx_word' id='word_1_653' title='bbox 2589 4679 2706 4751; x_wconf 83' lang='lat' dir='ltr'><strong>jam</strong></span> <span class='ocrx_word' id='word_1_654' title='bbox 2733 4682 2986 4738; x_wconf 79' lang='lat' dir='ltr'><strong>veniente</strong></span> <span class='ocrx_word' id='word_1_655' title='bbox 3009 4681 3152 4753; x_wconf 77' lang='lat' dir='ltr'><strong>gelu.</strong></span> 
     </span>
    </p>
   </div>
   <div class='ocr_carea' id='block_1_53' title="bbox 242 4768 3160 4852">
    <p class='ocr_par' dir='ltr' id='par_1_53' title="bbox 242 4768 3160 4852">
     <span class='ocr_line' id='line_1_54' title="bbox 242 4768 3160 4852; baseline 0.006 -29"><span class='ocrx_word' id='word_1_656' title='bbox 242 4768 398 4826; x_wconf 82' lang='lat' dir='ltr'><strong>nunc</strong></span> <span class='ocrx_word' id='word_1_657' title='bbox 419 4788 647 4843; x_wconf 87' lang='lat' dir='ltr'><strong>quoque</strong></span> <span class='ocrx_word' id='word_1_658' title='bbox 668 4774 938 4831; x_wconf 86' lang='lat' dir='ltr'><strong>defectum</strong></span> <span class='ocrx_word' id='word_1_659' title='bbox 957 4779 1100 4847; x_wconf 83' lang='lat' dir='ltr'><strong>quod</strong></span> <span class='ocrx_word' id='word_1_660' title='bbox 1119 4793 1280 4849; x_wconf 89' lang='lat' dir='ltr'><strong>passa</strong></span> <span class='ocrx_word' id='word_1_661' title='bbox 1307 4780 1378 4835; x_wconf 86' lang='lat' dir='ltr'><strong>sit</strong></span> <span class='ocrx_word' id='word_1_662' title='bbox 1394 4781 1607 4852; x_wconf 80' lang='lat' dir='ltr'><strong>Angera</strong></span> <span class='ocrx_word' id='word_1_663' title='bbox 1629 4782 1834 4852; x_wconf 75' lang='lat' dir='ltr'><strong>dicant,</strong></span> <span class='ocrx_word' id='word_1_664' title='bbox 1947 4772 2062 4827; x_wconf 86' lang='lat' dir='ltr'><strong>Non</strong></span> <span class='ocrx_word' id='word_1_665' title='bbox 2089 4773 2249 4829; x_wconf 76' lang='lat' dir='ltr'><strong>aliter</strong></span> <span class='ocrx_word' id='word_1_666' title='bbox 2275 4773 2453 4829; x_wconf 79' lang='lat' dir='ltr'><strong>avium</strong></span> <span class='ocrx_word' id='word_1_667' title='bbox 2487 4774 2725 4830; x_wconf 81' lang='lat' dir='ltr'><strong>moriens</strong></span> <span class='ocrx_word' id='word_1_668' title='bbox 2749 4775 3024 4831; x_wconf 76' lang='lat' dir='ltr'><strong>exercitus</strong></span> <span class='ocrx_word' id='word_1_669' title='bbox 3049 4774 3160 4830; x_wconf 83' lang='lat' dir='ltr'><strong>illic</strong></span> 
     </span>
    </p>
   </div>
   <div class='ocr_carea' id='block_1_54' title="bbox 315 4860 3281 4939">
    <p class='ocr_par' dir='ltr' id='par_1_54' title="bbox 315 4860 3281 4939">
     <span class='ocr_line' id='line_1_55' title="bbox 315 4860 3281 4939; baseline 0.001 -21"><span class='ocrx_word' id='word_1_670' title='bbox 315 4860 427 4920; x_wconf 89' lang='lat' dir='ltr'><strong>Sed</strong></span> <span class='ocrx_word' id='word_1_671' title='bbox 456 4865 618 4922; x_wconf 79' lang='lat' dir='ltr'><strong>locus</strong></span> <span class='ocrx_word' id='word_1_672' title='bbox 632 4875 805 4938; x_wconf 87' lang='lat' dir='ltr'><strong>‘atque</strong></span> <span class='ocrx_word' id='word_1_673' title='bbox 829 4871 946 4925; x_wconf 89' lang='lat' dir='ltr'><strong>dies</strong></span> <span class='ocrx_word' id='word_1_674' title='bbox 967 4879 1094 4926; x_wconf 66' lang='lat' dir='ltr'><strong>Sunt</strong></span> <span class='ocrx_word' id='word_1_675' title='bbox 1123 4872 1256 4927; x_wconf 88' lang='lat' dir='ltr'><strong>mihi</strong></span> <span class='ocrx_word' id='word_1_676' title='bbox 1286 4881 1411 4928; x_wconf 89' lang='lat' dir='ltr'><strong>nota</strong></span> <span class='ocrx_word' id='word_1_677' title='bbox 1441 4875 1638 4931; x_wconf 90' lang='lat' dir='ltr'><strong>minus.</strong></span> <span class='ocrx_word' id='word_1_678' title='bbox 2016 4868 2244 4934; x_wconf 86' lang='lat' dir='ltr'><strong>Decidit,</strong></span> <span class='ocrx_word' id='word_1_679' title='bbox 2268 4875 2324 4923; x_wconf 88' lang='lat' dir='ltr'><strong>et</strong></span> <span class='ocrx_word' id='word_1_680' title='bbox 2353 4883 2547 4939; x_wconf 81' lang='lat' dir='ltr'><strong>magna</strong></span> <span class='ocrx_word' id='word_1_681' title='bbox 2573 4877 2756 4939; x_wconf 77' lang='lat' dir='ltr'><strong>strage</strong></span> <span class='ocrx_word' id='word_1_682' title='bbox 2780 4869 3008 4938; x_wconf 82' lang='lat' dir='ltr'><strong>replevit</strong></span> <span class='ocrx_word' id='word_1_683' title='bbox 3036 4869 3281 4924; x_wconf 79' lang='lat' dir='ltr'><strong>humum.</strong></span> 
     </span>
    </p>
   </div>
   <div class='ocr_carea' id='block_1_55' title="bbox 243 4954 3234 5036">
    <p class='ocr_par' dir='ltr' id='par_1_55' title="bbox 243 4954 3234 5036">
     <span class='ocr_line' id='line_1_56' title="bbox 243 4954 3234 5036; baseline 0.006 -26"><span class='ocrx_word' id='word_1_684' title='bbox 243 4954 379 5011; x_wconf 85' lang='lat' dir='ltr'><strong>Nam</strong></span> <span class='ocrx_word' id='word_1_685' title='bbox 411 4960 616 5030; x_wconf 82' lang='lat' dir='ltr'><strong>grandi</strong></span> <span class='ocrx_word' id='word_1_686' title='bbox 644 4961 822 5020; x_wconf 87' lang='lat' dir='ltr'><strong>studio</strong></span> <span class='ocrx_word' id='word_1_687' title='bbox 842 4964 1207 5033; x_wconf 89' lang='lat' dir='ltr'><strong>perquirimus</strong></span> <span class='ocrx_word' id='word_1_688' title='bbox 1230 4965 1350 5032; x_wconf 89' lang='lat' dir='ltr'><strong>ista,</strong></span> <span class='ocrx_word' id='word_1_689' title='bbox 1373 4971 1519 5036; x_wconf 85' lang='lat' dir='ltr'><strong>quod</strong></span> <span class='ocrx_word' id='word_1_690' title='bbox 1550 4967 1626 5022; x_wconf 88' lang='lat' dir='ltr'><strong>illi</strong></span> <span class='ocrx_word' id='word_1_691' title='bbox 1944 4957 2080 5013; x_wconf 77' lang='lat' dir='ltr'><strong>Nam</strong></span> <span class='ocrx_word' id='word_1_692' title='bbox 2113 4971 2257 5014; x_wconf 71' lang='lat' dir='ltr'><strong>teres</strong></span> <span class='ocrx_word' id='word_1_693' title='bbox 2283 4962 2491 5015; x_wconf 53' lang='grc' dir='ltr'>ωειπὶε</span> <span class='ocrx_word' id='word_1_694' title='bbox 2519 4960 2776 5029; x_wconf 59' lang='lat' dir='ltr'><strong>impletur</strong></span> <span class='ocrx_word' id='word_1_695' title='bbox 2797 4969 2858 5015; x_wconf 69' lang='grc' dir='ltr'><strong>αι</strong></span> <span class='ocrx_word' id='word_1_696' title='bbox 2879 4977 3004 5018; x_wconf 66' lang='lat' dir='ltr'><strong>ama</strong></span> <span class='ocrx_word' id='word_1_697' title='bbox 3033 4962 3234 5034; x_wconf 63' lang='lat' dir='ltr'><strong>granis,</strong></span> 
     </span>
    </p>
   </div>
   <div class='ocr_carea' id='block_1_56' title="bbox 314 5049 3270 5124">
    <p class='ocr_par' dir='ltr' id='par_1_56' title="bbox 314 5049 3270 5124">
     <span class='ocr_line' id='line_1_57' title="bbox 314 5049 3270 5124; baseline 0.001 -22"><span class='ocrx_word' id='word_1_698' title='bbox 314 5049 421 5116; x_wconf 85' lang='lat' dir='ltr'><strong>Qui</strong></span> <span class='ocrx_word' id='word_1_699' title='bbox 454 5062 688 5108; x_wconf 80' lang='lat' dir='ltr'><strong>narrant</strong></span> <span class='ocrx_word' id='word_1_700' title='bbox 710 5065 809 5124; x_wconf 75' lang='lat' dir='ltr'><strong>per</strong></span> <span class='ocrx_word' id='word_1_701' title='bbox 837 5070 926 5110; x_wconf 81' lang='lat' dir='ltr'><strong>me</strong></span> <span class='ocrx_word' id='word_1_702' title='bbox 951 5071 1111 5112; x_wconf 77' lang='lat' dir='ltr'><strong>nosse</strong></span> <span class='ocrx_word' id='word_1_703' title='bbox 1139 5056 1318 5112; x_wconf 71' lang='lat' dir='ltr'><strong>futura</strong></span> <span class='ocrx_word' id='word_1_704' title='bbox 1347 5058 1551 5114; x_wconf 68' lang='lat' dir='ltr'><strong>volunt,</strong></span> <span class='ocrx_word' id='word_1_705' title='bbox 2016 5051 2253 5121; x_wconf 86' lang='lat' dir='ltr'><strong>Campus</strong></span> <span class='ocrx_word' id='word_1_706' title='bbox 2281 5053 2357 5106; x_wconf 86' lang='lat' dir='ltr'><strong>ita</strong></span> <span class='ocrx_word' id='word_1_707' title='bbox 2391 5055 2658 5107; x_wconf 85' lang='lat' dir='ltr'><strong>exstincta</strong></span> <span class='ocrx_word' id='word_1_708' title='bbox 2684 5054 2762 5109; x_wconf 91' lang='lat' dir='ltr'><strong>sic</strong></span> <span class='ocrx_word' id='word_1_709' title='bbox 2791 5070 2888 5109; x_wconf 89' lang='lat' dir='ltr'><strong>ave</strong></span> <span class='ocrx_word' id='word_1_710' title='bbox 2915 5055 3104 5124; x_wconf 90' lang='lat' dir='ltr'><strong>plenus</strong></span> <span class='ocrx_word' id='word_1_711' title='bbox 3133 5061 3270 5108; x_wconf 89' lang='lat' dir='ltr'><strong>erat.</strong></span> 
     </span>
    </p>
   </div>
   <div class='ocr_carea' id='block_1_57' title="bbox 246 5137 3519 5220">
    <p class='ocr_par' dir='ltr' id='par_1_57' title="bbox 246 5137 3519 5220">
     <span class='ocr_line' id='line_1_58' title="bbox 246 5137 3519 5220; baseline 0.005 -29"><span class='ocrx_word' id='word_1_712' title='bbox 246 5137 363 5193; x_wconf 78' lang='lat' dir='ltr'><strong>Non</strong></span> <span class='ocrx_word' id='word_1_713' title='bbox 391 5142 447 5197; x_wconf 90' lang='lat' dir='ltr'><strong>id</strong></span> <span class='ocrx_word' id='word_1_714' title='bbox 476 5151 670 5212; x_wconf 83' lang='lat' dir='ltr'><strong>aperta</strong></span> <span class='ocrx_word' id='word_1_715' title='bbox 697 5145 863 5210; x_wconf 83' lang='lat' dir='ltr'><strong>canit,</strong></span> <span class='ocrx_word' id='word_1_716' title='bbox 891 5156 991 5201; x_wconf 86' lang='lat' dir='ltr'><strong>nec</strong></span> <span class='ocrx_word' id='word_1_717' title='bbox 1018 5147 1121 5202; x_wconf 89' lang='lat' dir='ltr'><strong>erit</strong></span> <span class='ocrx_word' id='word_1_718' title='bbox 1147 5163 1252 5203; x_wconf 84' lang='lat' dir='ltr'><strong>vox</strong></span> <span class='ocrx_word' id='word_1_719' title='bbox 1275 5164 1489 5220; x_wconf 85' lang='lat' dir='ltr'><strong>semper</strong></span> <span class='ocrx_word' id='word_1_720' title='bbox 1514 5158 1732 5220; x_wconf 84' lang='lat' dir='ltr'><strong>operta:</strong></span> <span class='ocrx_word' id='word_1_721' title='bbox 1945 5143 1990 5197; x_wconf 81' lang='grc' dir='ltr'><strong>Α</strong></span> <span class='ocrx_word' id='word_1_722' title='bbox 2020 5145 2193 5198; x_wconf 82' lang='lat' dir='ltr'><strong>Borea</strong></span> <span class='ocrx_word' id='word_1_723' title='bbox 2227 5145 2281 5198; x_wconf 90' lang='lat' dir='ltr'><strong>in</strong></span> <span class='ocrx_word' id='word_1_724' title='bbox 2312 5143 2543 5200; x_wconf 84' lang='lat' dir='ltr'><strong>Boream</strong></span> <span class='ocrx_word' id='word_1_725' title='bbox 2573 5147 2794 5203; x_wconf 79' lang='lat' dir='ltr'><strong>veniens</strong></span> <span class='ocrx_word' id='word_1_726' title='bbox 2821 5163 2948 5218; x_wconf 82' lang='lat' dir='ltr'><strong>pars</strong></span> <span class='ocrx_word' id='word_1_727' title='bbox 2976 5163 3144 5218; x_wconf 82' lang='lat' dir='ltr'><strong>parva</strong></span> <span class='ocrx_word' id='word_1_728' title='bbox 3173 5157 3390 5214; x_wconf 66' lang='lat' dir='ltr'><strong>reversa</strong></span> <span class='ocrx_word' id='word_1_729' title='bbox 3417 5151 3519 5208; x_wconf 71' lang='lat' dir='ltr'><strong>est,</strong></span> 
     </span>
    </p>
   </div>
   <div class='ocr_carea' id='block_1_58' title="bbox 317 5230 3391 5310">
    <p class='ocr_par' dir='ltr' id='par_1_58' title="bbox 317 5230 3391 5310">
     <span class='ocr_line' id='line_1_59' title="bbox 317 5230 3391 5310; baseline -0.001 -21"><span class='ocrx_word' id='word_1_730' title='bbox 317 5230 603 5304; x_wconf 86' lang='lat' dir='ltr'><strong>Tempore</strong></span> <span class='ocrx_word' id='word_1_731' title='bbox 624 5249 858 5308; x_wconf 81' lang='lat' dir='ltr'><strong>namque</strong></span> <span class='ocrx_word' id='word_1_732' title='bbox 881 5247 1108 5294; x_wconf 78' lang='lat' dir='ltr'><strong>manent</strong></span> <span class='ocrx_word' id='word_1_733' title='bbox 1137 5239 1242 5294; x_wconf 81' lang='lat' dir='ltr'><strong>ista</strong></span> <span class='ocrx_word' id='word_1_734' title='bbox 1262 5243 1505 5296; x_wconf 76' lang='lat' dir='ltr'><strong>canenda</strong></span> <span class='ocrx_word' id='word_1_735' title='bbox 1534 5257 1650 5297; x_wconf 75' lang='lat' dir='ltr'><strong>suo,</strong></span> <span class='ocrx_word' id='word_1_736' title='bbox 1848 5283 1851 5286; x_wconf 90' lang='lat'><strong>.</strong></span> <span class='ocrx_word' id='word_1_737' title='bbox 2020 5237 2155 5290; x_wconf 88' lang='lat' dir='ltr'><strong>Tota</strong></span> <span class='ocrx_word' id='word_1_738' title='bbox 2182 5237 2238 5290; x_wconf 92' lang='lat' dir='ltr'><strong>in</strong></span> <span class='ocrx_word' id='word_1_739' title='bbox 2267 5244 2500 5306; x_wconf 87' lang='lat' dir='ltr'><strong>utraque</strong></span> <span class='ocrx_word' id='word_1_740' title='bbox 2524 5237 2722 5294; x_wconf 87' lang='lat' dir='ltr'><strong>cohors</strong></span> <span class='ocrx_word' id='word_1_741' title='bbox 2747 5247 2901 5310; x_wconf 86' lang='lat' dir='ltr'><strong>parte</strong></span> <span class='ocrx_word' id='word_1_742' title='bbox 2928 5244 3203 5310; x_wconf 84' lang='lat' dir='ltr'><strong>perempta</strong></span> <span class='ocrx_word' id='word_1_743' title='bbox 3226 5232 3391 5302; x_wconf 82' lang='lat' dir='ltr'><strong>jacet.</strong></span> 
     </span>
    </p>
   </div>
   <div class='ocr_carea' id='block_1_59' title="bbox 619 5321 3524 5406">
    <p class='ocr_par' dir='ltr' id='par_1_59' title="bbox 619 5321 3524 5406">
     <span class='ocr_line' id='line_1_60' title="bbox 619 5321 3524 5406; baseline -0.011 5"><span class='ocrx_word' id='word_1_744' title='bbox 619 5347 622 5350; x_wconf 62' lang='grc'><strong>’</strong></span> <span class='ocrx_word' id='word_1_745' title='bbox 999 5351 1107 5406; x_wconf 83' lang='lat' dir='ltr'><strong>Vll.</strong></span> <span class='ocrx_word' id='word_1_746' title='bbox 1946 5327 2056 5384; x_wconf 83' lang='lat' dir='ltr'><strong>Res</strong></span> <span class='ocrx_word' id='word_1_747' title='bbox 2094 5336 2253 5383; x_wconf 89' lang='lat' dir='ltr'><strong>sonat</strong></span> <span class='ocrx_word' id='word_1_748' title='bbox 2291 5328 2432 5395; x_wconf 91' lang='lat' dir='ltr'><strong>ista,</strong></span> <span class='ocrx_word' id='word_1_749' title='bbox 2483 5329 2631 5384; x_wconf 90' lang='lat' dir='ltr'><strong>venit</strong></span> <span class='ocrx_word' id='word_1_750' title='bbox 2678 5323 2944 5401; x_wconf 90' lang='lat' dir='ltr'><strong>populus,</strong></span> <span class='ocrx_word' id='word_1_751' title='bbox 2991 5321 3304 5394; x_wconf 80' lang='lat' dir='ltr'><strong>factumque</strong></span> <span class='ocrx_word' id='word_1_752' title='bbox 3341 5334 3524 5396; x_wconf 79' lang='lat' dir='ltr'><strong>stupe-</strong></span> 
     </span>
    </p>
   </div>
   <div class='ocr_carea' id='block_1_60' title="bbox 562 5417 2160 5492">
    <p class='ocr_par' dir='ltr' id='par_1_60' title="bbox 562 5435 1564 5478">
     <span class='ocr_line' id='line_1_61' title="bbox 562 5435 1564 5478; baseline 0.001 -3"><span class='ocrx_word' id='word_1_753' title='bbox 562 5436 628 5475; x_wconf 75' lang='lat' dir='ltr'><strong>DE</strong></span> <span class='ocrx_word' id='word_1_754' title='bbox 657 5435 828 5477; x_wconf 67' lang='lat' dir='ltr'><strong>PUGNA</strong></span> <span class='ocrx_word' id='word_1_755' title='bbox 855 5437 1020 5476; x_wconf 72' lang='grc' dir='ltr'><strong>Αγιωι</strong></span> <span class='ocrx_word' id='word_1_756' title='bbox 1060 5438 1112 5475; x_wconf 80' lang='grc' dir='ltr'><strong>ΙΝ</strong></span> <span class='ocrx_word' id='word_1_757' title='bbox 1141 5438 1315 5476; x_wconf 76' lang='lat' dir='ltr'><strong>TERRA</strong></span> <span class='ocrx_word' id='word_1_758' title='bbox 1345 5437 1564 5478; x_wconf 72' lang='lat' dir='ltr'><strong>TOLOSA.</strong></span> 
     </span>
    </p>
   </div>
   <div class='ocr_carea' id='block_1_61' title="bbox 1921 5417 3519 5492">
    <p class='ocr_par' dir='ltr' id='par_1_61' title="bbox 3303 5417 3519 5492">
     <span class='ocr_line' id='line_1_62' title="bbox 3303 5417 3519 5492; baseline -0.019 -17"><span class='ocrx_word' id='word_1_759' title='bbox 3303 5417 3482 5492; x_wconf 83' lang='lat' dir='ltr'><strong>[scunt</strong></span> <span class='ocrx_word' id='word_1_760' title='bbox 3509 5437 3519 5471; x_wconf 85' lang='lat'><strong>:</strong></span> 
     </span>
    </p>
   </div>
   <div class='ocr_carea' id='block_1_62' title="bbox 248 5509 3176 5586">
    <p class='ocr_par' dir='ltr' id='par_1_62' title="bbox 248 5509 3176 5586">
     <span class='ocr_line' id='line_1_63' title="bbox 248 5509 3176 5586; baseline -0.001 -21"><span class='ocrx_word' id='word_1_761' title='bbox 248 5511 440 5570; x_wconf 80' lang='lat' dir='ltr'><strong>Rebus</strong></span> <span class='ocrx_word' id='word_1_762' title='bbox 466 5521 530 5569; x_wconf 88' lang='lat' dir='ltr'><strong>et</strong></span> <span class='ocrx_word' id='word_1_763' title='bbox 555 5516 817 5586; x_wconf 80' lang='lat' dir='ltr'><strong>exemplis</strong></span> <span class='ocrx_word' id='word_1_764' title='bbox 843 5515 1085 5586; x_wconf 63' lang='lat' dir='ltr'><strong>quaedam</strong></span> <span class='ocrx_word' id='word_1_765' title='bbox 1110 5514 1250 5570; x_wconf 88' lang='lat' dir='ltr'><strong>bene</strong></span> <span class='ocrx_word' id='word_1_766' title='bbox 1271 5529 1433 5569; x_wconf 85' lang='lat' dir='ltr'><strong>nosse</strong></span> <span class='ocrx_word' id='word_1_767' title='bbox 1453 5517 1694 5571; x_wconf 89' lang='lat' dir='ltr'><strong>valemus</strong></span> <span class='ocrx_word' id='word_1_768' title='bbox 1720 5536 1731 5569; x_wconf 93' lang='lat'><strong>:</strong></span> <span class='ocrx_word' id='word_1_769' title='bbox 2021 5512 2288 5568; x_wconf 82' lang='lat' dir='ltr'><strong>Mirantur</strong></span> <span class='ocrx_word' id='word_1_770' title='bbox 2312 5514 2479 5570; x_wconf 67' lang='lat' dir='ltr'><strong>varia:</strong></span> <span class='ocrx_word' id='word_1_771' title='bbox 2511 5513 2754 5568; x_wconf 88' lang='lat' dir='ltr'><strong>membra</strong></span> <span class='ocrx_word' id='word_1_772' title='bbox 2775 5510 3012 5581; x_wconf 80' lang='lat' dir='ltr'><strong>jacentis</strong></span> <span class='ocrx_word' id='word_1_773' title='bbox 3039 5509 3176 5564; x_wconf 87' lang='lat' dir='ltr'><strong>avis.</strong></span> 
     </span>
    </p>
   </div>
   <div class='ocr_carea' id='block_1_63' title="bbox 321 5604 3308 5678">
    <p class='ocr_par' dir='ltr' id='par_1_63' title="bbox 321 5604 3308 5678">
     <span class='ocr_line' id='line_1_64' title="bbox 321 5604 3308 5678; baseline -0 -18"><span class='ocrx_word' id='word_1_774' title='bbox 321 5605 464 5660; x_wconf 88' lang='lat' dir='ltr'><strong>Cum</strong></span> <span class='ocrx_word' id='word_1_775' title='bbox 499 5622 609 5660; x_wconf 88' lang='lat' dir='ltr'><strong>non</strong></span> <span class='ocrx_word' id='word_1_776' title='bbox 639 5607 894 5670; x_wconf 86' lang='lat' dir='ltr'><strong>divinem,</strong></span> <span class='ocrx_word' id='word_1_777' title='bbox 925 5607 1040 5660; x_wconf 73' lang='lat' dir='ltr'><strong>hrec</strong></span> <span class='ocrx_word' id='word_1_778' title='bbox 1065 5605 1177 5660; x_wconf 84' lang='lat' dir='ltr'><strong>seio</strong></span> <span class='ocrx_word' id='word_1_779' title='bbox 1204 5618 1292 5660; x_wconf 88' lang='lat' dir='ltr'><strong>res</strong></span> <span class='ocrx_word' id='word_1_780' title='bbox 1319 5605 1447 5674; x_wconf 86' lang='lat' dir='ltr'><strong>quid</strong></span> <span class='ocrx_word' id='word_1_781' title='bbox 1479 5613 1618 5675; x_wconf 84' lang='lat' dir='ltr'><strong>agat.</strong></span> <span class='ocrx_word' id='word_1_782' title='bbox 1951 5606 2068 5677; x_wconf 87' lang='lat' dir='ltr'><strong>ipse</strong></span> <span class='ocrx_word' id='word_1_783' title='bbox 2098 5609 2364 5663; x_wconf 87' lang='lat' dir='ltr'><strong>Tolosana</strong></span> <span class='ocrx_word' id='word_1_784' title='bbox 2393 5621 2420 5649; x_wconf 80' lang='grc' dir='ltr'>ι</span> <span class='ocrx_word' id='word_1_785' title='bbox 2445 5607 2641 5678; x_wconf 74' lang='lat' dir='ltr'><strong>pnesul</strong></span> <span class='ocrx_word' id='word_1_786' title='bbox 2667 5617 2880 5675; x_wconf 88' lang='lat' dir='ltr'><strong>quoque</strong></span> <span class='ocrx_word' id='word_1_787' title='bbox 2907 5604 3058 5659; x_wconf 85' lang='lat' dir='ltr'><strong>venit</strong></span> <span class='ocrx_word' id='word_1_788' title='bbox 3083 5605 3151 5659; x_wconf 87' lang='lat' dir='ltr'><strong>ab</strong></span> <span class='ocrx_word' id='word_1_789' title='bbox 3173 5605 3308 5659; x_wconf 84' lang='lat' dir='ltr'><strong>urbe</strong></span> 
     </span>
    </p>
   </div>
   <div class='ocr_carea' id='block_1_64' title="bbox 253 5693 3276 5768">
    <p class='ocr_par' dir='ltr' id='par_1_64' title="bbox 253 5693 3276 5768">
     <span class='ocr_line' id='line_1_65' title="bbox 253 5693 3276 5768; baseline 0.001 -19"><span class='ocrx_word' id='word_1_790' title='bbox 253 5693 514 5766; x_wconf 77' lang='lat' dir='ltr'><strong>Miraque</strong></span> <span class='ocrx_word' id='word_1_791' title='bbox 543 5699 652 5753; x_wconf 75' lang='lat' dir='ltr'><strong>sint</strong></span> <span class='ocrx_word' id='word_1_792' title='bbox 681 5714 777 5768; x_wconf 90' lang='lat' dir='ltr'><strong>per</strong></span> <span class='ocrx_word' id='word_1_793' title='bbox 805 5699 947 5754; x_wconf 90' lang='lat' dir='ltr'><strong>idem</strong></span> <span class='ocrx_word' id='word_1_794' title='bbox 980 5706 1191 5768; x_wconf 89' lang='lat' dir='ltr'><strong>tempus</strong></span> <span class='ocrx_word' id='word_1_795' title='bbox 1219 5713 1342 5752; x_wconf 90' lang='lat' dir='ltr'><strong>cum</strong></span> <span class='ocrx_word' id='word_1_796' title='bbox 1373 5698 1602 5767; x_wconf 90' lang='lat' dir='ltr'><strong>plurima</strong></span> <span class='ocrx_word' id='word_1_797' title='bbox 1627 5699 1740 5754; x_wconf 89' lang='lat' dir='ltr'><strong>visa</strong></span> <span class='ocrx_word' id='word_1_798' title='bbox 1761 5739 1774 5764; x_wconf 94' lang='lat'><strong>,</strong></span> <span class='ocrx_word' id='word_1_799' title='bbox 2017 5698 2239 5763; x_wconf 72' lang='lat' dir='ltr'><strong>lilantio,</strong></span> <span class='ocrx_word' id='word_1_800' title='bbox 2265 5699 2414 5768; x_wconf 87' lang='lat' dir='ltr'><strong>plebs</strong></span> <span class='ocrx_word' id='word_1_801' title='bbox 2444 5705 2600 5767; x_wconf 81' lang='lat' dir='ltr'><strong>rogat</strong></span> <span class='ocrx_word' id='word_1_802' title='bbox 2628 5698 2744 5751; x_wconf 64' lang='lat' dir='ltr'><strong>haec</strong></span> <span class='ocrx_word' id='word_1_803' title='bbox 2767 5696 2881 5753; x_wconf 88' lang='lat' dir='ltr'><strong>ales</strong></span> <span class='ocrx_word' id='word_1_804' title='bbox 2909 5712 2978 5751; x_wconf 90' lang='lat' dir='ltr'><strong>an</strong></span> <span class='ocrx_word' id='word_1_805' title='bbox 3006 5712 3132 5754; x_wconf 88' lang='lat' dir='ltr'><strong>esca</strong></span> <span class='ocrx_word' id='word_1_806' title='bbox 3164 5698 3276 5752; x_wconf 82' lang='lat' dir='ltr'><strong>ﬁat.</strong></span> 
     </span>
    </p>
   </div>
   <div class='ocr_carea' id='block_1_65' title="bbox 326 5808 3521 5882">
    <p class='ocr_par' dir='ltr' id='par_1_65' title="bbox 326 5808 3521 5882">
     <span class='ocr_line' id='line_1_66' title="bbox 326 5808 3521 5882; baseline -0.001 -20"><span class='ocrx_word' id='word_1_807' title='bbox 326 5821 349 5847; x_wconf 74' lang='grc' dir='ltr'>α</span> <span class='ocrx_word' id='word_1_808' title='bbox 425 5808 642 5863; x_wconf 75' lang='lat' dir='ltr'><strong>Prmul</strong></span> <span class='ocrx_word' id='word_1_809' title='bbox 686 5813 902 5866; x_wconf 80' lang='lat' dir='ltr'><strong>manlio.</strong></span> <span class='ocrx_word' id='word_1_810' title='bbox 957 5811 1204 5866; x_wconf 86' lang='lat' dir='ltr'><strong>Tolosani</strong></span> <span class='ocrx_word' id='word_1_811' title='bbox 1273 5812 1432 5882; x_wconf 85' lang='lat' dir='ltr'><strong>hujus</strong></span> <span class='ocrx_word' id='word_1_812' title='bbox 1511 5811 1744 5882; x_wconf 79' lang='lat' dir='ltr'><strong>episcopi</strong></span> <span class='ocrx_word' id='word_1_813' title='bbox 1795 5811 2041 5867; x_wconf 86' lang='lat' dir='ltr'><strong>notitiam</strong></span> <span class='ocrx_word' id='word_1_814' title='bbox 2095 5815 2187 5867; x_wconf 92' lang='lat' dir='ltr'><strong>uni</strong></span> <span class='ocrx_word' id='word_1_815' title='bbox 2231 5809 2528 5867; x_wconf 75' lang='lat' dir='ltr'><strong>Theodull&#39;o</strong></span> <span class='ocrx_word' id='word_1_816' title='bbox 2572 5811 2846 5867; x_wconf 87' lang='lat' dir='ltr'><strong>debemus.</strong></span> <span class='ocrx_word' id='word_1_817' title='bbox 2899 5810 3104 5870; x_wconf 74' lang='lat' dir='ltr'><strong>Praeter</strong></span> <span class='ocrx_word' id='word_1_818' title='bbox 3162 5813 3306 5866; x_wconf 88' lang='lat' dir='ltr'><strong>hunc</strong></span> <span class='ocrx_word' id='word_1_819' title='bbox 3376 5821 3521 5862; x_wconf 83' lang='lat' dir='ltr'><strong>enim</strong></span> 
     </span>
    </p>
   </div>
   <div class='ocr_carea' id='block_1_66' title="bbox 254 5877 1664 5954">
    <p class='ocr_par' dir='ltr' id='par_1_66' title="bbox 254 5877 1664 5954">
     <span class='ocr_line' id='line_1_67' title="bbox 254 5877 1664 5954; baseline 0.005 -19"><span class='ocrx_word' id='word_1_820' title='bbox 254 5877 467 5949; x_wconf 69' lang='lat' dir='ltr'><strong>locum,</strong></span> <span class='ocrx_word' id='word_1_821' title='bbox 507 5882 648 5938; x_wconf 89' lang='lat' dir='ltr'><strong>nulla</strong></span> <span class='ocrx_word' id='word_1_822' title='bbox 672 5882 789 5954; x_wconf 85' lang='lat' dir='ltr'><strong>ejus</strong></span> <span class='ocrx_word' id='word_1_823' title='bbox 818 5885 1075 5940; x_wconf 87' lang='lat' dir='ltr'><strong>hactenus</strong></span> <span class='ocrx_word' id='word_1_824' title='bbox 1100 5892 1310 5951; x_wconf 88' lang='lat' dir='ltr'><strong>reperta</strong></span> <span class='ocrx_word' id='word_1_825' title='bbox 1336 5877 1420 5939; x_wconf 78' lang='lat' dir='ltr'><strong>est</strong></span> <span class='ocrx_word' id='word_1_826' title='bbox 1443 5877 1664 5942; x_wconf 85' lang='lat' dir='ltr'><strong>mentio.</strong></span> 
     </span>
    </p>
   </div>
  </div>
