4046 6438
526 351 636 409 345

520 466 726 524 Illicitis
748 465 946 537 spretis
973 464 1152 522 licitas
1179 467 1459 535 assumite,
1487 467 1647 535 dixit,

593 559 844 616 Plaustra
870 566 1103 616 onerant
1129 557 1343 627 avibus,
1373 561 1429 616 in
1457 574 1557 616 sua
1586 559 1815 632 quisque
1841 561 2000 617 redit.

1249 674 1380 732 VIII.

793 781 862 822 DE
898 783 1070 823 PUCNA
1109 785 1275 825 Ανιυιι
1315 784 1476 824 SIIILI
1519 783 1821 824 SUPERIORI.

523 861 653 918 Tale
687 861 816 933 quid
845 862 949 918 hoc
973 864 1136 920 etiam
1159 871 1430 936 patratum
1454 871 1697 934 tempore
1728 861 1885 919 nobis

589 956 762 1012 Fama
782 957 941 1022 dedit
967 958 1127 1013 velox
1157 958 1324 1014 multa
1353 973 1452 1027 per
1480 973 1576 1012 ora
1607 956 1812 1012 volans.

521 1049 622 1133 Qui
657 1049 887 1107 Romam
922 1051 1212 1124 Romaque~
1247 1059 1431 1108 meant
1476 1061 1848 1122 remeantque,
1894 1057 2099 1109 canunt

1859 1143 1984 1217 [hoc
2007 1158 2022 1200 :

589 1237 737 1295 Inter
755 1255 892 1310 quos
921 1241 1116 1297 mulier
1147 1241 1235 1296 hic
1259 1239 1402 1296 bona
1430 1238 1588 1295 testis
1617 1239 1776 1305 inest,

517 1330 741 1386 Oratum
765 1332 882 1388 haec
908 1332 1124 1388 Turono
1148 1333 1376 1388 Romam
1405 1333 1561 1404 petit,
1595 1332 1721 1386 inde
1747 1345 1965 1386 reversa

589 1423 912 1496 Presbytero
939 1423 1176 1479 Arbaldo
1205 1439 1321 1479 rem
1351 1422 1517 1486 canit,
1545 1421 1634 1476 ille
1661 1421 1817 1477 mihi.

513 1515 756 1586 Denique
783 1516 929 1571 circa
955 1514 1172 1584 Ararim
1201 1516 1438 1586 pigrum,
1466 1513 1902 1585 Rhodanumque
1930 1528 2094 1585 rapa-

1855 1606 2018 1680 [eem,

585 1700 654 1756 Ut
682 1715 866 1772 supra,
897 1701 1179 1758 volucrum
1203 1716 1385 1774 pugna
1412 1709 1633 1773 peracta
1658 1700 1780 1757 fuit.

510 1793 630 1855 Quo
650 1794 853 1868 rigidas
883 1795 1026 1852 inter
1048 1804 1256 1862 cautes,
1288 1797 1594 1872 densasque
1623 1793 1867 1864 paludes.

579 1875 759 1944 P'auca
789 1894 973 1956 patent
1002 1886 1181 1956 planis
1203 1886 1380 1942 obsita
1407 1901 1535 1940 rura
1563 1885 1716 1940 locis.

509 1966 643 2040 Illic,
671 1982 731 2029 ut
752 1976 1061 2046 perhibent,
1094 1967 1242 2032 venit
1269 1993 1439 2049 genus
1467 1990 1632 2032 omne
1659 1975 1962 2044 volantum,

581 2066 730 2134 Quos
753 2067 970 2138 Europa
996 2076 1122 2124 tuus
1145 2069 1317 2124 nutrit
1345 2069 1559 2140 opimus
1589 2084 1735 2141 ager.

509 2157 644 2213 Pars
665 2158 819 2214 sedet
844 2158 898 2213 in
929 2159 1184 2228 scopulis,
1216 2159 1447 2214 ressidet
1478 2175 1604 2230 pars
1634 2159 1794 2230 plana
1815 2176 1914 2232 per
1939 2174 2092 2230 arva,

564 2250 841 2325 'Arboreis
869 2253 1035 2308 ramis
1059 2269 1187 2324 pars
1217 2266 1433 2324 quoque
1459 2253 1631 2308 multa
1661 2253 1837 2309 sedet.

512 2343 715 2401 Militiae
741 2344 797 2400 in
822 2345 1094 2417 geminam
1125 2353 1336 2418 partem
1364 2346 1618 2401 distincta
1636 2346 1891 2416 juventus

587 2439 828 2510 Utraque
860 2440 1172 2496 conﬂictum
1196 2457 1322 2511 pars
1347 2441 1640 2496 meditatur
1670 2441 1850 2495 hians.

511 2531 778 2599 Quattuor
802 2532 1093 2602 accipitres
1121 2533 1346 2587 veniunt
1374 2531 1526 2596 hinc,
1552 2539 1811 2601 quattuor
1835 2528 2000 2593 illinc,

528 2628 530 2630 '
581 2621 853 2691 Quattuor
882 2631 935 2679 et
959 2623 1187 2679 totidem
1207 2630 1363 2694 parte
1390 2624 1457 2678 ab
1485 2632 1718 2692 utraque
1739 2622 1878 2691 capi.

469 2764 472 2767 .
510 2715 695 2772 Primo
723 2716 782 2770 hi
809 2731 1102 2787 congressu
1138 2716 1410 2786 perimunt
1438 2730 1496 2770 se
1521 2715 1649 2770 hinc
1673 2714 1801 2769 inde
1824 2711 2094 2781 vicissim,

591 2807 922 2879 Accipitrem
947 2807 1223 2877 accipiter,
1248 2822 1341 2862 seu
1369 2822 1534 2877 capus
1560 2807 1676 2876 ipse
1695 2819 1913 2875 capum.
2055 2797 2060 2800 ’

513 2899 714 2956 Rostra
736 2900 943 2955 instant
982 2899 1195 2964 rostris,
1244 2897 1539 2969 conﬂigunt
1562 2895 1835 2968 unguibus
1861 2909 2094 2965 ungues,

580 2991 698 3058 Quo
734 2991 886 3062 paria
920 3005 1070 3044 arma
1095 2991 1318 3057 vehunt,
1368 2989 1496 3044 hinc
1521 3003 1675 3060 mage
1708 3001 1768 3043 se
1794 2988 2094 3058 perimunt.

512 3084 637 3155 Egit
661 3083 715 3137 id
737 3082 1031 3137 Emathiis
1058 3082 1288 3152 populus
1313 3080 1592 3136 Romanus
1618 3079 1672 3133 in
1702 3078 1872 3144 antis,

578 3175 713 3230 Cum
737 3174 852 3230 fera
877 3173 1016 3228 bella
1046 3181 1261 3244 gerunt,
1295 3172 1423 3228 hinc
1450 3185 1608 3227 socer
1641 3212 1656 3236 ,
1685 3169 1810 3224 inde
1833 3184 2018 3240 gener.

511 3265 648 3321 Cum
673 3265 842 3321 frater
869 3263 1092 3319 fratrem
1117 3263 1355 3339 perimit,
1387 3261 1474 3318 vel
1499 3262 1706 3317 amicus
1736 3260 1993 3324 amicum.

579 3356 806 3425 Quando
829 3372 988 3428 pares
1016 3355 1227 3428 aquilas
1249 3363 1304 3409 et
1332 3355 1486 3426 paria
1513 3371 1664 3410 arma
1691 3355 1914 3411 vehunt.

513 3450 719 3522 Nempe
754 3449 873 3504 dum
894 3449 1144 3504 volucres
1173 3462 1384 3519 magna:
1418 3447 1658 3503 evasisse
1680 3445 1949 3514 feruntur,

581 3543 711 3612 Quae
738 3558 847 3598 non
871 3548 1183 3614 pugnarunt
1209 3558 1221 3593 :
1247 3551 1442 3594 caetera
1465 3539 1623 3594 turba
1643 3538 1809 3608 jacet.

510 3636 754 3706 Utraque
776 3649 906 3705 pars
933 3632 1126 3698 vincit,
1159 3630 1360 3687 mulcet
1377 3631 1609 3686 victoria
1637 3639 1912 3697 neutram,

582 3724 868 3794 Utrimque
903 3722 1178 3794 oppletam
1209 3731 1390 3792 strage
1415 3721 1639 3791 reliquit
1667 3721 1916 3776 humum.

514 3813 588 3870 Ut
616 3812 770 3868 furor
789 3813 1075 3868 Annibalis
1104 3812 1394 3883 complevit
1417 3811 1606 3866 funere
1634 3810 1871 3878 Cannas,

586 3904 800 3960 Funere
829 3905 908 3959 sic
932 3905 1114 3957 avium
1144 3905 1261 3958 haec
1284 3919 1413 3958 rura
1439 3903 1641 3972 repleta
1665 3913 1906 3959 manent.

515 3997 741 4072 Singula
764 3997 900 4070 {quis
942 3995 1167 4062 referat,
1198 4010 1338 4066 quat,
1379 4009 1503 4064 quo,
1559 4010 1677 4061 cur,
1728 3996 1964 4066 quando,
2011 3995 2098 4052 vel

735 4153 737 4155 ,
1834 4087 2024 4161 [unde,

585 4186 885 4243 Monstrata
914 4186 1032 4242 haec
1063 4184 1256 4240 crebro
1285 4190 1531 4254 tempore
1560 4181 1714 4252 signa
1741 4179 1970 4250 patent?

515 4305 745 4374 Quando
759 4303 866 4361 erit
880 4303 973 4360 illa
987 4303 1122 4369 dies,
1139 4316 1262 4356 cum
1283 4306 1528 4355 nostrum
1543 4295 1772 4351 intrabis
1787 4294 1842 4349 in
1858 4295 2097 4363 hortum,

581 4397 760 4466 Atque
787 4394 936 4465 leges
959 4400 1178 4447 nostras
1205 4403 1387 4461 ungue
1411 4386 1615 4444 libente
1639 4385 1830 4442 rosas?

511 4489 580 4544 Et
606 4495 698 4542 tua
725 4500 922 4558 magna
952 4483 1072 4539 sitis
1101 4495 1258 4552 mage
1293 4496 1388 4535 seu
1425 4493 1584 4549 mage
1609 4491 1859 4532 crescere
1887 4475 2097 4546 gliscet,

584 4578 724 4632 Dum
749 4577 895 4646 quod
915 4588 1134 4644 semper
1154 4586 1306 4626 amas
1336 4569 1580 4626 carmine
1601 4567 1794 4641 plenus
1813 4567 1960 4623 eris?

516 4670 576 4726 Si
604 4684 714 4740 qua
743 4668 864 4723 istis
891 4665 1117 4732 fuerint,
1143 4671 1206 4718 ut
1235 4671 1416 4729 erunt,
1442 4662 1640 4717 vitiosa
1666 4659 1928 4726 camenis,

585 4759 757 4814 Parce
775 4771 992 4828 precor,
1020 4755 1254 4827 scriptor
1278 4769 1390 4808 non
1412 4751 1546 4807 mihi
1571 4751 1762 4806 doctus
1788 4749 1950 4804 inest.

517 4853 712 4920 Quaeso
736 4858 887 4904 tuum
915 4847 1074 4903 nobis
1105 4847 1270 4902 ﬂdum
1303 4845 1612 4901 transmitte
1638 4843 1970 4908 ministrum,

590 4943 695 5012 Qui
715 4949 810 4998 tua
836 4939 1152 5012 grata_mihi
1177 4936 1417 5010 perferat
1443 4950 1590 4991 orsa.
1623 4933 1776 4990 Vale.

818 5163 1042 5207 IODOINI
1075 5163 1144 5202 AD
1183 5153 1503 5200 'I’EUDULFUI
1537 5155 1798 5197 BXSULEI.

591 5245 874 5304 Modoinus
897 5241 1152 5316 indignus
1179 5239 1468 5311 episcopus
1490 5233 1790 5292 Theodulfo
1811 5247 1928 5290 suo.

523 5389 736 5446 Ludere
755 5403 917 5445 nemo
942 5391 1126 5458 potest
1155 5394 1315 5438 versu
1344 5380 1462 5436 sine
1489 5378 1605 5448 lege
1631 5377 1818 5448 polito,

594 5479 797 5551 Nempe
823 5479 971 5550 loqui
1006 5485 1156 5533 recte
1182 5488 1286 5529 nec
1310 5471 1457 5527 valet
1485 5478 1602 5523 arte
1623 5481 1835 5524 carens.

529 5572 638 5630 Sed
660 5572 812 5644 prius
837 5570 1097 5641 accipiter
1120 5581 1225 5623 nec
1251 5571 1424 5620 tentat
1449 5561 1666 5615 vincere
1691 5559 1746 5614 in
1769 5555 1960 5624 armis,

595 5726 621 5754 II
649 5711 772 5782 Ipse
801 5709 1099 5782 Severinus.
1137 5702 1499 5782 Doctius._De
1537 5695 1929 5782 causis‘ersil‘ii
1966 5695 2102 5782 Boe:

529 5786 641 5839 tius
682 5768 796 5850 ipse
834 5777 1022 5850 paucis
1056 5777 1110 5830 in
1136 5775 1519 5850 Consolatione
1543 5770 1769 5850 sua._Dc
1799 5768 2027 5850 iisdem,
2046 5773 2103 5820 et

533 5855 597 5910 de
647 5839 910 5910 supplicio
951 5845 1090 5910 eius,
1136 5845 1290 5911 plura
1329 5854 1384 5899 et
1411 5852 1635 5898 eatenus
1663 5839 1902 5896 inaudita
1945 5844 2099 5893 vetus

1550 354 1944 414 THEODULFI
1980 352 2536 413 AURELIANENSIS
2571 354 2786 413 EPISC.

2120 4591 2174 4653 D

3671 363 3789 420 δα

2115 469 2169 532 Α
2263 467 2436 543 Quam
2465 468 2760 526 instructus
2797 471 3002 542 proprii
3034 474 3139 530 hoc
3170 487 3326 532 more
3353 475 3598 546 parentis
3623 489 3763 550 agat

2200 556 2416 615 Utiliter
2438 576 2574 631 puer
2597 561 2654 616 in
2678 561 2867 633 primis
2891 579 3000 621 non
3028 565 3231 622 militat
3255 567 3438 636 annis,

2270 651 2439 723 Digna
2461 652 2556 708 sed
2579 663 2834 724 expertus
2857 656 3082 725 praemia
3103 658 3212 713 tiro
3232 659 3398 729 capit.

2195 740 2314 798 Non
2341 743 2504 799 audet
2532 761 2658 800 nam
2685 755 2854 803 nauta
2882 757 3058 806 ratem
3085 751 3292 808 intrare
3333 753 3541 825 absque
3580 765 3786 829 paratu

2269 835 2505 893 Tentans
2532 839 2818 909 navigeras
2856 839 3058 913 Tiphys
3087 843 3143 897 in
3177 845 3345 900 armis
3371 860 3560 917 aquas.

2195 927 2330 984 Arte
2355 931 2507 986 rudis
2535 947 2660 987 cum
2690 934 2810 998 sim,
2841 933 2920 990 sic
2949 950 3038 992 me
3061 951 3279 1008 quoque
3305 954 3467 1010 posse
3497 943 3712 1015 negabo

2267 1021 2612 1094 Respondere
2641 1026 2748 1081 tuis
2769 1028 3021 1084 versibus
3044 1031 3284 1087 eximiis.

2195 1113 2331 1171 Vilis
2360 1117 2501 1188 apud
2528 1120 2716 1174 doctos
2741 1135 2974 1191 namque
2998 1130 3082 1178 est
3105 1138 3226 1180 mea
3253 1140 3410 1181 musa
3432 1135 3626 1197 poetas
3651 1149 3667 1183 :

2267 1206 2511 1264 Condere
2534 1211 2605 1265 ob
2637 1212 2743 1268 hoc
2768 1212 2974 1268 nullum
3010 1216 3253 1271 carmine
3281 1216 3429 1272 nitor
3451 1235 3609 1290 opus.

2197 1299 2305 1358 Sed
2327 1318 2414 1358 me
2433 1312 2778 1360 cunctantem
2802 1307 3079 1377 compellit
3105 1309 3333 1378 epistola
3362 1320 3546 1366 vestra

2266 1391 2521 1448 Carmina
2541 1393 2654 1463 jam
2678 1396 2920 1452 numeris
2945 1397 3186 1454 scribere
3212 1399 3541 1471 disparibus.

2194 1481 2262 1538 Et
2288 1483 2434 1538 molli
2469 1485 2666 1540 durum
2690 1503 2836 1542 nunc
2861 1502 3001 1543 cerae
3023 1488 3278 1546 inducere
3304 1490 3510 1546 ferrum

2259 1574 2456 1649 Cogor,
2479 1586 2534 1632 et
2554 1578 2767 1635 insueto
2792 1588 2979 1638 texere
3003 1584 3172 1638 verba
3197 1587 3380 1640 modo.

2197 1666 2342 1737 Quin
2372 1668 2538 1725 immo
2567 1670 2890 1727 immodicus
2917 1673 3211 1728 dicendum
3231 1686 3316 1730 est
3339 1675 3445 1731 rite
3470 1675 3687 1735 libellus

2260 1762 2456 1818 Attulit
2479 1780 2549 1819 en
2569 1765 2769 1841 missus
2798 1767 2943 1838 quod
2970 1768 3105 1822 mihi
3131 1777 3312 1824 vester
3335 1785 3492 1839 opus.

2121 1847 2173 1908 B
2197 1857 2411 1914 Audisti
2440 1858 2696 1929 antiquos
2723 1861 2906 1916 verbis
2931 1860 3008 1915 ita
3030 1859 3220 1917 ludere
3250 1863 3463 1929 amicis,

2267 1950 2424 2022 Saepe
2449 1952 2614 2008 etiam
2642 1952 2805 2008 didici
2834 1954 2939 2008 hoc
2958 1960 3014 2008 et
3039 1955 3108 2009 ab
3138 1967 3233 2010 ore
3257 1961 3369 2022 tuo,

2192 2045 2474 2102 Musarum
2501 2047 2647 2115 quod
2671 2047 2828 2117 inops
2852 2046 2998 2102 norit
3023 2061 3134 2101 non
3159 2053 3315 2101 antra
3341 2055 3537 2118 poeta:

2268 2139 2376 2194 Sed
2401 2139 2505 2195 dici
2537 2141 2603 2195 de
2629 2153 2718 2194 me
2745 2139 2852 2194 hoc
2879 2154 3097 2210 quoque
3118 2138 3240 2208 jure
3265 2146 3466 2210 potest.

2195 2228 2447 2288 Nonnulli
2475 2229 2748 2285 aﬂirmant
2782 2230 2946 2285 etiam
2980 2231 3226 2286 insanire
3244 2238 3455 2300 poetas,

2265 2320 2522 2377 Carmina
2551 2321 2681 2375 dum
2713 2328 2958 2376 statuunt
2983 2330 3164 2378 mente
3191 2337 3379 2378 carere
3401 2338 3519 2378 sua.

2195 2411 2267 2468 At
2290 2411 2450 2467 nobis
2479 2412 2690 2484 integra
2713 2420 2900 2467 manet
2929 2427 3081 2468 mens
3108 2413 3246 2482 ipsa,
3278 2427 3377 2469 nec
3402 2412 3563 2470 audet

2267 2502 2508 2575 Longius
2538 2504 2740 2559 amisso
2763 2504 2954 2560 ordine
2979 2504 3129 2560 abire
3153 2520 3272 2561 suo.

2199 2594 2466 2652 Scandala
2487 2597 2584 2653 sed
2606 2605 2830 2668 propter
2853 2598 3078 2653 vitanda
3096 2614 3201 2654 nec
3226 2600 3431 2670 appetit
3453 2599 3584 2666 alta,

2266 2688 2535 2744 Contenta
2563 2696 2650 2744 est
2675 2688 2890 2744 modico
2917 2704 3045 2744 nam
3073 2690 3351 2745 moderata
3376 2689 3515 2745 loco.

2193 2781 2327 2848 Fac,
2366 2780 2685 2847 Theodull‘e,
2724 2797 2877 2838 meos
2901 2797 3092 2838 versus
3123 2783 3343 2839 adverte
3367 2782 3624 2854 benigne,

2264 2873 2376 2930 Nec
2405 2874 2515 2929 sint
2544 2873 2799 2944 despecta
2826 2874 3069 2930 carmina
3097 2882 3284 2931 nostra
3312 2875 3432 2930 tibi.

2195 2967 2331 3026 Nolo
2357 2974 2627 3023 venenato
2653 2973 2842 3021 nostra
2868 2981 3107 3036 unquam
3131 2967 3291 3023 dente
3320 2966 3575 3033 lacessas,

2267 3060 2376 3119 Sed
2408 3063 2519 3118 sint
2534 3061 2742 3133 judicio
2767 3061 3012 3117 carmina
3040 3068 3156 3116 tuta
3183 3069 3300 3116 tuo.

2198 3154 2259 3212 Si
2284 3169 2391 3226 qua
2414 3154 2552 3210 meis
2577 3154 2830 3220 fortasse,
2859 3159 2920 3208 ut
2939 3160 3118 3219 erunt,
3146 3159 3331 3208 errata
3361 3151 3642 3218 cammnis,

2269 3247 2516 3303 Cernuus
2544 3247 2663 3302 hate
2690 3247 2861 3317 aequis
2889 3246 3101 3317 respice
3128 3261 3312 3316 quaeso
3338 3245 3533 3301 oculis.

2200 3337 2356 3409 Saepe
2385 3352 2585 3408 queror
2609 3353 2797 3394 casum
2825 3335 3071 3392 deﬂendo
3099 3335 3327 3392 insontis
3365 3335 3549 3402 amici,

2269 3427 2419 3484 More
2450 3427 2624 3484 ﬂuunt
2650 3427 2904 3500 lacrymae
2935 3427 3113 3482 amnis
3138 3427 3206 3483 ab
3231 3440 3326 3482 ore
3353 3440 3495 3481 meo.

2201 3520 2356 3590 Saepe
2384 3527 2532 3574 tuam
2560 3519 2902 3592 ingeminans
2929 3519 3044 3573 luxi
3072 3516 3206 3571 ﬂens
3236 3517 3353 3586 ipse
3382 3517 3594 3571 ruinam
3620 3532 3633 3545 ο

2269 3613 2416 3669 Proh
2443 3611 2628 3668 dolor!
2656 3612 2858 3667 amisso
2882 3608 3081 3683 praesul
3126 3610 3336 3664 honore
3355 3608 3522 3678 peris.

2199 3705 2470 3763 Exsilium
2495 3705 2762 3760 innocuus
2791 3702 2997 3774 pateris
3023 3701 3279 3773 pertriste
3303 3698 3577 3765 sacerdos,

2269 3799 2509 3873 lnclytus
2528 3805 2788 3870 expertus
2811 3794 3012 3868 praesul
3035 3794 3243 3849 inerme
3270 3793 3494 3849 malum.

2199 3893 2483 3950 Nonnullis
2506 3895 2765 3964 prodesse
2794 3889 2934 3946 solet
2959 3887 3245 3960 prudentia
3273 3885 3442 3942 multa
3467 3903 3483 3940 :

2267 3985 2453 4041 Laesus
2482 3985 2551 4040 ab
2578 3983 2794 4053 ingenio
2821 3996 2880 4037 es
2907 3990 3062 4052 pater
3085 3993 3212 4036 ecce
3237 3987 3350 4033 tuo.

2197 4075 2478 4144 Praecipue
2505 4083 2598 4128 tua
2623 4087 2823 4143 magna
2849 4070 2946 4126 tibi
2974 4069 3242 4140 sapientia
3266 4067 3366 4123 soli

2267 4167 2473 4235 Obfuit,
2505 4167 2649 4238 quod
2672 4167 2840 4222 habes
2869 4165 3026 4220 triste
3050 4163 3266 4234 paravit
3290 4175 3445 4218 onus.

2199 4261 2362 4317 Livor
2389 4262 2528 4318 edax
2569 4260 2705 4332 petit
2745 4258 2852 4314 alta
2882 4257 3140 4324 fremens,
3182 4262 3534 4311 consternere
3565 4258 3779 4308 tentans

2268 4353 2326 4409 ld
2352 4354 2496 4426 quod
2516 4369 2686 4409 ovans
2711 4351 2942 4423 simplex
2964 4358 3186 4421 pectore
3207 4349 3367 4408 turba
3393 4346 3542 4403 colit.

2200 4449 2390 4507 Nescis
2416 4448 2486 4503 ob
2513 4446 2774 4501 invidiam
2803 4443 2947 4514 quod
2971 4442 3158 4515 longos
3185 4440 3328 4496 Naso
3354 4440 3568 4496 labores

2270 4539 2514 4602 Pertulit,
2544 4545 2598 4592 et
2620 4536 2800 4607 patria
2826 4535 3046 4607 pellitur
3071 4535 3186 4604 ipse
3209 4533 3342 4589 sua?

2201 4649 2228 4679 α
2257 4635 2378 4705 Ipse
2403 4630 2698 4687 Severinus
2725 4644 2922 4701 magna
2945 4635 3030 4684 est
3059 4623 3298 4698 de'jectus
3321 4626 3389 4682 ab
3417 4625 3554 4681 urbe

2269 4724 2468 4784 Consul
2491 4724 2738 4780 Romana
2765 4722 2944 4778 clarus
2969 4721 3038 4777 ab
3061 4735 3186 4776 arce
3213 4718 3420 4791 procul.

2202 4822 2428 4893 Magnus
2455 4820 2524 4874 ab
2548 4817 2746 4873 infesto
2769 4824 2851 4872 est
2881 4814 3117 4887 agitatus
3142 4812 3314 4868 milite
3335 4818 3488 4866 vates

2273 4912 2549 4986 Virgilius,
2580 4909 2815 4982 propriis
2841 4906 3172 4978 exspoliatus
3197 4905 3360 4976 agris.

2206 5005 2444 5063 Vulnera
2469 5017 2609 5058 saeva
2633 5015 2732 5055 suo
2761 4998 2932 5054 fertur
2953 4996 3246 5068 sumpsisse
3268 5003 3502 5067 tyranno

2272 5096 2476 5152 Seneca
2508 5093 2834 5165 prmcipuus,
2863 5091 3010 5146 caede
3031 5088 3262 5144 Neronis
3289 5085 3422 5142 obit.

2205 5189 2344 5258 Quid
2374 5200 2668 5242 memorem
2705 5198 2772 5239 ex
2800 5182 3002 5238 nostris
3030 5181 3209 5250 plures
3234 5179 3459 5234 sudasse
3488 5174 3780 5231 nefandurr

2273 5277 2382 5334 Pro
2405 5281 2591 5330 nostra
2618 5271 2864 5329 exsilium
2893 5270 3154 5340 religione
3180 5269 3303 5341 pia?

2207 5369 2308 5439 Qui
2338 5367 2512 5439 magis
2535 5381 2565 5420 a
2588 5378 2783 5436 magno
2805 5362 3002 5417 colitur
3022 5361 3145 5431 pius
3171 5359 3288 5430 ipse
3309 5356 3590 5426 magistro,

2277 5459 2511 5516 Joannes
2539 5457 2716 5512 dirum
2738 5455 2960 5526 pertulit
2982 5452 3250 5509 exsilium.

2208 5553 2443 5610 Hilarius
2467 5549 2686 5606 sensisti
2706 5546 2978 5620 ergastula
3014 5554 3073 5602 tu
3103 5557 3318 5615 quoque
3344 5543 3482 5608 dira,

2208 5697 2396 5746 auctor
2421 5688 2474 5741 in
2498 5685 2781 5756 Excerptis
2806 5699 2933 5756 qua;
2948 5681 3158 5756 pridem
3181 5693 3304 5732 cum
3333 5674 3624 5756 Ammiano
3645 5669 3765 5756 M‘ar

2207 5740 2401 5818 animi.
2423 5740 2732 5814 exiisched'is
2768 5740 2968 5811 nostris
2994 5752 3140 5808 edita
3163 5757 3289 5807 sunt
3310 5748 3380 5804 ab
3413 5744 3652 5802 Henrico
3677 5740 3760 5795 Va

2207 5832 2340 5889 lesio
2366 5829 2432 5885 V.
2455 5828 2516 5884 C.
