4046 6490
298 392 408 453 διε
1410 350 1465 403 ί·
1619 381 1896 441 cantum

1988 381 2116 439 LIB.
2160 380 2221 439 ν.
3440 388 3551 446 346

369 514 567 571 Missus
592 513 649 568 in
678 512 922 584 ignotum
949 524 1079 581 rege
1102 510 1326 583 jubente
1352 508 1551 564 locum.
1893 506 1951 570 Α
1972 499 2121 571 Elige
2146 497 2243 555 sed
2264 498 2393 569 quid
2423 512 2572 569 ages,
2599 507 2656 554 et
2673 498 2821 569 quod
2850 500 2948 555 tibi
2972 514 3183 571 cunque
3211 503 3428 561 videtur

298 606 550 678 Claviger
571 606 687 675 ipse
708 603 911 660 Petrus,
936 618 1082 668 nam,
1120 616 1222 657 nec
1250 616 1357 656 non
1384 606 1441 653 et
1459 595 1783 669 populorum
2043 591 2337 648 Consilium
2360 590 2573 657 melius,
2595 599 2777 646 mente
2816 600 2999 650 teneto
3023 609 3239 665 precor.

370 700 572 755 Doctor
596 705 714 753 erat
738 695 938 751 Paulus
959 694 1199 751 carceris
1222 694 1275 747 in
1299 691 1524 764 gremio.
1975 684 2082 741 Sed
2108 685 2355 740 mihimet
2379 684 2572 740 melius
2604 685 2914 752 visum.est,
2938 696 2998 741 ut
3021 696 3211 757 sponte
3232 686 3433 747 fatetur

299 790 412 847 Sed
438 799 620 844 tamen
645 790 749 844 hoc
772 788 883 859 egit
901 786 1091 843 feritas
1111 785 1316 841 inculta
1342 795 1651 853 repugnans
2044 775 2304 847 Quodque
2325 777 2514 848 negari
2532 776 2640 832 ullo
2661 793 2768 832 non
2795 778 2939 833 valet
2960 778 3194 850 ingenio.

370 880 622 945 Gentilis,
652 879 777 935 ﬁdei
798 893 1032 948 namque
1059 878 1278 933 inimica
1312 876 1433 947 pias.
1972 866 2130 923 Nullo
2158 868 2264 924 alio
2283 884 2542 940 superare
2564 870 2722 925 modo
2749 879 2880 940 puto
2908 872 3168 942 principis
3195 872 3335 927 iram

294 972 453 1028 Addo
497 972 661 1026 etiam
695 970 840 1041 quod
886 970 1062 1025 adhuc
1091 969 1241 1023 rudis
1285 962 1688 1022 ecclesiasticus
1717 961 1871 1029 ordo,
2043 959 2234 1026 Posse,
2263 961 2459 1031 probes
2485 963 2592 1017 nisi
2613 971 2664 1017 te
2699 962 2944 1018 criminis
2974 977 3095 1019 esse
3119 978 3292 1018 reum.

366 1063 727 1134 Informisque
752 1078 845 1118 sua
868 1062 985 1133 lege
1011 1064 1223 1116 careret
1244 1060 1412 1114 iners.
1973 1052 2269 1119 Promittit,
2302 1054 2348 1107 si
2377 1062 2430 1110 te
2459 1070 2714 1126 peccasse
2744 1055 3001 1111 fateberis
3025 1056 3163 1125 ipse,

294 1154 555 1226 Deposita
581 1153 695 1223 jam
716 1170 848 1225 pace
872 1153 979 1208 frui
1016 1152 1233 1208 feritate
1263 1164 1454 1205 serena
2044 1144 2342 1200 Consilium
2362 1145 2544 1201 Caesar
2566 1146 2765 1202 dedere
2788 1148 2925 1202 velle
2951 1148 3069 1203 tibi.

367 1249 584 1314 Debuit,
611 1257 667 1303 et
689 1248 965 1319 proprium
995 1245 1217 1315 jamque
1238 1253 1423 1298 tenere
1453 1240 1695 1297 modum.
1973 1236 2114 1292 Nam
2144 1236 2242 1290 tibi
2268 1237 2536 1307 promittit
2569 1239 2751 1294 veniet
2780 1239 2924 1309 quod
2952 1238 3181 1308 pristina
3209 1238 3404 1305 virtus,

294 1341 468 1413 Culpa
490 1343 833 1398 sacerdotum
858 1339 989 1395 facit
1024 1339 1150 1403 hoc,
1178 1336 1320 1408 quod
1349 1335 1473 1391 vilis
1494 1334 1725 1391 habetur
2046 1340 2074 1368 ι
2110 1328 2382 1382 Amissum
2409 1335 2469 1381 ut
2496 1330 2672 1398 possis
2702 1346 2889 1385 rursus
2923 1331 3073 1386 adire
3106 1330 3351 1402 gradum.

368 1434 516 1491 Ordo
544 1434 830 1491 ministerii
854 1433 1123 1488 maximus
1142 1431 1231 1485 ille
1260 1428 1424 1485 sacri.
1973 1422 2167 1480 Nescio
2187 1423 2357 1479 frater
2379 1438 2585 1492 amans,
2612 1439 2767 1494 mage
2788 1426 2917 1495 quid
2941 1426 3037 1480 tibi
3062 1428 3301 1482 scribere
3324 1425 3549 1497 possim,

292 1527 444 1581 Inter
464 1542 561 1582 eos
580 1526 805 1583 etl‘ectus
824 1525 1001 1581 nullus
1028 1524 1168 1579 ﬁdus
1198 1520 1448 1587 habetur,
2045 1515 2178 1572 Cum
2209 1517 2318 1571 sint
2336 1516 2452 1571 haec
2481 1524 2594 1571 tota
2624 1532 2732 1572 non
2770 1518 2868 1573 tibi
2897 1529 3026 1573 nota
3053 1520 3252 1574 minus.

367 1617 725 1673 Commendat
766 1626 954 1673 sancto
978 1616 1153 1687 gratia
1182 1626 1428 1685 quosque
1445 1611 1589 1667 loco.
1973 1606 2119 1663 Luce
2153 1607 2287 1661 mihi
2314 1622 2510 1677 magna
2533 1614 2592 1661 tu
2621 1606 2751 1663 solis
2785 1608 3003 1664 charior
3029 1621 3233 1677 exstas,

291 1707 466 1764 Nemo
503 1710 668 1781 gemit
693 1711 960 1766 miserans
991 1709 1183 1764 alienae
1210 1704 1556 1763 incommoda
1583 1704 1727 1772 vitae,
2044 1698 2131 1753 Nil
2159 1698 2333 1753 fateor
2357 1699 2501 1769 quod
2528 1714 2705 1755 amem
2733 1708 2785 1755 te
2824 1715 2979 1771 mage
2997 1702 3230 1757 mundus
3261 1702 3444 1759 habet.

367 1802 474 1859 Pro
503 1803 691 1860 fratris
713 1803 936 1874 pulsans
962 1802 1195 1858 utilitate
1219 1801 1321 1856 sui.
1898 1866 1943 1874 _
1974 1791 2003 1831 δ
2040 1789 2363 1846 Matfredum
2393 1792 2600 1847 crebris
2628 1792 2864 1862 appellat
2894 1793 3126 1863 epistola
3159 1794 3340 1859 dictis,

294 1897 685 1969 Unusquisque
707 1866 890 1953 etudet
914 1904 1132 1952 ten-eno
1153 1888 1468 1951 incumbere
1490 1893 1664 1960 lucro,
1898 1866 1949 1926 Β
2046 1883 2315 1954 Lectaque
2346 1894 2471 1939 sunt
2492 1893 2671 1940 vestra
2704 1888 2871 1941 verba
2895 1885 3207 1957 frequenter
3228 1889 3299 1942 ei.

366 1990 624 2045 Sectatur
644 1991 863 2063 fragiles
886 1990 1174 2045 deliciosus
1195 2002 1345 2057 opes,
1412 2032 1414 2035 ,
1973 1974 2067 2030 Ille
2093 1974 2236 2029 valet
2262 1975 2428 2045 lapsis
2452 1985 2694 2045 optatam
2721 1978 2982 2034 adhibere
3022 1978 3312 2046 medelam,

294 2083 376 2139 Ex
411 2097 646 2153 quorum
674 2097 762 2137 me
782 2081 907 2137 nolo
933 2088 1091 2151 putes
1110 2095 1337 2135 numero
1358 2086 1539 2135 tamen
1561 2092 1703 2145 esse,

1596 2092 1703 2145 sse,
2045 2063 2441 2136 Naufragioque
2465 2066 2612 2137 pium
2636 2066 2781 2122 ferre
2814 2068 3194 2138 patrocinium.

362 2174 468 2243 Qui
496 2174 681 2229 fucata
708 2173 815 2229 levi
850 2180 1070 2244 pectore
1097 2174 1261 2228 verba
1289 2171 1513 2227 fel-um;
1976 2155 2193 2211 Flebilis
2222 2158 2487 2212 exhausto
2514 2165 2734 2213 resonat
2758 2160 2848 2213 vix
2878 2160 3122 2216 carmine
3146 2158 3320 2227 Musa,

294 2264 407 2321 Sed
434 2268 526 2338 qui
554 2266 777 2323 cessabo
802 2282 1080 2337 nunquam
1102 2275 1315 2322 certare
1337 2265 1631 2337 precando,
1985 2335 2010 2338 _
2046 2248 2240 2338 Dicere
2260 2247 2387 2317 (Ιιιίά
2404 2250 2579 2318 Ροεείι
2605 2249 2682 2304 nil
2708 2250 2877 2305 hab“
2917 2251 3009 2305 illa
3038 2252 3229 2323 magis-

364 2335 473 2414 Ριιό
501 2360 677 2415 reditu
702 2366 885 2414 νεειιιο
906 2335 1106 2429 (ίυίφλε
1130 2357 1318 2414 laboro
1338 2335 1543 2414 libens.
1978 2335 2085 2393 Sed
2111 2339 2372 2393 mandare
2397 2338 2601 2409 aliquid
2630 2340 2903 2395 dubitaret
2930 2342 3153 2412 epistola
3179 2350 3360 2398 vestra

292 2447 442 2520 Ergo
470 2463 571 2520 ego
597 2449 827 2504 sollicito
850 2458 1064 2505 veteres
1093 2448 1193 2505 tibi
1218 2464 1434 2519 semper
1458 2447 1690 2515 amicos,
1979 2518 2021 2520 η
2049 2429 2286 2520 Mirabar
2309 2432 2477 2486 “35m
2501 2447 2599 2487 θυι·
2626 2434 2761 2516 mihi
2788 2435 3017 2490 δθτνίιίίι

366 2518 581 2612 ρι-οειξιθ
608 2543 716 2598 mis
744 2543 955 2597 damnis
977 2543 1293 2598 ambitiosus
1315 2518 1430 2598 έτο,
1858 2529 1867 2533 ’
1977 2518 2194 2575 Nullum
2220 2536 2459 2590 unquam
2486 2521 2810 2593 obsequium
2836 2525 2937 2581 tibi
2963 2541 3090 2582 nam
3115 2527 3250 2583 mihi
3280 2528 3440 2584 crede
3461 2544 3555 2584 ne-

293 2633 427 2689 Hazc
456 2644 510 2689 te
535 2650 697 2691 nosse
723 2651 869 2703 reor,
896 2637 1153 2706 quoniam
1183 2637 1292 2691 cito
1313 2636 1590 2708 spargitur
1605 2634 1739 2692 orbe
2053 2701 2083 2708 _
2140 2703 2155 2708 _
2314 2703 2330 2708 _
2576 2704 2586 2708 _
2632 2706 2643 2708 Α
3304 2616 3486 2691 [ὅπου

365 2726 535 2782 Fama
562 2728 707 2784 celer
730 2701 867 2795 toto;
895 2701 1069 2784 amica
1099 2728 1245 2783 dicta
1271 2701 1487 2800 δεξεηξ.
2049 2701 2159 2759 Sed
2188 2703 2548 2775 quodcunque
2566 2704 2727 2775 jubes
2757 2709 2874 2780 ipse
2898 2709 3131 2768 libenter
3150 2724 3270 2784 ago.

294 2816 387 2873 Sis
414 2818 555 2887 quod
583 2820 651 2874 ab
679 2818 912 2874 infausta
937 2820 1039 2875 hac
1060 2820 1280 2875 demum
1304 2820 1526 2891 regione
1550 2818 1870 2891 movendus,
1978 2813 2185 2872 Idcirco
2213 2817 2360 2873 hunc
2383 2828 2633 2875 nostrum
2663 2822 2889 2877 missum
2927 2824 3223 2879 direximus
3249 2823 3317 2878 ad
3349 2832 3424 2888 te,

369 2907 599 2964 Caesaris
624 2909 694 2964 ad
722 2910 955 2965 nitidum
990 2910 1155 2966 limen
1184 2912 1360 2966 iturus
1390 2912 1568 2979 item,‘
2049 2909 2395 2980 Quaecunque
2417 2919 2476 2966 ut
2496 2912 2724 2967 mandas
2752 2913 2841 2968 ille
2866 2914 2998 2969 mihi
3029 2914 3250 2971 referat.

299 2996 450 3053 Illius
472 3006 600 3054 ante
623 2999 810 3055 oculos
839 3000 1043 3066 venies,
1076 3001 1364 3072 laetumque
1386 3002 1593 3059 videbis
1979 3000 2190 3072 Quique
2212 3002 2399 3073 procul
2424 3004 2585 3059 dubio
2614 3004 2746 3060 satis
2773 3013 2879 3071 est,
2914 3013 2975 3060 ut
2999 3008 3180 3073 credo,
3214 3004 3408 3073 ﬁdelis,

368 3088 492 3145 Jam
516 3091 718 3146 dudum
742 3091 948 3147 vultum
976 3092 1068 3162 qui
1095 3092 1193 3148 tibi
1223 3093 1396 3149 tristis
1424 3102 1563 3150 erat.
2049 3092 2215 3162 Cujus
2245 3094 2313 3149 ab
2339 3109 2433 3150 ore
2461 3110 2582 3150 mea
2610 3111 2831 3151 currere
2854 3098 3020 3152 verba
3045 3098 3215 3153 vides.

301 3183 663 3294 Co‘r‘nmissum
689 3187 867 3243 scelus
895 3201 1054 3243 omne
1089 3188 1185 3243 tibi
1215 3190 1493 3247 dimittere
1518 3191 1744 3267 mavult,
1905 3230 1951 3294 Ο
1978 3183 2099 3257 Ipse
2120 3184 2217 3240 tibi
2244 3201 2578 3256 quascunque
2604 3202 2762 3258 roges
2784 3188 2900 3243 sine
2922 3187 3114 3244 fraude
3135 3196 3400 3252 recenset,

373 3274 432 3330 Si
466 3291 719 3346 peccasse
745 3285 923 3335 tamen
953 3288 1006 3335 te
1034 3296 1339 3338 memorare
1367 3284 1520 3340 velis.
1907 3274 1951 3294 υ
2053 3278 2273 3348 Absque
2299 3278 2420 3333 dolo
2446 3286 2632 3334 nostra
2660 3288 2853 3335 cuncta
2880 3281 2999 3337 vice
3024 3281 3289 3351 expediet.

286 3365 437 3451 .Nam
463 3369 720 3439 prodesse
748 3371 846 3425 tibi
882 3371 1153 3427 confessio
1170 3387 1308 3442 pura
1333 3374 1554 3443 valebit,
1985 3368 2161 3425 Imber
2192 3369 2355 3424 liabet
2377 3370 2609 3439 liquidas
2630 3379 2762 3443 quot
2786 3380 2986 3442 guttas,
3018 3370 3239 3426 ﬂumina
3265 3371 3464 3443 pisces,

376 3456 437 3512 Si
465 3468 519 3514 te
541 3474 674 3515 voce
697 3461 896 3530 probas
924 3462 1169 3517 criminis
1194 3477 1314 3518 esse
1350 3479 1524 3520 reum.
2057 3458 2272 3514 Emittit
2296 3459 2515 3516 frondes
2540 3470 2673 3533 quot
2700 3477 2889 3518 nemus
2915 3478 3073 3519 omne
3104 3464 3308 3527 virens,

300 3552 361 3607 Si
393 3561 448 3609 te
470 3554 779 3610 dissimulas
806 3556 872 3610 de
901 3571 1009 3625 quo
1034 3556 1132 3612 tibi
1158 3558 1387 3612 crimine
1414 3558 1595 3612 dicam
1990 3550 2133 3606 Area
2156 3566 2322 3622 grana
2359 3552 2495 3607 δοιεῐ
2525 3563 2654 3623 (1‘10l
2679 3556 2879 3611 habere
2904 3563 3112 3621 κειθῐθ»
3140 3554 3341 3610 salutes

374 3642 553 3710 Scire,
579 3652 705 3699 nota
723 3660 823 3714 pro
852 3661 958 3716 quo
984 3648 1113 3703 huic
1144 3646 1237 3720 [F.
1268 3647 1380 3720 hic]
1403 3649 1540 3704 situs
1562 3649 1680 3719 ipse
1706 3648 1875 3707 fores.
2054 3642 2160 3698 Τοι
2182 3644 2279 3698 tibi
2306 3644 2485 3712 ωίιῑον
2516 3646 2634 3701 Vale
2662 3662 2877 3717 semper
2910 3647 3127 3717 ιὼἱψιθν
3152 3648 3330 3703 Pater.

377 3786 406 3815 ι
442 3774 708 3831 Amissum
738 3794 922 3832 rursus
950 3779 1096 3834 adire
1117 3779 1359 3852 gradum.
1401 3779 1473 3836 Ut
1495 3796 1686 3852 supra,
1980 3776 2255 3852 Agobardi
2280 3779 2504 3852 epistola
2534 3782 2619 3835 cui
2674 3782 2880 3847 titulus,
2924 3780 3168 3837 Virorum
3220 3782 3550 3852 prazstantis-

463 3866 593 3917 Proh
614 3868 778 3918 dolori
798 3871 987 3933 amisso,
1018 3848 1213 3934 praesul,
1232 3874 1421 3923 honore
1444 3848 1594 3936 peris.
1984 3848 2291 3936 ξὶιῖιο-ξιιιιεε
2317 3849 2674 3936 “(mm-“il?”
2711 3853 2997 3936 Μειίίνεάον
3035 3867 3104 3936 9x
3130 3848 3236 3923 (In:i
3260 3851 3563 3936 ίιιιεὲιίεφτθ

301 3949 541 4021 Depositi
569 3951 712 4004 enim
742 3925 1231 4024 fuerant'e-piscopi
1260 3954 1421 4024 hujus
1444 3925 1874 4025 conspirationis
1983 3928 2068 4044 ξῗί
2096 3928 2299 4001 quanta
2335 3925 2453 3989 ejus
2480 3932 2623 3978 esset
2651 3925 2789 4004 api"!
2827 3925 3212 4006 ίωΡθτθιοτθΨ
3264 3925 3560 4032 ἓωθίθτίίδξ

303 4022 410 4098 (ei:
439 4021 781 4098 Εείηιιθνάυβ
805 4022 1000 4098 Antia]-
1028 4039 1116 4078 δην
1158 4024 1299 4079 δίει
1335 4043 1366 4098 ε,
1388 4026 1684 4097 Episcopos
1716 4042 1877 4098 syno-
1981 3989 3537 4098 ητιξηέξῗιςρῗιῖῗῗῗς,νὲἷῖιῗὶυῗςίξῗηῗ.¹.ὶῖ)⁵ὶξῖὶὲ.ς¹¹ξ¹ἶέ¹ᾲεῖῗν¹ξ

305 4091 415 4216 giatli
445 4059 682 4215 ’dtiacreto
733 4092 1007 4164 depositas
1055 4059 1877 4169 monasteriis“
1980 4059 2762 4216 gg;3dglig:ﬁgg?,ug
2785 4064 3564 4216 §;'32‘:nmé§£ji’lfr'::igf'ig“$5

379 4232 407 4272 ι)
448 4231 1107 4308 Matfredunt._Com.tcm,
1138 4237 1471 4308 praecipuum
1515 4247 1643 4295 tunc
1662 4239 1875 4308 imperii

1980 4209 2209 4269 utraque
2224 4203 2365 4257 inter
2387 4205 2689 4273 praecipuos
2711 4202 3017 4263 incentores
3035 4222 3066 4259 a
3088 4202 3345 4274 T’hegano
3365 4211 3419 4257 et
3446 4202 3563 4256 aliis

1983 4280 2299 4308 nnmm-olnn
2330 4273 2418 4308 Ιιίιι
2448 4274 2741 4308 ιΙαιΓνοΑιια

309 4273 617 4359 ministruin
659 4304 761 4359 sub
810 4277 1107 4361 Ludovico:
1138 4273 1643 4363 “iiiit‘émeiié'f

1165 4273 1643 4363 ϊΐυὲιᾶἓέωθῦἵῶυ
1982 4280 2299 4327 numeratur
2330 4273 2420 4328 hic
2447 4274 2763 4331 Matfredus.

320 4452 3548 4487 W

1495 4614 1797 4694 LIBER
1868 4615 2362 4711 QUINTUS.

1074 4898 1115 4954 I.
1166 4946 1174 4951 .
1909 4908 1964 4968 D
2059 4903 2289 4961 Sustulit
2330 4904 2555 4974 hujusce
2578 4903 2906 4960 conditionis
2934 4918 3097 4962 onus.

478 5000 803 5045 cossourxo
822 5003 890 5043 ns
918 5003 1079 5044 OBITU
1108 5004 1373 5046 cumsnut
1421 5005 1669 5048 FRATRIS.
1990 4995 2209 5068 Ignibus
2234 4997 2484 5053 aethereis
2510 5012 2818 5067 quanquam
2859 4997 2994 5053 Abel
3021 4998 3197 5056 hostia
3219 5005 3375 5069 capta
3394 5005 3495 5052 est.

312 5080 371 5138 Si
394 5095 534 5137 nova
560 5096 705 5136 nunc
745 5080 938 5137 fierent
967 5090 1239 5137 tantarum
1268 5083 1493 5139 exordia
1514 5098 1722 5150 rerum,
2060 5090 2355 5146 Fraternas
2375 5090 2517 5145 ictus
2552 5091 2640 5145 hic
2672 5091 2951 5147 moriendo
2990 5091 3133 5146 tulit.

381 5176 503 5233 Jam
524 5192 699 5234 novus
726 5192 855 5233 usus
874 5177 953 5233 eis
972 5194 1116 5233 nunc
1143 5177 1481 5234 adhibendus
1511 5185 1651 5233 erat.
1993 5182 2199 5251 Aspera
2225 5196 2532 5253 quanquam
2566 5182 2753 5240 Euoch
2780 5184 2882 5240 sibi
2911 5199 3059 5239 mors
3106 5182 3337 5238 miretur
3385 5181 3554 5237 adem-

313 5274 423 5329 Sed
452 5272 579 5344 quia
604 5272 732 5327 trita
759 5272 838 5327 rei
858 5269 971 5339 jam
1001 5270 1203 5326 dudum
1231 5278 1316 5326 est
1341 5272 1537 5327 semita
1560 5277 1744 5337 tantae,
3300 5269 3491 5341 [ptum,

386 5365 531 5437 Erga
563 5365 704 5419 hanc
731 5363 994 5434 majorum
1021 5362 1201 5433 prisca
1224 5363 1455 5417 tenenda
1480 5361 1570 5416 via
1594 5369 1696 5417 est.
2066 5360 2321 5428 Quamvis
2349 5378 2489 5431 sera,
2518 5363 2666 5419 illum
2696 5374 2781 5419 est
2810 5363 3111 5434 appetitura
3138 5368 3337 5415 tamen.

317 5457 549 5513 Mundus
570 5458 638 5511 ab
661 5468 832 5525 usque
872 5454 1008 5508 chao
1032 5452 1217 5506 varius
1252 5452 1355 5507 hoc
1374 5452 1568 5507 ordine
1592 5451 1779 5523 coepit,
1991 5452 2235 5511 Mortuus
2264 5464 2346 5510 est
2362 5454 2495 5522 Noe,
2535 5472 2659 5528 spes
2685 5456 2850 5519 orbis,
2896 5460 3052 5522 pater
3079 5459 3240 5522 atque
3282 5453 3548 5511 secundus

388 5550 457 5605 Et
484 5546 935 5605 consummandus
963 5545 1067 5600 hac
1101 5558 1315 5615 quoque
1346 5552 1491 5599 sorte
1514 5550 1711 5599 manet.
2062 5547 2164 5616 Qui
2185 5548 2322 5604 vixit
2341 5549 2541 5604 multas
2568 5548 2800 5618 inclytus
2824 5547 2966 5601 inter
2990 5561 3178 5617 aquas.

318 5645 609 5716 Floring
630 5642 774 5699 sedis
792 5640 1063 5697 habitator
1087 5637 1354 5694 maximus
1378 5638 1550 5694 Adam
1994 5641 2122 5698 Sem
2151 5658 2382 5714 quoque,
2410 5648 2618 5696 mutato
2645 5652 2672 5680 α
2704 5652 2798 5693 rex
2818 5646 2901 5694 est
2921 5641 3012 5710 qui
3040 5641 3258 5697 nomine
3272 5640 3471 5711 justus,

395 5791 421 5819 ι
464 5778 578 5835 Rea:
604 5780 810 5835 nomine
827 5774 1479 5850 justus.__Melchisedech,
1513 5772 1667 5843 cujus
1692 5788 1891 5850 nomen
1998 5776 2202 5850 quitur,
2250 5774 2337 5828 cui
2390 5789 2514 5827 cum
2564 5772 2805 5830 Hebrzeis
2848 5773 2975 5833 Seni
3024 5793 3202 5850 Ipsum
3256 5777 3366 5833 Noe
3398 5777 3563 5833 lilium

321 5849 547 5918 justitize
603 5865 785 5922 regem
818 5844 991 5906 sonat.
1030 5845 1109 5903 Ex
1136 5859 1321 5903 eorum
1352 5860 1480 5917 ergo
1517 5846 1781 5905 sententia
1810 5845 1893 5903 lo-
1994 5844 2158 5902 fuisse
2186 5851 2532 5900 censuerunt.
