4046 6470
168 506 501 585 α-ατιῐειὶῐὶεὶ
523 520 636 577 hate
664 517 873 577 ratione
894 510 1058 593 viget,
1085 514 1201 578 hinc
1230 520 1349 593 lege
1382 528 1614 591 tenetur,

141 822 163 863 ἵ

140 1277 173 1311 ιο

280 408 375 474 349

346 609 597 673 Mentibus
622 611 738 669 haec
763 613 963 669 sati'ctis
990 612 1183 687 gaudia
1212 620 1407 686 magna
1436 622 1609 685 parat.

276 708 480 771 Felices,
506 703 676 774 inquit
700 703 956 761 Dominus
985 708 1101 771 rex,
1130 703 1223 776 qui
1253 706 1412 761 modo
1452 693 1613 773 fletis,

337 799 578 872 Egregius
604 797 756 853 vobis
781 800 903 870 post
932 798 1058 869 quia
1085 800 1225 854 risus
1245 799 1368 854 erit.

275 892 369 949 Cor
390 888 636 958 sapientis
665 887 753 943 ubi
776 886 990 960 sapiens
1012 888 1354 945 moestiSSima
1385 888 1521 946 dixit

335 984 431 1038 Res
453 990 552 1047 est,
576 986 630 1036 et
653 980 799 1037 suun
823 984 948 1038 stitit
978 978 1066 1038 ubi
1097 981 1217 1038 lana
1246 983 1482 1053 quidem.

272 1076 451 1143 Nempe
476 1073 547 1128 ait
573 1080 628 1129 et
653 1074 835 1131 miseri
873 1079 1210 1131 venerandus
1233 1074 1519 1146 Apostolus
1540 1084 1652 1132 este
1669 1118 1683 1142 ,

328 1164 391 1218 Et
406 1165 596 1218 vestris
624 1162 806 1220 sedeat
827 1166 1076 1238 plangere
1102 1164 1228 1221 ilere
1250 1167 1465 1224 animis.

269 1256 515 1327 Suscipiat
549 1257 726 1314 luctus
752 1260 892 1314 risus
918 1264 972 1315 et
994 1260 1184 1333 gaudia
1213 1274 1415 1315 mceror

328 1349 523 1415 Vestra,
557 1346 652 1404 sed
681 1351 794 1406 htec
825 1354 1076 1423 satagens
1106 1348 1355 1425 dogmata
1391 1363 1576 1409 sancta
1607 1348 1786 1412 dabat.

264 1438 436 1496 Omnia
459 1441 579 1511 quis
605 1443 835 1512 prOpriis
864 1444 1065 1513 poterit
1086 1445 1391 1499 describere
1430 1444 1650 1512 chartis,

323 1532 443 1600 Quae
464 1534 530 1590 de
556 1535 659 1590 hac
688 1551 747 1589 re
771 1536 998 1605 sparsim
1024 1538 1216 1609 pagina
1251 1536 1436 1592 sancta
1467 1536 1648 1593 canit?

260 1624 443 1691 Altera,
470 1640 633 1695 quam
676 1626 844 1699 gignit
867 1624 1016 1683 furor
1044 1639 1096 1683 ct
1120 1628 1367 1684 confusio
1398 1629 1613 1696 mentis,

129 1724 283 1777 γ’*
320 1716 687 1791 Segnitiesque
720 1737 920 1777 nocens
947 1718 1019 1777 nil
1056 1723 1284 1778 rationis
1317 1722 1540 1778 habens.

257 1807 357 1864 Non
384 1810 623 1865 animum
652 1811 766 1867 hzcc
795 1821 1009 1884 purgat,
1035 1815 1126 1869 sed
1153 1814 1333 1884 iniquo
1360 1812 1575 1872 turbine
1605 1814 1817 1871 turbat:
1882 1868 1891 1891 ς
1921 1810 2054 1880 Quis
2085 1814 2344 1871 ίηοιθεοειι
2372 1828 2528 1874 at")!
2567 1819 2764 1884 scelus.
2791 1830 2845 1877 el
2868 1824 3137 1879 discordia
3169 1828 3400 1901 Crescat.

130 2206 149 2235 δ

204 5856 214 5892 ι

315 1903 475 1971 Quem
508 1905 733 1961 turbare
754 1898 916 1971 valet,
942 1900 1248 1963 emaculare
1271 1906 1457 1977 nequit
1487 1927 1498 1961 :

255 1995 387 2051 Hanc
411 1995 561 2053 fovet
582 1998 850 2061 anxietas,
887 2000 1027 2054 hanc
1058 1996 1364 2070 deSperatio
1396 1998 1585 2071 gignit,

316 2087 487 2156 Deque
513 2089 598 2142 sui
628 2089 765 2159 nigri
799 2087 1017 2145 ﬂumine
1046 2083 1201 2144 lactis
1229 2086 1344 2143 alit.

252 2178 445 2236 Tertius
470 2182 745 2237 horrenda
780 2184 1026 2238 exoritur
1053 2174 1241 2239 modus
1261 2184 1537 2255 improbus
1564 2180 1677 2239 ira:

309 2269 530 2342 Gignere
554 2274 690 2341 quin
713 2273 876 2328 etiam
904 2273 1098 2329 damna
1122 2276 1324 2330 caduca
1351 2271 1543 2331 scient.

248 2358 365 2415 Cum
393 2362 665 2418 desiderio
703 2371 784 2418 est
810 2374 963 2419 mens
998 2373 1091 2419 aut
1117 2352 1366 2435 perculsa
1390 2368 1605 2433 timore,

310 2450 553 2522 Carpitur
583 2463 679 2509 aut
706 2472 848 2511 czeco
871 2448 1139 2511 desidiosa
1172 2472 1302 2529 rogo
1332 2477 1345 2513 :

248 2541 332 2598 Est
364 2542 681 2616 plerumque
714 2563 813 2602 suo
839 2548 918 2603 sic
939 2548 1209 2605 excaecata
1234 2548 1434 2612 furore.

311 2634 377 2691 Ut
406 2636 472 2691 sit
504 2632 645 2709 quid
679 2636 825 2693 dicat
849 2632 1053 2705 nescia,
1079 2640 1162 2695 vel
1188 2639 1315 2710 quid
1347 2636 1488 2712 agat.

248 2727 331 2784 Est
351 2726 403 2785 et
430 2731 477 2785 ei
507 2731 630 2789 sine
654 2730 807 2788 clade
828 2732 1000 2799 dolor,
1034 2734 1149 2789 sine
1180 2735 1398 2790 nomine
1424 2747 1647 2799 mceror,

309 2817 495 2877 lntima
525 2822 625 2878 sed
636 2820 835 2879 cordis
860 2822 1076 2879 nubilus
1100 2840 1255 2881 error
1280 2824 1458 2881 habet.
1695 2821 1705 2825 ’

246 2907 383 2968 lianc
414 2910 580 2971 modo
640 2914 864 2973 somnus
916 2914 1120 2983 habet,
1174 2918 1333 2974 modo
1398 2914 1551 2972 tarda
1603 2906 1817 2972 silentia

1465 3011 1747 3086 [prensant

303 3102 552 3160 Ambuiat
575 3110 631 3161 et
652 3098 851 3174 stertit,
876 3114 1179 3163 murmurat
1205 3112 1367 3177 atque
1396 3110 1561 3162 tacet.

242 3188 474 3249 Somniat
501 3196 595 3253 hic
623 3192 795 3254 oeulis
837 3196 1078 3255 residens
1118 3196 1345 3272 ignavus
1373 3198 1599 3273 apertis,

302 3282 490 3356 Nilque
511 3285 738 3360 loquens
772 3304 891 3346 sese
912 3292 1092 3347 dicere
1122 3291 1290 3347 multa
1320 3300 1493 3363 putat.

235 3374 394 3455 dctus
416 3380 586 3437 hebes
612 3396 858 3439 secessus
885 3383 1053 3449 iners,
1078 3383 1275 3439 oblivia
1310 3385 1462 3456 pigra

302 3469 457 3538 Sunt,
483 3481 539 3527 et
564 3474 639 3528 nil
659 3474 824 3529 fixum
857 3484 1037 3531 mente
1074 3472 1158 3528 vel
1181 3491 1275 3531 ore
1296 3476 1463 3532 vehit.

234 3558 302 3618 Ut
329 3566 465 3619 ratis
495 3565 550 3618 in
577 3566 786 3636 pelago,
813 3566 900 3621 cui
934 3584 1041 3623 non
1069 3576 1153 3624 est
1183 3569 1388 3635 navita,
1411 3558 1562 3627 certa

296 3648 383 3702 Ad
405 3648 525 3703 loca
555 3646 698 3704 nulla
721 3644 887 3719 volat,
918 3646 1012 3709 sed
1035 3671 1170 3726 vaga
1202 3652 1421 3711 oberrat
1452 3644 1640 3727 aquas.

227 3735 318 3793 Sic
343 3753 501 3794 mens
544 3736 779 3795 tristitim
809 3740 1003 3814 ignava
1028 3738 1257 3813 caligine
1282 3760 1493 3814 pressa,

290 3827 400 3885 Per
428 3829 656 3903 pelagus
682 3846 871 3890 sensus
902 3834 1050 3906 itque
1078 3838 1329 3908 reditque.
1349 3839 1452 3894 sui.

230 3918 521 3993 Colloquiis
542 3923 772 3979 fratrum
792 3918 998 3983 crebris
1024 3928 1139 3983 hmc
1160 3944 1296 3983 noxa
1322 3928 1542 3996 fatiscit,

298 4006 496 4070 Orandi
520 4016 796 4071 assiduum
821 4017 962 4074 hanc
998 4008 1212 4090 quoque
1234 4021 1383 4091 pellit
1408 4036 1560 4093 opus.

234 4103 296 4160 Et
316 4105 462 4176 fugat
481 4104 775 4178 eloquium,
800 4108 951 4181 fugat
975 4113 1115 4167 hanc
1136 4121 1191 4169 et
1220 4114 1384 4169 lectio
1412 4116 1617 4183 sancta,

301 4195 499 4253 Sudum
530 4197 691 4267 hujus
710 4198 920 4268 iubaris
962 4202 1099 4259 nubs
1130 4206 1413 4260 tenebrosa
1440 4205 1594 4276 fugit.

236 4286 457 4345 Marcida
488 4306 598 4346 non
620 4292 735 4346 vitii
762 4290 1083 4362 perstabunt
1105 4294 1260 4349 tzedia
1286 4296 1444 4361 tanti,

300 4380 565 4439 Virtutum
591 4384 636 4440 si
664 4385 858 4440 harum
888 4392 1012 4441 sunt
1036 4385 1238 4459 agitata
1268 4402 1452 4443 manu.

238 4561 478 4641 ternionis
503 4576 688 4641 unius,
715 4576 805 4641 qui
832 4578 900 4621 au
921 4572 1047 4641 _hos
1088 4578 1195 4621 non
1236 4566 1484 4641 pervenit
1506 4566 1591 4641 (‘).
1622 4567 1680 4624 ln
1710 4578 1823 4639 eo,

237 4637 289 4682 ut
313 4636 564 4712 comperi,
590 4637 893 4712 principem
920 4637 1097 4692 locum
1133 4636 1353 4694 tenebat
1378 4636 1657 4712 vulgatum
1682 4636 1804 4697 car;

238 4712 351 4756 men
374 4703 437 4758 de
462 4703 748 4772 Plitenice,

404 4793 490 4846 Est
513 4797 651 4847 locus
684 4771 742 4848 in
756 4800 908 4861 primo
931 4798 1046 4850 felix
1073 4800 1299 4866 Oriente,
1316 4771 1432 4853 etc.

238 4870 310 4955 ita.
328 4885 385 4929 ut
421 4877 583 4955 hujus
610 4889 889 4955 auctorem
918 4883 1009 4953 qui
1047 4884 1418 4955 ignorabatur,
1446 4883 1805 4954 Theodulfum

239 4942 471 5019 deinceps
490 4942 730 5007 laudare
757 4942 938 5008 liceat.

248 5052 1807 5090 ηῇ--ἀ--ῆ

289 5131 350 5202 (_')
377 5134 464 5202 Qui
482 5132 743 5202 Theodulii
768 5138 998 5202 episcopi.
1023 5136 1577 5202 Aurelianenslsnpera
1617 5137 1799 5200 publici

233 5190 492 5263 jur'ifléeit
512 5199 724 5249 lacubus
757 5190 1060 5263 Sirmondus,
1107 5204 1355 5253 “notatis
1393 5190 1513 5250 Jesu
1541 5190 1806 5263 presbyter

238 5258 460 5325 eruditus,
485 5275 576 5311 sex
603 5265 755 5325 ipsius
773 5258 1055 5325 Cal-minuta
1073 5264 1222 5325 libros
1246 5266 1415 5325 edidit,
1444 5265 1493 5325 in
1512 5258 1717 5325 quorum
1744 5264 1803 5311 li-

237 5316 315 5366 bro
334 5316 482 5386 vhqui
509 5333 588 5372 est
612 5316 673 5374 de
703 5331 883 5386 septem
926 5322 1052 5373 vitiis
1085 5316 1616 5386 capitalibusfpluritna
1661 5327 1801 5374 Initio

239 5390 346 5446 sane
366 5380 723 5446 desiderantur,
751 5380 963 5434 iiiaximo
988 5380 1251 5434 occinente
1274 5380 1429 5444 hiatu,
1463 5386 1550 5434 sed
1577 5386 1798 5446 aliquan-

236 5439 373 5489 tulum
417 5447 602 5508 repleri
643 5439 803 5508 potest
848 5449 923 5497 his
970 5449 1207 5508 versibus,
1233 5450 1313 5506 qui
1347 5439 1424 5494 ad'
1450 5447 1565 5495 illud
1601 5439 1797 5499 carmen

239 5498 748 5626 gztiqgae‘videutur.
794 5508 1034 5570 “Aurem,
1076 5498 1309 5559 Thes'aur.
1347 5511 1543 5570 (mecm,
1591 5517 1706 5559 tom.
1735 5506 1795 5571 ν,

294 5671 380 5739 Quj
404 5675 543 5739 cunis
568 5690 679 5727 esse
701 5678 873 5739 bonus,
904 5679 984 5739 qui
1012 5680 1157 5728 vitam
1179 5677 1359 5738 quaeris
1382 5672 1655 5727 honestam.

351 5734 511 5800 Dilige
531 5740 811 5790 munditiam
835 5734 1050 5800 corporis
1066 5734 1212 5798 atque
1239 5741 1428 5788 animae.

296 5793 654 5851 Mttnda'domus
677 5803 836 5852 mundi
872 5793 1373 5852 Doniinum'retiuere
1401 5799 1615 5851 valebit:

353 5858 467 5924 Nam
490 5864 577 5915 tali
596 5877 792 5928 semper
816 5865 1003 5928 hospite
1026 5875 1197 5927 sospes
1219 5864 1333 5915 erit.
1432 5875 1438 5881 ι

1557 392 1883 463 mulus.
1924 397 2052 463 Lm.
2096 377 2185 464 v.3

1848 525 1903 587 Α
1923 522 2140 596 Ignibus
2166 532 2226 593 ut
2255 532 2416 593 ceras,
2451 524 2650 598 glacies
2670 532 2728 584 ut
2754 529 2869 587 Sole
2893 512 3217 603 liquescunt,

1995 620 2121 690 Igne
2144 614 2318 691 liQuor
2338 622 2600 690 modicus,
2632 633 2692 679 ut
2720 623 2864 695 perit
2891 640 3050 684 amne
3074 643 3257 700 rogus.

1926 713 2135 770 Desidis
2158 716 2302 771 haud
2330 714 2488 772 aliter
2514 716 2776 772 labefacta
2804 719 3040 789 pericula
3073 719 3247 777 morbi

1997 806 2298 864 Tabesceut
2316 810 2527 880 penitus
2554 810 2603 865 vi
2634 811 2933 881 perimente
2963 814 3072 882 pia.

1926 894 1985 965 Si
2016 907 2246 953 mentem
2278 901 2416 956 ratio
2436 911 2664 974 vegetet,
2698 912 3002 974 componat,
3034 910 3091 959 et
3112 911 3289 972 ornet,
3343 915 3442 931 ν

1996 987 2116 1043 Mox
2138 991 2386 1047 vitiorum
2415 993 2582 1048 inient
2607 993 2785 1050 larvea
2817 1004 3057 1051 monstra
3086 997 3288 1069 fugam.

1924 1077 2177 1149 Corporis
2204 1084 2257 1136 in
2289 1086 2546 1142 membris
2569 1086 2732 1143 hebes
2758 1098 2840 1144 est
2861 1090 3155 1145 substantia
3185 1100 3389 1157 nostra,

1994 1171 2051 1225 ln
2084 1174 2293 1229 ratione
2317 1176 2477 1246 viget,
2512 1189 2592 1234 cst
2624 1180 2712 1235 ubi
2759 1181 2936 1253 imago
2968 1178 3081 1237 Dei.
3274 1206 3353 1223 ~~
3382 1220 3417 1225 --

1908 1258 2006 1317 "Ira
2038 1263 2221 1320 furens
2249 1270 2492 1338 sequitur
2517 1274 2783 1341 Spumanti
2812 1272 3014 1329 fervida
3046 1274 3184 1329 rictu
3212 1310 3228 1342 ,

1994 1356 2331 1427 Luminaque
2360 1361 2631 1431 intorquet
2654 1364 2773 1419 felle
2804 1376 3024 1421 cruenta
3058 1375 3217 1445 tetro.

1923 1447 2091 1519 Impia
2115 1451 2200 1504 cui
2230 1452 2404 1505 dirum
2437 1452 2623 1509 tribuit
2652 1455 2865 1510 Bellona
2898 1456 3179 1530 flagellum,

1995 1537 2113 1605 Quo
2149 1550 2353 1596 mentes
2395 1541 2669 1598 hominum
2704 1545 2961 1617 iu-jurgia
2997 1562 3135 1603 sceva
3168 1552 3366 1605 movet.

1922 1624 2094 1696 Atque
2118 1628 2385 1684 lacessitis
2409 1634 2569 1687 sociis
2598 1634 2723 1689 hinc
2754 1636 2877 1690 inde
2900 1637 3178 1693 ministrat

1992 1720 2179 1788 Arma,
2216 1725 2410 1794 quibus
2440 1727 2669 1797 perimat
2697 1731 2848 1799 pacis
2878 1744 3062 1785 amara
3092 1731 3315 1787 bonum.

1847 1896 1896 1965 Β
1992 1902 2060 1958 Et
2090 1903 2230 1960 male
2261 1904 2531 1965 fraternus
2560 1920 2777 1980 oppetat
2813 1913 2988 1969 almus
3018 1929 3188 1969 amor.

1923 1993 2076 2051 Saeva
2101 1997 2298 2068 quibus
2326 1996 2522 2053 dentur
2551 2001 2697 2055 vitiis
2725 2003 2983 2058 alimenta
3011 2004 3272 2071 cruentis,

1991 2089 2060 2144 Et
2087 2090 2232 2146 cluat
2256 2104 2415 2147 omne
2438 2093 2589 2148 nefas
2614 2109 2738 2149 cum
2763 2090 2972 2165 legione
2995 2110 3110 2151 sua.

1918 2180 1988 2236 Et
2012 2181 2270 2237 virtutum
2308 2184 2496 2239 eadem
2530 2200 2732 2241 cuneus
2759 2189 3009 2242 veniente
3039 2188 3276 2256 fatiscat,

1991 2274 2059 2328 Et
2081 2286 2347 2346 praecepta
2377 2275 2508 2331 flant
2539 2278 2690 2333 irrita
2722 2289 2908 2334 sancta
2939 2280 3056 2336 Dei;

1920 2363 2048 2433 Qum
2080 2367 2181 2420 nisi
2211 2376 2415 2437 pacatae
2439 2378 2714 2438 nequeunt
2740 2372 2977 2425 insidere
3006 2372 3196 2440 menti,

1988 2455 2417 2527 Hamiqanuam
2436 2474 2556 2515 esse
2578 2459 2761 2515 valent
2787 2469 2871 2516 est
2900 2462 3049 2516 furor
3074 2469 3192 2518 ater
3215 2463 3327 2518 ubi.

1920 2546 2029 2603 Lex
2058 2549 2205 2605 videt
2236 2549 2451 2613 iratum,
2485 2552 2624 2605 hanc
2652 2560 2875 2606 cernere
2898 2552 3123 2622 negligit
3154 2554 3291 2622 ipse,

1989 2628 2117 2697 Vult
2140 2641 2229 2696 illa
2256 2636 2473 2709 ulcisci,
2507 2644 2595 2699 nie
2625 2658 2803 2699 caecus
2823 2645 3039 2700 oberrat
3071 2642 3237 2700 iners.

1920 2732 2034 2789 Hac
2070 2734 2272 2790 abeunt
2306 2736 2553 2791 veniente
2586 2737 2871 2803 modestia,
2899 2748 3023 2807 pax,
3061 2736 3363 2808 pietasque,

1989 2826 2161 2881 Omne
2188 2828 2303 2882 haec
2328 2828 2629 2898 praecipitat
2661 2829 2857 2884 mentis
2883 2830 2951 2884 ab
2985 2840 3113 2886 arce
3138 2832 3357 2886 bonum.

1919 2917 1991 2975 Ut
2020 2919 2186 2974 maris
2219 2927 2336 2974 atra
2364 2926 2584 2975 movent
2620 2930 2905 2976 ventorum
2934 2921 3115 2993 praelia
3146 2920 3365 2989 ﬂuetus,

1987 3010 2097 3067 Nec
2127 3010 2415 3082 tranquilla
2438 3010 2554 3081 ejus
2580 3026 2702 3067 esse
2727 3013 2993 3068 elementa
3016 3014 3217 3091 sinunt.

1915 3096 2025 3153 Aut
2064 3113 2257 3154 nemus
2280 3104 2339 3153 ut
2367 3098 2637 3169 placidum
2662 3098 2910 3171 Zephyro
2934 3100 3182 3157 turbatur
3211 3108 3266 3157 et
3291 3098 3455 3166 Eure.

1986 3192 2162 3262 Atque
2187 3193 2408 3248 arbusta
2436 3200 2647 3255 sonant,
2687 3192 2882 3248 robora
2911 3193 3064 3264 pulsa
3086 3202 3269 3249 ruunt.

1917 3284 2073 3341 Haud
2102 3300 2258 3340 secus
2280 3285 2358 3339 ira
2388 3294 2568 3340 movet
2593 3286 2859 3341 humanas
2880 3286 3087 3357 perfida
3112 3294 3342 3353 mentes,

1984 3375 2120 3431 Esse
2144 3382 2246 3431 nec
2274 3374 2463 3430 infelix
2488 3375 2651 3431 corda
2682 3376 2865 3445 quieta
2895 3377 3045 3432 sinit.

1914 3469 2062 3527 Illius
2098 3472 2150 3526 in
2184 3486 2427 3543 praeceps
2464 3482 2674 3537 mentes
2702 3472 2916 3526 insania
2940 3472 3112 3539 (lueit,

1987 3560 2098 3617 Nec
2121 3562 2326 3632 patitur
2352 3562 2631 3631 proprium
2671 3563 2770 3619 has
2797 3562 3034 3617 retinere
3052 3570 3274 3617 statum.

1916 3652 2176 3724 Amputat
2203 3662 2257 3708 et
2286 3669 2500 3719 sensus,
2534 3654 2833 3722 phreneses
2851 3654 3058 3708 imitata
3082 3654 3307 3718 cerebri,

1989 3744 2127 3812 Quid
2163 3752 2318 3815 gerat
2347 3752 2443 3799 aut
2469 3745 2614 3799 dicat
2649 3758 2809 3800 nosse
2839 3745 3073 3815 maligna
3102 3754 3267 3801 vetat.

1917 3832 2055 3891 Hinc
2081 3835 2218 3889 livor
2240 3850 2338 3890 ora
2366 3835 2521 3905 tegit,
2560 3846 2763 3891 tremor
2794 3836 2919 3892 hinc
2941 3846 2996 3892 et
3027 3839 3267 3893 concutit
3293 3845 3463 3903 artus.

1986 3927 2216 3983 Lumina
2246 3928 2532 4000 Gorgoneo
2562 3931 2756 3986 saevius
2776 3930 2901 4001 igne
2924 3932 3145 3986 micant.

1915 4018 2019 4075 Ore
2045 4019 2229 4075 fremit
2253 4022 2611 4093 manibusque
2629 4021 2779 4088 ferit,
2801 4021 2933 4077 furit
2958 4023 3156 4093 impete
3179 4023 3392 4093 grandi,

1983 4111 2174 4166 Omnia
2204 4126 2325 4183 quin
2344 4114 2511 4184 gessit
2539 4126 2638 4168 nec
2662 4113 2973 4169 meminisse
3000 4113 3160 4166 valet.

1914 4201 2167 4274 Iungitur
2193 4205 2548 4259 Eumenidum
2590 4208 2780 4277 stygiis
2809 4206 2946 4260 male
2975 4220 3105 4260 sana
3131 4204 3362 4266 choreis,

1985 4295 2053 4348 Et
2078 4295 2500 4365 Phlegctontmis
2522 4294 2686 4350 eifera
2709 4296 3032 4365 virginibus.

1915 4383 2178 4443 Caelicolis
2209 4386 2385 4441 aliena
2414 4385 2626 4452 choris,
2656 4386 2748 4441 ubi
2772 4385 3018 4455 principe
3040 4383 3257 4441 Christo
3330 4440 3333 4443 λ

3308 2085 3322 2112 l

1977 4561 2202 4613 Cernitur
2223 4560 2543 4620 Omnipotens
2565 4573 2593 4611 ι
2614 4560 2792 4615 mundo
2814 4560 2964 4621 corde
2981 4561 3157 4623 beatis,

2037 4624 2255 4672 Cernere
2279 4623 2506 4674 sordiduli
2534 4634 2628 4675 non
2651 4637 2880 4674 meruere
2910 4623 3082 4672 Deum.

1974 4684 2238 4735 Luxuriam
2258 4686 2426 4747 fugito,
2456 4690 2496 4735 si
2522 4686 2590 4734 vis
2612 4685 2942 4736 con~cendere
2965 4683 3114 4744 celsa,

2038 4748 2155 4797 Nam
2182 4752 2306 4809 petit
2331 4748 2517 4799 inferna
2544 4749 2821 4797 luxuriosus
2843 4749 3003 4807 homo.
3083 4800 3141 4809 ην

1978 4810 2192 4860 Luxuria
2221 4823 2450 4871 proceres
2470 4809 2647 4859 multos
2667 4810 2878 4859 detraxit
2897 4811 2963 4871 avi
2981 4813 3146 4871 ignem

2040 4872 2167 4921 Proh
2193 4868 2351 4919 dolori
2381 4880 2430 4920 et
2451 4874 2671 4919 minimos
2689 4883 2886 4931 semper
2911 4870 2967 4917 ad
2994 4868 3084 4919 ima
3111 4871 3279 4920 trahit.

1974 4933 2188 4985 Luxuria
2216 4936 2411 4994 prorsus
2434 4946 2609 4983 sensus
2629 4934 2888 4982 detruncat
2909 4944 3132 4993 acumen,

2042 4995 2194 5043 Ιηίὶοιι
2219 5001 2269 5043 et
2294 5003 2530 5048 mentem.
2557 4996 2738 5041 sauciat
2763 5001 2905 5051 atque
2930 5004 3111 5051 gravat.

1978 5056 2182 5107 Divitias
2202 5056 2347 5103 animi
2367 5056 2550 5114 pariter
2574 5055 2766 5104 detexit
2790 5061 2843 5103 ut
2867 5054 3054 5111 aui-unt.

2034 5118 2249 5167 Enert'al.
2272 5118 2420 5174 vires.
2445 5117 2659 5165 sordidat
2682 5125 2827 5176 atque
2854 5119 3050 5178 premit.

1973 5180 2182 5234 Semper
2205 5185 2329 5226 amat
2348 5182 2547 5226 miseros
2574 5181 2735 5240 piceas
2757 5178 3056 5235 demergere
3078 5179 3307 5233 ﬂammas,

2033 5243 2239 5301 Semper
2260 5248 2383 5301 amat
2405 5246 2562 5289 socics
2579 5238 2797 5289 subdere
2822 5239 3134 5288 daemonibus.

1972 5302 2104 5364 Ergo
2126 5300 2243 5351 cave
2271 5300 2485 5363 prudens
2507 5304 2717 5351 nocitura
2744 5302 2954 5364 libidinis
2976 5312 3127 5357 arma,

2030 5361 2225 5414 Scilicet
2248 5361 2513 5417 ingluviem
2534 5368 2916 5425 musilcesuiqne
2942 5361 3109 5425 luezna

1968 5424 2169 5494 Crapula
2194 5434 2303 5475 cum
2331 5424 2479 5494 bibuli
2505 5436 2723 5494 crassam.
2741 5417 3007 5494 replcvrrit
3026 5417 3210 5485 alvum;

2033 5483 2105 5539 Au
2128 5489 2233 5547 joca
2256 5489 2544 5549 sordidulam
2567 5485 2810 5551 luxuriosa
2834 5483 2996 5551 trahit.

1972 5543 2182 5613 semper
2206 5558 2332 5613 amat
2356 5544 2498 5609 risus,
2523 5560 2717 5605 semper
2742 5558 2768 5613 c
2797 5546 2952 5605 ispare
2978 5543 3257 5608 cachinnos,

2032 5609 2238 5673 Semper
2265 5610 2498 5673 ltlxuriaut
2524 5617 2698 5657 vvnter
2718 5609 2897 5673 obesus
2931 5614 3071 5673 amat.

1969 5676 2129 5725 Ardua
2154 5670 2304 5729 regna
2327 5670 2487 5731 petis?
2513 5672 2693 5717 ventris
2713 5670 3029 5719 Illittlel'ellltll'
3050 5671 3274 5722 habenae

2034 5738 2106 5787 Ne
2130 5733 2356 5785 stutnarln
2382 5743 2584 5791 currens
2604 5732 2738 5791 frena
2756 5733 2953 5791 rettii.~sa
2974 5733 3131 5781 cadas,

1969 5800 2018 5851 Si
2046 5801 2116 5848 vis
2142 5809 2259 5856 ergo
2283 5790 2588 5856 poii._i‘ratei',
2612 5788 2942 5842 conscendere
2969 5800 3137 5856 regns,

2028 5852 2501 5923 Diltge'muudittant
2520 5860 2738 5918 corporis
2755 5866 2903 5918 atque
2922 5860 3116 5911 enim.

3395 395 3533 505 sse

3531 627 3624 662 ,Ιῖ

3567 1101 3625 1140 SD

3572 1556 3599 1593 ί
3618 1552 3649 1593 1'

3527 2458 3613 2505 Η*

3534 2938 3620 2971 ηε,

3546 3844 3615 3879 (νδ
