  <div class='ocr_page' id='page_1' title='image "/cluster/home/n/w/nwhite01/storage/ocr_20150623/105/hvd.32044021109350/179.png"; bbox 0 0 4046 6438; ppageno 0'>
   <div class='ocr_carea' id='block_1_1' title="bbox 493 367 600 424">
    <p class='ocr_par' dir='ltr' id='par_1_1' title="bbox 493 367 600 424">
     <span class='ocr_line' id='line_1_1' title="bbox 493 367 600 424; baseline 0 0"><span class='ocrx_word' id='word_1_1' title='bbox 493 367 600 424; x_wconf 73' lang='lat' dir='ltr'><strong>3M</strong></span> 
     </span>
    </p>
   </div>
   <div class='ocr_carea' id='block_1_2' title="bbox 564 481 1758 560">
    <p class='ocr_par' dir='ltr' id='par_1_2' title="bbox 564 481 1758 560">
     <span class='ocr_line' id='line_1_2' title="bbox 564 481 1758 560; baseline -0.008 -15"><span class='ocrx_word' id='word_1_2' title='bbox 564 487 768 560; x_wconf 84' lang='lat' dir='ltr'><strong>lnclyta</strong></span> <span class='ocrx_word' id='word_1_3' title='bbox 788 501 888 560; x_wconf 89' lang='lat' dir='ltr'><strong>pro</strong></span> <span class='ocrx_word' id='word_1_4' title='bbox 913 484 1125 542; x_wconf 86' lang='lat' dir='ltr'><strong>meritis</strong></span> <span class='ocrx_word' id='word_1_5' title='bbox 1144 483 1367 557; x_wconf 65' lang='lat' dir='ltr'><strong>praemia</strong></span> <span class='ocrx_word' id='word_1_6' title='bbox 1399 481 1556 538; x_wconf 84' lang='lat' dir='ltr'><strong>miles</strong></span> <span class='ocrx_word' id='word_1_7' title='bbox 1575 481 1758 537; x_wconf 82' lang='lat' dir='ltr'><strong>habet.</strong></span> 
     </span>
    </p>
   </div>
   <div class='ocr_carea' id='block_1_3' title="bbox 393 569 2000 650">
    <p class='ocr_par' dir='ltr' id='par_1_3' title="bbox 393 569 2000 650">
     <span class='ocr_line' id='line_1_3' title="bbox 393 569 2000 650; baseline -0.011 -12"><span class='ocrx_word' id='word_1_8' title='bbox 393 601 396 606; x_wconf 66' lang='grc'><em>’</em></span> <span class='ocrx_word' id='word_1_9' title='bbox 498 581 610 638; x_wconf 85' lang='lat' dir='ltr'><strong>Pax</strong></span> <span class='ocrx_word' id='word_1_10' title='bbox 634 580 727 636; x_wconf 94' lang='lat' dir='ltr'><strong>ubi</strong></span> <span class='ocrx_word' id='word_1_11' title='bbox 749 588 936 650; x_wconf 89' lang='lat' dir='ltr'><strong>regnat</strong></span> <span class='ocrx_word' id='word_1_12' title='bbox 956 591 1144 645; x_wconf 90' lang='lat' dir='ltr'><strong>ovans,</strong></span> <span class='ocrx_word' id='word_1_13' title='bbox 1169 591 1324 632; x_wconf 91' lang='lat' dir='ltr'><strong>amor</strong></span> <span class='ocrx_word' id='word_1_14' title='bbox 1348 573 1603 644; x_wconf 80' lang='lat' dir='ltr'><strong>inclytus,</strong></span> <span class='ocrx_word' id='word_1_15' title='bbox 1630 571 1764 629; x_wconf 86' lang='lat' dir='ltr'><strong>ordo</strong></span> <span class='ocrx_word' id='word_1_16' title='bbox 1790 569 2000 634; x_wconf 80' lang='lat' dir='ltr'><strong>beatus,</strong></span> 
     </span>
    </p>
   </div>
   <div class='ocr_carea' id='block_1_4' title="bbox 572 665 1698 728">
    <p class='ocr_par' dir='ltr' id='par_1_4' title="bbox 572 665 1698 728">
     <span class='ocr_line' id='line_1_4' title="bbox 572 665 1698 728; baseline -0.008 -1"><span class='ocrx_word' id='word_1_17' title='bbox 572 672 784 728; x_wconf 83' lang='lat' dir='ltr'><strong>Emicat</strong></span> <span class='ocrx_word' id='word_1_18' title='bbox 806 671 1046 726; x_wconf 75' lang='lat' dir='ltr'><strong>aetheriis</strong></span> <span class='ocrx_word' id='word_1_19' title='bbox 1069 685 1168 725; x_wconf 90' lang='lat' dir='ltr'><strong>arx</strong></span> <span class='ocrx_word' id='word_1_20' title='bbox 1187 667 1279 724; x_wconf 92' lang='lat' dir='ltr'><strong>ubi</strong></span> <span class='ocrx_word' id='word_1_21' title='bbox 1307 674 1494 724; x_wconf 89' lang='lat' dir='ltr'><strong>sancta</strong></span> <span class='ocrx_word' id='word_1_22' title='bbox 1519 665 1698 721; x_wconf 77' lang='lat' dir='ltr'><strong>tholis.</strong></span> 
     </span>
    </p>
   </div>
   <div class='ocr_carea' id='block_1_5' title="bbox 501 759 1726 832">
    <p class='ocr_par' dir='ltr' id='par_1_5' title="bbox 501 759 1726 832">
     <span class='ocr_line' id='line_1_5' title="bbox 501 759 1726 832; baseline -0.008 -10"><span class='ocrx_word' id='word_1_23' title='bbox 501 766 596 822; x_wconf 91' lang='lat' dir='ltr'><strong>Est</strong></span> <span class='ocrx_word' id='word_1_24' title='bbox 617 766 783 820; x_wconf 91' lang='lat' dir='ltr'><strong>etiam</strong></span> <span class='ocrx_word' id='word_1_25' title='bbox 808 765 1081 822; x_wconf 75' lang='lat' dir='ltr'><strong>interdum</strong></span> <span class='ocrx_word' id='word_1_26' title='bbox 1107 762 1274 829; x_wconf 86' lang='lat' dir='ltr'><strong>zelus,</strong></span> <span class='ocrx_word' id='word_1_27' title='bbox 1305 761 1398 832; x_wconf 87' lang='lat' dir='ltr'><strong>qui</strong></span> <span class='ocrx_word' id='word_1_28' title='bbox 1420 759 1620 816; x_wconf 89' lang='lat' dir='ltr'><strong>dicitur</strong></span> <span class='ocrx_word' id='word_1_29' title='bbox 1643 759 1726 813; x_wconf 91' lang='lat' dir='ltr'><strong>ira</strong></span> 
     </span>
    </p>
   </div>
   <div class='ocr_carea' id='block_1_6' title="bbox 573 855 1796 930">
    <p class='ocr_par' dir='ltr' id='par_1_6' title="bbox 573 855 1796 930">
     <span class='ocr_line' id='line_1_6' title="bbox 573 855 1796 930; baseline -0.006 -17"><span class='ocrx_word' id='word_1_30' title='bbox 573 857 825 926; x_wconf 81' lang='lat' dir='ltr'><strong>Provida,</strong></span> <span class='ocrx_word' id='word_1_31' title='bbox 858 874 958 930; x_wconf 89' lang='lat' dir='ltr'><strong>pro</strong></span> <span class='ocrx_word' id='word_1_32' title='bbox 983 858 1116 914; x_wconf 88' lang='lat' dir='ltr'><strong>recti</strong></span> <span class='ocrx_word' id='word_1_33' title='bbox 1144 855 1358 928; x_wconf 88' lang='lat' dir='ltr'><strong>quando</strong></span> <span class='ocrx_word' id='word_1_34' title='bbox 1386 855 1672 912; x_wconf 79' lang='lat' dir='ltr'><strong>adhibetur</strong></span> <span class='ocrx_word' id='word_1_35' title='bbox 1692 865 1796 922; x_wconf 88' lang='lat' dir='ltr'><strong>ope</strong></span> 
     </span>
    </p>
   </div>
   <div class='ocr_carea' id='block_1_7' title="bbox 505 942 1777 1022">
    <p class='ocr_par' dir='ltr' id='par_1_7' title="bbox 505 942 1777 1022">
     <span class='ocr_line' id='line_1_7' title="bbox 505 942 1777 1022; baseline -0.007 -16"><span class='ocrx_word' id='word_1_36' title='bbox 505 950 610 1009; x_wconf 88' lang='lat' dir='ltr'><strong>Per</strong></span> <span class='ocrx_word' id='word_1_37' title='bbox 629 966 794 1022; x_wconf 92' lang='lat' dir='ltr'><strong>quam</strong></span> <span class='ocrx_word' id='word_1_38' title='bbox 815 959 1124 1006; x_wconf 74' lang='lat' dir='ltr'><strong>constanter</strong></span> <span class='ocrx_word' id='word_1_39' title='bbox 1146 949 1296 1004; x_wconf 84' lang='lat' dir='ltr'><strong>vitiis</strong></span> <span class='ocrx_word' id='word_1_40' title='bbox 1317 947 1597 1002; x_wconf 86' lang='lat' dir='ltr'><strong>obsistitur</strong></span> <span class='ocrx_word' id='word_1_41' title='bbox 1624 942 1777 1009; x_wconf 85' lang='lat' dir='ltr'><strong>atris,</strong></span> 
     </span>
    </p>
   </div>
   <div class='ocr_carea' id='block_1_8' title="bbox 577 1037 1704 1115">
    <p class='ocr_par' dir='ltr' id='par_1_8' title="bbox 577 1037 1704 1115">
     <span class='ocr_line' id='line_1_8' title="bbox 577 1037 1704 1115; baseline -0.011 -13"><span class='ocrx_word' id='word_1_42' title='bbox 577 1045 708 1115; x_wconf 88' lang='lat' dir='ltr'><strong>Ejus</strong></span> <span class='ocrx_word' id='word_1_43' title='bbox 735 1053 790 1102; x_wconf 92' lang='lat' dir='ltr'><strong>et</strong></span> <span class='ocrx_word' id='word_1_44' title='bbox 810 1044 1069 1101; x_wconf 89' lang='lat' dir='ltr'><strong>instinctu</strong></span> <span class='ocrx_word' id='word_1_45' title='bbox 1095 1059 1184 1100; x_wconf 90' lang='lat' dir='ltr'><strong>res</strong></span> <span class='ocrx_word' id='word_1_46' title='bbox 1206 1043 1346 1098; x_wconf 89' lang='lat' dir='ltr'><strong>mala</strong></span> <span class='ocrx_word' id='word_1_47' title='bbox 1371 1041 1526 1112; x_wconf 88' lang='lat' dir='ltr'><strong>pulsa</strong></span> <span class='ocrx_word' id='word_1_48' title='bbox 1549 1037 1704 1107; x_wconf 84' lang='lat' dir='ltr'><strong>fugit.</strong></span> 
     </span>
    </p>
   </div>
   <div class='ocr_carea' id='block_1_9' title="bbox 507 1126 1916 1208">
    <p class='ocr_par' dir='ltr' id='par_1_9' title="bbox 507 1126 1916 1208">
     <span class='ocr_line' id='line_1_9' title="bbox 507 1126 1916 1208; baseline -0.009 -15"><span class='ocrx_word' id='word_1_49' title='bbox 507 1136 711 1208; x_wconf 86' lang='lat' dir='ltr'><strong>Estque</strong></span> <span class='ocrx_word' id='word_1_50' title='bbox 739 1137 920 1192; x_wconf 85' lang='lat' dir='ltr'><strong>favere</strong></span> <span class='ocrx_word' id='word_1_51' title='bbox 948 1135 1148 1191; x_wconf 91' lang='lat' dir='ltr'><strong>malum</strong></span> <span class='ocrx_word' id='word_1_52' title='bbox 1178 1134 1344 1198; x_wconf 86' lang='lat' dir='ltr'><strong>vitiis,</strong></span> <span class='ocrx_word' id='word_1_53' title='bbox 1378 1131 1643 1188; x_wconf 88' lang='lat' dir='ltr'><strong>obsistere</strong></span> <span class='ocrx_word' id='word_1_54' title='bbox 1672 1126 1916 1200; x_wconf 87' lang='lat' dir='ltr'><strong>dignum,</strong></span> 
     </span>
    </p>
   </div>
   <div class='ocr_carea' id='block_1_10' title="bbox 577 1222 1564 1308">
    <p class='ocr_par' dir='ltr' id='par_1_10' title="bbox 577 1222 1564 1308">
     <span class='ocr_line' id='line_1_10' title="bbox 577 1222 1564 1308; baseline -0.01 -23"><span class='ocrx_word' id='word_1_55' title='bbox 577 1229 704 1308; x_wconf 75' lang='lat' dir='ltr'><strong>Haec</strong></span> <span class='ocrx_word' id='word_1_56' title='bbox 729 1228 880 1301; x_wconf 82' lang='lat' dir='ltr'><strong>fugat</strong></span> <span class='ocrx_word' id='word_1_57' title='bbox 902 1229 1090 1294; x_wconf 88' lang='lat' dir='ltr'><strong>iratus,</strong></span> <span class='ocrx_word' id='word_1_58' title='bbox 1121 1226 1422 1284; x_wconf 88' lang='lat' dir='ltr'><strong>desidiosus</strong></span> <span class='ocrx_word' id='word_1_59' title='bbox 1451 1222 1564 1277; x_wconf 88' lang='lat' dir='ltr'><strong>alit.</strong></span> 
     </span>
    </p>
   </div>
   <div class='ocr_carea' id='block_1_11' title="bbox 512 1311 1735 1389">
    <p class='ocr_par' dir='ltr' id='par_1_11' title="bbox 512 1311 1735 1389">
     <span class='ocr_line' id='line_1_11' title="bbox 512 1311 1735 1389; baseline -0.011 -11"><span class='ocrx_word' id='word_1_60' title='bbox 512 1321 571 1378; x_wconf 90' lang='lat' dir='ltr'><strong>Si</strong></span> <span class='ocrx_word' id='word_1_61' title='bbox 601 1329 785 1377; x_wconf 91' lang='lat' dir='ltr'><strong>tamen</strong></span> <span class='ocrx_word' id='word_1_62' title='bbox 811 1320 981 1375; x_wconf 89' lang='lat' dir='ltr'><strong>iratus</strong></span> <span class='ocrx_word' id='word_1_63' title='bbox 1019 1318 1167 1389; x_wconf 87' lang='lat' dir='ltr'><strong>cupit</strong></span> <span class='ocrx_word' id='word_1_64' title='bbox 1190 1314 1543 1372; x_wconf 89' lang='lat' dir='ltr'><strong>emendabilis</strong></span> <span class='ocrx_word' id='word_1_65' title='bbox 1575 1319 1637 1366; x_wconf 90' lang='lat' dir='ltr'><strong>ut</strong></span> <span class='ocrx_word' id='word_1_66' title='bbox 1661 1311 1735 1366; x_wconf 86' lang='lat' dir='ltr'><strong>sit</strong></span> 
     </span>
    </p>
   </div>
   <div class='ocr_carea' id='block_1_12' title="bbox 579 1404 1725 1484">
    <p class='ocr_par' dir='ltr' id='par_1_12' title="bbox 579 1404 1725 1484">
     <span class='ocr_line' id='line_1_12' title="bbox 579 1404 1725 1484; baseline -0.011 -15"><span class='ocrx_word' id='word_1_67' title='bbox 579 1415 630 1470; x_wconf 90' lang='lat' dir='ltr'><strong>ls</strong></span> <span class='ocrx_word' id='word_1_68' title='bbox 649 1414 739 1484; x_wconf 92' lang='lat' dir='ltr'><strong>qui</strong></span> <span class='ocrx_word' id='word_1_69' title='bbox 767 1412 1074 1482; x_wconf 83' lang='lat' dir='ltr'><strong>corrigitur,</strong></span> <span class='ocrx_word' id='word_1_70' title='bbox 1103 1412 1219 1466; x_wconf 62' lang='lat' dir='ltr'><strong>haec</strong></span> <span class='ocrx_word' id='word_1_71' title='bbox 1239 1416 1421 1464; x_wconf 91' lang='lat' dir='ltr'><strong>manet</strong></span> <span class='ocrx_word' id='word_1_72' title='bbox 1442 1407 1523 1460; x_wconf 91' lang='lat' dir='ltr'><strong>ira</strong></span> <span class='ocrx_word' id='word_1_73' title='bbox 1544 1404 1697 1459; x_wconf 90' lang='lat' dir='ltr'><strong>levis.</strong></span> <span class='ocrx_word' id='word_1_74' title='bbox 1719 1475 1725 1477; x_wconf 93' lang='lat'>_</span> 
     </span>
    </p>
   </div>
   <div class='ocr_carea' id='block_1_13' title="bbox 509 1497 1904 1570">
    <p class='ocr_par' dir='ltr' id='par_1_13' title="bbox 509 1497 1904 1570">
     <span class='ocr_line' id='line_1_13' title="bbox 509 1497 1904 1570; baseline -0.011 -8"><span class='ocrx_word' id='word_1_75' title='bbox 509 1507 581 1562; x_wconf 87' lang='lat' dir='ltr'><strong>At</strong></span> <span class='ocrx_word' id='word_1_76' title='bbox 602 1507 744 1561; x_wconf 88' lang='lat' dir='ltr'><strong>bona</strong></span> <span class='ocrx_word' id='word_1_77' title='bbox 772 1504 820 1559; x_wconf 90' lang='lat' dir='ltr'><strong>si</strong></span> <span class='ocrx_word' id='word_1_78' title='bbox 847 1503 1063 1570; x_wconf 87' lang='lat' dir='ltr'><strong>taedent,</strong></span> <span class='ocrx_word' id='word_1_79' title='bbox 1097 1502 1362 1557; x_wconf 90' lang='lat' dir='ltr'><strong>delectant</strong></span> <span class='ocrx_word' id='word_1_80' title='bbox 1387 1497 1623 1569; x_wconf 86' lang='lat' dir='ltr'><strong>pessima</strong></span> <span class='ocrx_word' id='word_1_81' title='bbox 1647 1506 1904 1565; x_wconf 67' lang='lat' dir='ltr'><strong>quaeque,</strong></span> 
     </span>
    </p>
   </div>
   <div class='ocr_carea' id='block_1_14' title="bbox 580 1587 1783 1667">
    <p class='ocr_par' dir='ltr' id='par_1_14' title="bbox 580 1587 1783 1667">
     <span class='ocr_line' id='line_1_14' title="bbox 580 1587 1783 1667; baseline -0.01 -15"><span class='ocrx_word' id='word_1_82' title='bbox 580 1598 675 1653; x_wconf 88' lang='lat' dir='ltr'><strong>Est</strong></span> <span class='ocrx_word' id='word_1_83' title='bbox 700 1599 817 1654; x_wconf 87' lang='lat' dir='ltr'><strong>haec</strong></span> <span class='ocrx_word' id='word_1_84' title='bbox 841 1598 921 1651; x_wconf 91' lang='lat' dir='ltr'><strong>ira</strong></span> <span class='ocrx_word' id='word_1_85' title='bbox 948 1597 1146 1667; x_wconf 79' lang='lat' dir='ltr'><strong>gravis,</strong></span> <span class='ocrx_word' id='word_1_86' title='bbox 1179 1611 1267 1650; x_wconf 91' lang='lat' dir='ltr'><strong>res</strong></span> <span class='ocrx_word' id='word_1_87' title='bbox 1295 1601 1351 1648; x_wconf 87' lang='lat' dir='ltr'><strong>et</strong></span> <span class='ocrx_word' id='word_1_88' title='bbox 1379 1593 1574 1648; x_wconf 89' lang='lat' dir='ltr'><strong>acerba</strong></span> <span class='ocrx_word' id='word_1_89' title='bbox 1602 1587 1783 1644; x_wconf 91' lang='lat' dir='ltr'><strong>nimis.</strong></span> 
     </span>
    </p>
   </div>
   <div class='ocr_carea' id='block_1_15' title="bbox 511 1679 1853 1762">
    <p class='ocr_par' dir='ltr' id='par_1_15' title="bbox 511 1679 1853 1762">
     <span class='ocr_line' id='line_1_15' title="bbox 511 1679 1853 1762; baseline -0.01 -16"><span class='ocrx_word' id='word_1_90' title='bbox 511 1690 702 1762; x_wconf 75' lang='lat' dir='ltr'><strong>Mergit</strong></span> <span class='ocrx_word' id='word_1_91' title='bbox 723 1690 776 1744; x_wconf 91' lang='lat' dir='ltr'><strong>in</strong></span> <span class='ocrx_word' id='word_1_92' title='bbox 802 1691 918 1745; x_wconf 63' lang='lat' dir='ltr'><strong>haec</strong></span> <span class='ocrx_word' id='word_1_93' title='bbox 947 1689 1053 1746; x_wconf 89' lang='lat' dir='ltr'><strong>odii</strong></span> <span class='ocrx_word' id='word_1_94' title='bbox 1077 1701 1294 1743; x_wconf 77' lang='lat' dir='ltr'><strong>comosa</strong></span> <span class='ocrx_word' id='word_1_95' title='bbox 1322 1685 1581 1741; x_wconf 88' lang='lat' dir='ltr'><strong>baratbra</strong></span> <span class='ocrx_word' id='word_1_96' title='bbox 1609 1679 1853 1749; x_wconf 79' lang='lat' dir='ltr'><strong>maligni,</strong></span> 
     </span>
    </p>
   </div>
   <div class='ocr_carea' id='block_1_16' title="bbox 581 1771 1781 1848">
    <p class='ocr_par' dir='ltr' id='par_1_16' title="bbox 581 1771 1781 1848">
     <span class='ocr_line' id='line_1_16' title="bbox 581 1771 1781 1848; baseline -0.011 -12"><span class='ocrx_word' id='word_1_97' title='bbox 581 1779 734 1848; x_wconf 84' lang='lat' dir='ltr'><strong>Quod</strong></span> <span class='ocrx_word' id='word_1_98' title='bbox 755 1780 904 1835; x_wconf 90' lang='lat' dir='ltr'><strong>ducit</strong></span> <span class='ocrx_word' id='word_1_99' title='bbox 925 1779 1154 1835; x_wconf 89' lang='lat' dir='ltr'><strong>miseros</strong></span> <span class='ocrx_word' id='word_1_100' title='bbox 1176 1777 1244 1831; x_wconf 93' lang='lat' dir='ltr'><strong>ad</strong></span> <span class='ocrx_word' id='word_1_101' title='bbox 1264 1775 1445 1848; x_wconf 81' lang='lat' dir='ltr'><strong>Stygis</strong></span> <span class='ocrx_word' id='word_1_102' title='bbox 1472 1774 1582 1828; x_wconf 88' lang='lat' dir='ltr'><strong>ima</strong></span> <span class='ocrx_word' id='word_1_103' title='bbox 1610 1771 1781 1825; x_wconf 88' lang='lat' dir='ltr'><strong>viros.</strong></span> 
     </span>
    </p>
   </div>
   <div class='ocr_carea' id='block_1_17' title="bbox 511 1857 2038 1940">
    <p class='ocr_par' dir='ltr' id='par_1_17' title="bbox 511 1857 2038 1940">
     <span class='ocr_line' id='line_1_17' title="bbox 511 1857 2038 1940; baseline -0.007 -14"><span class='ocrx_word' id='word_1_104' title='bbox 511 1870 609 1926; x_wconf 85' lang='lat' dir='ltr'><strong>Est</strong></span> <span class='ocrx_word' id='word_1_105' title='bbox 631 1885 864 1940; x_wconf 90' lang='lat' dir='ltr'><strong>namque</strong></span> <span class='ocrx_word' id='word_1_106' title='bbox 883 1870 967 1925; x_wconf 88' lang='lat' dir='ltr'><strong>ira</strong></span> <span class='ocrx_word' id='word_1_107' title='bbox 990 1870 1192 1935; x_wconf 89' lang='lat' dir='ltr'><strong>odium,</strong></span> <span class='ocrx_word' id='word_1_108' title='bbox 1217 1866 1434 1938; x_wconf 90' lang='lat' dir='ltr'><strong>quando</strong></span> <span class='ocrx_word' id='word_1_109' title='bbox 1460 1866 1758 1920; x_wconf 89' lang='lat' dir='ltr'><strong>inveterata</strong></span> <span class='ocrx_word' id='word_1_110' title='bbox 1783 1857 2038 1928; x_wconf 80' lang='lat' dir='ltr'><strong>senescit,</strong></span> 
     </span>
    </p>
   </div>
   <div class='ocr_carea' id='block_1_18' title="bbox 584 1955 1794 2033">
    <p class='ocr_par' dir='ltr' id='par_1_18' title="bbox 584 1955 1794 2033">
     <span class='ocr_line' id='line_1_18' title="bbox 584 1955 1794 2033; baseline -0.007 -15"><span class='ocrx_word' id='word_1_111' title='bbox 584 1964 766 2033; x_wconf 88' lang='lat' dir='ltr'><strong>Deque</strong></span> <span class='ocrx_word' id='word_1_112' title='bbox 786 1962 929 2017; x_wconf 90' lang='lat' dir='ltr'><strong>malo</strong></span> <span class='ocrx_word' id='word_1_113' title='bbox 951 1962 1006 2016; x_wconf 92' lang='lat' dir='ltr'><strong>in</strong></span> <span class='ocrx_word' id='word_1_114' title='bbox 1034 1960 1190 2032; x_wconf 88' lang='lat' dir='ltr'><strong>pejus</strong></span> <span class='ocrx_word' id='word_1_115' title='bbox 1213 1959 1372 2015; x_wconf 90' lang='lat' dir='ltr'><strong>discit</strong></span> <span class='ocrx_word' id='word_1_116' title='bbox 1399 1958 1549 2014; x_wconf 87' lang='lat' dir='ltr'><strong>abire</strong></span> <span class='ocrx_word' id='word_1_117' title='bbox 1571 1955 1794 2011; x_wconf 89' lang='lat' dir='ltr'><strong>malum.</strong></span> 
     </span>
    </p>
   </div>
   <div class='ocr_carea' id='block_1_19' title="bbox 513 2047 1966 2118">
    <p class='ocr_par' dir='ltr' id='par_1_19' title="bbox 513 2047 1966 2118">
     <span class='ocr_line' id='line_1_19' title="bbox 513 2047 1966 2118; baseline -0.005 -7"><span class='ocrx_word' id='word_1_118' title='bbox 513 2054 720 2117; x_wconf 88' lang='lat' dir='ltr'><strong>Cernis,</strong></span> <span class='ocrx_word' id='word_1_119' title='bbox 746 2055 823 2108; x_wconf 88' lang='lat' dir='ltr'><strong>ait</strong></span> <span class='ocrx_word' id='word_1_120' title='bbox 845 2053 1126 2118; x_wconf 89' lang='lat' dir='ltr'><strong>Dominus,</strong></span> <span class='ocrx_word' id='word_1_121' title='bbox 1155 2051 1420 2108; x_wconf 82' lang='lat' dir='ltr'><strong>festucam</strong></span> <span class='ocrx_word' id='word_1_122' title='bbox 1446 2050 1502 2104; x_wconf 89' lang='lat' dir='ltr'><strong>in</strong></span> <span class='ocrx_word' id='word_1_123' title='bbox 1522 2048 1726 2104; x_wconf 91' lang='lat' dir='ltr'><strong>lumine</strong></span> <span class='ocrx_word' id='word_1_124' title='bbox 1756 2047 1966 2115; x_wconf 80' lang='lat' dir='ltr'><strong>fratris,</strong></span> 
     </span>
    </p>
   </div>
   <div class='ocr_carea' id='block_1_20' title="bbox 583 2133 1775 2215">
    <p class='ocr_par' dir='ltr' id='par_1_20' title="bbox 583 2133 1775 2215">
     <span class='ocr_line' id='line_1_20' title="bbox 583 2133 1775 2215; baseline -0.006 -14"><span class='ocrx_word' id='word_1_125' title='bbox 583 2133 750 2215; x_wconf 74' lang='lat' dir='ltr'><strong>inque</strong></span> <span class='ocrx_word' id='word_1_126' title='bbox 774 2144 986 2200; x_wconf 89' lang='lat' dir='ltr'><strong>trabem</strong></span> <span class='ocrx_word' id='word_1_127' title='bbox 1013 2142 1233 2214; x_wconf 88' lang='lat' dir='ltr'><strong>proprio</strong></span> <span class='ocrx_word' id='word_1_128' title='bbox 1254 2141 1479 2213; x_wconf 89' lang='lat' dir='ltr'><strong>negligis</strong></span> <span class='ocrx_word' id='word_1_129' title='bbox 1509 2140 1775 2211; x_wconf 79' lang='lat' dir='ltr'><strong>aSpicere.</strong></span> 
     </span>
    </p>
   </div>
   <div class='ocr_carea' id='block_1_21' title="bbox 514 2235 1880 2305">
    <p class='ocr_par' dir='ltr' id='par_1_21' title="bbox 514 2235 1880 2305">
     <span class='ocr_line' id='line_1_21' title="bbox 514 2235 1880 2305; baseline -0.007 -8"><span class='ocrx_word' id='word_1_130' title='bbox 514 2241 598 2297; x_wconf 91' lang='lat' dir='ltr'><strong>lra</strong></span> <span class='ocrx_word' id='word_1_131' title='bbox 619 2241 754 2298; x_wconf 86' lang='lat' dir='ltr'><strong>levis</strong></span> <span class='ocrx_word' id='word_1_132' title='bbox 784 2240 1017 2305; x_wconf 90' lang='lat' dir='ltr'><strong>festuca,</strong></span> <span class='ocrx_word' id='word_1_133' title='bbox 1041 2239 1225 2295; x_wconf 89' lang='lat' dir='ltr'><strong>trabes</strong></span> <span class='ocrx_word' id='word_1_134' title='bbox 1245 2238 1425 2294; x_wconf 92' lang='lat' dir='ltr'><strong>odium</strong></span> <span class='ocrx_word' id='word_1_135' title='bbox 1446 2243 1626 2291; x_wconf 84' lang='lat' dir='ltr'><strong>exstat</strong></span> <span class='ocrx_word' id='word_1_136' title='bbox 1649 2235 1880 2301; x_wconf 90' lang='lat' dir='ltr'><strong>inorme,</strong></span> 
     </span>
    </p>
   </div>
   <div class='ocr_carea' id='block_1_22' title="bbox 587 2328 1898 2399">
    <p class='ocr_par' dir='ltr' id='par_1_22' title="bbox 587 2328 1898 2399">
     <span class='ocr_line' id='line_1_22' title="bbox 587 2328 1898 2399; baseline -0.009 -7"><span class='ocrx_word' id='word_1_137' title='bbox 587 2336 714 2392; x_wconf 83' lang='lat' dir='ltr'><strong>Haec</strong></span> <span class='ocrx_word' id='word_1_138' title='bbox 746 2337 855 2392; x_wconf 89' lang='lat' dir='ltr'><strong>cito</strong></span> <span class='ocrx_word' id='word_1_139' title='bbox 879 2333 1224 2399; x_wconf 88' lang='lat' dir='ltr'><strong>transcurrit,</strong></span> <span class='ocrx_word' id='word_1_140' title='bbox 1250 2332 1304 2387; x_wconf 92' lang='lat' dir='ltr'><strong>id</strong></span> <span class='ocrx_word' id='word_1_141' title='bbox 1331 2328 1656 2386; x_wconf 90' lang='lat' dir='ltr'><strong>remorando</strong></span> <span class='ocrx_word' id='word_1_142' title='bbox 1689 2333 1898 2398; x_wconf 87' lang='lat' dir='ltr'><strong>gravat.</strong></span> 
     </span>
    </p>
   </div>
   <div class='ocr_carea' id='block_1_23' title="bbox 514 2416 1879 2492">
    <p class='ocr_par' dir='ltr' id='par_1_23' title="bbox 514 2416 1879 2492">
     <span class='ocr_line' id='line_1_23' title="bbox 514 2416 1879 2492; baseline -0.008 -9"><span class='ocrx_word' id='word_1_143' title='bbox 514 2426 610 2483; x_wconf 92' lang='lat' dir='ltr'><strong>llla</strong></span> <span class='ocrx_word' id='word_1_144' title='bbox 640 2436 796 2483; x_wconf 92' lang='lat' dir='ltr'><strong>sonat</strong></span> <span class='ocrx_word' id='word_1_145' title='bbox 816 2426 1028 2492; x_wconf 91' lang='lat' dir='ltr'><strong>leviter,</strong></span> <span class='ocrx_word' id='word_1_146' title='bbox 1056 2425 1220 2480; x_wconf 91' lang='lat' dir='ltr'><strong>tacito</strong></span> <span class='ocrx_word' id='word_1_147' title='bbox 1243 2421 1373 2478; x_wconf 91' lang='lat' dir='ltr'><strong>illud</strong></span> <span class='ocrx_word' id='word_1_148' title='bbox 1399 2421 1562 2476; x_wconf 91' lang='lat' dir='ltr'><strong>corde</strong></span> <span class='ocrx_word' id='word_1_149' title='bbox 1583 2416 1879 2491; x_wconf 79' lang='lat' dir='ltr'><strong>gravescit,</strong></span> 
     </span>
    </p>
   </div>
   <div class='ocr_carea' id='block_1_24' title="bbox 585 2514 1597 2591">
    <p class='ocr_par' dir='ltr' id='par_1_24' title="bbox 585 2514 1597 2591">
     <span class='ocr_line' id='line_1_24' title="bbox 585 2514 1597 2591; baseline -0.008 -15"><span class='ocrx_word' id='word_1_150' title='bbox 585 2521 678 2576; x_wconf 89' lang='lat' dir='ltr'><strong>Illa</strong></span> <span class='ocrx_word' id='word_1_151' title='bbox 701 2521 849 2590; x_wconf 87' lang='lat' dir='ltr'><strong>cupit</strong></span> <span class='ocrx_word' id='word_1_152' title='bbox 871 2519 1076 2591; x_wconf 84' lang='lat' dir='ltr'><strong>plagas,</strong></span> <span class='ocrx_word' id='word_1_153' title='bbox 1103 2517 1238 2572; x_wconf 92' lang='lat' dir='ltr'><strong>illud</strong></span> <span class='ocrx_word' id='word_1_154' title='bbox 1266 2523 1322 2570; x_wconf 89' lang='lat' dir='ltr'><strong>et</strong></span> <span class='ocrx_word' id='word_1_155' title='bbox 1345 2514 1597 2570; x_wconf 80' lang='lat' dir='ltr'><strong>exitium.</strong></span> 
     </span>
    </p>
   </div>
   <div class='ocr_carea' id='block_1_25' title="bbox 514 2607 1919 2680">
    <p class='ocr_par' dir='ltr' id='par_1_25' title="bbox 514 2607 1919 2680">
     <span class='ocr_line' id='line_1_25' title="bbox 514 2607 1919 2680; baseline -0.005 -10"><span class='ocrx_word' id='word_1_156' title='bbox 514 2614 655 2670; x_wconf 90' lang='lat' dir='ltr'><strong>Iram</strong></span> <span class='ocrx_word' id='word_1_157' title='bbox 678 2613 844 2668; x_wconf 89' lang='lat' dir='ltr'><strong>animi</strong></span> <span class='ocrx_word' id='word_1_158' title='bbox 869 2612 1077 2675; x_wconf 86' lang='lat' dir='ltr'><strong>levitas,</strong></span> <span class='ocrx_word' id='word_1_159' title='bbox 1101 2611 1285 2667; x_wconf 92' lang='lat' dir='ltr'><strong>odium</strong></span> <span class='ocrx_word' id='word_1_160' title='bbox 1309 2615 1459 2665; x_wconf 87' lang='lat' dir='ltr'><strong>creat</strong></span> <span class='ocrx_word' id='word_1_161' title='bbox 1487 2608 1580 2663; x_wconf 92' lang='lat' dir='ltr'><strong>illa</strong></span> <span class='ocrx_word' id='word_1_162' title='bbox 1600 2607 1919 2680; x_wconf 88' lang='lat' dir='ltr'><strong>malignum,</strong></span> 
     </span>
    </p>
   </div>
   <div class='ocr_carea' id='block_1_26' title="bbox 585 2698 1895 2774">
    <p class='ocr_par' dir='ltr' id='par_1_26' title="bbox 585 2698 1895 2774">
     <span class='ocr_line' id='line_1_26' title="bbox 585 2698 1895 2774; baseline -0.005 -14"><span class='ocrx_word' id='word_1_163' title='bbox 585 2704 830 2760; x_wconf 89' lang='lat' dir='ltr'><strong>Carduus</strong></span> <span class='ocrx_word' id='word_1_164' title='bbox 847 2703 1016 2760; x_wconf 90' lang='lat' dir='ltr'><strong>herba</strong></span> <span class='ocrx_word' id='word_1_165' title='bbox 1038 2702 1188 2774; x_wconf 91' lang='lat' dir='ltr'><strong>prius</strong></span> <span class='ocrx_word' id='word_1_166' title='bbox 1211 2700 1498 2773; x_wconf 88' lang='lat' dir='ltr'><strong>postmodo</strong></span> <span class='ocrx_word' id='word_1_167' title='bbox 1519 2699 1673 2770; x_wconf 87' lang='lat' dir='ltr'><strong>spina</strong></span> <span class='ocrx_word' id='word_1_168' title='bbox 1695 2698 1895 2770; x_wconf 86' lang='lat' dir='ltr'><strong>gravis.</strong></span> 
     </span>
    </p>
   </div>
   <div class='ocr_carea' id='block_1_27' title="bbox 517 2792 2002 2863">
    <p class='ocr_par' dir='ltr' id='par_1_27' title="bbox 517 2792 2002 2863">
     <span class='ocr_line' id='line_1_27' title="bbox 517 2792 2002 2863; baseline -0.004 -10"><span class='ocrx_word' id='word_1_169' title='bbox 517 2797 594 2853; x_wconf 90' lang='lat' dir='ltr'><strong>De</strong></span> <span class='ocrx_word' id='word_1_170' title='bbox 619 2809 870 2852; x_wconf 87' lang='lat' dir='ltr'><strong>sermone</strong></span> <span class='ocrx_word' id='word_1_171' title='bbox 897 2795 1003 2851; x_wconf 91' lang='lat' dir='ltr'><strong>levi</strong></span> <span class='ocrx_word' id='word_1_172' title='bbox 1029 2795 1274 2851; x_wconf 82' lang='lat' dir='ltr'><strong>exoritur</strong></span> <span class='ocrx_word' id='word_1_173' title='bbox 1301 2807 1463 2863; x_wconf 87' lang='lat' dir='ltr'><strong>grave</strong></span> <span class='ocrx_word' id='word_1_174' title='bbox 1489 2792 1696 2847; x_wconf 90' lang='lat' dir='ltr'><strong>crimen</strong></span> <span class='ocrx_word' id='word_1_175' title='bbox 1718 2800 1774 2848; x_wconf 91' lang='lat' dir='ltr'><strong>et</strong></span> <span class='ocrx_word' id='word_1_176' title='bbox 1803 2799 2002 2860; x_wconf 88' lang='lat' dir='ltr'><strong>atrum,</strong></span> 
     </span>
    </p>
   </div>
   <div class='ocr_carea' id='block_1_28' title="bbox 589 2883 1692 2945">
    <p class='ocr_par' dir='ltr' id='par_1_28' title="bbox 589 2883 1692 2945">
     <span class='ocr_line' id='line_1_28' title="bbox 589 2883 1692 2945; baseline -0.005 -1"><span class='ocrx_word' id='word_1_177' title='bbox 589 2887 702 2945; x_wconf 90' lang='lat' dir='ltr'><strong>Ovo</strong></span> <span class='ocrx_word' id='word_1_178' title='bbox 733 2887 809 2942; x_wconf 91' lang='lat' dir='ltr'><strong>ita</strong></span> <span class='ocrx_word' id='word_1_179' title='bbox 834 2886 901 2942; x_wconf 90' lang='lat' dir='ltr'><strong>de</strong></span> <span class='ocrx_word' id='word_1_180' title='bbox 932 2885 1091 2942; x_wconf 88' lang='lat' dir='ltr'><strong>tereti</strong></span> <span class='ocrx_word' id='word_1_181' title='bbox 1113 2885 1184 2941; x_wconf 88' lang='lat' dir='ltr'><strong>sit</strong></span> <span class='ocrx_word' id='word_1_182' title='bbox 1206 2883 1489 2940; x_wconf 90' lang='lat' dir='ltr'><strong>basiliscus</strong></span> <span class='ocrx_word' id='word_1_183' title='bbox 1516 2889 1692 2939; x_wconf 81' lang='lat' dir='ltr'><strong>atrox.</strong></span> 
     </span>
    </p>
   </div>
   <div class='ocr_carea' id='block_1_29' title="bbox 521 2982 1814 3050">
    <p class='ocr_par' dir='ltr' id='par_1_29' title="bbox 521 2982 1814 3050">
     <span class='ocr_line' id='line_1_29' title="bbox 521 2982 1814 3050; baseline -0.005 -5"><span class='ocrx_word' id='word_1_184' title='bbox 521 2988 612 3046; x_wconf 91' lang='lat' dir='ltr'><strong>Sic</strong></span> <span class='ocrx_word' id='word_1_185' title='bbox 636 2988 840 3044; x_wconf 89' lang='lat' dir='ltr'><strong>nutrita</strong></span> <span class='ocrx_word' id='word_1_186' title='bbox 866 2987 959 3043; x_wconf 92' lang='lat' dir='ltr'><strong>diu</strong></span> <span class='ocrx_word' id='word_1_187' title='bbox 978 3001 1161 3042; x_wconf 92' lang='lat' dir='ltr'><strong>rerum</strong></span> <span class='ocrx_word' id='word_1_188' title='bbox 1186 2984 1328 3040; x_wconf 87' lang='lat' dir='ltr'><strong>mala</strong></span> <span class='ocrx_word' id='word_1_189' title='bbox 1357 2983 1564 3040; x_wconf 90' lang='lat' dir='ltr'><strong>semina</strong></span> <span class='ocrx_word' id='word_1_190' title='bbox 1593 2982 1814 3050; x_wconf 71' lang='lat' dir='ltr'><strong>laedunt,</strong></span> 
     </span>
    </p>
   </div>
   <div class='ocr_carea' id='block_1_30' title="bbox 590 3076 1723 3151">
    <p class='ocr_par' dir='ltr' id='par_1_30' title="bbox 590 3076 1723 3151">
     <span class='ocr_line' id='line_1_30' title="bbox 590 3076 1723 3151; baseline -0.004 -15"><span class='ocrx_word' id='word_1_191' title='bbox 590 3081 897 3151; x_wconf 88' lang='lat' dir='ltr'><strong>Exstirpata</strong></span> <span class='ocrx_word' id='word_1_192' title='bbox 923 3087 1120 3135; x_wconf 91' lang='lat' dir='ltr'><strong>nocent</strong></span> <span class='ocrx_word' id='word_1_193' title='bbox 1145 3078 1390 3149; x_wconf 85' lang='lat' dir='ltr'><strong>protinus</strong></span> <span class='ocrx_word' id='word_1_194' title='bbox 1421 3086 1540 3133; x_wconf 88' lang='lat' dir='ltr'><strong>orta</strong></span> <span class='ocrx_word' id='word_1_195' title='bbox 1567 3076 1723 3132; x_wconf 90' lang='lat' dir='ltr'><strong>nihil.</strong></span> 
     </span>
    </p>
   </div>
   <div class='ocr_carea' id='block_1_31' title="bbox 523 3167 1892 3236">
    <p class='ocr_par' dir='ltr' id='par_1_31' title="bbox 523 3167 1892 3236">
     <span class='ocr_line' id='line_1_31' title="bbox 523 3167 1892 3236; baseline -0.004 -8"><span class='ocrx_word' id='word_1_196' title='bbox 523 3172 581 3228; x_wconf 92' lang='lat' dir='ltr'><strong>Si</strong></span> <span class='ocrx_word' id='word_1_197' title='bbox 613 3173 684 3229; x_wconf 90' lang='lat' dir='ltr'><strong>sit</strong></span> <span class='ocrx_word' id='word_1_198' title='bbox 712 3187 863 3227; x_wconf 88' lang='lat' dir='ltr'><strong>amor</strong></span> <span class='ocrx_word' id='word_1_199' title='bbox 884 3171 1131 3236; x_wconf 89' lang='lat' dir='ltr'><strong>fratrum,</strong></span> <span class='ocrx_word' id='word_1_200' title='bbox 1163 3185 1358 3225; x_wconf 62' lang='lat' dir='ltr'><strong>saevam</strong></span> <span class='ocrx_word' id='word_1_201' title='bbox 1381 3184 1490 3224; x_wconf 90' lang='lat' dir='ltr'><strong>non</strong></span> <span class='ocrx_word' id='word_1_202' title='bbox 1511 3169 1622 3224; x_wconf 92' lang='lat' dir='ltr'><strong>itur</strong></span> <span class='ocrx_word' id='word_1_203' title='bbox 1645 3168 1713 3223; x_wconf 90' lang='lat' dir='ltr'><strong>ad</strong></span> <span class='ocrx_word' id='word_1_204' title='bbox 1733 3167 1892 3232; x_wconf 89' lang='lat' dir='ltr'><strong>iram,</strong></span> 
     </span>
    </p>
   </div>
   <div class='ocr_carea' id='block_1_32' title="bbox 593 3262 1670 3330">
    <p class='ocr_par' dir='ltr' id='par_1_32' title="bbox 593 3262 1670 3330">
     <span class='ocr_line' id='line_1_32' title="bbox 593 3262 1670 3330; baseline -0.003 -10"><span class='ocrx_word' id='word_1_205' title='bbox 593 3264 721 3322; x_wconf 61' lang='lat' dir='ltr'><strong>Haec</strong></span> <span class='ocrx_word' id='word_1_206' title='bbox 749 3265 796 3321; x_wconf 89' lang='lat' dir='ltr'><strong>si</strong></span> <span class='ocrx_word' id='word_1_207' title='bbox 820 3263 1070 3330; x_wconf 89' lang='lat' dir='ltr'><strong>defuerit,</strong></span> <span class='ocrx_word' id='word_1_208' title='bbox 1109 3262 1253 3319; x_wconf 89' lang='lat' dir='ltr'><strong>nulla</strong></span> <span class='ocrx_word' id='word_1_209' title='bbox 1284 3271 1506 3318; x_wconf 91' lang='lat' dir='ltr'><strong>manent</strong></span> <span class='ocrx_word' id='word_1_210' title='bbox 1527 3262 1670 3318; x_wconf 89' lang='lat' dir='ltr'><strong>odia.</strong></span> 
     </span>
    </p>
   </div>
   <div class='ocr_carea' id='block_1_33' title="bbox 525 3353 2060 3428">
    <p class='ocr_par' dir='ltr' id='par_1_33' title="bbox 525 3353 2060 3428">
     <span class='ocr_line' id='line_1_33' title="bbox 525 3353 2060 3428; baseline -0.001 -16"><span class='ocrx_word' id='word_1_211' title='bbox 525 3356 812 3428; x_wconf 87' lang='lat' dir='ltr'><strong>Temperat</strong></span> <span class='ocrx_word' id='word_1_212' title='bbox 837 3357 1154 3428; x_wconf 64' lang='lat' dir='ltr'><strong>aequanimis</strong></span> <span class='ocrx_word' id='word_1_213' title='bbox 1178 3356 1370 3412; x_wconf 88' lang='lat' dir='ltr'><strong>vitium</strong></span> <span class='ocrx_word' id='word_1_214' title='bbox 1399 3357 1503 3412; x_wconf 90' lang='lat' dir='ltr'><strong>hoc</strong></span> <span class='ocrx_word' id='word_1_215' title='bbox 1529 3353 1758 3410; x_wconf 89' lang='lat' dir='ltr'><strong>rationis</strong></span> <span class='ocrx_word' id='word_1_216' title='bbox 1783 3354 2060 3420; x_wconf 85' lang='lat' dir='ltr'><strong>honestas,</strong></span> 
     </span>
    </p>
   </div>
   <div class='ocr_carea' id='block_1_34' title="bbox 579 3445 1688 3519">
    <p class='ocr_par' dir='ltr' id='par_1_34' title="bbox 579 3445 1688 3519">
     <span class='ocr_line' id='line_1_34' title="bbox 579 3445 1688 3519; baseline 0.001 -18"><span class='ocrx_word' id='word_1_217' title='bbox 579 3445 766 3518; x_wconf 72' lang='grc' dir='ltr'><strong>ἈΞρυί</strong></span> <span class='ocrx_word' id='word_1_218' title='bbox 795 3464 947 3503; x_wconf 90' lang='lat' dir='ltr'><strong>amor</strong></span> <span class='ocrx_word' id='word_1_219' title='bbox 969 3448 1112 3504; x_wconf 91' lang='lat' dir='ltr'><strong>illius</strong></span> <span class='ocrx_word' id='word_1_220' title='bbox 1133 3449 1368 3504; x_wconf 85' lang='lat' dir='ltr'><strong>conterit</strong></span> <span class='ocrx_word' id='word_1_221' title='bbox 1385 3463 1483 3503; x_wconf 91' lang='lat' dir='ltr'><strong>ora</strong></span> <span class='ocrx_word' id='word_1_222' title='bbox 1506 3453 1688 3519; x_wconf 90' lang='lat' dir='ltr'><strong>caput.</strong></span> 
     </span>
    </p>
   </div>
   <div class='ocr_carea' id='block_1_35' title="bbox 523 3535 1974 3610">
    <p class='ocr_par' dir='ltr' id='par_1_35' title="bbox 523 3535 1974 3610">
     <span class='ocr_line' id='line_1_35' title="bbox 523 3535 1974 3610; baseline -0.001 -16"><span class='ocrx_word' id='word_1_223' title='bbox 523 3537 748 3610; x_wconf 71' lang='lat' dir='ltr'><strong>Hocque,</strong></span> <span class='ocrx_word' id='word_1_224' title='bbox 766 3535 1020 3595; x_wconf 88' lang='lat' dir='ltr'><strong>modesta</strong></span> <span class='ocrx_word' id='word_1_225' title='bbox 1047 3539 1222 3594; x_wconf 89' lang='lat' dir='ltr'><strong>scelus</strong></span> <span class='ocrx_word' id='word_1_226' title='bbox 1245 3539 1462 3610; x_wconf 91' lang='lat' dir='ltr'><strong>perimit</strong></span> <span class='ocrx_word' id='word_1_227' title='bbox 1491 3538 1750 3609; x_wconf 89' lang='lat' dir='ltr'><strong>patientia</strong></span> <span class='ocrx_word' id='word_1_228' title='bbox 1776 3537 1974 3606; x_wconf 92' lang='lat' dir='ltr'><strong>dirum,</strong></span> 
     </span>
    </p>
   </div>
   <div class='ocr_carea' id='block_1_36' title="bbox 593 3631 1784 3704">
    <p class='ocr_par' dir='ltr' id='par_1_36' title="bbox 593 3631 1784 3704">
     <span class='ocr_line' id='line_1_36' title="bbox 593 3631 1784 3704; baseline -0.002 -16"><span class='ocrx_word' id='word_1_229' title='bbox 593 3633 725 3701; x_wconf 62' lang='lat' dir='ltr'><strong>Quae</strong></span> <span class='ocrx_word' id='word_1_230' title='bbox 747 3642 832 3689; x_wconf 90' lang='lat' dir='ltr'><strong>est</strong></span> <span class='ocrx_word' id='word_1_231' title='bbox 861 3633 1029 3690; x_wconf 87' lang='lat' dir='ltr'><strong>tutela</strong></span> <span class='ocrx_word' id='word_1_232' title='bbox 1049 3633 1196 3699; x_wconf 91' lang='lat' dir='ltr'><strong>boni,</strong></span> <span class='ocrx_word' id='word_1_233' title='bbox 1227 3631 1606 3704; x_wconf 89' lang='lat' dir='ltr'><strong>perniciesque</strong></span> <span class='ocrx_word' id='word_1_234' title='bbox 1633 3631 1784 3687; x_wconf 91' lang='lat' dir='ltr'><strong>mali.</strong></span> 
     </span>
    </p>
   </div>
   <div class='ocr_carea' id='block_1_37' title="bbox 525 3725 1800 3799">
    <p class='ocr_par' dir='ltr' id='par_1_37' title="bbox 525 3725 1800 3799">
     <span class='ocr_line' id='line_1_37' title="bbox 525 3725 1800 3799; baseline -0.001 -16"><span class='ocrx_word' id='word_1_235' title='bbox 525 3727 798 3784; x_wconf 79' lang='lat' dir='ltr'><strong>Virtutum</strong></span> <span class='ocrx_word' id='word_1_236' title='bbox 821 3727 1077 3799; x_wconf 86' lang='lat' dir='ltr'><strong>genitrix,</strong></span> <span class='ocrx_word' id='word_1_237' title='bbox 1104 3727 1306 3792; x_wconf 84' lang='lat' dir='ltr'><strong>nutrix,</strong></span> <span class='ocrx_word' id='word_1_238' title='bbox 1337 3725 1596 3792; x_wconf 82' lang='lat' dir='ltr'><strong>defensio,</strong></span> <span class='ocrx_word' id='word_1_239' title='bbox 1629 3725 1800 3782; x_wconf 82' lang='lat' dir='ltr'><strong>solers</strong></span> 
     </span>
    </p>
   </div>
   <div class='ocr_carea' id='block_1_38' title="bbox 595 3815 1818 3888">
    <p class='ocr_par' dir='ltr' id='par_1_38' title="bbox 595 3815 1818 3888">
     <span class='ocr_line' id='line_1_38' title="bbox 595 3815 1818 3888; baseline -0.002 -16"><span class='ocrx_word' id='word_1_240' title='bbox 595 3817 835 3873; x_wconf 87' lang='lat' dir='ltr'><strong>Adversa</strong></span> <span class='ocrx_word' id='word_1_241' title='bbox 861 3819 977 3872; x_wconf 67' lang='lat' dir='ltr'><strong>hmo</strong></span> <span class='ocrx_word' id='word_1_242' title='bbox 1003 3817 1147 3872; x_wconf 90' lang='lat' dir='ltr'><strong>inter</strong></span> <span class='ocrx_word' id='word_1_243' title='bbox 1172 3817 1272 3872; x_wconf 91' lang='lat' dir='ltr'><strong>has</strong></span> <span class='ocrx_word' id='word_1_244' title='bbox 1285 3817 1440 3888; x_wconf 90' lang='lat' dir='ltr'><strong>juvat</strong></span> <span class='ocrx_word' id='word_1_245' title='bbox 1461 3825 1625 3886; x_wconf 89' lang='lat' dir='ltr'><strong>atque</strong></span> <span class='ocrx_word' id='word_1_246' title='bbox 1653 3815 1818 3871; x_wconf 90' lang='lat' dir='ltr'><strong>fovet.</strong></span> 
     </span>
    </p>
   </div>
   <div class='ocr_carea' id='block_1_39' title="bbox 524 3910 1817 3983">
    <p class='ocr_par' dir='ltr' id='par_1_39' title="bbox 524 3910 1817 3983">
     <span class='ocr_line' id='line_1_39' title="bbox 524 3910 1817 3983; baseline -0.005 -16"><span class='ocrx_word' id='word_1_247' title='bbox 524 3910 800 3983; x_wconf 82' lang='lat' dir='ltr'><strong>Frangere</strong></span> <span class='ocrx_word' id='word_1_248' title='bbox 830 3926 950 3981; x_wconf 77' lang='lat' dir='ltr'><strong>qua:</strong></span> <span class='ocrx_word' id='word_1_249' title='bbox 970 3910 1119 3966; x_wconf 92' lang='lat' dir='ltr'><strong>novit</strong></span> <span class='ocrx_word' id='word_1_250' title='bbox 1140 3910 1395 3968; x_wconf 89' lang='lat' dir='ltr'><strong>vitiorum</strong></span> <span class='ocrx_word' id='word_1_251' title='bbox 1420 3910 1626 3981; x_wconf 92' lang='lat' dir='ltr'><strong>spicula</strong></span> <span class='ocrx_word' id='word_1_252' title='bbox 1652 3922 1817 3976; x_wconf 90' lang='lat' dir='ltr'><strong>saeva,</strong></span> 
     </span>
    </p>
   </div>
   <div class='ocr_carea' id='block_1_40' title="bbox 596 3999 1754 4072">
    <p class='ocr_par' dir='ltr' id='par_1_40' title="bbox 596 3999 1754 4072">
     <span class='ocr_line' id='line_1_40' title="bbox 596 3999 1754 4072; baseline -0.005 -15"><span class='ocrx_word' id='word_1_253' title='bbox 596 4001 773 4072; x_wconf 83' lang='lat' dir='ltr'><strong>Atque</strong></span> <span class='ocrx_word' id='word_1_254' title='bbox 798 4003 909 4058; x_wconf 89' lang='lat' dir='ltr'><strong>suis</strong></span> <span class='ocrx_word' id='word_1_255' title='bbox 939 4002 1132 4058; x_wconf 92' lang='lat' dir='ltr'><strong>horum</strong></span> <span class='ocrx_word' id='word_1_256' title='bbox 1165 4017 1317 4056; x_wconf 90' lang='lat' dir='ltr'><strong>arma</strong></span> <span class='ocrx_word' id='word_1_257' title='bbox 1338 4000 1584 4070; x_wconf 90' lang='lat' dir='ltr'><strong>pavenda</strong></span> <span class='ocrx_word' id='word_1_258' title='bbox 1608 3999 1754 4053; x_wconf 89' lang='lat' dir='ltr'><strong>terit.</strong></span> 
     </span>
    </p>
   </div>
   <div class='ocr_carea' id='block_1_41' title="bbox 527 4080 1843 4156">
    <p class='ocr_par' dir='ltr' id='par_1_41' title="bbox 527 4080 1843 4156">
     <span class='ocr_line' id='line_1_41' title="bbox 527 4080 1843 4156; baseline -0.005 -14"><span class='ocrx_word' id='word_1_259' title='bbox 527 4086 724 4144; x_wconf 89' lang='lat' dir='ltr'><strong>Parma</strong></span> <span class='ocrx_word' id='word_1_260' title='bbox 746 4086 897 4153; x_wconf 81' lang='lat' dir='ltr'><strong>fides,</strong></span> <span class='ocrx_word' id='word_1_261' title='bbox 924 4088 1116 4142; x_wconf 83' lang='lat' dir='ltr'><strong>thorax</strong></span> <span class='ocrx_word' id='word_1_262' title='bbox 1145 4101 1287 4156; x_wconf 89' lang='lat' dir='ltr'><strong>spes,</strong></span> <span class='ocrx_word' id='word_1_263' title='bbox 1310 4083 1397 4138; x_wconf 92' lang='lat' dir='ltr'><strong>cui</strong></span> <span class='ocrx_word' id='word_1_264' title='bbox 1427 4081 1646 4138; x_wconf 90' lang='lat' dir='ltr'><strong>dilectio</strong></span> <span class='ocrx_word' id='word_1_265' title='bbox 1671 4080 1843 4138; x_wconf 86' lang='lat' dir='ltr'><strong>cassis</strong></span> 
     </span>
    </p>
   </div>
   <div class='ocr_carea' id='block_1_42' title="bbox 598 4175 1748 4254">
    <p class='ocr_par' dir='ltr' id='par_1_42' title="bbox 598 4175 1748 4254">
     <span class='ocr_line' id='line_1_42' title="bbox 598 4175 1748 4254; baseline -0.006 -18"><span class='ocrx_word' id='word_1_266' title='bbox 598 4181 711 4249; x_wconf 86' lang='lat' dir='ltr'><strong>Est,</strong></span> <span class='ocrx_word' id='word_1_267' title='bbox 736 4182 931 4254; x_wconf 88' lang='lat' dir='ltr'><strong>quibus</strong></span> <span class='ocrx_word' id='word_1_268' title='bbox 957 4181 1084 4236; x_wconf 91' lang='lat' dir='ltr'><strong>illisi</strong></span> <span class='ocrx_word' id='word_1_269' title='bbox 1113 4193 1300 4234; x_wconf 92' lang='lat' dir='ltr'><strong>mucro</strong></span> <span class='ocrx_word' id='word_1_270' title='bbox 1323 4175 1467 4248; x_wconf 90' lang='lat' dir='ltr'><strong>perit</strong></span> <span class='ocrx_word' id='word_1_271' title='bbox 1488 4175 1748 4246; x_wconf 85' lang='lat' dir='ltr'><strong>chalybis.</strong></span> 
     </span>
    </p>
   </div>
   <div class='ocr_carea' id='block_1_43' title="bbox 528 4270 1826 4346">
    <p class='ocr_par' dir='ltr' id='par_1_43' title="bbox 528 4270 1826 4346">
     <span class='ocr_line' id='line_1_43' title="bbox 528 4270 1826 4346; baseline -0.005 -15"><span class='ocrx_word' id='word_1_272' title='bbox 528 4276 629 4344; x_wconf 87' lang='lat' dir='ltr'><strong>Qui</strong></span> <span class='ocrx_word' id='word_1_273' title='bbox 651 4276 916 4346; x_wconf 90' lang='lat' dir='ltr'><strong>impactus</strong></span> <span class='ocrx_word' id='word_1_274' title='bbox 939 4273 1149 4339; x_wconf 82' lang='lat' dir='ltr'><strong>resilire</strong></span> <span class='ocrx_word' id='word_1_275' title='bbox 1173 4271 1327 4338; x_wconf 89' lang='lat' dir='ltr'><strong>solet,</strong></span> <span class='ocrx_word' id='word_1_276' title='bbox 1363 4270 1586 4340; x_wconf 87' lang='lat' dir='ltr'><strong>acieque</strong></span> <span class='ocrx_word' id='word_1_277' title='bbox 1620 4276 1826 4336; x_wconf 90' lang='lat' dir='ltr'><strong>retusa,</strong></span> 
     </span>
    </p>
   </div>
   <div class='ocr_carea' id='block_1_44' title="bbox 597 4360 1715 4438">
    <p class='ocr_par' dir='ltr' id='par_1_44' title="bbox 597 4360 1715 4438">
     <span class='ocr_line' id='line_1_44' title="bbox 597 4360 1715 4438; baseline -0.005 -16"><span class='ocrx_word' id='word_1_278' title='bbox 597 4366 655 4422; x_wconf 88' lang='lat' dir='ltr'><strong>In</strong></span> <span class='ocrx_word' id='word_1_279' title='bbox 682 4376 865 4438; x_wconf 90' lang='lat' dir='ltr'><strong>partes</strong></span> <span class='ocrx_word' id='word_1_280' title='bbox 888 4366 1035 4422; x_wconf 87' lang='lat' dir='ltr'><strong>ferus</strong></span> <span class='ocrx_word' id='word_1_281' title='bbox 1057 4373 1112 4422; x_wconf 91' lang='lat' dir='ltr'><strong>et</strong></span> <span class='ocrx_word' id='word_1_282' title='bbox 1134 4363 1305 4421; x_wconf 88' lang='lat' dir='ltr'><strong>frusta</strong></span> <span class='ocrx_word' id='word_1_283' title='bbox 1326 4363 1533 4418; x_wconf 89' lang='lat' dir='ltr'><strong>minuta</strong></span> <span class='ocrx_word' id='word_1_284' title='bbox 1549 4360 1715 4431; x_wconf 87' lang='lat' dir='ltr'><strong>jacet.</strong></span> 
     </span>
    </p>
   </div>
   <div class='ocr_carea' id='block_1_45' title="bbox 529 4452 1846 4528">
    <p class='ocr_par' dir='ltr' id='par_1_45' title="bbox 529 4452 1846 4528">
     <span class='ocr_line' id='line_1_45' title="bbox 529 4452 1846 4528; baseline -0.005 -15"><span class='ocrx_word' id='word_1_285' title='bbox 529 4459 627 4515; x_wconf 89' lang='lat' dir='ltr'><strong>Cui</strong></span> <span class='ocrx_word' id='word_1_286' title='bbox 648 4459 821 4528; x_wconf 89' lang='lat' dir='ltr'><strong>major</strong></span> <span class='ocrx_word' id='word_1_287' title='bbox 843 4472 950 4528; x_wconf 94' lang='lat' dir='ltr'><strong>quo</strong></span> <span class='ocrx_word' id='word_1_288' title='bbox 973 4459 1132 4522; x_wconf 89' lang='lat' dir='ltr'><strong>ictus,</strong></span> <span class='ocrx_word' id='word_1_289' title='bbox 1154 4456 1328 4526; x_wconf 87' lang='lat' dir='ltr'><strong>major</strong></span> <span class='ocrx_word' id='word_1_290' title='bbox 1347 4453 1586 4509; x_wconf 86' lang='lat' dir='ltr'><strong>fractura</strong></span> <span class='ocrx_word' id='word_1_291' title='bbox 1609 4452 1846 4524; x_wconf 87' lang='lat' dir='ltr'><strong>patescit</strong></span> 
     </span>
    </p>
   </div>
   <div class='ocr_carea' id='block_1_46' title="bbox 600 4544 1820 4621">
    <p class='ocr_par' dir='ltr' id='par_1_46' title="bbox 600 4544 1820 4621">
     <span class='ocr_line' id='line_1_46' title="bbox 600 4544 1820 4621; baseline -0.003 -18"><span class='ocrx_word' id='word_1_292' title='bbox 600 4548 836 4621; x_wconf 88' lang='lat' dir='ltr'><strong>Longius</strong></span> <span class='ocrx_word' id='word_1_293' title='bbox 857 4556 912 4603; x_wconf 90' lang='lat' dir='ltr'><strong>et</strong></span> <span class='ocrx_word' id='word_1_294' title='bbox 933 4547 1164 4617; x_wconf 85' lang='lat' dir='ltr'><strong>sparsim</strong></span> <span class='ocrx_word' id='word_1_295' title='bbox 1192 4544 1364 4600; x_wconf 89' lang='lat' dir='ltr'><strong>frusta</strong></span> <span class='ocrx_word' id='word_1_296' title='bbox 1384 4544 1587 4601; x_wconf 91' lang='lat' dir='ltr'><strong>caduca</strong></span> <span class='ocrx_word' id='word_1_297' title='bbox 1617 4545 1820 4601; x_wconf 91' lang='lat' dir='ltr'><strong>volant.</strong></span> 
     </span>
    </p>
   </div>
   <div class='ocr_carea' id='block_1_47' title="bbox 531 4633 1963 4710">
    <p class='ocr_par' dir='ltr' id='par_1_47' title="bbox 531 4633 1963 4710">
     <span class='ocr_line' id='line_1_47' title="bbox 531 4633 1963 4710; baseline -0.005 -12"><span class='ocrx_word' id='word_1_298' title='bbox 531 4641 824 4710; x_wconf 90' lang='lat' dir='ltr'><strong>Postquam</strong></span> <span class='ocrx_word' id='word_1_299' title='bbox 853 4637 1034 4694; x_wconf 87' lang='lat' dir='ltr'><strong>amisit</strong></span> <span class='ocrx_word' id='word_1_300' title='bbox 1060 4637 1220 4692; x_wconf 93' lang='lat' dir='ltr'><strong>homo</strong></span> <span class='ocrx_word' id='word_1_301' title='bbox 1249 4635 1570 4692; x_wconf 89' lang='lat' dir='ltr'><strong>immortalis</strong></span> <span class='ocrx_word' id='word_1_302' title='bbox 1597 4637 1792 4709; x_wconf 88' lang='lat' dir='ltr'><strong>gaudia</strong></span> <span class='ocrx_word' id='word_1_303' title='bbox 1817 4633 1963 4703; x_wconf 63' lang='lat' dir='ltr'><strong>vitae,</strong></span> 
     </span>
    </p>
   </div>
   <div class='ocr_carea' id='block_1_48' title="bbox 603 4731 1869 4805">
    <p class='ocr_par' dir='ltr' id='par_1_48' title="bbox 603 4731 1869 4805">
     <span class='ocr_line' id='line_1_48' title="bbox 603 4731 1869 4805; baseline -0.007 -13"><span class='ocrx_word' id='word_1_304' title='bbox 603 4733 758 4805; x_wconf 90' lang='lat' dir='ltr'><strong>Cepit</strong></span> <span class='ocrx_word' id='word_1_305' title='bbox 782 4743 836 4790; x_wconf 91' lang='lat' dir='ltr'><strong>et</strong></span> <span class='ocrx_word' id='word_1_306' title='bbox 861 4733 1007 4790; x_wconf 90' lang='lat' dir='ltr'><strong>hunc</strong></span> <span class='ocrx_word' id='word_1_307' title='bbox 1037 4733 1248 4788; x_wconf 68' lang='lat' dir='ltr'><strong>misera:</strong></span> <span class='ocrx_word' id='word_1_308' title='bbox 1284 4732 1476 4787; x_wconf 88' lang='lat' dir='ltr'><strong>mortis</strong></span> <span class='ocrx_word' id='word_1_309' title='bbox 1504 4732 1701 4787; x_wconf 90' lang='lat' dir='ltr'><strong>acerba</strong></span> <span class='ocrx_word' id='word_1_310' title='bbox 1729 4731 1869 4795; x_wconf 90' lang='lat' dir='ltr'><strong>lues,</strong></span> 
     </span>
    </p>
   </div>
   <div class='ocr_carea' id='block_1_49' title="bbox 535 4821 1777 4904">
    <p class='ocr_par' dir='ltr' id='par_1_49' title="bbox 535 4821 1777 4904">
     <span class='ocr_line' id='line_1_49' title="bbox 535 4821 1777 4904; baseline -0.009 -20"><span class='ocrx_word' id='word_1_311' title='bbox 535 4825 716 4884; x_wconf 83' lang='lat' dir='ltr'><strong>Donec</strong></span> <span class='ocrx_word' id='word_1_312' title='bbox 741 4825 809 4879; x_wconf 90' lang='lat' dir='ltr'><strong>ad</strong></span> <span class='ocrx_word' id='word_1_313' title='bbox 836 4824 1069 4894; x_wconf 69' lang='lat' dir='ltr'><strong>antiquae</strong></span> <span class='ocrx_word' id='word_1_314' title='bbox 1097 4821 1286 4904; x_wconf 82' lang='lat' dir='ltr'><strong>redeat</strong></span> <span class='ocrx_word' id='word_1_315' title='bbox 1313 4821 1608 4892; x_wconf 87' lang='lat' dir='ltr'><strong>primordia</strong></span> <span class='ocrx_word' id='word_1_316' title='bbox 1631 4821 1777 4884; x_wconf 70' lang='lat' dir='ltr'><strong>vitae,</strong></span> 
     </span>
    </p>
   </div>
   <div class='ocr_carea' id='block_1_50' title="bbox 607 4913 1941 4989">
    <p class='ocr_par' dir='ltr' id='par_1_50' title="bbox 607 4913 1941 4989">
     <span class='ocr_line' id='line_1_50' title="bbox 607 4913 1941 4989; baseline -0.004 -17"><span class='ocrx_word' id='word_1_317' title='bbox 607 4917 834 4989; x_wconf 89' lang='lat' dir='ltr'><strong>Semper</strong></span> <span class='ocrx_word' id='word_1_318' title='bbox 861 4929 915 4976; x_wconf 92' lang='lat' dir='ltr'><strong>et</strong></span> <span class='ocrx_word' id='word_1_319' title='bbox 947 4927 1029 4975; x_wconf 89' lang='lat' dir='ltr'><strong>est</strong></span> <span class='ocrx_word' id='word_1_320' title='bbox 1053 4918 1210 4974; x_wconf 90' lang='lat' dir='ltr'><strong>nobis</strong></span> <span class='ocrx_word' id='word_1_321' title='bbox 1232 4917 1362 4973; x_wconf 91' lang='lat' dir='ltr'><strong>hinc</strong></span> <span class='ocrx_word' id='word_1_322' title='bbox 1392 4917 1568 4982; x_wconf 89' lang='lat' dir='ltr'><strong>labor,</strong></span> <span class='ocrx_word' id='word_1_323' title='bbox 1607 4915 1734 4970; x_wconf 89' lang='lat' dir='ltr'><strong>inde</strong></span> <span class='ocrx_word' id='word_1_324' title='bbox 1758 4913 1941 4969; x_wconf 89' lang='lat' dir='ltr'><strong>timor.</strong></span> 
     </span>
    </p>
   </div>
   <div class='ocr_carea' id='block_1_51' title="bbox 533 5005 1840 5082">
    <p class='ocr_par' dir='ltr' id='par_1_51' title="bbox 533 5005 1840 5082">
     <span class='ocr_line' id='line_1_51' title="bbox 533 5005 1840 5082; baseline -0.008 -12"><span class='ocrx_word' id='word_1_325' title='bbox 533 5012 652 5082; x_wconf 91' lang='lat' dir='ltr'><strong>Quo</strong></span> <span class='ocrx_word' id='word_1_326' title='bbox 680 5027 779 5068; x_wconf 92' lang='lat' dir='ltr'><strong>nos</strong></span> <span class='ocrx_word' id='word_1_327' title='bbox 811 5012 947 5068; x_wconf 91' lang='lat' dir='ltr'><strong>alma</strong></span> <span class='ocrx_word' id='word_1_328' title='bbox 973 5022 1077 5066; x_wconf 90' lang='lat' dir='ltr'><strong>tuae</strong></span> <span class='ocrx_word' id='word_1_329' title='bbox 1098 5010 1345 5066; x_wconf 82' lang='lat' dir='ltr'><strong>refovent</strong></span> <span class='ocrx_word' id='word_1_330' title='bbox 1380 5007 1643 5078; x_wconf 87' lang='lat' dir='ltr'><strong>patientia</strong></span> <span class='ocrx_word' id='word_1_331' title='bbox 1670 5005 1840 5072; x_wconf 87' lang='lat' dir='ltr'><strong>vires,</strong></span> 
     </span>
    </p>
   </div>
   <div class='ocr_carea' id='block_1_52' title="bbox 603 5102 1736 5177">
    <p class='ocr_par' dir='ltr' id='par_1_52' title="bbox 603 5102 1736 5177">
     <span class='ocr_line' id='line_1_52' title="bbox 603 5102 1736 5177; baseline -0.011 -15"><span class='ocrx_word' id='word_1_332' title='bbox 603 5107 781 5177; x_wconf 85' lang='lat' dir='ltr'><strong>Atque</strong></span> <span class='ocrx_word' id='word_1_333' title='bbox 811 5105 915 5160; x_wconf 89' lang='lat' dir='ltr'><strong>tuis</strong></span> <span class='ocrx_word' id='word_1_334' title='bbox 943 5102 1109 5158; x_wconf 92' lang='lat' dir='ltr'><strong>armis</strong></span> <span class='ocrx_word' id='word_1_335' title='bbox 1139 5111 1251 5157; x_wconf 83' lang='lat' dir='ltr'><strong>tuta</strong></span> <span class='ocrx_word' id='word_1_336' title='bbox 1280 5108 1499 5156; x_wconf 86' lang='lat' dir='ltr'><strong>caterva</strong></span> <span class='ocrx_word' id='word_1_337' title='bbox 1530 5111 1736 5152; x_wconf 90' lang='lat' dir='ltr'><strong>sumus.</strong></span> 
     </span>
    </p>
   </div>
   <div class='ocr_carea' id='block_1_53' title="bbox 535 5185 1804 5268">
    <p class='ocr_par' dir='ltr' id='par_1_53' title="bbox 535 5185 1804 5268">
     <span class='ocr_line' id='line_1_53' title="bbox 535 5185 1804 5268; baseline -0.007 -17"><span class='ocrx_word' id='word_1_338' title='bbox 535 5195 738 5268; x_wconf 87' lang='lat' dir='ltr'><strong>Inclyta</strong></span> <span class='ocrx_word' id='word_1_339' title='bbox 765 5196 879 5250; x_wconf 72' lang='lat' dir='ltr'><strong>haec</strong></span> <span class='ocrx_word' id='word_1_340' title='bbox 910 5193 1113 5248; x_wconf 90' lang='lat' dir='ltr'><strong>sanctis</strong></span> <span class='ocrx_word' id='word_1_341' title='bbox 1141 5191 1332 5247; x_wconf 89' lang='lat' dir='ltr'><strong>tribuit</strong></span> <span class='ocrx_word' id='word_1_342' title='bbox 1354 5189 1546 5244; x_wconf 90' lang='lat' dir='ltr'><strong>solatia</strong></span> <span class='ocrx_word' id='word_1_343' title='bbox 1571 5185 1804 5253; x_wconf 89' lang='lat' dir='ltr'><strong>cunctis,</strong></span> 
     </span>
    </p>
   </div>
   <div class='ocr_carea' id='block_1_54' title="bbox 609 5277 1800 5356">
    <p class='ocr_par' dir='ltr' id='par_1_54' title="bbox 609 5277 1800 5356">
     <span class='ocr_line' id='line_1_54' title="bbox 609 5277 1800 5356; baseline -0.009 -13"><span class='ocrx_word' id='word_1_344' title='bbox 609 5288 742 5356; x_wconf 86' lang='lat' dir='ltr'><strong>Quis</strong></span> <span class='ocrx_word' id='word_1_345' title='bbox 771 5296 829 5341; x_wconf 87' lang='lat' dir='ltr'><strong>ut</strong></span> <span class='ocrx_word' id='word_1_346' title='bbox 854 5287 954 5341; x_wconf 92' lang='lat' dir='ltr'><strong>tuti</strong></span> <span class='ocrx_word' id='word_1_347' title='bbox 981 5294 1164 5342; x_wconf 91' lang='lat' dir='ltr'><strong>essent</strong></span> <span class='ocrx_word' id='word_1_348' title='bbox 1191 5282 1320 5338; x_wconf 90' lang='lat' dir='ltr'><strong>urbs</strong></span> <span class='ocrx_word' id='word_1_349' title='bbox 1339 5279 1647 5334; x_wconf 87' lang='lat' dir='ltr'><strong>veneranda</strong></span> <span class='ocrx_word' id='word_1_350' title='bbox 1679 5277 1800 5332; x_wconf 90' lang='lat' dir='ltr'><strong>fuit.</strong></span> 
     </span>
    </p>
   </div>
   <div class='ocr_carea' id='block_1_55' title="bbox 539 5365 1900 5448">
    <p class='ocr_par' dir='ltr' id='par_1_55' title="bbox 539 5365 1900 5448">
     <span class='ocr_line' id='line_1_55' title="bbox 539 5365 1900 5448; baseline -0.01 -13"><span class='ocrx_word' id='word_1_351' title='bbox 539 5380 686 5448; x_wconf 88' lang='lat' dir='ltr'><strong>Quos</strong></span> <span class='ocrx_word' id='word_1_352' title='bbox 712 5393 1000 5435; x_wconf 90' lang='lat' dir='ltr'><strong>numerare</strong></span> <span class='ocrx_word' id='word_1_353' title='bbox 1030 5383 1178 5432; x_wconf 88' lang='lat' dir='ltr'><strong>vetat</strong></span> <span class='ocrx_word' id='word_1_354' title='bbox 1204 5371 1446 5428; x_wconf 85' lang='lat' dir='ltr'><strong>brevitas</strong></span> <span class='ocrx_word' id='word_1_355' title='bbox 1469 5367 1541 5427; x_wconf 39' lang='lat' dir='ltr'><strong>‘en</strong></span> <span class='ocrx_word' id='word_1_356' title='bbox 1581 5370 1738 5425; x_wconf 91' lang='lat' dir='ltr'><strong>istius</strong></span> <span class='ocrx_word' id='word_1_357' title='bbox 1765 5365 1900 5432; x_wconf 88' lang='lat' dir='ltr'><strong>odae,</strong></span> 
     </span>
    </p>
   </div>
   <div class='ocr_carea' id='block_1_56' title="bbox 612 5461 1690 5540">
    <p class='ocr_par' dir='ltr' id='par_1_56' title="bbox 612 5461 1690 5540">
     <span class='ocr_line' id='line_1_56' title="bbox 612 5461 1690 5540; baseline -0.011 -14"><span class='ocrx_word' id='word_1_358' title='bbox 612 5470 713 5538; x_wconf 93' lang='lat' dir='ltr'><strong>Qui</strong></span> <span class='ocrx_word' id='word_1_359' title='bbox 742 5470 1008 5540; x_wconf 82' lang='lat' dir='ltr'><strong>patienter</strong></span> <span class='ocrx_word' id='word_1_360' title='bbox 1031 5480 1159 5536; x_wconf 91' lang='lat' dir='ltr'><strong>opes</strong></span> <span class='ocrx_word' id='word_1_361' title='bbox 1187 5477 1536 5535; x_wconf 89' lang='lat' dir='ltr'><strong>promeruere</strong></span> <span class='ocrx_word' id='word_1_362' title='bbox 1564 5461 1690 5534; x_wconf 91' lang='lat' dir='ltr'><strong>poli.</strong></span> 
     </span>
    </p>
   </div>
   <div class='ocr_carea' id='block_1_57' title="bbox 541 5546 1973 5632">
    <p class='ocr_par' dir='ltr' id='par_1_57' title="bbox 541 5546 1973 5632">
     <span class='ocr_line' id='line_1_57' title="bbox 541 5546 1973 5632; baseline -0.013 -13"><span class='ocrx_word' id='word_1_363' title='bbox 541 5563 586 5620; x_wconf 89' lang='lat' dir='ltr'><strong>E</strong></span> <span class='ocrx_word' id='word_1_364' title='bbox 622 5563 815 5632; x_wconf 88' lang='lat' dir='ltr'><strong>quibus</strong></span> <span class='ocrx_word' id='word_1_365' title='bbox 845 5576 984 5617; x_wconf 91' lang='lat' dir='ltr'><strong>unus</strong></span> <span class='ocrx_word' id='word_1_366' title='bbox 1017 5566 1135 5614; x_wconf 89' lang='lat' dir='ltr'><strong>erat</strong></span> <span class='ocrx_word' id='word_1_367' title='bbox 1167 5571 1347 5613; x_wconf 84' lang='lat' dir='ltr'><strong>comes</strong></span> <span class='ocrx_word' id='word_1_368' title='bbox 1376 5555 1505 5612; x_wconf 90' lang='lat' dir='ltr'><strong>huic</strong></span> <span class='ocrx_word' id='word_1_369' title='bbox 1535 5552 1830 5608; x_wconf 82' lang='lat' dir='ltr'><strong>fidissimus</strong></span> <span class='ocrx_word' id='word_1_370' title='bbox 1857 5546 1973 5612; x_wconf 90' lang='lat' dir='ltr'><strong>lob,</strong></span> 
     </span>
    </p>
   </div>
   <div class='ocr_carea' id='block_1_58' title="bbox 616 5634 1701 5721">
    <p class='ocr_par' dir='ltr' id='par_1_58' title="bbox 616 5634 1701 5721">
     <span class='ocr_line' id='line_1_58' title="bbox 616 5634 1701 5721; baseline -0.013 -11"><span class='ocrx_word' id='word_1_371' title='bbox 616 5634 857 5710; x_wconf 56' lang='grc' dir='ltr'><strong>ἥρωι-ει</strong></span> <span class='ocrx_word' id='word_1_372' title='bbox 889 5662 1051 5721; x_wconf 89' lang='lat' dir='ltr'><strong>atque</strong></span> <span class='ocrx_word' id='word_1_373' title='bbox 1071 5648 1146 5705; x_wconf 89' lang='lat' dir='ltr'><strong>illi</strong></span> <span class='ocrx_word' id='word_1_374' title='bbox 1171 5651 1255 5705; x_wconf 89' lang='lat' dir='ltr'><strong>vis</strong></span> <span class='ocrx_word' id='word_1_375' title='bbox 1281 5665 1346 5705; x_wconf 89' lang='lat' dir='ltr'><strong>ea</strong></span> <span class='ocrx_word' id='word_1_376' title='bbox 1371 5647 1477 5703; x_wconf 82' lang='lat' dir='ltr'><strong>fida</strong></span> <span class='ocrx_word' id='word_1_377' title='bbox 1499 5658 1701 5701; x_wconf 90' lang='lat' dir='ltr'><strong>comes.</strong></span> 
     </span>
    </p>
   </div>
   <div class='ocr_carea' id='block_1_59' title="bbox 550 5739 1716 5816">
    <p class='ocr_par' dir='ltr' id='par_1_59' title="bbox 550 5739 1716 5816">
     <span class='ocr_line' id='line_1_59' title="bbox 550 5739 1716 5816; baseline -0.013 -11"><span class='ocrx_word' id='word_1_378' title='bbox 550 5748 784 5806; x_wconf 81' lang='lat' dir='ltr'><strong>Virtutes</strong></span> <span class='ocrx_word' id='word_1_379' title='bbox 812 5746 867 5800; x_wconf 87' lang='lat' dir='ltr'><strong>in</strong></span> <span class='ocrx_word' id='word_1_380' title='bbox 893 5759 958 5800; x_wconf 91' lang='lat' dir='ltr'><strong>eo</strong></span> <span class='ocrx_word' id='word_1_381' title='bbox 981 5742 1218 5816; x_wconf 85' lang='lat' dir='ltr'><strong>viguere,</strong></span> <span class='ocrx_word' id='word_1_382' title='bbox 1247 5751 1302 5798; x_wconf 90' lang='lat' dir='ltr'><strong>et</strong></span> <span class='ocrx_word' id='word_1_383' title='bbox 1331 5739 1486 5810; x_wconf 88' lang='lat' dir='ltr'><strong>copia</strong></span> <span class='ocrx_word' id='word_1_384' title='bbox 1514 5751 1716 5802; x_wconf 90' lang='lat' dir='ltr'><strong>rerum,</strong></span> 
     </span>
    </p>
   </div>
   <div class='ocr_carea' id='block_1_60' title="bbox 618 5826 1762 5909">
    <p class='ocr_par' dir='ltr' id='par_1_60' title="bbox 618 5826 1762 5909">
     <span class='ocr_line' id='line_1_60' title="bbox 618 5826 1762 5909; baseline -0.011 -14"><span class='ocrx_word' id='word_1_385' title='bbox 618 5838 962 5909; x_wconf 82' lang='lat' dir='ltr'><strong>Pollebatque</strong></span> <span class='ocrx_word' id='word_1_386' title='bbox 987 5836 1172 5894; x_wconf 83' lang='lat' dir='ltr'><strong>clueas</strong></span> <span class='ocrx_word' id='word_1_387' title='bbox 1203 5833 1452 5893; x_wconf 85' lang='lat' dir='ltr'><strong>omnibus</strong></span> <span class='ocrx_word' id='word_1_388' title='bbox 1479 5829 1569 5886; x_wconf 85' lang='lat' dir='ltr'><strong>ille</strong></span> <span class='ocrx_word' id='word_1_389' title='bbox 1586 5826 1762 5884; x_wconf 89' lang='lat' dir='ltr'><strong>bonis.</strong></span> 
     </span>
    </p>
   </div>
   <div class='ocr_carea' id='block_1_61' title="bbox 1486 343 2715 420">
    <p class='ocr_par' dir='ltr' id='par_1_61' title="bbox 1486 343 2715 420">
     <span class='ocr_line' id='line_1_61' title="bbox 1486 343 2715 420; baseline -0.016 0"><span class='ocrx_word' id='word_1_390' title='bbox 1486 357 1878 420; x_wconf 81' lang='lat' dir='ltr'><strong>THEODULFI</strong></span> <span class='ocrx_word' id='word_1_391' title='bbox 1909 344 2464 416; x_wconf 76' lang='lat' dir='ltr'><strong>AURELIANENSIS</strong></span> <span class='ocrx_word' id='word_1_392' title='bbox 2501 343 2715 402; x_wconf 87' lang='lat' dir='ltr'><strong>EPlSC.</strong></span> 
     </span>
    </p>
   </div>
   <div class='ocr_carea' id='block_1_62' title="bbox 2093 451 3728 536">
    <p class='ocr_par' dir='ltr' id='par_1_62' title="bbox 2093 451 3728 536">
     <span class='ocr_line' id='line_1_62' title="bbox 2093 451 3728 536; baseline -0.012 -10"><span class='ocrx_word' id='word_1_393' title='bbox 2093 470 2150 536; x_wconf 73' lang='grc' dir='ltr'><strong>Α</strong></span> <span class='ocrx_word' id='word_1_394' title='bbox 2166 467 2344 534; x_wconf 88' lang='lat' dir='ltr'><strong>Prole,</strong></span> <span class='ocrx_word' id='word_1_395' title='bbox 2385 466 2565 530; x_wconf 90' lang='lat' dir='ltr'><strong>domo,</strong></span> <span class='ocrx_word' id='word_1_396' title='bbox 2601 459 2870 534; x_wconf 89' lang='lat' dir='ltr'><strong>pecudum</strong></span> <span class='ocrx_word' id='word_1_397' title='bbox 2907 467 3296 526; x_wconf 85' lang='lat' dir='ltr'><strong>servorumque</strong></span> <span class='ocrx_word' id='word_1_398' title='bbox 3327 453 3542 526; x_wconf 86' lang='lat' dir='ltr'><strong>agmine</strong></span> <span class='ocrx_word' id='word_1_399' title='bbox 3563 451 3728 520; x_wconf 83' lang='lat' dir='ltr'><strong>felix,</strong></span> 
     </span>
    </p>
   </div>
   <div class='ocr_carea' id='block_1_63' title="bbox 2155 2104 3523 2190">
    <p class='ocr_par' dir='ltr' id='par_1_63' title="bbox 2155 2104 3523 2190">
     <span class='ocr_line' id='line_1_63' title="bbox 2155 2104 3523 2190; baseline -0.009 -22"><span class='ocrx_word' id='word_1_400' title='bbox 2155 2187 2158 2190; x_wconf 8' lang='grc' dir='ltr'><strong><em>ἢ</em></strong></span> <span class='ocrx_word' id='word_1_401' title='bbox 2195 2110 2293 2168; x_wconf 91' lang='lat' dir='ltr'><strong>Cui</strong></span> <span class='ocrx_word' id='word_1_402' title='bbox 2317 2109 2458 2164; x_wconf 90' lang='lat' dir='ltr'><strong>ratio</strong></span> <span class='ocrx_word' id='word_1_403' title='bbox 2482 2107 2693 2180; x_wconf 90' lang='lat' dir='ltr'><strong>galeam</strong></span> <span class='ocrx_word' id='word_1_404' title='bbox 2714 2107 2938 2177; x_wconf 81' lang='lat' dir='ltr'><strong>praebet,</strong></span> <span class='ocrx_word' id='word_1_405' title='bbox 2970 2104 3228 2176; x_wconf 87' lang='lat' dir='ltr'><strong>patientia</strong></span> <span class='ocrx_word' id='word_1_406' title='bbox 3257 2117 3523 2173; x_wconf 91' lang='lat' dir='ltr'><strong>parmam,</strong></span> 
     </span>
    </p>
   </div>
   <div class='ocr_carea' id='block_1_64' title="bbox 2245 545 3581 627">
    <p class='ocr_par' dir='ltr' id='par_1_64' title="bbox 2245 545 3581 627">
     <span class='ocr_line' id='line_1_64' title="bbox 2245 545 3581 627; baseline -0.011 -14"><span class='ocrx_word' id='word_1_407' title='bbox 2245 559 2422 627; x_wconf 81' lang='lat' dir='ltr'><strong>Atque</strong></span> <span class='ocrx_word' id='word_1_408' title='bbox 2449 554 2595 626; x_wconf 91' lang='lat' dir='ltr'><strong>quod</strong></span> <span class='ocrx_word' id='word_1_409' title='bbox 2623 553 2710 608; x_wconf 90' lang='lat' dir='ltr'><strong>his</strong></span> <span class='ocrx_word' id='word_1_410' title='bbox 2738 551 2911 622; x_wconf 90' lang='lat' dir='ltr'><strong>magis</strong></span> <span class='ocrx_word' id='word_1_411' title='bbox 2939 557 3027 604; x_wconf 91' lang='lat' dir='ltr'><strong>est</strong></span> <span class='ocrx_word' id='word_1_412' title='bbox 3050 547 3195 617; x_wconf 91' lang='lat' dir='ltr'><strong>jure,</strong></span> <span class='ocrx_word' id='word_1_413' title='bbox 3235 547 3431 602; x_wconf 89' lang='lat' dir='ltr'><strong>timore</strong></span> <span class='ocrx_word' id='word_1_414' title='bbox 3461 545 3581 599; x_wconf 88' lang='lat' dir='ltr'><strong>Dei.</strong></span> 
     </span>
    </p>
   </div>
   <div class='ocr_carea' id='block_1_65' title="bbox 2244 727 3454 803">
    <p class='ocr_par' dir='ltr' id='par_1_65' title="bbox 2244 727 3454 803">
     <span class='ocr_line' id='line_1_65' title="bbox 2244 727 3454 803; baseline -0.011 -8"><span class='ocrx_word' id='word_1_415' title='bbox 2244 739 2314 796; x_wconf 92' lang='lat' dir='ltr'><strong>Et</strong></span> <span class='ocrx_word' id='word_1_416' title='bbox 2333 753 2549 794; x_wconf 90' lang='lat' dir='ltr'><strong>murum</strong></span> <span class='ocrx_word' id='word_1_417' title='bbox 2580 735 2779 792; x_wconf 91' lang='lat' dir='ltr'><strong>mentis</strong></span> <span class='ocrx_word' id='word_1_418' title='bbox 2806 733 3058 788; x_wconf 89' lang='lat' dir='ltr'><strong>machina</strong></span> <span class='ocrx_word' id='word_1_419' title='bbox 3083 745 3281 803; x_wconf 88' lang='lat' dir='ltr'><strong>magna</strong></span> <span class='ocrx_word' id='word_1_420' title='bbox 3307 727 3454 784; x_wconf 89' lang='lat' dir='ltr'><strong>ferit.</strong></span> 
     </span>
    </p>
   </div>
   <div class='ocr_carea' id='block_1_66' title="bbox 2177 823 3650 903">
    <p class='ocr_par' dir='ltr' id='par_1_66' title="bbox 2177 823 3650 903">
     <span class='ocr_line' id='line_1_66' title="bbox 2177 823 3650 903; baseline -0.006 -13"><span class='ocrx_word' id='word_1_421' title='bbox 2177 832 2462 903; x_wconf 84' lang='lat' dir='ltr'><strong>Temporis</strong></span> <span class='ocrx_word' id='word_1_422' title='bbox 2489 831 2548 886; x_wconf 91' lang='lat' dir='ltr'><strong>in</strong></span> <span class='ocrx_word' id='word_1_423' title='bbox 2573 836 2772 902; x_wconf 90' lang='lat' dir='ltr'><strong>puncto</strong></span> <span class='ocrx_word' id='word_1_424' title='bbox 2810 827 3020 882; x_wconf 90' lang='lat' dir='ltr'><strong>cunctis</strong></span> <span class='ocrx_word' id='word_1_425' title='bbox 3047 823 3310 896; x_wconf 90' lang='lat' dir='ltr'><strong>spoliatus</strong></span> <span class='ocrx_word' id='word_1_426' title='bbox 3330 824 3617 895; x_wconf 88' lang='lat' dir='ltr'><strong>ademptis,</strong></span> <span class='ocrx_word' id='word_1_427' title='bbox 3646 877 3650 881; x_wconf 88' lang='lat'><strong>.</strong></span> 
     </span>
    </p>
   </div>
   <div class='ocr_carea' id='block_1_67' title="bbox 2248 917 3432 988">
    <p class='ocr_par' dir='ltr' id='par_1_67' title="bbox 2248 917 3432 988">
     <span class='ocr_line' id='line_1_67' title="bbox 2248 917 3432 988; baseline -0.008 -7"><span class='ocrx_word' id='word_1_428' title='bbox 2248 923 2466 980; x_wconf 90' lang='lat' dir='ltr'><strong>Destitit</strong></span> <span class='ocrx_word' id='word_1_429' title='bbox 2484 930 2539 977; x_wconf 91' lang='lat' dir='ltr'><strong>et</strong></span> <span class='ocrx_word' id='word_1_430' title='bbox 2568 920 2840 986; x_wconf 89' lang='lat' dir='ltr'><strong>dominus,</strong></span> <span class='ocrx_word' id='word_1_431' title='bbox 2879 917 3087 974; x_wconf 89' lang='lat' dir='ltr'><strong>destitit</strong></span> <span class='ocrx_word' id='word_1_432' title='bbox 3110 931 3230 974; x_wconf 90' lang='lat' dir='ltr'><strong>esse</strong></span> <span class='ocrx_word' id='word_1_433' title='bbox 3256 925 3432 988; x_wconf 89' lang='lat' dir='ltr'><strong>pater.</strong></span> 
     </span>
    </p>
   </div>
   <div class='ocr_carea' id='block_1_68' title="bbox 2178 1007 3627 1084">
    <p class='ocr_par' dir='ltr' id='par_1_68' title="bbox 2178 1007 3627 1084">
     <span class='ocr_line' id='line_1_68' title="bbox 2178 1007 3627 1084; baseline -0.006 -13"><span class='ocrx_word' id='word_1_434' title='bbox 2178 1015 2522 1084; x_wconf 85' lang='lat' dir='ltr'><strong>Prosperitas</strong></span> <span class='ocrx_word' id='word_1_435' title='bbox 2547 1012 2688 1084; x_wconf 89' lang='lat' dir='ltr'><strong>fugit</strong></span> <span class='ocrx_word' id='word_1_436' title='bbox 2718 1013 2881 1078; x_wconf 89' lang='lat' dir='ltr'><strong>hunc,</strong></span> <span class='ocrx_word' id='word_1_437' title='bbox 2909 1010 3123 1080; x_wconf 86' lang='lat' dir='ltr'><strong>fugiunt</strong></span> <span class='ocrx_word' id='word_1_438' title='bbox 3141 1010 3234 1080; x_wconf 90' lang='lat' dir='ltr'><strong>pia</strong></span> <span class='ocrx_word' id='word_1_439' title='bbox 3255 1009 3393 1065; x_wconf 91' lang='lat' dir='ltr'><strong>dona</strong></span> <span class='ocrx_word' id='word_1_440' title='bbox 3416 1007 3627 1073; x_wconf 88' lang='lat' dir='ltr'><strong>salutis,</strong></span> 
     </span>
    </p>
   </div>
   <div class='ocr_carea' id='block_1_69' title="bbox 2251 1101 3634 1173">
    <p class='ocr_par' dir='ltr' id='par_1_69' title="bbox 2251 1101 3634 1173">
     <span class='ocr_line' id='line_1_69' title="bbox 2251 1101 3634 1173; baseline -0.005 -13"><span class='ocrx_word' id='word_1_441' title='bbox 2251 1105 2407 1173; x_wconf 92' lang='lat' dir='ltr'><strong>Quod</strong></span> <span class='ocrx_word' id='word_1_442' title='bbox 2429 1104 2590 1171; x_wconf 88' lang='lat' dir='ltr'><strong>ferat,</strong></span> <span class='ocrx_word' id='word_1_443' title='bbox 2625 1110 2721 1158; x_wconf 89' lang='lat' dir='ltr'><strong>aut</strong></span> <span class='ocrx_word' id='word_1_444' title='bbox 2742 1103 2962 1168; x_wconf 90' lang='lat' dir='ltr'><strong>habeat,</strong></span> <span class='ocrx_word' id='word_1_445' title='bbox 2985 1102 3063 1156; x_wconf 88' lang='lat' dir='ltr'><strong>nil</strong></span> <span class='ocrx_word' id='word_1_446' title='bbox 3088 1101 3194 1156; x_wconf 89' lang='lat' dir='ltr'><strong>nisi</strong></span> <span class='ocrx_word' id='word_1_447' title='bbox 3229 1101 3452 1157; x_wconf 90' lang='lat' dir='ltr'><strong>morbus</strong></span> <span class='ocrx_word' id='word_1_448' title='bbox 3474 1101 3634 1155; x_wconf 90' lang='lat' dir='ltr'><strong>inest.</strong></span> 
     </span>
    </p>
   </div>
   <div class='ocr_carea' id='block_1_70' title="bbox 2180 1190 3548 1263">
    <p class='ocr_par' dir='ltr' id='par_1_70' title="bbox 2180 1190 3548 1263">
     <span class='ocr_line' id='line_1_70' title="bbox 2180 1190 3548 1263; baseline -0.007 -10"><span class='ocrx_word' id='word_1_449' title='bbox 2180 1196 2288 1253; x_wconf 92' lang='lat' dir='ltr'><strong>Pro</strong></span> <span class='ocrx_word' id='word_1_450' title='bbox 2312 1195 2530 1250; x_wconf 88' lang='lat' dir='ltr'><strong>famulis</strong></span> <span class='ocrx_word' id='word_1_451' title='bbox 2555 1209 2788 1260; x_wconf 81' lang='lat' dir='ltr'><strong>vermes,</strong></span> <span class='ocrx_word' id='word_1_452' title='bbox 2812 1207 2911 1263; x_wconf 88' lang='lat' dir='ltr'><strong>pro</strong></span> <span class='ocrx_word' id='word_1_453' title='bbox 2932 1193 3095 1248; x_wconf 90' lang='lat' dir='ltr'><strong>rebus</strong></span> <span class='ocrx_word' id='word_1_454' title='bbox 3115 1193 3244 1247; x_wconf 91' lang='lat' dir='ltr'><strong>tabo</strong></span> <span class='ocrx_word' id='word_1_455' title='bbox 3265 1190 3548 1256; x_wconf 89' lang='lat' dir='ltr'><strong>remansit,</strong></span> 
     </span>
    </p>
   </div>
   <div class='ocr_carea' id='block_1_71' title="bbox 2252 1283 3485 1355">
    <p class='ocr_par' dir='ltr' id='par_1_71' title="bbox 2252 1283 3485 1355">
     <span class='ocr_line' id='line_1_71' title="bbox 2252 1283 3485 1355; baseline -0.006 -12"><span class='ocrx_word' id='word_1_456' title='bbox 2252 1288 2361 1344; x_wconf 89' lang='lat' dir='ltr'><strong>Pro</strong></span> <span class='ocrx_word' id='word_1_457' title='bbox 2389 1287 2572 1343; x_wconf 92' lang='lat' dir='ltr'><strong>sobole</strong></span> <span class='ocrx_word' id='word_1_458' title='bbox 2597 1293 2829 1352; x_wconf 89' lang='lat' dir='ltr'><strong>stercus,</strong></span> <span class='ocrx_word' id='word_1_459' title='bbox 2859 1299 3068 1355; x_wconf 91' lang='lat' dir='ltr'><strong>proque</strong></span> <span class='ocrx_word' id='word_1_460' title='bbox 3095 1287 3256 1354; x_wconf 88' lang='lat' dir='ltr'><strong>peplo</strong></span> <span class='ocrx_word' id='word_1_461' title='bbox 3286 1283 3485 1343; x_wconf 82' lang='lat' dir='ltr'><strong>sanies.</strong></span> 
     </span>
    </p>
   </div>
   <div class='ocr_carea' id='block_1_72' title="bbox 2256 1465 3358 1540">
    <p class='ocr_par' dir='ltr' id='par_1_72' title="bbox 2256 1465 3358 1540">
     <span class='ocr_line' id='line_1_72' title="bbox 2256 1465 3358 1540; baseline -0.005 -17"><span class='ocrx_word' id='word_1_462' title='bbox 2256 1469 2386 1540; x_wconf 87' lang='lat' dir='ltr'><strong>Ejus</strong></span> <span class='ocrx_word' id='word_1_463' title='bbox 2413 1468 2715 1523; x_wconf 89' lang='lat' dir='ltr'><strong>amicorum</strong></span> <span class='ocrx_word' id='word_1_464' title='bbox 2747 1465 2950 1537; x_wconf 90' lang='lat' dir='ltr'><strong>spicula</strong></span> <span class='ocrx_word' id='word_1_465' title='bbox 2976 1479 3167 1520; x_wconf 90' lang='lat' dir='ltr'><strong>murus</strong></span> <span class='ocrx_word' id='word_1_466' title='bbox 3191 1465 3358 1518; x_wconf 89' lang='lat' dir='ltr'><strong>habet</strong></span> 
     </span>
    </p>
   </div>
   <div class='ocr_carea' id='block_1_73' title="bbox 2188 1551 3552 1630">
    <p class='ocr_par' dir='ltr' id='par_1_73' title="bbox 2188 1551 3552 1630">
     <span class='ocr_line' id='line_1_73' title="bbox 2188 1551 3552 1630; baseline -0.007 -13"><span class='ocrx_word' id='word_1_467' title='bbox 2188 1559 2234 1617; x_wconf 92' lang='grc' dir='ltr'>Ο</span> <span class='ocrx_word' id='word_1_468' title='bbox 2261 1574 2471 1615; x_wconf 89' lang='lat' dir='ltr'><strong>memor</strong></span> <span class='ocrx_word' id='word_1_469' title='bbox 2492 1558 2698 1630; x_wconf 91' lang='lat' dir='ltr'><strong>antiqui</strong></span> <span class='ocrx_word' id='word_1_470' title='bbox 2727 1557 2968 1622; x_wconf 88' lang='lat' dir='ltr'><strong>sceleris,</strong></span> <span class='ocrx_word' id='word_1_471' title='bbox 2997 1571 3095 1626; x_wconf 90' lang='lat' dir='ltr'><strong>per</strong></span> <span class='ocrx_word' id='word_1_472' title='bbox 3123 1551 3368 1624; x_wconf 89' lang='lat' dir='ltr'><strong>conjugis</strong></span> <span class='ocrx_word' id='word_1_473' title='bbox 3390 1569 3452 1609; x_wconf 92' lang='lat' dir='ltr'><strong>os</strong></span> <span class='ocrx_word' id='word_1_474' title='bbox 3477 1559 3552 1608; x_wconf 85' lang='lat' dir='ltr'><strong>tu&#39;</strong></span> 
     </span>
    </p>
   </div>
   <div class='ocr_carea' id='block_1_74' title="bbox 2258 1647 3703 1724">
    <p class='ocr_par' dir='ltr' id='par_1_74' title="bbox 2258 1647 3703 1724">
     <span class='ocr_line' id='line_1_74' title="bbox 2258 1647 3703 1724; baseline -0.006 -16"><span class='ocrx_word' id='word_1_475' title='bbox 2258 1653 2494 1718; x_wconf 82' lang='lat' dir='ltr'><strong>Rebare,</strong></span> <span class='ocrx_word' id='word_1_476' title='bbox 2523 1661 2585 1707; x_wconf 94' lang='lat' dir='ltr'><strong>ut</strong></span> <span class='ocrx_word' id='word_1_477' title='bbox 2607 1652 2860 1724; x_wconf 92' lang='lat' dir='ltr'><strong>primum,</strong></span> <span class='ocrx_word' id='word_1_478' title='bbox 2900 1651 3045 1706; x_wconf 91' lang='lat' dir='ltr'><strong>hunc</strong></span> <span class='ocrx_word' id='word_1_479' title='bbox 3070 1649 3290 1704; x_wconf 90' lang='lat' dir='ltr'><strong>vincere</strong></span> <span class='ocrx_word' id='word_1_480' title='bbox 3317 1662 3477 1716; x_wconf 89' lang='lat' dir='ltr'><strong>posse</strong></span> <span class='ocrx_word' id='word_1_481' title='bbox 3501 1647 3703 1702; x_wconf 90' lang='lat' dir='ltr'><strong>virum.</strong></span> 
     </span>
    </p>
   </div>
   <div class='ocr_carea' id='block_1_75' title="bbox 2191 1739 3604 1815">
    <p class='ocr_par' dir='ltr' id='par_1_75' title="bbox 2191 1739 3604 1815">
     <span class='ocr_line' id='line_1_75' title="bbox 2191 1739 3604 1815; baseline -0.006 -15"><span class='ocrx_word' id='word_1_482' title='bbox 2191 1742 2300 1801; x_wconf 89' lang='lat' dir='ltr'><strong>Sed</strong></span> <span class='ocrx_word' id='word_1_483' title='bbox 2315 1744 2468 1815; x_wconf 90' lang='lat' dir='ltr'><strong>juvat</strong></span> <span class='ocrx_word' id='word_1_484' title='bbox 2491 1744 2638 1798; x_wconf 91' lang='lat' dir='ltr'><strong>hunc</strong></span> <span class='ocrx_word' id='word_1_485' title='bbox 2675 1742 2833 1808; x_wconf 87' lang='lat' dir='ltr'><strong>ratio,</strong></span> <span class='ocrx_word' id='word_1_486' title='bbox 2861 1743 3014 1812; x_wconf 91' lang='lat' dir='ltr'><strong>juvat</strong></span> <span class='ocrx_word' id='word_1_487' title='bbox 3042 1749 3098 1795; x_wconf 90' lang='lat' dir='ltr'><strong>et</strong></span> <span class='ocrx_word' id='word_1_488' title='bbox 3122 1739 3384 1808; x_wconf 89' lang='lat' dir='ltr'><strong>patientia</strong></span> <span class='ocrx_word' id='word_1_489' title='bbox 3408 1746 3604 1801; x_wconf 89' lang='lat' dir='ltr'><strong>mater,</strong></span> 
     </span>
    </p>
   </div>
   <div class='ocr_carea' id='block_1_76' title="bbox 2119 1830 3437 1905">
    <p class='ocr_par' dir='ltr' id='par_1_76' title="bbox 2119 1830 3437 1905">
     <span class='ocr_line' id='line_1_76' title="bbox 2119 1830 3437 1905; baseline -0.008 -13"><span class='ocrx_word' id='word_1_490' title='bbox 2119 1840 2168 1902; x_wconf 88' lang='lat' dir='ltr'><strong>B</strong></span> <span class='ocrx_word' id='word_1_491' title='bbox 2265 1835 2395 1905; x_wconf 92' lang='lat' dir='ltr'><strong>Quis</strong></span> <span class='ocrx_word' id='word_1_492' title='bbox 2422 1835 2562 1890; x_wconf 90' lang='lat' dir='ltr'><strong>bene</strong></span> <span class='ocrx_word' id='word_1_493' title='bbox 2587 1849 2743 1889; x_wconf 91' lang='lat' dir='ltr'><strong>mens</strong></span> <span class='ocrx_word' id='word_1_494' title='bbox 2771 1832 2889 1903; x_wconf 89' lang='lat' dir='ltr'><strong>ejus</strong></span> <span class='ocrx_word' id='word_1_495' title='bbox 2923 1837 3039 1886; x_wconf 89' lang='lat' dir='ltr'><strong>tuta</strong></span> <span class='ocrx_word' id='word_1_496' title='bbox 3068 1830 3277 1884; x_wconf 89' lang='lat' dir='ltr'><strong>duabus</strong></span> <span class='ocrx_word' id='word_1_497' title='bbox 3299 1836 3437 1883; x_wconf 91' lang='lat' dir='ltr'><strong>erat.</strong></span> 
     </span>
    </p>
   </div>
   <div class='ocr_carea' id='block_1_77' title="bbox 2194 1918 3707 1998">
    <p class='ocr_par' dir='ltr' id='par_1_77' title="bbox 2194 1918 3707 1998">
     <span class='ocr_line' id='line_1_77' title="bbox 2194 1918 3707 1998; baseline -0.008 -15"><span class='ocrx_word' id='word_1_498' title='bbox 2194 1927 2463 1998; x_wconf 88' lang='lat' dir='ltr'><strong>Prospera</strong></span> <span class='ocrx_word' id='word_1_499' title='bbox 2486 1940 2647 1996; x_wconf 93' lang='lat' dir='ltr'><strong>quem</strong></span> <span class='ocrx_word' id='word_1_500' title='bbox 2667 1925 2898 1996; x_wconf 87' lang='lat' dir='ltr'><strong>justum,</strong></span> <span class='ocrx_word' id='word_1_501' title='bbox 2929 1921 3226 1993; x_wconf 89' lang='lat' dir='ltr'><strong>patientem</strong></span> <span class='ocrx_word' id='word_1_502' title='bbox 3251 1919 3481 1973; x_wconf 88' lang='lat' dir='ltr'><strong>adversa</strong></span> <span class='ocrx_word' id='word_1_503' title='bbox 3512 1918 3707 1982; x_wconf 85' lang='lat' dir='ltr'><strong>tulere,</strong></span> 
     </span>
    </p>
   </div>
   <div class='ocr_carea' id='block_1_78' title="bbox 2266 2009 3519 2085">
    <p class='ocr_par' dir='ltr' id='par_1_78' title="bbox 2266 2009 3519 2085">
     <span class='ocr_line' id='line_1_78' title="bbox 2266 2009 3519 2085; baseline -0.009 -12"><span class='ocrx_word' id='word_1_504' title='bbox 2266 2018 2405 2074; x_wconf 80' lang='lat' dir='ltr'><strong>Hinc</strong></span> <span class='ocrx_word' id='word_1_505' title='bbox 2435 2017 2580 2073; x_wconf 91' lang='lat' dir='ltr'><strong>bona</strong></span> <span class='ocrx_word' id='word_1_506' title='bbox 2607 2014 2906 2085; x_wconf 89' lang='lat' dir='ltr'><strong>componit,</strong></span> <span class='ocrx_word' id='word_1_507' title='bbox 2943 2013 3175 2072; x_wconf 89' lang='lat' dir='ltr'><strong>destruit</strong></span> <span class='ocrx_word' id='word_1_508' title='bbox 3204 2012 3329 2066; x_wconf 91' lang='lat' dir='ltr'><strong>inde</strong></span> <span class='ocrx_word' id='word_1_509' title='bbox 3359 2009 3519 2064; x_wconf 87' lang='lat' dir='ltr'><strong>mala.</strong></span> 
     </span>
    </p>
   </div>
   <div class='ocr_carea' id='block_1_79' title="bbox 2267 2195 3329 2281">
    <p class='ocr_par' dir='ltr' id='par_1_79' title="bbox 2267 2195 3329 2281">
     <span class='ocr_line' id='line_1_79' title="bbox 2267 2195 3329 2281; baseline -0.008 -24"><span class='ocrx_word' id='word_1_510' title='bbox 2267 2201 2398 2281; x_wconf 62' lang='lat' dir='ltr'><strong>Quis</strong></span> <span class='ocrx_word' id='word_1_511' title='bbox 2421 2199 2777 2256; x_wconf 85' lang='lat' dir='ltr'><strong>labefactatus</strong></span> <span class='ocrx_word' id='word_1_512' title='bbox 2807 2197 2879 2253; x_wconf 90' lang='lat' dir='ltr'><strong>sit</strong></span> <span class='ocrx_word' id='word_1_513' title='bbox 2902 2195 3056 2252; x_wconf 90' lang='lat' dir='ltr'><strong>furor</strong></span> <span class='ocrx_word' id='word_1_514' title='bbox 3081 2197 3162 2250; x_wconf 91' lang='lat' dir='ltr'><strong>ira</strong></span> <span class='ocrx_word' id='word_1_515' title='bbox 3185 2204 3329 2250; x_wconf 91' lang='lat' dir='ltr'><strong>tuus.</strong></span> 
     </span>
    </p>
   </div>
   <div class='ocr_carea' id='block_1_80' title="bbox 2198 2286 3570 2364">
    <p class='ocr_par' dir='ltr' id='par_1_80' title="bbox 2198 2286 3570 2364">
     <span class='ocr_line' id='line_1_80' title="bbox 2198 2286 3570 2364; baseline -0.007 -15"><span class='ocrx_word' id='word_1_516' title='bbox 2198 2293 2326 2351; x_wconf 64' lang='lat' dir='ltr'><strong>Haec</strong></span> <span class='ocrx_word' id='word_1_517' title='bbox 2351 2292 2596 2364; x_wconf 89' lang='lat' dir='ltr'><strong>sequitur</strong></span> <span class='ocrx_word' id='word_1_518' title='bbox 2619 2291 2753 2346; x_wconf 89' lang='lat' dir='ltr'><strong>vitia</strong></span> <span class='ocrx_word' id='word_1_519' title='bbox 2787 2288 3048 2345; x_wconf 90' lang='lat' dir='ltr'><strong>scelerata</strong></span> <span class='ocrx_word' id='word_1_520' title='bbox 3090 2286 3345 2356; x_wconf 85' lang='lat' dir='ltr'><strong>superbia</strong></span> <span class='ocrx_word' id='word_1_521' title='bbox 3373 2291 3570 2350; x_wconf 80' lang='lat' dir='ltr'><strong>mater,</strong></span> 
     </span>
    </p>
   </div>
   <div class='ocr_carea' id='block_1_81' title="bbox 2215 2378 3308 2458">
    <p class='ocr_par' dir='ltr' id='par_1_81' title="bbox 2215 2378 3308 2458">
     <span class='ocr_line' id='line_1_81' title="bbox 2215 2378 3308 2458; baseline -0.01 -15"><span class='ocrx_word' id='word_1_522' title='bbox 2215 2394 2217 2397; x_wconf 84' lang='grc'><strong>’</strong></span> <span class='ocrx_word' id='word_1_523' title='bbox 2270 2387 2339 2442; x_wconf 86' lang='lat' dir='ltr'><strong>Et</strong></span> <span class='ocrx_word' id='word_1_524' title='bbox 2366 2386 2554 2458; x_wconf 87' lang='lat' dir='ltr'><strong>regina</strong></span> <span class='ocrx_word' id='word_1_525' title='bbox 2585 2384 2732 2451; x_wconf 87' lang='lat' dir='ltr'><strong>mali,</strong></span> <span class='ocrx_word' id='word_1_526' title='bbox 2762 2385 2874 2438; x_wconf 75' lang='lat' dir='ltr'><strong>dux</strong></span> <span class='ocrx_word' id='word_1_527' title='bbox 2911 2390 2970 2438; x_wconf 90' lang='lat' dir='ltr'><strong>et</strong></span> <span class='ocrx_word' id='word_1_528' title='bbox 2994 2381 3147 2450; x_wconf 88' lang='lat' dir='ltr'><strong>origo</strong></span> <span class='ocrx_word' id='word_1_529' title='bbox 3179 2378 3308 2434; x_wconf 89' lang='lat' dir='ltr'><strong>doli.</strong></span> 
     </span>
    </p>
   </div>
   <div class='ocr_carea' id='block_1_82' title="bbox 2200 2471 3750 2551">
    <p class='ocr_par' dir='ltr' id='par_1_82' title="bbox 2200 2471 3750 2551">
     <span class='ocr_line' id='line_1_82' title="bbox 2200 2471 3750 2551; baseline -0.008 -14"><span class='ocrx_word' id='word_1_530' title='bbox 2200 2479 2331 2549; x_wconf 83' lang='lat' dir='ltr'><strong>Quae</strong></span> <span class='ocrx_word' id='word_1_531' title='bbox 2373 2494 2683 2551; x_wconf 89' lang='lat' dir='ltr'><strong>quanquam</strong></span> <span class='ocrx_word' id='word_1_532' title='bbox 2717 2477 2865 2532; x_wconf 89' lang='lat' dir='ltr'><strong>vitiis</strong></span> <span class='ocrx_word' id='word_1_533' title='bbox 2906 2475 3117 2531; x_wconf 82' lang='lat' dir='ltr'><strong>cunctis</strong></span> <span class='ocrx_word' id='word_1_534' title='bbox 3161 2473 3420 2528; x_wconf 90' lang='lat' dir='ltr'><strong>alimenta</strong></span> <span class='ocrx_word' id='word_1_535' title='bbox 3454 2471 3750 2537; x_wconf 87' lang='lat' dir='ltr'><strong>ministret,</strong></span> 
     </span>
    </p>
   </div>
   <div class='ocr_carea' id='block_1_83' title="bbox 2271 2565 3562 2646">
    <p class='ocr_par' dir='ltr' id='par_1_83' title="bbox 2271 2565 3562 2646">
     <span class='ocr_line' id='line_1_83' title="bbox 2271 2565 3562 2646; baseline -0.01 -14"><span class='ocrx_word' id='word_1_536' title='bbox 2271 2574 2428 2643; x_wconf 92' lang='lat' dir='ltr'><strong>Quod</strong></span> <span class='ocrx_word' id='word_1_537' title='bbox 2457 2589 2687 2646; x_wconf 88' lang='lat' dir='ltr'><strong>peccare</strong></span> <span class='ocrx_word' id='word_1_538' title='bbox 2709 2573 2852 2627; x_wconf 91' lang='lat' dir='ltr'><strong>valet</strong></span> <span class='ocrx_word' id='word_1_539' title='bbox 2880 2571 2986 2626; x_wconf 91' lang='lat' dir='ltr'><strong>hac</strong></span> <span class='ocrx_word' id='word_1_540' title='bbox 3011 2570 3128 2624; x_wconf 89' lang='lat' dir='ltr'><strong>sine</strong></span> <span class='ocrx_word' id='word_1_541' title='bbox 3156 2568 3338 2623; x_wconf 90' lang='lat' dir='ltr'><strong>nullus</strong></span> <span class='ocrx_word' id='word_1_542' title='bbox 3366 2565 3527 2622; x_wconf 91' lang='lat' dir='ltr'><strong>homo</strong></span> <span class='ocrx_word' id='word_1_543' title='bbox 3551 2583 3562 2617; x_wconf 93' lang='lat'>:</span> 
     </span>
    </p>
   </div>
   <div class='ocr_carea' id='block_1_84' title="bbox 2200 2658 3654 2743">
    <p class='ocr_par' dir='ltr' id='par_1_84' title="bbox 2200 2658 3654 2743">
     <span class='ocr_line' id='line_1_84' title="bbox 2200 2658 3654 2743; baseline -0.012 -16"><span class='ocrx_word' id='word_1_544' title='bbox 2200 2670 2261 2728; x_wconf 82' lang='lat' dir='ltr'><strong>In</strong></span> <span class='ocrx_word' id='word_1_545' title='bbox 2287 2671 2564 2743; x_wconf 89' lang='lat' dir='ltr'><strong>geminum</strong></span> <span class='ocrx_word' id='word_1_546' title='bbox 2588 2667 2860 2738; x_wconf 90' lang='lat' dir='ltr'><strong>duplicata</strong></span> <span class='ocrx_word' id='word_1_547' title='bbox 2890 2676 3074 2719; x_wconf 89' lang='lat' dir='ltr'><strong>tamen</strong></span> <span class='ocrx_word' id='word_1_548' title='bbox 3097 2661 3374 2732; x_wconf 88' lang='lat' dir='ltr'><strong>consurgit</strong></span> <span class='ocrx_word' id='word_1_549' title='bbox 3393 2658 3654 2743; x_wconf 86' lang='lat' dir='ltr'><strong>hiulcum,</strong></span> 
     </span>
    </p>
   </div>
   <div class='ocr_carea' id='block_1_85' title="bbox 2272 2740 3524 2832">
    <p class='ocr_par' dir='ltr' id='par_1_85' title="bbox 2272 2740 3524 2832">
     <span class='ocr_line' id='line_1_85' title="bbox 2272 2740 3524 2832; baseline -0.011 -14"><span class='ocrx_word' id='word_1_550' title='bbox 2272 2740 2452 2832; x_wconf 81' lang='lat' dir='ltr'><strong>Atque</strong></span> <span class='ocrx_word' id='word_1_551' title='bbox 2479 2760 2663 2829; x_wconf 88' lang='lat' dir='ltr'><strong>biceps</strong></span> <span class='ocrx_word' id='word_1_552' title='bbox 2693 2759 2897 2812; x_wconf 88' lang='lat' dir='ltr'><strong>formas</strong></span> <span class='ocrx_word' id='word_1_553' title='bbox 2921 2769 3009 2810; x_wconf 89' lang='lat' dir='ltr'><strong>res</strong></span> <span class='ocrx_word' id='word_1_554' title='bbox 3035 2755 3201 2810; x_wconf 88' lang='lat' dir='ltr'><strong>habet</strong></span> <span class='ocrx_word' id='word_1_555' title='bbox 3236 2768 3344 2808; x_wconf 89' lang='lat' dir='ltr'><strong>una</strong></span> <span class='ocrx_word' id='word_1_556' title='bbox 3368 2740 3524 2806; x_wconf 82' lang='lat' dir='ltr'><strong>duas.</strong></span> 
     </span>
    </p>
   </div>
   <div class='ocr_carea' id='block_1_86' title="bbox 2202 2843 3672 2920">
    <p class='ocr_par' dir='ltr' id='par_1_86' title="bbox 2202 2843 3672 2920">
     <span class='ocr_line' id='line_1_86' title="bbox 2202 2843 3672 2920; baseline -0.01 -10"><span class='ocrx_word' id='word_1_557' title='bbox 2202 2852 2386 2910; x_wconf 88' lang='lat' dir='ltr'><strong>Prima</strong></span> <span class='ocrx_word' id='word_1_558' title='bbox 2411 2857 2593 2906; x_wconf 90' lang='lat' dir='ltr'><strong>manet</strong></span> <span class='ocrx_word' id='word_1_559' title='bbox 2620 2850 2912 2920; x_wconf 90' lang='lat' dir='ltr'><strong>probrosus</strong></span> <span class='ocrx_word' id='word_1_560' title='bbox 2950 2856 3139 2918; x_wconf 91' lang='lat' dir='ltr'><strong>aperta</strong></span> <span class='ocrx_word' id='word_1_561' title='bbox 3162 2847 3416 2918; x_wconf 89' lang='lat' dir='ltr'><strong>superbia</strong></span> <span class='ocrx_word' id='word_1_562' title='bbox 3435 2843 3672 2907; x_wconf 92' lang='lat' dir='ltr'><strong>morbus,</strong></span> 
     </span>
    </p>
   </div>
   <div class='ocr_carea' id='block_1_87' title="bbox 2273 2940 3331 2999">
    <p class='ocr_par' dir='ltr' id='par_1_87' title="bbox 2273 2940 3331 2999">
     <span class='ocr_line' id='line_1_87' title="bbox 2273 2940 3331 2999; baseline -0.007 0"><span class='ocrx_word' id='word_1_563' title='bbox 2273 2944 2456 2999; x_wconf 86' lang='lat' dir='ltr'><strong>Altera</strong></span> <span class='ocrx_word' id='word_1_564' title='bbox 2477 2951 2714 2998; x_wconf 61' lang='lat' dir='ltr'><strong>ventosae</strong></span> <span class='ocrx_word' id='word_1_565' title='bbox 2743 2941 2918 2996; x_wconf 88' lang='lat' dir='ltr'><strong>laudis</strong></span> <span class='ocrx_word' id='word_1_566' title='bbox 2944 2941 3105 2994; x_wconf 88' lang='lat' dir='ltr'><strong>inane</strong></span> <span class='ocrx_word' id='word_1_567' title='bbox 3135 2940 3331 2995; x_wconf 90' lang='lat' dir='ltr'><strong>scelus.</strong></span> 
     </span>
    </p>
   </div>
   <div class='ocr_carea' id='block_1_88' title="bbox 2205 3031 3435 3104">
    <p class='ocr_par' dir='ltr' id='par_1_88' title="bbox 2205 3031 3435 3104">
     <span class='ocr_line' id='line_1_88' title="bbox 2205 3031 3435 3104; baseline -0.008 -11"><span class='ocrx_word' id='word_1_568' title='bbox 2205 3035 2315 3094; x_wconf 88' lang='lat' dir='ltr'><strong>Seu</strong></span> <span class='ocrx_word' id='word_1_569' title='bbox 2344 3051 2498 3092; x_wconf 90' lang='lat' dir='ltr'><strong>soror</strong></span> <span class='ocrx_word' id='word_1_570' title='bbox 2528 3044 2611 3092; x_wconf 91' lang='lat' dir='ltr'><strong>est</strong></span> <span class='ocrx_word' id='word_1_571' title='bbox 2635 3035 2770 3104; x_wconf 91' lang='lat' dir='ltr'><strong>ejus,</strong></span> <span class='ocrx_word' id='word_1_572' title='bbox 2799 3050 2894 3090; x_wconf 91' lang='lat' dir='ltr'><strong>seu</strong></span> <span class='ocrx_word' id='word_1_573' title='bbox 2926 3032 3125 3103; x_wconf 89' lang='lat' dir='ltr'><strong>neptis,</strong></span> <span class='ocrx_word' id='word_1_574' title='bbox 3162 3031 3271 3085; x_wconf 80' lang='lat' dir='ltr'><strong>filia</strong></span> <span class='ocrx_word' id='word_1_575' title='bbox 3299 3031 3435 3098; x_wconf 87' lang='lat' dir='ltr'><strong>sive,</strong></span> 
     </span>
    </p>
   </div>
   <div class='ocr_carea' id='block_1_89' title="bbox 2277 3123 3417 3187">
    <p class='ocr_par' dir='ltr' id='par_1_89' title="bbox 2277 3123 3417 3187">
     <span class='ocr_line' id='line_1_89' title="bbox 2277 3123 3417 3187; baseline -0.007 -3"><span class='ocrx_word' id='word_1_576' title='bbox 2277 3129 2426 3185; x_wconf 81' lang='lat' dir='ltr'><strong>Trux</strong></span> <span class='ocrx_word' id='word_1_577' title='bbox 2454 3136 2648 3183; x_wconf 88' lang='lat' dir='ltr'><strong>natura</strong></span> <span class='ocrx_word' id='word_1_578' title='bbox 2682 3136 2864 3182; x_wconf 89' lang='lat' dir='ltr'><strong>tamen</strong></span> <span class='ocrx_word' id='word_1_579' title='bbox 2890 3141 2997 3180; x_wconf 91' lang='lat' dir='ltr'><strong>una</strong></span> <span class='ocrx_word' id='word_1_580' title='bbox 3027 3124 3233 3179; x_wconf 90' lang='lat' dir='ltr'><strong>duabus</strong></span> <span class='ocrx_word' id='word_1_581' title='bbox 3255 3123 3417 3187; x_wconf 88' lang='lat' dir='ltr'><strong>inest,</strong></span> 
     </span>
    </p>
   </div>
   <div class='ocr_carea' id='block_1_90' title="bbox 2128 3211 3571 3289">
    <p class='ocr_par' dir='ltr' id='par_1_90' title="bbox 2128 3211 3571 3289">
     <span class='ocr_line' id='line_1_90' title="bbox 2128 3211 3571 3289; baseline -0.011 -9"><span class='ocrx_word' id='word_1_582' title='bbox 2128 3216 2174 3280; x_wconf 85' lang='lat' dir='ltr'><strong>C</strong></span> <span class='ocrx_word' id='word_1_583' title='bbox 2205 3220 2390 3278; x_wconf 87' lang='lat' dir='ltr'><strong>Gloria</strong></span> <span class='ocrx_word' id='word_1_584' title='bbox 2418 3235 2558 3274; x_wconf 90' lang='lat' dir='ltr'><strong>vana</strong></span> <span class='ocrx_word' id='word_1_585' title='bbox 2584 3219 2678 3275; x_wconf 89' lang='lat' dir='ltr'><strong>tibi</strong></span> <span class='ocrx_word' id='word_1_586' title='bbox 2717 3216 3054 3289; x_wconf 83' lang='lat' dir='ltr'><strong>quadruplex</strong></span> <span class='ocrx_word' id='word_1_587' title='bbox 3077 3214 3343 3283; x_wconf 87' lang='lat' dir='ltr'><strong>jactantia</strong></span> <span class='ocrx_word' id='word_1_588' title='bbox 3372 3211 3571 3284; x_wconf 88' lang='lat' dir='ltr'><strong>gliscit,</strong></span> 
     </span>
    </p>
   </div>
   <div class='ocr_carea' id='block_1_91' title="bbox 2274 3305 3448 3381">
    <p class='ocr_par' dir='ltr' id='par_1_91' title="bbox 2274 3305 3448 3381">
     <span class='ocr_line' id='line_1_91' title="bbox 2274 3305 3448 3381; baseline -0.007 -14"><span class='ocrx_word' id='word_1_589' title='bbox 2274 3312 2521 3381; x_wconf 90' lang='lat' dir='ltr'><strong>Quatuor</strong></span> <span class='ocrx_word' id='word_1_590' title='bbox 2546 3318 2602 3364; x_wconf 89' lang='lat' dir='ltr'><strong>et</strong></span> <span class='ocrx_word' id='word_1_591' title='bbox 2624 3310 2800 3381; x_wconf 85' lang='lat' dir='ltr'><strong>plagis</strong></span> <span class='ocrx_word' id='word_1_592' title='bbox 2828 3308 3069 3378; x_wconf 89' lang='lat' dir='ltr'><strong>percutis</strong></span> <span class='ocrx_word' id='word_1_593' title='bbox 3099 3315 3217 3360; x_wconf 88' lang='lat' dir='ltr'><strong>atra</strong></span> <span class='ocrx_word' id='word_1_594' title='bbox 3244 3305 3448 3376; x_wconf 81' lang='lat' dir='ltr'><strong>plagas.</strong></span> 
     </span>
    </p>
   </div>
   <div class='ocr_carea' id='block_1_92' title="bbox 2205 3393 3651 3474">
    <p class='ocr_par' dir='ltr' id='par_1_92' title="bbox 2205 3393 3651 3474">
     <span class='ocr_line' id='line_1_92' title="bbox 2205 3393 3651 3474; baseline -0.01 -14"><span class='ocrx_word' id='word_1_595' title='bbox 2205 3403 2345 3460; x_wconf 86' lang='lat' dir='ltr'><strong>Sunt</strong></span> <span class='ocrx_word' id='word_1_596' title='bbox 2369 3402 2566 3474; x_wconf 90' lang='lat' dir='ltr'><strong>quibus</strong></span> <span class='ocrx_word' id='word_1_597' title='bbox 2591 3410 2676 3456; x_wconf 91' lang='lat' dir='ltr'><strong>est</strong></span> <span class='ocrx_word' id='word_1_598' title='bbox 2718 3401 2941 3464; x_wconf 87' lang='lat' dir='ltr'><strong>donum,</strong></span> <span class='ocrx_word' id='word_1_599' title='bbox 2981 3396 3078 3452; x_wconf 91' lang='lat' dir='ltr'><strong>sed</strong></span> <span class='ocrx_word' id='word_1_600' title='bbox 3104 3396 3253 3452; x_wconf 87' lang='lat' dir='ltr'><strong>danti</strong></span> <span class='ocrx_word' id='word_1_601' title='bbox 3283 3394 3466 3450; x_wconf 86' lang='lat' dir='ltr'><strong>nescia</strong></span> <span class='ocrx_word' id='word_1_602' title='bbox 3497 3393 3651 3448; x_wconf 85' lang='lat' dir='ltr'><strong>turba</strong></span> 
     </span>
    </p>
   </div>
   <div class='ocr_carea' id='block_1_93' title="bbox 2275 3486 3700 3563">
    <p class='ocr_par' dir='ltr' id='par_1_93' title="bbox 2275 3486 3700 3563">
     <span class='ocr_line' id='line_1_93' title="bbox 2275 3486 3700 3563; baseline -0.008 -14"><span class='ocrx_word' id='word_1_603' title='bbox 2275 3493 2589 3549; x_wconf 86' lang='lat' dir='ltr'><strong>Detrectant</strong></span> <span class='ocrx_word' id='word_1_604' title='bbox 2616 3498 2797 3563; x_wconf 87' lang='lat' dir='ltr'><strong>grates</strong></span> <span class='ocrx_word' id='word_1_605' title='bbox 2827 3489 3052 3544; x_wconf 91' lang='lat' dir='ltr'><strong>reddere</strong></span> <span class='ocrx_word' id='word_1_606' title='bbox 3084 3488 3187 3542; x_wconf 90' lang='lat' dir='ltr'><strong>rite</strong></span> <span class='ocrx_word' id='word_1_607' title='bbox 3211 3486 3345 3542; x_wconf 90' lang='lat' dir='ltr'><strong>Deo.</strong></span> <span class='ocrx_word' id='word_1_608' title='bbox 3697 3496 3700 3497; x_wconf 70' lang='lat'><strong><em>&#39;</em></strong></span> 
     </span>
    </p>
   </div>
   <div class='ocr_carea' id='block_1_94' title="bbox 2205 3576 3664 3656">
    <p class='ocr_par' dir='ltr' id='par_1_94' title="bbox 2205 3576 3664 3656">
     <span class='ocr_line' id='line_1_94' title="bbox 2205 3576 3664 3656; baseline -0.009 -13"><span class='ocrx_word' id='word_1_609' title='bbox 2205 3586 2274 3643; x_wconf 88' lang='lat' dir='ltr'><strong>Et</strong></span> <span class='ocrx_word' id='word_1_610' title='bbox 2296 3591 2423 3642; x_wconf 89' lang='lat' dir='ltr'><strong>sunt</strong></span> <span class='ocrx_word' id='word_1_611' title='bbox 2449 3585 2543 3656; x_wconf 89' lang='lat' dir='ltr'><strong>qui</strong></span> <span class='ocrx_word' id='word_1_612' title='bbox 2577 3584 2795 3639; x_wconf 90' lang='lat' dir='ltr'><strong>sibimet</strong></span> <span class='ocrx_word' id='word_1_613' title='bbox 2821 3581 3141 3636; x_wconf 92' lang='lat' dir='ltr'><strong>meritorum</strong></span> <span class='ocrx_word' id='word_1_614' title='bbox 3166 3578 3404 3645; x_wconf 85' lang='lat' dir='ltr'><strong>insignia</strong></span> <span class='ocrx_word' id='word_1_615' title='bbox 3436 3576 3664 3649; x_wconf 83' lang='lat' dir='ltr'><strong>ﬁngunt,</strong></span> 
     </span>
    </p>
   </div>
   <div class='ocr_carea' id='block_1_95' title="bbox 2274 3671 3460 3749">
    <p class='ocr_par' dir='ltr' id='par_1_95' title="bbox 2274 3671 3460 3749">
     <span class='ocr_line' id='line_1_95' title="bbox 2274 3671 3460 3749; baseline -0.007 -17"><span class='ocrx_word' id='word_1_616' title='bbox 2274 3676 2456 3749; x_wconf 88' lang='lat' dir='ltr'><strong>Atque</strong></span> <span class='ocrx_word' id='word_1_617' title='bbox 2480 3675 2589 3732; x_wconf 92' lang='lat' dir='ltr'><strong>illis</strong></span> <span class='ocrx_word' id='word_1_618' title='bbox 2619 3675 2864 3730; x_wconf 89' lang='lat' dir='ltr'><strong>tribuunt</strong></span> <span class='ocrx_word' id='word_1_619' title='bbox 2891 3688 3000 3730; x_wconf 92' lang='lat' dir='ltr'><strong>non</strong></span> <span class='ocrx_word' id='word_1_620' title='bbox 3030 3687 3130 3728; x_wconf 91' lang='lat' dir='ltr'><strong>sua</strong></span> <span class='ocrx_word' id='word_1_621' title='bbox 3153 3671 3296 3728; x_wconf 90' lang='lat' dir='ltr'><strong>dona</strong></span> <span class='ocrx_word' id='word_1_622' title='bbox 3330 3671 3460 3726; x_wconf 93' lang='lat' dir='ltr'><strong>Deo.</strong></span> 
     </span>
    </p>
   </div>
   <div class='ocr_carea' id='block_1_96' title="bbox 2205 3782 3714 3852">
    <p class='ocr_par' dir='ltr' id='par_1_96' title="bbox 2205 3782 3714 3852">
     <span class='ocr_line' id='line_1_96' title="bbox 2205 3782 3714 3852; baseline -0.009 -4"><span class='ocrx_word' id='word_1_623' title='bbox 2205 3791 2307 3848; x_wconf 88' lang='lat' dir='ltr'><strong>Ast</strong></span> <span class='ocrx_word' id='word_1_624' title='bbox 2331 3791 2424 3846; x_wconf 91' lang='lat' dir='ltr'><strong>alii</strong></span> <span class='ocrx_word' id='word_1_625' title='bbox 2455 3791 2656 3846; x_wconf 90' lang='lat' dir='ltr'><strong>donum</strong></span> <span class='ocrx_word' id='word_1_626' title='bbox 2681 3805 2784 3845; x_wconf 90' lang='lat' dir='ltr'><strong>nec</strong></span> <span class='ocrx_word' id='word_1_627' title='bbox 2812 3788 3040 3852; x_wconf 89' lang='lat' dir='ltr'><strong>habent,</strong></span> <span class='ocrx_word' id='word_1_628' title='bbox 3077 3801 3180 3840; x_wconf 89' lang='lat' dir='ltr'><strong>nec</strong></span> <span class='ocrx_word' id='word_1_629' title='bbox 3214 3785 3418 3840; x_wconf 82' lang='lat' dir='ltr'><strong>habere</strong></span> <span class='ocrx_word' id='word_1_630' title='bbox 3443 3782 3714 3846; x_wconf 86' lang='lat' dir='ltr'><strong>valebunt,</strong></span> 
     </span>
    </p>
   </div>
   <div class='ocr_carea' id='block_1_97' title="bbox 2278 3879 3446 3947">
    <p class='ocr_par' dir='ltr' id='par_1_97' title="bbox 2278 3879 3446 3947">
     <span class='ocr_line' id='line_1_97' title="bbox 2278 3879 3446 3947; baseline -0.007 -9"><span class='ocrx_word' id='word_1_631' title='bbox 2278 3883 2387 3938; x_wconf 92' lang='lat' dir='ltr'><strong>Sed</strong></span> <span class='ocrx_word' id='word_1_632' title='bbox 2417 3882 2625 3938; x_wconf 86' lang='lat' dir='ltr'><strong>tumido</strong></span> <span class='ocrx_word' id='word_1_633' title='bbox 2656 3896 2776 3937; x_wconf 90' lang='lat' dir='ltr'><strong>sese</strong></span> <span class='ocrx_word' id='word_1_634' title='bbox 2802 3880 2968 3936; x_wconf 90' lang='lat' dir='ltr'><strong>corde</strong></span> <span class='ocrx_word' id='word_1_635' title='bbox 3005 3879 3206 3933; x_wconf 87' lang='lat' dir='ltr'><strong>habere</strong></span> <span class='ocrx_word' id='word_1_636' title='bbox 3235 3885 3446 3947; x_wconf 91' lang='lat' dir='ltr'><strong>putant.</strong></span> 
     </span>
    </p>
   </div>
   <div class='ocr_carea' id='block_1_98' title="bbox 2205 3965 3688 4042">
    <p class='ocr_par' dir='ltr' id='par_1_98' title="bbox 2205 3965 3688 4042">
     <span class='ocr_line' id='line_1_98' title="bbox 2205 3965 3688 4042; baseline -0.007 -11"><span class='ocrx_word' id='word_1_637' title='bbox 2205 3973 2366 4031; x_wconf 84' lang='lat' dir='ltr'><strong>Nulla</strong></span> <span class='ocrx_word' id='word_1_638' title='bbox 2398 3989 2523 4030; x_wconf 88' lang='lat' dir='ltr'><strong>reor</strong></span> <span class='ocrx_word' id='word_1_639' title='bbox 2550 3973 2758 4030; x_wconf 90' lang='lat' dir='ltr'><strong>homini</strong></span> <span class='ocrx_word' id='word_1_640' title='bbox 2786 3981 2870 4028; x_wconf 88' lang='lat' dir='ltr'><strong>est</strong></span> <span class='ocrx_word' id='word_1_641' title='bbox 2897 3972 3070 4042; x_wconf 87' lang='lat' dir='ltr'><strong>major</strong></span> <span class='ocrx_word' id='word_1_642' title='bbox 3091 3969 3376 4040; x_wconf 90' lang='lat' dir='ltr'><strong>jactantia,</strong></span> <span class='ocrx_word' id='word_1_643' title='bbox 3409 3984 3572 4038; x_wconf 88' lang='lat' dir='ltr'><strong>quam</strong></span> <span class='ocrx_word' id='word_1_644' title='bbox 3597 3965 3688 4038; x_wconf 90' lang='lat' dir='ltr'><strong>qui</strong></span> 
     </span>
    </p>
   </div>
   <div class='ocr_carea' id='block_1_99' title="bbox 2280 4065 3474 4138">
    <p class='ocr_par' dir='ltr' id='par_1_99' title="bbox 2280 4065 3474 4138">
     <span class='ocr_line' id='line_1_99' title="bbox 2280 4065 3474 4138; baseline -0.008 -13"><span class='ocrx_word' id='word_1_645' title='bbox 2280 4069 2352 4125; x_wconf 91' lang='lat' dir='ltr'><strong>Sc</strong></span> <span class='ocrx_word' id='word_1_646' title='bbox 2379 4067 2553 4124; x_wconf 92' lang='lat' dir='ltr'><strong>solum</strong></span> <span class='ocrx_word' id='word_1_647' title='bbox 2581 4067 2839 4138; x_wconf 89' lang='lat' dir='ltr'><strong>quiddam</strong></span> <span class='ocrx_word' id='word_1_648' title='bbox 2860 4079 3018 4137; x_wconf 88' lang='lat' dir='ltr'><strong>posse</strong></span> <span class='ocrx_word' id='word_1_649' title='bbox 3039 4065 3124 4120; x_wconf 85' lang='lat' dir='ltr'><strong>vel</strong></span> <span class='ocrx_word' id='word_1_650' title='bbox 3151 4080 3272 4120; x_wconf 89' lang='lat' dir='ltr'><strong>esse</strong></span> <span class='ocrx_word' id='word_1_651' title='bbox 3299 4070 3474 4134; x_wconf 90' lang='lat' dir='ltr'><strong>putat.</strong></span> 
     </span>
    </p>
   </div>
   <div class='ocr_carea' id='block_1_100' title="bbox 2207 4157 3596 4234">
    <p class='ocr_par' dir='ltr' id='par_1_100' title="bbox 2207 4157 3596 4234">
     <span class='ocr_line' id='line_1_100' title="bbox 2207 4157 3596 4234; baseline -0.009 -15"><span class='ocrx_word' id='word_1_652' title='bbox 2207 4163 2445 4234; x_wconf 80' lang='lat' dir='ltr'><strong>Angelus</strong></span> <span class='ocrx_word' id='word_1_653' title='bbox 2469 4160 2593 4216; x_wconf 92' lang='lat' dir='ltr'><strong>inde</strong></span> <span class='ocrx_word' id='word_1_654' title='bbox 2619 4161 2746 4225; x_wconf 90' lang='lat' dir='ltr'><strong>ruit,</strong></span> <span class='ocrx_word' id='word_1_655' title='bbox 2773 4159 3030 4230; x_wconf 87' lang='lat' dir='ltr'><strong>quoniam</strong></span> <span class='ocrx_word' id='word_1_656' title='bbox 3055 4173 3114 4213; x_wconf 91' lang='lat' dir='ltr'><strong>se</strong></span> <span class='ocrx_word' id='word_1_657' title='bbox 3138 4157 3304 4212; x_wconf 89' lang='lat' dir='ltr'><strong>solius</strong></span> <span class='ocrx_word' id='word_1_658' title='bbox 3328 4168 3498 4209; x_wconf 90' lang='lat' dir='ltr'><strong>unum</strong></span> <span class='ocrx_word' id='word_1_659' title='bbox 3589 4227 3596 4231; x_wconf 87' lang='lat'><strong><em>_</em></strong></span> 
     </span>
    </p>
   </div>
   <div class='ocr_carea' id='block_1_101' title="bbox 2278 4247 3367 4323">
    <p class='ocr_par' dir='ltr' id='par_1_101' title="bbox 2278 4247 3367 4323">
     <span class='ocr_line' id='line_1_101' title="bbox 2278 4247 3367 4323; baseline -0.008 -14"><span class='ocrx_word' id='word_1_660' title='bbox 2278 4252 2412 4309; x_wconf 86' lang='lat' dir='ltr'><strong>Esse</strong></span> <span class='ocrx_word' id='word_1_661' title='bbox 2431 4251 2719 4323; x_wconf 88' lang='lat' dir='ltr'><strong>potestatis</strong></span> <span class='ocrx_word' id='word_1_662' title='bbox 2757 4258 2841 4305; x_wconf 92' lang='lat' dir='ltr'><strong>est</strong></span> <span class='ocrx_word' id='word_1_663' title='bbox 2873 4256 3023 4304; x_wconf 91' lang='lat' dir='ltr'><strong>ratus</strong></span> <span class='ocrx_word' id='word_1_664' title='bbox 3050 4257 3106 4302; x_wconf 90' lang='lat' dir='ltr'><strong>et</strong></span> <span class='ocrx_word' id='word_1_665' title='bbox 3129 4247 3367 4319; x_wconf 89' lang='lat' dir='ltr'><strong>jubaris,</strong></span> 
     </span>
    </p>
   </div>
   <div class='ocr_carea' id='block_1_102' title="bbox 2210 4337 3702 4417">
    <p class='ocr_par' dir='ltr' id='par_1_102' title="bbox 2210 4337 3702 4417">
     <span class='ocr_line' id='line_1_102' title="bbox 2210 4337 3702 4417; baseline -0.011 -12"><span class='ocrx_word' id='word_1_666' title='bbox 2210 4347 2422 4417; x_wconf 89' lang='lat' dir='ltr'><strong>Proque</strong></span> <span class='ocrx_word' id='word_1_667' title='bbox 2447 4345 2573 4416; x_wconf 91' lang='lat' dir='ltr'><strong>polo</strong></span> <span class='ocrx_word' id='word_1_668' title='bbox 2605 4344 2740 4402; x_wconf 89' lang='lat' dir='ltr'><strong>sudo</strong></span> <span class='ocrx_word' id='word_1_669' title='bbox 2773 4351 2970 4397; x_wconf 90' lang='lat' dir='ltr'><strong>tetrum</strong></span> <span class='ocrx_word' id='word_1_670' title='bbox 3001 4349 3086 4396; x_wconf 90' lang='lat' dir='ltr'><strong>est</strong></span> <span class='ocrx_word' id='word_1_671' title='bbox 3110 4345 3384 4394; x_wconf 89' lang='lat' dir='ltr'><strong>mercatus</strong></span> <span class='ocrx_word' id='word_1_672' title='bbox 3408 4337 3702 4401; x_wconf 84' lang='lat' dir='ltr'><strong>Avernum,</strong></span> 
     </span>
    </p>
   </div>
   <div class='ocr_carea' id='block_1_103' title="bbox 2279 4429 3559 4506">
    <p class='ocr_par' dir='ltr' id='par_1_103' title="bbox 2279 4429 3559 4506">
     <span class='ocr_line' id='line_1_103' title="bbox 2279 4429 3559 4506; baseline -0.01 -12"><span class='ocrx_word' id='word_1_673' title='bbox 2279 4438 2448 4494; x_wconf 84' lang='lat' dir='ltr'><strong>Exter</strong></span> <span class='ocrx_word' id='word_1_674' title='bbox 2472 4444 2530 4492; x_wconf 92' lang='lat' dir='ltr'><strong>et</strong></span> <span class='ocrx_word' id='word_1_675' title='bbox 2552 4434 2799 4506; x_wconf 88' lang='lat' dir='ltr'><strong>angelico</strong></span> <span class='ocrx_word' id='word_1_676' title='bbox 2826 4442 2911 4487; x_wconf 89' lang='lat' dir='ltr'><strong>est</strong></span> <span class='ocrx_word' id='word_1_677' title='bbox 2941 4431 3118 4487; x_wconf 90' lang='lat' dir='ltr'><strong>factus</strong></span> <span class='ocrx_word' id='word_1_678' title='bbox 3147 4431 3354 4486; x_wconf 89' lang='lat' dir='ltr'><strong>honore</strong></span> <span class='ocrx_word' id='word_1_679' title='bbox 3377 4429 3559 4483; x_wconf 90' lang='lat' dir='ltr'><strong>miser.</strong></span> 
     </span>
    </p>
   </div>
   <div class='ocr_carea' id='block_1_104' title="bbox 2213 4508 3546 4597">
    <p class='ocr_par' dir='ltr' id='par_1_104' title="bbox 2213 4508 3546 4597">
     <span class='ocr_line' id='line_1_104' title="bbox 2213 4508 3546 4597; baseline -0.01 -10"><span class='ocrx_word' id='word_1_680' title='bbox 2213 4508 2492 4587; x_wconf 77' lang='lat' dir='ltr'><strong>Scinditur</strong></span> <span class='ocrx_word' id='word_1_681' title='bbox 2516 4528 2570 4582; x_wconf 90' lang='lat' dir='ltr'><strong>in</strong></span> <span class='ocrx_word' id='word_1_682' title='bbox 2595 4534 2779 4597; x_wconf 88' lang='lat' dir='ltr'><strong>partes</strong></span> <span class='ocrx_word' id='word_1_683' title='bbox 2806 4523 2990 4579; x_wconf 83' lang='lat' dir='ltr'><strong>inﬂata</strong></span> <span class='ocrx_word' id='word_1_684' title='bbox 3022 4521 3276 4592; x_wconf 87' lang='lat' dir='ltr'><strong>superbia</strong></span> <span class='ocrx_word' id='word_1_685' title='bbox 3302 4529 3546 4586; x_wconf 90' lang='lat' dir='ltr'><strong>ternans,</strong></span> 
     </span>
    </p>
   </div>
   <div class='ocr_carea' id='block_1_105' title="bbox 2283 4615 3511 4690">
    <p class='ocr_par' dir='ltr' id='par_1_105' title="bbox 2283 4615 3511 4690">
     <span class='ocr_line' id='line_1_105' title="bbox 2283 4615 3511 4690; baseline -0.009 -14"><span class='ocrx_word' id='word_1_686' title='bbox 2283 4619 2482 4690; x_wconf 88' lang='lat' dir='ltr'><strong>Sicque</strong></span> <span class='ocrx_word' id='word_1_687' title='bbox 2513 4619 2715 4688; x_wconf 88' lang='lat' dir='ltr'><strong>triceps</strong></span> <span class='ocrx_word' id='word_1_688' title='bbox 2743 4616 2886 4672; x_wconf 81' lang='lat' dir='ltr'><strong>trino</strong></span> <span class='ocrx_word' id='word_1_689' title='bbox 2918 4615 3191 4670; x_wconf 86' lang='lat' dir='ltr'><strong>Cerberus</strong></span> <span class='ocrx_word' id='word_1_690' title='bbox 3218 4627 3314 4667; x_wconf 90' lang='lat' dir='ltr'><strong>ore</strong></span> <span class='ocrx_word' id='word_1_691' title='bbox 3343 4619 3511 4666; x_wconf 89' lang='lat' dir='ltr'><strong>vorat.</strong></span> 
     </span>
    </p>
   </div>
   <div class='ocr_carea' id='block_1_106' title="bbox 2212 4700 3756 4782">
    <p class='ocr_par' dir='ltr' id='par_1_106' title="bbox 2212 4700 3756 4782">
     <span class='ocr_line' id='line_1_106' title="bbox 2212 4700 3756 4782; baseline -0.01 -14"><span class='ocrx_word' id='word_1_692' title='bbox 2212 4713 2456 4782; x_wconf 89' lang='lat' dir='ltr'><strong>Denique</strong></span> <span class='ocrx_word' id='word_1_693' title='bbox 2486 4710 2660 4780; x_wconf 90' lang='lat' dir='ltr'><strong>prima</strong></span> <span class='ocrx_word' id='word_1_694' title='bbox 2686 4709 2740 4763; x_wconf 91' lang='lat' dir='ltr'><strong>in</strong></span> <span class='ocrx_word' id='word_1_695' title='bbox 2775 4707 2856 4762; x_wconf 89' lang='lat' dir='ltr'><strong>eis</strong></span> <span class='ocrx_word' id='word_1_696' title='bbox 2883 4705 3080 4776; x_wconf 88' lang='lat' dir='ltr'><strong>quibus</strong></span> <span class='ocrx_word' id='word_1_697' title='bbox 3106 4711 3192 4760; x_wconf 89' lang='lat' dir='ltr'><strong>est</strong></span> <span class='ocrx_word' id='word_1_698' title='bbox 3221 4701 3582 4774; x_wconf 84' lang='lat' dir='ltr'><strong>transgressio</strong></span> <span class='ocrx_word' id='word_1_699' title='bbox 3603 4700 3756 4772; x_wconf 85' lang='lat' dir='ltr'><strong>legis,</strong></span> 
     </span>
    </p>
   </div>
   <div class='ocr_carea' id='block_1_107' title="bbox 2284 4795 3647 4872">
    <p class='ocr_par' dir='ltr' id='par_1_107' title="bbox 2284 4795 3647 4872">
     <span class='ocr_line' id='line_1_107' title="bbox 2284 4795 3647 4872; baseline -0.01 -14"><span class='ocrx_word' id='word_1_700' title='bbox 2284 4804 2459 4872; x_wconf 90' lang='lat' dir='ltr'><strong>Quam</strong></span> <span class='ocrx_word' id='word_1_701' title='bbox 2488 4802 2616 4857; x_wconf 90' lang='lat' dir='ltr'><strong>dum</strong></span> <span class='ocrx_word' id='word_1_702' title='bbox 2643 4801 2765 4872; x_wconf 91' lang='lat' dir='ltr'><strong>quis</strong></span> <span class='ocrx_word' id='word_1_703' title='bbox 2790 4799 3000 4862; x_wconf 91' lang='lat' dir='ltr'><strong>temnit,</strong></span> <span class='ocrx_word' id='word_1_704' title='bbox 3035 4795 3157 4865; x_wconf 90' lang='lat' dir='ltr'><strong>jure</strong></span> <span class='ocrx_word' id='word_1_705' title='bbox 3189 4795 3453 4866; x_wconf 83' lang='lat' dir='ltr'><strong>superbus</strong></span> <span class='ocrx_word' id='word_1_706' title='bbox 3490 4795 3647 4849; x_wconf 89' lang='lat' dir='ltr'><strong>inest.</strong></span> 
     </span>
    </p>
   </div>
   <div class='ocr_carea' id='block_1_108' title="bbox 2214 4887 3487 4970">
    <p class='ocr_par' dir='ltr' id='par_1_108' title="bbox 2214 4887 3487 4970">
     <span class='ocr_line' id='line_1_108' title="bbox 2214 4887 3487 4970; baseline -0.011 -16"><span class='ocrx_word' id='word_1_707' title='bbox 2214 4898 2500 4970; x_wconf 89' lang='lat' dir='ltr'><strong>Linquitur</strong></span> <span class='ocrx_word' id='word_1_708' title='bbox 2526 4905 2582 4968; x_wconf 68' lang='lat' dir='ltr'><strong>et</strong></span> <span class='ocrx_word' id='word_1_709' title='bbox 2609 4896 2791 4960; x_wconf 90' lang='lat' dir='ltr'><strong>toties,</strong></span> <span class='ocrx_word' id='word_1_710' title='bbox 2823 4892 3036 4965; x_wconf 90' lang='lat' dir='ltr'><strong>quoties</strong></span> <span class='ocrx_word' id='word_1_711' title='bbox 3064 4889 3350 4946; x_wconf 86' lang='lat' dir='ltr'><strong>obsistitur</strong></span> <span class='ocrx_word' id='word_1_712' title='bbox 3386 4887 3487 4952; x_wconf 89' lang='lat' dir='ltr'><strong>illi,</strong></span> 
     </span>
    </p>
   </div>
   <div class='ocr_carea' id='block_1_109' title="bbox 2286 4977 3613 5059">
    <p class='ocr_par' dir='ltr' id='par_1_109' title="bbox 2286 4977 3613 5059">
     <span class='ocr_line' id='line_1_109' title="bbox 2286 4977 3613 5059; baseline -0.011 -14"><span class='ocrx_word' id='word_1_713' title='bbox 2286 4990 2438 5044; x_wconf 90' lang='lat' dir='ltr'><strong>Tunc</strong></span> <span class='ocrx_word' id='word_1_714' title='bbox 2465 4996 2654 5059; x_wconf 89' lang='lat' dir='ltr'><strong>peccat</strong></span> <span class='ocrx_word' id='word_1_715' title='bbox 2679 4988 2802 5057; x_wconf 92' lang='lat' dir='ltr'><strong>quis</strong></span> <span class='ocrx_word' id='word_1_716' title='bbox 2829 4977 2953 5040; x_wconf 87' lang='lat' dir='ltr'><strong>cum</strong></span> <span class='ocrx_word' id='word_1_717' title='bbox 2995 4982 3139 5053; x_wconf 91' lang='lat' dir='ltr'><strong>quod</strong></span> <span class='ocrx_word' id='word_1_718' title='bbox 3166 4989 3311 5036; x_wconf 89' lang='lat' dir='ltr'><strong>vetat</strong></span> <span class='ocrx_word' id='word_1_719' title='bbox 3337 4978 3431 5034; x_wconf 91' lang='lat' dir='ltr'><strong>illa</strong></span> <span class='ocrx_word' id='word_1_720' title='bbox 3467 4977 3613 5033; x_wconf 85' lang='lat' dir='ltr'><strong>facit.</strong></span> 
     </span>
    </p>
   </div>
   <div class='ocr_carea' id='block_1_110' title="bbox 2215 5073 3367 5148">
    <p class='ocr_par' dir='ltr' id='par_1_110' title="bbox 2215 5073 3367 5148">
     <span class='ocr_line' id='line_1_110' title="bbox 2215 5073 3367 5148; baseline -0.007 -11"><span class='ocrx_word' id='word_1_721' title='bbox 2215 5081 2424 5138; x_wconf 88' lang='lat' dir='ltr'><strong>Idcirco</strong></span> <span class='ocrx_word' id='word_1_722' title='bbox 2445 5081 2658 5136; x_wconf 88' lang='lat' dir='ltr'><strong>initium</strong></span> <span class='ocrx_word' id='word_1_723' title='bbox 2684 5078 2898 5148; x_wconf 80' lang='lat' dir='ltr'><strong>peccati</strong></span> <span class='ocrx_word' id='word_1_724' title='bbox 2924 5077 3010 5132; x_wconf 88' lang='lat' dir='ltr'><strong>lex</strong></span> <span class='ocrx_word' id='word_1_725' title='bbox 3033 5075 3180 5131; x_wconf 86' lang='lat' dir='ltr'><strong>canit</strong></span> <span class='ocrx_word' id='word_1_726' title='bbox 3201 5073 3367 5138; x_wconf 90' lang='lat' dir='ltr'><strong>illam,</strong></span> 
     </span>
    </p>
   </div>
   <div class='ocr_carea' id='block_1_111' title="bbox 2285 5163 3664 5242">
    <p class='ocr_par' dir='ltr' id='par_1_111' title="bbox 2285 5163 3664 5242">
     <span class='ocr_line' id='line_1_111' title="bbox 2285 5163 3664 5242; baseline -0.008 -16"><span class='ocrx_word' id='word_1_727' title='bbox 2285 5172 2555 5242; x_wconf 90' lang='lat' dir='ltr'><strong>Linquere</strong></span> <span class='ocrx_word' id='word_1_728' title='bbox 2573 5169 2727 5238; x_wconf 89' lang='lat' dir='ltr'><strong>jussa</strong></span> <span class='ocrx_word' id='word_1_729' title='bbox 2753 5169 2850 5225; x_wconf 92' lang='lat' dir='ltr'><strong>Dei</strong></span> <span class='ocrx_word' id='word_1_730' title='bbox 2871 5169 2974 5224; x_wconf 87' lang='lat' dir='ltr'><strong>hac</strong></span> <span class='ocrx_word' id='word_1_731' title='bbox 2997 5169 3140 5240; x_wconf 91' lang='lat' dir='ltr'><strong>quod</strong></span> <span class='ocrx_word' id='word_1_732' title='bbox 3170 5167 3291 5222; x_wconf 88' lang='lat' dir='ltr'><strong>sine</strong></span> <span class='ocrx_word' id='word_1_733' title='bbox 3323 5179 3482 5220; x_wconf 90' lang='lat' dir='ltr'><strong>nemo</strong></span> <span class='ocrx_word' id='word_1_734' title='bbox 3500 5163 3664 5217; x_wconf 83' lang='lat' dir='ltr'><strong>valet.</strong></span> 
     </span>
    </p>
   </div>
   <div class='ocr_carea' id='block_1_112' title="bbox 2218 5258 3687 5336">
    <p class='ocr_par' dir='ltr' id='par_1_112' title="bbox 2218 5258 3687 5336">
     <span class='ocr_line' id='line_1_112' title="bbox 2218 5258 3687 5336; baseline -0.009 -14"><span class='ocrx_word' id='word_1_735' title='bbox 2218 5266 2347 5335; x_wconf 88' lang='lat' dir='ltr'><strong>Quae</strong></span> <span class='ocrx_word' id='word_1_736' title='bbox 2368 5266 2521 5336; x_wconf 89' lang='lat' dir='ltr'><strong>jubet</strong></span> <span class='ocrx_word' id='word_1_737' title='bbox 2541 5280 2668 5335; x_wconf 88' lang='lat' dir='ltr'><strong>ergo</strong></span> <span class='ocrx_word' id='word_1_738' title='bbox 2696 5263 2847 5329; x_wconf 78' lang='lat' dir='ltr'><strong>fiant,</strong></span> <span class='ocrx_word' id='word_1_739' title='bbox 2868 5270 3016 5318; x_wconf 89' lang='lat' dir='ltr'><strong>vetat</strong></span> <span class='ocrx_word' id='word_1_740' title='bbox 3051 5269 3105 5316; x_wconf 87' lang='lat' dir='ltr'><strong>et</strong></span> <span class='ocrx_word' id='word_1_741' title='bbox 3135 5276 3255 5330; x_wconf 71' lang='lat' dir='ltr'><strong>qua:</strong></span> <span class='ocrx_word' id='word_1_742' title='bbox 3285 5258 3496 5314; x_wconf 87' lang='lat' dir='ltr'><strong>exotica</strong></span> <span class='ocrx_word' id='word_1_743' title='bbox 3529 5261 3687 5310; x_wconf 90' lang='lat' dir='ltr'><strong>sunto</strong></span> 
     </span>
    </p>
   </div>
   <div class='ocr_carea' id='block_1_113' title="bbox 2289 5347 3750 5428">
    <p class='ocr_par' dir='ltr' id='par_1_113' title="bbox 2289 5347 3750 5428">
     <span class='ocr_line' id='line_1_113' title="bbox 2289 5347 3750 5428; baseline -0.011 -13"><span class='ocrx_word' id='word_1_744' title='bbox 2289 5359 2400 5415; x_wconf 78' lang='lat' dir='ltr'><strong>Lex</strong></span> <span class='ocrx_word' id='word_1_745' title='bbox 2424 5359 2533 5428; x_wconf 88' lang='lat' dir='ltr'><strong>pia,</strong></span> <span class='ocrx_word' id='word_1_746' title='bbox 2560 5365 2686 5412; x_wconf 91' lang='lat' dir='ltr'><strong>tunc</strong></span> <span class='ocrx_word' id='word_1_747' title='bbox 2714 5357 2899 5427; x_wconf 90' lang='lat' dir='ltr'><strong>procul</strong></span> <span class='ocrx_word' id='word_1_748' title='bbox 2923 5362 3006 5410; x_wconf 91' lang='lat' dir='ltr'><strong>est</strong></span> <span class='ocrx_word' id='word_1_749' title='bbox 3029 5368 3190 5408; x_wconf 90' lang='lat' dir='ltr'><strong>omne</strong></span> <span class='ocrx_word' id='word_1_750' title='bbox 3212 5367 3348 5422; x_wconf 89' lang='lat' dir='ltr'><strong>opus</strong></span> <span class='ocrx_word' id='word_1_751' title='bbox 3374 5347 3750 5405; x_wconf 82' lang='lat' dir='ltr'><strong>honoriﬁcum.</strong></span> 
     </span>
    </p>
   </div>
   <div class='ocr_carea' id='block_1_114' title="bbox 2221 5447 3627 5507">
    <p class='ocr_par' dir='ltr' id='par_1_114' title="bbox 2221 5447 3627 5507">
     <span class='ocr_line' id='line_1_114' title="bbox 2221 5447 3627 5507; baseline -0.01 0"><span class='ocrx_word' id='word_1_752' title='bbox 2221 5452 2388 5507; x_wconf 90' lang='lat' dir='ltr'><strong>Porro</strong></span> <span class='ocrx_word' id='word_1_753' title='bbox 2414 5451 2505 5505; x_wconf 92' lang='lat' dir='ltr'><strong>alii</strong></span> <span class='ocrx_word' id='word_1_754' title='bbox 2526 5449 2779 5504; x_wconf 74' lang='lat' dir='ltr'><strong>alfectant</strong></span> <span class='ocrx_word' id='word_1_755' title='bbox 2809 5447 2986 5502; x_wconf 89' lang='lat' dir='ltr'><strong>socios</strong></span> <span class='ocrx_word' id='word_1_756' title='bbox 3009 5453 3358 5499; x_wconf 88' lang='lat' dir='ltr'><strong>contemnere</strong></span> <span class='ocrx_word' id='word_1_757' title='bbox 3381 5447 3627 5504; x_wconf 88' lang='lat' dir='ltr'><strong>cunctos,</strong></span> 
     </span>
    </p>
   </div>
   <div class='ocr_carea' id='block_1_115' title="bbox 2290 5535 3594 5614">
    <p class='ocr_par' dir='ltr' id='par_1_115' title="bbox 2290 5535 3594 5614">
     <span class='ocr_line' id='line_1_115' title="bbox 2290 5535 3594 5614; baseline -0.01 -16"><span class='ocrx_word' id='word_1_758' title='bbox 2290 5545 2356 5599; x_wconf 88' lang='lat' dir='ltr'><strong>Et</strong></span> <span class='ocrx_word' id='word_1_759' title='bbox 2382 5543 2534 5614; x_wconf 83' lang='lat' dir='ltr'><strong>quod</strong></span> <span class='ocrx_word' id='word_1_760' title='bbox 2552 5542 2776 5605; x_wconf 90' lang='lat' dir='ltr'><strong>habent,</strong></span> <span class='ocrx_word' id='word_1_761' title='bbox 2806 5539 2949 5594; x_wconf 92' lang='lat' dir='ltr'><strong>solos</strong></span> <span class='ocrx_word' id='word_1_762' title='bbox 2973 5545 3144 5592; x_wconf 89' lang='lat' dir='ltr'><strong>semet</strong></span> <span class='ocrx_word' id='word_1_763' title='bbox 3165 5535 3364 5590; x_wconf 90' lang='lat' dir='ltr'><strong>habere</strong></span> <span class='ocrx_word' id='word_1_764' title='bbox 3387 5538 3594 5604; x_wconf 90' lang='lat' dir='ltr'><strong>putant.</strong></span> 
     </span>
    </p>
   </div>
   <div class='ocr_carea' id='block_1_116' title="bbox 2220 5625 3620 5706">
    <p class='ocr_par' dir='ltr' id='par_1_116' title="bbox 2220 5625 3620 5706">
     <span class='ocr_line' id='line_1_116' title="bbox 2220 5625 3620 5706; baseline -0.013 -12"><span class='ocrx_word' id='word_1_765' title='bbox 2220 5637 2420 5706; x_wconf 88' lang='lat' dir='ltr'><strong>Estque</strong></span> <span class='ocrx_word' id='word_1_766' title='bbox 2447 5632 2679 5689; x_wconf 89' lang='lat' dir='ltr'><strong>secunda</strong></span> <span class='ocrx_word' id='word_1_767' title='bbox 2709 5632 2920 5695; x_wconf 87' lang='lat' dir='ltr'><strong>horum,</strong></span> <span class='ocrx_word' id='word_1_768' title='bbox 2953 5629 3100 5699; x_wconf 76' lang='lat' dir='ltr'><strong>legis</strong></span> <span class='ocrx_word' id='word_1_769' title='bbox 3117 5625 3360 5682; x_wconf 90' lang='lat' dir='ltr'><strong>custodia</strong></span> <span class='ocrx_word' id='word_1_770' title='bbox 3386 5636 3620 5693; x_wconf 91' lang='lat' dir='ltr'><strong>quorum</strong></span> 
     </span>
    </p>
   </div>
   <div class='ocr_carea' id='block_1_117' title="bbox 2291 5716 3402 5790">
    <p class='ocr_par' dir='ltr' id='par_1_117' title="bbox 2291 5716 3402 5790">
     <span class='ocr_line' id='line_1_117' title="bbox 2291 5716 3402 5790; baseline -0.011 -9"><span class='ocrx_word' id='word_1_771' title='bbox 2291 5724 2546 5781; x_wconf 88' lang='lat' dir='ltr'><strong>Protinus</strong></span> <span class='ocrx_word' id='word_1_772' title='bbox 2572 5720 2749 5777; x_wconf 84' lang='lat' dir='ltr'><strong>inﬂari</strong></span> <span class='ocrx_word' id='word_1_773' title='bbox 2779 5721 2940 5777; x_wconf 90' lang='lat' dir='ltr'><strong>corda</strong></span> <span class='ocrx_word' id='word_1_774' title='bbox 2981 5719 3214 5790; x_wconf 81' lang='lat' dir='ltr'><strong>superba</strong></span> <span class='ocrx_word' id='word_1_775' title='bbox 3249 5716 3402 5773; x_wconf 87' lang='lat' dir='ltr'><strong>facis.</strong></span> 
     </span>
    </p>
   </div>
   <div class='ocr_carea' id='block_1_118' title="bbox 2223 5803 3653 5878">
    <p class='ocr_par' dir='ltr' id='par_1_118' title="bbox 2223 5803 3653 5878">
     <span class='ocr_line' id='line_1_118' title="bbox 2223 5803 3653 5878; baseline -0.013 -3"><span class='ocrx_word' id='word_1_776' title='bbox 2223 5818 2376 5875; x_wconf 89' lang='lat' dir='ltr'><strong>Unde</strong></span> <span class='ocrx_word' id='word_1_777' title='bbox 2397 5815 2576 5872; x_wconf 90' lang='lat' dir='ltr'><strong>forent</strong></span> <span class='ocrx_word' id='word_1_778' title='bbox 2596 5814 2844 5878; x_wconf 87' lang='lat' dir='ltr'><strong>humiles,</strong></span> <span class='ocrx_word' id='word_1_779' title='bbox 2878 5820 3086 5870; x_wconf 89' lang='lat' dir='ltr'><strong>certant</strong></span> <span class='ocrx_word' id='word_1_780' title='bbox 3117 5812 3242 5867; x_wconf 89' lang='lat' dir='ltr'><strong>inde</strong></span> <span class='ocrx_word' id='word_1_781' title='bbox 3265 5823 3386 5865; x_wconf 90' lang='lat' dir='ltr'><strong>esse</strong></span> <span class='ocrx_word' id='word_1_782' title='bbox 3415 5803 3653 5877; x_wconf 81' lang='lat' dir='ltr'><strong>superbi,</strong></span> 
     </span>
    </p>
   </div>
   <div class='ocr_carea' id='block_1_119' title="bbox 3655 2128 3776 2138">
    <p class='ocr_par' dir='ltr' id='par_1_119' title="bbox 3655 2128 3776 2138">
     <span class='ocr_line' id='line_1_119' title="bbox 3655 2128 3776 2138; baseline 0 -2"><span class='ocrx_word' id='word_1_783' title='bbox 3655 2128 3776 2138; x_wconf 49' lang='lat'><strong>__,_—‘</strong></span> 
     </span>
    </p>
   </div>
   <div class='ocr_carea' id='block_1_120' title="bbox 3651 338 3776 394">
    <p class='ocr_par' dir='ltr' id='par_1_120' title="bbox 3651 338 3776 394">
     <span class='ocr_line' id='line_1_120' title="bbox 3651 338 3776 394; baseline 0.008 -1"><span class='ocrx_word' id='word_1_784' title='bbox 3651 338 3776 394; x_wconf 61' lang='lat'><strong>35‘)</strong></span> 
     </span>
    </p>
   </div>
   <div class='ocr_carea' id='block_1_121' title="bbox 2081 634 3772 708">
    <p class='ocr_par' dir='ltr' id='par_1_121' title="bbox 2081 634 3772 708">
     <span class='ocr_line' id='line_1_121' title="bbox 2081 634 3772 708; baseline -0.007 -6"><span class='ocrx_word' id='word_1_785' title='bbox 2081 692 2087 702; x_wconf 94' lang='lat'><strong>.</strong></span> <span class='ocrx_word' id='word_1_786' title='bbox 2173 647 2390 706; x_wconf 81' lang='lat' dir='ltr'><strong>Invidus</strong></span> <span class='ocrx_word' id='word_1_787' title='bbox 2410 653 2586 701; x_wconf 92' lang='lat' dir='ltr'><strong>armat</strong></span> <span class='ocrx_word' id='word_1_788' title='bbox 2609 644 2666 698; x_wconf 86' lang='lat' dir='ltr'><strong>in</strong></span> <span class='ocrx_word' id='word_1_789' title='bbox 2690 643 2833 697; x_wconf 92' lang='lat' dir='ltr'><strong>hunc</strong></span> <span class='ocrx_word' id='word_1_790' title='bbox 2864 655 2963 695; x_wconf 89' lang='lat' dir='ltr'><strong>sua</strong></span> <span class='ocrx_word' id='word_1_791' title='bbox 2993 637 3198 708; x_wconf 89' lang='lat' dir='ltr'><strong>spicula</strong></span> <span class='ocrx_word' id='word_1_792' title='bbox 3233 636 3536 692; x_wconf 90' lang='lat' dir='ltr'><strong>comminus</strong></span> <span class='ocrx_word' id='word_1_793' title='bbox 3566 634 3772 700; x_wconf 82' lang='lat' dir='ltr'><strong>hostis,</strong></span> 
     </span>
    </p>
   </div>
   <div class='ocr_carea' id='block_1_122' title="bbox 2185 1367 3781 1446">
    <p class='ocr_par' dir='ltr' id='par_1_122' title="bbox 2185 1367 3781 1446">
     <span class='ocr_line' id='line_1_122' title="bbox 2185 1367 3781 1446; baseline -0.004 -13"><span class='ocrx_word' id='word_1_794' title='bbox 2185 1375 2324 1433; x_wconf 79' lang='lat' dir='ltr'><strong>Hinc</strong></span> <span class='ocrx_word' id='word_1_795' title='bbox 2347 1384 2616 1432; x_wconf 90' lang='lat' dir='ltr'><strong>tormenta</strong></span> <span class='ocrx_word' id='word_1_796' title='bbox 2635 1381 2906 1446; x_wconf 91' lang='lat' dir='ltr'><strong>premunt,</strong></span> <span class='ocrx_word' id='word_1_797' title='bbox 2938 1373 3066 1429; x_wconf 89' lang='lat' dir='ltr'><strong>ferit</strong></span> <span class='ocrx_word' id='word_1_798' title='bbox 3087 1388 3148 1428; x_wconf 91' lang='lat' dir='ltr'><strong>os</strong></span> <span class='ocrx_word' id='word_1_799' title='bbox 3182 1373 3329 1427; x_wconf 88' lang='lat' dir='ltr'><strong>hunc</strong></span> <span class='ocrx_word' id='word_1_800' title='bbox 3352 1368 3597 1440; x_wconf 87' lang='lat' dir='ltr'><strong>conjugis</strong></span> <span class='ocrx_word' id='word_1_801' title='bbox 3627 1367 3781 1426; x_wconf 86' lang='lat' dir='ltr'><strong>illinc</strong></span> 
     </span>
    </p>
   </div>
   <div class='ocr_carea' id='block_1_123' title="bbox 3743 1743 3899 1760">
    <p class='ocr_par' dir='ltr' id='par_1_123' title="bbox 3743 1743 3899 1760">
     <span class='ocr_line' id='line_1_123' title="bbox 3743 1743 3899 1760; baseline 0 -6"><span class='ocrx_word' id='word_1_802' title='bbox 3743 1743 3899 1760; x_wconf 54' lang='lat' dir='ltr'><strong>———‘l‘</strong></span> 
     </span>
    </p>
   </div>
  </div>
