4046 6462
264 424 377 486 333

70 575 90 597 ο
112 563 154 606 ,Γ
334 543 754 609 Mercanturque
781 534 923 590 bono
954 541 1176 588 munere
1198 527 1400 600 grande
1423 538 1644 581 manum.

262 638 377 696 Iloc
403 633 682 693 Pbariseae
706 629 847 686 sacri
870 625 1005 682 facis
1030 625 1084 679 in
1104 621 1372 678 testudine
1393 617 1602 689 templi,

335 731 420 788 Me
445 729 720 790 miserum,
755 722 938 795 plures
958 720 1062 774 hoc
1083 717 1245 773 modo
1267 728 1491 786 prorsus
1515 715 1699 783 agunt.

265 823 339 882 Ut
365 836 498 894 gaza
519 827 635 874 tuta
660 821 841 872 manet
869 814 1026 882 docto
1055 808 1278 866 custode
1306 811 1536 876 reposta,

340 913 536 971 Servat
564 925 714 966 mens
740 905 957 964 humilis
978 904 1056 959 sic
1083 917 1217 975 opus
1237 913 1398 955 omne
1422 898 1644 952 bonum.

267 1010 454 1067 Tertia
481 1021 607 1078 pars
627 1006 841 1069 horum,
865 1001 1063 1072 quibus
1086 1006 1171 1054 est
1198 995 1404 1051 inﬂatio
1429 1007 1666 1057 morum,

339 1103 488 1172 Quos
513 1108 692 1154 tumor
717 1096 872 1152 elatae
900 1093 1099 1149 mentis
1121 1090 1188 1146 ad
1223 1089 1333 1144 alta
1365 1088 1527 1142 levat.
1549 1137 1552 1151 ,

228 1211 232 1215 ‘
271 1192 503 1250 Subdier
524 1189 748 1260 imperio
770 1187 862 1258 qui
883 1185 1238 1257 dedignantur
1267 1183 1514 1246 honesto,

343 1283 612 1355 Spernere
636 1278 901 1349 majorum
929 1287 985 1334 et
1009 1277 1153 1332 dicta
1185 1272 1272 1329 vel
1307 1279 1424 1327 acta
1451 1267 1688 1325 student.

272 1378 343 1435 Et
370 1377 497 1448 quia
520 1373 770 1444 discipuli
789 1367 1082 1442 probitatis
1107 1366 1286 1445 inesse
1314 1368 1600 1432 recusantq

343 1467 550 1522 Idcirco
578 1465 782 1520 erroris
815 1462 974 1517 turba
1001 1458 1262 1529 magistra
1290 1455 1448 1510 ﬂunt.

1579 404 1905 466 CABMINA.
1939 401 2069 460 LIB.
2108 402 2173 458 ν.

1869 522 1925 586 Α
1945 520 2014 578 Et
2036 518 2232 590 quibus
2257 516 2402 571 hunc
2425 510 2594 567 armis
2622 504 2886 564 scelerata
2910 505 3093 557 mente
3116 495 3350 566 subegit,

3405 370 3546 442 854,

2014 610 2111 668 His
2139 609 2241 672 sibi
2267 604 2578 680 progeniem
2605 599 2834 656 subdere
2855 599 3029 651 certat
3057 598 3233 645 atrox.
3382 621 3432 647 η,

1944 703 2042 762 Est
2094 702 2217 776 gula
2259 671 2494 769 namque
2547 707 2718 750 vorax
2737 731 2754 759 ,
2791 686 3034 759 sequitur
3083 683 3228 738 hanc
3280 671 3514 733 moechis

2425 835 2436 866 ς
3221 769 3448 845 [turpis

2015 889 2188 946 Fraus
2210 895 2266 944 et
2288 884 2551 948 avaritiae,
2578 895 2673 936 seu
2702 874 2880 934 scelus
2900 868 3172 932 invidiam.

1932 980 2192 1041 "Tristitia
2212 981 2337 1036 hinc
2367 977 2573 1050 segnis,
2603 972 2820 1027 furiosa:
2841 965 3062 1023 morbus
3089 968 3146 1030 et
3171 958 3285 1021 irze,

2016 1075 2244 1141 Duxque
2277 1046 2472 1125 harum
2495 1065 2583 1120 his
2602 1067 2845 1134 superest
2871 1056 2996 1111 inde
3024 1050 3255 1123 superba
3279 1046 3415 1101 lues.

1948 1165 2114 1222 Arma
2142 1138 2240 1218 sed
2265 1161 2384 1216 haec
2408 1157 2592 1230 posuit
2615 1154 2760 1209 Deus
2779 1151 2866 1206 his
2885 1144 3157 1204 contraria
3196 1138 3382 1203 larvis,

2020 1253 2225 1309 Harum
2253 1249 2558 1306 adnulletur
2588 1245 2710 1317 quis
2739 1242 3010 1312 sapienter
3031 1249 3187 1305 opus.

1953 1349 2048 1408 Sic
2072 1347 2290 1406 adhibet
2310 1345 2528 1416 sapiens
2547 1341 2787 1397 medicus
2809 1331 3086 1392 contraria
3110 1324 3315 1383 morbis

2023 1442 2187 1497 Arma
2209 1455 2240 1495 e
2266 1439 2500 1501 diverso,
2528 1434 2688 1490 detur
2713 1439 2774 1485 ut
2801 1428 2944 1482 alma
2976 1423 3142 1480 salus.

343 1509 549 1522 un...“
579 1509 781 1520 νυν.--
819 1509 974 1517 η---
1342 1509 1347 1510 ,

268 1562 552 1633 Nosseque
592 1573 714 1632 quae
757 1557 1010 1628 ignorant
1044 1556 1353 1622 nequeunt,
1388 1545 1512 1617 quia
1553 1557 1712 1615 posse
1752 1555 1854 1613 pu-
1953 1533 2173 1604 Frigida
2201 1542 2528 1599 componens
2561 1522 2752 1580 calidis
2781 1516 3063 1574 humentia
3092 1509 3272 1575 siccis,

2027 1623 2078 1633 --
2115 1622 2167 1633 η.
2396 1619 2410 1633 1
2484 1616 2496 1629 ο
2577 1611 2786 1633 ι-Αει.---
2810 1609 2954 1633 1.2-...
2989 1607 3151 1633 notam

1541 1637 1683 1710 [tant
1703 1650 1781 1691 se.

337 1742 440 1806 Sic
465 1747 604 1804 male
631 1743 938 1818 przecipites
968 1753 1123 1795 mens
1142 1751 1282 1808 vaga
1309 1733 1448 1788 fallit
1472 1746 1584 1787 eos.

270 1840 519 1912 Namque
544 1853 686 1894 unus
713 1834 924 1892 cunctis
954 1837 1134 1887 exstat
1156 1827 1347 1883 modus
1373 1824 1475 1880 iste
1500 1819 1770 1893 superbis,

352 1936 425 1993 Se
451 1933 615 2006 pretii
635 1939 698 1986 ut
719 1927 901 2000 magni
919 1937 1130 1994 semper
1159 1921 1336 1977 inesse
1355 1923 1560 1987 putent.

268 2027 554 2087 Fraternis
588 2036 862 2093 nunquam
889 2030 1167 2074 assensum
1195 2012 1434 2084 praebere
1459 2003 1709 2078 loquelis,

343 2118 606 2179 Omnibus
629 2124 684 2170 et
708 2113 818 2170 reri
847 2127 906 2167 se
933 2109 1160 2165 meliora
1186 2104 1333 2174 loqui

273 2210 536 2270 Sensibus
566 2204 904 2276 ingeniisque
931 2200 1042 2255 suis
1068 2213 1178 2252 non
1204 2195 1367 2249 ullius
1388 2191 1491 2257 uti,

347 2303 618 2373 Spernere
650 2294 862 2353 consilii
899 2307 994 2348 seu
1030 2287 1269 2345 melioris
1295 2299 1474 2356 Opem.

271 2393 541 2461 Falsaque
565 2387 713 2443 ferre
739 2385 852 2440 suis
887 2381 1109 2436 laudum
1130 2373 1404 2449 praeconia
1427 2370 1611 2437 rebus,

346 2483 636 2554 Despicere
655 2477 878 2534 alterius
903 2474 1047 2529 dicta
1073 2466 1305 2525 vel‘acta
1333 2461 1514 2521 simul.

275 2573 556 2646 Despectis
584 2571 825 2643 paribus,
852 2562 1116 2627 minimis,
1160 2557 1486 2628 majoribus,
1523 2560 1688 2622 atque

352 2665 472 2721 Jam
503 2663 605 2720 sibi
634 2661 747 2717 sive
775 2657 890 2714 suis
914 2654 991 2710 nil
1020 2651 1220 2710 sociale
1263 2653 1473 2720 putant.

91 2782 154 2788 ρ
279 2759 369 2816 Nil
397 2756 607 2830 placida
634 2753 846 2810 ratione
874 2755 1089 2820 gerunt,
1123 2743 1202 2800 sic
1234 2741 1356 2796 avia
1386 2751 1549 2793 curva

360 2851 660 2922 Carpentes
690 2852 897 2900 rectam
930 2841 1219 2896 deseruere
1243 2833 1406 2888 viam.

59 2981 84 3012 ι»
115 2969 142 2998 σε»
163 2968 188 2992 ο
283 2946 392 3003 Sed
420 2942 688 3001 medicina
717 2939 814 2995 Dei
841 2935 1060 2992 morbos
1081 2927 1320 2987 excludit
1344 2925 1576 2994 iniquos,

354 3043 423 3098 Et
450 3041 576 3096 facit
599 3046 660 3093 ut
681 3035 870 3092 redeat
892 3030 1132 3088 oﬂiciosa
1161 3025 1328 3082 salus.

283 3139 425 3194 Dum
449 3136 605 3190 timet
628 3146 758 3203 ergo
779 3129 993 3185 animus
1021 3124 1284 3178 virtutum
1315 3117 1438 3171 luce
1471 3124 1688 3176 carere,

357 3229 425 3284 Et
448 3227 705 3282 vitiorum
726 3237 870 3294 aegre
898 3219 1043 3274 nube
1073 3216 1323 3286 nigrante
1358 3207 1468 3279 tegi
1501 3224 1515 3260 :

285 3321 514 3380 Pellitur
541 3316 810 3388 extemplo
848 3323 972 3370 tuus
1001 3327 1034 3368 o
1057 3307 1320 3381 jactantia
1344 3301 1586 3364 morbus,

67 3447 96 3479 ’ρ
127 3443 145 3476 2
177 3427 238 3471 δ’
359 3417 588 3486 Nonque
613 3413 852 3468 animum
879 3407 1116 3462 illectum
1144 3400 1316 3474 gloria
1338 3411 1475 3452 vana
1510 3390 1650 3447 linit.

288 3480 535 3590 morbida
560 3519 721 3561 seuve
750 3501 917 3557 abicit
938 3505 1117 3554 metus
1144 3501 1202 3549 et
1230 3488 1476 3560 contagia
1505 3480 1698 3555 pestis,

365 3603 460 3658 Sic
483 3600 672 3656 sordes
698 3596 829 3652 aedis
854 3606 1046 3663 aspera
1069 3601 1232 3659 scopa
1259 3582 1450 3654 abigit.

286 3695 485 3764 Teque
508 3690 740 3761 superba
766 3687 906 3752 lues,
937 3685 1089 3739 furor
1118 3689 1174 3736 et
1199 3686 1445 3742 ventose,
1473 3668 1688 3742 repellit

365 3779 693 3852 Exemplum
717 3775 938 3833 humilis
963 3772 1129 3843 regis,
1158 3777 1214 3825 et
1240 3767 1356 3837 ejus
1386 3778 1559 3820 amor.

97 3908 122 3938 ι,
143 3911 174 3918 ~~
201 3897 235 3924 τ)
293 3876 368 3933 Et
401 3863 584 3929 metus
613 3868 868 3940 angelicae
892 3863 1098 3921 caelesti
1125 3877 1192 3918 ex
1221 3874 1348 3914 arce
1377 3856 1569 3921 ruinae,
1666 3865 1691 3890 ο

371 3965 528 4024 Unde
555 3961 722 4018 miser
744 3972 984 4031 praeceps
1020 3953 1182 4010 corde
1208 3956 1446 4005 tumente
1473 3946 1599 4001 ruit.

299 4058 396 4116 Ille
419 4055 652 4126 superba
678 4052 925 4121 loquens,
954 4046 1022 4101 de
1050 4041 1190 4098 coelo
1216 4042 1273 4096 in
1303 4045 1510 4095 tartara
1549 4044 1784 4096 mersus,

373 4146 634 4205 Horridus
658 4153 741 4200 est
767 4141 997 4204 daemon,
1037 4135 1130 4207 qui
1163 4131 1387 4204 angelus
1422 4135 1548 4185 ante
1572 4126 1695 4183 fuit.

305 4243 379 4298 At
395 4238 656 4295 Dominus
682 4232 904 4290 humilis
929 4228 1152 4284 veniens
1188 4241 1255 4281 ex
1283 4222 1503 4280 mtheris
1529 4232 1676 4284 arce,

97 4387 112 4404 ,
147 4371 174 4392 ρ
201 4338 252 4388 .'
386 4330 607 4403 Agmina
631 4322 890 4382 cmlicolis
911 4328 1090 4374 terrea
1111 4315 1405 4372 consociat.
1437 4338 1446 4350 ι

311 4402 536 4487 Terreat
560 4439 690 4497 ergo
718 4420 999 4479 hominum
1024 4427 1196 4488 genus
1221 4410 1365 4468 illius
1393 4413 1513 4461 atra
1536 4402 1717 4465 ruina,

383 4521 616 4578 Mulceat
636 4529 894 4573 ascensus
919 4520 974 4568 et
995 4503 1314 4564 redimentis
1341 4497 1484 4558 heri.

316 4615 464 4671 Mens
489 4611 631 4668 elata
654 4607 800 4665 cadit
825 4602 1084 4666 hominis,
1105 4602 1382 4670 prostrata
1415 4587 1672 4658 resurgit,

287 4749 290 4755 ι
386 4706 506 4775 Quo
526 4718 683 4774 mage
703 4701 892 4772 juncta
917 4694 1052 4760 solo,
1083 4691 1163 4746 s'ic
1192 4701 1348 4758 mage
1363 4683 1554 4753 juncta
1578 4675 1723 4749 polo.

201 4821 222 4845 ο
319 4773 703 4857 Descendendo
729 4791 894 4854 subit,
922 4786 1127 4858 patitur
1153 4776 1461 4838 scandendo
1495 4773 1732 4835 ruinam,

388 4891 495 4945 Per
524 4899 778 4942 numeros
807 4889 863 4936 et
887 4886 1016 4934 eunt
1040 4880 1237 4931 cuncta
1268 4867 1574 4940 gradusque
1605 4873 1752 4916 suos.

319 4985 515 5044 Omnia
536 4977 743 5053 judicio
764 4981 890 5031 sunt
911 4963 1276 5040 dispensanda
1303 4971 1560 5028 superno,

392 5045 555 5144 Quod
581 5068 780 5142 premit
803 5064 991 5126 elatos,
1021 5057 1182 5128 erigit
1207 5061 1262 5108 et
1279 5045 1530 5106 humiles.

324 5131 455 5239 Quae
475 5131 750 5239 per-prata
769 5171 962 5230 parum
984 5152 1241 5207 vitiorum
1278 5142 1431 5197 Musa
1460 5131 1675 5193 measti.

394 5264 457 5320 In
476 5236 652 5330 lepidi
675 5252 799 5309 libri
821 5246 1001 5304 sistito
1032 5244 1139 5298 ﬁne
1168 5236 1412 5310 gradum.

329 5323 586 5415 Cladibus
612 5350 699 5406 his
726 5353 934 5417 septem
959 5346 1134 5394 totum
1154 5332 1463 5387 vastaverat
1481 5323 1692 5388 orbem,

402 5448 608 5516 Hisque
631 5438 996 5508 triumphator
1027 5427 1191 5484 totius
1215 5421 1364 5479 orbis
1398 5424 1533 5472 erat.

332 5541 434 5599 His
460 5501 632 5611 genus
658 5501 956 5590 humanum
982 5520 1130 5577 vitiis
1154 5515 1302 5570 ferus
1328 5507 1504 5565 hostis
1533 5501 1744 5558 habeba

203 5685 222 5693 -
334 5595 714 5702 wﬂCa’ptivum,
742 5622 830 5678 his
865 5615 1032 5674 armis
1057 5604 1480 5671 subdideratque
1507 5595 1631 5651 sibi.

245 5745 264 5762 κ
338 5695 580 5786 Perculit
607 5729 663 5778 et
691 5718 926 5790 primum
948 5708 1244 5782 probrosus
1271 5705 1332 5752 ut
1358 5695 1444 5750 ille
1466 5695 1767 5762 parentem,

415 5819 566 5875 Illius
592 5814 649 5870 in
677 5819 850 5867 totum
877 5806 955 5861 sic
976 5804 1161 5858 movet
1195 5805 1348 5850 arma
1373 5797 1562 5860 genus.

76 2478 226 2522 μννΓ

422 5941 454 5974 ι
491 5927 692 5991 Quam
734 5918 920 5976 libelle.
977 5913 1194 5971 Partem
1223 5906 1366 5965 hanc
1396 5895 1576 5970 Operis
1604 5889 1700 5969 sui
1736 5886 1918 5948 Theo-

2027 1622 2205 1678 Mollia
2230 1635 2355 1676 cum
2379 1616 2550 1681 duris,
2577 1611 2790 1669 lenibus
2810 1609 2960 1664 hirta
2986 1607 3176 1660 etiam.

1960 1716 2159 1774 Sancta
2185 1713 2321 1786 gulae
2341 1709 2634 1782 ingluviem
2662 1707 2917 1774 superant
2944 1696 3150 1776 jejunia
3173 1690 3393 1754 foedam,

2035 1805 2165 1874 Qua:
2190 1801 2419 1860 mortale
2447 1814 2617 1870 genus
2643 1795 2829 1859 allicit,
2859 1796 3024 1855 artat,
3056 1786 3188 1856 agit.

1879 1882 1928 1944 Β
1953 1899 2120 1972 Virgo
2144 1895 2422 1968 pudicitia,
2449 1891 2692 1962 specioso
2717 1894 2934 1957 compta
2961 1885 3177 1944 decore,

2021 1990 2332 2062 Exstinguit
2367 1986 2632 2047 ﬂammas,
2655 1988 2796 2036 tetra
2814 1976 3007 2036 libido,
3040 1981 3183 2026 tuas.

1963 2085 2136 2143 Vincit
2163 2081 2448 2138 avaritiam
2481 2074 2612 2130 felix
2633 2068 2880 2142 operatio
2905 2061 3095 2126 dandi,

2025 2179 2264 2235 Dextera
2292 2173 2444 2241 larga
2473 2167 2612 2239 gerit
2633 2178 2759 2220 cum
2786 2155 3008 2230 pietatis
3029 2165 3186 2223 opus.

1956 2271 2220 2329 Invidiam
2249 2271 2470 2337 superat
2496 2255 2732 2319 Domini,
2773 2259 2830 2308 et
2859 2247 3078 2312 dilectio
3111 2242 3369 2301 fratrum,

2030 2361 2202 2430 Hujus
2224 2364 2280 2412 et
2308 2362 2434 2411 actu
2465 2351 2583 2421 ejus
2618 2359 2781 2403 omne
2816 2337 3020 2394 fatiscit
3045 2348 3200 2404 opus.

1961 2429 2371 2520 Tristitiamque
2395 2443 2546 2514 fugat
2568 2439 2811 2494 fraterna
2835 2429 3039 2486 locutio
3067 2435 3311 2493 segnem,

2033 2542 2240 2603 Orandi
2269 2546 2328 2594 et
2353 2535 2613 2597 studium,
2653 2527 2816 2583 lectio
2839 2523 2953 2578 sive
2982 2531 3158 2575 sacra.

1963 2640 2037 2696 At
2070 2648 2263 2693 secura
2295 2631 2434 2686 iram
2468 2621 2672 2691 frangit
2701 2612 2964 2688 patientia
2994 2609 3167 2665 diram

2033 2727 2221 2792 Lenis,
2253 2731 2308 2779 et
2339 2721 2485 2776 illius
2519 2711 2727 2787 spicula
2747 2723 2890 2765 saeva
2917 2703 3066 2760 terit.
3098 2735 3105 2743 -
3491 2726 3520 2759 2
3543 2717 3584 2758 π
3616 2727 3639 2765 ἀ

1966 2787 2259 2892 Frangitur
2279 2809 2543 2882 exemplis
2566 2803 2752 2861 inﬂata
2779 2796 3030 2870 superbia
3049 2787 3274 2852 Christi,

2038 2883 2302 2980 ﬂauoque
2335 2910 2512 2959 metus
2536 2909 2712 2969 poenae
2740 2889 2919 2955 solvit,
2949 2893 3005 2941 et
3034 2883 3211 2937 almus
3239 2889 3394 2932 amor

1939 3064 1944 3068 .
1972 3005 2065 3063 Sic
2086 3001 2332 3059 medicus
2362 2995 2455 3050 hic
2474 3006 2573 3062 per
2607 2983 2882 3043 contraria
2912 2991 3054 3048 saepe
3085 2971 3355 3033 medetur,

2041 3094 2174 3149 Fert
2201 3098 2259 3146 et
2281 3087 2350 3142 ab
2374 3079 2637 3156 oppositis
2668 3088 2809 3145 saepe
2830 3068 3022 3127 salutis
3052 3077 3230 3136 Opem.

1975 3186 2131 3256 Saepe
2150 3183 2316 3238 etiam
2339 3191 2438 3248 per
2467 3187 2556 3228 res
2576 3165 2783 3225 similes
2807 3157 3056 3217 conferre
3081 3149 3347 3208 medelam

1901 3247 1946 3311 Ο
2045 3247 2375 3334 ﬁulneribus
2401 3262 2564 3332 hujus
2593 3256 2795 3315 assolet
2821 3252 2962 3306 alma
2990 3258 3203 3302 manus.

2287 3324 2384 3417 dat
2412 3324 2608 3427 longis,
2639 3347 2966 3413 adhibetque
2987 3335 3219 3394 rotunda
3239 3324 3491 3387 rotundis

2047 3436 2377 3529 Emplastra,
2404 3458 2461 3506 et
2479 3444 2697 3502 modulo
2723 3436 2965 3494 vulneris
2993 3436 3142 3502 aptat
3165 3442 3253 3482 ea.

1933 3543 1962 3586 τ
1978 3517 2170 3625 Ligno.
2181 3559 2330 3603 mors
2357 3517 2540 3603 subiit,
2567 3533 2711 3591 redit
2730 3538 2787 3585 et
2808 3528 2922 3581 vita
2949 3522 3150 3591 inclyta
3174 3517 3344 3587 ligno,

2047 3609 2204 3699 Illam
2225 3642 2414 3710 gustus
2439 3629 2572 3701 agit,
2602 3626 2748 3681 hanc
2778 3617 2961 3676 crucis
2990 3613 3131 3667 altus
3157 3609 3350 3663 honos.

1984 3737 2150 3808 Virgo
2169 3739 2324 3788 vetus
2355 3731 2611 3785 mortem,
2648 3713 2836 3772 retulit
2862 3722 3004 3765 nova
3034 3704 3188 3773 virgo
3215 3697 3468 3761 salutem,

2054 3789 2184 3883 Ilaec
2213 3816 2491 3878 suadendo
2523 3811 2725 3873 virum,
2755 3805 2876 3858 haec
2904 3792 3218 3872 generando
3252 3789 3447 3844 Deum.

1984 3919 2172 3978 Prisca
2197 3915 2386 3984 virago
2411 3907 2532 3964 viro
2559 3902 2768 3958 lethum
2795 3894 2920 3958 fert,
2949 3899 3159 3945 atnova
3186 3880 3463 3940 Christum

2054 4008 2252 4066 Vivere
2275 3980 2554 4071 discipulis
2580 3990 2795 4048 nuntiat
2819 3998 2946 4041 ecce
2966 3980 3094 4052 piis.

1983 4061 2184 4175 Angue‘
2196 4061 2450 4168 loquente
2477 4086 2623 4145 subit
2646 4081 2896 4143 morbus,
2928 4072 3200 4146 pendente
3227 4061 3463 4127 fatiscit,

2056 4159 2174 4249 Iloc
2199 4159 2520 4260 squamosus
2549 4186 2729 4240 atrox,
2758 4183 2934 4226 aereus
2963 4163 3098 4219 illud
3127 4159 3262 4230 agit.

1990 4286 2131 4344 Esca
2160 4255 2308 4336 dedit
2328 4282 2584 4334 mortem,
2615 4267 2783 4321 vitam
2805 4255 3058 4315 concedit
3084 4259 3140 4305 et
3169 4261 3297 4303 esca
3321 4263 3335 4298 :

2063 4340 2218 4433 'I‘unc
2242 4371 2407 4426 dabat
2428 4366 2541 4420 Eva
2566 4372 2792 4421 nocens,
2819 4352 2923 4406 das
2944 4346 3106 4403 modo
3125 4340 3344 4398 Christe
3365 4341 3578 4408 potens.

1995 4469 2161 4541 Virga
2184 4463 2298 4521 abit
2324 4461 2383 4517 in
2407 4453 2714 4517 colubrum,
2754 4444 2899 4502 redit
2936 4439 3068 4495 hinc
3093 4438 3151 4494 in
3196 4432 3382 4506 virgea
3411 4444 3584 4486 mem-

3347 4523 3467 4598 [bra
3496 4538 3510 4575 :

1920 4608 1974 4668 Β
2068 4651 2320 4711 Christus
2345 4646 2390 4702 it
2413 4645 2470 4699 in
2494 4646 2748 4704 mortem,
2779 4631 2938 4687 vivus
2964 4633 3021 4684 et
3058 4622 3186 4680 inde
3214 4617 3372 4676 redit.

1996 4749 2163 4819 Virga
2190 4747 2518 4815 potestatem
2545 4734 2749 4804 signat,
2785 4732 3128 4790 mortemque
3151 4712 3437 4785 chelydrus
3463 4724 3478 4763 :

2071 4807 2210 4895 [line
2237 4836 2376 4891 bene
2405 4826 2704 4887 succedunt
2732 4821 2836 4876 ista
2858 4815 2947 4872 vel
2986 4813 3077 4868 illa
3106 4807 3232 4864 sibi.

1888 4951 1893 4956 '
1927 4929 1948 4941 ’
2001 4933 2207 4991 Dividit
2238 4928 2331 4985 illa
2357 4924 2557 4986 solum,
2593 4913 2809 4987 peragit
2837 4925 2934 4966 seu
2959 4907 3111 4976 signa
3140 4895 3408 4972 pavenda,

2078 5027 2250 5095 Quam
2275 5019 2477 5076 retines
2513 5011 2650 5082 legis
2683 5005 2884 5076 inclyte
2912 5001 3060 5056 Mose
3085 5005 3234 5066 typo.

2012 5086 2278 5177 Convenit
2303 5119 2359 5167 et
2391 5105 2585 5164 mortis
2608 5107 2774 5173 queat
2805 5105 2869 5152 ut
2893 5099 3110 5167 gestare
3131 5086 3362 5156 ﬁguram

2088 5167 2345 5282 Serpens,
2373 5200 2518 5274 quod
2540 5167 2645 5271 per
2668 5209 2794 5251 eum
2830 5202 2980 5246 mors
3005 5177 3292 5239 maledicta
3319 5167 3484 5272 subit.

2089 5261 2219 5282 τη,
2391 5261 2411 5274 _
2542 5261 2560 5271 _

2016 5307 2148 5376 Quae
2174 5316 2273 5373 per
2291 5306 2450 5372 prata
2478 5305 2667 5365 parum
2693 5285 2952 5342 vitiorum
2976 5285 3133 5330 musa
3157 5261 3372 5328 measti,

2088 5357 2326 5466 Tempus
2350 5357 2523 5456 adest,
2557 5383 2664 5440 isto
2698 5376 2876 5434 sistito
2903 5368 3010 5423 ﬁne
3034 5357 3278 5432 gradum.

2756 5464 2844 5521 III.

2437 5574 2740 5626 PLBEIIESIS
2768 5571 2837 5612 AD
2874 5557 3175 5607 EPISCOPOS.

2019 5689 2050 5719 ι
2079 5675 2282 5745 Quarte
2305 5663 2487 5723 libelle
2506 5658 2682 5714 tribus
2710 5652 2823 5721 jam
2850 5657 2992 5701 nunc
3015 5635 3247 5696 succede
3268 5627 3526 5704 peractis,

2091 5727 2334 5825 gravius
2359 5764 2417 5811 et
2444 5752 2672 5807 fratrum
2696 5757 2803 5814 quo
2830 5743 2986 5796 vocat
3021 5732 3154 5791 ordo
3181 5727 3323 5785 subi.

2028 5880 2206 5940 dulfus
2230 5877 2284 5934 in
2313 5877 2546 5945 quatuor
2571 5857 2777 5920 libellos
2819 5852 3092 5914 diviserat,
3131 5852 3365 5916 quorum
3404 5815 3603 5904 singuli

3495 1795 3643 1833 3‘16

3507 2252 3589 2288 '3‘.
3616 2257 3641 2287 ’δ
