  <div class='ocr_page' id='page_1' title='image "/cluster/home/n/w/nwhite01/storage/ocr_20150623/105/hvd.32044021109350/181.png"; bbox 0 0 4046 6452; ppageno 0'>
   <div class='ocr_carea' id='block_1_1' title="bbox 529 366 737 437">
    <p class='ocr_par' dir='ltr' id='par_1_1' title="bbox 529 366 737 437">
     <span class='ocr_line' id='line_1_1' title="bbox 529 366 737 437; baseline 0.005 -2"><span class='ocrx_word' id='word_1_1' title='bbox 529 366 658 437; x_wconf 66' lang='grc'><strong>585,</strong></span> <span class='ocrx_word' id='word_1_2' title='bbox 722 414 737 437; x_wconf 72' lang='grc' dir='ltr'><em>ς</em></span> 
     </span>
    </p>
   </div>
   <div class='ocr_carea' id='block_1_2' title="bbox 527 486 1839 568">
    <p class='ocr_par' dir='ltr' id='par_1_2' title="bbox 527 486 1839 568">
     <span class='ocr_line' id='line_1_2' title="bbox 527 486 1839 568; baseline 0.001 -17"><span class='ocrx_word' id='word_1_3' title='bbox 527 490 757 551; x_wconf 82' lang='lat' dir='ltr'><strong>Famina</strong></span> <span class='ocrx_word' id='word_1_4' title='bbox 780 486 875 565; x_wconf 84' lang='lat' dir='ltr'><strong>qui</strong></span> <span class='ocrx_word' id='word_1_5' title='bbox 897 492 1084 560; x_wconf 82' lang='lat' dir='ltr'><strong>mutis,</strong></span> <span class='ocrx_word' id='word_1_6' title='bbox 1113 493 1206 566; x_wconf 81' lang='lat' dir='ltr'><strong>qui</strong></span> <span class='ocrx_word' id='word_1_7' title='bbox 1231 492 1327 549; x_wconf 86' lang='lat' dir='ltr'><strong>dat</strong></span> <span class='ocrx_word' id='word_1_8' title='bbox 1342 490 1571 568; x_wconf 80' lang='lat' dir='ltr'><strong>vestigia</strong></span> <span class='ocrx_word' id='word_1_9' title='bbox 1609 495 1839 563; x_wconf 82' lang='lat' dir='ltr'><strong>claudis,</strong></span> 
     </span>
    </p>
   </div>
   <div class='ocr_carea' id='block_1_3' title="bbox 598 574 1924 665">
    <p class='ocr_par' dir='ltr' id='par_1_3' title="bbox 598 574 1924 665">
     <span class='ocr_line' id='line_1_3' title="bbox 598 574 1924 665; baseline 0.005 -22"><span class='ocrx_word' id='word_1_10' title='bbox 598 587 702 658; x_wconf 92' lang='lat' dir='ltr'><strong>Qui</strong></span> <span class='ocrx_word' id='word_1_11' title='bbox 742 589 827 645; x_wconf 89' lang='lat' dir='ltr'><strong>his</strong></span> <span class='ocrx_word' id='word_1_12' title='bbox 853 574 978 645; x_wconf 85' lang='lat' dir='ltr'><strong>tulit</strong></span> <span class='ocrx_word' id='word_1_13' title='bbox 1001 590 1281 659; x_wconf 77' lang='lat' dir='ltr'><strong>auxilium,</strong></span> <span class='ocrx_word' id='word_1_14' title='bbox 1317 588 1410 649; x_wconf 85' lang='lat' dir='ltr'><strong>hic</strong></span> <span class='ocrx_word' id='word_1_15' title='bbox 1437 592 1535 649; x_wconf 90' lang='lat' dir='ltr'><strong>tibi</strong></span> <span class='ocrx_word' id='word_1_16' title='bbox 1562 602 1727 665; x_wconf 90' lang='lat' dir='ltr'><strong>posce</strong></span> <span class='ocrx_word' id='word_1_17' title='bbox 1765 584 1924 651; x_wconf 80' lang='lat' dir='ltr'><strong>ferat.</strong></span> 
     </span>
    </p>
   </div>
   <div class='ocr_carea' id='block_1_4' title="bbox 527 678 1960 761">
    <p class='ocr_par' dir='ltr' id='par_1_4' title="bbox 527 678 1960 761">
     <span class='ocr_line' id='line_1_4' title="bbox 527 678 1960 761; baseline 0.007 -24"><span class='ocrx_word' id='word_1_18' title='bbox 527 678 624 738; x_wconf 78' lang='lat' dir='ltr'><strong>His</strong></span> <span class='ocrx_word' id='word_1_19' title='bbox 643 682 897 754; x_wconf 84' lang='lat' dir='ltr'><strong>generale</strong></span> <span class='ocrx_word' id='word_1_20' title='bbox 926 683 1034 740; x_wconf 92' lang='lat' dir='ltr'><strong>fuit</strong></span> <span class='ocrx_word' id='word_1_21' title='bbox 1059 680 1391 743; x_wconf 78' lang='lat' dir='ltr'><strong>fundendum</strong></span> <span class='ocrx_word' id='word_1_22' title='bbox 1417 686 1607 759; x_wconf 81' lang='lat' dir='ltr'><strong>dogma</strong></span> <span class='ocrx_word' id='word_1_23' title='bbox 1630 700 1728 761; x_wconf 86' lang='lat' dir='ltr'><strong>per</strong></span> <span class='ocrx_word' id='word_1_24' title='bbox 1746 696 1960 759; x_wconf 80' lang='lat' dir='ltr'><strong>omnes,</strong></span> 
     </span>
    </p>
   </div>
   <div class='ocr_carea' id='block_1_5' title="bbox 596 774 1710 851">
    <p class='ocr_par' dir='ltr' id='par_1_5' title="bbox 596 774 1710 851">
     <span class='ocr_line' id='line_1_5' title="bbox 596 774 1710 851; baseline 0.009 -23"><span class='ocrx_word' id='word_1_25' title='bbox 596 774 696 831; x_wconf 84' lang='lat' dir='ltr'><strong>Ast</strong></span> <span class='ocrx_word' id='word_1_26' title='bbox 722 786 860 847; x_wconf 86' lang='lat' dir='ltr'><strong>opus</strong></span> <span class='ocrx_word' id='word_1_27' title='bbox 885 777 1031 834; x_wconf 91' lang='lat' dir='ltr'><strong>istud</strong></span> <span class='ocrx_word' id='word_1_28' title='bbox 1064 779 1170 834; x_wconf 88' lang='lat' dir='ltr'><strong>erit</strong></span> <span class='ocrx_word' id='word_1_29' title='bbox 1187 778 1299 848; x_wconf 88' lang='lat' dir='ltr'><strong>jam</strong></span> <span class='ocrx_word' id='word_1_30' title='bbox 1327 782 1561 851; x_wconf 84' lang='lat' dir='ltr'><strong>speciale</strong></span> <span class='ocrx_word' id='word_1_31' title='bbox 1594 783 1710 838; x_wconf 92' lang='lat' dir='ltr'><strong>tibi.</strong></span> 
     </span>
    </p>
   </div>
   <div class='ocr_carea' id='block_1_6' title="bbox 524 862 1959 961">
    <p class='ocr_par' dir='ltr' id='par_1_6' title="bbox 524 862 1959 961">
     <span class='ocr_line' id='line_1_6' title="bbox 524 862 1959 961; baseline 0.008 -39"><span class='ocrx_word' id='word_1_32' title='bbox 524 862 739 923; x_wconf 82' lang='lat' dir='ltr'><strong>Primus</strong></span> <span class='ocrx_word' id='word_1_33' title='bbox 766 869 931 926; x_wconf 90' lang='lat' dir='ltr'><strong>habet</strong></span> <span class='ocrx_word' id='word_1_34' title='bbox 955 873 1158 927; x_wconf 74' lang='lat' dir='ltr'><strong>sanctas</strong></span> <span class='ocrx_word' id='word_1_35' title='bbox 1189 868 1432 961; x_wconf 78' lang='lat' dir='ltr'><strong>quzedam</strong></span> <span class='ocrx_word' id='word_1_36' title='bbox 1464 874 1786 932; x_wconf 87' lang='lat' dir='ltr'><strong>documenta</strong></span> <span class='ocrx_word' id='word_1_37' title='bbox 1812 872 1959 961; x_wconf 77' lang='lat' dir='ltr'><strong>ﬁdei,</strong></span> 
     </span>
    </p>
   </div>
   <div class='ocr_carea' id='block_1_7' title="bbox 594 957 1801 1045">
    <p class='ocr_par' dir='ltr' id='par_1_7' title="bbox 594 957 1801 1045">
     <span class='ocr_line' id='line_1_7' title="bbox 594 957 1801 1045; baseline 0.007 -31"><span class='ocrx_word' id='word_1_38' title='bbox 594 957 809 1033; x_wconf 85' lang='lat' dir='ltr'><strong>Resque</strong></span> <span class='ocrx_word' id='word_1_39' title='bbox 835 963 1029 1033; x_wconf 86' lang='lat' dir='ltr'><strong>quibus</strong></span> <span class='ocrx_word' id='word_1_40' title='bbox 1054 971 1215 1020; x_wconf 84' lang='lat' dir='ltr'><strong>notus</strong></span> <span class='ocrx_word' id='word_1_41' title='bbox 1243 973 1329 1021; x_wconf 88' lang='lat' dir='ltr'><strong>est</strong></span> <span class='ocrx_word' id='word_1_42' title='bbox 1353 960 1477 1038; x_wconf 88' lang='lat' dir='ltr'><strong>pius</strong></span> <span class='ocrx_word' id='word_1_43' title='bbox 1498 966 1617 1045; x_wconf 83' lang='lat' dir='ltr'><strong>ejus</strong></span> <span class='ocrx_word' id='word_1_44' title='bbox 1641 978 1801 1040; x_wconf 74' lang='lat' dir='ltr'><strong>apex.</strong></span> 
     </span>
    </p>
   </div>
   <div class='ocr_carea' id='block_1_8' title="bbox 525 1048 2099 1133">
    <p class='ocr_par' dir='ltr' id='par_1_8' title="bbox 525 1048 2099 1133">
     <span class='ocr_line' id='line_1_8' title="bbox 525 1048 2099 1133; baseline 0.011 -29"><span class='ocrx_word' id='word_1_45' title='bbox 525 1048 643 1118; x_wconf 92' lang='lat' dir='ltr'><strong>Quo</strong></span> <span class='ocrx_word' id='word_1_46' title='bbox 671 1051 742 1107; x_wconf 88' lang='lat' dir='ltr'><strong>sit</strong></span> <span class='ocrx_word' id='word_1_47' title='bbox 766 1051 1010 1113; x_wconf 84' lang='lat' dir='ltr'><strong>habenda</strong></span> <span class='ocrx_word' id='word_1_48' title='bbox 1036 1056 1195 1113; x_wconf 89' lang='lat' dir='ltr'><strong>modo</strong></span> <span class='ocrx_word' id='word_1_49' title='bbox 1215 1054 1457 1116; x_wconf 77' lang='lat' dir='ltr'><strong>breviter</strong></span> <span class='ocrx_word' id='word_1_50' title='bbox 1496 1061 1644 1117; x_wconf 89' lang='lat' dir='ltr'><strong>canit</strong></span> <span class='ocrx_word' id='word_1_51' title='bbox 1670 1060 1785 1133; x_wconf 86' lang='lat' dir='ltr'><strong>ipsa</strong></span> <span class='ocrx_word' id='word_1_52' title='bbox 1808 1060 2099 1132; x_wconf 79' lang='lat' dir='ltr'><strong>secundus,</strong></span> 
     </span>
    </p>
   </div>
   <div class='ocr_carea' id='block_1_9' title="bbox 593 1142 1883 1231">
    <p class='ocr_par' dir='ltr' id='par_1_9' title="bbox 593 1142 1883 1231">
     <span class='ocr_line' id='line_1_9' title="bbox 593 1142 1883 1231; baseline 0.009 -33"><span class='ocrx_word' id='word_1_53' title='bbox 593 1144 724 1212; x_wconf 72' lang='lat' dir='ltr'><strong>Qua:</strong></span> <span class='ocrx_word' id='word_1_54' title='bbox 752 1142 871 1204; x_wconf 87' lang='lat' dir='ltr'><strong>ioca</strong></span> <span class='ocrx_word' id='word_1_55' title='bbox 902 1148 1013 1207; x_wconf 91' lang='lat' dir='ltr'><strong>sint</strong></span> <span class='ocrx_word' id='word_1_56' title='bbox 1037 1152 1303 1221; x_wconf 87' lang='lat' dir='ltr'><strong>reprobis,</strong></span> <span class='ocrx_word' id='word_1_57' title='bbox 1328 1166 1515 1225; x_wconf 88' lang='lat' dir='ltr'><strong>quaeve</strong></span> <span class='ocrx_word' id='word_1_58' title='bbox 1549 1165 1739 1226; x_wconf 87' lang='lat' dir='ltr'><strong>parata</strong></span> <span class='ocrx_word' id='word_1_59' title='bbox 1762 1156 1883 1231; x_wconf 90' lang='lat' dir='ltr'><strong>piis.</strong></span> 
     </span>
    </p>
   </div>
   <div class='ocr_carea' id='block_1_10' title="bbox 522 1234 1919 1320">
    <p class='ocr_par' dir='ltr' id='par_1_10' title="bbox 522 1234 1919 1320">
     <span class='ocr_line' id='line_1_10' title="bbox 522 1234 1919 1320; baseline 0.009 -29"><span class='ocrx_word' id='word_1_60' title='bbox 522 1234 737 1293; x_wconf 87' lang='lat' dir='ltr'><strong>Tertius</strong></span> <span class='ocrx_word' id='word_1_61' title='bbox 769 1239 1040 1298; x_wconf 88' lang='lat' dir='ltr'><strong>horrenda</strong></span> <span class='ocrx_word' id='word_1_62' title='bbox 1064 1243 1264 1305; x_wconf 89' lang='lat' dir='ltr'><strong>bellum</strong></span> <span class='ocrx_word' id='word_1_63' title='bbox 1289 1260 1409 1302; x_wconf 92' lang='lat' dir='ltr'><strong>cum</strong></span> <span class='ocrx_word' id='word_1_64' title='bbox 1437 1254 1598 1319; x_wconf 89' lang='lat' dir='ltr'><strong>gente</strong></span> <span class='ocrx_word' id='word_1_65' title='bbox 1623 1240 1919 1320; x_wconf 85' lang='lat' dir='ltr'><strong>gerendum</strong></span> 
     </span>
    </p>
   </div>
   <div class='ocr_carea' id='block_1_11' title="bbox 592 1325 1738 1408">
    <p class='ocr_par' dir='ltr' id='par_1_11' title="bbox 592 1325 1738 1408">
     <span class='ocr_line' id='line_1_11' title="bbox 592 1325 1738 1408; baseline 0.01 -27"><span class='ocrx_word' id='word_1_66' title='bbox 592 1325 815 1396; x_wconf 90' lang='lat' dir='ltr'><strong>Edoeet,</strong></span> <span class='ocrx_word' id='word_1_67' title='bbox 844 1337 899 1387; x_wconf 87' lang='lat' dir='ltr'><strong>et</strong></span> <span class='ocrx_word' id='word_1_68' title='bbox 921 1333 1099 1389; x_wconf 88' lang='lat' dir='ltr'><strong>socios</strong></span> <span class='ocrx_word' id='word_1_69' title='bbox 1121 1346 1227 1405; x_wconf 87' lang='lat' dir='ltr'><strong>qua</strong></span> <span class='ocrx_word' id='word_1_70' title='bbox 1253 1336 1395 1392; x_wconf 87' lang='lat' dir='ltr'><strong>valet</strong></span> <span class='ocrx_word' id='word_1_71' title='bbox 1414 1345 1591 1393; x_wconf 87' lang='lat' dir='ltr'><strong>armat</strong></span> <span class='ocrx_word' id='word_1_72' title='bbox 1616 1354 1738 1408; x_wconf 92' lang='lat' dir='ltr'><strong>ope.</strong></span> 
     </span>
    </p>
   </div>
   <div class='ocr_carea' id='block_1_12' title="bbox 520 1415 1886 1497">
    <p class='ocr_par' dir='ltr' id='par_1_12' title="bbox 520 1415 1886 1497">
     <span class='ocr_line' id='line_1_12' title="bbox 520 1415 1886 1497; baseline 0.01 -25"><span class='ocrx_word' id='word_1_73' title='bbox 520 1415 831 1476; x_wconf 86' lang='lat' dir='ltr'><strong>Fundamen</strong></span> <span class='ocrx_word' id='word_1_74' title='bbox 854 1421 996 1487; x_wconf 79' lang='lat' dir='ltr'><strong>fidei,</strong></span> <span class='ocrx_word' id='word_1_75' title='bbox 1025 1420 1245 1481; x_wconf 63' lang='lat' dir='ltr'><strong>fabricae</strong></span> <span class='ocrx_word' id='word_1_76' title='bbox 1271 1427 1611 1483; x_wconf 87' lang='lat' dir='ltr'><strong>incrementa</strong></span> <span class='ocrx_word' id='word_1_77' title='bbox 1632 1428 1886 1497; x_wconf 82' lang='lat' dir='ltr'><strong>salubris,</strong></span> 
     </span>
    </p>
   </div>
   <div class='ocr_carea' id='block_1_13' title="bbox 589 1507 1774 1593">
    <p class='ocr_par' dir='ltr' id='par_1_13' title="bbox 589 1507 1774 1593">
     <span class='ocr_line' id='line_1_13' title="bbox 589 1507 1774 1593; baseline 0.009 -29"><span class='ocrx_word' id='word_1_78' title='bbox 589 1507 656 1564; x_wconf 88' lang='lat' dir='ltr'><strong>Hi</strong></span> <span class='ocrx_word' id='word_1_79' title='bbox 684 1510 821 1567; x_wconf 87' lang='lat' dir='ltr'><strong>bene</strong></span> <span class='ocrx_word' id='word_1_80' title='bbox 845 1522 1193 1584; x_wconf 90' lang='lat' dir='ltr'><strong>componunt,</strong></span> <span class='ocrx_word' id='word_1_81' title='bbox 1225 1517 1355 1572; x_wconf 86' lang='lat' dir='ltr'><strong>dant</strong></span> <span class='ocrx_word' id='word_1_82' title='bbox 1380 1518 1468 1589; x_wconf 89' lang='lat' dir='ltr'><strong>pia</strong></span> <span class='ocrx_word' id='word_1_83' title='bbox 1486 1517 1608 1593; x_wconf 90' lang='lat' dir='ltr'><strong>jura</strong></span> <span class='ocrx_word' id='word_1_84' title='bbox 1634 1519 1774 1577; x_wconf 90' lang='lat' dir='ltr'><strong>loco.</strong></span> 
     </span>
    </p>
   </div>
   <div class='ocr_carea' id='block_1_14' title="bbox 517 1597 1774 1678">
    <p class='ocr_par' dir='ltr' id='par_1_14' title="bbox 517 1597 1774 1678">
     <span class='ocr_line' id='line_1_14' title="bbox 517 1597 1774 1678; baseline 0.01 -23"><span class='ocrx_word' id='word_1_85' title='bbox 517 1597 801 1657; x_wconf 91' lang='lat' dir='ltr'><strong>Obsistunt</strong></span> <span class='ocrx_word' id='word_1_86' title='bbox 824 1605 993 1671; x_wconf 90' lang='lat' dir='ltr'><strong>vitiis,</strong></span> <span class='ocrx_word' id='word_1_87' title='bbox 1014 1605 1160 1662; x_wconf 94' lang='lat' dir='ltr'><strong>cives</strong></span> <span class='ocrx_word' id='word_1_88' title='bbox 1189 1607 1476 1665; x_wconf 88' lang='lat' dir='ltr'><strong>virtutibus</strong></span> <span class='ocrx_word' id='word_1_89' title='bbox 1505 1619 1739 1678; x_wconf 86' lang='lat' dir='ltr'><strong>armant,</strong></span> <span class='ocrx_word' id='word_1_90' title='bbox 1768 1632 1774 1639; x_wconf 87' lang='grc'>·</span> 
     </span>
    </p>
   </div>
   <div class='ocr_carea' id='block_1_15' title="bbox 585 1688 1792 1771">
    <p class='ocr_par' dir='ltr' id='par_1_15' title="bbox 585 1688 1792 1771">
     <span class='ocr_line' id='line_1_15' title="bbox 585 1688 1792 1771; baseline 0.009 -24"><span class='ocrx_word' id='word_1_91' title='bbox 585 1688 1033 1768; x_wconf 85' lang='lat' dir='ltr'><strong>Componuntque</strong></span> <span class='ocrx_word' id='word_1_92' title='bbox 1058 1692 1248 1753; x_wconf 85' lang='lat' dir='ltr'><strong>urbem</strong></span> <span class='ocrx_word' id='word_1_93' title='bbox 1275 1699 1467 1765; x_wconf 80' lang='lat' dir='ltr'><strong>milite,</strong></span> <span class='ocrx_word' id='word_1_94' title='bbox 1495 1698 1633 1771; x_wconf 87' lang='lat' dir='ltr'><strong>lege,</strong></span> <span class='ocrx_word' id='word_1_95' title='bbox 1668 1698 1792 1758; x_wconf 75' lang='lat' dir='ltr'><strong>fide.</strong></span> 
     </span>
    </p>
   </div>
   <div class='ocr_carea' id='block_1_16' title="bbox 515 1780 1773 1857">
    <p class='ocr_par' dir='ltr' id='par_1_16' title="bbox 515 1780 1773 1857">
     <span class='ocr_line' id='line_1_16' title="bbox 515 1780 1773 1857; baseline 0.01 -18"><span class='ocrx_word' id='word_1_96' title='bbox 515 1780 633 1853; x_wconf 79' lang='lat' dir='ltr'><strong>Ipse</strong></span> <span class='ocrx_word' id='word_1_97' title='bbox 663 1787 975 1842; x_wconf 81' lang='lat' dir='ltr'><strong>sacerdotes</strong></span> <span class='ocrx_word' id='word_1_98' title='bbox 1002 1790 1070 1843; x_wconf 89' lang='lat' dir='ltr'><strong>ad</strong></span> <span class='ocrx_word' id='word_1_99' title='bbox 1109 1791 1307 1845; x_wconf 79' lang='lat' dir='ltr'><strong>mmnia</strong></span> <span class='ocrx_word' id='word_1_100' title='bbox 1338 1800 1524 1847; x_wconf 87' lang='lat' dir='ltr'><strong>nostra</strong></span> <span class='ocrx_word' id='word_1_101' title='bbox 1563 1798 1773 1857; x_wconf 86' lang='lat' dir='ltr'><strong>vocato,</strong></span> 
     </span>
    </p>
   </div>
   <div class='ocr_carea' id='block_1_17' title="bbox 586 1870 1729 1953">
    <p class='ocr_par' dir='ltr' id='par_1_17' title="bbox 586 1870 1729 1953">
     <span class='ocr_line' id='line_1_17' title="bbox 586 1870 1729 1953; baseline 0.01 -26"><span class='ocrx_word' id='word_1_102' title='bbox 586 1872 900 1945; x_wconf 77' lang='lat' dir='ltr'><strong>Horamque</strong></span> <span class='ocrx_word' id='word_1_103' title='bbox 926 1877 1169 1948; x_wconf 79' lang='lat' dir='ltr'><strong>obsequii</strong></span> <span class='ocrx_word' id='word_1_104' title='bbox 1197 1879 1269 1934; x_wconf 86' lang='lat' dir='ltr'><strong>sit</strong></span> <span class='ocrx_word' id='word_1_105' title='bbox 1298 1881 1394 1935; x_wconf 93' lang='lat' dir='ltr'><strong>tibi</strong></span> <span class='ocrx_word' id='word_1_106' title='bbox 1425 1898 1556 1937; x_wconf 87' lang='lat' dir='ltr'><strong>cura</strong></span> <span class='ocrx_word' id='word_1_107' title='bbox 1585 1884 1684 1953; x_wconf 86' lang='lat' dir='ltr'><strong>pii.</strong></span> <span class='ocrx_word' id='word_1_108' title='bbox 1724 1870 1729 1873; x_wconf 54' lang='grc'><strong>’</strong></span> 
     </span>
    </p>
   </div>
   <div class='ocr_carea' id='block_1_18' title="bbox 515 1962 1953 2046">
    <p class='ocr_par' dir='ltr' id='par_1_18' title="bbox 515 1962 1953 2046">
     <span class='ocr_line' id='line_1_18' title="bbox 515 1962 1953 2046; baseline 0.012 -28"><span class='ocrx_word' id='word_1_109' title='bbox 515 1962 722 2019; x_wconf 83' lang='lat' dir='ltr'><strong>Horum</strong></span> <span class='ocrx_word' id='word_1_110' title='bbox 760 1973 812 2020; x_wconf 89' lang='lat' dir='ltr'><strong>te</strong></span> <span class='ocrx_word' id='word_1_111' title='bbox 835 1967 1071 2036; x_wconf 87' lang='lat' dir='ltr'><strong>primum</strong></span> <span class='ocrx_word' id='word_1_112' title='bbox 1106 1968 1335 2040; x_wconf 79' lang='lat' dir='ltr'><strong>genibus</strong></span> <span class='ocrx_word' id='word_1_113' title='bbox 1359 1981 1637 2043; x_wconf 84' lang='lat' dir='ltr'><strong>prostrare</strong></span> <span class='ocrx_word' id='word_1_114' title='bbox 1663 1984 1953 2046; x_wconf 83' lang='lat' dir='ltr'><strong>memento,</strong></span> 
     </span>
    </p>
   </div>
   <div class='ocr_carea' id='block_1_19' title="bbox 586 2056 1609 2137">
    <p class='ocr_par' dir='ltr' id='par_1_19' title="bbox 586 2056 1609 2137">
     <span class='ocr_line' id='line_1_19' title="bbox 586 2056 1609 2137; baseline 0.009 -25"><span class='ocrx_word' id='word_1_115' title='bbox 586 2056 657 2112; x_wconf 90' lang='lat' dir='ltr'><strong>Ut</strong></span> <span class='ocrx_word' id='word_1_116' title='bbox 684 2058 1021 2114; x_wconf 88' lang='lat' dir='ltr'><strong>benedicaris</strong></span> <span class='ocrx_word' id='word_1_117' title='bbox 1045 2075 1281 2117; x_wconf 89' lang='lat' dir='ltr'><strong>cernuus</strong></span> <span class='ocrx_word' id='word_1_118' title='bbox 1304 2062 1430 2119; x_wconf 91' lang='lat' dir='ltr'><strong>inde</strong></span> <span class='ocrx_word' id='word_1_119' title='bbox 1460 2080 1609 2137; x_wconf 81' lang='lat' dir='ltr'><strong>roga.</strong></span> 
     </span>
    </p>
   </div>
   <div class='ocr_carea' id='block_1_20' title="bbox 513 2146 2023 2232">
    <p class='ocr_par' dir='ltr' id='par_1_20' title="bbox 513 2146 2023 2232">
     <span class='ocr_line' id='line_1_20' title="bbox 513 2146 2023 2232; baseline 0.009 -29"><span class='ocrx_word' id='word_1_120' title='bbox 513 2146 645 2203; x_wconf 91' lang='lat' dir='ltr'><strong>Cum</strong></span> <span class='ocrx_word' id='word_1_121' title='bbox 671 2146 834 2204; x_wconf 83' lang='lat' dir='ltr'><strong>fueris</strong></span> <span class='ocrx_word' id='word_1_122' title='bbox 863 2150 1064 2206; x_wconf 87' lang='lat' dir='ltr'><strong>sanctis</strong></span> <span class='ocrx_word' id='word_1_123' title='bbox 1097 2152 1366 2219; x_wconf 86' lang='lat' dir='ltr'><strong>manibus,</strong></span> <span class='ocrx_word' id='word_1_124' title='bbox 1391 2158 1721 2230; x_wconf 87' lang='lat' dir='ltr'><strong>gremiisque</strong></span> <span class='ocrx_word' id='word_1_125' title='bbox 1750 2160 2023 2232; x_wconf 77' lang='lat' dir='ltr'><strong>receptus,</strong></span> 
     </span>
    </p>
   </div>
   <div class='ocr_carea' id='block_1_21' title="bbox 583 2235 1706 2315">
    <p class='ocr_par' dir='ltr' id='par_1_21' title="bbox 583 2235 1706 2315">
     <span class='ocr_line' id='line_1_21' title="bbox 583 2235 1706 2315; baseline 0.01 -24"><span class='ocrx_word' id='word_1_126' title='bbox 583 2235 780 2293; x_wconf 92' lang='lat' dir='ltr'><strong>Oribus</strong></span> <span class='ocrx_word' id='word_1_127' title='bbox 809 2245 863 2293; x_wconf 90' lang='lat' dir='ltr'><strong>et</strong></span> <span class='ocrx_word' id='word_1_128' title='bbox 882 2238 1035 2296; x_wconf 88' lang='lat' dir='ltr'><strong>collis</strong></span> <span class='ocrx_word' id='word_1_129' title='bbox 1065 2242 1249 2297; x_wconf 90' lang='lat' dir='ltr'><strong>oscula</strong></span> <span class='ocrx_word' id='word_1_130' title='bbox 1274 2242 1419 2300; x_wconf 89' lang='lat' dir='ltr'><strong>ferre</strong></span> <span class='ocrx_word' id='word_1_131' title='bbox 1445 2261 1594 2315; x_wconf 88' lang='lat' dir='ltr'><strong>para.</strong></span> <span class='ocrx_word' id='word_1_132' title='bbox 1698 2251 1706 2260; x_wconf 85' lang='lat'>&#39;</span> 
     </span>
    </p>
   </div>
   <div class='ocr_carea' id='block_1_22' title="bbox 513 2326 2023 2411">
    <p class='ocr_par' dir='ltr' id='par_1_22' title="bbox 513 2326 2023 2411">
     <span class='ocr_line' id='line_1_22' title="bbox 513 2326 2023 2411; baseline 0.012 -29"><span class='ocrx_word' id='word_1_133' title='bbox 513 2326 707 2383; x_wconf 83' lang='lat' dir='ltr'><strong>Oscula</strong></span> <span class='ocrx_word' id='word_1_134' title='bbox 737 2345 859 2385; x_wconf 84' lang='lat' dir='ltr'><strong>cum</strong></span> <span class='ocrx_word' id='word_1_135' title='bbox 886 2326 1153 2399; x_wconf 84' lang='lat' dir='ltr'><strong>dederint,</strong></span> <span class='ocrx_word' id='word_1_136' title='bbox 1184 2336 1407 2407; x_wconf 81' lang='lat' dir='ltr'><strong>supplex</strong></span> <span class='ocrx_word' id='word_1_137' title='bbox 1435 2346 1611 2394; x_wconf 88' lang='lat' dir='ltr'><strong>lamen</strong></span> <span class='ocrx_word' id='word_1_138' title='bbox 1640 2338 1823 2398; x_wconf 62' lang='lat' dir='ltr'><strong>oscula</strong></span> <span class='ocrx_word' id='word_1_139' title='bbox 1851 2354 2023 2411; x_wconf 87' lang='lat' dir='ltr'><strong>sume,</strong></span> 
     </span>
    </p>
   </div>
   <div class='ocr_carea' id='block_1_23' title="bbox 582 2410 1669 2490">
    <p class='ocr_par' dir='ltr' id='par_1_23' title="bbox 582 2410 1669 2490">
     <span class='ocr_line' id='line_1_23' title="bbox 582 2410 1669 2490; baseline 0.009 -16"><span class='ocrx_word' id='word_1_140' title='bbox 582 2419 764 2490; x_wconf 89' lang='lat' dir='ltr'><strong>Teque</strong></span> <span class='ocrx_word' id='word_1_141' title='bbox 798 2410 1101 2477; x_wconf 83' lang='lat' dir='ltr'><strong>locuturum</strong></span> <span class='ocrx_word' id='word_1_142' title='bbox 1134 2423 1343 2482; x_wconf 78' lang='lat' dir='ltr'><strong>scilicet</strong></span> <span class='ocrx_word' id='word_1_143' title='bbox 1369 2440 1489 2483; x_wconf 83' lang='lat' dir='ltr'><strong>esse</strong></span> <span class='ocrx_word' id='word_1_144' title='bbox 1515 2440 1669 2486; x_wconf 84' lang='lat' dir='ltr'><strong>cane.</strong></span> 
     </span>
    </p>
   </div>
   <div class='ocr_carea' id='block_1_24' title="bbox 508 2508 1782 2588">
    <p class='ocr_par' dir='ltr' id='par_1_24' title="bbox 508 2508 1782 2588">
     <span class='ocr_line' id='line_1_24' title="bbox 508 2508 1782 2588; baseline 0.009 -23"><span class='ocrx_word' id='word_1_145' title='bbox 508 2508 582 2565; x_wconf 82' lang='lat' dir='ltr'><strong>At</strong></span> <span class='ocrx_word' id='word_1_146' title='bbox 608 2510 703 2564; x_wconf 89' lang='lat' dir='ltr'><strong>tibi</strong></span> <span class='ocrx_word' id='word_1_147' title='bbox 727 2527 850 2566; x_wconf 92' lang='lat' dir='ltr'><strong>cum</strong></span> <span class='ocrx_word' id='word_1_148' title='bbox 877 2512 1043 2568; x_wconf 89' lang='lat' dir='ltr'><strong>fuerit</strong></span> <span class='ocrx_word' id='word_1_149' title='bbox 1067 2526 1325 2572; x_wconf 85' lang='lat' dir='ltr'><strong>concessa</strong></span> <span class='ocrx_word' id='word_1_150' title='bbox 1360 2516 1578 2574; x_wconf 88' lang='lat' dir='ltr'><strong>licentia</strong></span> <span class='ocrx_word' id='word_1_151' title='bbox 1611 2520 1782 2588; x_wconf 79' lang='lat' dir='ltr'><strong>fandi,</strong></span> 
     </span>
    </p>
   </div>
   <div class='ocr_carea' id='block_1_25' title="bbox 580 2589 1866 2681">
    <p class='ocr_par' dir='ltr' id='par_1_25' title="bbox 580 2589 1866 2681">
     <span class='ocr_line' id='line_1_25' title="bbox 580 2589 1866 2681; baseline 0.011 -26"><span class='ocrx_word' id='word_1_152' title='bbox 580 2599 798 2657; x_wconf 78' lang='lat' dir='ltr'><strong>Excusa</strong></span> <span class='ocrx_word' id='word_1_153' title='bbox 828 2589 1128 2679; x_wconf 73' lang='lat' dir='ltr'><strong>auctorem,</strong></span> <span class='ocrx_word' id='word_1_154' title='bbox 1157 2620 1261 2677; x_wconf 87' lang='lat' dir='ltr'><strong>qua</strong></span> <span class='ocrx_word' id='word_1_155' title='bbox 1291 2614 1469 2678; x_wconf 85' lang='lat' dir='ltr'><strong>potes,</strong></span> <span class='ocrx_word' id='word_1_156' title='bbox 1498 2620 1671 2681; x_wconf 84' lang='lat' dir='ltr'><strong>usque</strong></span> <span class='ocrx_word' id='word_1_157' title='bbox 1695 2606 1866 2669; x_wconf 86' lang='lat' dir='ltr'><strong>tuum.</strong></span> 
     </span>
    </p>
   </div>
   <div class='ocr_carea' id='block_1_26' title="bbox 509 2686 2021 2774">
    <p class='ocr_par' dir='ltr' id='par_1_26' title="bbox 509 2686 2021 2774">
     <span class='ocr_line' id='line_1_26' title="bbox 509 2686 2021 2774; baseline 0.012 -30"><span class='ocrx_word' id='word_1_158' title='bbox 509 2686 663 2758; x_wconf 87' lang='lat' dir='ltr'><strong>Quod</strong></span> <span class='ocrx_word' id='word_1_159' title='bbox 692 2705 806 2745; x_wconf 90' lang='lat' dir='ltr'><strong>rem</strong></span> <span class='ocrx_word' id='word_1_160' title='bbox 835 2707 1161 2765; x_wconf 82' lang='lat' dir='ltr'><strong>congressus</strong></span> <span class='ocrx_word' id='word_1_161' title='bbox 1191 2712 1299 2753; x_wconf 89' lang='lat' dir='ltr'><strong>non</strong></span> <span class='ocrx_word' id='word_1_162' title='bbox 1330 2700 1433 2755; x_wconf 88' lang='lat' dir='ltr'><strong>sim</strong></span> <span class='ocrx_word' id='word_1_163' title='bbox 1471 2698 1796 2760; x_wconf 87' lang='lat' dir='ltr'><strong>temerarius</strong></span> <span class='ocrx_word' id='word_1_164' title='bbox 1836 2704 2021 2774; x_wconf 77' lang='lat' dir='ltr'><strong>istam,</strong></span> 
     </span>
    </p>
   </div>
   <div class='ocr_carea' id='block_1_27' title="bbox 579 2779 1913 2868">
    <p class='ocr_par' dir='ltr' id='par_1_27' title="bbox 579 2779 1913 2868">
     <span class='ocr_line' id='line_1_27' title="bbox 579 2779 1913 2868; baseline 0.014 -33"><span class='ocrx_word' id='word_1_165' title='bbox 579 2779 731 2838; x_wconf 84' lang='lat' dir='ltr'><strong>Mens</strong></span> <span class='ocrx_word' id='word_1_166' title='bbox 758 2797 862 2839; x_wconf 89' lang='lat' dir='ltr'><strong>nec</strong></span> <span class='ocrx_word' id='word_1_167' title='bbox 895 2789 1280 2858; x_wconf 73' lang='lat' dir='ltr'><strong>prmsumptrix</strong></span> <span class='ocrx_word' id='word_1_168' title='bbox 1307 2794 1464 2863; x_wconf 82' lang='lat' dir='ltr'><strong>cogat</strong></span> <span class='ocrx_word' id='word_1_169' title='bbox 1492 2795 1560 2849; x_wconf 87' lang='lat' dir='ltr'><strong>ad</strong></span> <span class='ocrx_word' id='word_1_170' title='bbox 1587 2794 1730 2851; x_wconf 83' lang='lat' dir='ltr'><strong>istud</strong></span> <span class='ocrx_word' id='word_1_171' title='bbox 1758 2810 1913 2868; x_wconf 87' lang='lat' dir='ltr'><strong>opus.</strong></span> 
     </span>
    </p>
   </div>
   <div class='ocr_carea' id='block_1_28' title="bbox 507 2870 1899 2955">
    <p class='ocr_par' dir='ltr' id='par_1_28' title="bbox 507 2870 1899 2955">
     <span class='ocr_line' id='line_1_28' title="bbox 507 2870 1899 2955; baseline 0.014 -28"><span class='ocrx_word' id='word_1_172' title='bbox 507 2870 619 2929; x_wconf 87' lang='lat' dir='ltr'><strong>Nec</strong></span> <span class='ocrx_word' id='word_1_173' title='bbox 640 2888 728 2929; x_wconf 91' lang='lat' dir='ltr'><strong>me</strong></span> <span class='ocrx_word' id='word_1_174' title='bbox 754 2874 1074 2945; x_wconf 70' lang='lat' dir='ltr'><strong>praesulibus</strong></span> <span class='ocrx_word' id='word_1_175' title='bbox 1104 2878 1382 2936; x_wconf 86' lang='lat' dir='ltr'><strong>doctorem</strong></span> <span class='ocrx_word' id='word_1_176' title='bbox 1419 2886 1648 2952; x_wconf 80' lang='lat' dir='ltr'><strong>praefero</strong></span> <span class='ocrx_word' id='word_1_177' title='bbox 1679 2890 1899 2955; x_wconf 76' lang='lat' dir='ltr'><strong>sanctis,</strong></span> 
     </span>
    </p>
   </div>
   <div class='ocr_carea' id='block_1_29' title="bbox 577 2961 1749 3033">
    <p class='ocr_par' dir='ltr' id='par_1_29' title="bbox 577 2961 1749 3033">
     <span class='ocr_line' id='line_1_29' title="bbox 577 2961 1749 3033; baseline 0.015 -17"><span class='ocrx_word' id='word_1_178' title='bbox 577 2961 817 3030; x_wconf 90' lang='lat' dir='ltr'><strong>Quorum</strong></span> <span class='ocrx_word' id='word_1_179' title='bbox 850 2965 964 3020; x_wconf 84' lang='lat' dir='ltr'><strong>vita</strong></span> <span class='ocrx_word' id='word_1_180' title='bbox 992 2967 1126 3023; x_wconf 83' lang='lat' dir='ltr'><strong>mihi</strong></span> <span class='ocrx_word' id='word_1_181' title='bbox 1150 2980 1340 3025; x_wconf 86' lang='lat' dir='ltr'><strong>norma</strong></span> <span class='ocrx_word' id='word_1_182' title='bbox 1371 2974 1563 3031; x_wconf 90' lang='lat' dir='ltr'><strong>salutis</strong></span> <span class='ocrx_word' id='word_1_183' title='bbox 1590 2976 1749 3033; x_wconf 89' lang='lat' dir='ltr'><strong>inest.</strong></span> 
     </span>
    </p>
   </div>
   <div class='ocr_carea' id='block_1_30' title="bbox 506 3049 1950 3130">
    <p class='ocr_par' dir='ltr' id='par_1_30' title="bbox 506 3049 1950 3130">
     <span class='ocr_line' id='line_1_30' title="bbox 506 3049 1950 3130; baseline 0.015 -24"><span class='ocrx_word' id='word_1_184' title='bbox 506 3049 683 3107; x_wconf 85' lang='lat' dir='ltr'><strong>Parva</strong></span> <span class='ocrx_word' id='word_1_185' title='bbox 709 3055 805 3110; x_wconf 90' lang='lat' dir='ltr'><strong>sed</strong></span> <span class='ocrx_word' id='word_1_186' title='bbox 827 3067 854 3096; x_wconf 80' lang='grc' dir='ltr'><strong>ι</strong></span> <span class='ocrx_word' id='word_1_187' title='bbox 882 3054 937 3111; x_wconf 92' lang='lat' dir='ltr'><strong>in</strong></span> <span class='ocrx_word' id='word_1_188' title='bbox 983 3070 1177 3130; x_wconf 88' lang='lat' dir='ltr'><strong>magna</strong></span> <span class='ocrx_word' id='word_1_189' title='bbox 1219 3074 1342 3117; x_wconf 88' lang='lat' dir='ltr'><strong>eum</strong></span> <span class='ocrx_word' id='word_1_190' title='bbox 1381 3065 1484 3119; x_wconf 86' lang='lat' dir='ltr'><strong>sim</strong></span> <span class='ocrx_word' id='word_1_191' title='bbox 1521 3065 1766 3125; x_wconf 86' lang='lat' dir='ltr'><strong>Levitide</strong></span> <span class='ocrx_word' id='word_1_192' title='bbox 1790 3072 1950 3127; x_wconf 81' lang='lat' dir='ltr'><strong>turba</strong></span> 
     </span>
    </p>
   </div>
   <div class='ocr_carea' id='block_1_31' title="bbox 576 3141 1946 3229">
    <p class='ocr_par' dir='ltr' id='par_1_31' title="bbox 576 3141 1946 3229">
     <span class='ocr_line' id='line_1_31' title="bbox 576 3141 1946 3229; baseline 0.015 -32"><span class='ocrx_word' id='word_1_193' title='bbox 576 3141 732 3209; x_wconf 85' lang='lat' dir='ltr'><strong>Pars,</strong></span> <span class='ocrx_word' id='word_1_194' title='bbox 757 3142 939 3216; x_wconf 89' lang='lat' dir='ltr'><strong>placet</strong></span> <span class='ocrx_word' id='word_1_195' title='bbox 971 3157 1032 3203; x_wconf 88' lang='lat' dir='ltr'><strong>ut</strong></span> <span class='ocrx_word' id='word_1_196' title='bbox 1057 3158 1242 3220; x_wconf 86' lang='lat' dir='ltr'><strong>patres</strong></span> <span class='ocrx_word' id='word_1_197' title='bbox 1270 3168 1379 3224; x_wconf 90' lang='lat' dir='ltr'><strong>qua</strong></span> <span class='ocrx_word' id='word_1_198' title='bbox 1408 3170 1549 3226; x_wconf 89' lang='lat' dir='ltr'><strong>queo</strong></span> <span class='ocrx_word' id='word_1_199' title='bbox 1577 3167 1724 3214; x_wconf 81' lang='lat' dir='ltr'><strong>sorte</strong></span> <span class='ocrx_word' id='word_1_200' title='bbox 1744 3160 1946 3229; x_wconf 82' lang='lat' dir='ltr'><strong>iuvem.</strong></span> 
     </span>
    </p>
   </div>
   <div class='ocr_carea' id='block_1_32' title="bbox 507 3232 1732 3317">
    <p class='ocr_par' dir='ltr' id='par_1_32' title="bbox 507 3232 1732 3317">
     <span class='ocr_line' id='line_1_32' title="bbox 507 3232 1732 3317; baseline 0.014 -28"><span class='ocrx_word' id='word_1_201' title='bbox 507 3232 718 3306; x_wconf 85' lang='lat' dir='ltr'><strong>Quique</strong></span> <span class='ocrx_word' id='word_1_202' title='bbox 747 3237 837 3307; x_wconf 93' lang='lat' dir='ltr'><strong>pio</strong></span> <span class='ocrx_word' id='word_1_203' title='bbox 862 3239 1041 3309; x_wconf 91' lang='lat' dir='ltr'><strong>cupio,</strong></span> <span class='ocrx_word' id='word_1_204' title='bbox 1078 3243 1248 3311; x_wconf 87' lang='lat' dir='ltr'><strong>soleo,</strong></span> <span class='ocrx_word' id='word_1_205' title='bbox 1275 3245 1358 3301; x_wconf 90' lang='lat' dir='ltr'><strong>vel</strong></span> <span class='ocrx_word' id='word_1_206' title='bbox 1386 3246 1558 3303; x_wconf 89' lang='lat' dir='ltr'><strong>debeo</strong></span> <span class='ocrx_word' id='word_1_207' title='bbox 1585 3259 1732 3317; x_wconf 84' lang='lat' dir='ltr'><strong>voto,</strong></span> 
     </span>
    </p>
   </div>
   <div class='ocr_carea' id='block_1_33' title="bbox 576 3326 1831 3408">
    <p class='ocr_par' dir='ltr' id='par_1_33' title="bbox 576 3326 1831 3408">
     <span class='ocr_line' id='line_1_33' title="bbox 576 3326 1831 3408; baseline 0.016 -28"><span class='ocrx_word' id='word_1_208' title='bbox 576 3326 673 3383; x_wconf 82' lang='lat' dir='ltr'><strong>Bis</strong></span> <span class='ocrx_word' id='word_1_209' title='bbox 704 3329 909 3386; x_wconf 80' lang='lat' dir='ltr'><strong>servire</strong></span> <span class='ocrx_word' id='word_1_210' title='bbox 934 3328 1173 3402; x_wconf 85' lang='lat' dir='ltr'><strong>humilis,</strong></span> <span class='ocrx_word' id='word_1_211' title='bbox 1202 3335 1396 3408; x_wconf 87' lang='lat' dir='ltr'><strong>hisque</strong></span> <span class='ocrx_word' id='word_1_212' title='bbox 1425 3339 1609 3397; x_wconf 87' lang='lat' dir='ltr'><strong>favere</strong></span> <span class='ocrx_word' id='word_1_213' title='bbox 1638 3343 1831 3401; x_wconf 91' lang='lat' dir='ltr'><strong>libens.</strong></span> 
     </span>
    </p>
   </div>
   <div class='ocr_carea' id='block_1_34' title="bbox 506 3417 1805 3501">
    <p class='ocr_par' dir='ltr' id='par_1_34' title="bbox 506 3417 1805 3501">
     <span class='ocr_line' id='line_1_34' title="bbox 506 3417 1805 3501; baseline 0.012 -27"><span class='ocrx_word' id='word_1_214' title='bbox 506 3417 579 3474; x_wconf 89' lang='lat' dir='ltr'><strong>Ut</strong></span> <span class='ocrx_word' id='word_1_215' title='bbox 602 3419 739 3476; x_wconf 87' lang='lat' dir='ltr'><strong>bene</strong></span> <span class='ocrx_word' id='word_1_216' title='bbox 761 3421 892 3477; x_wconf 84' lang='lat' dir='ltr'><strong>sella</strong></span> <span class='ocrx_word' id='word_1_217' title='bbox 915 3423 1031 3480; x_wconf 90' lang='lat' dir='ltr'><strong>solo</strong></span> <span class='ocrx_word' id='word_1_218' title='bbox 1060 3425 1318 3494; x_wconf 86' lang='lat' dir='ltr'><strong>emineat,</strong></span> <span class='ocrx_word' id='word_1_219' title='bbox 1344 3429 1599 3499; x_wconf 90' lang='lat' dir='ltr'><strong>pulvilius</strong></span> <span class='ocrx_word' id='word_1_220' title='bbox 1630 3442 1684 3488; x_wconf 92' lang='lat' dir='ltr'><strong>et</strong></span> <span class='ocrx_word' id='word_1_221' title='bbox 1709 3434 1805 3501; x_wconf 90' lang='lat' dir='ltr'><strong>illi,</strong></span> 
     </span>
    </p>
   </div>
   <div class='ocr_carea' id='block_1_35' title="bbox 571 3509 1714 3594">
    <p class='ocr_par' dir='ltr' id='par_1_35' title="bbox 571 3509 1714 3594">
     <span class='ocr_line' id='line_1_35' title="bbox 571 3509 1714 3594; baseline 0.014 -28"><span class='ocrx_word' id='word_1_222' title='bbox 571 3509 670 3567; x_wconf 89' lang='lat' dir='ltr'><strong>Est</strong></span> <span class='ocrx_word' id='word_1_223' title='bbox 692 3527 823 3569; x_wconf 88' lang='lat' dir='ltr'><strong>cura</strong></span> <span class='ocrx_word' id='word_1_224' title='bbox 851 3523 912 3571; x_wconf 90' lang='lat' dir='ltr'><strong>ut</strong></span> <span class='ocrx_word' id='word_1_225' title='bbox 940 3518 1083 3573; x_wconf 88' lang='lat' dir='ltr'><strong>votis</strong></span> <span class='ocrx_word' id='word_1_226' title='bbox 1106 3520 1180 3574; x_wconf 87' lang='lat' dir='ltr'><strong>sit</strong></span> <span class='ocrx_word' id='word_1_227' title='bbox 1205 3522 1378 3591; x_wconf 85' lang='lat' dir='ltr'><strong>patris</strong></span> <span class='ocrx_word' id='word_1_228' title='bbox 1407 3531 1532 3594; x_wconf 89' lang='lat' dir='ltr'><strong>apta</strong></span> <span class='ocrx_word' id='word_1_229' title='bbox 1559 3527 1714 3582; x_wconf 85' lang='lat' dir='ltr'><strong>satis.</strong></span> 
     </span>
    </p>
   </div>
   <div class='ocr_carea' id='block_1_36' title="bbox 500 3603 1945 3695">
    <p class='ocr_par' dir='ltr' id='par_1_36' title="bbox 500 3603 1945 3695">
     <span class='ocr_line' id='line_1_36' title="bbox 500 3603 1945 3695; baseline 0.015 -36"><span class='ocrx_word' id='word_1_230' title='bbox 500 3603 668 3661; x_wconf 89' lang='lat' dir='ltr'><strong>Linea</strong></span> <span class='ocrx_word' id='word_1_231' title='bbox 694 3620 926 3680; x_wconf 89' lang='lat' dir='ltr'><strong>crusque</strong></span> <span class='ocrx_word' id='word_1_232' title='bbox 957 3610 1234 3683; x_wconf 91' lang='lat' dir='ltr'><strong>pedesque</strong></span> <span class='ocrx_word' id='word_1_233' title='bbox 1270 3620 1454 3687; x_wconf 81' lang='lat' dir='ltr'><strong>tegant</strong></span> <span class='ocrx_word' id='word_1_234' title='bbox 1497 3619 1686 3675; x_wconf 85' lang='lat' dir='ltr'><strong>talaria</strong></span> <span class='ocrx_word' id='word_1_235' title='bbox 1717 3627 1777 3676; x_wconf 88' lang='lat' dir='ltr'><strong>ut</strong></span> <span class='ocrx_word' id='word_1_236' title='bbox 1802 3632 1945 3695; x_wconf 80' lang='lat' dir='ltr'><strong>apte,</strong></span> 
     </span>
    </p>
   </div>
   <div class='ocr_carea' id='block_1_37' title="bbox 571 3694 1837 3780">
    <p class='ocr_par' dir='ltr' id='par_1_37' title="bbox 571 3694 1837 3780">
     <span class='ocr_line' id='line_1_37' title="bbox 571 3694 1837 3780; baseline 0.017 -32"><span class='ocrx_word' id='word_1_237' title='bbox 571 3694 672 3763; x_wconf 85' lang='lat' dir='ltr'><strong>Qui</strong></span> <span class='ocrx_word' id='word_1_238' title='bbox 695 3710 859 3769; x_wconf 88' lang='lat' dir='ltr'><strong>super</strong></span> <span class='ocrx_word' id='word_1_239' title='bbox 885 3696 1115 3756; x_wconf 83' lang='lat' dir='ltr'><strong>addatur</strong></span> <span class='ocrx_word' id='word_1_240' title='bbox 1146 3718 1439 3778; x_wconf 83' lang='lat' dir='ltr'><strong>campagus</strong></span> <span class='ocrx_word' id='word_1_241' title='bbox 1476 3711 1590 3780; x_wconf 89' lang='lat' dir='ltr'><strong>ipse</strong></span> <span class='ocrx_word' id='word_1_242' title='bbox 1618 3712 1837 3770; x_wconf 86' lang='lat' dir='ltr'><strong>decens.</strong></span> 
     </span>
    </p>
   </div>
   <div class='ocr_carea' id='block_1_38' title="bbox 499 3786 1971 3863">
    <p class='ocr_par' dir='ltr' id='par_1_38' title="bbox 499 3786 1971 3863">
     <span class='ocr_line' id='line_1_38' title="bbox 499 3786 1971 3863; baseline 0.016 -22"><span class='ocrx_word' id='word_1_243' title='bbox 499 3786 751 3844; x_wconf 87' lang='lat' dir='ltr'><strong>Fundere</strong></span> <span class='ocrx_word' id='word_1_244' title='bbox 775 3804 973 3862; x_wconf 88' lang='lat' dir='ltr'><strong>aquam</strong></span> <span class='ocrx_word' id='word_1_245' title='bbox 1004 3793 1217 3862; x_wconf 87' lang='lat' dir='ltr'><strong>palmis,</strong></span> <span class='ocrx_word' id='word_1_246' title='bbox 1252 3800 1491 3855; x_wconf 87' lang='lat' dir='ltr'><strong>mantilia</strong></span> <span class='ocrx_word' id='word_1_247' title='bbox 1518 3802 1661 3859; x_wconf 87' lang='lat' dir='ltr'><strong>ferre</strong></span> <span class='ocrx_word' id='word_1_248' title='bbox 1690 3808 1971 3863; x_wconf 86' lang='lat' dir='ltr'><strong>studemus</strong></span> 
     </span>
    </p>
   </div>
   <div class='ocr_carea' id='block_1_39' title="bbox 569 3876 1679 3959">
    <p class='ocr_par' dir='ltr' id='par_1_39' title="bbox 569 3876 1679 3959">
     <span class='ocr_line' id='line_1_39' title="bbox 569 3876 1679 3959; baseline 0.017 -29"><span class='ocrx_word' id='word_1_249' title='bbox 569 3876 808 3947; x_wconf 75' lang='lat' dir='ltr'><strong>Impcxo,</strong></span> <span class='ocrx_word' id='word_1_250' title='bbox 840 3882 1035 3938; x_wconf 87' lang='lat' dir='ltr'><strong>tunicis</strong></span> <span class='ocrx_word' id='word_1_251' title='bbox 1063 3886 1245 3941; x_wconf 89' lang='lat' dir='ltr'><strong>instita</strong></span> <span class='ocrx_word' id='word_1_252' title='bbox 1273 3886 1428 3959; x_wconf 85' lang='lat' dir='ltr'><strong>longa</strong></span> <span class='ocrx_word' id='word_1_253' title='bbox 1469 3893 1679 3949; x_wconf 90' lang='lat' dir='ltr'><strong>damus.</strong></span> 
     </span>
    </p>
   </div>
   <div class='ocr_carea' id='block_1_40' title="bbox 498 3968 1800 4059">
    <p class='ocr_par' dir='ltr' id='par_1_40' title="bbox 498 3968 1800 4059">
     <span class='ocr_line' id='line_1_40' title="bbox 498 3968 1800 4059; baseline 0.014 -34"><span class='ocrx_word' id='word_1_254' title='bbox 498 3968 737 4051; x_wconf 84' lang='lat' dir='ltr'><strong>Candida</strong></span> <span class='ocrx_word' id='word_1_255' title='bbox 763 3980 825 4025; x_wconf 90' lang='lat' dir='ltr'><strong>ut</strong></span> <span class='ocrx_word' id='word_1_256' title='bbox 846 3973 1087 4029; x_wconf 76' lang='lat' dir='ltr'><strong>extensis</strong></span> <span class='ocrx_word' id='word_1_257' title='bbox 1115 3977 1285 4033; x_wconf 84' lang='lat' dir='ltr'><strong>niteat</strong></span> <span class='ocrx_word' id='word_1_258' title='bbox 1313 3980 1596 4038; x_wconf 86' lang='lat' dir='ltr'><strong>dalmatica</strong></span> <span class='ocrx_word' id='word_1_259' title='bbox 1632 3990 1800 4059; x_wconf 82' lang='lat' dir='ltr'><strong>rugis,</strong></span> 
     </span>
    </p>
   </div>
   <div class='ocr_carea' id='block_1_41' title="bbox 568 4048 1769 4145">
    <p class='ocr_par' dir='ltr' id='par_1_41' title="bbox 568 4048 1769 4145">
     <span class='ocr_line' id='line_1_41' title="bbox 568 4048 1769 4145; baseline 0.015 -30"><span class='ocrx_word' id='word_1_260' title='bbox 568 4048 809 4117; x_wconf 86' lang='lat' dir='ltr'><strong>Fimbria</strong></span> <span class='ocrx_word' id='word_1_261' title='bbox 839 4074 974 4121; x_wconf 83' lang='lat' dir='ltr'><strong>neve</strong></span> <span class='ocrx_word' id='word_1_262' title='bbox 1011 4068 1157 4122; x_wconf 85' lang='lat' dir='ltr'><strong>erret</strong></span> <span class='ocrx_word' id='word_1_263' title='bbox 1183 4069 1308 4125; x_wconf 90' lang='lat' dir='ltr'><strong>huic</strong></span> <span class='ocrx_word' id='word_1_264' title='bbox 1333 4073 1448 4127; x_wconf 87' lang='lat' dir='ltr'><strong>sine</strong></span> <span class='ocrx_word' id='word_1_265' title='bbox 1475 4073 1590 4145; x_wconf 84' lang='lat' dir='ltr'><strong>lege</strong></span> <span class='ocrx_word' id='word_1_266' title='bbox 1614 4048 1769 4135; x_wconf 71' lang='lat' dir='ltr'><strong>levis.</strong></span> 
     </span>
    </p>
   </div>
   <div class='ocr_carea' id='block_1_42' title="bbox 497 4151 1903 4241">
    <p class='ocr_par' dir='ltr' id='par_1_42' title="bbox 497 4151 1903 4241">
     <span class='ocr_line' id='line_1_42' title="bbox 497 4151 1903 4241; baseline 0.014 -32"><span class='ocrx_word' id='word_1_267' title='bbox 497 4151 665 4209; x_wconf 89' lang='lat' dir='ltr'><strong>Pallia</strong></span> <span class='ocrx_word' id='word_1_268' title='bbox 690 4164 742 4209; x_wconf 87' lang='lat' dir='ltr'><strong>ut</strong></span> <span class='ocrx_word' id='word_1_269' title='bbox 773 4164 983 4222; x_wconf 90' lang='lat' dir='ltr'><strong>ornate,</strong></span> <span class='ocrx_word' id='word_1_270' title='bbox 1012 4154 1256 4231; x_wconf 83' lang='lat' dir='ltr'><strong>chlamys</strong></span> <span class='ocrx_word' id='word_1_271' title='bbox 1280 4172 1339 4216; x_wconf 90' lang='lat' dir='ltr'><strong>ut</strong></span> <span class='ocrx_word' id='word_1_272' title='bbox 1363 4163 1500 4220; x_wconf 89' lang='lat' dir='ltr'><strong>bene</strong></span> <span class='ocrx_word' id='word_1_273' title='bbox 1528 4171 1759 4236; x_wconf 86' lang='lat' dir='ltr'><strong>pendeat</strong></span> <span class='ocrx_word' id='word_1_274' title='bbox 1785 4173 1903 4241; x_wconf 85' lang='lat' dir='ltr'><strong>ipsa</strong></span> 
     </span>
    </p>
   </div>
   <div class='ocr_carea' id='block_1_43' title="bbox 568 4244 1758 4323">
    <p class='ocr_par' dir='ltr' id='par_1_43' title="bbox 568 4244 1758 4323">
     <span class='ocr_line' id='line_1_43' title="bbox 568 4244 1758 4323; baseline 0.016 -23"><span class='ocrx_word' id='word_1_275' title='bbox 568 4244 749 4314; x_wconf 87' lang='lat' dir='ltr'><strong>Certo,</strong></span> <span class='ocrx_word' id='word_1_276' title='bbox 779 4260 1078 4321; x_wconf 87' lang='lat' dir='ltr'><strong>manusque</strong></span> <span class='ocrx_word' id='word_1_277' title='bbox 1100 4256 1262 4323; x_wconf 87' lang='lat' dir='ltr'><strong>caput</strong></span> <span class='ocrx_word' id='word_1_278' title='bbox 1289 4256 1473 4312; x_wconf 89' lang='lat' dir='ltr'><strong>sedula</strong></span> <span class='ocrx_word' id='word_1_279' title='bbox 1501 4263 1667 4317; x_wconf 87' lang='lat' dir='ltr'><strong>comit</strong></span> <span class='ocrx_word' id='word_1_280' title='bbox 1688 4264 1758 4318; x_wconf 93' lang='lat' dir='ltr'><strong>ei.</strong></span> 
     </span>
    </p>
   </div>
   <div class='ocr_carea' id='block_1_44' title="bbox 495 4337 1935 4422">
    <p class='ocr_par' dir='ltr' id='par_1_44' title="bbox 495 4337 1935 4422">
     <span class='ocr_line' id='line_1_44' title="bbox 495 4337 1935 4422; baseline 0.015 -28"><span class='ocrx_word' id='word_1_281' title='bbox 495 4337 591 4394; x_wconf 81' lang='lat' dir='ltr'><strong>Est</strong></span> <span class='ocrx_word' id='word_1_282' title='bbox 612 4338 765 4395; x_wconf 88' lang='lat' dir='ltr'><strong>labor</strong></span> <span class='ocrx_word' id='word_1_283' title='bbox 792 4348 846 4397; x_wconf 90' lang='lat' dir='ltr'><strong>et</strong></span> <span class='ocrx_word' id='word_1_284' title='bbox 875 4342 1073 4415; x_wconf 80' lang='lat' dir='ltr'><strong>digitis,</strong></span> <span class='ocrx_word' id='word_1_285' title='bbox 1117 4346 1161 4400; x_wconf 90' lang='lat' dir='ltr'><strong>si</strong></span> <span class='ocrx_word' id='word_1_286' title='bbox 1188 4362 1308 4416; x_wconf 73' lang='lat' dir='ltr'><strong>qua:</strong></span> <span class='ocrx_word' id='word_1_287' title='bbox 1344 4349 1473 4415; x_wconf 91' lang='lat' dir='ltr'><strong>sint,</strong></span> <span class='ocrx_word' id='word_1_288' title='bbox 1505 4354 1694 4410; x_wconf 86' lang='lat' dir='ltr'><strong>tollere</strong></span> <span class='ocrx_word' id='word_1_289' title='bbox 1723 4358 1935 4422; x_wconf 83' lang='lat' dir='ltr'><strong>sordes.</strong></span> 
     </span>
    </p>
   </div>
   <div class='ocr_carea' id='block_1_45' title="bbox 566 4430 1610 4510">
    <p class='ocr_par' dir='ltr' id='par_1_45' title="bbox 566 4430 1610 4510">
     <span class='ocr_line' id='line_1_45' title="bbox 566 4430 1610 4510; baseline 0.012 -25"><span class='ocrx_word' id='word_1_290' title='bbox 566 4430 772 4488; x_wconf 86' lang='lat' dir='ltr'><strong>Plantis</strong></span> <span class='ocrx_word' id='word_1_291' title='bbox 798 4446 862 4488; x_wconf 88' lang='lat' dir='ltr'><strong>ac</strong></span> <span class='ocrx_word' id='word_1_292' title='bbox 887 4443 999 4489; x_wconf 89' lang='lat' dir='ltr'><strong>toto</strong></span> <span class='ocrx_word' id='word_1_293' title='bbox 1017 4436 1352 4495; x_wconf 88' lang='lat' dir='ltr'><strong>subnitidare</strong></span> <span class='ocrx_word' id='word_1_294' title='bbox 1378 4452 1610 4510; x_wconf 87' lang='lat' dir='ltr'><strong>patrem.</strong></span> 
     </span>
    </p>
   </div>
   <div class='ocr_carea' id='block_1_46' title="bbox 500 4518 1791 4591">
    <p class='ocr_par' dir='ltr' id='par_1_46' title="bbox 500 4518 1791 4591">
     <span class='ocr_line' id='line_1_46' title="bbox 500 4518 1791 4591; baseline 0.015 -19"><span class='ocrx_word' id='word_1_295' title='bbox 500 4518 724 4575; x_wconf 87' lang='lat' dir='ltr'><strong>Lumine</strong></span> <span class='ocrx_word' id='word_1_296' title='bbox 743 4520 809 4576; x_wconf 91' lang='lat' dir='ltr'><strong>de</strong></span> <span class='ocrx_word' id='word_1_297' title='bbox 834 4538 1064 4579; x_wconf 90' lang='lat' dir='ltr'><strong>accenso</strong></span> <span class='ocrx_word' id='word_1_298' title='bbox 1095 4525 1141 4579; x_wconf 90' lang='lat' dir='ltr'><strong>si</strong></span> <span class='ocrx_word' id='word_1_299' title='bbox 1172 4541 1296 4581; x_wconf 87' lang='lat' dir='ltr'><strong>cera</strong></span> <span class='ocrx_word' id='word_1_300' title='bbox 1326 4542 1420 4584; x_wconf 89' lang='lat' dir='ltr'><strong>aut</strong></span> <span class='ocrx_word' id='word_1_301' title='bbox 1445 4533 1639 4588; x_wconf 85' lang='lat' dir='ltr'><strong>humor</strong></span> <span class='ocrx_word' id='word_1_302' title='bbox 1663 4535 1791 4591; x_wconf 85' lang='lat' dir='ltr'><strong>olivi</strong></span> 
     </span>
    </p>
   </div>
   <div class='ocr_carea' id='block_1_47' title="bbox 567 4608 1758 4690">
    <p class='ocr_par' dir='ltr' id='par_1_47' title="bbox 567 4608 1758 4690">
     <span class='ocr_line' id='line_1_47' title="bbox 567 4608 1758 4690; baseline 0.017 -29"><span class='ocrx_word' id='word_1_303' title='bbox 567 4609 781 4674; x_wconf 84' lang='lat' dir='ltr'><strong>Deﬂuit,</strong></span> <span class='ocrx_word' id='word_1_304' title='bbox 807 4608 921 4666; x_wconf 60' lang='lat' dir='ltr'><strong>haec</strong></span> <span class='ocrx_word' id='word_1_305' title='bbox 949 4612 1130 4683; x_wconf 87' lang='lat' dir='ltr'><strong>digitis</strong></span> <span class='ocrx_word' id='word_1_306' title='bbox 1151 4622 1299 4670; x_wconf 90' lang='lat' dir='ltr'><strong>veste</strong></span> <span class='ocrx_word' id='word_1_307' title='bbox 1326 4617 1581 4690; x_wconf 87' lang='lat' dir='ltr'><strong>fugantur</strong></span> <span class='ocrx_word' id='word_1_308' title='bbox 1608 4626 1758 4681; x_wconf 90' lang='lat' dir='ltr'><strong>item.</strong></span> 
     </span>
    </p>
   </div>
   <div class='ocr_carea' id='block_1_48' title="bbox 496 4695 1807 4785">
    <p class='ocr_par' dir='ltr' id='par_1_48' title="bbox 496 4695 1807 4785">
     <span class='ocr_line' id='line_1_48' title="bbox 496 4695 1807 4785; baseline 0.018 -36"><span class='ocrx_word' id='word_1_309' title='bbox 496 4695 737 4767; x_wconf 90' lang='lat' dir='ltr'><strong>Occupat</strong></span> <span class='ocrx_word' id='word_1_310' title='bbox 763 4707 817 4753; x_wconf 90' lang='lat' dir='ltr'><strong>et</strong></span> <span class='ocrx_word' id='word_1_311' title='bbox 851 4699 1047 4756; x_wconf 81' lang='lat' dir='ltr'><strong>faciem</strong></span> <span class='ocrx_word' id='word_1_312' title='bbox 1070 4704 1114 4757; x_wconf 91' lang='lat' dir='ltr'><strong>si</strong></span> <span class='ocrx_word' id='word_1_313' title='bbox 1139 4705 1321 4772; x_wconf 87' lang='lat' dir='ltr'><strong>sudor,</strong></span> <span class='ocrx_word' id='word_1_314' title='bbox 1356 4712 1616 4780; x_wconf 86' lang='lat' dir='ltr'><strong>tergimus</strong></span> <span class='ocrx_word' id='word_1_315' title='bbox 1638 4715 1807 4785; x_wconf 88' lang='lat' dir='ltr'><strong>illam,</strong></span> 
     </span>
    </p>
   </div>
   <div class='ocr_carea' id='block_1_49' title="bbox 568 4785 1587 4861">
    <p class='ocr_par' dir='ltr' id='par_1_49' title="bbox 568 4785 1587 4861">
     <span class='ocr_line' id='line_1_49' title="bbox 568 4785 1587 4861; baseline 0.021 -21"><span class='ocrx_word' id='word_1_316' title='bbox 568 4785 623 4842; x_wconf 92' lang='lat' dir='ltr'><strong>Si</strong></span> <span class='ocrx_word' id='word_1_317' title='bbox 656 4789 830 4859; x_wconf 87' lang='lat' dir='ltr'><strong>pulvis</strong></span> <span class='ocrx_word' id='word_1_318' title='bbox 857 4799 1055 4859; x_wconf 84' lang='lat' dir='ltr'><strong>vestes,</strong></span> <span class='ocrx_word' id='word_1_319' title='bbox 1085 4798 1436 4857; x_wconf 75' lang='lat' dir='ltr'><strong>excutiendas</strong></span> <span class='ocrx_word' id='word_1_320' title='bbox 1462 4806 1587 4861; x_wconf 88' lang='lat' dir='ltr'><strong>erit.</strong></span> 
     </span>
    </p>
   </div>
   <div class='ocr_carea' id='block_1_50' title="bbox 493 4873 1888 4970">
    <p class='ocr_par' dir='ltr' id='par_1_50' title="bbox 493 4873 1888 4970">
     <span class='ocr_line' id='line_1_50' title="bbox 493 4873 1888 4970; baseline 0.021 -41"><span class='ocrx_word' id='word_1_321' title='bbox 493 4873 689 4948; x_wconf 80' lang='lat' dir='ltr'><strong>Frigus</strong></span> <span class='ocrx_word' id='word_1_322' title='bbox 716 4885 776 4932; x_wconf 90' lang='lat' dir='ltr'><strong>ut</strong></span> <span class='ocrx_word' id='word_1_323' title='bbox 802 4880 1074 4952; x_wconf 87' lang='lat' dir='ltr'><strong>abscedat,</strong></span> <span class='ocrx_word' id='word_1_324' title='bbox 1106 4888 1440 4948; x_wconf 83' lang='lat' dir='ltr'><strong>substramus</strong></span> <span class='ocrx_word' id='word_1_325' title='bbox 1467 4897 1628 4965; x_wconf 88' lang='lat' dir='ltr'><strong>pallia</strong></span> <span class='ocrx_word' id='word_1_326' title='bbox 1653 4900 1888 4970; x_wconf 89' lang='lat' dir='ltr'><strong>plantis:</strong></span> 
     </span>
    </p>
   </div>
   <div class='ocr_carea' id='block_1_51' title="bbox 564 4966 1607 5056">
    <p class='ocr_par' dir='ltr' id='par_1_51' title="bbox 564 4966 1607 5056">
     <span class='ocr_line' id='line_1_51' title="bbox 564 4966 1607 5056; baseline 0.022 -37"><span class='ocrx_word' id='word_1_327' title='bbox 564 4966 852 5024; x_wconf 88' lang='lat' dir='ltr'><strong>Fervorem</strong></span> <span class='ocrx_word' id='word_1_328' title='bbox 878 4970 997 5027; x_wconf 82' lang='lat' dir='ltr'><strong>falsi</strong></span> <span class='ocrx_word' id='word_1_329' title='bbox 1021 4973 1252 5033; x_wconf 86' lang='lat' dir='ltr'><strong>ﬂaminis</strong></span> <span class='ocrx_word' id='word_1_330' title='bbox 1282 4994 1415 5037; x_wconf 87' lang='lat' dir='ltr'><strong>aura</strong></span> <span class='ocrx_word' id='word_1_331' title='bbox 1441 4983 1607 5056; x_wconf 81' lang='lat' dir='ltr'><strong>fugat.</strong></span> 
     </span>
    </p>
   </div>
   <div class='ocr_carea' id='block_1_52' title="bbox 494 5056 1859 5152">
    <p class='ocr_par' dir='ltr' id='par_1_52' title="bbox 494 5056 1859 5152">
     <span class='ocr_line' id='line_1_52' title="bbox 494 5056 1859 5152; baseline 0.022 -41"><span class='ocrx_word' id='word_1_332' title='bbox 494 5056 710 5127; x_wconf 86' lang='lat' dir='ltr'><strong>Tentet,</strong></span> <span class='ocrx_word' id='word_1_333' title='bbox 742 5063 819 5118; x_wconf 87' lang='lat' dir='ltr'><strong>ait</strong></span> <span class='ocrx_word' id='word_1_334' title='bbox 845 5064 1123 5135; x_wconf 88' lang='lat' dir='ltr'><strong>Dominus,</strong></span> <span class='ocrx_word' id='word_1_335' title='bbox 1146 5072 1191 5127; x_wconf 88' lang='lat' dir='ltr'><strong>si</strong></span> <span class='ocrx_word' id='word_1_336' title='bbox 1214 5088 1390 5132; x_wconf 58' lang='lat' dir='ltr'><strong>caecus</strong></span> <span class='ocrx_word' id='word_1_337' title='bbox 1416 5079 1614 5136; x_wconf 86' lang='lat' dir='ltr'><strong>ducere</strong></span> <span class='ocrx_word' id='word_1_338' title='bbox 1636 5096 1859 5152; x_wconf 59' lang='lat' dir='ltr'><strong>caecum,</strong></span> 
     </span>
    </p>
   </div>
   <div class='ocr_carea' id='block_1_53' title="bbox 565 5150 1783 5240">
    <p class='ocr_par' dir='ltr' id='par_1_53' title="bbox 565 5150 1783 5240">
     <span class='ocr_line' id='line_1_53' title="bbox 565 5150 1783 5240; baseline 0.021 -35"><span class='ocrx_word' id='word_1_339' title='bbox 565 5150 794 5209; x_wconf 87' lang='lat' dir='ltr'><strong>Corruet</strong></span> <span class='ocrx_word' id='word_1_340' title='bbox 813 5155 868 5210; x_wconf 87' lang='lat' dir='ltr'><strong>in</strong></span> <span class='ocrx_word' id='word_1_341' title='bbox 898 5157 1107 5215; x_wconf 88' lang='lat' dir='ltr'><strong>foveam</strong></span> <span class='ocrx_word' id='word_1_342' title='bbox 1140 5162 1322 5234; x_wconf 87' lang='lat' dir='ltr'><strong>lapsus</strong></span> <span class='ocrx_word' id='word_1_343' title='bbox 1349 5176 1577 5240; x_wconf 87' lang='lat' dir='ltr'><strong>uterque</strong></span> <span class='ocrx_word' id='word_1_344' title='bbox 1606 5173 1783 5230; x_wconf 80' lang='lat' dir='ltr'><strong>simul.</strong></span> 
     </span>
    </p>
   </div>
   <div class='ocr_carea' id='block_1_54' title="bbox 496 5240 1994 5343">
    <p class='ocr_par' dir='ltr' id='par_1_54' title="bbox 496 5240 1994 5343">
     <span class='ocr_line' id='line_1_54' title="bbox 496 5240 1994 5343; baseline 0.021 -48"><span class='ocrx_word' id='word_1_345' title='bbox 496 5240 700 5300; x_wconf 87' lang='lat' dir='ltr'><strong>Pravus</strong></span> <span class='ocrx_word' id='word_1_346' title='bbox 726 5254 780 5300; x_wconf 88' lang='lat' dir='ltr'><strong>et</strong></span> <span class='ocrx_word' id='word_1_347' title='bbox 800 5247 1071 5318; x_wconf 82' lang='lat' dir='ltr'><strong>indoctus,</strong></span> <span class='ocrx_word' id='word_1_348' title='bbox 1107 5270 1231 5311; x_wconf 91' lang='lat' dir='ltr'><strong>cum</strong></span> <span class='ocrx_word' id='word_1_349' title='bbox 1259 5258 1332 5312; x_wconf 87' lang='lat' dir='ltr'><strong>sit</strong></span> <span class='ocrx_word' id='word_1_350' title='bbox 1356 5261 1722 5327; x_wconf 88' lang='lat' dir='ltr'><strong>prohibendus</strong></span> <span class='ocrx_word' id='word_1_351' title='bbox 1744 5274 1994 5343; x_wconf 72' lang='lat' dir='ltr'><strong>uterque.</strong></span> 
     </span>
    </p>
   </div>
   <div class='ocr_carea' id='block_1_55' title="bbox 565 5333 1953 5418">
    <p class='ocr_par' dir='ltr' id='par_1_55' title="bbox 565 5333 1953 5418">
     <span class='ocr_line' id='line_1_55' title="bbox 565 5333 1953 5418; baseline 0.019 -30"><span class='ocrx_word' id='word_1_352' title='bbox 565 5333 685 5401; x_wconf 86' lang='lat' dir='ltr'><strong>Hic,</strong></span> <span class='ocrx_word' id='word_1_353' title='bbox 714 5340 857 5406; x_wconf 89' lang='lat' dir='ltr'><strong>quod</strong></span> <span class='ocrx_word' id='word_1_354' title='bbox 885 5341 1070 5415; x_wconf 88' lang='lat' dir='ltr'><strong>iniqua</strong></span> <span class='ocrx_word' id='word_1_355' title='bbox 1098 5348 1258 5416; x_wconf 79' lang='lat' dir='ltr'><strong>gerit,</strong></span> <span class='ocrx_word' id='word_1_356' title='bbox 1289 5349 1378 5404; x_wconf 90' lang='lat' dir='ltr'><strong>hic</strong></span> <span class='ocrx_word' id='word_1_357' title='bbox 1402 5351 1529 5418; x_wconf 87' lang='lat' dir='ltr'><strong>quia</strong></span> <span class='ocrx_word' id='word_1_358' title='bbox 1565 5365 1756 5412; x_wconf 87' lang='lat' dir='ltr'><strong>sancta</strong></span> <span class='ocrx_word' id='word_1_359' title='bbox 1792 5333 1953 5417; x_wconf 71' lang='lat' dir='ltr'><strong>tacet.</strong></span> 
     </span>
    </p>
   </div>
   <div class='ocr_carea' id='block_1_56' title="bbox 493 5446 2062 5537">
    <p class='ocr_par' dir='ltr' id='par_1_56' title="bbox 493 5446 2062 5537">
     <span class='ocr_line' id='line_1_56' title="bbox 493 5446 2062 5537; baseline 0.018 -38"><span class='ocrx_word' id='word_1_360' title='bbox 493 5446 622 5537; x_wconf 73' lang='lat' dir='ltr'><strong>quid</strong></span> <span class='ocrx_word' id='word_1_361' title='bbox 649 5454 1002 5537; x_wconf 38' lang='lat' dir='ltr'><strong>continerent.</strong></span> <span class='ocrx_word' id='word_1_362' title='bbox 1025 5460 1180 5537; x_wconf 81' lang='lat' dir='ltr'><strong>initio</strong></span> <span class='ocrx_word' id='word_1_363' title='bbox 1207 5462 1388 5537; x_wconf 76' lang='lat' dir='ltr'><strong>quarti</strong></span> <span class='ocrx_word' id='word_1_364' title='bbox 1416 5478 1557 5521; x_wconf 90' lang='lat' dir='ltr'><strong>nunc</strong></span> <span class='ocrx_word' id='word_1_365' title='bbox 1583 5468 1835 5537; x_wconf 76' lang='lat' dir='ltr'><strong>explicat.</strong></span> <span class='ocrx_word' id='word_1_366' title='bbox 1869 5472 1947 5525; x_wconf 82' lang='lat' dir='ltr'><strong>Ex</strong></span> <span class='ocrx_word' id='word_1_367' title='bbox 1976 5473 2062 5528; x_wconf 91' lang='lat' dir='ltr'><strong>his</strong></span> 
     </span>
    </p>
   </div>
   <div class='ocr_carea' id='block_1_57' title="bbox 534 5526 2057 5607">
    <p class='ocr_par' dir='ltr' id='par_1_57' title="bbox 534 5526 2057 5607">
     <span class='ocr_line' id='line_1_57' title="bbox 534 5526 2057 5607; baseline 0.018 -38"><span class='ocrx_word' id='word_1_368' title='bbox 534 5527 728 5607; x_wconf 65' lang='lat' dir='ltr'><strong>natuor</strong></span> <span class='ocrx_word' id='word_1_369' title='bbox 757 5526 926 5606; x_wconf 79' lang='lat' dir='ltr'><strong>primi</strong></span> <span class='ocrx_word' id='word_1_370' title='bbox 969 5526 1485 5607; x_wconf 4' lang='lat' dir='ltr'><strong>duogdesiderantnr</strong></span> <span class='ocrx_word' id='word_1_371' title='bbox 1527 5526 1667 5592; x_wconf 47' lang='lat' dir='ltr'><strong>cum.</strong></span> <span class='ocrx_word' id='word_1_372' title='bbox 1691 5550 1848 5607; x_wconf 88' lang='lat' dir='ltr'><strong>parte</strong></span> <span class='ocrx_word' id='word_1_373' title='bbox 1891 5526 2057 5597; x_wconf 53' lang='lat' dir='ltr'><strong>tertii;</strong></span> 
     </span>
    </p>
   </div>
   <div class='ocr_carea' id='block_1_58' title="bbox 536 5589 2060 5677">
    <p class='ocr_par' dir='ltr' id='par_1_58' title="bbox 536 5589 2060 5677">
     <span class='ocr_line' id='line_1_58' title="bbox 536 5589 2060 5677; baseline 0.019 -36"><span class='ocrx_word' id='word_1_374' title='bbox 536 5589 662 5677; x_wconf 65' lang='lat' dir='ltr'><strong>erui</strong></span> <span class='ocrx_word' id='word_1_375' title='bbox 684 5589 829 5677; x_wconf 65' lang='lat' dir='ltr'><strong>enim</strong></span> <span class='ocrx_word' id='word_1_376' title='bbox 861 5610 990 5666; x_wconf 87' lang='lat' dir='ltr'><strong>pars</strong></span> <span class='ocrx_word' id='word_1_377' title='bbox 1024 5597 1215 5677; x_wconf 73' lang='lat' dir='ltr'><strong>altera,</strong></span> <span class='ocrx_word' id='word_1_378' title='bbox 1242 5589 1660 5673; x_wconf 42' lang='lat' dir='ltr'><strong>opinor,ea&#39;est</strong></span> <span class='ocrx_word' id='word_1_379' title='bbox 1691 5589 1811 5677; x_wconf 62' lang='lat' dir='ltr'><strong>auis</strong></span> <span class='ocrx_word' id='word_1_380' title='bbox 1822 5589 2060 5671; x_wconf 61' lang='grc' dir='ltr'><strong>1ιὲἱέὀὲἰί</strong></span> 
     </span>
    </p>
   </div>
   <div class='ocr_carea' id='block_1_59' title="bbox 493 5655 2059 5747">
    <p class='ocr_par' dir='ltr' id='par_1_59' title="bbox 493 5655 2059 5747">
     <span class='ocr_line' id='line_1_59' title="bbox 493 5655 2059 5747; baseline 0.018 -37"><span class='ocrx_word' id='word_1_381' title='bbox 493 5655 658 5747; x_wconf 46' lang='lat' dir='ltr'><strong>ﬂictu.</strong></span> <span class='ocrx_word' id='word_1_382' title='bbox 669 5655 921 5747; x_wconf 63' lang='lat' dir='ltr'><strong>vitiorum</strong></span> <span class='ocrx_word' id='word_1_383' title='bbox 946 5655 1241 5747; x_wconf 52' lang='lat' dir='ltr'><strong>proxime&#39;a</strong></span> <span class='ocrx_word' id='word_1_384' title='bbox 1249 5655 1551 5731; x_wconf 55' lang='lat' dir='ltr'><strong>uiééééén&#39;.’</strong></span> <span class='ocrx_word' id='word_1_385' title='bbox 1566 5655 1829 5735; x_wconf 45' lang='grc' dir='ltr'><strong>ἀξιοῖ-ωτι]</strong></span> <span class='ocrx_word' id='word_1_386' title='bbox 1840 5655 2059 5747; x_wconf 48' lang='lat' dir='ltr'><strong>“dum.</strong></span> 
     </span>
    </p>
   </div>
   <div class='ocr_carea' id='block_1_60' title="bbox 496 5730 2061 5811">
    <p class='ocr_par' dir='ltr' id='par_1_60' title="bbox 496 5730 2061 5811">
     <span class='ocr_line' id='line_1_60' title="bbox 496 5730 2061 5811; baseline 0.017 -28"><span class='ocrx_word' id='word_1_387' title='bbox 496 5731 659 5811; x_wconf 70' lang='lat' dir='ltr'><strong>veteri</strong></span> <span class='ocrx_word' id='word_1_388' title='bbox 686 5730 871 5811; x_wconf 78' lang='lat' dir='ltr'><strong>codice</strong></span> <span class='ocrx_word' id='word_1_389' title='bbox 900 5730 1043 5811; x_wconf 70' lang='lat' dir='ltr'><strong>nulla</strong></span> <span class='ocrx_word' id='word_1_390' title='bbox 1084 5752 1307 5811; x_wconf 83' lang='lat' dir='ltr'><strong>usquam</strong></span> <span class='ocrx_word' id='word_1_391' title='bbox 1339 5746 1392 5800; x_wconf 93' lang='lat' dir='ltr'><strong>in</strong></span> <span class='ocrx_word' id='word_1_392' title='bbox 1434 5730 2061 5811; x_wconf 27' lang='lat' dir='ltr'><strong>deterisvlibro&#39;rumues:</strong></span> 
     </span>
    </p>
   </div>
   <div class='ocr_carea' id='block_1_61' title="bbox 494 5801 2060 5890">
    <p class='ocr_par' dir='ltr' id='par_1_61' title="bbox 494 5801 2060 5890">
     <span class='ocr_line' id='line_1_61' title="bbox 494 5801 2060 5890; baseline 0.017 -34"><span class='ocrx_word' id='word_1_393' title='bbox 494 5809 579 5857; x_wconf 80' lang='lat' dir='ltr'><strong>let</strong></span> <span class='ocrx_word' id='word_1_394' title='bbox 609 5801 907 5872; x_wconf 82' lang='lat' dir='ltr'><strong>distinctio,</strong></span> <span class='ocrx_word' id='word_1_395' title='bbox 938 5806 991 5864; x_wconf 92' lang='lat' dir='ltr'><strong>in</strong></span> <span class='ocrx_word' id='word_1_396' title='bbox 1020 5824 1112 5866; x_wconf 81' lang='lat' dir='ltr'><strong>sex</strong></span> <span class='ocrx_word' id='word_1_397' title='bbox 1142 5801 1243 5882; x_wconf 78' lang='lat' dir='ltr'><strong>ipsi</strong></span> <span class='ocrx_word' id='word_1_398' title='bbox 1281 5801 1457 5875; x_wconf 72' lang='lat' dir='ltr'><strong>libros</strong></span> <span class='ocrx_word' id='word_1_399' title='bbox 1473 5801 1747 5890; x_wconf 55' lang='lat' dir='ltr'><strong>poemata—</strong></span> <span class='ocrx_word' id='word_1_400' title='bbox 1761 5801 1942 5882; x_wconf 59' lang='lat' dir='ltr'><strong>uisui;</strong></span> <span class='ocrx_word' id='word_1_401' title='bbox 1978 5801 2060 5882; x_wconf 74' lang='lat' dir='ltr'><strong>di-</strong></span> 
     </span>
    </p>
   </div>
   <div class='ocr_carea' id='block_1_62' title="bbox 1534 370 2768 441">
    <p class='ocr_par' dir='ltr' id='par_1_62' title="bbox 1534 370 2768 441">
     <span class='ocr_line' id='line_1_62' title="bbox 1534 370 2768 441; baseline -0.003 -6"><span class='ocrx_word' id='word_1_402' title='bbox 1534 374 1925 438; x_wconf 79' lang='lat' dir='ltr'><strong>THEODULFI</strong></span> <span class='ocrx_word' id='word_1_403' title='bbox 1963 370 2515 441; x_wconf 65' lang='grc' dir='ltr'>Αῠηιυιιιεκειδ</span> <span class='ocrx_word' id='word_1_404' title='bbox 2553 373 2768 435; x_wconf 82' lang='lat' dir='ltr'><strong>EPISC.</strong></span> 
     </span>
    </p>
   </div>
   <div class='ocr_carea' id='block_1_63' title="bbox 2132 491 3457 564">
    <p class='ocr_par' dir='ltr' id='par_1_63' title="bbox 2132 491 3457 564">
     <span class='ocr_line' id='line_1_63' title="bbox 2132 491 3457 564; baseline -0.001 -11"><span class='ocrx_word' id='word_1_405' title='bbox 2132 494 2184 558; x_wconf 72' lang='grc' dir='ltr'>Α</span> <span class='ocrx_word' id='word_1_406' title='bbox 2202 492 2429 553; x_wconf 80' lang='lat' dir='ltr'><strong>Adsolet</strong></span> <span class='ocrx_word' id='word_1_407' title='bbox 2453 492 2714 550; x_wconf 78' lang='lat' dir='ltr'><strong>ambabus</strong></span> <span class='ocrx_word' id='word_1_408' title='bbox 2740 491 3037 564; x_wconf 82' lang='lat' dir='ltr'><strong>constringi</strong></span> <span class='ocrx_word' id='word_1_409' title='bbox 3065 491 3295 562; x_wconf 85' lang='lat' dir='ltr'><strong>pedibus</strong></span> <span class='ocrx_word' id='word_1_410' title='bbox 3316 510 3457 553; x_wconf 85' lang='lat' dir='ltr'><strong>unus</strong></span> 
     </span>
    </p>
   </div>
   <div class='ocr_carea' id='block_1_64' title="bbox 2271 585 3376 656">
    <p class='ocr_par' dir='ltr' id='par_1_64' title="bbox 2271 585 3376 656">
     <span class='ocr_line' id='line_1_64' title="bbox 2271 585 3376 656; baseline 0.004 -15"><span class='ocrx_word' id='word_1_411' title='bbox 2271 586 2494 655; x_wconf 81' lang='lat' dir='ltr'><strong>Reetor,</strong></span> <span class='ocrx_word' id='word_1_412' title='bbox 2520 588 2567 642; x_wconf 82' lang='lat' dir='ltr'><strong>si</strong></span> <span class='ocrx_word' id='word_1_413' title='bbox 2594 595 2774 643; x_wconf 83' lang='lat' dir='ltr'><strong>rector</strong></span> <span class='ocrx_word' id='word_1_414' title='bbox 2792 585 2915 656; x_wconf 81' lang='lat' dir='ltr'><strong>jure</strong></span> <span class='ocrx_word' id='word_1_415' title='bbox 2952 587 3226 645; x_wconf 83' lang='lat' dir='ltr'><strong>vocandus</strong></span> <span class='ocrx_word' id='word_1_416' title='bbox 3250 587 3376 645; x_wconf 85' lang='lat' dir='ltr'><strong>erit.</strong></span> 
     </span>
    </p>
   </div>
   <div class='ocr_carea' id='block_1_65' title="bbox 2200 674 3640 754">
    <p class='ocr_par' dir='ltr' id='par_1_65' title="bbox 2200 674 3640 754">
     <span class='ocr_line' id='line_1_65' title="bbox 2200 674 3640 754; baseline 0.008 -23"><span class='ocrx_word' id='word_1_417' title='bbox 2200 674 2305 745; x_wconf 90' lang='lat' dir='ltr'><strong>Qui</strong></span> <span class='ocrx_word' id='word_1_418' title='bbox 2331 685 2491 733; x_wconf 86' lang='lat' dir='ltr'><strong>nocet</strong></span> <span class='ocrx_word' id='word_1_419' title='bbox 2511 678 2782 749; x_wconf 72' lang='lat' dir='ltr'><strong>exemplo.</strong></span> <span class='ocrx_word' id='word_1_420' title='bbox 2810 678 2902 748; x_wconf 90' lang='lat' dir='ltr'><strong>qui</strong></span> <span class='ocrx_word' id='word_1_421' title='bbox 2931 694 3036 734; x_wconf 90' lang='lat' dir='ltr'><strong>non</strong></span> <span class='ocrx_word' id='word_1_422' title='bbox 3061 677 3216 750; x_wconf 80' lang='lat' dir='ltr'><strong>juvat</strong></span> <span class='ocrx_word' id='word_1_423' title='bbox 3246 689 3365 736; x_wconf 84' lang='lat' dir='ltr'><strong>arte</strong></span> <span class='ocrx_word' id='word_1_424' title='bbox 3390 680 3640 754; x_wconf 79' lang='lat' dir='ltr'><strong>docendi,</strong></span> 
     </span>
    </p>
   </div>
   <div class='ocr_carea' id='block_1_66' title="bbox 2269 768 3539 847">
    <p class='ocr_par' dir='ltr' id='par_1_66' title="bbox 2269 768 3539 847">
     <span class='ocr_line' id='line_1_66' title="bbox 2269 768 3539 847; baseline 0.006 -24"><span class='ocrx_word' id='word_1_425' title='bbox 2269 768 2386 837; x_wconf 92' lang='lat' dir='ltr'><strong>Quo</strong></span> <span class='ocrx_word' id='word_1_426' title='bbox 2410 770 2599 840; x_wconf 90' lang='lat' dir='ltr'><strong>nequit</strong></span> <span class='ocrx_word' id='word_1_427' title='bbox 2630 778 2725 826; x_wconf 83' lang='lat' dir='ltr'><strong>aut</strong></span> <span class='ocrx_word' id='word_1_428' title='bbox 2749 785 2846 826; x_wconf 88' lang='lat' dir='ltr'><strong>sua</strong></span> <span class='ocrx_word' id='word_1_429' title='bbox 2874 786 3047 836; x_wconf 88' lang='lat' dir='ltr'><strong>mens,</strong></span> <span class='ocrx_word' id='word_1_430' title='bbox 3080 780 3175 826; x_wconf 85' lang='lat' dir='ltr'><strong>aut</strong></span> <span class='ocrx_word' id='word_1_431' title='bbox 3203 771 3375 828; x_wconf 89' lang='lat' dir='ltr'><strong>aliena</strong></span> <span class='ocrx_word' id='word_1_432' title='bbox 3402 775 3539 847; x_wconf 83' lang='lat' dir='ltr'><strong>regi.</strong></span> 
     </span>
    </p>
   </div>
   <div class='ocr_carea' id='block_1_67' title="bbox 2196 857 3531 932">
    <p class='ocr_par' dir='ltr' id='par_1_67' title="bbox 2196 857 3531 932">
     <span class='ocr_line' id='line_1_67' title="bbox 2196 857 3531 932; baseline 0.006 -15"><span class='ocrx_word' id='word_1_433' title='bbox 2196 857 2474 932; x_wconf 86' lang='lat' dir='ltr'><strong>Improbat</strong></span> <span class='ocrx_word' id='word_1_434' title='bbox 2495 863 2743 919; x_wconf 88' lang='lat' dir='ltr'><strong>indoctos</strong></span> <span class='ocrx_word' id='word_1_435' title='bbox 2770 863 2855 919; x_wconf 88' lang='lat' dir='ltr'><strong>his</strong></span> <span class='ocrx_word' id='word_1_436' title='bbox 2888 862 3069 919; x_wconf 81' lang='lat' dir='ltr'><strong>verbis</strong></span> <span class='ocrx_word' id='word_1_437' title='bbox 3091 873 3314 921; x_wconf 86' lang='lat' dir='ltr'><strong>sanctus</strong></span> <span class='ocrx_word' id='word_1_438' title='bbox 3338 863 3531 925; x_wconf 81' lang='lat' dir='ltr'><strong>Esaias</strong></span> 
     </span>
    </p>
   </div>
   <div class='ocr_carea' id='block_1_68' title="bbox 2270 946 3475 1020">
    <p class='ocr_par' dir='ltr' id='par_1_68' title="bbox 2270 946 3475 1020">
     <span class='ocr_line' id='line_1_68' title="bbox 2270 946 3475 1020; baseline 0.006 -12"><span class='ocrx_word' id='word_1_439' title='bbox 2270 952 2554 1020; x_wconf 82' lang='lat' dir='ltr'><strong>Rcctores,</strong></span> <span class='ocrx_word' id='word_1_440' title='bbox 2579 946 2792 1010; x_wconf 82' lang='lat' dir='ltr'><strong>Domini</strong></span> <span class='ocrx_word' id='word_1_441' title='bbox 2819 956 2981 1010; x_wconf 88' lang='lat' dir='ltr'><strong>verba</strong></span> <span class='ocrx_word' id='word_1_442' title='bbox 3010 960 3224 1013; x_wconf 86' lang='lat' dir='ltr'><strong>sacrata</strong></span> <span class='ocrx_word' id='word_1_443' title='bbox 3250 972 3475 1015; x_wconf 87' lang='lat' dir='ltr'><strong>canens.</strong></span> 
     </span>
    </p>
   </div>
   <div class='ocr_carea' id='block_1_69' title="bbox 2198 1043 3400 1118">
    <p class='ocr_par' dir='ltr' id='par_1_69' title="bbox 2198 1043 3400 1118">
     <span class='ocr_line' id='line_1_69' title="bbox 2198 1043 3400 1118; baseline 0.004 -16"><span class='ocrx_word' id='word_1_444' title='bbox 2198 1043 2450 1103; x_wconf 89' lang='lat' dir='ltr'><strong>Pastores</strong></span> <span class='ocrx_word' id='word_1_445' title='bbox 2473 1047 2573 1116; x_wconf 91' lang='lat' dir='ltr'><strong>ipsi</strong></span> <span class='ocrx_word' id='word_1_446' title='bbox 2603 1062 2710 1103; x_wconf 90' lang='lat' dir='ltr'><strong>non</strong></span> <span class='ocrx_word' id='word_1_447' title='bbox 2734 1057 2807 1112; x_wconf 88' lang='lat' dir='ltr'><strong>te,</strong></span> <span class='ocrx_word' id='word_1_448' title='bbox 2834 1047 3140 1117; x_wconf 78' lang='lat' dir='ltr'><strong>prudentia,</strong></span> <span class='ocrx_word' id='word_1_449' title='bbox 3176 1058 3400 1118; x_wconf 84' lang='lat' dir='ltr'><strong>norunt,</strong></span> 
     </span>
    </p>
   </div>
   <div class='ocr_carea' id='block_1_70' title="bbox 2270 1134 3403 1214">
    <p class='ocr_par' dir='ltr' id='par_1_70' title="bbox 2270 1134 3403 1214">
     <span class='ocr_line' id='line_1_70' title="bbox 2270 1134 3403 1214; baseline 0.003 -20"><span class='ocrx_word' id='word_1_450' title='bbox 2270 1137 2377 1194; x_wconf 90' lang='lat' dir='ltr'><strong>Sed</strong></span> <span class='ocrx_word' id='word_1_451' title='bbox 2404 1134 2805 1210; x_wconf 73' lang='lat' dir='ltr'><strong>speculatorum</strong></span> <span class='ocrx_word' id='word_1_452' title='bbox 2825 1140 3015 1196; x_wconf 85' lang='lat' dir='ltr'><strong>concio</strong></span> <span class='ocrx_word' id='word_1_453' title='bbox 3042 1140 3180 1197; x_wconf 85' lang='lat' dir='ltr'><strong>lucis</strong></span> <span class='ocrx_word' id='word_1_454' title='bbox 3216 1156 3403 1214; x_wconf 85' lang='lat' dir='ltr'><strong>egens.</strong></span> 
     </span>
    </p>
   </div>
   <div class='ocr_carea' id='block_1_71' title="bbox 2188 1228 3714 1309">
    <p class='ocr_par' dir='ltr' id='par_1_71' title="bbox 2188 1228 3714 1309">
     <span class='ocr_line' id='line_1_71' title="bbox 2188 1228 3714 1309; baseline 0.007 -23"><span class='ocrx_word' id='word_1_455' title='bbox 2188 1228 2460 1301; x_wconf 65' lang='lat' dir='ltr'><strong>Caecaque</strong></span> <span class='ocrx_word' id='word_1_456' title='bbox 2484 1246 2620 1301; x_wconf 89' lang='lat' dir='ltr'><strong>quos</strong></span> <span class='ocrx_word' id='word_1_457' title='bbox 2645 1232 2883 1303; x_wconf 82' lang='lat' dir='ltr'><strong>graviter</strong></span> <span class='ocrx_word' id='word_1_458' title='bbox 2907 1234 3109 1302; x_wconf 87' lang='lat' dir='ltr'><strong>premit</strong></span> <span class='ocrx_word' id='word_1_459' title='bbox 3137 1233 3446 1305; x_wconf 78' lang='lat' dir='ltr'><strong>ignorantia</strong></span> <span class='ocrx_word' id='word_1_460' title='bbox 3468 1244 3714 1309; x_wconf 63' lang='lat' dir='ltr'><strong>eum</strong></span> 
     </span>
    </p>
   </div>
   <div class='ocr_carea' id='block_1_72' title="bbox 2234 1322 3547 1394">
    <p class='ocr_par' dir='ltr' id='par_1_72' title="bbox 2234 1322 3547 1394">
     <span class='ocr_line' id='line_1_72' title="bbox 2234 1322 3547 1394; baseline 0.009 -17"><span class='ocrx_word' id='word_1_461' title='bbox 2234 1322 2241 1325; x_wconf 71' lang='grc'>⁷</span> <span class='ocrx_word' id='word_1_462' title='bbox 2268 1322 2555 1394; x_wconf 88' lang='lat' dir='ltr'><strong>Turbaque</strong></span> <span class='ocrx_word' id='word_1_463' title='bbox 2581 1323 2812 1382; x_wconf 89' lang='lat' dir='ltr'><strong>latrandi</strong></span> <span class='ocrx_word' id='word_1_464' title='bbox 2832 1334 2917 1383; x_wconf 87' lang='lat' dir='ltr'><strong>est</strong></span> <span class='ocrx_word' id='word_1_465' title='bbox 2936 1326 3143 1384; x_wconf 82' lang='lat' dir='ltr'><strong>viribus</strong></span> <span class='ocrx_word' id='word_1_466' title='bbox 3168 1329 3302 1385; x_wconf 84' lang='lat' dir='ltr'><strong>orba</strong></span> <span class='ocrx_word' id='word_1_467' title='bbox 3328 1345 3547 1389; x_wconf 84' lang='lat' dir='ltr'><strong>canum.</strong></span> 
     </span>
    </p>
   </div>
   <div class='ocr_carea' id='block_1_73' title="bbox 2188 1412 3717 1489">
    <p class='ocr_par' dir='ltr' id='par_1_73' title="bbox 2188 1412 3717 1489">
     <span class='ocr_line' id='line_1_73' title="bbox 2188 1412 3717 1489; baseline 0.011 -21"><span class='ocrx_word' id='word_1_468' title='bbox 2188 1412 2313 1469; x_wconf 80' lang='lat' dir='ltr'><strong>&#39;Heu</strong></span> <span class='ocrx_word' id='word_1_469' title='bbox 2338 1412 2567 1480; x_wconf 84' lang='lat' dir='ltr'><strong>facinus,</strong></span> <span class='ocrx_word' id='word_1_470' title='bbox 2600 1416 2704 1470; x_wconf 86' lang='lat' dir='ltr'><strong>heu</strong></span> <span class='ocrx_word' id='word_1_471' title='bbox 2727 1418 2931 1488; x_wconf 84' lang='lat' dir='ltr'><strong>grande</strong></span> <span class='ocrx_word' id='word_1_472' title='bbox 2957 1421 3133 1485; x_wconf 82' lang='lat' dir='ltr'><strong>nefas,</strong></span> <span class='ocrx_word' id='word_1_473' title='bbox 3165 1435 3291 1477; x_wconf 87' lang='lat' dir='ltr'><strong>cum</strong></span> <span class='ocrx_word' id='word_1_474' title='bbox 3314 1436 3507 1483; x_wconf 77' lang='lat' dir='ltr'><strong>norma</strong></span> <span class='ocrx_word' id='word_1_475' title='bbox 3527 1423 3717 1489; x_wconf 71' lang='lat' dir='ltr'><strong>salutis</strong></span> 
     </span>
    </p>
   </div>
   <div class='ocr_carea' id='block_1_74' title="bbox 2267 1503 3430 1583">
    <p class='ocr_par' dir='ltr' id='par_1_74' title="bbox 2267 1503 3430 1583">
     <span class='ocr_line' id='line_1_74' title="bbox 2267 1503 3430 1583; baseline 0.01 -25"><span class='ocrx_word' id='word_1_476' title='bbox 2267 1503 2369 1573; x_wconf 85' lang='lat' dir='ltr'><strong>Qui</strong></span> <span class='ocrx_word' id='word_1_477' title='bbox 2390 1504 2507 1562; x_wconf 91' lang='lat' dir='ltr'><strong>fore</strong></span> <span class='ocrx_word' id='word_1_478' title='bbox 2533 1508 2813 1576; x_wconf 87' lang='lat' dir='ltr'><strong>debuerat,</strong></span> <span class='ocrx_word' id='word_1_479' title='bbox 2838 1511 2899 1566; x_wconf 84' lang='lat' dir='ltr'><strong>iit</strong></span> <span class='ocrx_word' id='word_1_480' title='bbox 2925 1510 3012 1566; x_wconf 86' lang='lat' dir='ltr'><strong>via</strong></span> <span class='ocrx_word' id='word_1_481' title='bbox 3041 1513 3256 1583; x_wconf 78' lang='lat' dir='ltr'><strong>duxque</strong></span> <span class='ocrx_word' id='word_1_482' title='bbox 3282 1515 3430 1570; x_wconf 84' lang='lat' dir='ltr'><strong>mali.</strong></span> 
     </span>
    </p>
   </div>
   <div class='ocr_carea' id='block_1_75' title="bbox 2194 1594 3474 1679">
    <p class='ocr_par' dir='ltr' id='par_1_75' title="bbox 2194 1594 3474 1679">
     <span class='ocr_line' id='line_1_75' title="bbox 2194 1594 3474 1679; baseline 0.01 -28"><span class='ocrx_word' id='word_1_483' title='bbox 2194 1594 2370 1667; x_wconf 86' lang='lat' dir='ltr'><strong>Ipsius</strong></span> <span class='ocrx_word' id='word_1_484' title='bbox 2397 1600 2643 1670; x_wconf 79' lang='lat' dir='ltr'><strong>exemplo</strong></span> <span class='ocrx_word' id='word_1_485' title='bbox 2670 1609 2933 1672; x_wconf 86' lang='lat' dir='ltr'><strong>quotquot</strong></span> <span class='ocrx_word' id='word_1_486' title='bbox 2961 1605 3194 1674; x_wconf 88' lang='lat' dir='ltr'><strong>periere,</strong></span> <span class='ocrx_word' id='word_1_487' title='bbox 3224 1608 3474 1679; x_wconf 85' lang='lat' dir='ltr'><strong>malignis</strong></span> 
     </span>
    </p>
   </div>
   <div class='ocr_carea' id='block_1_76' title="bbox 2276 1685 3465 1765">
    <p class='ocr_par' dir='ltr' id='par_1_76' title="bbox 2276 1685 3465 1765">
     <span class='ocr_line' id='line_1_76' title="bbox 2276 1685 3465 1765; baseline 0.012 -25"><span class='ocrx_word' id='word_1_488' title='bbox 2276 1685 2383 1741; x_wconf 91' lang='lat' dir='ltr'><strong>Pro</strong></span> <span class='ocrx_word' id='word_1_489' title='bbox 2413 1692 2621 1745; x_wconf 89' lang='lat' dir='ltr'><strong>cunctis</strong></span> <span class='ocrx_word' id='word_1_490' title='bbox 2651 1705 2856 1759; x_wconf 68' lang='lat' dir='ltr'><strong>paenas,</strong></span> <span class='ocrx_word' id='word_1_491' title='bbox 2884 1702 2944 1748; x_wconf 86' lang='lat' dir='ltr'><strong>ut</strong></span> <span class='ocrx_word' id='word_1_492' title='bbox 2970 1709 3113 1760; x_wconf 87' lang='lat' dir='ltr'><strong>reor,</strong></span> <span class='ocrx_word' id='word_1_493' title='bbox 3146 1695 3261 1765; x_wconf 87' lang='lat' dir='ltr'><strong>ipse</strong></span> <span class='ocrx_word' id='word_1_494' title='bbox 3295 1698 3465 1754; x_wconf 82' lang='lat' dir='ltr'><strong>dabit.</strong></span> 
     </span>
    </p>
   </div>
   <div class='ocr_carea' id='block_1_77' title="bbox 2196 1778 3573 1860">
    <p class='ocr_par' dir='ltr' id='par_1_77' title="bbox 2196 1778 3573 1860">
     <span class='ocr_line' id='line_1_77' title="bbox 2196 1778 3573 1860; baseline 0.013 -26"><span class='ocrx_word' id='word_1_495' title='bbox 2196 1778 2417 1836; x_wconf 89' lang='lat' dir='ltr'><strong>Sontior</strong></span> <span class='ocrx_word' id='word_1_496' title='bbox 2441 1782 2530 1837; x_wconf 90' lang='lat' dir='ltr'><strong>hic</strong></span> <span class='ocrx_word' id='word_1_497' title='bbox 2557 1781 2676 1838; x_wconf 80' lang='lat' dir='ltr'><strong>iure</strong></span> <span class='ocrx_word' id='word_1_498' title='bbox 2697 1791 2801 1849; x_wconf 87' lang='lat' dir='ltr'><strong>est,</strong></span> <span class='ocrx_word' id='word_1_499' title='bbox 2833 1786 3087 1854; x_wconf 67' lang='lat' dir='ltr'><strong>praedone</strong></span> <span class='ocrx_word' id='word_1_500' title='bbox 3114 1794 3171 1843; x_wconf 91' lang='lat' dir='ltr'><strong>et</strong></span> <span class='ocrx_word' id='word_1_501' title='bbox 3197 1791 3407 1845; x_wconf 83' lang='lat' dir='ltr'><strong>sontior</strong></span> <span class='ocrx_word' id='word_1_502' title='bbox 3429 1800 3573 1860; x_wconf 79' lang='lat' dir='ltr'><strong>atro,</strong></span> 
     </span>
    </p>
   </div>
   <div class='ocr_carea' id='block_1_78' title="bbox 2120 1870 3513 1951">
    <p class='ocr_par' dir='ltr' id='par_1_78' title="bbox 2120 1870 3513 1951">
     <span class='ocr_line' id='line_1_78' title="bbox 2120 1870 3513 1951; baseline 0.011 -28"><span class='ocrx_word' id='word_1_503' title='bbox 2120 1872 2171 1938; x_wconf 78' lang='grc' dir='ltr'><strong><em>Β</em></strong></span> <span class='ocrx_word' id='word_1_504' title='bbox 2269 1870 2369 1927; x_wconf 88' lang='lat' dir='ltr'><strong>Hic</strong></span> <span class='ocrx_word' id='word_1_505' title='bbox 2398 1873 2524 1942; x_wconf 90' lang='lat' dir='ltr'><strong>quia</strong></span> <span class='ocrx_word' id='word_1_506' title='bbox 2550 1875 2671 1945; x_wconf 89' lang='lat' dir='ltr'><strong>plus</strong></span> <span class='ocrx_word' id='word_1_507' title='bbox 2695 1877 2874 1941; x_wconf 87' lang='lat' dir='ltr'><strong>rebus,</strong></span> <span class='ocrx_word' id='word_1_508' title='bbox 2900 1878 3173 1935; x_wconf 85' lang='lat' dir='ltr'><strong>mentibus</strong></span> <span class='ocrx_word' id='word_1_509' title='bbox 3198 1880 3313 1951; x_wconf 84' lang='lat' dir='ltr'><strong>ipse</strong></span> <span class='ocrx_word' id='word_1_510' title='bbox 3336 1892 3513 1939; x_wconf 86' lang='lat' dir='ltr'><strong>nocet.</strong></span> 
     </span>
    </p>
   </div>
   <div class='ocr_carea' id='block_1_79' title="bbox 3554 1086 3701 1105">
    <p class='ocr_par' dir='ltr' id='par_1_79' title="bbox 3554 1086 3701 1105">
     <span class='ocr_line' id='line_1_79' title="bbox 3554 1086 3701 1105; baseline 0.007 0"><span class='ocrx_word' id='word_1_511' title='bbox 3554 1086 3701 1105; x_wconf 53' lang='grc' dir='ltr'><strong>ωσι-*η</strong></span> 
     </span>
    </p>
   </div>
   <div class='ocr_carea' id='block_1_80' title="bbox 2103 1964 3489 2045">
    <p class='ocr_par' dir='ltr' id='par_1_80' title="bbox 2103 1964 3489 2045">
     <span class='ocr_line' id='line_1_80' title="bbox 2103 1964 3489 2045; baseline 0.014 -31"><span class='ocrx_word' id='word_1_512' title='bbox 2103 2010 2107 2014; x_wconf 75' lang='lat'><strong>.</strong></span> <span class='ocrx_word' id='word_1_513' title='bbox 2160 1976 2162 1982; x_wconf 53' lang='grc' dir='ltr'>λ</span> <span class='ocrx_word' id='word_1_514' title='bbox 2200 1964 2469 2023; x_wconf 78' lang='lat' dir='ltr'><strong>Externas</strong></span> <span class='ocrx_word' id='word_1_515' title='bbox 2501 1968 2589 2022; x_wconf 92' lang='lat' dir='ltr'><strong>hic</strong></span> <span class='ocrx_word' id='word_1_516' title='bbox 2614 1968 2753 2023; x_wconf 86' lang='lat' dir='ltr'><strong>tollit</strong></span> <span class='ocrx_word' id='word_1_517' title='bbox 2777 1984 2926 2040; x_wconf 85' lang='lat' dir='ltr'><strong>opes,</strong></span> <span class='ocrx_word' id='word_1_518' title='bbox 2961 1972 3052 2027; x_wconf 92' lang='lat' dir='ltr'><strong>hic</strong></span> <span class='ocrx_word' id='word_1_519' title='bbox 3079 1972 3269 2028; x_wconf 87' lang='lat' dir='ltr'><strong>intima</strong></span> <span class='ocrx_word' id='word_1_520' title='bbox 3288 1983 3489 2045; x_wconf 81' lang='lat' dir='ltr'><strong>vastat,</strong></span> 
     </span>
    </p>
   </div>
   <div class='ocr_carea' id='block_1_81' title="bbox 2269 2055 3678 2143">
    <p class='ocr_par' dir='ltr' id='par_1_81' title="bbox 2269 2055 3678 2143">
     <span class='ocr_line' id='line_1_81' title="bbox 2269 2055 3678 2143; baseline 0.013 -34"><span class='ocrx_word' id='word_1_521' title='bbox 2269 2055 2514 2127; x_wconf 87' lang='lat' dir='ltr'><strong>Namque</strong></span> <span class='ocrx_word' id='word_1_522' title='bbox 2546 2058 2782 2113; x_wconf 89' lang='lat' dir='ltr'><strong>animam</strong></span> <span class='ocrx_word' id='word_1_523' title='bbox 2810 2061 2962 2117; x_wconf 88' lang='lat' dir='ltr'><strong>carni</strong></span> <span class='ocrx_word' id='word_1_524' title='bbox 2986 2063 3109 2131; x_wconf 89' lang='lat' dir='ltr'><strong>quis</strong></span> <span class='ocrx_word' id='word_1_525' title='bbox 3139 2080 3301 2134; x_wconf 84' lang='lat' dir='ltr'><strong>super</strong></span> <span class='ocrx_word' id='word_1_526' title='bbox 3326 2083 3448 2123; x_wconf 85' lang='lat' dir='ltr'><strong>esse</strong></span> <span class='ocrx_word' id='word_1_527' title='bbox 3475 2073 3678 2143; x_wconf 72' lang='lat' dir='ltr'><strong>neget?</strong></span> 
     </span>
    </p>
   </div>
   <div class='ocr_carea' id='block_1_82' title="bbox 2197 2146 3576 2229">
    <p class='ocr_par' dir='ltr' id='par_1_82' title="bbox 2197 2146 3576 2229">
     <span class='ocr_line' id='line_1_82' title="bbox 2197 2146 3576 2229; baseline 0.011 -26"><span class='ocrx_word' id='word_1_528' title='bbox 2197 2146 2294 2203; x_wconf 88' lang='lat' dir='ltr'><strong>Est</strong></span> <span class='ocrx_word' id='word_1_529' title='bbox 2322 2147 2486 2202; x_wconf 88' lang='lat' dir='ltr'><strong>etiam</strong></span> <span class='ocrx_word' id='word_1_530' title='bbox 2509 2149 2599 2217; x_wconf 91' lang='lat' dir='ltr'><strong>qui</strong></span> <span class='ocrx_word' id='word_1_531' title='bbox 2632 2158 2779 2205; x_wconf 90' lang='lat' dir='ltr'><strong>recta</strong></span> <span class='ocrx_word' id='word_1_532' title='bbox 2805 2151 2985 2219; x_wconf 86' lang='lat' dir='ltr'><strong>docet,</strong></span> <span class='ocrx_word' id='word_1_533' title='bbox 3014 2154 3108 2210; x_wconf 92' lang='lat' dir='ltr'><strong>sed</strong></span> <span class='ocrx_word' id='word_1_534' title='bbox 3135 2155 3319 2226; x_wconf 88' lang='lat' dir='ltr'><strong>iniqua</strong></span> <span class='ocrx_word' id='word_1_535' title='bbox 3340 2161 3576 2229; x_wconf 78' lang='lat' dir='ltr'><strong>gerendo</strong></span> 
     </span>
    </p>
   </div>
   <div class='ocr_carea' id='block_1_83' title="bbox 2269 2238 3459 2321">
    <p class='ocr_par' dir='ltr' id='par_1_83' title="bbox 2269 2238 3459 2321">
     <span class='ocr_line' id='line_1_83' title="bbox 2269 2238 3459 2321; baseline 0.013 -30"><span class='ocrx_word' id='word_1_536' title='bbox 2269 2238 2511 2293; x_wconf 89' lang='lat' dir='ltr'><strong>Destruit</strong></span> <span class='ocrx_word' id='word_1_537' title='bbox 2540 2240 2644 2295; x_wconf 93' lang='lat' dir='ltr'><strong>hoc</strong></span> <span class='ocrx_word' id='word_1_538' title='bbox 2668 2250 2815 2307; x_wconf 88' lang='lat' dir='ltr'><strong>actu,</strong></span> <span class='ocrx_word' id='word_1_539' title='bbox 2842 2243 2987 2312; x_wconf 90' lang='lat' dir='ltr'><strong>quod</strong></span> <span class='ocrx_word' id='word_1_540' title='bbox 3017 2246 3178 2302; x_wconf 88' lang='lat' dir='ltr'><strong>struit</strong></span> <span class='ocrx_word' id='word_1_541' title='bbox 3198 2248 3459 2321; x_wconf 85' lang='lat' dir='ltr'><strong>orisope.</strong></span> 
     </span>
    </p>
   </div>
   <div class='ocr_carea' id='block_1_84' title="bbox 2170 2327 3466 2410">
    <p class='ocr_par' dir='ltr' id='par_1_84' title="bbox 2170 2327 3466 2410">
     <span class='ocr_line' id='line_1_84' title="bbox 2170 2327 3466 2410; baseline 0.009 -26"><span class='ocrx_word' id='word_1_542' title='bbox 2170 2327 2297 2385; x_wconf 67' lang='lat' dir='ltr'><strong>~Hic</strong></span> <span class='ocrx_word' id='word_1_543' title='bbox 2324 2345 2385 2385; x_wconf 92' lang='lat' dir='ltr'><strong>se</strong></span> <span class='ocrx_word' id='word_1_544' title='bbox 2404 2346 2662 2401; x_wconf 82' lang='lat' dir='ltr'><strong>perverso</strong></span> <span class='ocrx_word' id='word_1_545' title='bbox 2684 2332 2911 2390; x_wconf 88' lang='lat' dir='ltr'><strong>demens</strong></span> <span class='ocrx_word' id='word_1_546' title='bbox 2934 2333 3206 2405; x_wconf 78' lang='lat' dir='ltr'><strong>jaculatur</strong></span> <span class='ocrx_word' id='word_1_547' title='bbox 3231 2339 3300 2394; x_wconf 88' lang='lat' dir='ltr'><strong>ab</strong></span> <span class='ocrx_word' id='word_1_548' title='bbox 3321 2349 3466 2410; x_wconf 86' lang='lat' dir='ltr'><strong>actu,</strong></span> 
     </span>
    </p>
   </div>
   <div class='ocr_carea' id='block_1_85' title="bbox 2265 2423 3552 2498">
    <p class='ocr_par' dir='ltr' id='par_1_85' title="bbox 2265 2423 3552 2498">
     <span class='ocr_line' id='line_1_85' title="bbox 2265 2423 3552 2498; baseline 0.01 -20"><span class='ocrx_word' id='word_1_549' title='bbox 2265 2423 2402 2478; x_wconf 91' lang='lat' dir='ltr'><strong>Dum</strong></span> <span class='ocrx_word' id='word_1_550' title='bbox 2432 2423 2570 2478; x_wconf 90' lang='lat' dir='ltr'><strong>mala</strong></span> <span class='ocrx_word' id='word_1_551' title='bbox 2594 2440 2720 2495; x_wconf 67' lang='lat' dir='ltr'><strong>quae</strong></span> <span class='ocrx_word' id='word_1_552' title='bbox 2748 2427 2916 2497; x_wconf 85' lang='lat' dir='ltr'><strong>gestis</strong></span> <span class='ocrx_word' id='word_1_553' title='bbox 2948 2438 3244 2498; x_wconf 85' lang='lat' dir='ltr'><strong>perpetrat,</strong></span> <span class='ocrx_word' id='word_1_554' title='bbox 3276 2447 3374 2488; x_wconf 86' lang='lat' dir='ltr'><strong>ore</strong></span> <span class='ocrx_word' id='word_1_555' title='bbox 3408 2432 3552 2495; x_wconf 78' lang='lat' dir='ltr'><strong>ferit.</strong></span> 
     </span>
    </p>
   </div>
   <div class='ocr_carea' id='block_1_86' title="bbox 2193 2514 3511 2594">
    <p class='ocr_par' dir='ltr' id='par_1_86' title="bbox 2193 2514 3511 2594">
     <span class='ocr_line' id='line_1_86' title="bbox 2193 2514 3511 2594; baseline 0.008 -23"><span class='ocrx_word' id='word_1_556' title='bbox 2193 2514 2296 2572; x_wconf 84' lang='lat' dir='ltr'><strong>Hic</strong></span> <span class='ocrx_word' id='word_1_557' title='bbox 2320 2517 2442 2572; x_wconf 88' lang='lat' dir='ltr'><strong>aliis</strong></span> <span class='ocrx_word' id='word_1_558' title='bbox 2469 2518 2713 2589; x_wconf 58' lang='lat' dir='ltr'><strong>prodest,</strong></span> <span class='ocrx_word' id='word_1_559' title='bbox 2744 2519 2961 2576; x_wconf 90' lang='lat' dir='ltr'><strong>sibimet</strong></span> <span class='ocrx_word' id='word_1_560' title='bbox 2990 2524 3247 2591; x_wconf 87' lang='lat' dir='ltr'><strong>prodesse</strong></span> <span class='ocrx_word' id='word_1_561' title='bbox 3274 2534 3511 2594; x_wconf 87' lang='lat' dir='ltr'><strong>recusat,</strong></span> 
     </span>
    </p>
   </div>
   <div class='ocr_carea' id='block_1_87' title="bbox 2264 2606 3474 2686">
    <p class='ocr_par' dir='ltr' id='par_1_87' title="bbox 2264 2606 3474 2686">
     <span class='ocr_line' id='line_1_87' title="bbox 2264 2606 3474 2686; baseline 0.008 -25"><span class='ocrx_word' id='word_1_562' title='bbox 2264 2606 2444 2679; x_wconf 81' lang='lat' dir='ltr'><strong>Atque</strong></span> <span class='ocrx_word' id='word_1_563' title='bbox 2471 2608 2591 2664; x_wconf 91' lang='lat' dir='ltr'><strong>aliis</strong></span> <span class='ocrx_word' id='word_1_564' title='bbox 2616 2611 2805 2683; x_wconf 72' lang='lat' dir='ltr'><strong>vivens</strong></span> <span class='ocrx_word' id='word_1_565' title='bbox 2833 2616 3079 2670; x_wconf 79' lang='lat' dir='ltr'><strong>mortuus</strong></span> <span class='ocrx_word' id='word_1_566' title='bbox 3104 2614 3219 2686; x_wconf 82' lang='lat' dir='ltr'><strong>ipse</strong></span> <span class='ocrx_word' id='word_1_567' title='bbox 3246 2616 3346 2672; x_wconf 88' lang='lat' dir='ltr'><strong>sibi</strong></span> <span class='ocrx_word' id='word_1_568' title='bbox 3371 2626 3474 2673; x_wconf 84' lang='lat' dir='ltr'><strong>est.</strong></span> 
     </span>
    </p>
   </div>
   <div class='ocr_carea' id='block_1_88' title="bbox 2192 2698 3707 2775">
    <p class='ocr_par' dir='ltr' id='par_1_88' title="bbox 2192 2698 3707 2775">
     <span class='ocr_line' id='line_1_88' title="bbox 2192 2698 3707 2775; baseline 0.009 -20"><span class='ocrx_word' id='word_1_569' title='bbox 2192 2698 2293 2755; x_wconf 89' lang='lat' dir='ltr'><strong>Hic</strong></span> <span class='ocrx_word' id='word_1_570' title='bbox 2321 2708 2503 2756; x_wconf 92' lang='lat' dir='ltr'><strong>monet</strong></span> <span class='ocrx_word' id='word_1_571' title='bbox 2536 2717 2659 2758; x_wconf 85' lang='lat' dir='ltr'><strong>esse</strong></span> <span class='ocrx_word' id='word_1_572' title='bbox 2683 2702 2840 2769; x_wconf 81' lang='lat' dir='ltr'><strong>alios,</strong></span> <span class='ocrx_word' id='word_1_573' title='bbox 2868 2704 2970 2759; x_wconf 89' lang='lat' dir='ltr'><strong>sibi</strong></span> <span class='ocrx_word' id='word_1_574' title='bbox 3000 2705 3057 2759; x_wconf 85' lang='lat' dir='ltr'><strong>tit</strong></span> <span class='ocrx_word' id='word_1_575' title='bbox 3092 2706 3210 2762; x_wconf 90' lang='lat' dir='ltr'><strong>sine</strong></span> <span class='ocrx_word' id='word_1_576' title='bbox 3237 2717 3433 2775; x_wconf 82' lang='lat' dir='ltr'><strong>mente,</strong></span> <span class='ocrx_word' id='word_1_577' title='bbox 3462 2708 3561 2767; x_wconf 82' lang='lat' dir='ltr'><strong>sed</strong></span> <span class='ocrx_word' id='word_1_578' title='bbox 3586 2708 3707 2775; x_wconf 80' lang='lat' dir='ltr'><strong>inde</strong></span> 
     </span>
    </p>
   </div>
   <div class='ocr_carea' id='block_1_89' title="bbox 2263 2792 3260 2866">
    <p class='ocr_par' dir='ltr' id='par_1_89' title="bbox 2263 2792 3260 2866">
     <span class='ocr_line' id='line_1_89' title="bbox 2263 2792 3260 2866; baseline 0.007 -18"><span class='ocrx_word' id='word_1_579' title='bbox 2263 2792 2431 2848; x_wconf 90' lang='lat' dir='ltr'><strong>Cerea</strong></span> <span class='ocrx_word' id='word_1_580' title='bbox 2453 2793 2544 2848; x_wconf 83' lang='lat' dir='ltr'><strong>lux</strong></span> <span class='ocrx_word' id='word_1_581' title='bbox 2577 2793 2718 2858; x_wconf 87' lang='lat' dir='ltr'><strong>aliis,</strong></span> <span class='ocrx_word' id='word_1_582' title='bbox 2745 2794 2811 2850; x_wconf 80' lang='lat' dir='ltr'><strong>[is</strong></span> <span class='ocrx_word' id='word_1_583' title='bbox 2836 2794 2976 2852; x_wconf 91' lang='lat' dir='ltr'><strong>cinis</strong></span> <span class='ocrx_word' id='word_1_584' title='bbox 3005 2797 3120 2866; x_wconf 88' lang='lat' dir='ltr'><strong>ipse</strong></span> <span class='ocrx_word' id='word_1_585' title='bbox 3139 2799 3260 2855; x_wconf 88' lang='lat' dir='ltr'><strong>tibi.</strong></span> 
     </span>
    </p>
   </div>
   <div class='ocr_carea' id='block_1_90' title="bbox 2191 2883 3635 2967">
    <p class='ocr_par' dir='ltr' id='par_1_90' title="bbox 2191 2883 3635 2967">
     <span class='ocr_line' id='line_1_90' title="bbox 2191 2883 3635 2967; baseline 0.011 -28"><span class='ocrx_word' id='word_1_586' title='bbox 2191 2883 2289 2939; x_wconf 89' lang='lat' dir='ltr'><strong>Est</strong></span> <span class='ocrx_word' id='word_1_587' title='bbox 2310 2885 2474 2939; x_wconf 91' lang='lat' dir='ltr'><strong>etiam</strong></span> <span class='ocrx_word' id='word_1_588' title='bbox 2505 2886 2686 2957; x_wconf 82' lang='lat' dir='ltr'><strong>gravis</strong></span> <span class='ocrx_word' id='word_1_589' title='bbox 2712 2885 2802 2942; x_wconf 89' lang='lat' dir='ltr'><strong>ille</strong></span> <span class='ocrx_word' id='word_1_590' title='bbox 2833 2889 3042 2953; x_wconf 85' lang='lat' dir='ltr'><strong>modus,</strong></span> <span class='ocrx_word' id='word_1_591' title='bbox 3076 2906 3184 2962; x_wconf 82' lang='lat' dir='ltr'><strong>quo</strong></span> <span class='ocrx_word' id='word_1_592' title='bbox 3211 2892 3412 2963; x_wconf 86' lang='lat' dir='ltr'><strong>pellere</strong></span> <span class='ocrx_word' id='word_1_593' title='bbox 3438 2896 3635 2967; x_wconf 83' lang='lat' dir='ltr'><strong>probra</strong></span> 
     </span>
    </p>
   </div>
   <div class='ocr_carea' id='block_1_91' title="bbox 2264 2976 3531 3060">
    <p class='ocr_par' dir='ltr' id='par_1_91' title="bbox 2264 2976 3531 3060">
     <span class='ocr_line' id='line_1_91' title="bbox 2264 2976 3531 3060; baseline 0.009 -29"><span class='ocrx_word' id='word_1_594' title='bbox 2264 2976 2389 3032; x_wconf 82' lang='lat' dir='ltr'><strong>Rite</strong></span> <span class='ocrx_word' id='word_1_595' title='bbox 2414 2976 2556 3031; x_wconf 88' lang='lat' dir='ltr'><strong>valet</strong></span> <span class='ocrx_word' id='word_1_596' title='bbox 2584 2977 2788 3046; x_wconf 90' lang='lat' dir='ltr'><strong>nullus,</strong></span> <span class='ocrx_word' id='word_1_597' title='bbox 2828 2980 3118 3039; x_wconf 85' lang='lat' dir='ltr'><strong>dummodo</strong></span> <span class='ocrx_word' id='word_1_598' title='bbox 3142 2986 3341 3056; x_wconf 85' lang='lat' dir='ltr'><strong>probra</strong></span> <span class='ocrx_word' id='word_1_599' title='bbox 3372 2989 3531 3060; x_wconf 85' lang='lat' dir='ltr'><strong>gerit.</strong></span> 
     </span>
    </p>
   </div>
   <div class='ocr_carea' id='block_1_92' title="bbox 2191 3068 3636 3150">
    <p class='ocr_par' dir='ltr' id='par_1_92' title="bbox 2191 3068 3636 3150">
     <span class='ocr_line' id='line_1_92' title="bbox 2191 3068 3636 3150; baseline 0.012 -28"><span class='ocrx_word' id='word_1_600' title='bbox 2191 3068 2310 3137; x_wconf 91' lang='lat' dir='ltr'><strong>Qua</strong></span> <span class='ocrx_word' id='word_1_601' title='bbox 2342 3084 2476 3140; x_wconf 86' lang='lat' dir='ltr'><strong>rogo</strong></span> <span class='ocrx_word' id='word_1_602' title='bbox 2503 3079 2652 3125; x_wconf 86' lang='lat' dir='ltr'><strong>sorte</strong></span> <span class='ocrx_word' id='word_1_603' title='bbox 2680 3080 2846 3140; x_wconf 88' lang='lat' dir='ltr'><strong>queat</strong></span> <span class='ocrx_word' id='word_1_604' title='bbox 2868 3073 3096 3131; x_wconf 87' lang='lat' dir='ltr'><strong>sordens</strong></span> <span class='ocrx_word' id='word_1_605' title='bbox 3118 3076 3430 3150; x_wconf 86' lang='lat' dir='ltr'><strong>abstergere</strong></span> <span class='ocrx_word' id='word_1_606' title='bbox 3451 3080 3636 3139; x_wconf 78' lang='lat' dir='ltr'><strong>sordes</strong></span> 
     </span>
    </p>
   </div>
   <div class='ocr_carea' id='block_1_93' title="bbox 2146 3162 3473 3239">
    <p class='ocr_par' dir='ltr' id='par_1_93' title="bbox 2146 3162 3473 3239">
     <span class='ocr_line' id='line_1_93' title="bbox 2146 3162 3473 3239; baseline 0.011 -24"><span class='ocrx_word' id='word_1_607' title='bbox 2146 3224 2152 3229; x_wconf 24' lang='grc' dir='ltr'>θ</span> <span class='ocrx_word' id='word_1_608' title='bbox 2258 3162 2533 3234; x_wconf 89' lang='lat' dir='ltr'><strong>Evigilare</strong></span> <span class='ocrx_word' id='word_1_609' title='bbox 2558 3164 2693 3221; x_wconf 90' lang='lat' dir='ltr'><strong>alios</strong></span> <span class='ocrx_word' id='word_1_610' title='bbox 2720 3180 2882 3235; x_wconf 87' lang='lat' dir='ltr'><strong>quem</strong></span> <span class='ocrx_word' id='word_1_611' title='bbox 2909 3182 3074 3239; x_wconf 88' lang='lat' dir='ltr'><strong>sopor</strong></span> <span class='ocrx_word' id='word_1_612' title='bbox 3103 3170 3245 3228; x_wconf 86' lang='lat' dir='ltr'><strong>altus</strong></span> <span class='ocrx_word' id='word_1_613' title='bbox 3267 3173 3473 3230; x_wconf 69' lang='lat' dir='ltr'><strong>habet!</strong></span> 
     </span>
    </p>
   </div>
   <div class='ocr_carea' id='block_1_94' title="bbox 2115 3248 3591 3336">
    <p class='ocr_par' dir='ltr' id='par_1_94' title="bbox 2115 3248 3591 3336">
     <span class='ocr_line' id='line_1_94' title="bbox 2115 3248 3591 3336; baseline 0.014 -30"><span class='ocrx_word' id='word_1_614' title='bbox 2115 3248 2160 3311; x_wconf 72' lang='grc' dir='ltr'>Ε</span> <span class='ocrx_word' id='word_1_615' title='bbox 2191 3251 2595 3322; x_wconf 77' lang='lat' dir='ltr'><strong>Quzevejaeens</strong></span> <span class='ocrx_word' id='word_1_616' title='bbox 2628 3254 2796 3312; x_wconf 85' lang='lat' dir='ltr'><strong>facies</strong></span> <span class='ocrx_word' id='word_1_617' title='bbox 2820 3254 3036 3315; x_wconf 86' lang='lat' dir='ltr'><strong>studeat</strong></span> <span class='ocrx_word' id='word_1_618' title='bbox 3064 3261 3306 3321; x_wconf 85' lang='lat' dir='ltr'><strong>relevare</strong></span> <span class='ocrx_word' id='word_1_619' title='bbox 3321 3263 3591 3336; x_wconf 77' lang='lat' dir='ltr'><strong>jacentes.</strong></span> 
     </span>
    </p>
   </div>
   <div class='ocr_carea' id='block_1_95' title="bbox 2257 3339 3515 3429">
    <p class='ocr_par' dir='ltr' id='par_1_95' title="bbox 2257 3339 3515 3429">
     <span class='ocr_line' id='line_1_95' title="bbox 2257 3339 3515 3429; baseline 0.014 -33"><span class='ocrx_word' id='word_1_620' title='bbox 2257 3343 2366 3397; x_wconf 83' lang='lat' dir='ltr'><strong>Aut</strong></span> <span class='ocrx_word' id='word_1_621' title='bbox 2394 3359 2587 3401; x_wconf 86' lang='lat' dir='ltr'><strong>curare</strong></span> <span class='ocrx_word' id='word_1_622' title='bbox 2612 3355 2768 3416; x_wconf 86' lang='lat' dir='ltr'><strong>paret</strong></span> <span class='ocrx_word' id='word_1_623' title='bbox 2794 3346 3018 3404; x_wconf 85' lang='lat' dir='ltr'><strong>vulnera</strong></span> <span class='ocrx_word' id='word_1_624' title='bbox 3042 3350 3236 3407; x_wconf 86' lang='lat' dir='ltr'><strong>vulnus</strong></span> <span class='ocrx_word' id='word_1_625' title='bbox 3265 3339 3515 3429; x_wconf 68' lang='lat' dir='ltr'><strong>habens?</strong></span> 
     </span>
    </p>
   </div>
   <div class='ocr_carea' id='block_1_96' title="bbox 2188 3432 3553 3514">
    <p class='ocr_par' dir='ltr' id='par_1_96' title="bbox 2188 3432 3553 3514">
     <span class='ocr_line' id='line_1_96' title="bbox 2188 3432 3553 3514; baseline 0.014 -24"><span class='ocrx_word' id='word_1_626' title='bbox 2188 3432 2379 3491; x_wconf 89' lang='lat' dir='ltr'><strong>Cessat</strong></span> <span class='ocrx_word' id='word_1_627' title='bbox 2403 3435 2472 3491; x_wconf 87' lang='lat' dir='ltr'><strong>ab</strong></span> <span class='ocrx_word' id='word_1_628' title='bbox 2497 3436 2732 3509; x_wconf 87' lang='lat' dir='ltr'><strong>ingluvie</strong></span> <span class='ocrx_word' id='word_1_629' title='bbox 2757 3440 2953 3510; x_wconf 62' lang='lat' dir='ltr'><strong>praesul</strong></span> <span class='ocrx_word' id='word_1_630' title='bbox 2980 3457 3324 3514; x_wconf 78' lang='lat' dir='ltr'><strong>compescere</strong></span> <span class='ocrx_word' id='word_1_631' title='bbox 3348 3450 3553 3513; x_wconf 80' lang='lat' dir='ltr'><strong>ventris</strong></span> 
     </span>
    </p>
   </div>
   <div class='ocr_carea' id='block_1_97' title="bbox 2257 3526 3468 3609">
    <p class='ocr_par' dir='ltr' id='par_1_97' title="bbox 2257 3526 3468 3609">
     <span class='ocr_line' id='line_1_97' title="bbox 2257 3526 3468 3609; baseline 0.014 -28"><span class='ocrx_word' id='word_1_632' title='bbox 2257 3526 2468 3593; x_wconf 89' lang='lat' dir='ltr'><strong>Plebes,</strong></span> <span class='ocrx_word' id='word_1_633' title='bbox 2502 3529 2547 3584; x_wconf 87' lang='lat' dir='ltr'><strong>si</strong></span> <span class='ocrx_word' id='word_1_634' title='bbox 2577 3530 2806 3601; x_wconf 87' lang='lat' dir='ltr'><strong>dapibus</strong></span> <span class='ocrx_word' id='word_1_635' title='bbox 2830 3549 3050 3603; x_wconf 89' lang='lat' dir='ltr'><strong>pressus</strong></span> <span class='ocrx_word' id='word_1_636' title='bbox 3081 3547 3135 3593; x_wconf 88' lang='lat' dir='ltr'><strong>et</strong></span> <span class='ocrx_word' id='word_1_637' title='bbox 3161 3537 3276 3609; x_wconf 88' lang='lat' dir='ltr'><strong>ipse</strong></span> <span class='ocrx_word' id='word_1_638' title='bbox 3301 3538 3468 3609; x_wconf 83' lang='lat' dir='ltr'><strong>jacet.</strong></span> 
     </span>
    </p>
   </div>
   <div class='ocr_carea' id='block_1_98' title="bbox 2189 3619 3569 3704">
    <p class='ocr_par' dir='ltr' id='par_1_98' title="bbox 2189 3619 3569 3704">
     <span class='ocr_line' id='line_1_98' title="bbox 2189 3619 3569 3704; baseline 0.013 -29"><span class='ocrx_word' id='word_1_639' title='bbox 2189 3619 2341 3676; x_wconf 85' lang='lat' dir='ltr'><strong>Haud</strong></span> <span class='ocrx_word' id='word_1_640' title='bbox 2368 3632 2515 3678; x_wconf 86' lang='lat' dir='ltr'><strong>vetat</strong></span> <span class='ocrx_word' id='word_1_641' title='bbox 2557 3624 2645 3679; x_wconf 92' lang='lat' dir='ltr'><strong>hic</strong></span> <span class='ocrx_word' id='word_1_642' title='bbox 2673 3622 2879 3694; x_wconf 89' lang='lat' dir='ltr'><strong>vinum,</strong></span> <span class='ocrx_word' id='word_1_643' title='bbox 2913 3629 2957 3684; x_wconf 88' lang='lat' dir='ltr'><strong>si</strong></span> <span class='ocrx_word' id='word_1_644' title='bbox 2987 3644 3104 3686; x_wconf 89' lang='lat' dir='ltr'><strong>sese</strong></span> <span class='ocrx_word' id='word_1_645' title='bbox 3133 3630 3424 3702; x_wconf 77' lang='lat' dir='ltr'><strong>ingurgitet</strong></span> <span class='ocrx_word' id='word_1_646' title='bbox 3454 3634 3569 3704; x_wconf 86' lang='lat' dir='ltr'><strong>illo,</strong></span> 
     </span>
    </p>
   </div>
   <div class='ocr_carea' id='block_1_99' title="bbox 2258 3716 3439 3791">
    <p class='ocr_par' dir='ltr' id='par_1_99' title="bbox 2258 3716 3439 3791">
     <span class='ocr_line' id='line_1_99' title="bbox 2258 3716 3439 3791; baseline 0.01 -21"><span class='ocrx_word' id='word_1_647' title='bbox 2258 3716 2454 3772; x_wconf 86' lang='lat' dir='ltr'><strong>Ebrius</strong></span> <span class='ocrx_word' id='word_1_648' title='bbox 2482 3718 2624 3774; x_wconf 90' lang='lat' dir='ltr'><strong>haud</strong></span> <span class='ocrx_word' id='word_1_649' title='bbox 2654 3720 2850 3791; x_wconf 87' lang='lat' dir='ltr'><strong>populo</strong></span> <span class='ocrx_word' id='word_1_650' title='bbox 2881 3724 3095 3778; x_wconf 82' lang='lat' dir='ltr'><strong>sobrius</strong></span> <span class='ocrx_word' id='word_1_651' title='bbox 3124 3733 3241 3779; x_wconf 90' lang='lat' dir='ltr'><strong>esto</strong></span> <span class='ocrx_word' id='word_1_652' title='bbox 3263 3736 3439 3783; x_wconf 87' lang='lat' dir='ltr'><strong>canet.</strong></span> 
     </span>
    </p>
   </div>
   <div class='ocr_carea' id='block_1_100' title="bbox 2188 3805 3652 3891">
    <p class='ocr_par' dir='ltr' id='par_1_100' title="bbox 2188 3805 3652 3891">
     <span class='ocr_line' id='line_1_100' title="bbox 2188 3805 3652 3891; baseline 0.012 -30"><span class='ocrx_word' id='word_1_653' title='bbox 2188 3805 2305 3863; x_wconf 89' lang='lat' dir='ltr'><strong>Non</strong></span> <span class='ocrx_word' id='word_1_654' title='bbox 2335 3809 2466 3865; x_wconf 82' lang='lat' dir='ltr'><strong>vitia</strong></span> <span class='ocrx_word' id='word_1_655' title='bbox 2497 3812 2799 3880; x_wconf 88' lang='lat' dir='ltr'><strong>spernenda</strong></span> <span class='ocrx_word' id='word_1_656' title='bbox 2829 3825 3010 3869; x_wconf 88' lang='lat' dir='ltr'><strong>monet</strong></span> <span class='ocrx_word' id='word_1_657' title='bbox 3033 3816 3230 3885; x_wconf 88' lang='lat' dir='ltr'><strong>quibus</strong></span> <span class='ocrx_word' id='word_1_658' title='bbox 3260 3817 3375 3889; x_wconf 88' lang='lat' dir='ltr'><strong>ipse</strong></span> <span class='ocrx_word' id='word_1_659' title='bbox 3397 3830 3652 3891; x_wconf 84' lang='lat' dir='ltr'><strong>gravatur</strong></span> 
     </span>
    </p>
   </div>
   <div class='ocr_carea' id='block_1_101' title="bbox 2257 3899 3446 3980">
    <p class='ocr_par' dir='ltr' id='par_1_101' title="bbox 2257 3899 3446 3980">
     <span class='ocr_line' id='line_1_101' title="bbox 2257 3899 3446 3980; baseline 0.013 -27"><span class='ocrx_word' id='word_1_660' title='bbox 2257 3899 2639 3972; x_wconf 76' lang='lat' dir='ltr'><strong>Virtutumque</strong></span> <span class='ocrx_word' id='word_1_661' title='bbox 2664 3919 2861 3973; x_wconf 86' lang='lat' dir='ltr'><strong>expers</strong></span> <span class='ocrx_word' id='word_1_662' title='bbox 2896 3921 3005 3960; x_wconf 90' lang='lat' dir='ltr'><strong>non</strong></span> <span class='ocrx_word' id='word_1_663' title='bbox 3034 3906 3139 3963; x_wconf 87' lang='lat' dir='ltr'><strong>iter</strong></span> <span class='ocrx_word' id='word_1_664' title='bbox 3163 3918 3315 3980; x_wconf 87' lang='lat' dir='ltr'><strong>aptat</strong></span> <span class='ocrx_word' id='word_1_665' title='bbox 3347 3910 3446 3968; x_wconf 90' lang='lat' dir='ltr'><strong>eis.</strong></span> 
     </span>
    </p>
   </div>
   <div class='ocr_carea' id='block_1_102' title="bbox 2186 3987 3372 4061">
    <p class='ocr_par' dir='ltr' id='par_1_102' title="bbox 2186 3987 3372 4061">
     <span class='ocr_line' id='line_1_102' title="bbox 2186 3987 3372 4061; baseline 0.013 -18"><span class='ocrx_word' id='word_1_666' title='bbox 2186 3987 2416 4060; x_wconf 90' lang='lat' dir='ltr'><strong>Compos</strong></span> <span class='ocrx_word' id='word_1_667' title='bbox 2438 3992 2681 4047; x_wconf 76' lang='lat' dir='ltr'><strong>avaritize</strong></span> <span class='ocrx_word' id='word_1_668' title='bbox 2706 4010 2812 4048; x_wconf 86' lang='lat' dir='ltr'><strong>non</strong></span> <span class='ocrx_word' id='word_1_669' title='bbox 2834 3992 2952 4061; x_wconf 86' lang='lat' dir='ltr'><strong>ejus</strong></span> <span class='ocrx_word' id='word_1_670' title='bbox 2984 4013 3117 4054; x_wconf 87' lang='lat' dir='ltr'><strong>voce</strong></span> <span class='ocrx_word' id='word_1_671' title='bbox 3148 4000 3372 4058; x_wconf 87' lang='lat' dir='ltr'><strong>fatiscit.</strong></span> 
     </span>
    </p>
   </div>
   <div class='ocr_carea' id='block_1_103' title="bbox 2255 4079 3437 4157">
    <p class='ocr_par' dir='ltr' id='par_1_103' title="bbox 2255 4079 3437 4157">
     <span class='ocr_line' id='line_1_103' title="bbox 2255 4079 3437 4157; baseline 0.014 -25"><span class='ocrx_word' id='word_1_672' title='bbox 2255 4079 2425 4147; x_wconf 85' lang='lat' dir='ltr'><strong>Quem</strong></span> <span class='ocrx_word' id='word_1_673' title='bbox 2449 4081 2580 4153; x_wconf 90' lang='lat' dir='ltr'><strong>ligat</strong></span> <span class='ocrx_word' id='word_1_674' title='bbox 2606 4083 2764 4139; x_wconf 89' lang='lat' dir='ltr'><strong>istius</strong></span> <span class='ocrx_word' id='word_1_675' title='bbox 2784 4087 2953 4157; x_wconf 90' lang='lat' dir='ltr'><strong>pestis</strong></span> <span class='ocrx_word' id='word_1_676' title='bbox 2983 4090 3195 4146; x_wconf 89' lang='lat' dir='ltr'><strong>adunca</strong></span> <span class='ocrx_word' id='word_1_677' title='bbox 3224 4109 3437 4151; x_wconf 89' lang='lat' dir='ltr'><strong>manus.</strong></span> 
     </span>
    </p>
   </div>
   <div class='ocr_carea' id='block_1_104' title="bbox 2183 4170 3448 4254">
    <p class='ocr_par' dir='ltr' id='par_1_104' title="bbox 2183 4170 3448 4254">
     <span class='ocr_line' id='line_1_104' title="bbox 2183 4170 3448 4254; baseline 0.013 -28"><span class='ocrx_word' id='word_1_678' title='bbox 2183 4170 2302 4227; x_wconf 86' lang='lat' dir='ltr'><strong>Non</strong></span> <span class='ocrx_word' id='word_1_679' title='bbox 2335 4172 2444 4227; x_wconf 93' lang='lat' dir='ltr'><strong>odii</strong></span> <span class='ocrx_word' id='word_1_680' title='bbox 2473 4175 2672 4242; x_wconf 90' lang='lat' dir='ltr'><strong>poterit</strong></span> <span class='ocrx_word' id='word_1_681' title='bbox 2694 4177 2978 4235; x_wconf 87' lang='lat' dir='ltr'><strong>mordaces</strong></span> <span class='ocrx_word' id='word_1_682' title='bbox 3017 4180 3228 4240; x_wconf 88' lang='lat' dir='ltr'><strong>solvere</strong></span> <span class='ocrx_word' id='word_1_683' title='bbox 3256 4186 3448 4254; x_wconf 85' lang='lat' dir='ltr'><strong>nodos,</strong></span> 
     </span>
    </p>
   </div>
   <div class='ocr_carea' id='block_1_105' title="bbox 2252 4262 3447 4347">
    <p class='ocr_par' dir='ltr' id='par_1_105' title="bbox 2252 4262 3447 4347">
     <span class='ocr_line' id='line_1_105' title="bbox 2252 4262 3447 4347; baseline 0.012 -29"><span class='ocrx_word' id='word_1_684' title='bbox 2252 4262 2416 4331; x_wconf 88' lang='lat' dir='ltr'><strong>Cujus</strong></span> <span class='ocrx_word' id='word_1_685' title='bbox 2448 4279 2602 4320; x_wconf 91' lang='lat' dir='ltr'><strong>mens</strong></span> <span class='ocrx_word' id='word_1_686' title='bbox 2620 4267 2729 4324; x_wconf 89' lang='lat' dir='ltr'><strong>odii</strong></span> <span class='ocrx_word' id='word_1_687' title='bbox 2759 4279 3001 4326; x_wconf 89' lang='lat' dir='ltr'><strong>monstra</strong></span> <span class='ocrx_word' id='word_1_688' title='bbox 3028 4272 3261 4329; x_wconf 83' lang='lat' dir='ltr'><strong>nefanda</strong></span> <span class='ocrx_word' id='word_1_689' title='bbox 3288 4277 3447 4347; x_wconf 84' lang='lat' dir='ltr'><strong>gerit.</strong></span> 
     </span>
    </p>
   </div>
   <div class='ocr_carea' id='block_1_106' title="bbox 2181 4355 3556 4442">
    <p class='ocr_par' dir='ltr' id='par_1_106' title="bbox 2181 4355 3556 4442">
     <span class='ocr_line' id='line_1_106' title="bbox 2181 4355 3556 4442; baseline 0.013 -32"><span class='ocrx_word' id='word_1_690' title='bbox 2181 4355 2397 4411; x_wconf 90' lang='lat' dir='ltr'><strong>Plebem</strong></span> <span class='ocrx_word' id='word_1_691' title='bbox 2421 4360 2710 4430; x_wconf 87' lang='lat' dir='ltr'><strong>tranquilla</strong></span> <span class='ocrx_word' id='word_1_692' title='bbox 2740 4364 2924 4430; x_wconf 89' lang='lat' dir='ltr'><strong>nequit</strong></span> <span class='ocrx_word' id='word_1_693' title='bbox 2949 4364 3040 4419; x_wconf 90' lang='lat' dir='ltr'><strong>hic</strong></span> <span class='ocrx_word' id='word_1_694' title='bbox 3058 4381 3383 4437; x_wconf 88' lang='lat' dir='ltr'><strong>componere</strong></span> <span class='ocrx_word' id='word_1_695' title='bbox 3406 4384 3556 4442; x_wconf 86' lang='lat' dir='ltr'><strong>pace,</strong></span> 
     </span>
    </p>
   </div>
   <div class='ocr_carea' id='block_1_107' title="bbox 2251 4447 3272 4529">
    <p class='ocr_par' dir='ltr' id='par_1_107' title="bbox 2251 4447 3272 4529">
     <span class='ocr_line' id='line_1_107' title="bbox 2251 4447 3272 4529; baseline 0.017 -28"><span class='ocrx_word' id='word_1_696' title='bbox 2251 4447 2352 4516; x_wconf 85' lang='lat' dir='ltr'><strong>Qui</strong></span> <span class='ocrx_word' id='word_1_697' title='bbox 2380 4450 2524 4505; x_wconf 90' lang='lat' dir='ltr'><strong>nulla</strong></span> <span class='ocrx_word' id='word_1_698' title='bbox 2560 4451 2702 4523; x_wconf 86' lang='lat' dir='ltr'><strong>plebi</strong></span> <span class='ocrx_word' id='word_1_699' title='bbox 2730 4470 2861 4524; x_wconf 89' lang='lat' dir='ltr'><strong>pace</strong></span> <span class='ocrx_word' id='word_1_700' title='bbox 2883 4455 3078 4529; x_wconf 84' lang='lat' dir='ltr'><strong>ligatus</strong></span> <span class='ocrx_word' id='word_1_701' title='bbox 3114 4460 3272 4518; x_wconf 90' lang='lat' dir='ltr'><strong>inest.</strong></span> 
     </span>
    </p>
   </div>
   <div class='ocr_carea' id='block_1_108' title="bbox 2177 4539 3589 4626">
    <p class='ocr_par' dir='ltr' id='par_1_108' title="bbox 2177 4539 3589 4626">
     <span class='ocr_line' id='line_1_108' title="bbox 2177 4539 3589 4626; baseline 0.015 -35"><span class='ocrx_word' id='word_1_702' title='bbox 2177 4539 2289 4593; x_wconf 81' lang='lat' dir='ltr'><strong>Aut</strong></span> <span class='ocrx_word' id='word_1_703' title='bbox 2311 4540 2405 4594; x_wconf 66' lang='lat' dir='ltr'><strong>ira:</strong></span> <span class='ocrx_word' id='word_1_704' title='bbox 2432 4542 2677 4597; x_wconf 87' lang='lat' dir='ltr'><strong>stimulos</strong></span> <span class='ocrx_word' id='word_1_705' title='bbox 2700 4545 2896 4614; x_wconf 88' lang='lat' dir='ltr'><strong>quibus</strong></span> <span class='ocrx_word' id='word_1_706' title='bbox 2925 4549 3091 4604; x_wconf 87' lang='lat' dir='ltr'><strong>armis</strong></span> <span class='ocrx_word' id='word_1_707' title='bbox 3120 4549 3368 4623; x_wconf 85' lang='lat' dir='ltr'><strong>frangere</strong></span> <span class='ocrx_word' id='word_1_708' title='bbox 3395 4554 3589 4626; x_wconf 87' lang='lat' dir='ltr'><strong>quibit,</strong></span> 
     </span>
    </p>
   </div>
   <div class='ocr_carea' id='block_1_109' title="bbox 2249 4629 3469 4704">
    <p class='ocr_par' dir='ltr' id='par_1_109' title="bbox 2249 4629 3469 4704">
     <span class='ocr_line' id='line_1_109' title="bbox 2249 4629 3469 4704; baseline 0.014 -19"><span class='ocrx_word' id='word_1_709' title='bbox 2249 4629 2447 4686; x_wconf 87' lang='lat' dir='ltr'><strong>Lurida</strong></span> <span class='ocrx_word' id='word_1_710' title='bbox 2474 4648 2635 4702; x_wconf 88' lang='lat' dir='ltr'><strong>quem</strong></span> <span class='ocrx_word' id='word_1_711' title='bbox 2669 4636 2904 4704; x_wconf 73' lang='lat' dir='ltr'><strong>praedam</strong></span> <span class='ocrx_word' id='word_1_712' title='bbox 2941 4636 3133 4701; x_wconf 84' lang='lat' dir='ltr'><strong>fecerit</strong></span> <span class='ocrx_word' id='word_1_713' title='bbox 3161 4642 3239 4698; x_wconf 90' lang='lat' dir='ltr'><strong>ira</strong></span> <span class='ocrx_word' id='word_1_714' title='bbox 3265 4658 3418 4701; x_wconf 87' lang='lat' dir='ltr'><strong>suam</strong></span> <span class='ocrx_word' id='word_1_715' title='bbox 3445 4645 3469 4701; x_wconf 82' lang='lat'><strong>?</strong></span> 
     </span>
    </p>
   </div>
   <div class='ocr_carea' id='block_1_110' title="bbox 2177 4721 3605 4806">
    <p class='ocr_par' dir='ltr' id='par_1_110' title="bbox 2177 4721 3605 4806">
     <span class='ocr_line' id='line_1_110' title="bbox 2177 4721 3605 4806; baseline 0.013 -29"><span class='ocrx_word' id='word_1_716' title='bbox 2177 4721 2259 4777; x_wconf 83' lang='lat' dir='ltr'><strong>An</strong></span> <span class='ocrx_word' id='word_1_717' title='bbox 2295 4723 2481 4779; x_wconf 88' lang='lat' dir='ltr'><strong>sedeat</strong></span> <span class='ocrx_word' id='word_1_718' title='bbox 2505 4740 2734 4781; x_wconf 85' lang='lat' dir='ltr'><strong>vacuum</strong></span> <span class='ocrx_word' id='word_1_719' title='bbox 2760 4743 2920 4797; x_wconf 91' lang='lat' dir='ltr'><strong>quem</strong></span> <span class='ocrx_word' id='word_1_720' title='bbox 2943 4748 3080 4787; x_wconf 89' lang='lat' dir='ltr'><strong>vana</strong></span> <span class='ocrx_word' id='word_1_721' title='bbox 3104 4737 3357 4806; x_wconf 87' lang='lat' dir='ltr'><strong>superbia</strong></span> <span class='ocrx_word' id='word_1_722' title='bbox 3386 4748 3605 4795; x_wconf 88' lang='lat' dir='ltr'><strong>ventum</strong></span> 
     </span>
    </p>
   </div>
   <div class='ocr_carea' id='block_1_111' title="bbox 2180 4814 3304 4894">
    <p class='ocr_par' dir='ltr' id='par_1_111' title="bbox 2180 4814 3304 4894">
     <span class='ocr_line' id='line_1_111' title="bbox 2180 4814 3304 4894; baseline 0.012 -26"><span class='ocrx_word' id='word_1_723' title='bbox 2180 4828 2181 4831; x_wconf 75' lang='lat'>‘</span> <span class='ocrx_word' id='word_1_724' title='bbox 2246 4814 2466 4881; x_wconf 84' lang='lat' dir='ltr'><strong>Perilat,</strong></span> <span class='ocrx_word' id='word_1_725' title='bbox 2498 4817 2543 4870; x_wconf 90' lang='lat' dir='ltr'><strong>si</strong></span> <span class='ocrx_word' id='word_1_726' title='bbox 2573 4826 2757 4875; x_wconf 88' lang='lat' dir='ltr'><strong>tensus</strong></span> <span class='ocrx_word' id='word_1_727' title='bbox 2784 4818 3005 4879; x_wconf 82' lang='lat' dir='ltr'><strong>ﬂatibus</strong></span> <span class='ocrx_word' id='word_1_728' title='bbox 3030 4822 3147 4894; x_wconf 82' lang='lat' dir='ltr'><strong>ejus</strong></span> <span class='ocrx_word' id='word_1_729' title='bbox 3171 4829 3304 4882; x_wconf 82' lang='lat' dir='ltr'><strong>eat?</strong></span> 
     </span>
    </p>
   </div>
   <div class='ocr_carea' id='block_1_112' title="bbox 2177 4905 3658 4985">
    <p class='ocr_par' dir='ltr' id='par_1_112' title="bbox 2177 4905 3658 4985">
     <span class='ocr_line' id='line_1_112' title="bbox 2177 4905 3658 4985; baseline 0.009 -24"><span class='ocrx_word' id='word_1_730' title='bbox 2177 4905 2362 4974; x_wconf 92' lang='lat' dir='ltr'><strong>Quove</strong></span> <span class='ocrx_word' id='word_1_731' title='bbox 2389 4910 2549 4964; x_wconf 88' lang='lat' dir='ltr'><strong>modo</strong></span> <span class='ocrx_word' id='word_1_732' title='bbox 2574 4912 2773 4982; x_wconf 83' lang='lat' dir='ltr'><strong>poterit</strong></span> <span class='ocrx_word' id='word_1_733' title='bbox 2796 4922 3161 4985; x_wconf 88' lang='lat' dir='ltr'><strong>contemptum</strong></span> <span class='ocrx_word' id='word_1_734' title='bbox 3185 4917 3412 4974; x_wconf 85' lang='lat' dir='ltr'><strong>suadere</strong></span> <span class='ocrx_word' id='word_1_735' title='bbox 3437 4920 3658 4976; x_wconf 79' lang='lat' dir='ltr'><strong>mundi?</strong></span> 
     </span>
    </p>
   </div>
   <div class='ocr_carea' id='block_1_113' title="bbox 2248 4997 3562 5072">
    <p class='ocr_par' dir='ltr' id='par_1_113' title="bbox 2248 4997 3562 5072">
     <span class='ocr_line' id='line_1_113' title="bbox 2248 4997 3562 5072; baseline 0.011 -22"><span class='ocrx_word' id='word_1_736' title='bbox 2248 4997 2402 5054; x_wconf 84' lang='lat' dir='ltr'><strong>Hunc</strong></span> <span class='ocrx_word' id='word_1_737' title='bbox 2423 5000 2526 5054; x_wconf 87' lang='lat' dir='ltr'><strong>nisi</strong></span> <span class='ocrx_word' id='word_1_738' title='bbox 2548 5003 2866 5069; x_wconf 91' lang='lat' dir='ltr'><strong>contemnit,</strong></span> <span class='ocrx_word' id='word_1_739' title='bbox 2896 5005 3156 5069; x_wconf 83' lang='lat' dir='ltr'><strong>tempitur</strong></span> <span class='ocrx_word' id='word_1_740' title='bbox 3186 5007 3286 5062; x_wconf 85' lang='lat' dir='ltr'><strong>istc</strong></span> <span class='ocrx_word' id='word_1_741' title='bbox 3316 5024 3562 5072; x_wconf 86' lang='lat' dir='ltr'><strong>monens.</strong></span> 
     </span>
    </p>
   </div>
   <div class='ocr_carea' id='block_1_114' title="bbox 2174 5086 3589 5169">
    <p class='ocr_par' dir='ltr' id='par_1_114' title="bbox 2174 5086 3589 5169">
     <span class='ocr_line' id='line_1_114' title="bbox 2174 5086 3589 5169; baseline 0.008 -28"><span class='ocrx_word' id='word_1_742' title='bbox 2174 5086 2346 5153; x_wconf 90' lang='lat' dir='ltr'><strong>Quem</strong></span> <span class='ocrx_word' id='word_1_743' title='bbox 2370 5088 2525 5144; x_wconf 86' lang='lat' dir='ltr'><strong>favor</strong></span> <span class='ocrx_word' id='word_1_744' title='bbox 2547 5090 2823 5147; x_wconf 85' lang='lat' dir='ltr'><strong>humanus</strong></span> <span class='ocrx_word' id='word_1_745' title='bbox 2841 5092 3025 5149; x_wconf 90' lang='lat' dir='ltr'><strong>docuit</strong></span> <span class='ocrx_word' id='word_1_746' title='bbox 3059 5096 3297 5153; x_wconf 90' lang='lat' dir='ltr'><strong>mulcere</strong></span> <span class='ocrx_word' id='word_1_747' title='bbox 3318 5108 3589 5169; x_wconf 77' lang='lat' dir='ltr'><strong>potentes,</strong></span> 
     </span>
    </p>
   </div>
   <div class='ocr_carea' id='block_1_115' title="bbox 2242 5178 3456 5254">
    <p class='ocr_par' dir='ltr' id='par_1_115' title="bbox 2242 5178 3456 5254">
     <span class='ocr_line' id='line_1_115' title="bbox 2242 5178 3456 5254; baseline 0.012 -24"><span class='ocrx_word' id='word_1_748' title='bbox 2242 5178 2467 5245; x_wconf 89' lang='lat' dir='ltr'><strong>Quando</strong></span> <span class='ocrx_word' id='word_1_749' title='bbox 2493 5180 2579 5234; x_wconf 90' lang='lat' dir='ltr'><strong>hic</strong></span> <span class='ocrx_word' id='word_1_750' title='bbox 2596 5178 2871 5248; x_wconf 86' lang='lat' dir='ltr'><strong>judicibus</strong></span> <span class='ocrx_word' id='word_1_751' title='bbox 2888 5182 3014 5254; x_wconf 89' lang='lat' dir='ltr'><strong>jura</strong></span> <span class='ocrx_word' id='word_1_752' title='bbox 3045 5193 3228 5243; x_wconf 87' lang='lat' dir='ltr'><strong>tenere</strong></span> <span class='ocrx_word' id='word_1_753' title='bbox 3254 5189 3456 5245; x_wconf 84' lang='lat' dir='ltr'><strong>canet?</strong></span> 
     </span>
    </p>
   </div>
   <div class='ocr_carea' id='block_1_116' title="bbox 2168 5268 3348 5350">
    <p class='ocr_par' dir='ltr' id='par_1_116' title="bbox 2168 5268 3348 5350">
     <span class='ocr_line' id='line_1_116' title="bbox 2168 5268 3348 5350; baseline 0.011 -27"><span class='ocrx_word' id='word_1_754' title='bbox 2168 5268 2277 5324; x_wconf 83' lang='lat' dir='ltr'><strong>Ant</strong></span> <span class='ocrx_word' id='word_1_755' title='bbox 2303 5270 2448 5325; x_wconf 91' lang='lat' dir='ltr'><strong>dicet</strong></span> <span class='ocrx_word' id='word_1_756' title='bbox 2468 5270 2695 5328; x_wconf 90' lang='lat' dir='ltr'><strong>miseros</strong></span> <span class='ocrx_word' id='word_1_757' title='bbox 2721 5274 2939 5344; x_wconf 88' lang='lat' dir='ltr'><strong>pietatis</strong></span> <span class='ocrx_word' id='word_1_758' title='bbox 2967 5277 3082 5350; x_wconf 81' lang='lat' dir='ltr'><strong>lege</strong></span> <span class='ocrx_word' id='word_1_759' title='bbox 3104 5280 3348 5346; x_wconf 87' lang='lat' dir='ltr'><strong>tuendos,</strong></span> 
     </span>
    </p>
   </div>
   <div class='ocr_carea' id='block_1_117' title="bbox 2239 5359 3517 5444">
    <p class='ocr_par' dir='ltr' id='par_1_117' title="bbox 2239 5359 3517 5444">
     <span class='ocr_line' id='line_1_117' title="bbox 2239 5359 3517 5444; baseline 0.009 -29"><span class='ocrx_word' id='word_1_760' title='bbox 2239 5359 2349 5416; x_wconf 87' lang='lat' dir='ltr'><strong>Hos</strong></span> <span class='ocrx_word' id='word_1_761' title='bbox 2377 5361 2423 5416; x_wconf 90' lang='lat' dir='ltr'><strong>si</strong></span> <span class='ocrx_word' id='word_1_762' title='bbox 2457 5376 2672 5433; x_wconf 89' lang='lat' dir='ltr'><strong>quaque</strong></span> <span class='ocrx_word' id='word_1_763' title='bbox 2703 5365 2848 5423; x_wconf 89' lang='lat' dir='ltr'><strong>valet</strong></span> <span class='ocrx_word' id='word_1_764' title='bbox 2875 5379 3020 5425; x_wconf 88' lang='lat' dir='ltr'><strong>sorte</strong></span> <span class='ocrx_word' id='word_1_765' title='bbox 3038 5386 3266 5441; x_wconf 90' lang='lat' dir='ltr'><strong>gravare</strong></span> <span class='ocrx_word' id='word_1_766' title='bbox 3289 5368 3517 5444; x_wconf 77' lang='lat' dir='ltr'><strong>gravat?</strong></span> 
     </span>
    </p>
   </div>
   <div class='ocr_carea' id='block_1_118' title="bbox 2100 4592 2156 4657">
    <p class='ocr_par' dir='ltr' id='par_1_118' title="bbox 2100 4592 2156 4657">
     <span class='ocr_line' id='line_1_118' title="bbox 2100 4592 2156 4657; baseline 0 0"><span class='ocrx_word' id='word_1_767' title='bbox 2100 4592 2156 4657; x_wconf 81' lang='grc' dir='ltr'><strong>Ι)</strong></span> 
     </span>
    </p>
   </div>
   <div class='ocr_carea' id='block_1_119' title="bbox 2207 5476 3745 5558">
    <p class='ocr_par' dir='ltr' id='par_1_119' title="bbox 2207 5476 3745 5558">
     <span class='ocr_line' id='line_1_119' title="bbox 2207 5476 3745 5558; baseline 0.01 -29"><span class='ocrx_word' id='word_1_768' title='bbox 2207 5476 2457 5558; x_wconf 78' lang='lat' dir='ltr'><strong>essimus.</strong></span> <span class='ocrx_word' id='word_1_769' title='bbox 2491 5477 2726 5558; x_wconf 75' lang='lat' dir='ltr'><strong>Titulum</strong></span> <span class='ocrx_word' id='word_1_770' title='bbox 2771 5482 2937 5558; x_wconf 81' lang='lat' dir='ltr'><strong>etiam</strong></span> <span class='ocrx_word' id='word_1_771' title='bbox 2964 5483 3091 5542; x_wconf 89' lang='lat' dir='ltr'><strong>huic</strong></span> <span class='ocrx_word' id='word_1_772' title='bbox 3128 5487 3407 5557; x_wconf 83' lang='lat' dir='ltr'><strong>opusculo,</strong></span> <span class='ocrx_word' id='word_1_773' title='bbox 3450 5501 3558 5558; x_wconf 88' lang='lat' dir='ltr'><strong>quo</strong></span> <span class='ocrx_word' id='word_1_774' title='bbox 3593 5502 3745 5545; x_wconf 83' lang='lat' dir='ltr'><strong>care-</strong></span> 
     </span>
    </p>
   </div>
   <div class='ocr_carea' id='block_1_120' title="bbox 2167 5491 2946 5619">
    <p class='ocr_par' dir='ltr' id='par_1_120' title="bbox 2167 5491 2946 5619">
     <span class='ocr_line' id='line_1_120' title="bbox 2207 5491 2937 5537; baseline 0.011 -8"><span class='ocrx_word' id='word_1_775' title='bbox 2207 5491 2457 5531; x_wconf 72' lang='lat' dir='ltr'><strong>essnmus.</strong></span> <span class='ocrx_word' id='word_1_776' title='bbox 2491 5491 2726 5534; x_wconf 68' lang='lat' dir='ltr'><strong>titulum</strong></span> <span class='ocrx_word' id='word_1_777' title='bbox 2771 5491 2937 5537; x_wconf 85' lang='lat' dir='ltr'><strong>etiam</strong></span> 
     </span>
     <span class='ocr_line' id='line_1_121' title="bbox 2167 5491 2946 5619; baseline 0.008 -18"><span class='ocrx_word' id='word_1_778' title='bbox 2167 5491 2282 5611; x_wconf 62' lang='lat' dir='ltr'><strong>gat,</strong></span> <span class='ocrx_word' id='word_1_779' title='bbox 2313 5546 2390 5619; x_wconf 87' lang='lat' dir='ltr'><strong>_de</strong></span> <span class='ocrx_word' id='word_1_780' title='bbox 2419 5557 2607 5619; x_wconf 84' lang='lat' dir='ltr'><strong>nostro</strong></span> <span class='ocrx_word' id='word_1_781' title='bbox 2633 5549 2946 5619; x_wconf 86' lang='lat' dir='ltr'><strong>adjecimus.</strong></span> 
     </span>
    </p>
   </div>
   <div class='ocr_carea' id='block_1_121' title="bbox 2239 5615 3738 5695">
    <p class='ocr_par' dir='ltr' id='par_1_121' title="bbox 2239 5615 3738 5695">
     <span class='ocr_line' id='line_1_122' title="bbox 2239 5615 3738 5695; baseline 0.011 -27"><span class='ocrx_word' id='word_1_782' title='bbox 2239 5628 2266 5656; x_wconf 82' lang='grc' dir='ltr'><strong>ι</strong></span> <span class='ocrx_word' id='word_1_783' title='bbox 2300 5615 2369 5670; x_wconf 83' lang='lat' dir='ltr'><strong>In</strong></span> <span class='ocrx_word' id='word_1_784' title='bbox 2401 5616 2616 5695; x_wconf 63' lang='lat' dir='ltr'><strong>_{evilide</strong></span> <span class='ocrx_word' id='word_1_785' title='bbox 2659 5615 2831 5695; x_wconf 64' lang='lat' dir='ltr'><strong>turba.</strong></span> <span class='ocrx_word' id='word_1_786' title='bbox 2870 5623 3165 5681; x_wconf 89' lang='lat' dir='ltr'><strong>Diaconum</strong></span> <span class='ocrx_word' id='word_1_787' title='bbox 3210 5642 3270 5683; x_wconf 90' lang='lat' dir='ltr'><strong>se</strong></span> <span class='ocrx_word' id='word_1_788' title='bbox 3298 5621 3586 5695; x_wconf 76' lang='lat' dir='ltr'><strong>duntaxat,</strong></span> <span class='ocrx_word' id='word_1_789' title='bbox 3619 5644 3738 5685; x_wconf 84' lang='lat' dir='ltr'><strong>cum</strong></span> 
     </span>
    </p>
   </div>
   <div class='ocr_carea' id='block_1_122' title="bbox 2167 5686 3738 5769">
    <p class='ocr_par' dir='ltr' id='par_1_122' title="bbox 2167 5686 3738 5769">
     <span class='ocr_line' id='line_1_123' title="bbox 2167 5686 3738 5769; baseline 0.011 -28"><span class='ocrx_word' id='word_1_790' title='bbox 2167 5686 2587 5769; x_wconf 37' lang='lat' dir='ltr'><strong>hmo-scriberet,</strong></span> <span class='ocrx_word' id='word_1_791' title='bbox 2620 5699 2713 5744; x_wconf 91' lang='lat' dir='ltr'><strong>aut</strong></span> <span class='ocrx_word' id='word_1_792' title='bbox 2742 5693 3013 5752; x_wconf 89' lang='lat' dir='ltr'><strong>inferioris</strong></span> <span class='ocrx_word' id='word_1_793' title='bbox 3050 5697 3252 5769; x_wconf 84' lang='lat' dir='ltr'><strong>gradus</strong></span> <span class='ocrx_word' id='word_1_794' title='bbox 3278 5700 3537 5756; x_wconf 79' lang='lat' dir='ltr'><strong>clericum</strong></span> <span class='ocrx_word' id='word_1_795' title='bbox 3570 5686 3738 5759; x_wconf 68' lang='lat' dir='ltr'><strong>fuisse</strong></span> 
     </span>
    </p>
   </div>
   <div class='ocr_carea' id='block_1_123' title="bbox 2166 5755 3735 5903">
    <p class='ocr_par' dir='ltr' id='par_1_123' title="bbox 2166 5755 3735 5903">
     <span class='ocr_line' id='line_1_124' title="bbox 2166 5755 3735 5903; baseline 0.008 -90"><span class='ocrx_word' id='word_1_796' title='bbox 2166 5755 2708 5903; x_wconf 45' lang='lat' dir='ltr'><strong>zigggfigigmge</strong></span> <span class='ocrx_word' id='word_1_797' title='bbox 2732 5777 2955 5823; x_wconf 68' lang='lat' dir='ltr'><strong>excusat</strong></span> <span class='ocrx_word' id='word_1_798' title='bbox 2980 5755 3125 5838; x_wconf 64' lang='lat' dir='ltr'><strong>quod</strong></span> <span class='ocrx_word' id='word_1_799' title='bbox 3436 5755 3735 5831; x_wconf 53' lang='lat' dir='ltr'><strong>admonere</strong></span> 
     </span>
    </p>
   </div>
  </div>
