4046 6456
220 387 329 447 551

222 503 390 572 Quem
414 500 558 558 levat
577 500 727 556 aerio
749 501 992 571 pendens
1006 500 1264 571 iactantia
1293 498 1437 564 fune,

270 577 529 666 ~Fertque
550 595 604 648 in
629 595 865 650 deterius
897 594 1180 648 ambitiosa
1208 592 1346 656 lues,

223 690 418 745 Vivere
439 685 732 760 jaclautem
758 685 968 754 iactans
994 685 1137 740 haud
1160 684 1248 739 ille
1269 689 1508 748 coercet,

292 781 404 836 Nec
427 779 640 834 cuidam
671 777 812 832 dicet
841 778 1132 832 ambitione
1160 791 1305 830 care.

224 874 339 944 Qua
369 880 516 928 sorte
545 885 771 926 examen
803 883 1057 940 magnum
1089 876 1246 924 canet
1272 868 1373 923 iste
1400 863 1722 929 timendum,

294 963 377 1018 Me
400 963 680 1028 miserum,
707 962 850 1030 quod
881 977 985 1015 non
1017 960 1239 1015 forsitan
1271 960 1373 1014 iste
1396 956 1590 1013 timet?

223 1057 390 1128 Cujus
413 1057 592 1128 lingua
622 1055 802 1126 operis
832 1054 1035 1125 proprii
1062 1061 1145 1108 est
1176 1052 1383 1107 frenata
1412 1049 1633 1121 lupatis,

293 1150 499 1205 Probra
529 1149 697 1203 aliena
726 1155 886 1212 tacet,
919 1162 984 1201 ne
1016 1145 1155 1201 ferat
1176 1152 1308 1200 aure
1335 1155 1451 1199 sua.

226 1243 326 1298 Hic
346 1242 484 1296 bona
507 1257 613 1296 non
644 1239 853 1304 suadet,
884 1253 1004 1309 qua:
1033 1254 1141 1293 non
1170 1237 1401 1292 fortasse
1437 1232 1668 1304 peregit,

296 1335 367 1389 Et
387 1335 526 1388 mala
551 1351 656 1389 non
685 1333 959 1404 prohibet,
988 1347 1107 1402 quae
1141 1331 1308 1385 miser
1335 1330 1448 1398 ipse
1477 1327 1634 1398 gerit,

225 1427 344 1483 Non
374 1443 493 1500 ego,
523 1428 834 1496 pontiﬁcum
865 1425 991 1482 dum
1016 1426 1184 1479 vitam
1219 1425 1399 1479 scribo
1419 1421 1709 1487 malorum,

297 1518 404 1572 Aut
426 1518 588 1572 decus
615 1517 726 1586 ipse
743 1515 868 1586 piis,
897 1521 990 1570 aut
1013 1531 1130 1569 mea
1159 1513 1459 1569 musa-tibi.

226 1611 460 1667 Pulchra
485 1626 582 1665 nec
612 1608 804 1664 urticis
831 1623 999 1664 exuro
1017 1607 1128 1662 lilia
1152 1607 1382 1672 scabris,

298 1701 410 1756 Nec
440 1709 648 1771 segetes
674 1700 850 1754 dumis
881 1708 1005 1754 trux
1034 1699 1241 1769 paliure
1270 1698 1395 1753 tuis.

227 1792 477 1848 Mollibus
501 1793 555 1846 in
590 1792 761 1862 pratis
784 1791 1081 1845 miscentur
1118 1789 1299 1844 mollia
1336 1787 1504 1851 duris,

298 1885 469 1940 Noxia
496 1899 620 1939 cum
651 1883 837 1938 nitidis
865 1883 1071 1936 semina
1101 1889 1274 1953 gestat
1311 1893 1459 1950 ager.

224 1975 430 2032 Hortus
459 1973 773 2029 aromaticis
800 1973 1049 2028 redolens
1067 1971 1461 2042 pulcherrimus
1483 1967 1688 2033 herbis,

300 2065 492 2121 Gestat
518 2065 762 2119 nidorem
795 2079 935 2135 saepe
959 2065 1132 2119 cicuta
1167 2071 1336 2117 tuum.

225 2158 366 2213 Nam
393 2157 533 2212 mala
559 2158 717 2212 mista
747 2157 922 2220 bonis,
955 2158 1095 2211 bona
1122 2155 1322 2226 pravis,
1351 2155 1431 2209 ire
1452 2167 1551 2224 per
1577 2165 1748 2206 aevum

301 2250 433 2318 Quis
457 2257 639 2318 neget,
667 2257 760 2303 aut
794 2249 1048 2304 dubitans
1073 2247 1381 2302 diffateatur
1407 2245 1608 2300 homo?

223 2341 474 2411 Namque
505 2340 867 2396 revellendum
890 2341 1086 2397 vitioso
1115 2341 1318 2396 semine
1344 2351 1541 2410 purum

303 2432 562 2488 Crescere
591 2433 784 2486 messis
810 2433 976 2486 herus
994 2439 1206 2502 tempus
1235 2433 1291 2486 in
1315 2444 1487 2500 usque
1503 2429 1676 2497 jubet.

224 2521 438 2577 Christi
469 2521 521 2575 in
548 2521 688 2575 ovile
715 2531 936 2578 manent
967 2521 1120 2592 agnis
1149 2537 1272 2576 cum
1301 2521 1512 2576 lenibus
1534 2518 1694 2584 haedi,

306 2615 703 2684 Exspectatque
729 2614 847 2683 pios
873 2615 1086 2681 dextra,
1117 2613 1336 2668 sinistra
1359 2626 1499 2666 reos.
1551 2599 1554 2608 ’

228 2707 463 2780 Mystica
479 2707 773 2777 permistos
793 2715 1058 2778 ceperunt
1089 2706 1246 2762 tertia
1271 2705 1481 2775 pisces:

311 2799 446 2854 Pars
472 2799 613 2853 bona
638 2797 778 2853 lecta
800 2798 963 2868 viget,
992 2812 1122 2868 pars
1150 2795 1290 2852 mala
1305 2793 1450 2863 jacta
1476 2791 1635 2863 perit.

226 2890 496 2948 Ecclesia:
519 2891 665 2960 quod
691 2905 841 2961 ager,
870 2890 1016 2960 quod
1045 2889 1186 2945 ovile
1213 2897 1269 2944 et
1297 2887 1436 2943 retia
1466 2892 1701 2959 gestant,

313 2985 421 3039 Cur
444 2999 552 3039 non
580 2982 816 3053 gestabit
840 2982 1097 3038 carminis
1118 2981 1279 3052 hujus
1299 2980 1468 3050 opus?

222 3072 350 3130 Aut
367 3085 468 3128 cur
491 3073 789 3128 multorum
817 3088 924 3128 non
951 3082 1123 3129 certet
1150 3073 1373 3143 pingere
1401 3084 1604 3135 mores,

314 3165 645 3221 Cunctorum
674 3181 856 3222 mores
876 3167 1184 3223 emaculare
1206 3165 1442 3236 parans?

221 3259 388 3316 Illius
427 3258 654 3330 insignis
677 3261 923 3315 radiabat
952 3260 1155 3314 lumine
1179 3259 1365 3325 vestis,

309 3351 714 3420 Blanditiasque
738 3353 1015 3408 hominum
1038 3353 1244 3408 visibus
1270 3351 1358 3410 illa
1388 3349 1568 3410 dabat.

217 3445 312 3502 At
339 3444 434 3498 tibi
459 3445 722 3499 virtutum
749 3448 876 3501 dent
900 3453 1218 3500 ornamenta
1245 3446 1514 3510 decorem,

310 3535 676 3604 Atqueoculis
702 3538 882 3591 cordis
911 3553 1015 3606 qua
1042 3546 1196 3606 potes
1234 3552 1407 3606 usque
1439 3535 1582 3594 fave.

215 3628 324 3685 Illi
354 3635 476 3681 erat
501 3627 554 3680 in
582 3642 741 3680 sacro
771 3628 975 3696 pollens
1005 3629 1310 3682 reverentia
1337 3627 1508 3691 cultu,

310 3719 386 3773 Et
411 3719 574 3772 decus
601 3719 654 3772 in
679 3719 864 3772 habitu
895 3719 1223 3787 pontificalis
1247 3719 1384 3786 opis.

221 3813 452 3869 Sancta
479 3816 562 3862 est
589 3808 641 3862 in
671 3820 858 3863 sancta
887 3809 1096 3864 tibimet
1121 3810 1426 3864 reverentia
1454 3815 1648 3873 matre,

312 3901 387 3955 Et
411 3900 536 3953 vitae
564 3899 780 3964 studiis,
805 3901 1016 3956 actibus
1045 3902 1208 3970 inque
1236 3902 1357 3970 piis.

227 3994 426 4049 Aurea
450 3990 724 4058 pontiﬁcis
751 3991 999 4058 cingebat
1027 3991 1226 4044 lamina
1257 3991 1508 4054 frontem,

321 4083 434 4149 Qua
460 4082 544 4136 bis
566 4082 728 4137 binus
753 4099 890 4152 apex
920 4095 1115 4140 nomen
1142 4082 1312 4137 herile
1341 4083 1520 4137 dabat.

237 4175 323 4229 At
351 4173 445 4227 tibi
474 4173 620 4228 frons
644 4174 839 4227 mentis
865 4174 1115 4243 cingatur
1146 4175 1395 4229 sensibus
1417 4172 1596 4238 almis,

323 4264 599 4319 Christum
620 4263 931 4333 evangelico
957 4280 1057 4318 vox
1084 4273 1139 4319 et
1167 4263 1233 4317 ab
1263 4279 1357 4317 ore
1383 4271 1546 4316 tonet.

247 4357 376 4413 Sint
399 4355 670 4410 manifesti
694 4366 849 4411 actus
880 4354 1026 4420 ﬁdei,
1051 4355 1337 4424 probitatis
1363 4362 1419 4410 et
1444 4353 1608 4422 aequi,

327 4449 428 4516 Qui
454 4450 526 4504 sit
544 4451 803 4504 virtutum
827 4458 1080 4520 quattuor
1103 4450 1235 4504 ordo
1261 4448 1376 4502 tibi.

252 4540 322 4594 Hi
350 4541 697 4611 speculantur
718 4543 862 4597 enim
895 4551 1211 4597 cunctorum
1235 4539 1536 4595 comminus
1559 4545 1736 4600 actus,

327 4631 594 4688 Providus
617 4644 674 4688 ut
699 4636 976 4704 proprium
1004 4644 1188 4704 pastor
1211 4633 1351 4687 ovile
1379 4631 1534 4685 solet.

257 4721 459 4792 Sicque
484 4723 653 4779 bonos
681 4735 735 4780 et
764 4734 968 4790 amant,
996 4734 1051 4780 et
1083 4725 1343 4778 amandos
1369 4722 1492 4792 jure
1517 4721 1772 4785 fatentur,

330 4816 587 4886 Quosque
615 4818 685 4870 ita
713 4818 954 4874 ﬁrmatos
975 4819 1042 4872 ad
1069 4818 1292 4872 meliora
1322 4826 1534 4872 vocant.

258 4909 328 4962 At
351 4919 542 4962 contra
567 4907 683 4962 vitii
715 4911 964 4980 reprimit
997 4925 1132 4979 quos
1160 4895 1366 4979 pondus
1395 4907 1624 4972 inerme,

330 5002 442 5057 llos
465 5018 788 5074 quacunque
811 5004 994 5058 valent
1021 5011 1166 5058 sorte
1194 5003 1373 5057 levare
1404 5000 1600 5054 levant.

259 5096 403 5152 At‘si
432 5112 567 5166 quos
592 5109 864 5169 nequeunt
888 5098 1144 5153 vitiorum
1170 5096 1317 5154 fasce
1342 5095 1458 5149 leva
1470 5108 1546 5158 re,

329 5194 634 5252 Portandos
660 5197 917 5252 adhibent
937 5196 1033 5250 hos
1061 5195 1318 5263 patiendo
1343 5193 1466 5247 sibi.

261 5284 393 5351 Quis
422 5296 516 5340 aut
541 5287 651 5341 vita
695 5288 908 5353 horum,
953 5294 1048 5342 aut
1085 5287 1273 5340 suadet
1304 5284 1562 5353 patientia
1591 5283 1849 5346 fructum,

331 5381 474 5435 Dum
499 5381 599 5436 hos
624 5381 933 5442 emendant,
963 5381 1062 5433 hos
1087 5377 1318 5432 tolerare
1342 5385 1555 5445 parant.

262 5469 443 5525 Turba
473 5472 588 5526 hate
614 5479 696 5528 est
716 5471 864 5536 felix,
904 5487 937 5526 o
963 5477 1221 5540 quantum
1251 5467 1414 5522 distat
1441 5468 1508 5521 ab
1532 5467 1656 5530 ista,

333 5563 467 5630 Quae
496 5579 593 5619 sua
623 5580 730 5619 non
762 5564 975 5619 Domini
1002 5564 1150 5617 lucra
1190 5562 1464 5617 inhianter
1490 5564 1637 5618 adit!

262 5658 396 5724 Quae
421 5659 676 5729 prodesse
702 5670 884 5730 negat,
912 5667 1116 5714 tantum
1140 5674 1373 5729 praeesse
1395 5659 1624 5724 laborat,

337 5750 454 5806 Hoc
474 5751 540 5806 ad
573 5767 708 5824 opus
734 5754 931 5818 stertit,
970 5753 1196 5825 pervigil
1223 5753 1349 5808 illud
1374 5755 1499 5824 agit.

267 5843 446 5910 Quam
467 5845 583 5906 fera
623 5850 944 5907 contristant
980 5849 1162 5921 populi
1184 5850 1496 5919 peccamina
1523 5866 1819 5922 nunquam,

1533 347 1860 445 caninas.
1899 381 2030 442 us.
2069 381 2131 441 v.
2221 405 2230 407 Α

1831 498 1899 564 Α
1977 497 2086 552 Nec
2111 499 2253 562 bona
2272 495 2550 552 laztiﬁcant
2571 495 2728 567 plebe
2753 505 2984 568 peracta
3001 511 3118 553 sua.
3151 566 3154 568 η
3216 552 3218 554 ,

3372 377 3484 446 358,

1910 591 1980 648 Ut
2007 608 2102 646 sua
2132 591 2433 660 deplorent,
2471 604 2590 659 quae
2613 605 2887 660 nunquam
2909 589 3138 647 crimina
3164 589 3346 661 pravis

1978 683 2177 738 Adfore
2213 698 2334 751 qua:
2361 697 2634 752 nunquam
2671 681 3006 738 sollicitando
3028 681 3169 738 beat.
3289 738 3292 739 ν

1893 775 2084 840 _Ditior
2110 785 2169 829 ut
2205 776 2274 848 sit
2310 777 2443 841 hiat,
2482 791 2608 830 nam
2631 780 2870 831 sanctior
2897 783 3016 830 este
3039 781 3277 840 recusat,
3358 830 3365 836 ,

1980 866 2238 935 Donaque
2264 866 2468 922 militia:
2494 867 2738 939 percipit,
2770 881 2916 922 arma
2947 866 3102 936 fugit.

1909 955 2027 1011 Non
2053 971 2189 1026 opus
2209 971 2314 1011 neu
2344 958 2438 1012 sed
2463 973 2614 1029 opes,
2659 973 2759 1014 nec
2789 973 2948 1028 onus,
2976 955 3072 1013 sed
3102 957 3274 1016 honor
3319 954 3498 1026 planet

3299 1048 3421 1121 [ωε.

1888 1204 1891 1205 ν
1984 1141 2050 1196 Ει
2075 1140 2212 1197 bene
2234 1141 2419 1212 juncta
2445 1157 2656 1209 secans,
2680 1144 2798 1199 haec
2819 1151 2987 1208 tenet,
3015 1142 3103 1200 illa
3127 1141 3282 1212 jacit,

1915 1230 2016 1298 Qui
2037 1247 2138 1286 sua
2161 1247 2267 1286 non
2293 1233 2473 1302 populi
2505 1235 2825 1304 perquirunt
2850 1234 3149 1298 commoda,
3180 1239 3392 1292 tantum

1986 1321 2101 1376 Dici
2129 1329 2185 1375 et
2207 1330 2473 1391 pastores,
2503 1339 2610 1379 non
2649 1333 2830 1382 tamen
2858 1339 2978 1380 esse
3005 1325 3208 1383 volunt.

1919 1413 2026 1471 Sed
2064 1427 2238 1484 neque
2264 1432 2389 1471 cura
2411 1418 2587 1487 gregis
2607 1419 2882 1488 pascendi,
2909 1420 3020 1475 sive
3050 1419 3254 1486 tuendi,

1992 1506 2098 1562 Sed
2121 1508 2295 1578 rapidi
2320 1509 2606 1564 intendunt
2629 1511 2772 1579 quod
2803 1520 2966 1580 queat
2996 1511 3085 1566 ille
3112 1512 3253 1582 capi.

1921 1601 2150 1657 Mentior
2170 1604 2418 1673 egregius
2439 1604 2484 1658 si
2511 1619 2619 1658 non
2646 1604 2792 1658 canit
2812 1604 2914 1658 ista
2935 1605 3244 1680 prophetes,

1990 1693 2122 1748 Cum
2146 1694 2307 1755 modo
2328 1695 2523 1750 divinis
2553 1695 2775 1753 vocibus
2805 1695 2909 1755 ista
2936 1705 3114 1754 sonet.

1922 1785 2283 1839 lsraelitarum
2310 1789 2491 1855 pravis
2515 1787 2821 1857 pastoribus
2844 1789 3001 1854 eheu,

1845 1865 1895 1927 Β
1992 1876 2092 1944 Qui
2115 1877 2219 1932 sibi
2243 1877 2408 1932 multa
2431 1887 2624 1947 parant
2646 1895 2866 1948 pascua,
2897 1880 3042 1934 nulla
3072 1880 3244 1952 gregi.

1921 1969 2152 2025 Lacteus
2177 1970 2371 2024 humor
2405 1972 2548 2025 enim
2577 1970 2847 2040 praebebat
2873 1971 3068 2041 pabula
3095 1971 3268 2038 vobis,

1991 2064 2248 2135 Lanaque
2277 2064 2509 2120 deducto
2540 2064 2741 2119 vellere
2766 2064 2935 2120 vestis
2957 2071 3096 2120 erat.

1924 2155 1982 2211 Si
2011 2156 2156 2226 quod
2186 2164 2306 2210 erat
2328 2171 2594 2224 crassum,
2617 2156 2859 2213 laniabat
2892 2158 3048 2212 turba
3075 2156 3338 2224 Veratril,

1993 2248 2103 2304 Nec
2133 2249 2234 2303 fuit
2263 2248 2534 2305 inﬁrmum
2562 2250 2900 2306 consolidare
2924 2249 3096 2306 labor.

1925 2340 2154 2413 Egroto
2177 2342 2362 2412 pecori
2390 2343 2748 2398 medicamina
2779 2343 2923 2400 nulla
2957 2343 3177 2410 tulistis,

1996 2434 2063 2488 Et
2089 2432 2320 2490 fractum
2351 2435 2557 2503 sprevit
2578 2443 2759 2490 vestra
2797 2435 2964 2508 ligare
2986 2450 3198 2490 manus.

1926 2521 2097 2579 Nemo
2122 2523 2288 2578 redux
2312 2525 2518 2580 studuit
2549 2523 2819 2592 dejectum
2848 2526 3073 2583 reddere
3107 2523 3297 2589 caulis.

1996 2613 2215 2669 Perdita
2241 2630 2342 2670 nec
2374 2615 2528 2672 vobis
2556 2631 2797 2685 quaerere
2821 2633 2955 2676 cura
2981 2616 3101 2672 fuit.

1929 2702 2072 2757 Dura
2107 2705 2201 2759 sed
2229 2704 2454 2774 imperio
2482 2707 2816 2776 imposuistis
2839 2707 2990 2776 jussa
3014 2705 3271 2779 maligno,

1998 2794 2066 2848 Et
2096 2803 2218 2850 trux
2249 2795 2364 2852 sive
2390 2806 2581 2865 potens
2612 2799 2770 2852 turba
2800 2796 2981 2855 fuistis
3009 2798 3108 2853 eis.

1927 2883 2158 2956 Agmina
2181 2894 2310 2940 sunt
2338 2885 2459 2942 ideo
2486 2887 2762 2945 balantum
2793 2903 2981 2958 sparsa
3011 2902 3275 2953 mearum,

2000 2976 2156 3034 [laud
2183 2978 2310 3047 quia
2340 2979 2430 3047 qui
2457 2988 2644 3049 pastor
2671 2989 2919 3051 pasceret
2940 2980 3082 3036 ullus
3103 2991 3240 3036 erat.

1931 3069 2164 3126 Devorat
2192 3079 2354 3140 atque
2383 3071 2504 3127 illas
2532 3074 2712 3129 rabies
2736 3073 2952 3129 inimica
2979 3073 3241 3139 ferarum,

1999 3161 2300 3232 Prmdaque
2337 3162 2399 3218 fit
2427 3166 2690 3220 monstris
2718 3181 2854 3236 quos
2879 3166 3028 3222 vehit
3054 3167 3203 3222 orbis
3235 3180 3381 3238 ager.

1855 3225 1902 3290 θ
1929 3249 2170 3307 Necdum
2201 3225 2446 3322 deposito
2476 3225 2997 3325 vitiorumlpondere
3033 3256 3174 3321 diro,

1947 3407 1956 3411 η
2002 3343 2262 3412 Ponderis
2292 3347 2493 3416 egregii
2523 3347 2615 3417 qui
2643 3348 2850 3417 petiere
2879 3348 3078 3418 locum.

1935 3438 2176 3492 Tramite
2200 3438 2290 3506 qui
2319 3438 2441 3492 vitae
2471 3447 2746 3508 nequeunt
2775 3441 3080 3510 prmcedere
3106 3449 3308 3496 sanctae

2005 3531 2310 3602 Subjectos,
2343 3531 2538 3600 quibus
2568 3533 2683 3586 haec
2713 3548 2816 3588 non
2843 3534 2980 3587 bene
3005 3541 3131 3587 nota
3160 3533 3248 3586 via
3275 3540 3377 3587 est.

1938 3622 2054 3688 Quo
2080 3639 2209 3694 rogo
2238 3625 2361 3693 quis
2386 3633 2543 3694 pacto
2573 3626 2734 3679 sociis
2757 3626 2874 3694 quit
2901 3627 3132 3695 praevius
3155 3640 3305 3690 esse,

2009 3718 2110 3782 Qui
2139 3719 2298 3772 modo
2323 3719 2464 3787 quod
2498 3727 2680 3773 teneat
2721 3718 2811 3772 hic
2838 3734 3052 3788 quoque
3084 3719 3256 3773 nescit
3285 3718 3420 3772 iter?

1941 3805 1998 3863 Si
2035 3809 2184 3862 calor
2223 3817 2338 3873 est,
2381 3812 2658 3872 umbram,
2707 3812 2751 3868 si
2787 3809 2956 3880 frigus
2990 3812 3281 3880 quaerimus
3321 3811 3520 3881 ignem,

2010 3898 2232 3968 Quoque
2255 3900 2448 3970 juvare
2477 3915 2619 3970 queo
2647 3909 2797 3954 certo
2817 3899 3011 3968 juvare
3044 3901 3217 3955 llTOdO.

1939 3991 2070 4059 Quis
2099 4000 2243 4046 vetet
2272 3993 2500 4046 interius
2528 3992 2707 4046 verbis
2729 4007 2924 4046 ornare
2952 3992 3270 4062 magistrum
3291 4033 3305 4057 ,

2011 4083 2181 4150 Quem
2207 4083 2344 4138 solet
2367 4084 2604 4138 exterius
2630 4097 2844 4138 comere
2868 4092 3050 4138 nostra
3083 4066 3313 4137 manus?

1942 4178 2077 4234 Viue
2104 4187 2158 4232 et
2187 4178 2506 4232 munditiem
2538 4189 2636 4231 cur
2659 4193 2763 4231 non
2800 4177 3058 4231 adhibere
3089 4176 3309 4248 parabo,

2011 4267 2146 4322 Cum
2178 4269 2335 4321 modo
2365 4269 2408 4321 si
2435 4268 2648 4321 sordem
2674 4283 2779 4320 non
2815 4267 2930 4320 fero
2958 4265 3123 4319 vestis
3156 4263 3353 4320 habet?

1945 4358 2052 4414 Cur
2077 4375 2183 4413 non
2211 4359 2408 4426 optabo
2437 4367 2656 4412 aeternae
2683 4356 3036 4411 adcommoda
3069 4356 3212 4420 vitae,

2017 4452 2150 4505 Cum
2177 4451 2338 4505 modo
2371 4459 2570 4521 quanta
2599 4465 2738 4519 queo
2767 4447 3046 4504 commoda
3080 4446 3195 4503 fere
3223 4447 3392 4520 paro?

1867 4582 1922 4644 Β
1947 4543 2203 4598 Ecclesire
2242 4543 2367 4597 huic
2403 4543 2563 4596 debet
2593 4537 2819 4612 populus
2850 4555 2906 4594 se
2936 4537 3165 4594 Subzlere
3197 4521 3387 4604 totum,

2021 4635 2150 4701 Qua:
2179 4634 2443 4689 laudanda
2476 4650 2650 4688 aevum
2676 4633 2833 4688 turba
2865 4645 2959 4703 per
2984 4645 3144 4712 omne
3169 4641 3371 4688 manet.

1949 4751 2077 4818 Quae
2107 4750 2271 4805 decus
2303 4758 2356 4804 et
2381 4749 2650 4818 splendor,
2681 4747 2955 4801 fundatrix
2984 4745 3098 4814 ejus
3133 4755 3186 4802 et
3213 4745 3400 4813 altrix,

2020 4843 2247 4898 Nomina
2284 4856 2604 4911 magnorum
2634 4847 2756 4909 post
2782 4839 3025 4894 duodena
3053 4839 3246 4893 virum.

1949 4933 2066 5003 Ipse
2089 4933 2461 4988 columnarum
2493 4931 2544 4983 in
2586 4929 2802 4983 Christo
2835 4928 3175 4984 ﬁrmissimus
3205 4928 3337 4984 ordo

2020 5025 2205 5087 Fixus,
2237 5023 2321 5076 cui
2355 5019 2618 5075 incumbit
2656 5018 2841 5074 sedula
2872 5021 2974 5074 rite
3002 5022 3216 5076 cohors.

1953 5114 2122 5183 Hujus
2150 5114 2372 5170 siderea:
2403 5111 2752 5180 resplendens
2769 5110 2934 5179 janua
2967 5113 3144 5176 sedis,

2024 5205 2127 5260 Per
2153 5218 2289 5274 quos
2317 5203 2382 5256 ad
2409 5202 2680 5257 Christum
2707 5203 2799 5272 qui
2835 5205 2982 5274 cupit
3011 5204 3175 5256 intrat
3202 5213 3386 5253 ovans.

1952 5296 2091 5353 Cura
2121 5295 2480 5366 regendarum
2507 5297 2702 5366 quibus
2729 5303 2812 5352 est
2841 5309 3098 5353 concessa
3126 5292 3427 5348 animarum

2027 5388 2262 5443 Sortitus
2284 5387 2462 5458 populi
2493 5387 2730 5456 pondera
2758 5400 2946 5454 magna
2977 5383 3178 5437 ferunt.

1956 5483 2164 5552 Quique
2194 5481 2410 5536 incensa
2437 5494 2654 5549 precum
2689 5475 2817 5531 dant
2860 5491 2958 5544 pro
2992 5473 3306 5544 peccamine
3337 5467 3528 5547 plebis.

2027 5574 2091 5627 Et
2114 5572 2254 5627 mala
2282 5569 2564 5641 deplorant
2592 5568 2748 5621 mista
2779 5565 2954 5620 aliena
2983 5566 3114 5624 suis.

1956 5667 2159 5724 Judicis
2189 5672 2442 5720 avertunt
2466 5660 2711 5718 immensi
2737 5674 2769 5714 a
2799 5658 3045 5728 plebibus
3066 5661 3225 5728 iram,

2027 5758 2159 5814 Cum
2186 5756 2402 5827 proprio
2429 5755 2532 5807 hoc.
2567 5749 2774 5824 Moyses
2800 5749 2966 5810 fratre
2994 5753 3214 5826 gerebat
3243 5761 3394 5823 Opus.

1955 5851 2050 5907 Ille
2072 5849 2366 5908 voluntatis
2389 5849 2591 5905 chorus
2614 5855 2697 5904 est
2721 5855 2970 5906 narrator
2997 5849 3214 5916 herilis,
