4046 6448
261 472 502 539 Quattuor
524 464 629 525 ista
654 465 858 523 vehunt
880 466 1121 525 celebres
1145 469 1406 541 mysteria
1430 485 1624 527 causas
1644 513 1659 537 ,

322 561 427 615 Hoc
447 557 585 628 quod
611 556 735 612 vita).
759 569 947 642 auctor
969 560 1224 631 stigmata
1252 560 1448 616 mortis
1478 563 1661 618 habet.

259 650 510 712 Primum,
538 656 595 705 ut
621 648 869 719 discipuli
896 666 1092 720 corpus
1107 667 1257 717 ,snon
1283 650 1525 709 ﬂaminis
1549 668 1774 721 auram,

323 742 387 795 Se
410 738 601 793 vidisse
629 739 803 807 sciant
820 780 833 802 ,
862 742 1043 797 cordis
1069 750 1124 795 et
1151 757 1277 801 arce
1300 743 1500 803 locent.

257 833 402 891 Certa
426 830 557 889 ﬁdes
582 839 641 884 ut
670 846 762 886 eos
785 830 1001 887 Domini
1028 835 1302 904 surgentis
1329 835 1582 899 adornet,

321 922 575 993 Spemque
599 922 911 992 resurgendi
931 922 1088 977 saecla
1110 940 1207 993 per
1219 924 1397 993 ampla
1423 934 1641 981 canant.

255 1011 567 1074 Proximum,
591 1018 650 1064 ut
688 1010 923 1065 humana
945 1027 1044 1081 pro
1064 1012 1223 1068 nobis
1250 1023 1396 1071 sorte
1416 1016 1706 1084 precando,

316 1100 368 1154 ln
393 1114 449 1153 sc
475 1098 805 1153 demonstret
830 1100 1049 1154 vulnera
1072 1110 1257 1156 nostra
1280 1103 1455 1172 patri:

254 1193 484 1263 Quosque
507 1190 578 1245 sit
602 1189 834 1264 humana
855 1206 1046 1261 passus
1064 1208 1162 1262 pro
1184 1204 1344 1264 gente
1368 1194 1601 1263 labores,

315 1281 534 1336 Assiduo
557 1280 793 1339 clemens
816 1290 1080 1339 monstret
1100 1293 1157 1340 et
1178 1284 1369 1341 ofﬁcio.

254 1372 317 1429 Ut
339 1372 712 1429 reminiscatur
733 1373 969 1433 retinent
988 1390 1151 1447 quem
1174 1374 1369 1431 oblivia
1395 1390 1696 1448 nunquam,

312 1465 375 1520 Et
395 1465 773 1523 miserescatur
797 1480 1009 1537 semper
1038 1466 1093 1521 id
1121 1466 1295 1523 almus
1324 1482 1514 1538 agens.

249 1552 503 1615 Admonet
562 1554 831 1611 instanter
854 1595 871 1621 ,
930 1555 1208 1615 hominum
1258 1566 1318 1613 ut
1363 1557 1677 1615 meminisse
1721 1571 1821 1629 per

574 1716 583 1721 _
1529 1648 1747 1722 [πνυωι

309 1735 375 1793 Et
400 1736 647 1791 misereri
684 1736 827 1793 almo
856 1751 1070 1808 semper
1098 1754 1283 1794 amore
1313 1739 1463 1795 velit.

246 1829 466 1898 Quorum
499 1837 708 1883 natura:
736 1829 810 1883 sit
830 1844 1056 1885 consors
1084 1831 1243 1885 unica
1266 1831 1464 1900 proles,

303 1920 403 1975 Pro
432 1919 635 1992 quibus
658 1927 714 1975 et
734 1918 904 1975 voluit
931 1919 1155 1975 vulnera
1187 1928 1335 1976 tanta
1364 1922 1497 1990 pati.

245 2011 431 2075 Tertio,
466 2019 528 2065 ut
552 2010 710 2065 electi
738 2010 1004 2066 desistant
1030 2011 1258 2067 reddere
1282 2026 1559 2081 nunquam

305 2102 501 2158 Laudis
526 2117 687 2173 opus,
716 2110 806 2157 tua
832 2103 959 2158 dum
988 2104 1170 2173 passio
1196 2104 1348 2176 signa
1375 2106 1575 2160 vident.

242 2193 356 2264 Ejus
378 2202 433 2251 et
454 2202 577 2249 atra
607 2209 759 2248 suam
785 2202 1067 2250 cernentes
1090 2193 1259 2266 ﬂagra
1288 2195 1542 2264 salutem,

301 2286 379 2341 Ad
406 2295 560 2358 styga
595 2300 891 2343 concursus
917 2285 1034 2354 eius
1057 2287 1128 2341 ad
1157 2295 1306 2343 astra
1336 2302 1485 2354 suos,

243 2376 362 2449 Ejus
389 2386 567 2434 morte
594 2393 747 2447 suam
772 2376 974 2449 pollere
997 2393 1097 2449 per
1120 2379 1305 2434 omnia
1331 2361 1523 2445 vitam,

300 2470 363 2525 Et
391 2470 557 2525 tribui
584 2470 756 2541 spinis
785 2484 951 2525 aurea
976 2477 1125 2525 serta
1154 2470 1279 2526 sibi.

240 2560 445 2629 Quarto,
467 2571 526 2616 ut
547 2571 798 2617 extremo
812 2561 1163 2633 reproborum
1180 2562 1324 2616 hunc
1338 2568 1583 2633 tempore
1594 2573 1822 2622 cernens

302 2652 504 2717 Factio,
539 2653 796 2709 tristetur
821 2668 1011 2725 pressa
1047 2653 1233 2710 dolore
1260 2655 1430 2723 gravi.

241 2742 306 2799 Ut
333 2743 615 2815 Scriptura
644 2744 808 2811 canit,
833 2759 995 2814 quem
1022 2744 1347 2801 transﬁxere
1376 2745 1635 2805 videbunt
1659 2760 1711 2806 ι.

303 2835 647 2905 Alteriusque
669 2835 774 2891 loci
805 2836 1003 2908 pagina
1031 2853 1220 2893 rursus
1242 2837 1319 2894 ait
1343 2856 1356 2891 :

241 2924 417 2982 Omnis
444 2934 637 2981 cernet
666 2941 790 2980 eum
815 2926 987 2992 visus,
1018 2942 1137 2997 quae
1164 2935 1220 2982 et
1252 2927 1412 2984 turba
1431 2928 1675 3013 pupug’t,

306 3014 373 3069 Se
403 3023 457 3075 et
486 3028 653 3085 super
684 3016 826 3070 hunc
861 3015 1080 3086 planget
1120 3017 1297 3072 omnis
1324 3018 1382 3072 in
1407 3020 1538 3076 orbe
1568 3020 1743 3081 tribus
1764 3020 1820 3091 ι,

239 3101 301 3159 Et
325 3120 381 3159 se
419 3105 754 3161 damnandos
782 3114 1009 3161 noscent
1035 3107 1286 3162 examine
1305 3105 1473 3177 justo,

303 3194 514 3265 Proque
539 3196 654 3252 suis
678 3196 890 3255 meritis
919 3197 1077 3268 ignea
1102 3196 1272 3268 ﬂagra
1298 3199 1430 3269 pati.

239 3283 349 3342 Non
378 3288 495 3342 haec
532 3287 679 3345 salva
703 3302 895 3343 manus
921 3303 1041 3358 qua:
1068 3288 1256 3359 injecit
1283 3289 1437 3345 turba
1464 3289 1732 3362 malignas

301 3378 359 3433 In
382 3379 697 3447 Dominum,
729 3394 826 3436 seu
859 3396 979 3451 quae
1014 3388 1256 3437 temnere
1286 3381 1436 3451 jussa
1473 3384 1643 3453 cupit,

235 3466 340 3523 Aut
368 3478 622 3540 suscepta
646 3484 924 3540 premens,
949 3478 1042 3524 aut
1075 3480 1389 3542 susceptare
1416 3487 1699 3538 recusans,

306 3559 413 3615 Aut
443 3560 500 3615 in
531 3574 623 3615 eos
660 3562 834 3616 cernit
862 3577 996 3630 quos
1020 3562 1254 3617 retinere
1283 3562 1488 3617 furens.

233 3649 277 3707 0
305 3650 531 3706 crudele
561 3651 712 3706 nefas
732 3654 1032 3717 hominum,
1065 3669 1098 3708 ο
1124 3655 1343 3709 vesania
1368 3654 1610 3717 demens,

303 3742 351 3797 Ο
373 3740 534 3797 furor
554 3741 831 3809 immanis,
868 3757 902 3798 ο
936 3752 1021 3798 sat
1048 3742 1190 3799 anile
1220 3742 1450 3797 malum!

237 3834 391 3903 Quod
412 3835 501 3890 vel
535 3852 641 3891 non
668 3836 865 3892 colitur
888 3837 1051 3902 Deus,
1080 3836 1338 3906 autquod
1374 3834 1599 3891 crimine
1635 3833 1827 3907 grandi

307 3929 540 3999 Impune
566 3929 672 3987 hoc
699 3942 807 3984 non
827 3935 911 3983 est
932 3927 1189 3998 quoniam
1210 3926 1423 3982 colitur.

976 4036 1089 4093 XII.

559 4146 626 4186 DE
664 4147 807 4197 FIDE,
840 4147 911 4185 ΕΤ
949 4145 1063 4196 8P8,
1101 4144 1172 4185 ΕΤ
1208 4145 1538 4186 CBABITATE.

243 4221 391 4278 Alma
425 4222 561 4278 ﬁdes
591 4224 832 4286 tandem,
864 4237 991 4291 spes
1013 4229 1071 4276 et
1090 4222 1400 4287 concordia,
1434 4237 1659 4293 regnum

310 4313 581 4369 Mentibus
612 4313 667 4366 in
698 4312 871 4382 plebis
894 4312 1136 4366 continet
1168 4326 1295 4366 ecce
1321 4311 1501 4365 simul.

244 4400 363 4459 Haec
386 4406 533 4459 Deus
560 4402 820 4457 Ecclesiae
847 4402 1160 4456 fundamina
1179 4399 1314 4468 jecit
1336 4401 1517 4466 avitae,

310 4496 539 4552 Fabriea
569 4510 682 4565 quo
712 4494 839 4549 coeli
865 4508 1087 4564 surgere
1108 4491 1233 4561 jure
1260 4500 1444 4563 queat.
1540 4524 1541 4527 η

1547 360 1878 419 CARMINA.
1914 361 2043 418 LIB.
2087 362 2198 420 VII.

1831 480 1887 543 Α
1908 474 2003 530 llle
2033 474 2193 543 ﬁdem
2220 477 2417 549 signat,
2449 481 2651 551 rapidis
2680 498 2801 553 quae
2832 486 3029 544 crescit
3048 489 3106 544 in
3128 492 3313 559 nudis,

1980 570 2145 639 Inque
2166 572 2522 641 procellarum
2558 576 2778 632 turbine
2803 578 2923 635 lana
2946 581 3101 637 eluit.

1913 661 2050 719 Huic
2076 665 2423 722 inaedulitas
2448 670 2739 735 contraria,
2777 687 2951 729 mus
2974 683 3034 729 ut
3054 678 3267 748 anguis,

1980 758 2227 814 Perﬁdiae
2248 760 2432 833 lingua
2464 764 2698 831 percutit
2736 772 2897 836 atque
2923 777 3101 825 necat.

1913 848 2026 904 Aut
2046 851 2094 907 si
2118 866 2279 913 ovum
2300 862 2527 922 qumrat,
2550 854 2771 915 dditur
2786 858 2917 913 huic
2940 861 3205 931 scorpius,
3232 879 3387 921 nacte

1984 940 2125 996 Ense
2151 941 2281 998 ferit
2298 945 2515 1011 eandm,
2546 944 2665 1001 sive
2692 948 2934 1004 minatur
2959 958 3135 1007 atrox.

1914 1028 2051 1084 Nam
2080 1033 2167 1100 pia
2196 1034 2333 1089 dona
2358 1037 2472 1104 spei
2500 1038 2659 1105 tereti
2674 1039 2962 1111 signantur
2988 1042 3043 1096 in
3068 1059 3189 1109 ovo,

1988 1121 2251 1194 Tegmine
2284 1125 2668 1186 obumbratum
2706 1131 2846 1201 quod
2879 1134 3031 1193 vehit
3073 1136 3221 1194 intus
3260 1138 3494 1195 habens.

1920 1213 1991 1270 Ut
2018 1215 2220 1284 pullum
2249 1231 2351 1271 ova
2388 1227 2595 1287 tegunt,
2624 1221 2706 1276 sic
2728 1236 2879 1292 spem
2907 1228 3193 1294 praesentia
3226 1228 3438 1296 celant;

1990 1305 2089 1361 Hic
2104 1314 2261 1376 patet
2285 1317 2498 1373 exutus,
2528 1310 2618 1371 illa
2648 1312 2826 1367 futura
2857 1325 3029 1385 parm.

1918 1391 2056 1449 Huic
2081 1395 2302 1450 adversa
2334 1406 2516 1453 manet
2548 1414 2676 1454 nam
2704 1402 2999 1473 disperatio
3028 1407 3246 1475 laedens,

1990 1487 2164 1555 Quem
2193 1489 2335 1547 male
2356 1505 2499 1561 pone
2524 1490 2673 1560 ferit,
2706 1495 2790 1550 ire
2810 1511 2913 1553 nec
2945 1508 3072 1554 ante
3106 1501 3252 1556 sinit.
3280 1512 3286 1523 '

1922 1577 1983 1634 Si
2012 1581 2155 1649 quod
2181 1597 2323 1651 pone
2348 1582 2477 1640 ferit
2500 1584 2711 1655 sopiant
2730 1586 2932 1643 oblivia
2958 1590 3141 1663 digna,

1991 1670 2176 1741 Teque
2201 1674 2268 1728 ad
2294 1688 2359 1728 ea
2386 1677 2648 1731 extendas
2669 1692 2780 1747 quo
2804 1681 3077 1737 anteriora
3104 1693 3321 1740 vocant.

1921 1758 2057 1816 Cum
2082 1761 2249 1818 Paulo
2275 1779 2529 1835 superam
2563 1768 2744 1837 capies
2762 1782 2917 1839 super
2951 1772 3152 1827 aethera
3180 1776 3433 1844 palmam,

1845 1834 1895 1897 Ι
1994 1850 2149 1907 Serta
2179 1834 2478 1910 venustatis
2508 1834 2660 1912 laetus
2686 1859 2743 1913 in
2771 1834 2897 1915 arce
2934 1878 3145 1933 gerens.

1922 1938 2165 2013 Cumque
2188 1942 2348 1999 fidem
2375 1946 2563 2015 piscis,
2594 1962 2745 2017 spem
2774 1963 2955 2016 ovum,
2987 1961 3135 2022 aptet
3161 1956 3318 2023 panis
3351 1971 3500 2012 amo-

3264 2045 3423 2117 [τοίη.

1991 2123 2229 2195 Quisque
2252 2135 2401 2183 caret
2428 2129 2600 2185 tribus
2634 2131 2739 2197 his,
2768 2140 2851 2187 sat
2876 2134 3042 2191 miser
3066 2136 3156 2193 ille
3187 2149 3389 2196 manet.

1921 2209 2057 2268 Cum
2081 2230 2226 2271 nunc
2248 2232 2403 2287 aqua
2432 2227 2633 2286 lucent,
2660 2230 2906 2277 remeent
2930 2233 2987 2280 et
3012 2226 3195 2297 iniqua
3234 2229 3501 2299 dolenter,

1990 2303 2119 2359 Haec
2145 2307 2248 2362 tria
2273 2323 2398 2363 cum
2423 2310 2608 2365 multis
2637 2320 2762 2367 sunt
2792 2314 3057 2385 tepefacta
3086 2318 3261 2376 bonis.

1920 2393 1990 2451 Et
2018 2398 2275 2482 quoniam
2296 2400 2614 2470 improbitas
2638 2404 2800 2473 valet,
2826 2406 3013 2475 instat,
3032 2410 3216 2479 pollet,
3245 2412 3497 2483 abundat,

1993 2487 2146 2543 Eheu
2168 2490 2469 2547 multorum
2494 2508 2636 2562 saepe
2660 2494 2882 2565 refriget
2915 2513 3087 2555 amor.

2645 2584 2781 2640 Xlll.

1922 2684 1993 2727 Μ
2028 2684 2443 2728 ωεηηιποη
2493 2689 2704 2739 DIVINA,
2748 2691 2868 2739 QUB
2916 2692 3062 2733 881³8
3098 2696 3339 2742 θεουιτΑ
3373 2700 3500 2755 I61,

2339 2758 2591 2807 NUNQULI
2630 2762 2809 2801 TAIEN
2847 2764 3086 2806 INJUS'I'A.

1922 2825 1973 2890 0
1996 2829 2105 2897 vis,
2130 2844 2164 2886 ο
2192 2830 2376 2898 decus,
2408 2847 2442 2887 ο
2477 2832 2678 2889 excelsi
2704 2834 2873 2905 gloria
2899 2852 3112 2906 sensus,

1996 2917 2127 2987 Quae
2155 2921 2341 2976 mirari
2373 2937 2585 2990 omnes,
2616 2939 2841 2980 noscere
2869 2942 3028 2984 nemo
3056 2930 3218 2986 valet.

1922 3008 2094 3069 Multa
2118 3012 2232 3083 regi
2257 3012 2406 3068 varie
2430 3014 2523 3083 qui
2551 3014 2785 3070 humana
2807 3016 2862 3071 in
2885 3028 3047 3087 gente
3074 3021 3337 3090 videmus,

1993 3102 2279 3176 Ignarique
2306 3120 2492 3162 sumus
2520 3120 2620 3161 cur
2645 3106 2774 3175 quid
2800 3115 2856 3163 et
2880 3099 3023 3165 unde
3048 3110 3162 3167 ﬂat.

1843 3188 1894 3265 ρ
1920 3194 2059 3256 Nam
2106 3200 2249 3259 mala
2296 3216 2438 3273 saepe
2486 3202 2656 3260 bonos
2673 3243 2689 3270 ,
2743 3206 3001 3275 reprobos
3042 3207 3186 3271 bona
3235 3225 3379 3283 saepe
3415 3229 3501 3273 se-

3150 3300 3429 3375 [(ιιμωιιιιτ.

1997 3387 2067 3442 Et
2100 3389 2244 3444 bona
2274 3402 2415 3460 saepe
2444 3389 2634 3455 bonos,
2673 3397 2729 3446 et
2752 3390 2894 3445 mala
2924 3406 3063 3462 saepe
3096 3394 3286 3451 malos.

1931 3478 2085 3551 Szepe
2121 3483 2294 3547 bonus
2324 3483 2610 3552 premitur,
2640 3484 2816 3540 malus
2852 3485 2907 3540 in
2938 3486 3166 3543 sublime
3192 3486 3420 3559 levatur,

2000 3573 2210 3629 Decidit
2230 3584 2393 3645 atque
2422 3576 2621 3643 malus,
2657 3578 2829 3648 surgit
2864 3578 2931 3634 ad
2959 3579 3064 3634 alta
3090 3582 3279 3637 bonus.

1931 3662 2123 3721 Omnia
2149 3666 2368 3737 jnﬁciis
2401 3678 2529 3725 sunt
2551 3670 2666 3726 haec
2689 3671 2967 3726 moderata
2993 3674 3259 3742 supernis.

2012 3754 2152 3812 Sunt
2196 3772 2337 3828 saepe
2384 3758 2596 3814 occulta
2650 3759 2806 3823 haec,
2853 3777 3129 3833 nunquam
3174 3763 3457 3822 inhonesta

3173 3858 3395 3932 (tamen.

1930 3941 2062 4011 Quae
2088 3945 2239 4000 suavi
2266 3960 2332 4001 ac
2359 3943 2489 4002 forti
2518 3945 2755 4018 disponit
2782 3947 2993 4020 singula
3018 3957 3154 4005 nutu

1999 4038 2045 4093 A
2077 4037 2183 4095 [ine
2209 4040 2263 4094 in
2291 4040 2476 4107 finem,
2509 4048 2565 4095 et
2592 4050 2786 4098 cuncta
2816 4044 3080 4114 gubernat
3108 4046 3291 4102 herus.

1927 4128 2141 4185 Iudicat
2162 4146 2293 4200 ergo
2318 4132 2458 4188 Deus
2484 4148 2585 4187 nec
2619 4132 2785 4199 nulla,
2820 4150 2922 4190 nec
2950 4136 3131 4191 omnia
3152 4150 3384 4207 semper,

2001 4220 2248 4289 Improha
2273 4237 2394 4291 quae
2428 4223 2564 4278 ﬂunt
2592 4238 2733 4277 nunc
2760 4224 2876 4278 sine
2902 4224 3019 4295 lege
3042 4240 3159 4279 sua.

1930 4306 2197 4378 Tempore
2217 4309 2477 4378 judiciqu
2513 4312 2559 4367 si
2585 4311 2786 4366 nullum
2813 4314 3044 4384 agitaret
3068 4315 3123 4369 in
3150 4316 3275 4382 isto,

2002 4400 2191 4455 Nonne
2219 4402 2434 4470 impune
2457 4402 2597 4457 foret
2622 4405 2765 4473 quod
2792 4403 2943 4460 furor
2963 4414 3079 4460 ater
3100 4407 3248 4479 agit?

1932 4490 2055 4547 Mox
2084 4507 2278 4548 curare
2309 4494 2474 4549 Deum
2506 4495 2751 4550 mortalia
2787 4495 2930 4551 nulla
2956 4506 3226 4568 putantes,

246 4586 442 4660 Cuique
471 4554 612 4643 ﬁdes
653 4602 753 4642 nos
793 4588 907 4651 dat,
940 4554 1063 4655 spes
1087 4554 1210 4651 fert,
1242 4554 1399 4639 amor
1427 4583 1662 4653 inclytus
1685 4582 1825 4650 unit,
1851 4554 1906 4617 Ῑ)
2000 4581 2259 4639 Eﬂ‘ranes
2287 4586 2429 4639 irent
2452 4586 2504 4639 in
2540 4586 2680 4641 mala
2705 4596 2900 4643 cuncta
2933 4554 3081 4644 mali.

310 4678 529 4750 Hocque
559 4679 809 4735 triforme
848 4679 1047 4732 bonum
1072 4677 1291 4740 excitat,
1324 4683 1495 4746 aptat,
1521 4674 1651 4745 agit.

246 4767 337 4825 llis
360 4783 573 4829 mentes
600 4781 803 4828 nostra:
823 4770 1048 4841 pollent,
1079 4777 1415 4840 vegetamur,
1443 4768 1681 4834 aluntur,

311 4863 614 4928 Poscimus,
643 4864 940 4933 accipimus
970 4863 1085 4916 huic
1112 4870 1266 4931 patre
1293 4862 1454 4916 dante
1484 4862 1614 4916 Deo.

248 4953 514 5027 Nunquid,
543 4958 626 5011 ait
652 4955 932 5019 Dominus,
968 4967 1129 5017 verso
1152 4952 1206 5006 in
1234 4951 1507 5007 contraria
1533 4957 1685 5018 voto,

310 5045 514 5103 Probra
547 5048 673 5118 quis
697 5046 925 5116 accipiet
949 5054 1101 5115 grata
1135 5043 1367 5114 petendo
1387 5042 1634 5113 patrem?

246 5133 379 5192 Num
415 5155 519 5210 pro
542 5154 651 5210 ope
674 5138 797 5207 quis
838 5138 995 5207 panis
1028 5135 1220 5205 lapidis
1251 5135 1539 5191 tribuendo
1566 5134 1825 5206 rigorem,

312 5227 562 5286 Poscenti
601 5230 763 5285 faciet
789 5230 844 5284 in
870 5245 967 5284 sua
996 5236 1121 5283 vota
1145 5228 1277 5283 satis
1308 5228 1368 5281 οἳ

245 5316 481 5392 Namque
508 5325 679 5378 Deum
706 5331 763 5377 et
788 5321 1018 5379 fratrum
1043 5320 1197 5390 panis
1218 5319 1465 5390 designat
1486 5333 1750 5385 amorem,

312 5412 426 5482 Quo
451 5417 764 5485 quicunque
788 5421 959 5478 caret,
982 5425 1146 5467 saxea
1175 5412 1338 5465 corda
1361 5411 1521 5481 gerit.

246 5500 377 5560 Num
404 5520 507 5577 pro
526 5508 677 5579 pisce
702 5506 852 5561 dabit
880 5505 1099 5565 sinuosa
1126 5502 1350 5573 ambage
1380 5502 1717 5573 chelydrum,

311 5596 445 5653 Cum
473 5600 636 5655 modo
655 5601 821 5670 piscis
847 5599 976 5662 alat,
1009 5596 1285 5667 improbus
1310 5594 1398 5649 ille
1421 5594 1613 5650 necet?

316 5726 339 5753 ι
366 5714 525 5770 Joan.
556 5731 672 5780 χιχ,
702 5716 790 5772 37.

315 5783 342 5823 ι’
373 5785 564 5842 Matth.
600 5803 744 5855 xxiv,
777 5788 865 5843 50.

1928 4676 1998 4732 At
2024 4675 2069 4731 si
2095 4684 2381 4746 peccantes
2409 4691 2533 4731 mox
2554 4676 2685 4732 ultio
2713 4678 2872 4748 digna
2900 4677 3106 4746 feriret,
3208 4706 3211 4709 η

2000 4768 2217 4838 Ictaque
2234 4768 2437 4837 judicii.
2455 4777 2647 4825 cuncta
2674 4784 2867 4826 secure
2900 4769 3076 4827 forent
3098 4787 3112 4825 :

1928 4860 2086 4917 lrrita
2116 4859 2352 4931 supremi
2384 4867 2727 4915 remanerent
2750 4858 2871 4930 jura
2896 4862 3024 4928 diei,

1999 4953 2195 5007 Judicii
2223 4961 2279 5006 et
2303 4951 2507 5006 nuﬂum
2534 4960 2747 5023 tempus
2771 4954 2997 5011 haberet
3016 4970 3171 5027 opus.

1928 5043 2142 5101 Iudicat
2188 5044 2319 5100 hinc
2372 5042 2657 5113 quadam,
2710 5052 2774 5101 ut
2830 5055 3018 5106 nostra
3068 5048 3213 5107 hunc
3269 5060 3463 5103 curare

3153 5136 3435 5211 [sciamus,

2000 5226 2068 5282 Et
2093 5227 2220 5296 quia
2244 5240 2366 5297 qua
2395 5228 2634 5300 gerimus
2658 5234 2870 5301 spectat
2897 5228 2969 5284 ab
2995 5242 3122 5284 arce
3148 5227 3333 5283 Deus:

1928 5319 2142 5375 Judicat
2170 5319 2373 5378 idcirco
2398 5335 2506 5377 non
2532 5322 2738 5387 omnia,
2763 5320 2915 5391 plura
2947 5326 3213 5384 reservat,

2003 5412 2073 5469 Ut
2094 5414 2223 5483 quid
2256 5422 2382 5485 agat
2406 5414 2604 5471 habeat
2628 5414 2815 5468 ultima
2840 5424 3033 5482 magna
3066 5410 3202 5466 dies.

1929 5504 2101 5575 Quam
2126 5505 2233 5571 lex,
2256 5520 2418 5576 quam
2438 5511 2611 5567 vates,
2629 5502 2887 5557 Dominus
2903 5514 3064 5571 quam
3086 5501 3301 5558 nuntiat
3320 5502 3456 5576 ipse,

1998 5597 2128 5667 Qum
2154 5606 2283 5653 nota
2308 5604 2396 5651 est
2425 5596 2637 5653 cunctis
2666 5592 2761 5661 qui
2786 5592 2996 5649 ratione
3018 5593 3222 5666 vigent.

2003 5723 2026 5752 ο
2056 5710 2187 5766 Luc.
2224 5725 2300 5773 xr,
2334 5708 2420 5761 ll.
