4046 6460
533 374 677 439 801.:
1118 353 1153 363 ”
1547 372 1938 433 renonum
1971 361 2526 448 AURELIANENSIS
2560 368 2775 435 arise.
3452 410 3463 421 .
3672 370 3799 461 ως

533 497 653 569 Qua
667 494 1045 568 justojustam
1071 493 1355 566 positurus
1376 489 1623 564 pondere
1645 492 1861 558 libram,
2135 490 2189 549 Α
2211 485 2336 541 Haec
2359 501 2458 559 ego
2477 485 2605 565 dum
2624 486 2817 563 lustro,
2843 484 2972 540 dum
2992 497 3090 555 per
3114 480 3338 540 violaria
3363 497 3548 551 curro,
3604 533 3610 537 .
3672 536 3675 537 ν

608 586 1090 647 Subnixusveuiat
1117 585 1259 640 nube
1284 584 1511 640 rubente
1536 584 1696 639 Deus.
1958 652 1961 655 ν
2281 579 2427 647 Quas
2446 578 2607 634 vehat
2631 578 2721 633 hic
2747 578 2991 634 calathus
3012 591 3190 648 ungue
3217 575 3398 639 recido
3419 589 3592 633 rosas.

534 681 639 752 Qui
662 682 785 753 pius
805 687 861 737 et
887 678 1084 748 justus,
1124 677 1272 734 fovet
1300 677 1451 743 hinc,
1479 677 1717 731 deterret
1745 681 1802 728 et
1834 671 1978 738 inde,
2208 667 2363 725 Hanc
2388 679 2580 726 sancto
2611 670 2840 740 sumpsit
2865 668 3037 725 sancti
3060 669 3127 723 de
3154 667 3407 740 dogmate
3432 666 3607 734 Pauli,

603 771 773 841 Quem
797 777 980 825 metuo
1005 767 1235 838 justum,
1261 781 1427 839 cogor
1463 778 1646 821 amare
1671 764 1841 836 pium.
2278 758 2425 815 Illius
2450 760 2602 816 misit
2619 761 2761 831 quod
2786 760 2957 830 stylus
2987 758 3305 815 Arcadicus.

531 859 688 929 Quod
715 858 838 931 pius
872 857 1131 928 indulget,
1162 863 1373 912 resecat
1394 861 1614 925 peccata
1642 852 1786 922 quod
1804 864 2012 922 mquus,
2208 847 2574 919 Compositam
2601 859 2951 921 sanctamque
2974 857 3136 905 ornat
3164 863 3415 907 sermone
3434 849 3723 923 loquelam,

603 949 799 1008 Mulcet
817 957 872 1004 et
905 948 1034 1005 hinc
1059 947 1200 1013 oleo,
1226 945 1404 1018 arguit
1433 943 1559 1001 inde
1584 957 1756 998 mero.
2278 938 2571 1011 Postquam
2596 941 2829 997 virtutes
2852 941 3189 996 enumeravit
3215 940 3312 997 ita.

1251 1062 1392 1119 xw.
2209 1030 2327 1099 Quo
2347 1030 2506 1088 dictis
2525 1032 2692 1087 variis
2715 1040 2969 1104 aptantur
3002 1032 3145 1087 dicta
3174 1032 3451 1101 decenter,

685 1174 822 1224 QUOD
860 1172 1056 1214 IULTIS
1086 1169 1311 1211 INDICHS
1359 1167 1496 1209 PINIS
1532 1164 1796 1207 PBOXIIUS
1830 1162 1953 1206 ESSE
2213 1129 2283 1224 ﬂ:

1787 1164 1796 1205 ι
1830 1162 1953 1206 ηδε
2279 1122 2484 1180 Sensus
2503 1135 2558 1179 et
2580 1125 2812 1195 egregia:
2836 1124 3091 1196 panditur
3108 1125 3241 1181 ordo
3264 1126 3385 1180 viae.

1134 1238 1510 1281 uous'rns'ruu.
2213 1214 2339 1282 Vos,
2372 1216 2471 1281 ait,
2500 1216 2781 1270 hortamur
2805 1231 2873 1271 ne
2893 1231 2923 1269 a
2952 1215 3123 1281 vobis,
3159 1216 3311 1285 plebs
3335 1219 3429 1287 pia
3449 1217 3709 1289 fratrum,

530 1317 767 1376 Cernere
793 1320 950 1382 inest,
983 1325 1042 1371 ut
1063 1323 1153 1371 eat
1180 1314 1414 1370 mundus
1446 1314 1729 1385 signetque
1755 1309 1990 1375 ruinam,
2278 1306 2446 1377 Capta
2474 1307 2546 1362 sit
2567 1307 2619 1361 in
2649 1322 2876 1362 vacuum
2905 1307 3077 1378 gratia
3107 1317 3295 1364 sancta
3327 1311 3441 1366 Dei.

603 1410 986 1479 Defectumque
1011 1408 1091 1464 sui
1120 1420 1253 1463 voce
1288 1413 1501 1461 tacente
1532 1410 1715 1460 canat.
2205 1396 2412 1471 Nempe
2435 1400 2512 1454 ait
2535 1400 2715 1454 audivi
2741 1408 2892 1455 vates
2913 1410 2966 1455 te
2999 1409 3239 1471 tempore
3268 1411 3442 1472 grato,

529 1497 667 1555 Nam
691 1498 928 1569 loquitur
947 1497 1129 1561 rebus,
1159 1503 1434 1551 taceamus
1462 1494 1709 1565 dogmata
1735 1489 1979 1561 quamvis
2280 1486 2526 1557 Hincque
2553 1488 2641 1542 die
2663 1488 2842 1542 studui
2881 1487 3021 1543 ferre
3044 1488 3237 1544 salutis
3260 1504 3437 1561 opem,

601 1589 808 1647 Divina;
838 1588 991 1658 legis,
1020 1601 1141 1657 quae
1168 1585 1223 1640 id
1252 1584 1369 1641 fore
1394 1592 1587 1640 cuncta
1616 1583 1803 1637 boant.
2209 1575 2364 1633 Nunc
2398 1593 2541 1632 nunc
2568 1591 2695 1632 ecce
2722 1585 2892 1647 patet,
2921 1586 3068 1648 patet
3088 1579 3418 1650 acceptabile
3436 1589 3677 1653 tempus,

526 1679 647 1749 Non
677 1694 742 1743 ea
771 1676 1056 1748 temperies
1076 1674 1286 1746 hyemis
1314 1673 1467 1745 prius
1502 1680 1559 1726 ut
1594 1670 1695 1726 fuit
1726 1674 1924 1732 exstat,
2280 1666 2658 1736 Gratillcaaquc
2685 1668 2801 1722 dies
2829 1682 2956 1723 ecce
2990 1670 3178 1724 salutis
3210 1672 3384 1727 adest.

599 1769 731 1839 Quae
759 1768 966 1823 nutrire
993 1773 1158 1837 queat
1184 1763 1445 1837 gramina,
1484 1762 1645 1833 ligna,
1676 1768 1814 1815 sata.
2136 1833 2179 1839 _
2214 1757 2422 1814 Nullius
2449 1767 2504 1813 et
2532 1759 2663 1814 nulli
2697 1760 2973 1816 maculans
3001 1759 3227 1817 offensio
3264 1764 3424 1818 detur
3443 1804 3460 1829 ,

528 1833 696 1929 Copia
724 1858 875 1913 deest
897 1833 1029 1911 solis
1057 1833 1309 1911 torrendo
1335 1861 1522 1909 aestate
1544 1850 1738 1916 labori,
2135 1833 2188 1896 Β
2282 1848 2362 1905 Ne
2388 1848 2585 1905 merito
2608 1860 2853 1905 nostrum
2876 1850 2980 1906 vile
3006 1850 3079 1907 sit
3099 1851 3355 1909 oﬂicium.

601 1949 779 2004 Verna
802 1961 901 2000 uec
923 1944 1100 2000 ollicio
1129 1953 1256 2000 sunt
1279 1944 1438 1999 modo
1466 1942 1585 1998 laeta
1609 1954 1727 1995 suo.
2207 1940 2469 2011 Aptemus
2497 1940 2592 1996 sed
2626 1956 2726 1996 nos
2746 1941 2824 1996 sic
2859 1942 3020 1997 rebus
3046 1943 3100 1997 in
3131 1945 3402 2010 omnibus,
3435 1946 3618 2002 omnis

526 2038 785 2094 Dulcibus
812 2037 953 2091 haud
979 2036 1113 2091 adeo
1125 2035 1332 2106 _mustis
1361 2042 1618 2088 autumna
1646 2028 1966 2115 redundant,
2281 2031 2478 2089 Nostra
2508 2034 2580 2089 sit
2606 2042 2665 2088 ut
2688 2035 2884 2090 summi
2914 2037 3069 2092 turba
3093 2038 3340 2095 ministra
3365 2041 3482 2097 Dei.

598 2128 846 2184 Fmtibus
874 2126 1117 2182 arboreis
1143 2140 1249 2180 non
1276 2132 1497 2180 onerata
1524 2123 1725 2194 vigent.
2209 2124 2446 2181 Plurima
2469 2133 2530 2180 ut
2555 2127 2607 2182 in
2638 2126 2792 2181 nobis
2814 2129 2996 2196 vigeat
3014 2129 3292 2199 patientia,
3322 2147 3432 2203 quo
3463 2148 3560 2189 nos

527 2220 611 2276 Nil
645 2220 805 2277 modo
846 2228 989 2274 terra
1016 2217 1142 2272 boni
1172 2217 1251 2271 sic
1280 2213 1383 2270 fert
1418 2214 1558 2270 velut
1587 2222 1714 2269 ante
1742 2211 1968 2278 ferebat,
2281 2215 2468 2271 Turbo
2496 2216 2732 2287 procella
2760 2218 2885 2272 mali
2917 2232 3024 2272 non
3045 2235 3302 2291 superare
3328 2231 3509 2292 queat.

595 2312 840 2377 Ellietam
865 2318 920 2366 et
945 2306 1185 2364 sterilem
1214 2315 1385 2362 semet
1411 2306 1586 2361 inesse
1617 2306 1793 2361 docet.
2209 2303 2459 2361 Conditio
2487 2321 2586 2361 nos
2602 2307 2736 2361 dura
2763 2324 3036 2379 premens,
3066 2312 3309 2383 angustia
3336 2311 3556 2379 laedens,

527 2404 599 2460 Et
622 2403 801 2459 minor
827 2401 1012 2456 existit
1044 2398 1254 2455 curetis
1278 2397 1551 2469 opulentia
1582 2397 1761 2461 rebus,
2277 2395 2572 2452 Pravorum
2598 2398 2847 2467 impietas
2863 2398 2986 2466 jure
3011 2402 3292 2471 probando
3313 2404 3493 2460 ιιοεηιε

601 2495 796 2552 Deﬁcit
829 2495 989 2564 inque
1017 2492 1151 2547 locis
1179 2491 1319 2561 plus,
1352 2490 1396 2544 it
1430 2490 1632 2559 ubique
1657 2488 1871 2544 minus:
2209 2483 2501 2541 Carcerum
2534 2487 2586 2540 in
2612 2487 2814 2553 illuvie,
2843 2504 2936 2544 seu
2972 2490 3332 2549 seditionibus
3357 2495 3510 2561 atris,

525 2588 725 2644 Rarior
748 2585 982 2640 otlicium
1007 2583 1254 2637 consistit
1279 2582 1334 2635 in
1356 2595 1516 2636 omne
1553 2565 1803 2634 minister
2284 2575 2557 2632 Scandere
2581 2589 2841 2649 purgatos
2865 2565 3055 2637 coelica
3081 2598 3243 2653 regna
3267 2585 3438 2641 decet.

601 2676 771 2747 Quam
801 2675 969 2747 prius,
998 2686 1054 2729 et
1084 2673 1248 2728 ﬁxum
1273 2672 1349 2727 nil
1368 2678 1486 2731 stat
1509 2678 1569 2725 ut
1596 2679 1722 2727 ante
1745 2670 1913 2727 stetit.
2096 2694 2101 2699 -
2209 2665 2405 2723 Nostra
2428 2667 2724 2724 laboritluis
2749 2670 2820 2725 sit
2851 2686 3000 2727 mens
3024 2676 3259 2730 exercita
3288 2675 3467 2740 curis,

532 2770 721 2827 Cultor
745 2769 907 2839 agris,
942 2766 1137 2821 castris
1164 2772 1219 2819 et
1249 2763 1421 2828 miles,
1453 2761 1634 2816 navita
1655 2770 1842 2830 ponto,
2284 2758 2466 2816 Simus
2493 2769 2549 2814 et
2574 2760 2869 2828 insomnes,
2899 2779 2994 2819 cor
3025 2765 3095 2821 sit
3113 2776 3168 2821 et
3201 2758 3360 2824 omne
3392 2768 3538 2840 vigil.

600 2863 759 2916 Libra
786 2861 837 2915 in
856 2858 1095 2930 judiciis,
1119 2844 1289 2926 inque
1316 2846 1435 2909 foro
1455 2854 1649 2923 pietas.
2098 2848 2103 2865 ‘
2213 2849 2499 2907 Mundities
2526 2853 2597 2907 sit
2622 2852 2777 2908 nobis
2802 2864 2973 2921 casta,
2997 2858 3221 2914 scientia
3248 2859 3439 2926 solers,

527 2953 627 3014 Est
653 2954 710 3013 in
739 2951 992 3012 amicitiis
1018 2965 1266 3019 concors,
1297 2948 1416 3025 quis
1443 2950 1500 3007 in
1527 2956 1645 3005 arte
1672 2944 1901 3022 peritus,
2204 3022 2213 3025 Α
2280 2939 2642 3012 Longanimes
2663 2944 2849 3007 simus,
2876 2954 2931 3002 et
2955 2947 3073 3004 sine
3095 2952 3253 3007 sorde
3277 2951 3403 3011 luis,

598 3049 718 3115 Quo
746 3046 1027 3116 disciplina
1065 3046 1119 3100 in
1146 3022 1385 3101 moribus
1413 3044 1554 3098 alma
1591 3043 1769 3113 viget?
2027 3035 2031 3039 ’
2204 3022 2469 3105 ﬂensque
2490 3029 2680 3105 jugum
2709 3034 2923 3095 Domini
2949 3037 3147 3098 rcferat
3176 3046 3466 3115 tranquilla
3492 3063 3679 3114 suave,

528 3136 647 3194 Non
672 3137 838 3209 viget,
860 3146 919 3189 ut
946 3135 1115 3207 viguit
1147 3135 1345 3189 dudum
1370 3141 1620 3206 vegetata
1649 3133 1893 3203 juventa,
2135 3179 2188 3209 η
2283 3126 2545 3182 Flaminis
2568 3139 2627 3182 ιιι
2652 3133 2825 3185 sam-li
2851 3148 3063 3189 sumere
3091 3132 3230 3189 d‘ma
3259 3148 3442 3207 (Ιυεδῑο

956 3179 1115 3207 ..ο-..ν
1148 3179 1345 3189 ηις-...-
1383 3179 1620 3206 ηοω-η.
1649 3179 1893 3203 ..νη-η,
2287 3179 2307 3181 ν
2654 3179 2825 3185 πω.--
2851 3179 3062 3189 ---ην-ν
3093 3179 3230 3189 _......
3261 3179 3442 3207 νυ...

594 3229 806 3285 Cuncta
834 3235 1085 3283 senectus
1114 3234 1268 3280 atrox
1296 3240 1390 3280 ore
1417 3226 1665 3296 nigrante
1703 3230 1876 3279 vorat.
2217 3216 2335 3285 Quo
2373 3233 2479 3274 non
2507 3217 2665 3275 ﬁctus
2692 3234 2848 3275 amor
2876 3223 2971 3287 sit,
3002 3224 3097 3279 sed
3119 3224 3335 3282 dilectio
3353 3242 3506 3295 vera,

530 3322 777 3391 Namque
803 3334 1024 3375 necesse
1056 3299 1241 3374 manet
1269 3317 1462 3383 minui,
1493 3316 1579 3371 cui
1617 3315 1896 3386 proximus
1929 3318 2112 3368 exstat
2291 3308 2359 3365 Ut
2383 3309 2557 3379 possit
2576 3326 2738 3367 verus
2766 3327 2891 3367 mox
2914 3313 3045 3369 dare
3067 3329 3197 3370 vera
3225 3331 3409 3373 sonus.

610 3411 783 3477 Finis,
815 3418 871 3464 et
891 3423 1146 3465 occasum
1184 3407 1324 3462 haud
1349 3406 1539 3478 procul
1567 3421 1687 3462 esse
1712 3406 1876 3459 videt.
1922 3396 1927 3401 ’
2212 3398 2271 3454 In
2301 3399 2501 3456 virtute
2530 3400 2645 3465 Dei,
2677 3417 2783 3471 qua
2811 3412 3005 3459 cuncta
3027 3413 3213 3460 creata
3242 3417 3523 3479 reguntur,

538 3506 644 3563 Dat
667 3505 748 3562 sol
772 3505 881 3561 ima
909 3511 1100 3575 petens
1126 3501 1304 3556 radios
1325 3500 1611 3570 splendore
1640 3498 1863 3561 minore,
2285 3489 2417 3557 Quae
2444 3505 2685 3546 convexa
2712 3492 2839 3562 poli,
2869 3509 3014 3560 rura,
3052 3495 3376 3570 Thetimque
3408 3508 3573 3555 tenet.

608 3597 867 3667 Lunaque
895 3594 1217 3650 decrescens
1242 3605 1443 3647 cornua
1470 3587 1620 3644 fusca
1647 3587 1805 3659 gerit.
2216 3582 2410 3653 Incipit
2435 3584 2699 3654 oppositis
2720 3585 2835 3654 jam
2864 3603 3010 3643 nunc
3032 3603 3306 3659 opponere
3329 3591 3597 3660 quaedam,

537 3690 730 3753 Arbos,
758 3670 878 3759 qua:
895 3686 1111 3756 juvenis
1135 3682 1396 3739 vernabat
1414 3682 1545 3739 tlore
1575 3680 1872 3753 comisque,
2286 3671 2516 3729 Comere
2540 3682 2597 3729 et
2625 3674 2897 3744 eloquium
2925 3676 3003 3731 sic
3032 3680 3278 3734 variante
3303 3681 3459 3751 stylo.

606 3778 845 3835 Deformi
875 3776 1050 3831 fundit
1072 3774 1318 3847 germina
1340 3789 1462 3828 rara
1489 3773 1614 3829 situ.
1755 3828 1759 3832 ,
2216 3762 2405 3828 Arma,
2433 3765 2528 3829 ai"
2556 3774 2639 3820 δεῖ
2663 3766 2802 3837 τοαυί
2829 3769 3018 3823 deum
3044 3768 3280 3841 laevaque
3309 3780 3588 3841 gerantur.

538 3871 686 3928 Fons
707 3876 763 3924 et
793 3859 1337 3923 inundantessolitus
1360 3864 1614 3920 diducere
1644 3863 1807 3927 rivos,
2291 3859 2443 3915 Miles
2470 3868 2529 3914 ut
2553 3860 2831 3916 altithroni
2858 3862 3034 3918 victor
3060 3865 3516 3935 utrimque.cluat.

612 3959 702 4016 Sic
727 3966 933 4028 guttam
961 3966 1177 4012 tenuem
1204 3962 1346 4026 Saepe
1373 3963 1615 4009 vetustus
1640 3951 1819 4007 habet.
2219 3950 2323 4008 Per
2352 3951 2517 4007 decus
2547 3953 2671 4008 hinc
2692 3954 2920 4018 clarum,
2942 3970 3041 4026 per
3061 3955 3292 4012 dedecus
3316 3955 3438 4012 inde
3460 3958 3780 4029 repressum,

542 4048 757 4106 Scissus
779 4049 891 4121 agit
911 4048 1091 4120 paries
1115 4055 1356 4103 venturae
1383 4045 1535 4116 signa
1557 4044 1744 4107 ruinaa,
2287 4041 2575 4097 Cernimur
2604 4042 2854 4109 infames,
2879 4046 2951 4099 sit
2968 4047 3110 4101 bona
3135 4045 3278 4101 fama
3308 4046 3481 4103 bonis.

612 4141 714 4209 Qui
736 4139 952 4209 juvenis
973 4138 1174 4194 solidus
1200 4137 1377 4207 pictus
1401 4143 1456 4189 et
1475 4142 1593 4188 arte
1626 4131 1795 4187 stetit.
2221 4130 2303 4187 Sit
2324 4132 2673 4189 seductorum
2698 4142 2956 4204 tanquam
2981 4137 3249 4192 sententia
3279 4136 3386 4193 lata

543 4231 719 4301 thue
746 4245 929 4286 senem
958 4227 1158 4282 taedeat
1179 4222 1293 4294 jam
1318 4223 1552 4289 cantica,
1575 4222 1798 4284 ludicra,
1828 4219 1965 4285 ludi,
2291 4222 2348 4277 In
2373 4239 2493 4289 nos,
2517 4240 2741 4281 veraces
2764 4241 2863 4282 nos
2890 4234 3069 4282 tamen
3094 4242 3215 4284 esse
3237 4229 3412 4284 decet.

611 4325 788 4386 Stare,
824 4322 1090 4391 equitare,
1120 4318 1294 4391 gradi,
1316 4317 1479 4372 verba
1498 4314 1685 4384 jocosa
1711 4313 1877 4385 loqui.
2218 4312 2289 4367 At
2312 4312 2461 4368 velut
2484 4314 2672 4386 ignoti,
2714 4316 2931 4373 tandem
2946 4332 3141 4374 sumus
3166 4319 3344 4390 agnita
3377 4318 3581 4391 plebes,

538 4416 784 4484 Dumque
799 4414 975 4482 quatit
998 4410 1255 4467 tremulos
1282 4407 1420 4463 male
1439 4407 1630 4463 creber
1653 4403 1921 4459 anhelitus
1943 4408 2116 4465 artus,
2294 4402 2362 4459 Ut
2399 4404 2720 4460 moribunda
2752 4421 2962 4469 manus,
2992 4408 3224 4463 vivimus
3248 4423 3377 4465 ecce
3403 4418 3605 4464 tamen.

611 4505 880 4574 Suspirat,
914 4503 1089 4557 fundit
1111 4514 1387 4554 murmura
1408 4499 1599 4553 crebra
1632 4509 1871 4563 gemens.
2137 4527 2194 4591 Ι)
2219 4494 2363 4550 Casti
2391 4506 2544 4567 grata
2571 4497 2767 4554 cohors
2793 4514 2900 4554 non
2924 4500 3250 4557 mortiﬁcata
3280 4516 3581 4568 manemus,

540 4595 727 4652 Dulcia
754 4594 834 4649 sic
868 4591 1105 4646 vetulum
1128 4588 1401 4658 liquerunt
1426 4585 1606 4641 omnia
1637 4583 1916 4650 mundum,
2137 4583 2183 4657 “Ϊ
2260 4584 2394 4642 'Ceu
2418 4586 2621 4652 tristes,
2649 4602 2864 4658 semper
2881 4590 3059 4646 laetula
3095 4593 3251 4647 turba
3280 4606 3487 4647 sumus.

608 4686 720 4742 Nec
756 4692 939 4739 manet
967 4680 1109 4735 ullus
1135 4679 1185 4734 ei
1212 4678 1304 4749 qui
1332 4676 1434 4733 fuit
1460 4685 1584 4732 ante
1611 4676 1783 4746 vigor.
2215 4675 2257 4731 F
2259 4676 2375 4731 lens
2399 4689 2459 4731 ut
2486 4690 2653 4750 egens
2681 4694 2891 4745 sumus,
2911 4689 2967 4737 et
3001 4682 3236 4738 ditemus
3257 4684 3313 4738 in
3332 4684 3549 4755 agmine
3573 4683 3781 4749 multos,

536 4779 664 4835 Dira
691 4775 891 4847 cupido
920 4772 1090 4842 viget,
1118 4770 1328 4834 sordes,
1354 4767 1611 4839 perjuria,
1643 4768 1822 4831 luxus,
2287 4767 2374 4826 Nil
2399 4778 2454 4824 et
2480 4770 2732 4827 habendo
2757 4773 2965 4841 amplas
2988 4774 3360 4843 possideamus
3386 4790 3519 4846 opes
3541 4788 3591 4830 ι.

606 4868 771 4924 Livor
793 4864 954 4929 edax,
984 4862 1202 4926 falsum,
1221 4860 1423 4933 jurgia,
1447 4864 1585 4925 rixa,
1616 4859 1792 4917 dolus.
2934 4865 3070 4921 xv],

1112 5018 1115 5021 .
1265 4973 1382 5030 XV.
2343 4970 2409 5011 os
2447 4969 2656 5011 raucru
2693 4971 2957 5019 ceu-reue,
2999 4971 3270 5012 seueram
3303 4972 3371 5012 nr
3409 4971 3657 5014 runcatio.

593 5087 665 5128 ex
700 5085 959 5127 EPISTOLA
1004 5084 1071 5123 an
1107 5072 1427 5124 coniuratos
1459 5079 1697 5128 canum,
1736 5076 1804 5116 Αυ
1843 5074 2049 5116 remeat

1945 5076 2049 5115 c3.
2215 5043 2315 5100 Est
2339 5059 2469 5117 ager
2494 5046 2749 5104 Ecclesia:
2776 5056 2960 5117 partes
2982 5048 3269 5104 distinctus
3295 5049 3348 5103 in
3386 5049 3543 5114 istas,

920 5155 1185 5197 cumsuam
1225 5152 1454 5193 IONACHI
1490 5149 1723 5192 rac'rUII-
2288 5138 2507 5195 Semina
2537 5141 2601 5195 de
2630 5138 2845 5196 Domini
2876 5156 2997 5212 quae
3030 5148 3117 5197 est
3148 5141 3384 5197 animata
3415 5141 3576 5197 bono.

537 5232 631 5294 Sic
651 5242 902 5306 vegetata
922 5233 1115 5289 sedent
1138 5229 1353 5286 sibimet
1375 5228 1696 5298 plerumque
1720 5224 1995 5286 decenter,
2020 5240 2029 5249 ·
2216 5231 2351 5288 pars
2371 5232 2543 5303 prima
2579 5241 2665 5288 es;
2688 5241 2930 5299 centum,
2959 5248 3088 5305 pars
3108 5249 3378 5306 sexagena
3403 5233 3658 5299 scenda,

606 5325 834 5394 Quando
855 5339 1022 5380 unum
1051 5338 1121 5379 ex
1148 5320 1317 5376 variis
1338 5318 1688 5373 continuatur
1714 5330 1867 5387 opus.
2288 5323 2472 5381 Tel-ria
2499 5325 2765 5380 ιιιίοοηυω
2788 5326 3031 5381 contine:
3056 5326 3181 5383 inde
3207 5324 3455 5398 gradum,
3686 5316 3691 5319 ’

531 5415 789 5487 Pluribus
817 5419 873 5474 in
905 5418 1068 5474 rebus
1093 5417 1258 5473 habet
1280 5415 1384 5470 hoc
1411 5411 1807 5484 pulcherrimus
1827 5411 1980 5466 ordo.
2217 5416 2285 5473 Et
2307 5417 2485 5487 primo
2510 5424 2793 5487 pereunte,
2831 5416 3020 5487 nequit
3046 5431 3173 5473 mox
3204 5417 3285 5472 ire
3308 5415 3596 5481 secundus,

558 5496 589 5508 ﬂ
606 5495 723 5565 Hoc
746 5509 913 5565 οιίειω
938 5507 1143 5579 eloquii
1165 5506 1334 5578 Ρουθι
1361 5505 1415 5562 in
1445 5511 1562 5558 πω
1591 5502 1749 5566 ωηεν
2288 5510 2394 5567 Sed
2423 5511 2632 5567 ratione
2660 5509 2838 5566 locum
2863 5510 3058 5566 tertius
3083 5510 3203 5583 ejus
3230 5508 3364 5566 adit.

534 5597 727 5673 Ampla
747 5598 944 5671 quibus
962 5612 1133 5656 sacra!
1158 5596 1443 5668 scriptura
1470 5601 1631 5668 prata
1655 5591 1978 5656 Mundam.
2218 5600 2434 5659 Tertius
2456 5609 2515 5658 et
2531 5601 2767 5672 primum
2796 5599 3057 5671 sequitur,
3083 5598 3229 5658 hunc
3263 5598 3389 5655 inde
3418 5597 3683 5657 secundus
3750 5644 3777 5663 .,

608 5693 673 5751 Et
700 5708 890 5750 neruus
913 5693 1198 5748 ambroseo
1223 5692 1392 5761 spirat
1427 5691 1591 5746 odore
1617 5688 1786 5763 pium.
2038 5746 2043 5759 ,
2290 5692 2395 5747 Sed
2431 5700 2612 5747 tamen
2635 5691 2699 5746 ad
2727 5691 2962 5762 primum
2990 5704 3148 5747 nemo
3174 5690 3355 5746 redire
3382 5692 3543 5749 valet.

607 5815 634 5847 ι
668 5802 731 5860 ΙΙ
756 5804 878 5860 Cor.
906 5820 984 5867 vt,
1016 5805 1035 5858 l
1074 5818 1183 5874 seq.
