  <div class='ocr_page' id='page_1' title='image "/cluster/home/n/w/nwhite01/storage/ocr_20150623/105/hvd.32044021109350/188.png"; bbox 0 0 4046 6448; ppageno 0'>
   <div class='ocr_carea' id='block_1_1' title="bbox 247 387 2154 469">
    <p class='ocr_par' dir='ltr' id='par_1_1' title="bbox 247 387 2154 469">
     <span class='ocr_line' id='line_1_1' title="bbox 247 387 2154 469; baseline -0.007 -10"><span class='ocrx_word' id='word_1_1' title='bbox 247 401 338 469; x_wconf 67' lang='grc'><strong>889</strong></span> <span class='ocrx_word' id='word_1_2' title='bbox 1496 392 1832 450; x_wconf 78' lang='lat' dir='ltr'><strong>CARMINA.</strong></span> <span class='ocrx_word' id='word_1_3' title='bbox 1874 389 2000 448; x_wconf 81' lang='lat' dir='ltr'><strong>LIB.</strong></span> <span class='ocrx_word' id='word_1_4' title='bbox 2045 387 2154 446; x_wconf 84' lang='lat' dir='ltr'><strong>VII.</strong></span> 
     </span>
    </p>
   </div>
   <div class='ocr_carea' id='block_1_2' title="bbox 1806 503 3345 585">
    <p class='ocr_par' dir='ltr' id='par_1_2' title="bbox 1806 503 3345 585">
     <span class='ocr_line' id='line_1_2' title="bbox 1806 503 3345 585; baseline -0.003 -23"><span class='ocrx_word' id='word_1_5' title='bbox 1806 523 1860 580; x_wconf 74' lang='grc' dir='ltr'><strong>Α</strong></span> <span class='ocrx_word' id='word_1_6' title='bbox 1881 507 2034 563; x_wconf 76' lang='lat' dir='ltr'><strong>Nunc</strong></span> <span class='ocrx_word' id='word_1_7' title='bbox 2063 506 2313 570; x_wconf 84' lang='lat' dir='ltr'><strong>simulata</strong></span> <span class='ocrx_word' id='word_1_8' title='bbox 2352 506 2499 561; x_wconf 98' lang='lat' dir='ltr'><strong>venit</strong></span> <span class='ocrx_word' id='word_1_9' title='bbox 2527 507 2711 572; x_wconf 84' lang='lat' dir='ltr'><strong>vestis,</strong></span> <span class='ocrx_word' id='word_1_10' title='bbox 2747 503 3030 585; x_wconf 85' lang='lat' dir='ltr'><strong>simulatus</strong></span> <span class='ocrx_word' id='word_1_11' title='bbox 3055 513 3109 558; x_wconf 87' lang='lat' dir='ltr'><strong>et</strong></span> <span class='ocrx_word' id='word_1_12' title='bbox 3135 513 3345 578; x_wconf 80' lang='lat' dir='ltr'><strong>auctor_,</strong></span> 
     </span>
    </p>
   </div>
   <div class='ocr_carea' id='block_1_3' title="bbox 249 508 1704 580">
    <p class='ocr_par' dir='ltr' id='par_1_3' title="bbox 249 508 1704 580">
     <span class='ocr_line' id='line_1_3' title="bbox 249 508 1704 580; baseline -0.01 -2"><span class='ocrx_word' id='word_1_13' title='bbox 249 518 442 580; x_wconf 79' lang='lat' dir='ltr'><strong>Tertius</strong></span> <span class='ocrx_word' id='word_1_14' title='bbox 463 529 525 570; x_wconf 87' lang='lat' dir='ltr'><strong>eu</strong></span> <span class='ocrx_word' id='word_1_15' title='bbox 553 512 802 567; x_wconf 81' lang='lat' dir='ltr'><strong>miseram</strong></span> <span class='ocrx_word' id='word_1_16' title='bbox 834 511 1046 580; x_wconf 77' lang='lat' dir='ltr'><strong>linquit,</strong></span> <span class='ocrx_word' id='word_1_17' title='bbox 1069 511 1203 580; x_wconf 91' lang='lat' dir='ltr'><strong>petit</strong></span> <span class='ocrx_word' id='word_1_18' title='bbox 1221 521 1386 579; x_wconf 87' lang='lat' dir='ltr'><strong>atque</strong></span> <span class='ocrx_word' id='word_1_19' title='bbox 1418 508 1704 577; x_wconf 85' lang='lat' dir='ltr'><strong>secundus,</strong></span> 
     </span>
    </p>
   </div>
   <div class='ocr_carea' id='block_1_4' title="bbox 310 601 1569 675">
    <p class='ocr_par' dir='ltr' id='par_1_4' title="bbox 310 601 1569 675">
     <span class='ocr_line' id='line_1_4' title="bbox 310 601 1569 675; baseline -0.007 -12"><span class='ocrx_word' id='word_1_20' title='bbox 310 607 710 675; x_wconf 77' lang='lat' dir='ltr'><strong>Haudquaquam</strong></span> <span class='ocrx_word' id='word_1_21' title='bbox 741 603 949 674; x_wconf 88' lang='lat' dir='ltr'><strong>primus</strong></span> <span class='ocrx_word' id='word_1_22' title='bbox 975 601 1068 658; x_wconf 88' lang='lat' dir='ltr'><strong>sed</strong></span> <span class='ocrx_word' id='word_1_23' title='bbox 1095 601 1417 672; x_wconf 87' lang='lat' dir='ltr'><strong>repetendus</strong></span> <span class='ocrx_word' id='word_1_24' title='bbox 1445 601 1569 654; x_wconf 91' lang='lat' dir='ltr'><strong>erit.</strong></span> 
     </span>
    </p>
   </div>
   <div class='ocr_carea' id='block_1_5' title="bbox 919 735 1077 791">
    <p class='ocr_par' dir='ltr' id='par_1_5' title="bbox 919 735 1077 791">
     <span class='ocr_line' id='line_1_5' title="bbox 919 735 1077 791; baseline 0 -1"><span class='ocrx_word' id='word_1_25' title='bbox 919 735 1077 791; x_wconf 80' lang='lat' dir='ltr'><strong>XVII.</strong></span> 
     </span>
    </p>
   </div>
   <div class='ocr_carea' id='block_1_6' title="bbox 790 841 1196 883">
    <p class='ocr_par' dir='ltr' id='par_1_6' title="bbox 790 841 1196 883">
     <span class='ocr_line' id='line_1_6' title="bbox 790 841 1196 883; baseline 0.002 -1"><span class='ocrx_word' id='word_1_26' title='bbox 790 843 855 882; x_wconf 77' lang='lat' dir='ltr'><strong>DE</strong></span> <span class='ocrx_word' id='word_1_27' title='bbox 893 843 1070 882; x_wconf 69' lang='lat' dir='ltr'><strong>EADEI</strong></span> <span class='ocrx_word' id='word_1_28' title='bbox 1111 841 1196 883; x_wconf 72' lang='grc' dir='ltr'><strong>ΒΕ.</strong></span> 
     </span>
    </p>
   </div>
   <div class='ocr_carea' id='block_1_7' title="bbox 248 937 1738 1005">
    <p class='ocr_par' dir='ltr' id='par_1_7' title="bbox 248 937 1738 1005">
     <span class='ocr_line' id='line_1_7' title="bbox 248 937 1738 1005; baseline -0.011 -1"><span class='ocrx_word' id='word_1_29' title='bbox 248 947 364 1004; x_wconf 80' lang='lat' dir='ltr'><strong>Nam</strong></span> <span class='ocrx_word' id='word_1_30' title='bbox 391 946 524 1000; x_wconf 90' lang='lat' dir='ltr'><strong>bona</strong></span> <span class='ocrx_word' id='word_1_31' title='bbox 550 941 672 1005; x_wconf 89' lang='lat' dir='ltr'><strong>jure</strong></span> <span class='ocrx_word' id='word_1_32' title='bbox 697 939 899 994; x_wconf 90' lang='lat' dir='ltr'><strong>bonum</strong></span> <span class='ocrx_word' id='word_1_33' title='bbox 931 939 1125 994; x_wconf 80' lang='lat' dir='ltr'><strong>cecidit</strong></span> <span class='ocrx_word' id='word_1_34' title='bbox 1145 953 1264 993; x_wconf 92' lang='lat' dir='ltr'><strong>cum</strong></span> <span class='ocrx_word' id='word_1_35' title='bbox 1292 952 1477 993; x_wconf 87' lang='lat' dir='ltr'><strong>semen</strong></span> <span class='ocrx_word' id='word_1_36' title='bbox 1507 937 1561 990; x_wconf 91' lang='lat' dir='ltr'><strong>in</strong></span> <span class='ocrx_word' id='word_1_37' title='bbox 1587 948 1738 1000; x_wconf 87' lang='lat' dir='ltr'><strong>arva,</strong></span> 
     </span>
    </p>
   </div>
   <div class='ocr_carea' id='block_1_8' title="bbox 307 1032 1508 1106">
    <p class='ocr_par' dir='ltr' id='par_1_8' title="bbox 307 1032 1508 1106">
     <span class='ocr_line' id='line_1_8' title="bbox 307 1032 1508 1106; baseline -0.01 -11"><span class='ocrx_word' id='word_1_38' title='bbox 307 1037 445 1106; x_wconf 81' lang='lat' dir='ltr'><strong>Quod</strong></span> <span class='ocrx_word' id='word_1_39' title='bbox 461 1033 681 1106; x_wconf 61' lang='lat' dir='ltr'><strong>placidae</strong></span> <span class='ocrx_word' id='word_1_40' title='bbox 717 1032 914 1102; x_wconf 75' lang='lat' dir='ltr'><strong>segetis</strong></span> <span class='ocrx_word' id='word_1_41' title='bbox 945 1032 1082 1086; x_wconf 86' lang='lat' dir='ltr'><strong>sevit</strong></span> <span class='ocrx_word' id='word_1_42' title='bbox 1106 1045 1291 1084; x_wconf 88' lang='lat' dir='ltr'><strong>amore</strong></span> <span class='ocrx_word' id='word_1_43' title='bbox 1315 1038 1465 1084; x_wconf 82' lang='lat' dir='ltr'><strong>sator</strong></span> <span class='ocrx_word' id='word_1_44' title='bbox 1491 1043 1508 1083; x_wconf 90' lang='lat'><strong>:</strong></span> 
     </span>
    </p>
   </div>
   <div class='ocr_carea' id='block_1_9' title="bbox 247 1119 1685 1190">
    <p class='ocr_par' dir='ltr' id='par_1_9' title="bbox 247 1119 1685 1190">
     <span class='ocr_line' id='line_1_9' title="bbox 247 1119 1685 1190; baseline -0.009 -3"><span class='ocrx_word' id='word_1_45' title='bbox 247 1130 372 1187; x_wconf 80' lang='lat' dir='ltr'><strong>Frux</strong></span> <span class='ocrx_word' id='word_1_46' title='bbox 402 1128 636 1190; x_wconf 84' lang='lat' dir='ltr'><strong>terdena,</strong></span> <span class='ocrx_word' id='word_1_47' title='bbox 664 1133 720 1179; x_wconf 90' lang='lat' dir='ltr'><strong>et</strong></span> <span class='ocrx_word' id='word_1_48' title='bbox 747 1123 1000 1186; x_wconf 89' lang='lat' dir='ltr'><strong>sexdena,</strong></span> <span class='ocrx_word' id='word_1_49' title='bbox 1034 1130 1089 1176; x_wconf 91' lang='lat' dir='ltr'><strong>et</strong></span> <span class='ocrx_word' id='word_1_50' title='bbox 1113 1131 1336 1176; x_wconf 86' lang='lat' dir='ltr'><strong>centena</strong></span> <span class='ocrx_word' id='word_1_51' title='bbox 1363 1119 1685 1186; x_wconf 86' lang='lat' dir='ltr'><strong>redundant,</strong></span> 
     </span>
    </p>
   </div>
   <div class='ocr_carea' id='block_1_10' title="bbox 304 1214 1399 1287">
    <p class='ocr_par' dir='ltr' id='par_1_10' title="bbox 304 1214 1399 1287">
     <span class='ocr_line' id='line_1_10' title="bbox 304 1214 1399 1287; baseline -0.008 -12"><span class='ocrx_word' id='word_1_52' title='bbox 304 1219 478 1275; x_wconf 80' lang='lat' dir='ltr'><strong>Adfert</strong></span> <span class='ocrx_word' id='word_1_53' title='bbox 501 1232 620 1287; x_wconf 80' lang='lat' dir='ltr'><strong>quas</strong></span> <span class='ocrx_word' id='word_1_54' title='bbox 643 1215 766 1270; x_wconf 88' lang='lat' dir='ltr'><strong>ﬁdei</strong></span> <span class='ocrx_word' id='word_1_55' title='bbox 793 1215 998 1270; x_wconf 86' lang='lat' dir='ltr'><strong>semine</strong></span> <span class='ocrx_word' id='word_1_56' title='bbox 1023 1214 1222 1268; x_wconf 88' lang='lat' dir='ltr'><strong>mentis</strong></span> <span class='ocrx_word' id='word_1_57' title='bbox 1249 1227 1399 1283; x_wconf 89' lang='lat' dir='ltr'><strong>ager.</strong></span> 
     </span>
    </p>
   </div>
   <div class='ocr_carea' id='block_1_11' title="bbox 247 1305 1615 1379">
    <p class='ocr_par' dir='ltr' id='par_1_11' title="bbox 247 1305 1615 1379">
     <span class='ocr_line' id='line_1_11' title="bbox 247 1305 1615 1379; baseline -0.007 -11"><span class='ocrx_word' id='word_1_58' title='bbox 247 1312 464 1369; x_wconf 85' lang='lat' dir='ltr'><strong>Terdena</strong></span> <span class='ocrx_word' id='word_1_59' title='bbox 489 1310 540 1364; x_wconf 93' lang='lat' dir='ltr'><strong>in</strong></span> <span class='ocrx_word' id='word_1_60' title='bbox 565 1317 753 1379; x_wconf 91' lang='lat' dir='ltr'><strong>nuptu,</strong></span> <span class='ocrx_word' id='word_1_61' title='bbox 786 1307 839 1361; x_wconf 88' lang='lat' dir='ltr'><strong>in</strong></span> <span class='ocrx_word' id='word_1_62' title='bbox 867 1306 1042 1361; x_wconf 83' lang='lat' dir='ltr'><strong>viduis</strong></span> <span class='ocrx_word' id='word_1_63' title='bbox 1071 1305 1303 1359; x_wconf 87' lang='lat' dir='ltr'><strong>sexdena</strong></span> <span class='ocrx_word' id='word_1_64' title='bbox 1333 1309 1615 1369; x_wconf 83' lang='lat' dir='ltr'><strong>coruscat,</strong></span> 
     </span>
    </p>
   </div>
   <div class='ocr_carea' id='block_1_12' title="bbox 303 1393 1320 1470">
    <p class='ocr_par' dir='ltr' id='par_1_12' title="bbox 303 1393 1320 1470">
     <span class='ocr_line' id='line_1_12' title="bbox 303 1393 1320 1470; baseline -0.011 -12"><span class='ocrx_word' id='word_1_65' title='bbox 303 1404 400 1458; x_wconf 87' lang='lat' dir='ltr'><strong>ista</strong></span> <span class='ocrx_word' id='word_1_66' title='bbox 423 1403 524 1457; x_wconf 91' lang='lat' dir='ltr'><strong>duo</strong></span> <span class='ocrx_word' id='word_1_67' title='bbox 551 1409 772 1470; x_wconf 90' lang='lat' dir='ltr'><strong>superat</strong></span> <span class='ocrx_word' id='word_1_68' title='bbox 801 1400 991 1454; x_wconf 90' lang='lat' dir='ltr'><strong>tertius</strong></span> <span class='ocrx_word' id='word_1_69' title='bbox 1019 1395 1152 1450; x_wconf 91' lang='lat' dir='ltr'><strong>ordo</strong></span> <span class='ocrx_word' id='word_1_70' title='bbox 1172 1393 1320 1449; x_wconf 91' lang='lat' dir='ltr'><strong>boni.</strong></span> 
     </span>
    </p>
   </div>
   <div class='ocr_carea' id='block_1_13' title="bbox 247 1485 1452 1563">
    <p class='ocr_par' dir='ltr' id='par_1_13' title="bbox 247 1485 1452 1563">
     <span class='ocr_line' id='line_1_13' title="bbox 247 1485 1452 1563; baseline -0.008 -13"><span class='ocrx_word' id='word_1_71' title='bbox 247 1495 303 1550; x_wconf 84' lang='lat' dir='ltr'><strong>Et</strong></span> <span class='ocrx_word' id='word_1_72' title='bbox 322 1496 434 1549; x_wconf 86' lang='lat' dir='ltr'><strong>data</strong></span> <span class='ocrx_word' id='word_1_73' title='bbox 461 1493 757 1563; x_wconf 77' lang='lat' dir='ltr'><strong>virginibus</strong></span> <span class='ocrx_word' id='word_1_74' title='bbox 784 1489 992 1546; x_wconf 79' lang='lat' dir='ltr'><strong>centeni</strong></span> <span class='ocrx_word' id='word_1_75' title='bbox 1025 1487 1195 1559; x_wconf 77' lang='lat' dir='ltr'><strong>gloria</strong></span> <span class='ocrx_word' id='word_1_76' title='bbox 1225 1485 1452 1549; x_wconf 84' lang='lat' dir='ltr'><strong>fructus,</strong></span> 
     </span>
    </p>
   </div>
   <div class='ocr_carea' id='block_1_14' title="bbox 304 1578 1520 1655">
    <p class='ocr_par' dir='ltr' id='par_1_14' title="bbox 304 1578 1520 1655">
     <span class='ocr_line' id='line_1_14' title="bbox 304 1578 1520 1655; baseline -0.009 -16"><span class='ocrx_word' id='word_1_77' title='bbox 304 1583 836 1655; x_wconf 76' lang='lat' dir='ltr'><strong>Martyrioque&#39;sacer</strong></span> <span class='ocrx_word' id='word_1_78' title='bbox 855 1579 1102 1650; x_wconf 81' lang='lat' dir='ltr'><strong>congruit</strong></span> <span class='ocrx_word' id='word_1_79' title='bbox 1132 1578 1222 1632; x_wconf 92' lang='lat' dir='ltr'><strong>hic</strong></span> <span class='ocrx_word' id='word_1_80' title='bbox 1243 1591 1520 1631; x_wconf 88' lang='lat' dir='ltr'><strong>numerus.</strong></span> 
     </span>
    </p>
   </div>
   <div class='ocr_carea' id='block_1_15' title="bbox 243 1667 1678 1742">
    <p class='ocr_par' dir='ltr' id='par_1_15' title="bbox 243 1667 1678 1742">
     <span class='ocr_line' id='line_1_15' title="bbox 243 1667 1678 1742; baseline -0.008 -12"><span class='ocrx_word' id='word_1_81' title='bbox 243 1675 374 1742; x_wconf 87' lang='lat' dir='ltr'><strong>Quod</strong></span> <span class='ocrx_word' id='word_1_82' title='bbox 398 1677 530 1731; x_wconf 86' lang='lat' dir='ltr'><strong>satis</strong></span> <span class='ocrx_word' id='word_1_83' title='bbox 560 1677 616 1729; x_wconf 91' lang='lat' dir='ltr'><strong>in</strong></span> <span class='ocrx_word' id='word_1_84' title='bbox 649 1674 890 1729; x_wconf 88' lang='lat' dir='ltr'><strong>numeris</strong></span> <span class='ocrx_word' id='word_1_85' title='bbox 915 1672 1204 1741; x_wconf 73' lang='lat' dir='ltr'><strong>digitorum</strong></span> <span class='ocrx_word' id='word_1_86' title='bbox 1236 1667 1451 1722; x_wconf 84' lang='lat' dir='ltr'><strong>inflexio</strong></span> <span class='ocrx_word' id='word_1_87' title='bbox 1481 1667 1678 1738; x_wconf 81' lang='lat' dir='ltr'><strong>signat,</strong></span> 
     </span>
    </p>
   </div>
   <div class='ocr_carea' id='block_1_16' title="bbox 293 1754 1397 1834">
    <p class='ocr_par' dir='ltr' id='par_1_16' title="bbox 293 1754 1397 1834">
     <span class='ocr_line' id='line_1_16' title="bbox 293 1754 1397 1834; baseline -0.009 -12"><span class='ocrx_word' id='word_1_88' title='bbox 293 1768 391 1822; x_wconf 79' lang='lat' dir='ltr'><strong>Res</strong></span> <span class='ocrx_word' id='word_1_89' title='bbox 411 1775 466 1822; x_wconf 92' lang='lat' dir='ltr'><strong>et</strong></span> <span class='ocrx_word' id='word_1_90' title='bbox 487 1754 554 1820; x_wconf 89' lang='lat' dir='ltr'><strong>ab</strong></span> <span class='ocrx_word' id='word_1_91' title='bbox 577 1765 816 1834; x_wconf 86' lang='lat' dir='ltr'><strong>antiquis</strong></span> <span class='ocrx_word' id='word_1_92' title='bbox 842 1761 967 1830; x_wconf 90' lang='lat' dir='ltr'><strong>jure</strong></span> <span class='ocrx_word' id='word_1_93' title='bbox 999 1769 1213 1830; x_wconf 88' lang='lat' dir='ltr'><strong>reperta</strong></span> <span class='ocrx_word' id='word_1_94' title='bbox 1244 1761 1397 1813; x_wconf 85' lang='lat' dir='ltr'><strong>viris.</strong></span> 
     </span>
    </p>
   </div>
   <div class='ocr_carea' id='block_1_17' title="bbox 3347 381 3488 442">
    <p class='ocr_par' dir='ltr' id='par_1_17' title="bbox 3347 381 3488 442">
     <span class='ocr_line' id='line_1_17' title="bbox 3347 381 3488 442; baseline 0 0"><span class='ocrx_word' id='word_1_95' title='bbox 3347 381 3454 442; x_wconf 67' lang='lat'><strong>310</strong></span> <span class='ocrx_word' id='word_1_96' title='bbox 3481 383 3488 388; x_wconf 70' lang='grc'><strong><em>’</em></strong></span> 
     </span>
    </p>
   </div>
   <div class='ocr_carea' id='block_1_18' title="bbox 1953 593 3414 668">
    <p class='ocr_par' dir='ltr' id='par_1_18' title="bbox 1953 593 3414 668">
     <span class='ocr_line' id='line_1_18' title="bbox 1953 593 3414 668; baseline -0.003 -13"><span class='ocrx_word' id='word_1_97' title='bbox 1953 600 2083 668; x_wconf 65' lang='lat' dir='ltr'><strong>Quae</strong></span> <span class='ocrx_word' id='word_1_98' title='bbox 2108 601 2246 654; x_wconf 89' lang='lat' dir='ltr'><strong>bene</strong></span> <span class='ocrx_word' id='word_1_99' title='bbox 2285 599 2608 654; x_wconf 86' lang='lat' dir='ltr'><strong>conveniant</strong></span> <span class='ocrx_word' id='word_1_100' title='bbox 2649 610 2908 666; x_wconf 83' lang='lat' dir='ltr'><strong>mensque</strong></span> <span class='ocrx_word' id='word_1_101' title='bbox 2937 595 3258 666; x_wconf 87' lang='lat' dir='ltr'><strong>habitusque</strong></span> <span class='ocrx_word' id='word_1_102' title='bbox 3293 593 3414 652; x_wconf 87' lang='lat' dir='ltr'><strong>sibi.</strong></span> 
     </span>
    </p>
   </div>
   <div class='ocr_carea' id='block_1_19' title="bbox 1807 689 3456 762">
    <p class='ocr_par' dir='ltr' id='par_1_19' title="bbox 1807 689 3456 762">
     <span class='ocr_line' id='line_1_19' title="bbox 1807 689 3456 762; baseline -0.001 -14"><span class='ocrx_word' id='word_1_103' title='bbox 1807 711 1812 717; x_wconf 60' lang='grc' dir='ltr'><em>ο</em></span> <span class='ocrx_word' id='word_1_104' title='bbox 1887 691 2055 748; x_wconf 81' lang='lat' dir='ltr'><strong>Fluxa</strong></span> <span class='ocrx_word' id='word_1_105' title='bbox 2102 692 2314 748; x_wconf 85' lang='lat' dir='ltr'><strong>camilla</strong></span> <span class='ocrx_word' id='word_1_106' title='bbox 2344 699 2525 762; x_wconf 89' lang='lat' dir='ltr'><strong>caput,</strong></span> <span class='ocrx_word' id='word_1_107' title='bbox 2557 699 2793 746; x_wconf 89' lang='lat' dir='ltr'><strong>mentem</strong></span> <span class='ocrx_word' id='word_1_108' title='bbox 2829 691 2962 762; x_wconf 80' lang='lat' dir='ltr'><strong>tegit</strong></span> <span class='ocrx_word' id='word_1_109' title='bbox 3016 698 3135 746; x_wconf 87' lang='lat' dir='ltr'><strong>atra</strong></span> <span class='ocrx_word' id='word_1_110' title='bbox 3165 689 3412 746; x_wconf 76' lang='lat' dir='ltr'><strong>voluntas</strong></span> <span class='ocrx_word' id='word_1_111' title='bbox 3435 731 3456 756; x_wconf 91' lang='lat'><strong>,</strong></span> 
     </span>
    </p>
   </div>
   <div class='ocr_carea' id='block_1_20' title="bbox 1953 783 3102 854">
    <p class='ocr_par' dir='ltr' id='par_1_20' title="bbox 1953 783 3102 854">
     <span class='ocr_line' id='line_1_20' title="bbox 1953 783 3102 854; baseline 0.001 -16"><span class='ocrx_word' id='word_1_112' title='bbox 1953 785 2161 854; x_wconf 79' lang='lat' dir='ltr'><strong>ASpera</strong></span> <span class='ocrx_word' id='word_1_113' title='bbox 2190 785 2310 838; x_wconf 90' lang='lat' dir='ltr'><strong>lana</strong></span> <span class='ocrx_word' id='word_1_114' title='bbox 2337 784 2690 849; x_wconf 89' lang='lat' dir='ltr'><strong>artus,vestis</strong></span> <span class='ocrx_word' id='word_1_115' title='bbox 2713 783 2871 838; x_wconf 89' lang='lat' dir='ltr'><strong>ovina</strong></span> <span class='ocrx_word' id='word_1_116' title='bbox 2901 783 3102 854; x_wconf 89' lang='lat' dir='ltr'><strong>lupum.</strong></span> 
     </span>
    </p>
   </div>
   <div class='ocr_carea' id='block_1_21' title="bbox 1807 870 3290 946">
    <p class='ocr_par' dir='ltr' id='par_1_21' title="bbox 1807 870 3290 946">
     <span class='ocr_line' id='line_1_21' title="bbox 1807 870 3290 946; baseline 0.005 -23"><span class='ocrx_word' id='word_1_117' title='bbox 1807 897 1810 900; x_wconf 61' lang='grc' dir='ltr'><strong>ο</strong></span> <span class='ocrx_word' id='word_1_118' title='bbox 1888 870 2067 926; x_wconf 70' lang='lat' dir='ltr'><strong>Clzena</strong></span> <span class='ocrx_word' id='word_1_119' title='bbox 2091 873 2286 943; x_wconf 79' lang='lat' dir='ltr'><strong>duplex</strong></span> <span class='ocrx_word' id='word_1_120' title='bbox 2310 874 2441 928; x_wconf 89' lang='lat' dir='ltr'><strong>foris</strong></span> <span class='ocrx_word' id='word_1_121' title='bbox 2459 882 2561 938; x_wconf 86' lang='lat' dir='ltr'><strong>est,</strong></span> <span class='ocrx_word' id='word_1_122' title='bbox 2589 874 2731 927; x_wconf 89' lang='lat' dir='ltr'><strong>intus</strong></span> <span class='ocrx_word' id='word_1_123' title='bbox 2755 875 3050 942; x_wconf 66' lang='lat' dir='ltr'><strong>prtecordia</strong></span> <span class='ocrx_word' id='word_1_124' title='bbox 3077 875 3290 946; x_wconf 82' lang='lat' dir='ltr'><strong>duplex,</strong></span> 
     </span>
    </p>
   </div>
   <div class='ocr_carea' id='block_1_22' title="bbox 1959 961 3247 1037">
    <p class='ocr_par' dir='ltr' id='par_1_22' title="bbox 1959 961 3247 1037">
     <span class='ocr_line' id='line_1_22' title="bbox 1959 961 3247 1037; baseline 0.003 -19"><span class='ocrx_word' id='word_1_125' title='bbox 1959 961 2330 1032; x_wconf 84' lang='lat' dir='ltr'><strong>Simplicitatis</strong></span> <span class='ocrx_word' id='word_1_126' title='bbox 2356 965 2528 1020; x_wconf 88' lang='lat' dir='ltr'><strong>honos</strong></span> <span class='ocrx_word' id='word_1_127' title='bbox 2565 973 2648 1020; x_wconf 85' lang='lat' dir='ltr'><strong>est</strong></span> <span class='ocrx_word' id='word_1_128' title='bbox 2688 965 2756 1018; x_wconf 89' lang='lat' dir='ltr'><strong>ab</strong></span> <span class='ocrx_word' id='word_1_129' title='bbox 2781 973 3010 1036; x_wconf 87' lang='lat' dir='ltr'><strong>utroque</strong></span> <span class='ocrx_word' id='word_1_130' title='bbox 3039 968 3247 1037; x_wconf 88' lang='lat' dir='ltr'><strong>procul.</strong></span> 
     </span>
    </p>
   </div>
   <div class='ocr_carea' id='block_1_23' title="bbox 1888 1051 3249 1127">
    <p class='ocr_par' dir='ltr' id='par_1_23' title="bbox 1888 1051 3249 1127">
     <span class='ocr_line' id='line_1_23' title="bbox 1888 1051 3249 1127; baseline 0.003 -19"><span class='ocrx_word' id='word_1_131' title='bbox 1888 1051 2114 1109; x_wconf 87' lang='lat' dir='ltr'><strong>Follicat</strong></span> <span class='ocrx_word' id='word_1_132' title='bbox 2143 1054 2316 1124; x_wconf 87' lang='lat' dir='ltr'><strong>ampla</strong></span> <span class='ocrx_word' id='word_1_133' title='bbox 2359 1056 2555 1124; x_wconf 89' lang='lat' dir='ltr'><strong>quibus</strong></span> <span class='ocrx_word' id='word_1_134' title='bbox 2584 1057 2816 1126; x_wconf 89' lang='lat' dir='ltr'><strong>turgenti</strong></span> <span class='ocrx_word' id='word_1_135' title='bbox 2842 1055 3009 1111; x_wconf 89' lang='lat' dir='ltr'><strong>calcia</strong></span> <span class='ocrx_word' id='word_1_136' title='bbox 3037 1072 3249 1127; x_wconf 84' lang='lat' dir='ltr'><strong>panno,</strong></span> 
     </span>
    </p>
   </div>
   <div class='ocr_carea' id='block_1_24' title="bbox 1961 1144 2982 1219">
    <p class='ocr_par' dir='ltr' id='par_1_24' title="bbox 1961 1144 2982 1219">
     <span class='ocr_line' id='line_1_24' title="bbox 1961 1144 2982 1219; baseline 0.003 -20"><span class='ocrx_word' id='word_1_137' title='bbox 1961 1144 2251 1214; x_wconf 89' lang='lat' dir='ltr'><strong>Velocique</strong></span> <span class='ocrx_word' id='word_1_138' title='bbox 2293 1146 2412 1214; x_wconf 89' lang='lat' dir='ltr'><strong>pedi</strong></span> <span class='ocrx_word' id='word_1_139' title='bbox 2450 1146 2575 1200; x_wconf 85' lang='lat' dir='ltr'><strong>vilis</strong></span> <span class='ocrx_word' id='word_1_140' title='bbox 2613 1147 2755 1201; x_wconf 87' lang='lat' dir='ltr'><strong>inest</strong></span> <span class='ocrx_word' id='word_1_141' title='bbox 2790 1147 2982 1219; x_wconf 89' lang='lat' dir='ltr'><strong>caliga.</strong></span> 
     </span>
    </p>
   </div>
   <div class='ocr_carea' id='block_1_25' title="bbox 1892 1233 3464 1310">
    <p class='ocr_par' dir='ltr' id='par_1_25' title="bbox 1892 1233 3464 1310">
     <span class='ocr_line' id='line_1_25' title="bbox 1892 1233 3464 1310; baseline 0.006 -22"><span class='ocrx_word' id='word_1_142' title='bbox 1892 1233 2027 1289; x_wconf 83' lang='lat' dir='ltr'><strong>Pars</strong></span> <span class='ocrx_word' id='word_1_143' title='bbox 2064 1249 2277 1304; x_wconf 89' lang='lat' dir='ltr'><strong>quoque</strong></span> <span class='ocrx_word' id='word_1_144' title='bbox 2325 1235 2457 1290; x_wconf 65' lang='lat' dir='ltr'><strong>laeva</strong></span> <span class='ocrx_word' id='word_1_145' title='bbox 2489 1233 2636 1292; x_wconf 87' lang='lat' dir='ltr'><strong>vehit</strong></span> <span class='ocrx_word' id='word_1_146' title='bbox 2675 1238 2928 1303; x_wconf 89' lang='lat' dir='ltr'><strong>cultrum,</strong></span> <span class='ocrx_word' id='word_1_147' title='bbox 2958 1240 3334 1310; x_wconf 79' lang='lat' dir='ltr'><strong>geminamque</strong></span> <span class='ocrx_word' id='word_1_148' title='bbox 3377 1252 3464 1297; x_wconf 87' lang='lat' dir='ltr'><strong>ta-</strong></span> 
     </span>
    </p>
   </div>
   <div class='ocr_carea' id='block_1_26' title="bbox 3125 1330 3442 1403">
    <p class='ocr_par' dir='ltr' id='par_1_26' title="bbox 3125 1330 3442 1403">
     <span class='ocr_line' id='line_1_26' title="bbox 3125 1330 3442 1403; baseline 0 -17"><span class='ocrx_word' id='word_1_149' title='bbox 3125 1330 3355 1403; x_wconf 89' lang='lat' dir='ltr'><strong>[bellam</strong></span> <span class='ocrx_word' id='word_1_150' title='bbox 3378 1373 3392 1397; x_wconf 91' lang='lat'><strong>,</strong></span> <span class='ocrx_word' id='word_1_151' title='bbox 3439 1336 3442 1338; x_wconf 65' lang='grc'>⁷</span> 
     </span>
    </p>
   </div>
   <div class='ocr_carea' id='block_1_27' title="bbox 1963 1417 3201 1492">
    <p class='ocr_par' dir='ltr' id='par_1_27' title="bbox 1963 1417 3201 1492">
     <span class='ocr_line' id='line_1_27' title="bbox 1963 1417 3201 1492; baseline 0.006 -21"><span class='ocrx_word' id='word_1_152' title='bbox 1963 1417 2030 1472; x_wconf 83' lang='grc' dir='ltr'><strong>Ει</strong></span> <span class='ocrx_word' id='word_1_153' title='bbox 2056 1419 2194 1473; x_wconf 84' lang='lat' dir='ltr'><strong>bene</strong></span> <span class='ocrx_word' id='word_1_154' title='bbox 2224 1427 2436 1490; x_wconf 81' lang='lat' dir='ltr'><strong>tegmen</strong></span> <span class='ocrx_word' id='word_1_155' title='bbox 2463 1421 2512 1474; x_wconf 89' lang='lat' dir='ltr'><strong>ei</strong></span> <span class='ocrx_word' id='word_1_156' title='bbox 2541 1430 2595 1476; x_wconf 89' lang='lat' dir='ltr'><strong>et</strong></span> <span class='ocrx_word' id='word_1_157' title='bbox 2621 1423 2878 1492; x_wconf 86' lang='lat' dir='ltr'><strong>graphius</strong></span> <span class='ocrx_word' id='word_1_158' title='bbox 2901 1438 3020 1478; x_wconf 89' lang='lat' dir='ltr'><strong>esse</strong></span> <span class='ocrx_word' id='word_1_159' title='bbox 3049 1424 3201 1479; x_wconf 89' lang='lat' dir='ltr'><strong>solet.</strong></span> 
     </span>
    </p>
   </div>
   <div class='ocr_carea' id='block_1_28' title="bbox 1895 1511 3229 1585">
    <p class='ocr_par' dir='ltr' id='par_1_28' title="bbox 1895 1511 3229 1585">
     <span class='ocr_line' id='line_1_28' title="bbox 1895 1511 3229 1585; baseline 0.004 -19"><span class='ocrx_word' id='word_1_160' title='bbox 1895 1511 2073 1566; x_wconf 84' lang='lat' dir='ltr'><strong>Pallor</strong></span> <span class='ocrx_word' id='word_1_161' title='bbox 2101 1521 2155 1566; x_wconf 89' lang='lat' dir='ltr'><strong>et</strong></span> <span class='ocrx_word' id='word_1_162' title='bbox 2188 1529 2283 1567; x_wconf 91' lang='lat' dir='ltr'><strong>ora</strong></span> <span class='ocrx_word' id='word_1_163' title='bbox 2319 1521 2488 1578; x_wconf 89' lang='lat' dir='ltr'><strong>tenet,</strong></span> <span class='ocrx_word' id='word_1_164' title='bbox 2513 1515 2744 1585; x_wconf 90' lang='lat' dir='ltr'><strong>suspiria</strong></span> <span class='ocrx_word' id='word_1_165' title='bbox 2781 1525 2969 1585; x_wconf 91' lang='lat' dir='ltr'><strong>pectus</strong></span> <span class='ocrx_word' id='word_1_166' title='bbox 2997 1516 3186 1572; x_wconf 86' lang='lat' dir='ltr'><strong>anhela</strong></span> <span class='ocrx_word' id='word_1_167' title='bbox 3215 1558 3229 1582; x_wconf 88' lang='lat'><strong>,</strong></span> 
     </span>
    </p>
   </div>
   <div class='ocr_carea' id='block_1_29' title="bbox 1965 1605 3111 1678">
    <p class='ocr_par' dir='ltr' id='par_1_29' title="bbox 1965 1605 3111 1678">
     <span class='ocr_line' id='line_1_29' title="bbox 1965 1605 3111 1678; baseline 0.003 -19"><span class='ocrx_word' id='word_1_168' title='bbox 1965 1605 2033 1659; x_wconf 87' lang='lat' dir='ltr'><strong>Et</strong></span> <span class='ocrx_word' id='word_1_169' title='bbox 2070 1606 2214 1660; x_wconf 86' lang='lat' dir='ltr'><strong>tenui</strong></span> <span class='ocrx_word' id='word_1_170' title='bbox 2243 1607 2418 1661; x_wconf 89' lang='lat' dir='ltr'><strong>sonitu</strong></span> <span class='ocrx_word' id='word_1_171' title='bbox 2449 1623 2547 1662; x_wconf 83' lang='lat' dir='ltr'><strong>vox</strong></span> <span class='ocrx_word' id='word_1_172' title='bbox 2575 1609 2906 1678; x_wconf 86' lang='lat' dir='ltr'><strong>gemebunda</strong></span> <span class='ocrx_word' id='word_1_173' title='bbox 2937 1617 3111 1664; x_wconf 90' lang='lat' dir='ltr'><strong>sonat.</strong></span> 
     </span>
    </p>
   </div>
   <div class='ocr_carea' id='block_1_30' title="bbox 1897 1697 3394 1768">
    <p class='ocr_par' dir='ltr' id='par_1_30' title="bbox 1897 1697 3394 1768">
     <span class='ocr_line' id='line_1_30' title="bbox 1897 1697 3394 1768; baseline 0.004 -16"><span class='ocrx_word' id='word_1_174' title='bbox 1897 1697 2012 1752; x_wconf 83' lang='lat' dir='ltr'><strong>Vox</strong></span> <span class='ocrx_word' id='word_1_175' title='bbox 2043 1699 2377 1768; x_wconf 84' lang='lat' dir='ltr'><strong>gemebunda</strong></span> <span class='ocrx_word' id='word_1_176' title='bbox 2406 1708 2563 1755; x_wconf 89' lang='lat' dir='ltr'><strong>sonat</strong></span> <span class='ocrx_word' id='word_1_177' title='bbox 2603 1703 2737 1756; x_wconf 91' lang='lat' dir='ltr'><strong>dans</strong></span> <span class='ocrx_word' id='word_1_178' title='bbox 2765 1701 2886 1755; x_wconf 90' lang='lat' dir='ltr'><strong>ﬁcta</strong></span> <span class='ocrx_word' id='word_1_179' title='bbox 2917 1710 2972 1757; x_wconf 91' lang='lat' dir='ltr'><strong>et</strong></span> <span class='ocrx_word' id='word_1_180' title='bbox 3006 1701 3182 1756; x_wconf 86' lang='lat' dir='ltr'><strong>dulcia</strong></span> <span class='ocrx_word' id='word_1_181' title='bbox 3207 1703 3394 1768; x_wconf 85' lang='lat' dir='ltr'><strong>verba,</strong></span> 
     </span>
    </p>
   </div>
   <div class='ocr_carea' id='block_1_31' title="bbox 1966 1787 3484 1866">
    <p class='ocr_par' dir='ltr' id='par_1_31' title="bbox 1966 1787 3484 1866">
     <span class='ocr_line' id='line_1_31' title="bbox 1966 1787 3484 1866; baseline 0.006 -25"><span class='ocrx_word' id='word_1_182' title='bbox 1966 1787 2107 1842; x_wconf 87' lang='lat' dir='ltr'><strong>Pura</strong></span> <span class='ocrx_word' id='word_1_183' title='bbox 2155 1799 2215 1844; x_wconf 90' lang='lat' dir='ltr'><strong>ut</strong></span> <span class='ocrx_word' id='word_1_184' title='bbox 2244 1791 2403 1846; x_wconf 85' lang='lat' dir='ltr'><strong>corda</strong></span> <span class='ocrx_word' id='word_1_185' title='bbox 2437 1793 2716 1847; x_wconf 89' lang='lat' dir='ltr'><strong>hominum</strong></span> <span class='ocrx_word' id='word_1_186' title='bbox 2761 1802 2881 1862; x_wconf 90' lang='lat' dir='ltr'><strong>post</strong></span> <span class='ocrx_word' id='word_1_187' title='bbox 2932 1809 3026 1848; x_wconf 89' lang='lat' dir='ltr'><strong>sua</strong></span> <span class='ocrx_word' id='word_1_188' title='bbox 3058 1803 3181 1849; x_wconf 90' lang='lat' dir='ltr'><strong>vota</strong></span> <span class='ocrx_word' id='word_1_189' title='bbox 3227 1796 3484 1866; x_wconf 66' lang='lat' dir='ltr'><strong>trahant.</strong></span> 
     </span>
    </p>
   </div>
   <div class='ocr_carea' id='block_1_32' title="bbox 240 1848 3306 1953">
    <p class='ocr_par' dir='ltr' id='par_1_32' title="bbox 240 1848 3306 1953">
     <span class='ocr_line' id='line_1_32' title="bbox 240 1848 3306 1953; baseline 0.004 -25"><span class='ocrx_word' id='word_1_190' title='bbox 240 1859 457 1953; x_wconf 52' lang='lat' dir='ltr'><strong>Naflqlle</strong></span> <span class='ocrx_word' id='word_1_191' title='bbox 479 1859 640 1953; x_wconf 57' lang='grc' dir='ltr'><strong>ίηάθξ</strong></span> <span class='ocrx_word' id='word_1_192' title='bbox 673 1871 912 1953; x_wconf 51' lang='lat' dir='ltr'><strong>summ&quot;?</strong></span> <span class='ocrx_word' id='word_1_193' title='bbox 939 1853 1132 1953; x_wconf 49' lang='grc' dir='ltr'><strong>Ῑθνξίθτ</strong></span> <span class='ocrx_word' id='word_1_194' title='bbox 1161 1867 1282 1953; x_wconf 36' lang='lat' dir='ltr'><strong>(ium</strong></span> <span class='ocrx_word' id='word_1_195' title='bbox 1318 1850 1510 1953; x_wconf 58' lang='lat'><strong>1’91&quot;“</strong></span> <span class='ocrx_word' id='word_1_196' title='bbox 1531 1848 1756 1917; x_wconf 63' lang='lat' dir='ltr'><strong>j&#39;mcms</strong></span> <span class='ocrx_word' id='word_1_197' title='bbox 1819 1864 1866 1923; x_wconf 82' lang='lat' dir='ltr'><strong>B</strong></span> <span class='ocrx_word' id='word_1_198' title='bbox 1893 1877 2116 1934; x_wconf 90' lang='lat' dir='ltr'><strong>Plorare</strong></span> <span class='ocrx_word' id='word_1_199' title='bbox 2153 1890 2212 1934; x_wconf 90' lang='lat' dir='ltr'><strong>ut</strong></span> <span class='ocrx_word' id='word_1_200' title='bbox 2257 1893 2548 1949; x_wconf 85' lang='lat' dir='ltr'><strong>nequeant,</strong></span> <span class='ocrx_word' id='word_1_201' title='bbox 2584 1848 2807 1952; x_wconf 70' lang='lat' dir='ltr'><strong>cupiunt</strong></span> <span class='ocrx_word' id='word_1_202' title='bbox 2833 1882 3075 1953; x_wconf 88' lang='lat' dir='ltr'><strong>plorasse</strong></span> <span class='ocrx_word' id='word_1_203' title='bbox 3102 1885 3306 1953; x_wconf 89' lang='lat' dir='ltr'><strong>videri,</strong></span> 
     </span>
    </p>
   </div>
   <div class='ocr_carea' id='block_1_33' title="bbox 297 1942 1555 2004">
    <p class='ocr_par' dir='ltr' id='par_1_33' title="bbox 297 1942 1555 2004">
     <span class='ocr_line' id='line_1_33' title="bbox 297 1942 1555 2004; baseline -0.007 0"><span class='ocrx_word' id='word_1_204' title='bbox 297 1949 591 2004; x_wconf 87' lang='lat' dir='ltr'><strong>Terdenum</strong></span> <span class='ocrx_word' id='word_1_205' title='bbox 615 1948 668 2002; x_wconf 93' lang='lat' dir='ltr'><strong>in</strong></span> <span class='ocrx_word' id='word_1_206' title='bbox 693 1947 934 2001; x_wconf 87' lang='lat' dir='ltr'><strong>numeris</strong></span> <span class='ocrx_word' id='word_1_207' title='bbox 959 1945 1063 2000; x_wconf 88' lang='lat' dir='ltr'><strong>scit</strong></span> <span class='ocrx_word' id='word_1_208' title='bbox 1097 1945 1331 1998; x_wconf 91' lang='lat' dir='ltr'><strong>retinere</strong></span> <span class='ocrx_word' id='word_1_209' title='bbox 1357 1942 1555 1997; x_wconf 88' lang='lat' dir='ltr'><strong>locum.</strong></span> 
     </span>
    </p>
   </div>
   <div class='ocr_carea' id='block_1_34' title="bbox 238 2033 1500 2107">
    <p class='ocr_par' dir='ltr' id='par_1_34' title="bbox 238 2033 1500 2107">
     <span class='ocr_line' id='line_1_34' title="bbox 238 2033 1500 2107; baseline -0.007 -13"><span class='ocrx_word' id='word_1_210' title='bbox 238 2039 388 2094; x_wconf 71' lang='lat' dir='ltr'><strong>Mollis</strong></span> <span class='ocrx_word' id='word_1_211' title='bbox 414 2048 470 2094; x_wconf 92' lang='lat' dir='ltr'><strong>et</strong></span> <span class='ocrx_word' id='word_1_212' title='bbox 493 2039 777 2107; x_wconf 88' lang='lat' dir='ltr'><strong>amplexus</strong></span> <span class='ocrx_word' id='word_1_213' title='bbox 802 2037 1090 2106; x_wconf 83' lang='lat' dir='ltr'><strong>digitorum</strong></span> <span class='ocrx_word' id='word_1_214' title='bbox 1118 2034 1292 2090; x_wconf 88' lang='lat' dir='ltr'><strong>dulcia</strong></span> <span class='ocrx_word' id='word_1_215' title='bbox 1323 2033 1500 2100; x_wconf 83' lang='lat' dir='ltr'><strong>signat</strong></span> 
     </span>
    </p>
   </div>
   <div class='ocr_carea' id='block_1_35' title="bbox 255 2125 1486 2196">
    <p class='ocr_par' dir='ltr' id='par_1_35' title="bbox 255 2125 1486 2196">
     <span class='ocr_line' id='line_1_35' title="bbox 255 2125 1486 2196; baseline -0.006 -12"><span class='ocrx_word' id='word_1_216' title='bbox 255 2181 258 2184; x_wconf 83' lang='lat'><strong>.</strong></span> <span class='ocrx_word' id='word_1_217' title='bbox 295 2128 477 2186; x_wconf 79' lang='lat' dir='ltr'><strong>Oscula</strong></span> <span class='ocrx_word' id='word_1_218' title='bbox 498 2126 757 2196; x_wconf 87' lang='lat' dir='ltr'><strong>conjugii,</strong></span> <span class='ocrx_word' id='word_1_219' title='bbox 793 2141 913 2196; x_wconf 75' lang='lat' dir='ltr'><strong>quae</strong></span> <span class='ocrx_word' id='word_1_220' title='bbox 940 2125 1043 2180; x_wconf 90' lang='lat' dir='ltr'><strong>sibi</strong></span> <span class='ocrx_word' id='word_1_221' title='bbox 1071 2133 1220 2194; x_wconf 89' lang='lat' dir='ltr'><strong>grata</strong></span> <span class='ocrx_word' id='word_1_222' title='bbox 1247 2130 1486 2178; x_wconf 87' lang='lat' dir='ltr'><strong>manent.</strong></span> 
     </span>
    </p>
   </div>
   <div class='ocr_carea' id='block_1_36' title="bbox 237 2214 1501 2290">
    <p class='ocr_par' dir='ltr' id='par_1_36' title="bbox 237 2214 1501 2290">
     <span class='ocr_line' id='line_1_36' title="bbox 237 2214 1501 2290; baseline -0.004 -17"><span class='ocrx_word' id='word_1_223' title='bbox 237 2218 292 2273; x_wconf 77' lang='lat' dir='ltr'><strong>At</strong></span> <span class='ocrx_word' id='word_1_224' title='bbox 316 2218 484 2290; x_wconf 81' lang='lat' dir='ltr'><strong>pollex</strong></span> <span class='ocrx_word' id='word_1_225' title='bbox 510 2230 682 2272; x_wconf 90' lang='lat' dir='ltr'><strong>curvo</strong></span> <span class='ocrx_word' id='word_1_226' title='bbox 705 2225 961 2271; x_wconf 84' lang='lat' dir='ltr'><strong>curvatus</strong></span> <span class='ocrx_word' id='word_1_227' title='bbox 984 2214 1052 2268; x_wconf 89' lang='lat' dir='ltr'><strong>ab</strong></span> <span class='ocrx_word' id='word_1_228' title='bbox 1078 2215 1253 2269; x_wconf 88' lang='lat' dir='ltr'><strong>indice</strong></span> <span class='ocrx_word' id='word_1_229' title='bbox 1280 2229 1501 2284; x_wconf 88' lang='lat' dir='ltr'><strong>pressus</strong></span> 
     </span>
    </p>
   </div>
   <div class='ocr_carea' id='block_1_37' title="bbox 294 2305 1448 2375">
    <p class='ocr_par' dir='ltr' id='par_1_37' title="bbox 294 2305 1448 2375">
     <span class='ocr_line' id='line_1_37' title="bbox 294 2305 1448 2375; baseline -0.003 -13"><span class='ocrx_word' id='word_1_230' title='bbox 294 2308 560 2363; x_wconf 84' lang='lat' dir='ltr'><strong>Sexdenos</strong></span> <span class='ocrx_word' id='word_1_231' title='bbox 592 2312 876 2372; x_wconf 83' lang='lat' dir='ltr'><strong>monstrat,</strong></span> <span class='ocrx_word' id='word_1_232' title='bbox 904 2306 1066 2375; x_wconf 85' lang='lat' dir='ltr'><strong>inque</strong></span> <span class='ocrx_word' id='word_1_233' title='bbox 1089 2315 1215 2375; x_wconf 78' lang='lat' dir='ltr'><strong>typo</strong></span> <span class='ocrx_word' id='word_1_234' title='bbox 1237 2305 1448 2360; x_wconf 86' lang='lat' dir='ltr'><strong>viduas.</strong></span> 
     </span>
    </p>
   </div>
   <div class='ocr_carea' id='block_1_38' title="bbox 238 2398 1558 2468">
    <p class='ocr_par' dir='ltr' id='par_1_38' title="bbox 238 2398 1558 2468">
     <span class='ocr_line' id='line_1_38' title="bbox 238 2398 1558 2468; baseline -0.003 -12"><span class='ocrx_word' id='word_1_235' title='bbox 238 2399 297 2456; x_wconf 86' lang='lat' dir='ltr'><strong>Ut</strong></span> <span class='ocrx_word' id='word_1_236' title='bbox 313 2399 500 2468; x_wconf 87' lang='lat' dir='ltr'><strong>digitus</strong></span> <span class='ocrx_word' id='word_1_237' title='bbox 525 2398 779 2467; x_wconf 83' lang='lat' dir='ltr'><strong>digitum,</strong></span> <span class='ocrx_word' id='word_1_238' title='bbox 807 2399 906 2452; x_wconf 88' lang='lat' dir='ltr'><strong>bas</strong></span> <span class='ocrx_word' id='word_1_239' title='bbox 937 2412 1105 2468; x_wconf 90' lang='lat' dir='ltr'><strong>angor</strong></span> <span class='ocrx_word' id='word_1_240' title='bbox 1129 2411 1271 2466; x_wconf 65' lang='lat' dir='ltr'><strong>saepe</strong></span> <span class='ocrx_word' id='word_1_241' title='bbox 1294 2405 1558 2463; x_wconf 88' lang='lat' dir='ltr'><strong>coarctat,</strong></span> 
     </span>
    </p>
   </div>
   <div class='ocr_carea' id='block_1_39' title="bbox 294 2488 1468 2560">
    <p class='ocr_par' dir='ltr' id='par_1_39' title="bbox 294 2488 1468 2560">
     <span class='ocr_line' id='line_1_39' title="bbox 294 2488 1468 2560; baseline -0.004 -16"><span class='ocrx_word' id='word_1_242' title='bbox 294 2489 530 2545; x_wconf 88' lang='lat' dir='ltr'><strong>Turturis</strong></span> <span class='ocrx_word' id='word_1_243' title='bbox 567 2505 638 2544; x_wconf 84' lang='lat' dir='ltr'><strong>ac</strong></span> <span class='ocrx_word' id='word_1_244' title='bbox 657 2489 891 2560; x_wconf 89' lang='lat' dir='ltr'><strong>gemitus</strong></span> <span class='ocrx_word' id='word_1_245' title='bbox 918 2488 1149 2557; x_wconf 85' lang='lat' dir='ltr'><strong>inclytus</strong></span> <span class='ocrx_word' id='word_1_246' title='bbox 1173 2494 1332 2541; x_wconf 87' lang='lat' dir='ltr'><strong>ornat</strong></span> <span class='ocrx_word' id='word_1_247' title='bbox 1354 2502 1468 2541; x_wconf 89' lang='lat' dir='ltr'><strong>eas.</strong></span> 
     </span>
    </p>
   </div>
   <div class='ocr_carea' id='block_1_40' title="bbox 233 2577 1615 2642">
    <p class='ocr_par' dir='ltr' id='par_1_40' title="bbox 233 2577 1615 2642">
     <span class='ocr_line' id='line_1_40' title="bbox 233 2577 1615 2642; baseline -0.002 -8"><span class='ocrx_word' id='word_1_248' title='bbox 233 2578 496 2635; x_wconf 85' lang='lat' dir='ltr'><strong>Transitus</strong></span> <span class='ocrx_word' id='word_1_249' title='bbox 523 2596 554 2634; x_wconf 91' lang='lat' dir='ltr'><strong>a</strong></span> <span class='ocrx_word' id='word_1_250' title='bbox 585 2580 717 2634; x_wconf 67' lang='lat' dir='ltr'><strong>Lava</strong></span> <span class='ocrx_word' id='word_1_251' title='bbox 745 2580 792 2634; x_wconf 89' lang='lat' dir='ltr'><strong>si</strong></span> <span class='ocrx_word' id='word_1_252' title='bbox 821 2580 877 2633; x_wconf 93' lang='lat' dir='ltr'><strong>in</strong></span> <span class='ocrx_word' id='word_1_253' title='bbox 903 2579 1150 2633; x_wconf 82' lang='lat' dir='ltr'><strong>dextram</strong></span> <span class='ocrx_word' id='word_1_254' title='bbox 1174 2593 1238 2631; x_wconf 83' lang='lat' dir='ltr'><strong>ex</strong></span> <span class='ocrx_word' id='word_1_255' title='bbox 1269 2579 1462 2633; x_wconf 86' lang='lat' dir='ltr'><strong>ordine</strong></span> <span class='ocrx_word' id='word_1_256' title='bbox 1493 2577 1615 2642; x_wconf 88' lang='lat' dir='ltr'><strong>ﬁat,</strong></span> 
     </span>
    </p>
   </div>
   <div class='ocr_carea' id='block_1_41' title="bbox 295 2669 1458 2742">
    <p class='ocr_par' dir='ltr' id='par_1_41' title="bbox 295 2669 1458 2742">
     <span class='ocr_line' id='line_1_41' title="bbox 295 2669 1458 2742; baseline 0 -16"><span class='ocrx_word' id='word_1_257' title='bbox 295 2672 447 2728; x_wconf 85' lang='lat' dir='ltr'><strong>Index</strong></span> <span class='ocrx_word' id='word_1_258' title='bbox 471 2687 712 2742; x_wconf 88' lang='lat' dir='ltr'><strong>cumque</strong></span> <span class='ocrx_word' id='word_1_259' title='bbox 747 2687 844 2726; x_wconf 91' lang='lat' dir='ltr'><strong>suo</strong></span> <span class='ocrx_word' id='word_1_260' title='bbox 879 2671 1069 2742; x_wconf 88' lang='lat' dir='ltr'><strong>pollice</strong></span> <span class='ocrx_word' id='word_1_261' title='bbox 1086 2669 1311 2740; x_wconf 88' lang='lat' dir='ltr'><strong>junctus</strong></span> <span class='ocrx_word' id='word_1_262' title='bbox 1334 2672 1458 2736; x_wconf 89' lang='lat' dir='ltr'><strong>erit,</strong></span> 
     </span>
    </p>
   </div>
   <div class='ocr_carea' id='block_1_42' title="bbox 233 2762 1455 2835">
    <p class='ocr_par' dir='ltr' id='par_1_42' title="bbox 233 2762 1455 2835">
     <span class='ocr_line' id='line_1_42' title="bbox 233 2762 1455 2835; baseline 0.003 -19"><span class='ocrx_word' id='word_1_263' title='bbox 233 2763 292 2824; x_wconf 84' lang='lat' dir='ltr'><strong>Et</strong></span> <span class='ocrx_word' id='word_1_264' title='bbox 310 2764 538 2835; x_wconf 87' lang='lat' dir='ltr'><strong>placidus</strong></span> <span class='ocrx_word' id='word_1_265' title='bbox 570 2764 730 2818; x_wconf 85' lang='lat' dir='ltr'><strong>tereti</strong></span> <span class='ocrx_word' id='word_1_266' title='bbox 761 2762 1020 2818; x_wconf 84' lang='lat' dir='ltr'><strong>formetur</strong></span> <span class='ocrx_word' id='word_1_267' title='bbox 1048 2764 1282 2820; x_wconf 88' lang='lat' dir='ltr'><strong>circulus</strong></span> <span class='ocrx_word' id='word_1_268' title='bbox 1302 2765 1455 2831; x_wconf 87' lang='lat' dir='ltr'><strong>orbe,</strong></span> 
     </span>
    </p>
   </div>
   <div class='ocr_carea' id='block_1_43' title="bbox 286 2855 1436 2926">
    <p class='ocr_par' dir='ltr' id='par_1_43' title="bbox 286 2855 1436 2926">
     <span class='ocr_line' id='line_1_43' title="bbox 286 2855 1436 2926; baseline -0.007 -10"><span class='ocrx_word' id='word_1_269' title='bbox 286 2856 512 2916; x_wconf 81' lang='lat' dir='ltr'><strong>Centum</strong></span> <span class='ocrx_word' id='word_1_270' title='bbox 533 2858 640 2912; x_wconf 88' lang='lat' dir='ltr'><strong>sub</strong></span> <span class='ocrx_word' id='word_1_271' title='bbox 669 2855 910 2910; x_wconf 85' lang='lat' dir='ltr'><strong>numeris</strong></span> <span class='ocrx_word' id='word_1_272' title='bbox 934 2855 1035 2909; x_wconf 88' lang='lat' dir='ltr'><strong>ista</strong></span> <span class='ocrx_word' id='word_1_273' title='bbox 1062 2855 1233 2926; x_wconf 89' lang='lat' dir='ltr'><strong>ﬁgura</strong></span> <span class='ocrx_word' id='word_1_274' title='bbox 1267 2864 1436 2910; x_wconf 88' lang='lat' dir='ltr'><strong>tenet.</strong></span> 
     </span>
    </p>
   </div>
   <div class='ocr_carea' id='block_1_44' title="bbox 235 2932 1693 3016">
    <p class='ocr_par' dir='ltr' id='par_1_44' title="bbox 235 2932 1693 3016">
     <span class='ocr_line' id='line_1_44' title="bbox 235 2932 1693 3016; baseline 0.001 -16"><span class='ocrx_word' id='word_1_275' title='bbox 235 2932 374 3001; x_wconf 71' lang='lat' dir='ltr'><strong>Sérta</strong></span> <span class='ocrx_word' id='word_1_276' title='bbox 397 2947 701 3002; x_wconf 86' lang='lat' dir='ltr'><strong>venustatis</strong></span> <span class='ocrx_word' id='word_1_277' title='bbox 732 2954 888 3016; x_wconf 90' lang='lat' dir='ltr'><strong>typus</strong></span> <span class='ocrx_word' id='word_1_278' title='bbox 920 2946 1007 3000; x_wconf 92' lang='lat' dir='ltr'><strong>hic</strong></span> <span class='ocrx_word' id='word_1_279' title='bbox 1029 2945 1150 3007; x_wconf 82' lang='lat' dir='ltr'><strong>fert,</strong></span> <span class='ocrx_word' id='word_1_280' title='bbox 1181 2961 1300 3016; x_wconf 72' lang='lat' dir='ltr'><strong>qua:</strong></span> <span class='ocrx_word' id='word_1_281' title='bbox 1329 2947 1467 3001; x_wconf 83' lang='lat' dir='ltr'><strong>bene</strong></span> <span class='ocrx_word' id='word_1_282' title='bbox 1492 2948 1693 3002; x_wconf 89' lang='lat' dir='ltr'><strong>sanctis</strong></span> 
     </span>
    </p>
   </div>
   <div class='ocr_carea' id='block_1_45' title="bbox 296 3037 1546 3109">
    <p class='ocr_par' dir='ltr' id='par_1_45' title="bbox 296 3037 1546 3109">
     <span class='ocr_line' id='line_1_45' title="bbox 296 3037 1546 3109; baseline 0 -17"><span class='ocrx_word' id='word_1_283' title='bbox 296 3037 428 3092; x_wconf 88' lang='lat' dir='ltr'><strong>Sunt</strong></span> <span class='ocrx_word' id='word_1_284' title='bbox 454 3040 582 3094; x_wconf 90' lang='lat' dir='ltr'><strong>data</strong></span> <span class='ocrx_word' id='word_1_285' title='bbox 615 3037 931 3109; x_wconf 86' lang='lat' dir='ltr'><strong>virginibus,</strong></span> <span class='ocrx_word' id='word_1_286' title='bbox 962 3038 1400 3108; x_wconf 86' lang='lat' dir='ltr'><strong>martyribusque</strong></span> <span class='ocrx_word' id='word_1_287' title='bbox 1426 3039 1546 3108; x_wconf 91' lang='lat' dir='ltr'><strong>piis.</strong></span> 
     </span>
    </p>
   </div>
   <div class='ocr_carea' id='block_1_46' title="bbox 235 3129 1635 3200">
    <p class='ocr_par' dir='ltr' id='par_1_46' title="bbox 235 3129 1635 3200">
     <span class='ocr_line' id='line_1_46' title="bbox 235 3129 1635 3200; baseline 0.001 -16"><span class='ocrx_word' id='word_1_288' title='bbox 235 3129 504 3186; x_wconf 84' lang='lat' dir='ltr'><strong>Transitus</strong></span> <span class='ocrx_word' id='word_1_289' title='bbox 542 3133 646 3186; x_wconf 89' lang='lat' dir='ltr'><strong>iste</strong></span> <span class='ocrx_word' id='word_1_290' title='bbox 672 3138 854 3185; x_wconf 92' lang='lat' dir='ltr'><strong>monet</strong></span> <span class='ocrx_word' id='word_1_291' title='bbox 885 3132 1171 3200; x_wconf 68' lang='lat' dir='ltr'><strong>prmsentia</strong></span> <span class='ocrx_word' id='word_1_292' title='bbox 1209 3139 1449 3186; x_wconf 89' lang='lat' dir='ltr'><strong>temnere</strong></span> <span class='ocrx_word' id='word_1_293' title='bbox 1483 3131 1635 3198; x_wconf 69' lang='lat' dir='ltr'><strong>laeva,</strong></span> 
     </span>
    </p>
   </div>
   <div class='ocr_carea' id='block_1_47' title="bbox 299 3219 1417 3290">
    <p class='ocr_par' dir='ltr' id='par_1_47' title="bbox 299 3219 1417 3290">
     <span class='ocr_line' id='line_1_47' title="bbox 299 3219 1417 3290; baseline 0.002 -18"><span class='ocrx_word' id='word_1_294' title='bbox 299 3219 492 3274; x_wconf 88' lang='lat' dir='ltr'><strong>Dextra</strong></span> <span class='ocrx_word' id='word_1_295' title='bbox 515 3219 699 3274; x_wconf 85' lang='lat' dir='ltr'><strong>futura</strong></span> <span class='ocrx_word' id='word_1_296' title='bbox 723 3221 880 3275; x_wconf 91' lang='lat' dir='ltr'><strong>bonis</strong></span> <span class='ocrx_word' id='word_1_297' title='bbox 911 3221 1118 3275; x_wconf 77' lang='lat' dir='ltr'><strong>actibus</strong></span> <span class='ocrx_word' id='word_1_298' title='bbox 1147 3230 1417 3290; x_wconf 89' lang='lat' dir='ltr'><strong>appetere.</strong></span> 
     </span>
    </p>
   </div>
   <div class='ocr_carea' id='block_1_48' title="bbox 233 3307 1579 3383">
    <p class='ocr_par' dir='ltr' id='par_1_48' title="bbox 233 3307 1579 3383">
     <span class='ocr_line' id='line_1_48' title="bbox 233 3307 1579 3383; baseline 0.004 -21"><span class='ocrx_word' id='word_1_299' title='bbox 233 3307 375 3364; x_wconf 80' lang='lat' dir='ltr'><strong>Nulla</strong></span> <span class='ocrx_word' id='word_1_300' title='bbox 397 3314 599 3367; x_wconf 86' lang='lat' dir='ltr'><strong>caduca</strong></span> <span class='ocrx_word' id='word_1_301' title='bbox 627 3313 799 3382; x_wconf 89' lang='lat' dir='ltr'><strong>sequi,</strong></span> <span class='ocrx_word' id='word_1_302' title='bbox 823 3313 1094 3368; x_wconf 89' lang='lat' dir='ltr'><strong>mansuris</strong></span> <span class='ocrx_word' id='word_1_303' title='bbox 1123 3312 1286 3383; x_wconf 86' lang='lat' dir='ltr'><strong>ﬁgere</strong></span> <span class='ocrx_word' id='word_1_304' title='bbox 1308 3323 1544 3370; x_wconf 90' lang='lat' dir='ltr'><strong>mentem</strong></span> <span class='ocrx_word' id='word_1_305' title='bbox 1563 3355 1579 3381; x_wconf 94' lang='lat'><strong>,</strong></span> 
     </span>
    </p>
   </div>
   <div class='ocr_carea' id='block_1_49' title="bbox 293 3401 1594 3473">
    <p class='ocr_par' dir='ltr' id='par_1_49' title="bbox 293 3401 1594 3473">
     <span class='ocr_line' id='line_1_49' title="bbox 293 3401 1594 3473; baseline 0.004 -18"><span class='ocrx_word' id='word_1_306' title='bbox 293 3401 587 3457; x_wconf 77' lang='lat' dir='ltr'><strong>Labentem</strong></span> <span class='ocrx_word' id='word_1_307' title='bbox 608 3405 866 3458; x_wconf 90' lang='lat' dir='ltr'><strong>mundum</strong></span> <span class='ocrx_word' id='word_1_308' title='bbox 889 3419 1165 3473; x_wconf 84' lang='lat' dir='ltr'><strong>spernere,</strong></span> <span class='ocrx_word' id='word_1_309' title='bbox 1190 3420 1376 3460; x_wconf 88' lang='lat' dir='ltr'><strong>amare</strong></span> <span class='ocrx_word' id='word_1_310' title='bbox 1404 3405 1594 3460; x_wconf 88' lang='lat' dir='ltr'><strong>Deum.</strong></span> 
     </span>
    </p>
   </div>
   <div class='ocr_carea' id='block_1_50' title="bbox 230 3488 1478 3565">
    <p class='ocr_par' dir='ltr' id='par_1_50' title="bbox 230 3488 1478 3565">
     <span class='ocr_line' id='line_1_50' title="bbox 230 3488 1478 3565; baseline 0.002 -18"><span class='ocrx_word' id='word_1_311' title='bbox 230 3488 422 3548; x_wconf 62' lang='lat' dir='ltr'><strong>Calica</strong></span> <span class='ocrx_word' id='word_1_312' title='bbox 443 3497 663 3560; x_wconf 88' lang='lat' dir='ltr'><strong>sectari,</strong></span> <span class='ocrx_word' id='word_1_313' title='bbox 695 3503 1017 3565; x_wconf 79' lang='lat' dir='ltr'><strong>postponere</strong></span> <span class='ocrx_word' id='word_1_314' title='bbox 1043 3505 1222 3551; x_wconf 88' lang='lat' dir='ltr'><strong>terrea</strong></span> <span class='ocrx_word' id='word_1_315' title='bbox 1249 3507 1445 3552; x_wconf 86' lang='lat' dir='ltr'><strong>cuncta</strong></span> <span class='ocrx_word' id='word_1_316' title='bbox 1462 3537 1478 3562; x_wconf 94' lang='lat'><strong>,</strong></span> 
     </span>
    </p>
   </div>
   <div class='ocr_carea' id='block_1_51' title="bbox 294 3581 1757 3659">
    <p class='ocr_par' dir='ltr' id='par_1_51' title="bbox 294 3581 1757 3659">
     <span class='ocr_line' id='line_1_51' title="bbox 294 3581 1757 3659; baseline 0.001 -21"><span class='ocrx_word' id='word_1_317' title='bbox 294 3581 558 3640; x_wconf 86' lang='lat' dir='ltr'><strong>Sanctum</strong></span> <span class='ocrx_word' id='word_1_318' title='bbox 584 3599 718 3655; x_wconf 88' lang='lat' dir='ltr'><strong>opus</strong></span> <span class='ocrx_word' id='word_1_319' title='bbox 741 3600 854 3652; x_wconf 87' lang='lat' dir='ltr'><strong>ore,</strong></span> <span class='ocrx_word' id='word_1_320' title='bbox 894 3601 1058 3642; x_wconf 88' lang='lat' dir='ltr'><strong>manu</strong></span> <span class='ocrx_word' id='word_1_321' title='bbox 1093 3588 1378 3659; x_wconf 89' lang='lat' dir='ltr'><strong>prendere,</strong></span> <span class='ocrx_word' id='word_1_322' title='bbox 1411 3586 1597 3654; x_wconf 87' lang='lat' dir='ltr'><strong>corde,</strong></span> <span class='ocrx_word' id='word_1_323' title='bbox 1633 3585 1757 3644; x_wconf 88' lang='lat' dir='ltr'><strong>ﬁde.</strong></span> 
     </span>
    </p>
   </div>
   <div class='ocr_carea' id='block_1_52' title="bbox 915 3721 1098 3776">
    <p class='ocr_par' dir='ltr' id='par_1_52' title="bbox 915 3721 1098 3776">
     <span class='ocr_line' id='line_1_52' title="bbox 915 3721 1098 3776; baseline 0.011 -2"><span class='ocrx_word' id='word_1_324' title='bbox 915 3721 1098 3776; x_wconf 81' lang='lat' dir='ltr'><strong>XVIII.</strong></span> 
     </span>
    </p>
   </div>
   <div class='ocr_carea' id='block_1_53' title="bbox 713 3828 1231 3881">
    <p class='ocr_par' dir='ltr' id='par_1_53' title="bbox 713 3828 1231 3881">
     <span class='ocr_line' id='line_1_53' title="bbox 713 3828 1231 3881; baseline 0.002 -13"><span class='ocrx_word' id='word_1_325' title='bbox 713 3843 716 3845; x_wconf 54' lang='grc' dir='ltr'>λ</span> <span class='ocrx_word' id='word_1_326' title='bbox 800 3829 863 3868; x_wconf 72' lang='grc' dir='ltr'><strong>»ι</strong></span> <span class='ocrx_word' id='word_1_327' title='bbox 897 3828 1231 3881; x_wconf 77' lang='lat' dir='ltr'><strong>nvrocnrrts,</strong></span> 
     </span>
    </p>
   </div>
   <div class='ocr_carea' id='block_1_54' title="bbox 230 3899 1798 3974">
    <p class='ocr_par' dir='ltr' id='par_1_54' title="bbox 230 3899 1798 3974">
     <span class='ocr_line' id='line_1_54' title="bbox 230 3899 1798 3974; baseline 0.004 -18"><span class='ocrx_word' id='word_1_328' title='bbox 230 3900 293 3956; x_wconf 81' lang='lat' dir='ltr'><strong>Et</strong></span> <span class='ocrx_word' id='word_1_329' title='bbox 317 3899 458 3974; x_wconf 81' lang='lat' dir='ltr'><strong>quod</strong></span> <span class='ocrx_word' id='word_1_330' title='bbox 489 3901 846 3974; x_wconf 62' lang='lat' dir='ltr'><strong>apostolqum</strong></span> <span class='ocrx_word' id='word_1_331' title='bbox 881 3904 1218 3973; x_wconf 77' lang='lat' dir='ltr'><strong>temporibus,</strong></span> <span class='ocrx_word' id='word_1_332' title='bbox 1249 3905 1353 3959; x_wconf 80' lang='lat' dir='ltr'><strong>sive</strong></span> <span class='ocrx_word' id='word_1_333' title='bbox 1391 3922 1570 3959; x_wconf 80' lang='lat' dir='ltr'><strong>eorum</strong></span> <span class='ocrx_word' id='word_1_334' title='bbox 1598 3923 1798 3962; x_wconf 75' lang='lat' dir='ltr'><strong>succes-</strong></span> 
     </span>
    </p>
   </div>
   <div class='ocr_carea' id='block_1_55' title="bbox 293 3972 1795 4045">
    <p class='ocr_par' dir='ltr' id='par_1_55' title="bbox 293 3972 1795 4045">
     <span class='ocr_line' id='line_1_55' title="bbox 293 3972 1795 4045; baseline 0.005 -21"><span class='ocrx_word' id='word_1_335' title='bbox 293 3972 491 4045; x_wconf 74' lang='lat' dir='ltr'><strong>sorum,</strong></span> <span class='ocrx_word' id='word_1_336' title='bbox 517 3974 684 4045; x_wconf 74' lang='lat' dir='ltr'><strong>magis</strong></span> <span class='ocrx_word' id='word_1_337' title='bbox 705 3972 954 4045; x_wconf 73' lang='lat' dir='ltr'><strong>Ecclesiw</strong></span> <span class='ocrx_word' id='word_1_338' title='bbox 974 3972 1186 4028; x_wconf 64' lang='lat' dir='ltr'><strong>uirtutes</strong></span> <span class='ocrx_word' id='word_1_339' title='bbox 1221 3979 1495 4045; x_wconf 79' lang='lat' dir='ltr'><strong>viguerunt</strong></span> <span class='ocrx_word' id='word_1_340' title='bbox 1519 3992 1676 4044; x_wconf 83' lang='lat' dir='ltr'><strong>quam</strong></span> <span class='ocrx_word' id='word_1_341' title='bbox 1711 3977 1795 4032; x_wconf 80' lang='lat' dir='ltr'><strong>Itis</strong></span> 
     </span>
    </p>
   </div>
   <div class='ocr_carea' id='block_1_56' title="bbox 297 4043 1007 4112">
    <p class='ocr_par' dir='ltr' id='par_1_56' title="bbox 297 4043 1007 4112">
     <span class='ocr_line' id='line_1_56' title="bbox 297 4043 1007 4112; baseline 0.006 -18"><span class='ocrx_word' id='word_1_342' title='bbox 297 4043 590 4096; x_wconf 78' lang='lat' dir='ltr'><strong>novissimis</strong></span> <span class='ocrx_word' id='word_1_343' title='bbox 613 4043 946 4112; x_wconf 66' lang='lat' dir='ltr'><strong>temporibus.</strong></span> <span class='ocrx_word' id='word_1_344' title='bbox 1004 4095 1007 4098; x_wconf 89' lang='lat'><strong>.</strong></span> 
     </span>
    </p>
   </div>
   <div class='ocr_carea' id='block_1_57' title="bbox 237 4151 1552 4224">
    <p class='ocr_par' dir='ltr' id='par_1_57' title="bbox 237 4151 1552 4224">
     <span class='ocr_line' id='line_1_57' title="bbox 237 4151 1552 4224; baseline 0.005 -18"><span class='ocrx_word' id='word_1_345' title='bbox 237 4151 408 4207; x_wconf 87' lang='lat' dir='ltr'><strong>Virtus</strong></span> <span class='ocrx_word' id='word_1_346' title='bbox 433 4152 559 4207; x_wconf 88' lang='lat' dir='ltr'><strong>ﬁcta</strong></span> <span class='ocrx_word' id='word_1_347' title='bbox 588 4153 750 4224; x_wconf 89' lang='lat' dir='ltr'><strong>viget,</strong></span> <span class='ocrx_word' id='word_1_348' title='bbox 779 4153 1138 4222; x_wconf 86' lang='lat' dir='ltr'><strong>nequidquam</strong></span> <span class='ocrx_word' id='word_1_349' title='bbox 1163 4170 1291 4210; x_wconf 89' lang='lat' dir='ltr'><strong>vera</strong></span> <span class='ocrx_word' id='word_1_350' title='bbox 1326 4155 1552 4224; x_wconf 88' lang='lat' dir='ltr'><strong>fatiscit,</strong></span> 
     </span>
    </p>
   </div>
   <div class='ocr_carea' id='block_1_58' title="bbox 297 4243 1535 4318">
    <p class='ocr_par' dir='ltr' id='par_1_58' title="bbox 297 4243 1535 4318">
     <span class='ocr_line' id='line_1_58' title="bbox 297 4243 1535 4318; baseline 0.004 -22"><span class='ocrx_word' id='word_1_351' title='bbox 297 4243 496 4299; x_wconf 79' lang='lat' dir='ltr'><strong>Extulit</strong></span> <span class='ocrx_word' id='word_1_352' title='bbox 525 4245 616 4298; x_wconf 90' lang='lat' dir='ltr'><strong>illa</strong></span> <span class='ocrx_word' id='word_1_353' title='bbox 647 4253 826 4314; x_wconf 89' lang='lat' dir='ltr'><strong>caput,</strong></span> <span class='ocrx_word' id='word_1_354' title='bbox 854 4247 969 4299; x_wconf 80' lang='lat' dir='ltr'><strong>ha:c</strong></span> <span class='ocrx_word' id='word_1_355' title='bbox 999 4248 1132 4315; x_wconf 90' lang='lat' dir='ltr'><strong>petit</strong></span> <span class='ocrx_word' id='word_1_356' title='bbox 1164 4248 1271 4301; x_wconf 92' lang='lat' dir='ltr'><strong>ima</strong></span> <span class='ocrx_word' id='word_1_357' title='bbox 1294 4263 1535 4318; x_wconf 87' lang='lat' dir='ltr'><strong>gemens.</strong></span> 
     </span>
    </p>
   </div>
   <div class='ocr_carea' id='block_1_59' title="bbox 235 4332 1596 4407">
    <p class='ocr_par' dir='ltr' id='par_1_59' title="bbox 235 4332 1596 4407">
     <span class='ocr_line' id='line_1_59' title="bbox 235 4332 1596 4407; baseline 0.007 -22"><span class='ocrx_word' id='word_1_358' title='bbox 235 4332 374 4390; x_wconf 81' lang='lat' dir='ltr'><strong>Nunc</strong></span> <span class='ocrx_word' id='word_1_359' title='bbox 398 4337 644 4406; x_wconf 86' lang='lat' dir='ltr'><strong>probitas</strong></span> <span class='ocrx_word' id='word_1_360' title='bbox 673 4347 731 4391; x_wconf 92' lang='lat' dir='ltr'><strong>ut</strong></span> <span class='ocrx_word' id='word_1_361' title='bbox 752 4350 879 4390; x_wconf 85' lang='lat' dir='ltr'><strong>vera</strong></span> <span class='ocrx_word' id='word_1_362' title='bbox 895 4335 1071 4404; x_wconf 89' lang='lat' dir='ltr'><strong>juvat,</strong></span> <span class='ocrx_word' id='word_1_363' title='bbox 1095 4338 1174 4393; x_wconf 87' lang='lat' dir='ltr'><strong>sic</strong></span> <span class='ocrx_word' id='word_1_364' title='bbox 1198 4337 1334 4393; x_wconf 87' lang='lat' dir='ltr'><strong>falsa</strong></span> <span class='ocrx_word' id='word_1_365' title='bbox 1361 4341 1596 4407; x_wconf 85' lang='lat' dir='ltr'><strong>nocebit,</strong></span> 
     </span>
    </p>
   </div>
   <div class='ocr_carea' id='block_1_60' title="bbox 298 4426 1544 4500">
    <p class='ocr_par' dir='ltr' id='par_1_60' title="bbox 298 4426 1544 4500">
     <span class='ocr_line' id='line_1_60' title="bbox 298 4426 1544 4500; baseline 0.004 -19"><span class='ocrx_word' id='word_1_366' title='bbox 298 4426 586 4484; x_wconf 88' lang='lat' dir='ltr'><strong>Consulere</strong></span> <span class='ocrx_word' id='word_1_367' title='bbox 615 4430 716 4484; x_wconf 90' lang='lat' dir='ltr'><strong>ista</strong></span> <span class='ocrx_word' id='word_1_368' title='bbox 743 4439 918 4500; x_wconf 88' lang='lat' dir='ltr'><strong>parat,</strong></span> <span class='ocrx_word' id='word_1_369' title='bbox 947 4428 1133 4484; x_wconf 86' lang='lat' dir='ltr'><strong>fallere</strong></span> <span class='ocrx_word' id='word_1_370' title='bbox 1159 4437 1215 4484; x_wconf 88' lang='lat' dir='ltr'><strong>at</strong></span> <span class='ocrx_word' id='word_1_371' title='bbox 1237 4430 1325 4484; x_wconf 90' lang='lat' dir='ltr'><strong>illa</strong></span> <span class='ocrx_word' id='word_1_372' title='bbox 1354 4431 1544 4486; x_wconf 87' lang='lat' dir='ltr'><strong>inhiat.</strong></span> 
     </span>
    </p>
   </div>
   <div class='ocr_carea' id='block_1_61' title="bbox 236 4517 1568 4592">
    <p class='ocr_par' dir='ltr' id='par_1_61' title="bbox 236 4517 1568 4592">
     <span class='ocr_line' id='line_1_61' title="bbox 236 4517 1568 4592; baseline 0.005 -21"><span class='ocrx_word' id='word_1_373' title='bbox 236 4517 466 4591; x_wconf 84' lang='lat' dir='ltr'><strong>Tumque</strong></span> <span class='ocrx_word' id='word_1_374' title='bbox 495 4523 839 4576; x_wconf 85' lang='lat' dir='ltr'><strong>sacerdotum</strong></span> <span class='ocrx_word' id='word_1_375' title='bbox 863 4522 1031 4592; x_wconf 79' lang='lat' dir='ltr'><strong>viguit</strong></span> <span class='ocrx_word' id='word_1_376' title='bbox 1059 4522 1306 4576; x_wconf 87' lang='lat' dir='ltr'><strong>doctrina</strong></span> <span class='ocrx_word' id='word_1_377' title='bbox 1332 4523 1568 4592; x_wconf 88' lang='lat' dir='ltr'><strong>piorum,</strong></span> 
     </span>
    </p>
   </div>
   <div class='ocr_carea' id='block_1_62' title="bbox 307 4611 1638 4683">
    <p class='ocr_par' dir='ltr' id='par_1_62' title="bbox 307 4611 1638 4683">
     <span class='ocr_line' id='line_1_62' title="bbox 307 4611 1638 4683; baseline 0.001 -16"><span class='ocrx_word' id='word_1_378' title='bbox 307 4611 491 4668; x_wconf 88' lang='lat' dir='ltr'><strong>Sermo</strong></span> <span class='ocrx_word' id='word_1_379' title='bbox 511 4613 842 4683; x_wconf 85' lang='lat' dir='ltr'><strong>habitusque</strong></span> <span class='ocrx_word' id='word_1_380' title='bbox 868 4613 1058 4668; x_wconf 89' lang='lat' dir='ltr'><strong>horum</strong></span> <span class='ocrx_word' id='word_1_381' title='bbox 1084 4627 1268 4666; x_wconf 89' lang='lat' dir='ltr'><strong>norma</strong></span> <span class='ocrx_word' id='word_1_382' title='bbox 1295 4613 1482 4668; x_wconf 89' lang='lat' dir='ltr'><strong>salutis</strong></span> <span class='ocrx_word' id='word_1_383' title='bbox 1503 4623 1638 4668; x_wconf 90' lang='lat' dir='ltr'><strong>erat.</strong></span> 
     </span>
    </p>
   </div>
   <div class='ocr_carea' id='block_1_63' title="bbox 236 4703 1543 4772">
    <p class='ocr_par' dir='ltr' id='par_1_63' title="bbox 236 4703 1543 4772">
     <span class='ocr_line' id='line_1_63' title="bbox 236 4703 1543 4772; baseline 0.001 -14"><span class='ocrx_word' id='word_1_384' title='bbox 236 4703 375 4760; x_wconf 81' lang='lat' dir='ltr'><strong>Nunc</strong></span> <span class='ocrx_word' id='word_1_385' title='bbox 397 4705 772 4760; x_wconf 90' lang='lat' dir='ltr'><strong>simulatorum</strong></span> <span class='ocrx_word' id='word_1_386' title='bbox 797 4703 989 4772; x_wconf 86' lang='lat' dir='ltr'><strong>duplex</strong></span> <span class='ocrx_word' id='word_1_387' title='bbox 1018 4717 1133 4767; x_wconf 90' lang='lat' dir='ltr'><strong>cor,</strong></span> <span class='ocrx_word' id='word_1_388' title='bbox 1163 4705 1329 4758; x_wconf 91' lang='lat' dir='ltr'><strong>verba</strong></span> <span class='ocrx_word' id='word_1_389' title='bbox 1358 4704 1543 4759; x_wconf 90' lang='lat' dir='ltr'><strong>dolosa</strong></span> 
     </span>
    </p>
   </div>
   <div class='ocr_carea' id='block_1_64' title="bbox 299 4794 1365 4860">
    <p class='ocr_par' dir='ltr' id='par_1_64' title="bbox 299 4794 1365 4860">
     <span class='ocr_line' id='line_1_64' title="bbox 299 4794 1365 4860; baseline 0 -11"><span class='ocrx_word' id='word_1_390' title='bbox 299 4795 520 4860; x_wconf 84' lang='lat' dir='ltr'><strong>Pollent,</strong></span> <span class='ocrx_word' id='word_1_391' title='bbox 546 4805 604 4852; x_wconf 92' lang='lat' dir='ltr'><strong>et</strong></span> <span class='ocrx_word' id='word_1_392' title='bbox 634 4795 831 4850; x_wconf 89' lang='lat' dir='ltr'><strong>retinet</strong></span> <span class='ocrx_word' id='word_1_393' title='bbox 859 4794 1003 4850; x_wconf 88' lang='lat' dir='ltr'><strong>ﬁctio</strong></span> <span class='ocrx_word' id='word_1_394' title='bbox 1031 4794 1143 4848; x_wconf 88' lang='lat' dir='ltr'><strong>sola</strong></span> <span class='ocrx_word' id='word_1_395' title='bbox 1169 4795 1365 4850; x_wconf 91' lang='lat' dir='ltr'><strong>locum.</strong></span> 
     </span>
    </p>
   </div>
   <div class='ocr_carea' id='block_1_65' title="bbox 237 4883 1684 4957">
    <p class='ocr_par' dir='ltr' id='par_1_65' title="bbox 237 4883 1684 4957">
     <span class='ocr_line' id='line_1_65' title="bbox 237 4883 1684 4957; baseline 0.001 -17"><span class='ocrx_word' id='word_1_396' title='bbox 237 4883 548 4943; x_wconf 83' lang='lat' dir='ltr'><strong>Pontiﬁcum</strong></span> <span class='ocrx_word' id='word_1_397' title='bbox 573 4886 742 4941; x_wconf 90' lang='lat' dir='ltr'><strong>decus</strong></span> <span class='ocrx_word' id='word_1_398' title='bbox 766 4893 821 4939; x_wconf 90' lang='lat' dir='ltr'><strong>et</strong></span> <span class='ocrx_word' id='word_1_399' title='bbox 843 4885 1119 4954; x_wconf 87' lang='lat' dir='ltr'><strong>specimen</strong></span> <span class='ocrx_word' id='word_1_400' title='bbox 1145 4893 1270 4939; x_wconf 90' lang='lat' dir='ltr'><strong>tunc</strong></span> <span class='ocrx_word' id='word_1_401' title='bbox 1299 4900 1427 4939; x_wconf 90' lang='lat' dir='ltr'><strong>cura</strong></span> <span class='ocrx_word' id='word_1_402' title='bbox 1444 4887 1684 4957; x_wconf 85' lang='lat' dir='ltr'><strong>gerebat,</strong></span> 
     </span>
    </p>
   </div>
   <div class='ocr_carea' id='block_1_66' title="bbox 299 4975 1553 5050">
    <p class='ocr_par' dir='ltr' id='par_1_66' title="bbox 299 4975 1553 5050">
     <span class='ocr_line' id='line_1_66' title="bbox 299 4975 1553 5050; baseline 0.001 -18"><span class='ocrx_word' id='word_1_403' title='bbox 299 4975 437 5035; x_wconf 74' lang='lat' dir='ltr'><strong>Iuris</strong></span> <span class='ocrx_word' id='word_1_404' title='bbox 461 4977 745 5050; x_wconf 87' lang='lat' dir='ltr'><strong>apostolici</strong></span> <span class='ocrx_word' id='word_1_405' title='bbox 768 4977 924 5047; x_wconf 91' lang='lat' dir='ltr'><strong>queis</strong></span> <span class='ocrx_word' id='word_1_406' title='bbox 952 4977 1098 5032; x_wconf 89' lang='lat' dir='ltr'><strong>dedit</strong></span> <span class='ocrx_word' id='word_1_407' title='bbox 1123 4978 1256 5032; x_wconf 90' lang='lat' dir='ltr'><strong>ordo</strong></span> <span class='ocrx_word' id='word_1_408' title='bbox 1278 4979 1553 5033; x_wconf 90' lang='lat' dir='ltr'><strong>thronum.</strong></span> 
     </span>
    </p>
   </div>
   <div class='ocr_carea' id='block_1_67' title="bbox 234 5065 1556 5142">
    <p class='ocr_par' dir='ltr' id='par_1_67' title="bbox 234 5065 1556 5142">
     <span class='ocr_line' id='line_1_67' title="bbox 234 5065 1556 5142; baseline 0.001 -19"><span class='ocrx_word' id='word_1_409' title='bbox 234 5065 353 5125; x_wconf 83' lang='lat' dir='ltr'><strong>Jura</strong></span> <span class='ocrx_word' id='word_1_410' title='bbox 378 5073 574 5142; x_wconf 89' lang='lat' dir='ltr'><strong>quibus</strong></span> <span class='ocrx_word' id='word_1_411' title='bbox 603 5071 727 5125; x_wconf 90' lang='lat' dir='ltr'><strong>data</strong></span> <span class='ocrx_word' id='word_1_412' title='bbox 757 5076 880 5124; x_wconf 89' lang='lat' dir='ltr'><strong>sunt</strong></span> <span class='ocrx_word' id='word_1_413' title='bbox 911 5068 1149 5124; x_wconf 82' lang='lat' dir='ltr'><strong>solvendi</strong></span> <span class='ocrx_word' id='word_1_414' title='bbox 1190 5069 1302 5123; x_wconf 90' lang='lat' dir='ltr'><strong>sive</strong></span> <span class='ocrx_word' id='word_1_415' title='bbox 1327 5069 1556 5141; x_wconf 85' lang='lat' dir='ltr'><strong>ligandi,</strong></span> 
     </span>
    </p>
   </div>
   <div class='ocr_carea' id='block_1_68' title="bbox 301 5161 1511 5232">
    <p class='ocr_par' dir='ltr' id='par_1_68' title="bbox 301 5161 1511 5232">
     <span class='ocr_line' id='line_1_68' title="bbox 301 5161 1511 5232; baseline -0.002 -14"><span class='ocrx_word' id='word_1_416' title='bbox 301 5163 455 5221; x_wconf 85' lang='lat' dir='ltr'><strong>Clave</strong></span> <span class='ocrx_word' id='word_1_417' title='bbox 480 5163 668 5218; x_wconf 84' lang='lat' dir='ltr'><strong>valent</strong></span> <span class='ocrx_word' id='word_1_418' title='bbox 703 5176 931 5231; x_wconf 91' lang='lat' dir='ltr'><strong>quorum</strong></span> <span class='ocrx_word' id='word_1_419' title='bbox 967 5176 1131 5231; x_wconf 87' lang='lat' dir='ltr'><strong>regna</strong></span> <span class='ocrx_word' id='word_1_420' title='bbox 1157 5171 1342 5232; x_wconf 88' lang='lat' dir='ltr'><strong>patere</strong></span> <span class='ocrx_word' id='word_1_421' title='bbox 1384 5161 1511 5232; x_wconf 85' lang='lat' dir='ltr'><strong>poli.</strong></span> 
     </span>
    </p>
   </div>
   <div class='ocr_carea' id='block_1_69' title="bbox 237 5249 1797 5323">
    <p class='ocr_par' dir='ltr' id='par_1_69' title="bbox 237 5249 1797 5323">
     <span class='ocr_line' id='line_1_69' title="bbox 237 5249 1797 5323; baseline -0.001 -15"><span class='ocrx_word' id='word_1_422' title='bbox 237 5249 389 5323; x_wconf 84' lang='lat' dir='ltr'><strong>Queis</strong></span> <span class='ocrx_word' id='word_1_423' title='bbox 415 5252 760 5310; x_wconf 90' lang='lat' dir='ltr'><strong>commendat</strong></span> <span class='ocrx_word' id='word_1_424' title='bbox 808 5266 938 5306; x_wconf 88' lang='lat' dir='ltr'><strong>oves</strong></span> <span class='ocrx_word' id='word_1_425' title='bbox 965 5259 1242 5321; x_wconf 89' lang='lat' dir='ltr'><strong>pastorum</strong></span> <span class='ocrx_word' id='word_1_426' title='bbox 1274 5261 1463 5320; x_wconf 87' lang='lat' dir='ltr'><strong>pastor</strong></span> <span class='ocrx_word' id='word_1_427' title='bbox 1509 5260 1563 5308; x_wconf 89' lang='lat' dir='ltr'><strong>et</strong></span> <span class='ocrx_word' id='word_1_428' title='bbox 1609 5266 1797 5322; x_wconf 86' lang='lat' dir='ltr'><strong>agnos,</strong></span> 
     </span>
    </p>
   </div>
   <div class='ocr_carea' id='block_1_70' title="bbox 301 5343 1509 5417">
    <p class='ocr_par' dir='ltr' id='par_1_70' title="bbox 301 5343 1509 5417">
     <span class='ocr_line' id='line_1_70' title="bbox 301 5343 1509 5417; baseline -0.004 -15"><span class='ocrx_word' id='word_1_429' title='bbox 301 5344 558 5417; x_wconf 84' lang='lat' dir='ltr'><strong>Quodque</strong></span> <span class='ocrx_word' id='word_1_430' title='bbox 585 5344 668 5400; x_wconf 90' lang='lat' dir='ltr'><strong>sui</strong></span> <span class='ocrx_word' id='word_1_431' title='bbox 694 5343 882 5398; x_wconf 89' lang='lat' dir='ltr'><strong>tribuit</strong></span> <span class='ocrx_word' id='word_1_432' title='bbox 913 5345 1105 5410; x_wconf 87' lang='lat' dir='ltr'><strong>pignus</strong></span> <span class='ocrx_word' id='word_1_433' title='bbox 1130 5343 1330 5396; x_wconf 87' lang='lat' dir='ltr'><strong>amoris</strong></span> <span class='ocrx_word' id='word_1_434' title='bbox 1356 5357 1509 5411; x_wconf 89' lang='lat' dir='ltr'><strong>opus.</strong></span> 
     </span>
    </p>
   </div>
   <div class='ocr_carea' id='block_1_71' title="bbox 240 5435 1556 5507">
    <p class='ocr_par' dir='ltr' id='par_1_71' title="bbox 240 5435 1556 5507">
     <span class='ocr_line' id='line_1_71' title="bbox 240 5435 1556 5507; baseline -0.005 -12"><span class='ocrx_word' id='word_1_435' title='bbox 240 5436 323 5495; x_wconf 88' lang='lat' dir='ltr'><strong>Sic</strong></span> <span class='ocrx_word' id='word_1_436' title='bbox 345 5449 489 5507; x_wconf 90' lang='lat' dir='ltr'><strong>tunc,</strong></span> <span class='ocrx_word' id='word_1_437' title='bbox 528 5454 672 5495; x_wconf 89' lang='lat' dir='ltr'><strong>nunc</strong></span> <span class='ocrx_word' id='word_1_438' title='bbox 693 5436 798 5491; x_wconf 90' lang='lat' dir='ltr'><strong>alio</strong></span> <span class='ocrx_word' id='word_1_439' title='bbox 820 5435 1132 5489; x_wconf 83' lang='lat' dir='ltr'><strong>discurrunt</strong></span> <span class='ocrx_word' id='word_1_440' title='bbox 1157 5435 1337 5487; x_wconf 90' lang='lat' dir='ltr'><strong>omnia</strong></span> <span class='ocrx_word' id='word_1_441' title='bbox 1363 5450 1526 5488; x_wconf 87' lang='lat' dir='ltr'><strong>cursu</strong></span> <span class='ocrx_word' id='word_1_442' title='bbox 1541 5475 1556 5500; x_wconf 96' lang='lat'><strong>,</strong></span> 
     </span>
    </p>
   </div>
   <div class='ocr_carea' id='block_1_72' title="bbox 303 5525 1593 5610">
    <p class='ocr_par' dir='ltr' id='par_1_72' title="bbox 303 5525 1593 5610">
     <span class='ocr_line' id='line_1_72' title="bbox 303 5525 1593 5610; baseline -0.011 -24"><span class='ocrx_word' id='word_1_443' title='bbox 303 5532 402 5588; x_wconf 88' lang='lat' dir='ltr'><strong>Pes</strong></span> <span class='ocrx_word' id='word_1_444' title='bbox 427 5540 678 5604; x_wconf 87' lang='lat' dir='ltr'><strong>superest</strong></span> <span class='ocrx_word' id='word_1_445' title='bbox 701 5529 884 5598; x_wconf 79' lang='lat' dir='ltr'><strong>capiti,</strong></span> <span class='ocrx_word' id='word_1_446' title='bbox 910 5527 1086 5596; x_wconf 85' lang='lat' dir='ltr'><strong>vergit</strong></span> <span class='ocrx_word' id='word_1_447' title='bbox 1122 5527 1176 5578; x_wconf 89' lang='lat' dir='ltr'><strong>in</strong></span> <span class='ocrx_word' id='word_1_448' title='bbox 1208 5525 1314 5578; x_wconf 90' lang='lat' dir='ltr'><strong>ima</strong></span> <span class='ocrx_word' id='word_1_449' title='bbox 1343 5534 1526 5595; x_wconf 84' lang='lat' dir='ltr'><strong>caput.</strong></span> <span class='ocrx_word' id='word_1_450' title='bbox 1550 5547 1555 5610; x_wconf 56' lang='grc' dir='ltr'>ί</span> <span class='ocrx_word' id='word_1_451' title='bbox 1589 5565 1593 5572; x_wconf 90' lang='grc'><em>.</em></span> 
     </span>
    </p>
   </div>
   <div class='ocr_carea' id='block_1_73' title="bbox 240 5617 1720 5694">
    <p class='ocr_par' dir='ltr' id='par_1_73' title="bbox 240 5617 1720 5694">
     <span class='ocr_line' id='line_1_73' title="bbox 240 5617 1720 5694; baseline -0.003 -18"><span class='ocrx_word' id='word_1_452' title='bbox 240 5617 394 5677; x_wconf 78' lang='lat' dir='ltr'><strong>Pallia</strong></span> <span class='ocrx_word' id='word_1_453' title='bbox 421 5623 720 5694; x_wconf 84' lang='lat' dir='ltr'><strong>apostolica</strong></span> <span class='ocrx_word' id='word_1_454' title='bbox 741 5622 876 5674; x_wconf 76' lang='lat' dir='ltr'><strong>data&#39;</strong></span> <span class='ocrx_word' id='word_1_455' title='bbox 903 5627 1031 5672; x_wconf 89' lang='lat' dir='ltr'><strong>tunc</strong></span> <span class='ocrx_word' id='word_1_456' title='bbox 1072 5618 1136 5672; x_wconf 92' lang='lat' dir='ltr'><strong>de</strong></span> <span class='ocrx_word' id='word_1_457' title='bbox 1163 5618 1288 5671; x_wconf 88' lang='lat' dir='ltr'><strong>sede</strong></span> <span class='ocrx_word' id='word_1_458' title='bbox 1312 5618 1592 5686; x_wconf 84' lang='lat' dir='ltr'><strong>vigebant,</strong></span> <span class='ocrx_word' id='word_1_459' title='bbox 1665 5640 1668 5642; x_wconf 51' lang='grc' dir='ltr'><strong>ν</strong></span> <span class='ocrx_word' id='word_1_460' title='bbox 1715 5641 1720 5644; x_wconf 93' lang='grc'><strong>·</strong></span> 
     </span>
    </p>
   </div>
   <div class='ocr_carea' id='block_1_74' title="bbox 306 5697 1556 5788">
    <p class='ocr_par' dir='ltr' id='par_1_74' title="bbox 306 5697 1556 5788">
     <span class='ocr_line' id='line_1_74' title="bbox 306 5697 1556 5788; baseline -0.003 -20"><span class='ocrx_word' id='word_1_461' title='bbox 306 5714 502 5788; x_wconf 69' lang='lat' dir='ltr'><strong>Iusque</strong></span> <span class='ocrx_word' id='word_1_462' title='bbox 529 5709 814 5786; x_wconf 84' lang='lat' dir='ltr'><strong>potestatis</strong></span> <span class='ocrx_word' id='word_1_463' title='bbox 839 5697 1005 5766; x_wconf 82' lang='lat' dir='ltr'><strong>vestis</strong></span> <span class='ocrx_word' id='word_1_464' title='bbox 1034 5721 1089 5766; x_wconf 89' lang='lat' dir='ltr'><strong>et</strong></span> <span class='ocrx_word' id='word_1_465' title='bbox 1123 5711 1256 5765; x_wconf 85' lang='lat' dir='ltr'><strong>ordo</strong></span> <span class='ocrx_word' id='word_1_466' title='bbox 1287 5698 1403 5764; x_wconf 83' lang='lat' dir='ltr'><strong>fuit.</strong></span> <span class='ocrx_word' id='word_1_467' title='bbox 1554 5698 1556 5700; x_wconf 13' lang='lat' dir='ltr'><strong>V</strong></span> 
     </span>
    </p>
   </div>
   <div class='ocr_carea' id='block_1_75' title="bbox 307 5832 745 5903">
    <p class='ocr_par' dir='ltr' id='par_1_75' title="bbox 307 5832 745 5903">
     <span class='ocr_line' id='line_1_75' title="bbox 307 5832 745 5903; baseline -0.005 -14"><span class='ocrx_word' id='word_1_468' title='bbox 307 5843 334 5874; x_wconf 77' lang='grc' dir='ltr'>ι</span> <span class='ocrx_word' id='word_1_469' title='bbox 371 5832 560 5890; x_wconf 72' lang='lat' dir='ltr'><strong>Matth.</strong></span> <span class='ocrx_word' id='word_1_470' title='bbox 599 5833 745 5903; x_wconf 76' lang='lat' dir='ltr'><strong>vi,3.</strong></span> 
     </span>
    </p>
   </div>
   <div class='ocr_carea' id='block_1_76' title="bbox 1964 1968 3080 2044">
    <p class='ocr_par' dir='ltr' id='par_1_76' title="bbox 1964 1968 3080 2044">
     <span class='ocr_line' id='line_1_76' title="bbox 1964 1968 3080 2044; baseline 0.005 -22"><span class='ocrx_word' id='word_1_471' title='bbox 1964 1968 2160 2024; x_wconf 88' lang='lat' dir='ltr'><strong>Fallaci</strong></span> <span class='ocrx_word' id='word_1_472' title='bbox 2195 1969 2425 2025; x_wconf 86' lang='lat' dir='ltr'><strong>incultas</strong></span> <span class='ocrx_word' id='word_1_473' title='bbox 2460 1971 2630 2025; x_wconf 88' lang='lat' dir='ltr'><strong>imbre</strong></span> <span class='ocrx_word' id='word_1_474' title='bbox 2661 1973 2867 2042; x_wconf 84' lang='lat' dir='ltr'><strong>rigante</strong></span> <span class='ocrx_word' id='word_1_475' title='bbox 2897 1989 3080 2044; x_wconf 86' lang='lat' dir='ltr'><strong>genas.</strong></span> 
     </span>
    </p>
   </div>
   <div class='ocr_carea' id='block_1_77' title="bbox 1893 2061 3098 2136">
    <p class='ocr_par' dir='ltr' id='par_1_77' title="bbox 1893 2061 3098 2136">
     <span class='ocr_line' id='line_1_77' title="bbox 1893 2061 3098 2136; baseline 0.003 -19"><span class='ocrx_word' id='word_1_476' title='bbox 1893 2061 2152 2118; x_wconf 86' lang='lat' dir='ltr'><strong>Nituntur</strong></span> <span class='ocrx_word' id='word_1_477' title='bbox 2170 2063 2329 2133; x_wconf 83' lang='lat' dir='ltr'><strong>justi,</strong></span> <span class='ocrx_word' id='word_1_478' title='bbox 2361 2065 2658 2135; x_wconf 89' lang='lat' dir='ltr'><strong>sanctique,</strong></span> <span class='ocrx_word' id='word_1_479' title='bbox 2688 2066 2866 2136; x_wconf 90' lang='lat' dir='ltr'><strong>piiqne</strong></span> <span class='ocrx_word' id='word_1_480' title='bbox 2897 2067 3098 2134; x_wconf 80' lang='lat' dir='ltr'><strong>videri,</strong></span> 
     </span>
    </p>
   </div>
   <div class='ocr_carea' id='block_1_78' title="bbox 1965 2154 3077 2228">
    <p class='ocr_par' dir='ltr' id='par_1_78' title="bbox 1965 2154 3077 2228">
     <span class='ocr_line' id='line_1_78' title="bbox 1965 2154 3077 2228; baseline 0.005 -20"><span class='ocrx_word' id='word_1_481' title='bbox 1965 2154 2167 2211; x_wconf 86' lang='lat' dir='ltr'><strong>Laudis</strong></span> <span class='ocrx_word' id='word_1_482' title='bbox 2192 2166 2253 2211; x_wconf 90' lang='lat' dir='ltr'><strong>ut</strong></span> <span class='ocrx_word' id='word_1_483' title='bbox 2277 2157 2526 2212; x_wconf 73' lang='lat' dir='ltr'><strong>humana:</strong></span> <span class='ocrx_word' id='word_1_484' title='bbox 2553 2157 2723 2228; x_wconf 88' lang='lat' dir='ltr'><strong>gloria</strong></span> <span class='ocrx_word' id='word_1_485' title='bbox 2754 2160 2922 2227; x_wconf 89' lang='lat' dir='ltr'><strong>possit</strong></span> <span class='ocrx_word' id='word_1_486' title='bbox 2950 2160 3077 2214; x_wconf 91' lang='lat' dir='ltr'><strong>emi.</strong></span> 
     </span>
    </p>
   </div>
   <div class='ocr_carea' id='block_1_79' title="bbox 1895 2241 3109 2319">
    <p class='ocr_par' dir='ltr' id='par_1_79' title="bbox 1895 2241 3109 2319">
     <span class='ocr_line' id='line_1_79' title="bbox 1895 2241 3109 2319; baseline 0.007 -22"><span class='ocrx_word' id='word_1_487' title='bbox 1895 2241 2010 2298; x_wconf 85' lang='lat' dir='ltr'><strong>Hoc</strong></span> <span class='ocrx_word' id='word_1_488' title='bbox 2039 2245 2224 2299; x_wconf 89' lang='lat' dir='ltr'><strong>habitu</strong></span> <span class='ocrx_word' id='word_1_489' title='bbox 2253 2245 2457 2300; x_wconf 91' lang='lat' dir='ltr'><strong>vultum</strong></span> <span class='ocrx_word' id='word_1_490' title='bbox 2486 2247 2705 2316; x_wconf 89' lang='lat' dir='ltr'><strong>pietatis</strong></span> <span class='ocrx_word' id='word_1_491' title='bbox 2727 2247 2871 2302; x_wconf 88' lang='lat' dir='ltr'><strong>velat</strong></span> <span class='ocrx_word' id='word_1_492' title='bbox 2902 2249 3109 2319; x_wconf 82' lang='lat' dir='ltr'><strong>imago,</strong></span> 
     </span>
    </p>
   </div>
   <div class='ocr_carea' id='block_1_80' title="bbox 1967 2335 3344 2409">
    <p class='ocr_par' dir='ltr' id='par_1_80' title="bbox 1967 2335 3344 2409">
     <span class='ocr_line' id='line_1_80' title="bbox 1967 2335 3344 2409; baseline 0.008 -21"><span class='ocrx_word' id='word_1_493' title='bbox 1967 2335 2094 2391; x_wconf 92' lang='lat' dir='ltr'><strong>Plus</strong></span> <span class='ocrx_word' id='word_1_494' title='bbox 2129 2337 2274 2393; x_wconf 90' lang='lat' dir='ltr'><strong>cerni</strong></span> <span class='ocrx_word' id='word_1_495' title='bbox 2302 2338 2356 2392; x_wconf 91' lang='lat' dir='ltr'><strong>hi</strong></span> <span class='ocrx_word' id='word_1_496' title='bbox 2389 2339 2560 2393; x_wconf 85' lang='lat' dir='ltr'><strong>sancti</strong></span> <span class='ocrx_word' id='word_1_497' title='bbox 2583 2355 2744 2409; x_wconf 90' lang='lat' dir='ltr'><strong>quam</strong></span> <span class='ocrx_word' id='word_1_498' title='bbox 2778 2349 2955 2396; x_wconf 90' lang='lat' dir='ltr'><strong>tamen</strong></span> <span class='ocrx_word' id='word_1_499' title='bbox 2996 2357 3118 2398; x_wconf 90' lang='lat' dir='ltr'><strong>esse</strong></span> <span class='ocrx_word' id='word_1_500' title='bbox 3141 2344 3344 2399; x_wconf 83' lang='lat' dir='ltr'><strong>volunt.</strong></span> 
     </span>
    </p>
   </div>
   <div class='ocr_carea' id='block_1_81' title="bbox 1896 2428 3485 2507">
    <p class='ocr_par' dir='ltr' id='par_1_81' title="bbox 1896 2428 3485 2507">
     <span class='ocr_line' id='line_1_81' title="bbox 1896 2428 3485 2507; baseline 0.006 -23"><span class='ocrx_word' id='word_1_501' title='bbox 1896 2428 2058 2484; x_wconf 86' lang='lat' dir='ltr'><strong>Plura</strong></span> <span class='ocrx_word' id='word_1_502' title='bbox 2087 2445 2187 2486; x_wconf 90' lang='lat' dir='ltr'><strong>nec</strong></span> <span class='ocrx_word' id='word_1_503' title='bbox 2237 2432 2339 2486; x_wconf 90' lang='lat' dir='ltr'><strong>hoc</strong></span> <span class='ocrx_word' id='word_1_504' title='bbox 2376 2431 2654 2486; x_wconf 90' lang='lat' dir='ltr'><strong>hominum</strong></span> <span class='ocrx_word' id='word_1_505' title='bbox 2695 2449 2861 2504; x_wconf 89' lang='lat' dir='ltr'><strong>genus</strong></span> <span class='ocrx_word' id='word_1_506' title='bbox 2891 2435 2968 2488; x_wconf 89' lang='lat' dir='ltr'><strong>ire</strong></span> <span class='ocrx_word' id='word_1_507' title='bbox 3005 2450 3103 2505; x_wconf 90' lang='lat' dir='ltr'><strong>per</strong></span> <span class='ocrx_word' id='word_1_508' title='bbox 3139 2437 3332 2507; x_wconf 88' lang='lat' dir='ltr'><strong>oppida</strong></span> <span class='ocrx_word' id='word_1_509' title='bbox 3379 2451 3485 2492; x_wconf 78' lang='lat' dir='ltr'><strong>ne-‘</strong></span> 
     </span>
    </p>
   </div>
   <div class='ocr_carea' id='block_1_82' title="bbox 3227 2529 3399 2602">
    <p class='ocr_par' dir='ltr' id='par_1_82' title="bbox 3227 2529 3399 2602">
     <span class='ocr_line' id='line_1_82' title="bbox 3227 2529 3399 2602; baseline -0.006 -18"><span class='ocrx_word' id='word_1_510' title='bbox 3227 2529 3367 2602; x_wconf 89' lang='lat' dir='ltr'><strong>[scit</strong></span> <span class='ocrx_word' id='word_1_511' title='bbox 3385 2570 3399 2592; x_wconf 93' lang='lat'><strong>,</strong></span> 
     </span>
    </p>
   </div>
   <div class='ocr_carea' id='block_1_83' title="bbox 1969 2616 3270 2688">
    <p class='ocr_par' dir='ltr' id='par_1_83' title="bbox 1969 2616 3270 2688">
     <span class='ocr_line' id='line_1_83' title="bbox 1969 2616 3270 2688; baseline 0.005 -21"><span class='ocrx_word' id='word_1_512' title='bbox 1969 2616 2232 2670; x_wconf 87' lang='lat' dir='ltr'><strong>Lustrare</strong></span> <span class='ocrx_word' id='word_1_513' title='bbox 2263 2623 2356 2668; x_wconf 89' lang='lat' dir='ltr'><strong>aut</strong></span> <span class='ocrx_word' id='word_1_514' title='bbox 2383 2625 2562 2671; x_wconf 88' lang='lat' dir='ltr'><strong>cessat</strong></span> <span class='ocrx_word' id='word_1_515' title='bbox 2597 2618 2830 2688; x_wconf 87' lang='lat' dir='ltr'><strong>compita</strong></span> <span class='ocrx_word' id='word_1_516' title='bbox 2853 2659 2866 2684; x_wconf 93' lang='lat'><strong>,</strong></span> <span class='ocrx_word' id='word_1_517' title='bbox 2902 2635 3050 2683; x_wconf 89' lang='lat' dir='ltr'><strong>rura,</strong></span> <span class='ocrx_word' id='word_1_518' title='bbox 3095 2636 3270 2674; x_wconf 88' lang='lat' dir='ltr'><strong>casas.</strong></span> 
     </span>
    </p>
   </div>
   <div class='ocr_carea' id='block_1_84' title="bbox 1901 2704 3230 2778">
    <p class='ocr_par' dir='ltr' id='par_1_84' title="bbox 1901 2704 3230 2778">
     <span class='ocr_line' id='line_1_84' title="bbox 1901 2704 3230 2778; baseline 0.004 -17"><span class='ocrx_word' id='word_1_519' title='bbox 1901 2704 2014 2762; x_wconf 80' lang='lat' dir='ltr'><strong>Hoc</strong></span> <span class='ocrx_word' id='word_1_520' title='bbox 2043 2707 2155 2778; x_wconf 89' lang='lat' dir='ltr'><strong>agit</strong></span> <span class='ocrx_word' id='word_1_521' title='bbox 2186 2715 2244 2760; x_wconf 91' lang='lat' dir='ltr'><strong>ut</strong></span> <span class='ocrx_word' id='word_1_522' title='bbox 2271 2709 2474 2778; x_wconf 86' lang='lat' dir='ltr'><strong>rapidis</strong></span> <span class='ocrx_word' id='word_1_523' title='bbox 2500 2719 2659 2778; x_wconf 88' lang='lat' dir='ltr'><strong>queat</strong></span> <span class='ocrx_word' id='word_1_524' title='bbox 2689 2709 2912 2766; x_wconf 89' lang='lat' dir='ltr'><strong>inferire</strong></span> <span class='ocrx_word' id='word_1_525' title='bbox 2956 2713 3230 2767; x_wconf 87' lang='lat' dir='ltr'><strong>crumenis</strong></span> 
     </span>
    </p>
   </div>
   <div class='ocr_carea' id='block_1_85' title="bbox 1972 2797 3471 2870">
    <p class='ocr_par' dir='ltr' id='par_1_85' title="bbox 1972 2797 3471 2870">
     <span class='ocr_line' id='line_1_85' title="bbox 1972 2797 3471 2870; baseline 0.005 -20"><span class='ocrx_word' id='word_1_526' title='bbox 1972 2797 2152 2867; x_wconf 87' lang='lat' dir='ltr'><strong>Turpe</strong></span> <span class='ocrx_word' id='word_1_527' title='bbox 2194 2797 2438 2862; x_wconf 89' lang='lat' dir='ltr'><strong>lucrum,</strong></span> <span class='ocrx_word' id='word_1_528' title='bbox 2471 2807 2526 2853; x_wconf 88' lang='lat' dir='ltr'><strong>et</strong></span> <span class='ocrx_word' id='word_1_529' title='bbox 2551 2800 2772 2870; x_wconf 90' lang='lat' dir='ltr'><strong>cupidos</strong></span> <span class='ocrx_word' id='word_1_530' title='bbox 2807 2817 2988 2856; x_wconf 88' lang='lat' dir='ltr'><strong>rerum</strong></span> <span class='ocrx_word' id='word_1_531' title='bbox 3029 2817 3257 2858; x_wconf 86' lang='lat' dir='ltr'><strong>onerare</strong></span> <span class='ocrx_word' id='word_1_532' title='bbox 3299 2805 3471 2860; x_wconf 88' lang='lat' dir='ltr'><strong>sinus.</strong></span> 
     </span>
    </p>
   </div>
   <div class='ocr_carea' id='block_1_86' title="bbox 1899 2887 3400 2960">
    <p class='ocr_par' dir='ltr' id='par_1_86' title="bbox 1899 2887 3400 2960">
     <span class='ocr_line' id='line_1_86' title="bbox 1899 2887 3400 2960; baseline 0.004 -18"><span class='ocrx_word' id='word_1_533' title='bbox 1899 2887 1966 2943; x_wconf 82' lang='lat' dir='ltr'><strong>Hi</strong></span> <span class='ocrx_word' id='word_1_534' title='bbox 2006 2887 2147 2944; x_wconf 89' lang='lat' dir='ltr'><strong>bona</strong></span> <span class='ocrx_word' id='word_1_535' title='bbox 2169 2888 2442 2958; x_wconf 90' lang='lat' dir='ltr'><strong>jactanter</strong></span> <span class='ocrx_word' id='word_1_536' title='bbox 2467 2901 2748 2960; x_wconf 83' lang='lat' dir='ltr'><strong>peragunt,</strong></span> <span class='ocrx_word' id='word_1_537' title='bbox 2784 2891 2921 2945; x_wconf 89' lang='lat' dir='ltr'><strong>mala</strong></span> <span class='ocrx_word' id='word_1_538' title='bbox 2952 2892 3118 2946; x_wconf 91' lang='lat' dir='ltr'><strong>multa</strong></span> <span class='ocrx_word' id='word_1_539' title='bbox 3150 2892 3400 2957; x_wconf 88' lang='lat' dir='ltr'><strong>latenter,</strong></span> 
     </span>
    </p>
   </div>
   <div class='ocr_carea' id='block_1_87' title="bbox 1969 2979 3132 3050">
    <p class='ocr_par' dir='ltr' id='par_1_87' title="bbox 1969 2979 3132 3050">
     <span class='ocr_line' id='line_1_87' title="bbox 1969 2979 3132 3050; baseline 0.003 -17"><span class='ocrx_word' id='word_1_540' title='bbox 1969 2979 2076 3034; x_wconf 85' lang='lat' dir='ltr'><strong>Ista</strong></span> <span class='ocrx_word' id='word_1_541' title='bbox 2108 2988 2297 3050; x_wconf 89' lang='lat' dir='ltr'><strong>patent</strong></span> <span class='ocrx_word' id='word_1_542' title='bbox 2323 2979 2605 3034; x_wconf 91' lang='lat' dir='ltr'><strong>hominum</strong></span> <span class='ocrx_word' id='word_1_543' title='bbox 2638 2981 2867 3047; x_wconf 84' lang='lat' dir='ltr'><strong>visibus,</strong></span> <span class='ocrx_word' id='word_1_544' title='bbox 2895 2982 2984 3036; x_wconf 91' lang='lat' dir='ltr'><strong>illa</strong></span> <span class='ocrx_word' id='word_1_545' title='bbox 3018 2983 3132 3037; x_wconf 88' lang='lat' dir='ltr'><strong>Dei.</strong></span> 
     </span>
    </p>
   </div>
   <div class='ocr_carea' id='block_1_88' title="bbox 1899 3069 3489 3149">
    <p class='ocr_par' dir='ltr' id='par_1_88' title="bbox 1899 3069 3489 3149">
     <span class='ocr_line' id='line_1_88' title="bbox 1899 3069 3489 3149; baseline 0.002 -24"><span class='ocrx_word' id='word_1_546' title='bbox 1899 3069 2126 3142; x_wconf 88' lang='lat' dir='ltr'><strong>Dignum</strong></span> <span class='ocrx_word' id='word_1_547' title='bbox 2155 3085 2290 3140; x_wconf 91' lang='lat' dir='ltr'><strong>opus</strong></span> <span class='ocrx_word' id='word_1_548' title='bbox 2317 3070 2566 3125; x_wconf 90' lang='lat' dir='ltr'><strong>humanis</strong></span> <span class='ocrx_word' id='word_1_549' title='bbox 2598 3073 2842 3140; x_wconf 87' lang='lat' dir='ltr'><strong>quisquis</strong></span> <span class='ocrx_word' id='word_1_550' title='bbox 2872 3088 2971 3142; x_wconf 88' lang='lat' dir='ltr'><strong>pro</strong></span> <span class='ocrx_word' id='word_1_551' title='bbox 2994 3073 3242 3130; x_wconf 78' lang='lat' dir='ltr'><strong>laudibus</strong></span> <span class='ocrx_word' id='word_1_552' title='bbox 3271 3075 3402 3144; x_wconf 86' lang='lat' dir='ltr'><strong>egit,</strong></span> <span class='ocrx_word' id='word_1_553' title='bbox 3484 3145 3489 3149; x_wconf 26' lang='grc' dir='ltr'><strong><em>π</em></strong></span> 
     </span>
    </p>
   </div>
   <div class='ocr_carea' id='block_1_89' title="bbox 1970 3160 3191 3231">
    <p class='ocr_par' dir='ltr' id='par_1_89' title="bbox 1970 3160 3191 3231">
     <span class='ocr_line' id='line_1_89' title="bbox 1970 3160 3191 3231; baseline 0.004 -16"><span class='ocrx_word' id='word_1_554' title='bbox 1970 3160 2266 3216; x_wconf 75' lang='lat' dir='ltr'><strong>Mercedem</strong></span> <span class='ocrx_word' id='word_1_555' title='bbox 2308 3161 2502 3231; x_wconf 90' lang='lat' dir='ltr'><strong>recipit</strong></span> <span class='ocrx_word' id='word_1_556' title='bbox 2530 3162 2662 3217; x_wconf 89' lang='lat' dir='ltr'><strong>heu!</strong></span> <span class='ocrx_word' id='word_1_557' title='bbox 2698 3163 2863 3218; x_wconf 90' lang='lat' dir='ltr'><strong>miser</strong></span> <span class='ocrx_word' id='word_1_558' title='bbox 2893 3163 2982 3218; x_wconf 91' lang='lat' dir='ltr'><strong>ille</strong></span> <span class='ocrx_word' id='word_1_559' title='bbox 3019 3179 3191 3220; x_wconf 89' lang='lat' dir='ltr'><strong>suam.</strong></span> 
     </span>
    </p>
   </div>
   <div class='ocr_carea' id='block_1_90' title="bbox 1824 3214 3218 3328">
    <p class='ocr_par' dir='ltr' id='par_1_90' title="bbox 1824 3214 3218 3328">
     <span class='ocr_line' id='line_1_90' title="bbox 1824 3214 3218 3328; baseline 0.007 -26"><span class='ocrx_word' id='word_1_560' title='bbox 1824 3214 1868 3278; x_wconf 68' lang='grc' dir='ltr'>Ο</span> <span class='ocrx_word' id='word_1_561' title='bbox 1899 3248 2063 3306; x_wconf 84' lang='lat' dir='ltr'><strong>Verbi</strong></span> <span class='ocrx_word' id='word_1_562' title='bbox 2099 3251 2397 3322; x_wconf 89' lang='lat' dir='ltr'><strong>evangelici</strong></span> <span class='ocrx_word' id='word_1_563' title='bbox 2423 3214 2600 3308; x_wconf 41' lang='lat' dir='ltr'><strong>[lituus</strong></span> <span class='ocrx_word' id='word_1_564' title='bbox 2644 3254 2723 3310; x_wconf 89' lang='lat' dir='ltr'><strong>sic</strong></span> <span class='ocrx_word' id='word_1_565' title='bbox 2759 3255 2969 3310; x_wconf 89' lang='lat' dir='ltr'><strong>intonat</strong></span> <span class='ocrx_word' id='word_1_566' title='bbox 3000 3256 3218 3328; x_wconf 87' lang='lat' dir='ltr'><strong>ingens,</strong></span> 
     </span>
    </p>
   </div>
   <div class='ocr_carea' id='block_1_91' title="bbox 1962 3335 3270 3418">
    <p class='ocr_par' dir='ltr' id='par_1_91' title="bbox 1962 3335 3270 3418">
     <span class='ocr_line' id='line_1_91' title="bbox 1962 3335 3270 3418; baseline 0.005 -22"><span class='ocrx_word' id='word_1_567' title='bbox 1962 3340 2030 3396; x_wconf 86' lang='lat' dir='ltr'><strong>Et</strong></span> <span class='ocrx_word' id='word_1_568' title='bbox 2056 3343 2193 3396; x_wconf 90' lang='lat' dir='ltr'><strong>bene</strong></span> <span class='ocrx_word' id='word_1_569' title='bbox 2216 3357 2314 3412; x_wconf 89' lang='lat' dir='ltr'><strong>per</strong></span> <span class='ocrx_word' id='word_1_570' title='bbox 2340 3343 2523 3398; x_wconf 92' lang='lat' dir='ltr'><strong>mundi</strong></span> <span class='ocrx_word' id='word_1_571' title='bbox 2547 3345 2782 3416; x_wconf 90' lang='lat' dir='ltr'><strong>compita</strong></span> <span class='ocrx_word' id='word_1_572' title='bbox 2813 3347 2982 3418; x_wconf 87' lang='lat' dir='ltr'><strong>mugit</strong></span> <span class='ocrx_word' id='word_1_573' title='bbox 3011 3362 3180 3403; x_wconf 87' lang='lat' dir='ltr'><strong>ovans</strong></span> <span class='ocrx_word' id='word_1_574' title='bbox 3205 3362 3221 3402; x_wconf 90' lang='lat'><strong>:</strong></span> <span class='ocrx_word' id='word_1_575' title='bbox 3266 3335 3270 3339; x_wconf 59' lang='grc'><em>’</em></span> 
     </span>
    </p>
   </div>
   <div class='ocr_carea' id='block_1_92' title="bbox 1894 3431 3365 3506">
    <p class='ocr_par' dir='ltr' id='par_1_92' title="bbox 1894 3431 3365 3506">
     <span class='ocr_line' id='line_1_92' title="bbox 1894 3431 3365 3506; baseline 0.007 -21"><span class='ocrx_word' id='word_1_576' title='bbox 1894 3431 2047 3498; x_wconf 84' lang='lat' dir='ltr'><strong>Quod</strong></span> <span class='ocrx_word' id='word_1_577' title='bbox 2077 3441 2167 3487; x_wconf 88' lang='lat' dir='ltr'><strong>tua</strong></span> <span class='ocrx_word' id='word_1_578' title='bbox 2207 3434 2395 3488; x_wconf 78' lang='lat' dir='ltr'><strong>dextra</strong></span> <span class='ocrx_word' id='word_1_579' title='bbox 2435 3437 2573 3506; x_wconf 88' lang='lat' dir='ltr'><strong>gerit</strong></span> <span class='ocrx_word' id='word_1_580' title='bbox 2601 3436 2764 3492; x_wconf 84' lang='lat' dir='ltr'><strong>facito</strong></span> <span class='ocrx_word' id='word_1_581' title='bbox 2812 3441 3024 3493; x_wconf 91' lang='lat' dir='ltr'><strong>nescire</strong></span> <span class='ocrx_word' id='word_1_582' title='bbox 3058 3439 3365 3506; x_wconf 88' lang='lat' dir='ltr'><strong>sinistram,</strong></span> 
     </span>
    </p>
   </div>
   <div class='ocr_carea' id='block_1_93' title="bbox 1966 3520 3288 3598">
    <p class='ocr_par' dir='ltr' id='par_1_93' title="bbox 1966 3520 3288 3598">
     <span class='ocr_line' id='line_1_93' title="bbox 1966 3520 3288 3598; baseline 0.007 -23"><span class='ocrx_word' id='word_1_583' title='bbox 1966 3520 2117 3577; x_wconf 89' lang='lat' dir='ltr'><strong>Tunc</strong></span> <span class='ocrx_word' id='word_1_584' title='bbox 2137 3523 2240 3579; x_wconf 90' lang='lat' dir='ltr'><strong>erit</strong></span> <span class='ocrx_word' id='word_1_585' title='bbox 2262 3535 2542 3596; x_wconf 89' lang='lat' dir='ltr'><strong>acceptum</strong></span> <span class='ocrx_word' id='word_1_586' title='bbox 2565 3527 2707 3596; x_wconf 88' lang='lat' dir='ltr'><strong>quod</strong></span> <span class='ocrx_word' id='word_1_587' title='bbox 2739 3530 2883 3598; x_wconf 89' lang='lat' dir='ltr'><strong>geris</strong></span> <span class='ocrx_word' id='word_1_588' title='bbox 2919 3544 3079 3584; x_wconf 88' lang='lat' dir='ltr'><strong>omne</strong></span> <span class='ocrx_word' id='word_1_589' title='bbox 3109 3530 3219 3586; x_wconf 90' lang='lat' dir='ltr'><strong>Deo</strong></span> <span class='ocrx_word' id='word_1_590' title='bbox 3241 3542 3288 3584; x_wconf 78' lang='grc' dir='ltr'><strong>ι.</strong></span> 
     </span>
    </p>
   </div>
   <div class='ocr_carea' id='block_1_94' title="bbox 1897 3611 3256 3688">
    <p class='ocr_par' dir='ltr' id='par_1_94' title="bbox 1897 3611 3256 3688">
     <span class='ocr_line' id='line_1_94' title="bbox 1897 3611 3256 3688; baseline 0.006 -20"><span class='ocrx_word' id='word_1_591' title='bbox 1897 3611 2118 3669; x_wconf 89' lang='lat' dir='ltr'><strong>Scilicet</strong></span> <span class='ocrx_word' id='word_1_592' title='bbox 2154 3625 2214 3670; x_wconf 94' lang='lat' dir='ltr'><strong>ut</strong></span> <span class='ocrx_word' id='word_1_593' title='bbox 2239 3615 2414 3672; x_wconf 88' lang='lat' dir='ltr'><strong>laudis</strong></span> <span class='ocrx_word' id='word_1_594' title='bbox 2445 3619 2694 3674; x_wconf 70' lang='lat' dir='ltr'><strong>humanaa</strong></span> <span class='ocrx_word' id='word_1_595' title='bbox 2735 3620 2916 3675; x_wconf 88' lang='lat' dir='ltr'><strong>nescia</strong></span> <span class='ocrx_word' id='word_1_596' title='bbox 2956 3635 3108 3675; x_wconf 90' lang='lat' dir='ltr'><strong>mens</strong></span> <span class='ocrx_word' id='word_1_597' title='bbox 3145 3621 3256 3688; x_wconf 89' lang='lat' dir='ltr'><strong>sit,</strong></span> 
     </span>
    </p>
   </div>
   <div class='ocr_carea' id='block_1_95' title="bbox 1966 3703 3258 3784">
    <p class='ocr_par' dir='ltr' id='par_1_95' title="bbox 1966 3703 3258 3784">
     <span class='ocr_line' id='line_1_95' title="bbox 1966 3703 3258 3784; baseline 0.008 -26"><span class='ocrx_word' id='word_1_598' title='bbox 1966 3703 2102 3759; x_wconf 89' lang='lat' dir='ltr'><strong>Cum</strong></span> <span class='ocrx_word' id='word_1_599' title='bbox 2137 3705 2386 3760; x_wconf 81' lang='lat' dir='ltr'><strong>dextrum</strong></span> <span class='ocrx_word' id='word_1_600' title='bbox 2416 3710 2627 3780; x_wconf 87' lang='lat' dir='ltr'><strong>peragit</strong></span> <span class='ocrx_word' id='word_1_601' title='bbox 2671 3709 2903 3781; x_wconf 87' lang='lat' dir='ltr'><strong>inclytus</strong></span> <span class='ocrx_word' id='word_1_602' title='bbox 2932 3727 3063 3768; x_wconf 92' lang='lat' dir='ltr'><strong>usus</strong></span> <span class='ocrx_word' id='word_1_603' title='bbox 3102 3728 3258 3784; x_wconf 86' lang='lat' dir='ltr'><strong>opus.</strong></span> 
     </span>
    </p>
   </div>
   <div class='ocr_carea' id='block_1_96' title="bbox 1896 3795 3260 3871">
    <p class='ocr_par' dir='ltr' id='par_1_96' title="bbox 1896 3795 3260 3871">
     <span class='ocr_line' id='line_1_96' title="bbox 1896 3795 3260 3871; baseline 0.008 -21"><span class='ocrx_word' id='word_1_604' title='bbox 1896 3795 2002 3852; x_wconf 85' lang='lat' dir='ltr'><strong>Per</strong></span> <span class='ocrx_word' id='word_1_605' title='bbox 2027 3795 2214 3852; x_wconf 67' lang='lat' dir='ltr'><strong>laevam</strong></span> <span class='ocrx_word' id='word_1_606' title='bbox 2240 3813 2502 3868; x_wconf 66' lang='lat' dir='ltr'><strong>praesens,</strong></span> <span class='ocrx_word' id='word_1_607' title='bbox 2529 3816 2628 3871; x_wconf 91' lang='lat' dir='ltr'><strong>per</strong></span> <span class='ocrx_word' id='word_1_608' title='bbox 2655 3803 2902 3858; x_wconf 84' lang='lat' dir='ltr'><strong>dextram</strong></span> <span class='ocrx_word' id='word_1_609' title='bbox 2935 3805 3044 3859; x_wconf 90' lang='lat' dir='ltr'><strong>vita</strong></span> <span class='ocrx_word' id='word_1_610' title='bbox 3081 3805 3260 3861; x_wconf 85' lang='lat' dir='ltr'><strong>futura</strong></span> 
     </span>
    </p>
   </div>
   <div class='ocr_carea' id='block_1_97' title="bbox 1967 3884 3151 3962">
    <p class='ocr_par' dir='ltr' id='par_1_97' title="bbox 1967 3884 3151 3962">
     <span class='ocr_line' id='line_1_97' title="bbox 1967 3884 3151 3962; baseline 0.008 -22"><span class='ocrx_word' id='word_1_611' title='bbox 1967 3884 2244 3958; x_wconf 88' lang='lat' dir='ltr'><strong>Signatur,</strong></span> <span class='ocrx_word' id='word_1_612' title='bbox 2282 3890 2441 3945; x_wconf 91' lang='lat' dir='ltr'><strong>docet</strong></span> <span class='ocrx_word' id='word_1_613' title='bbox 2468 3891 2571 3946; x_wconf 91' lang='lat' dir='ltr'><strong>hoc</strong></span> <span class='ocrx_word' id='word_1_614' title='bbox 2595 3892 2790 3962; x_wconf 84' lang='lat' dir='ltr'><strong>pagina</strong></span> <span class='ocrx_word' id='word_1_615' title='bbox 2820 3903 3005 3948; x_wconf 87' lang='lat' dir='ltr'><strong>sancta</strong></span> <span class='ocrx_word' id='word_1_616' title='bbox 3036 3895 3151 3951; x_wconf 91' lang='lat' dir='ltr'><strong>Dei.</strong></span> 
     </span>
    </p>
   </div>
   <div class='ocr_carea' id='block_1_98' title="bbox 1895 3975 3475 4060">
    <p class='ocr_par' dir='ltr' id='par_1_98' title="bbox 1895 3975 3475 4060">
     <span class='ocr_line' id='line_1_98' title="bbox 1895 3975 3475 4060; baseline 0.011 -29"><span class='ocrx_word' id='word_1_617' title='bbox 1895 3975 2140 4049; x_wconf 87' lang='lat' dir='ltr'><strong>Namque</strong></span> <span class='ocrx_word' id='word_1_618' title='bbox 2167 3980 2406 4050; x_wconf 90' lang='lat' dir='ltr'><strong>sophista</strong></span> <span class='ocrx_word' id='word_1_619' title='bbox 2442 3990 2632 4052; x_wconf 90' lang='lat' dir='ltr'><strong>potens</strong></span> <span class='ocrx_word' id='word_1_620' title='bbox 2651 3985 2890 4053; x_wconf 88' lang='lat' dir='ltr'><strong>quidam,</strong></span> <span class='ocrx_word' id='word_1_621' title='bbox 2921 4001 3016 4041; x_wconf 86' lang='lat' dir='ltr'><strong>rex</strong></span> <span class='ocrx_word' id='word_1_622' title='bbox 3053 3987 3286 4060; x_wconf 78' lang='lat' dir='ltr'><strong>inclytus</strong></span> <span class='ocrx_word' id='word_1_623' title='bbox 3307 4030 3321 4055; x_wconf 95' lang='lat'><strong>,</strong></span> <span class='ocrx_word' id='word_1_624' title='bbox 3343 3990 3475 4049; x_wconf 77' lang='lat' dir='ltr'><strong>olim</strong></span> 
     </span>
    </p>
   </div>
   <div class='ocr_carea' id='block_1_99' title="bbox 1967 4069 2970 4133">
    <p class='ocr_par' dir='ltr' id='par_1_99' title="bbox 1967 4069 2970 4133">
     <span class='ocr_line' id='line_1_99' title="bbox 1967 4069 2970 4133; baseline 0.008 -9"><span class='ocrx_word' id='word_1_625' title='bbox 1967 4069 2186 4126; x_wconf 88' lang='lat' dir='ltr'><strong>Talibus</strong></span> <span class='ocrx_word' id='word_1_626' title='bbox 2209 4087 2240 4126; x_wconf 90' lang='lat' dir='ltr'><strong>e</strong></span> <span class='ocrx_word' id='word_1_627' title='bbox 2267 4073 2429 4127; x_wconf 90' lang='lat' dir='ltr'><strong>rebus</strong></span> <span class='ocrx_word' id='word_1_628' title='bbox 2450 4072 2576 4128; x_wconf 90' lang='lat' dir='ltr'><strong>talia</strong></span> <span class='ocrx_word' id='word_1_629' title='bbox 2603 4075 2767 4131; x_wconf 87' lang='lat' dir='ltr'><strong>verba</strong></span> <span class='ocrx_word' id='word_1_630' title='bbox 2803 4077 2970 4133; x_wconf 88' lang='lat' dir='ltr'><strong>dedit.</strong></span> 
     </span>
    </p>
   </div>
   <div class='ocr_carea' id='block_1_100' title="bbox 1896 4161 3217 4237">
    <p class='ocr_par' dir='ltr' id='par_1_100' title="bbox 1896 4161 3217 4237">
     <span class='ocr_line' id='line_1_100' title="bbox 1896 4161 3217 4237; baseline 0.008 -23"><span class='ocrx_word' id='word_1_631' title='bbox 1896 4161 2025 4232; x_wconf 86' lang='lat' dir='ltr'><strong>Ejus</strong></span> <span class='ocrx_word' id='word_1_632' title='bbox 2048 4162 2206 4234; x_wconf 89' lang='lat' dir='ltr'><strong>longa</strong></span> <span class='ocrx_word' id='word_1_633' title='bbox 2244 4163 2360 4219; x_wconf 89' lang='lat' dir='ltr'><strong>dies</strong></span> <span class='ocrx_word' id='word_1_634' title='bbox 2389 4173 2472 4219; x_wconf 91' lang='lat' dir='ltr'><strong>est</strong></span> <span class='ocrx_word' id='word_1_635' title='bbox 2504 4167 2692 4221; x_wconf 82' lang='lat' dir='ltr'><strong>dextra</strong></span> <span class='ocrx_word' id='word_1_636' title='bbox 2729 4170 2784 4222; x_wconf 91' lang='lat' dir='ltr'><strong>in</strong></span> <span class='ocrx_word' id='word_1_637' title='bbox 2817 4177 2971 4237; x_wconf 89' lang='lat' dir='ltr'><strong>parte</strong></span> <span class='ocrx_word' id='word_1_638' title='bbox 3008 4170 3217 4235; x_wconf 89' lang='lat' dir='ltr'><strong>locata,</strong></span> 
     </span>
    </p>
   </div>
   <div class='ocr_carea' id='block_1_101' title="bbox 1968 4256 3163 4332">
    <p class='ocr_par' dir='ltr' id='par_1_101' title="bbox 1968 4256 3163 4332">
     <span class='ocr_line' id='line_1_101' title="bbox 1968 4256 3163 4332; baseline 0.007 -24"><span class='ocrx_word' id='word_1_639' title='bbox 1968 4256 2130 4324; x_wconf 90' lang='lat' dir='ltr'><strong>Inque</strong></span> <span class='ocrx_word' id='word_1_640' title='bbox 2156 4256 2273 4325; x_wconf 89' lang='lat' dir='ltr'><strong>ejus</strong></span> <span class='ocrx_word' id='word_1_641' title='bbox 2306 4257 2438 4332; x_wconf 68' lang='lat' dir='ltr'><strong>laeva</strong></span> <span class='ocrx_word' id='word_1_642' title='bbox 2474 4258 2666 4328; x_wconf 88' lang='lat' dir='ltr'><strong>gloria,</strong></span> <span class='ocrx_word' id='word_1_643' title='bbox 2693 4260 2926 4325; x_wconf 88' lang='lat' dir='ltr'><strong>culmen,</strong></span> <span class='ocrx_word' id='word_1_644' title='bbox 2955 4277 3084 4330; x_wconf 89' lang='lat' dir='ltr'><strong>opes</strong></span> <span class='ocrx_word' id='word_1_645' title='bbox 3115 4264 3163 4316; x_wconf 68' lang='grc' dir='ltr'><strong>δ.</strong></span> 
     </span>
    </p>
   </div>
   <div class='ocr_carea' id='block_1_102' title="bbox 1898 4345 3164 4418">
    <p class='ocr_par' dir='ltr' id='par_1_102' title="bbox 1898 4345 3164 4418">
     <span class='ocr_line' id='line_1_102' title="bbox 1898 4345 3164 4418; baseline 0.008 -19"><span class='ocrx_word' id='word_1_646' title='bbox 1898 4345 2041 4399; x_wconf 91' lang='lat' dir='ltr'><strong>Illius</strong></span> <span class='ocrx_word' id='word_1_647' title='bbox 2069 4355 2250 4400; x_wconf 84' lang='lat' dir='ltr'><strong>exstat</strong></span> <span class='ocrx_word' id='word_1_648' title='bbox 2276 4348 2403 4401; x_wconf 90' lang='lat' dir='ltr'><strong>item</strong></span> <span class='ocrx_word' id='word_1_649' title='bbox 2431 4358 2618 4403; x_wconf 91' lang='lat' dir='ltr'><strong>nostro</strong></span> <span class='ocrx_word' id='word_1_650' title='bbox 2645 4351 2745 4405; x_wconf 88' lang='lat' dir='ltr'><strong>sub</strong></span> <span class='ocrx_word' id='word_1_651' title='bbox 2769 4353 2972 4407; x_wconf 86' lang='lat' dir='ltr'><strong>vertice</strong></span> <span class='ocrx_word' id='word_1_652' title='bbox 2997 4352 3125 4408; x_wconf 64' lang='lat' dir='ltr'><strong>laeva</strong></span> <span class='ocrx_word' id='word_1_653' title='bbox 3150 4396 3164 4418; x_wconf 92' lang='lat'><strong>,</strong></span> 
     </span>
    </p>
   </div>
   <div class='ocr_carea' id='block_1_103' title="bbox 1970 4434 3156 4513">
    <p class='ocr_par' dir='ltr' id='par_1_103' title="bbox 1970 4434 3156 4513">
     <span class='ocr_line' id='line_1_103' title="bbox 1970 4434 3156 4513; baseline 0.008 -25"><span class='ocrx_word' id='word_1_654' title='bbox 1970 4434 2036 4488; x_wconf 85' lang='lat' dir='ltr'><strong>Et</strong></span> <span class='ocrx_word' id='word_1_655' title='bbox 2062 4435 2210 4490; x_wconf 89' lang='lat' dir='ltr'><strong>dabit</strong></span> <span class='ocrx_word' id='word_1_656' title='bbox 2237 4437 2515 4506; x_wconf 85' lang='lat' dir='ltr'><strong>amplexus</strong></span> <span class='ocrx_word' id='word_1_657' title='bbox 2550 4439 2772 4493; x_wconf 82' lang='lat' dir='ltr'><strong>dextera</strong></span> <span class='ocrx_word' id='word_1_658' title='bbox 2803 4451 2984 4497; x_wconf 87' lang='lat' dir='ltr'><strong>sancta</strong></span> <span class='ocrx_word' id='word_1_659' title='bbox 3017 4444 3156 4513; x_wconf 90' lang='lat' dir='ltr'><strong>pios.</strong></span> 
     </span>
    </p>
   </div>
   <div class='ocr_carea' id='block_1_104' title="bbox 1900 4525 3336 4600">
    <p class='ocr_par' dir='ltr' id='par_1_104' title="bbox 1900 4525 3336 4600">
     <span class='ocr_line' id='line_1_104' title="bbox 1900 4525 3336 4600; baseline 0.009 -21"><span class='ocrx_word' id='word_1_660' title='bbox 1900 4525 2000 4579; x_wconf 90' lang='lat' dir='ltr'><strong>Dat</strong></span> <span class='ocrx_word' id='word_1_661' title='bbox 2027 4525 2283 4594; x_wconf 88' lang='lat' dir='ltr'><strong>quoniam</strong></span> <span class='ocrx_word' id='word_1_662' title='bbox 2324 4527 2379 4580; x_wconf 90' lang='lat' dir='ltr'><strong>in</strong></span> <span class='ocrx_word' id='word_1_663' title='bbox 2411 4527 2542 4581; x_wconf 59' lang='lat' dir='ltr'><strong>laeva</strong></span> <span class='ocrx_word' id='word_1_664' title='bbox 2569 4531 2850 4598; x_wconf 73' lang='lat' dir='ltr'><strong>pnesentis</strong></span> <span class='ocrx_word' id='word_1_665' title='bbox 2881 4533 3163 4589; x_wconf 87' lang='lat' dir='ltr'><strong>commoda</strong></span> <span class='ocrx_word' id='word_1_666' title='bbox 3191 4536 3336 4600; x_wconf 60' lang='lat' dir='ltr'><strong>vita.</strong></span> 
     </span>
    </p>
   </div>
   <div class='ocr_carea' id='block_1_105' title="bbox 1820 4591 3147 4694">
    <p class='ocr_par' dir='ltr' id='par_1_105' title="bbox 1820 4591 3147 4694">
     <span class='ocr_line' id='line_1_105' title="bbox 1820 4591 3147 4694; baseline 0.01 -27"><span class='ocrx_word' id='word_1_667' title='bbox 1820 4591 1873 4652; x_wconf 81' lang='grc' dir='ltr'>Ῑ)</span> <span class='ocrx_word' id='word_1_668' title='bbox 1968 4591 2246 4686; x_wconf 73' lang='lat' dir='ltr'><strong>Perpetuze</strong></span> <span class='ocrx_word' id='word_1_669' title='bbox 2276 4617 2329 4672; x_wconf 93' lang='lat' dir='ltr'><strong>in</strong></span> <span class='ocrx_word' id='word_1_670' title='bbox 2351 4618 2541 4673; x_wconf 82' lang='lat' dir='ltr'><strong>dextra</strong></span> <span class='ocrx_word' id='word_1_671' title='bbox 2569 4591 2670 4675; x_wconf 71' lang='lat' dir='ltr'><strong>seu</strong></span> <span class='ocrx_word' id='word_1_672' title='bbox 2691 4621 2807 4677; x_wconf 89' lang='lat' dir='ltr'><strong>sine</strong></span> <span class='ocrx_word' id='word_1_673' title='bbox 2841 4621 2945 4678; x_wconf 90' lang='lat' dir='ltr'><strong>ﬁne</strong></span> <span class='ocrx_word' id='word_1_674' title='bbox 2972 4634 3147 4694; x_wconf 90' lang='lat' dir='ltr'><strong>parat.</strong></span> 
     </span>
    </p>
   </div>
   <div class='ocr_carea' id='block_1_106' title="bbox 1899 4708 3285 4785">
    <p class='ocr_par' dir='ltr' id='par_1_106' title="bbox 1899 4708 3285 4785">
     <span class='ocr_line' id='line_1_106' title="bbox 1899 4708 3285 4785; baseline 0.009 -23"><span class='ocrx_word' id='word_1_675' title='bbox 1899 4708 2035 4762; x_wconf 87' lang='lat' dir='ltr'><strong>Nam</strong></span> <span class='ocrx_word' id='word_1_676' title='bbox 2076 4709 2183 4763; x_wconf 93' lang='lat' dir='ltr'><strong>duo</strong></span> <span class='ocrx_word' id='word_1_677' title='bbox 2212 4708 2453 4780; x_wconf 89' lang='lat' dir='ltr'><strong>discipuli</strong></span> <span class='ocrx_word' id='word_1_678' title='bbox 2482 4710 2671 4765; x_wconf 65' lang='lat' dir='ltr'><strong>laevam</strong></span> <span class='ocrx_word' id='word_1_679' title='bbox 2709 4712 3066 4785; x_wconf 87' lang='lat' dir='ltr'><strong>dextramque</strong></span> <span class='ocrx_word' id='word_1_680' title='bbox 3098 4725 3285 4774; x_wconf 86' lang='lat' dir='ltr'><strong>tenere</strong></span> 
     </span>
    </p>
   </div>
   <div class='ocr_carea' id='block_1_107' title="bbox 1971 4800 3228 4874">
    <p class='ocr_par' dir='ltr' id='par_1_107' title="bbox 1971 4800 3228 4874">
     <span class='ocr_line' id='line_1_107' title="bbox 1971 4800 3228 4874; baseline 0.01 -20"><span class='ocrx_word' id='word_1_681' title='bbox 1971 4800 2083 4857; x_wconf 83' lang='lat' dir='ltr'><strong>Hoc</strong></span> <span class='ocrx_word' id='word_1_682' title='bbox 2109 4800 2324 4871; x_wconf 91' lang='lat' dir='ltr'><strong>signant</strong></span> <span class='ocrx_word' id='word_1_683' title='bbox 2350 4802 2561 4857; x_wconf 90' lang='lat' dir='ltr'><strong>Domini</strong></span> <span class='ocrx_word' id='word_1_684' title='bbox 2591 4805 2683 4874; x_wconf 91' lang='lat' dir='ltr'><strong>qui</strong></span> <span class='ocrx_word' id='word_1_685' title='bbox 2711 4807 2994 4863; x_wconf 88' lang='lat' dir='ltr'><strong>residendo</strong></span> <span class='ocrx_word' id='word_1_686' title='bbox 3025 4811 3228 4867; x_wconf 87' lang='lat' dir='ltr'><strong>volunt.</strong></span> 
     </span>
    </p>
   </div>
   <div class='ocr_carea' id='block_1_108' title="bbox 1901 4889 3365 4969">
    <p class='ocr_par' dir='ltr' id='par_1_108' title="bbox 1901 4889 3365 4969">
     <span class='ocr_line' id='line_1_108' title="bbox 1901 4889 3365 4969; baseline 0.008 -22"><span class='ocrx_word' id='word_1_687' title='bbox 1901 4889 2120 4947; x_wconf 87' lang='lat' dir='ltr'><strong>Scilicet</strong></span> <span class='ocrx_word' id='word_1_688' title='bbox 2144 4892 2198 4946; x_wconf 89' lang='lat' dir='ltr'><strong>in</strong></span> <span class='ocrx_word' id='word_1_689' title='bbox 2227 4893 2417 4947; x_wconf 80' lang='lat' dir='ltr'><strong>dextra</strong></span> <span class='ocrx_word' id='word_1_690' title='bbox 2453 4894 2660 4963; x_wconf 88' lang='lat' dir='ltr'><strong>pollens</strong></span> <span class='ocrx_word' id='word_1_691' title='bbox 2708 4899 2973 4968; x_wconf 86' lang='lat' dir='ltr'><strong>sapientia</strong></span> <span class='ocrx_word' id='word_1_692' title='bbox 3023 4901 3224 4958; x_wconf 83' lang='lat' dir='ltr'><strong>Christi</strong></span> <span class='ocrx_word' id='word_1_693' title='bbox 3258 4912 3365 4969; x_wconf 86' lang='lat' dir='ltr'><strong>est,</strong></span> 
     </span>
    </p>
   </div>
   <div class='ocr_carea' id='block_1_109' title="bbox 1969 4981 3240 5063">
    <p class='ocr_par' dir='ltr' id='par_1_109' title="bbox 1969 4981 3240 5063">
     <span class='ocr_line' id='line_1_109' title="bbox 1969 4981 3240 5063; baseline 0.01 -27"><span class='ocrx_word' id='word_1_694' title='bbox 1969 4981 2095 5037; x_wconf 70' lang='lat' dir='ltr'><strong>Haec</strong></span> <span class='ocrx_word' id='word_1_695' title='bbox 2125 4998 2244 5054; x_wconf 68' lang='lat' dir='ltr'><strong>qua:</strong></span> <span class='ocrx_word' id='word_1_696' title='bbox 2273 4991 2474 5037; x_wconf 67' lang='lat' dir='ltr'><strong>aeterna</strong></span> <span class='ocrx_word' id='word_1_697' title='bbox 2506 4986 2664 5040; x_wconf 87' lang='lat' dir='ltr'><strong>datur</strong></span> <span class='ocrx_word' id='word_1_698' title='bbox 2689 4989 2968 5056; x_wconf 87' lang='lat' dir='ltr'><strong>spiritibus</strong></span> <span class='ocrx_word' id='word_1_699' title='bbox 3005 4995 3240 5063; x_wconf 88' lang='lat' dir='ltr'><strong>requies.</strong></span> 
     </span>
    </p>
   </div>
   <div class='ocr_carea' id='block_1_110' title="bbox 1899 5067 3116 5147">
    <p class='ocr_par' dir='ltr' id='par_1_110' title="bbox 1899 5067 3116 5147">
     <span class='ocr_line' id='line_1_110' title="bbox 1899 5067 3116 5147; baseline 0.011 -23"><span class='ocrx_word' id='word_1_700' title='bbox 1899 5067 2184 5126; x_wconf 87' lang='lat' dir='ltr'><strong>Permanet</strong></span> <span class='ocrx_word' id='word_1_701' title='bbox 2220 5072 2272 5125; x_wconf 91' lang='lat' dir='ltr'><strong>in</strong></span> <span class='ocrx_word' id='word_1_702' title='bbox 2300 5071 2430 5125; x_wconf 65' lang='lat' dir='ltr'><strong>laeva</strong></span> <span class='ocrx_word' id='word_1_703' title='bbox 2461 5073 2615 5128; x_wconf 90' lang='lat' dir='ltr'><strong>istius</strong></span> <span class='ocrx_word' id='word_1_704' title='bbox 2641 5077 2937 5134; x_wconf 86' lang='lat' dir='ltr'><strong>moderatio</strong></span> <span class='ocrx_word' id='word_1_705' title='bbox 2959 5081 3116 5147; x_wconf 74' lang='lat' dir='ltr'><strong>vitze,</strong></span> 
     </span>
    </p>
   </div>
   <div class='ocr_carea' id='block_1_111' title="bbox 1971 5157 3118 5239">
    <p class='ocr_par' dir='ltr' id='par_1_111' title="bbox 1971 5157 3118 5239">
     <span class='ocr_line' id='line_1_111' title="bbox 1971 5157 3118 5239; baseline 0.012 -28"><span class='ocrx_word' id='word_1_706' title='bbox 1971 5157 2151 5213; x_wconf 89' lang='lat' dir='ltr'><strong>Donec</strong></span> <span class='ocrx_word' id='word_1_707' title='bbox 2177 5160 2245 5214; x_wconf 91' lang='lat' dir='ltr'><strong>ad</strong></span> <span class='ocrx_word' id='word_1_708' title='bbox 2281 5169 2510 5217; x_wconf 63' lang='lat' dir='ltr'><strong>aeternas</strong></span> <span class='ocrx_word' id='word_1_709' title='bbox 2550 5167 2926 5234; x_wconf 83' lang='lat' dir='ltr'><strong>perveniamus</strong></span> <span class='ocrx_word' id='word_1_710' title='bbox 2967 5184 3118 5239; x_wconf 88' lang='lat' dir='ltr'><strong>opes.</strong></span> 
     </span>
    </p>
   </div>
   <div class='ocr_carea' id='block_1_112' title="bbox 1902 5248 3023 5324">
    <p class='ocr_par' dir='ltr' id='par_1_112' title="bbox 1902 5248 3023 5324">
     <span class='ocr_line' id='line_1_112' title="bbox 1902 5248 3023 5324; baseline 0.01 -20"><span class='ocrx_word' id='word_1_711' title='bbox 1902 5248 2108 5304; x_wconf 61' lang='lat' dir='ltr'><strong>Divitiae</strong></span> <span class='ocrx_word' id='word_1_712' title='bbox 2131 5265 2271 5305; x_wconf 81' lang='lat' dir='ltr'><strong>verae</strong></span> <span class='ocrx_word' id='word_1_713' title='bbox 2293 5261 2416 5306; x_wconf 91' lang='lat' dir='ltr'><strong>sunt</strong></span> <span class='ocrx_word' id='word_1_714' title='bbox 2445 5254 2613 5324; x_wconf 83' lang='lat' dir='ltr'><strong>gloria</strong></span> <span class='ocrx_word' id='word_1_715' title='bbox 2654 5273 2840 5312; x_wconf 87' lang='lat' dir='ltr'><strong>norma</strong></span> <span class='ocrx_word' id='word_1_716' title='bbox 2872 5259 3023 5324; x_wconf 89' lang='lat' dir='ltr'><strong>ﬁdei,</strong></span> 
     </span>
    </p>
   </div>
   <div class='ocr_carea' id='block_1_113' title="bbox 1970 5344 3039 5411">
    <p class='ocr_par' dir='ltr' id='par_1_113' title="bbox 1970 5344 3039 5411">
     <span class='ocr_line' id='line_1_113' title="bbox 1970 5344 3039 5411; baseline 0.007 -13"><span class='ocrx_word' id='word_1_717' title='bbox 1970 5344 2099 5411; x_wconf 64' lang='lat' dir='ltr'><strong>Quae</strong></span> <span class='ocrx_word' id='word_1_718' title='bbox 2128 5360 2228 5400; x_wconf 91' lang='lat' dir='ltr'><strong>nos</strong></span> <span class='ocrx_word' id='word_1_719' title='bbox 2249 5347 2441 5403; x_wconf 85' lang='lat' dir='ltr'><strong>exsilio</strong></span> <span class='ocrx_word' id='word_1_720' title='bbox 2473 5350 2574 5405; x_wconf 88' lang='lat' dir='ltr'><strong>rite</strong></span> <span class='ocrx_word' id='word_1_721' title='bbox 2595 5359 2812 5405; x_wconf 77' lang='lat' dir='ltr'><strong>tuentur</strong></span> <span class='ocrx_word' id='word_1_722' title='bbox 2833 5352 2887 5405; x_wconf 92' lang='lat' dir='ltr'><strong>in</strong></span> <span class='ocrx_word' id='word_1_723' title='bbox 2918 5351 3039 5405; x_wconf 87' lang='lat' dir='ltr'><strong>hoc.</strong></span> 
     </span>
    </p>
   </div>
   <div class='ocr_carea' id='block_1_114' title="bbox 1901 5437 3472 5514">
    <p class='ocr_par' dir='ltr' id='par_1_114' title="bbox 1901 5437 3472 5514">
     <span class='ocr_line' id='line_1_114' title="bbox 1901 5437 3472 5514; baseline 0.008 -20"><span class='ocrx_word' id='word_1_724' title='bbox 1901 5437 2035 5494; x_wconf 81' lang='lat' dir='ltr'><strong>Nam</strong></span> <span class='ocrx_word' id='word_1_725' title='bbox 2065 5447 2184 5505; x_wconf 83' lang='lat' dir='ltr'><strong>tua,</strong></span> <span class='ocrx_word' id='word_1_726' title='bbox 2215 5439 2427 5497; x_wconf 89' lang='lat' dir='ltr'><strong>Christe</strong></span> <span class='ocrx_word' id='word_1_727' title='bbox 2456 5452 2666 5512; x_wconf 89' lang='lat' dir='ltr'><strong>potens,</strong></span> <span class='ocrx_word' id='word_1_728' title='bbox 2699 5443 2856 5512; x_wconf 87' lang='lat' dir='ltr'><strong>hujus</strong></span> <span class='ocrx_word' id='word_1_729' title='bbox 2897 5442 3212 5514; x_wconf 86' lang='lat' dir='ltr'><strong>plerumque</strong></span> <span class='ocrx_word' id='word_1_730' title='bbox 3239 5446 3472 5506; x_wconf 67' lang='lat' dir='ltr'><strong>sinistra</strong></span> 
     </span>
    </p>
   </div>
   <div class='ocr_carea' id='block_1_115' title="bbox 1975 5530 3380 5607">
    <p class='ocr_par' dir='ltr' id='par_1_115' title="bbox 1975 5530 3380 5607">
     <span class='ocr_line' id='line_1_115' title="bbox 1975 5530 3380 5607; baseline 0.002 -20"><span class='ocrx_word' id='word_1_731' title='bbox 1975 5534 2110 5588; x_wconf 74' lang='lat' dir='ltr'><strong>Viue</strong></span> <span class='ocrx_word' id='word_1_732' title='bbox 2138 5537 2620 5607; x_wconf 71' lang='lat' dir='ltr'><strong>pmsentisinuuit</strong></span> <span class='ocrx_word' id='word_1_733' title='bbox 2647 5534 2988 5589; x_wconf 71' lang='lat' dir='ltr'><strong>Ecclesium.</strong></span> <span class='ocrx_word' id='word_1_734' title='bbox 3134 5547 3158 5553; x_wconf 75' lang='lat'><em>&quot;</em></span> <span class='ocrx_word' id='word_1_735' title='bbox 3247 5533 3254 5537; x_wconf 75' lang='grc'><em>’</em></span> <span class='ocrx_word' id='word_1_736' title='bbox 3308 5550 3323 5555; x_wconf 77' lang='lat'><em>&quot;</em></span> <span class='ocrx_word' id='word_1_737' title='bbox 3375 5553 3380 5557; x_wconf 77' lang='lat'><strong><em>&#39;</em></strong></span> 
     </span>
    </p>
   </div>
   <div class='ocr_carea' id='block_1_116' title="bbox 1906 5606 3470 5698">
    <p class='ocr_par' dir='ltr' id='par_1_116' title="bbox 1906 5606 3470 5698">
     <span class='ocr_line' id='line_1_116' title="bbox 1906 5606 3470 5698; baseline 0.004 -18"><span class='ocrx_word' id='word_1_738' title='bbox 1906 5626 2040 5680; x_wconf 89' lang='lat' dir='ltr'><strong>Dum</strong></span> <span class='ocrx_word' id='word_1_739' title='bbox 2069 5606 2148 5681; x_wconf 88' lang='lat' dir='ltr'><strong>de</strong></span> <span class='ocrx_word' id='word_1_740' title='bbox 2174 5627 2284 5680; x_wconf 82' lang='lat' dir='ltr'><strong>illis</strong></span> <span class='ocrx_word' id='word_1_741' title='bbox 2307 5606 2442 5680; x_wconf 73' lang='lat' dir='ltr'><strong>cauo</strong></span> <span class='ocrx_word' id='word_1_742' title='bbox 2469 5627 2558 5694; x_wconf 76' lang='lat' dir='ltr'><strong>qui</strong></span> <span class='ocrx_word' id='word_1_743' title='bbox 2588 5625 2758 5678; x_wconf 73' lang='lat' dir='ltr'><strong>sancti</strong></span> <span class='ocrx_word' id='word_1_744' title='bbox 2803 5621 2982 5697; x_wconf 83' lang='lat' dir='ltr'><strong>specie</strong></span> <span class='ocrx_word' id='word_1_745' title='bbox 3025 5629 3180 5686; x_wconf 83' lang='lat' dir='ltr'><strong>tenus</strong></span> <span class='ocrx_word' id='word_1_746' title='bbox 3205 5640 3470 5698; x_wconf 77' lang='lat' dir='ltr'><strong>&#39;exs‘tant,</strong></span> 
     </span>
    </p>
   </div>
   <div class='ocr_carea' id='block_1_117' title="bbox 1975 5716 3274 5787">
    <p class='ocr_par' dir='ltr' id='par_1_117' title="bbox 1975 5716 3274 5787">
     <span class='ocr_line' id='line_1_117' title="bbox 1975 5716 3274 5787; baseline 0.005 -14"><span class='ocrx_word' id='word_1_747' title='bbox 1975 5717 2191 5787; x_wconf 86' lang='lat' dir='ltr'><strong>Culpari</strong></span> <span class='ocrx_word' id='word_1_748' title='bbox 2215 5717 2432 5781; x_wconf 86' lang='lat' dir='ltr'><strong>nollem,</strong></span> <span class='ocrx_word' id='word_1_749' title='bbox 2460 5716 2748 5770; x_wconf 85' lang='lat' dir='ltr'><strong>dummodo</strong></span> <span class='ocrx_word' id='word_1_750' title='bbox 2785 5733 2911 5774; x_wconf 85' lang='lat' dir='ltr'><strong>vera</strong></span> <span class='ocrx_word' id='word_1_751' title='bbox 2941 5736 3154 5778; x_wconf 86' lang='lat' dir='ltr'><strong>cauam.</strong></span> <span class='ocrx_word' id='word_1_752' title='bbox 3261 5721 3274 5725; x_wconf 79' lang='grc'><strong>’</strong></span> 
     </span>
    </p>
   </div>
   <div class='ocr_carea' id='block_1_118' title="bbox 1978 5830 2467 5897">
    <p class='ocr_par' dir='ltr' id='par_1_118' title="bbox 1978 5830 2467 5897">
     <span class='ocr_line' id='line_1_118' title="bbox 1978 5830 2467 5897; baseline -0.012 -6"><span class='ocrx_word' id='word_1_753' title='bbox 1978 5840 2004 5880; x_wconf 69' lang='grc' dir='ltr'>δ</span> <span class='ocrx_word' id='word_1_754' title='bbox 2043 5838 2202 5891; x_wconf 83' lang='lat' dir='ltr'><strong>Prov.</strong></span> <span class='ocrx_word' id='word_1_755' title='bbox 2246 5847 2338 5897; x_wconf 83' lang='grc' dir='ltr'>ιιι,</span> <span class='ocrx_word' id='word_1_756' title='bbox 2381 5830 2467 5885; x_wconf 69' lang='grc'><strong>16.</strong></span> 
     </span>
    </p>
   </div>
  </div>
