4046 6442
566 401 670 461 375

564 513 776 571 Clarior
800 512 1026 577 electro,
1059 518 1144 568 ter
1169 519 1327 570 cocto
1348 513 1536 585 purior
1560 528 1714 582 auro,

635 605 844 661 Cedunt
873 603 1147 675 splendori
1189 613 1382 660 cuncta
1414 606 1630 661 metalla
1667 618 1778 662 tuo.

564 697 796 752 Alitihus
822 697 1011 762 levior,
1038 706 1094 751 tu
1122 696 1314 751 fortior
1337 699 1452 766 ipse
1488 697 1660 763 leone,

633 789 853 845 Artibus
879 790 1168 856 excellens,
1193 799 1473 860 promptus
1507 791 1560 845 in
1587 806 1737 845 arma
1777 806 1956 845 manu.

567 878 642 932 Te
668 880 890 934 nimium
919 881 1110 950 capitis
1134 881 1323 936 sitiunt
1357 881 1463 935 duo
1493 880 1692 934 lumina
1726 881 1920 945 nostri,

632 969 868 1026 Cernere
890 980 1047 1042 teque
1077 973 1226 1042 cupit
1253 972 1490 1042 pectoris
1519 971 1659 1026 altus
1692 986 1864 1026 amor.

563 1058 696 1113 Nam
724 1075 846 1114 cum
881 1069 934 1114 tu
962 1060 1226 1116 Occiduas
1254 1061 1462 1130 cmpisti
1494 1069 1716 1132 tangere
1745 1068 1956 1131 partes,

639 1150 882 1205 Vicinum
908 1159 963 1205 et
984 1152 1126 1230 sensi
1154 1166 1341 1205 servus
1375 1153 1582 1206 amicus
1606 1153 1796 1206 herum
1827 1171 1838 1205 :

563 1241 680 1314 Ipse
719 1243 856 1298 Noto
881 1243 1069 1308 levior,
1094 1242 1299 1297 volucri
1319 1245 1556 1298 velocior
1579 1243 1742 1309 Euro,

613 1334 754 1389 .Mox
779 1343 986 1388 vestros
1017 1333 1156 1387 volui
1179 1349 1380 1404 pronus
1409 1333 1557 1389 adire
1583 1335 1766 1402 pedes.

561 1425 740 1480 Jussio
765 1441 850 1480 me
873 1425 1013 1494 regis
1037 1433 1163 1480 voto
1187 1427 1520 1496 compescuit
1550 1427 1676 1490 isto,

632 1518 699 1572 Et
723 1517 867 1572 dedit
900 1515 1122 1570 alterius
1151 1531 1376 1585 carpere
1406 1515 1557 1571 callis
1585 1516 1706 1570 iter.

559 1606 784 1677 Jamque
810 1608 1110 1677 iterumque
1132 1607 1317 1662 volens
1337 1607 1553 1676 impune
1581 1607 1847 1662 coercitus
1875 1617 2049 1672 exsto,

627 1697 825 1766 Bisque
849 1697 1032 1752 venire
1053 1713 1272 1767 parans,
1310 1698 1499 1768 bisque
1534 1708 1759 1770 negatur
1780 1699 1902 1752 iter.

559 1785 742 1841 Dulcia
771 1797 949 1843 vestra
976 1789 1108 1843 mihi
1135 1789 1320 1844 Gomis
1345 1798 1430 1844 est
1461 1805 1582 1844 eum
1606 1789 1768 1843 verba
1795 1789 2060 1858 profatus,

629 1877 806 1949 Seque
829 1880 1063 1935 salutare
1099 1881 1344 1935 servulus
1375 1883 1524 1935 audit
1544 1884 1731 1936 herum
1762 1897 1776 1935 :

558 1969 679 2024 Mox
710 1971 1042 2043 lacrymosus
1071 1975 1245 2029 hiems
1275 1975 1552 2029 oculorum
1582 1975 1722 2030 nube
1757 1975 1988 2043 reﬂuxit,

627 2061 908 2132 Imbreque
935 2063 1154 2118 suffudit
1180 2065 1329 2120 frons
1353 2066 1634 2135 peregrina
1662 2081 1844 2136 genas.

555 2151 766 2207 Laetitia
794 2169 923 2225 ergo
950 2156 1084 2210 solet
1115 2155 1249 2212 tales
1281 2158 1576 2226 producere
1603 2157 1799 2212 fontes.

624 2243 692 2297 Et
717 2245 836 2300 vice
863 2261 1123 2300 conversa
1150 2247 1343 2317 gaudia
1372 2247 1501 2300 dant
1525 2246 1811 2318 lacrymas.

556 2331 670 2390 Hoc
696 2349 826 2405 rogo
853 2336 1176 2406 mancipium
1208 2336 1400 2390 vinclis
1429 2347 1652 2391 onerate
1678 2337 1942 2406 gemellis,

625 2423 856 2479 Brachia
884 2426 929 2479 si
954 2436 1158 2490 nectas,
1190 2442 1296 2480 non
1321 2425 1576 2497 fugitivus
1601 2442 1715 2481 ero.

556 2514 650 2570 Ilis
690 2531 922 2584 proavus
949 2518 1138 2572 vinclis
1159 2527 1213 2571 et
1247 2533 1396 2583 avus,
1426 2526 1578 2587 pater
1601 2518 1715 2587 ipse
1745 2528 1992 2574 catervas

623 2605 933 2673 Nectentes,
966 2608 1116 2679 regni
1149 2623 1517 2663 commeruere
1570 2608 1844 2662 thronum.

553 2695 680 2750 Inde
703 2699 1058 2766 superborum
1087 2698 1268 2766 plures
1295 2707 1536 2752 stravere
1567 2698 1881 2770 phalanges.

625 2792 897 2847 Certando
919 2801 974 2846 et
999 2793 1252 2862 subigunt
1277 2793 1504 2862 plurima
1531 2808 1694 2862 regna
1723 2795 1844 2848 sibi.

556 2882 627 2936 At
652 2891 730 2948 tu,
763 2899 959 2953 magne
990 2898 1143 2952 puer,
1169 2883 1421 2952 salveque
1438 2883 1678 2952 valeque,
1707 2901 1803 2954 per
1827 2903 2021 2955 aevum,

627 2973 705 3028 Te
733 2975 982 3029 dominus
1004 2975 1124 3029 coeli
1161 2985 1427 3045 protegat,
1453 2986 1627 3041 ornet,
1660 2977 1786 3032 alat.

559 3061 626 3117 Ut
650 3064 855 3133 patrias
881 3064 1061 3120 valeas
1093 3065 1286 3120 rutilus
1315 3068 1674 3123 conscendere
1701 3069 1880 3134 sedes,

627 3154 803 3224 Atque
823 3154 1047 3225 juvante
1068 3156 1179 3212 Deo
1202 3167 1413 3228 sceptra
1434 3168 1616 3214 tenere
1641 3177 1823 3216 manu.

557 3240 625 3296 Et
659 3243 738 3298 sic
762 3245 1019 3299 mundani
1044 3246 1195 3317 regni
1223 3255 1436 3303 terrena
1467 3249 1741 3318 relinquas

623 3332 893 3402 Culmina,
930 3345 992 3392 ut
1015 3338 1224 3394 mtherii
1250 3341 1531 3412 postmodo
1553 3356 1773 3412 compos
1797 3357 1911 3398 eas.

1243 3430 1432 3488 XXVI.

941 3537 1007 3576 AD
1039 3537 1286 3578 οΑιιοιωι
1323 3526 1754 3579 ιιιρειιλτοιιειίλ

547 3611 650 3678 Qui
674 3613 816 3685 regit
835 3629 988 3682 arva,
1011 3615 1193 3686 polum
1225 3617 1321 3671 tibi
1345 3617 1438 3681 sit,
1459 3631 1577 3682 rex,
1599 3617 1778 3673 fautor
1799 3617 2020 3688 ubique,

618 3702 801 3774 Teque
823 3704 978 3774 juvet
1007 3721 1222 3776 semper
1244 3707 1337 3777 qui
1361 3708 1502 3779 regit
1527 3723 1675 3774 arva,
1708 3709 1890 3777 polum

551 3792 653 3860 Qui
681 3795 779 3848 tihi
806 3805 1020 3865 sceptra
1046 3798 1210 3863 dedit,
1239 3799 1363 3854 vita:
1387 3801 1479 3853 det
1511 3809 1752 3870 tempora
1781 3799 1955 3870 longa,

625 3879 830 3936 Gaudia
859 3885 1119 3939 concedat
1151 3887 1242 3956 qui
1270 3887 1368 3942 tibi
1402 3897 1612 3956 sceptra
1641 3889 1805 3944 dedit.

551 3972 666 4030 Sub
703 3983 793 4030 tua
817 3976 941 4047 jura
970 3977 1111 4033 Deus
1139 3979 1287 4033 dedit
1312 3979 1578 4049 Europeia
1602 3996 1788 4050 regna,

623 4064 817 4121 Totum
845 4066 1032 4122 orbem
1060 4067 1284 4123 inclinet
1312 4069 1411 4124 sub
1440 4077 1531 4122 tua
1553 4067 1695 4136 jura,
1725 4068 1890 4124 Deus.

551 4153 622 4210 Ut
649 4156 849 4225 premis
882 4157 998 4228 ipse
1022 4156 1195 4224 feras,
1230 4159 1497 4230 reprimas
1521 4161 1599 4229 sic
1629 4159 1859 4216 barbara
1893 4162 2054 4230 colla,

622 4249 942 4323 Hesperiam
965 4255 1229 4325 reprimas
1250 4263 1309 4309 ut
1331 4256 1536 4325 premis
1571 4256 1684 4325 ipse
1707 4256 1870 4313 feras.

549 4341 619 4398 Ut
645 4343 740 4398 tibi
777 4345 920 4401 cedit
948 4362 1096 4416 aper,
1131 4347 1347 4402 Maurus
1378 4349 1474 4402 tibi
1504 4350 1682 4415 cedat,
1707 4348 2015 4421 Arabsque,

617 4432 866 4490 Sarmata
906 4437 1238 4501 succumbat,
1267 4447 1327 4492 ut
1361 4437 1456 4492 tibi
1490 4440 1800 4508 ceditaper.

545 4520 692 4576 Colla
718 4525 950 4595 superba
976 4535 1141 4592 teras,
1173 4537 1359 4583 anates
1397 4538 1456 4584 ut
1490 4531 1646 4584 turba
1672 4546 1948 4600 caporum,

614 4609 875 4668 Anserem
900 4622 960 4669 ut
986 4615 1264 4686 accipiter,
1289 4617 1424 4672 colla
1449 4621 1691 4688 (superba
1730 4629 1896 4677 teras.

1579 399 1973 460 THEODULFI
2008 394 2560 460 AURELIANENSIS
2597 393 2812 452 EPISC.
3704 393 3802 454 376

2167 515 2218 577 Α
2243 510 2448 568 Gaudia
2473 510 2585 565 sive
2605 506 2757 576 joeos
2783 509 2914 563 istos
2939 516 3140 561 aeterna
3179 513 3493 575 sequantur,

2306 601 2467 657 Ferto
2487 617 2585 672 per
2609 602 2929 656 immensum
2957 597 3152 670 gaudia
3181 599 3294 654 sive
3315 596 3489 666 jocos.

2235 693 2418 750 Gratia
2445 711 2637 765 magna
2670 694 2763 748 Dei
2796 694 2918 747 vita:
2940 694 3034 746 tibi
3057 707 3278 747 munera
3309 692 3534 762 pandat,

2307 789 2382 843 Te
2409 797 2558 860 regat
2585 799 2744 858 atque
2776 797 2919 858 tegat
2945 787 3118 857 gratia
3150 800 3343 855 magna
3374 784 3489 837 Dei.

2236 879 2439 936 Gaudia
2469 880 2623 950 longa
2648 879 2869 942 habeas,
2895 878 3239 948 gaudensque
3262 873 3592 943 perenniter,
3630 887 3663 928 ο
3687 888 3795 942 rex,

2306 972 2438 1027 Cum
2468 972 2614 1042 prole
2643 980 2804 1039 atque
2835 970 2995 1023 domo
3018 967 3210 1039 gaudia
3237 967 3388 1035 longa
3422 965 3642 1019 habeas.

2238 1063 2316 1118 Tu
2343 1064 2505 1118 decus
2534 1063 2904 1132 omnigenum,
2934 1060 3252 1128 longamque
3275 1065 3452 1111 teneto
3480 1055 3702 1111 salutem

2305 1155 2438 1210 Cum
2466 1156 2612 1210 elero
2635 1166 2685 1208 et
2720 1153 2911 1222 populo
2940 1161 2992 1205 tu
3021 1153 3185 1205 decus
3217 1149 3585 1216 omnigenum.

2236 1243 2368 1298 Nam
2403 1254 2490 1298 tua
2519 1253 2669 1313 grata
2697 1243 2841 1297 Salus
2870 1242 2985 1295 istis
3011 1249 3093 1294 est
3129 1239 3308 1293 lumen
3345 1238 3550 1302 ocellis,

2307 1337 2401 1390 Est
2429 1337 2660 1405 optanda
2687 1335 2840 1388 bouis
2867 1348 2990 1386 nam
3020 1341 3109 1385 tua
3147 1341 3298 1402 grata
3329 1331 3492 1384 salus.

2237 1425 2409 1480 Macte
2432 1427 2595 1479 decus
2623 1424 2821 1494 populi,
2849 1421 3028 1476 Ctesar
3052 1419 3346 1475 fortissime
3371 1429 3516 1482 nate,

2306 1515 2505 1587 Inclyta
2531 1528 2741 1584 sceptra
2770 1524 2958 1568 tenens
2981 1519 3154 1565 macte
3178 1511 3344 1564 decus
3377 1508 3578 1578 pepuli.

2235 1608 2587 1677 Induperator
2611 1622 2707 1661 ave
2727 1606 2940 1676 longum
2963 1604 3235 1657 tribuente
3259 1600 3523 1664 Tonante,

2311 1697 2475 1754 Sume
2499 1713 2679 1754 meum
2705 1697 2878 1760 laetus,
2919 1695 3284 1762 induperator,
3316 1705 3432 1744 ave.

2922 1783 3134 1838 XXVII.

2162 1881 2212 1940 B
2459 1896 2489 1936 Α
2523 1893 2675 1934 roms
2703 1894 2757 1932 IN
2780 1891 2940 1930 PRIMA
2973 1889 3177 1928 unum
3216 1886 3602 1927 Βιιιωοτιῐεσε.

2235 1971 2335 2040 Qui
2364 1972 2464 2028 sim
2494 1985 2652 2025 nosse
2678 1969 2880 2031 volens,
2911 1967 3068 2028 scito,
3107 1963 3436 2017 Bibliotheca
3462 1963 3632 2029 dicor,

2305 2065 2372 2120 Et
2399 2065 2598 2120 veteris
2629 2062 2760 2132 legis
2781 2059 2870 2128 jus
2891 2059 3047 2121 veho,
3088 2057 3202 2111 sive
3231 2069 3402 2108 novaa.

2233 2161 2344 2218 Nec
2382 2174 2467 2215 me
2495 2173 2685 2229 sperne
2711 2171 2903 2225 precor
2925 2154 3047 2223 quia
3074 2151 3254 2206 cernis
3287 2161 3512 2218 corpore
3545 2163 3791 2218 parvam:

2304 2252 2541 2323 Corpore
2567 2266 2684 2304 sum
2713 2248 2946 2310 modico,
2976 2245 3182 2299 viribus
3209 2241 3384 2311 ampla
3411 2251 3610 2295 tamen.

2234 2345 2317 2401 Me
2336 2348 2642 2415 quicunque
2673 2345 2842 2408 vides,
2875 2339 3153 2395 Theodulli
3181 2338 3258 2392 sis
3283 2351 3488 2390 memor
3512 2350 3630 2401 oro,

2304 2436 2467 2504 Cujus
2495 2451 2580 2490 me
2610 2435 2846 2490 studium
2878 2433 3138 2494 condidit,
3176 2437 3345 2498 aptat,
3375 2436 3538 2481 amat.

2233 2527 2302 2582 Et
2330 2525 2462 2580 foris
2493 2537 2737 2597 argento,
2761 2523 2987 2594 gemmis
3015 2520 3248 2583 ornavit,
3281 2527 3334 2572 et
3359 2532 3513 2581 auro,

2303 2613 2468 2685 Cujus
2490 2623 2544 2667 et
2567 2613 2794 2668 interius
2827 2611 2952 2664 lima
2977 2608 3180 2679 polivit.
3211 2607 3343 2659 Ave.

2899 2699 3130 2754 XXVIII.

2739 2809 2791 2846 IN
2822 2805 3032 2846 ALTERA
3075 2805 3302 2843 TABULA.

2232 2887 2333 2956 Qui
2359 2886 2513 2956 cupis
2538 2899 2658 2940 esse
2687 2884 2882 2948 bonus,
2914 2881 3004 2950 qui
3029 2881 3193 2934 vitam
3223 2878 3422 2948 quaeris
3443 2878 3735 2942 honestam,

2301 2980 2383 3034 Me
2409 2989 2550 3050 pete,
2585 2987 2634 3032 te
2664 2989 2876 3038 moneo,
2908 2975 2992 3027 lex
3021 2989 3120 3044 ego
3143 2983 3328 3026 sancta
3358 2971 3471 3026 Dei.

2232 3068 2362 3125 Sum
2391 3070 2501 3133 via,
2530 3085 2646 3123 sum
2670 3067 2780 3128 lux,
2816 3081 2933 3120 sum
2961 3065 3192 3128 doctrix,
3221 3079 3339 3117 sum
3373 3064 3587 3117 conscia
3618 3063 3746 3127 veri,

2303 3161 2508 3215 Lumen
2538 3158 2922 3213 inexstinctum
2951 3156 3043 3225 qui
3077 3155 3207 3208 mihi
3236 3162 3391 3223 paret
3417 3153 3593 3206 habet.

2158 3233 2203 3298 C
2234 3250 2435 3307 Caelica
2465 3265 2628 3320 regna
2656 3264 2808 3320 paro,
2840 3249 3109 3302 mundana
3145 3245 3474 3314 sophismata
3505 3244 3700 3313 pando,

2301 3341 2564 3398 Omnibus
2600 3343 2655 3395 in
2677 3342 2840 3396 rebus
2877 3338 3071 3410 polleo,
3107 3339 3218 3392 sive
3241 3337 3382 3392 cluo.

2232 3435 2398 3492 Utere
2420 3451 2527 3500 me,
2551 3434 2742 3497 lector,
2769 3433 3070 3500 mentisque
3092 3431 3146 3484 in
3173 3429 3300 3483 sede
3322 3428 3518 3491 locato,

2299 3525 2542 3597 Cumque
2571 3525 2770 3579 librum
2794 3523 2933 3593 petis
2962 3524 3123 3585 hunc,
3164 3521 3236 3576 sit
3265 3520 3364 3574 tibi
3393 3519 3503 3575 lota
3527 3532 3735 3572 manus.

2918 3613 3106 3668 XXIX.

2805 3721 2968 3761 SUPER
2999 3719 3224 3759 JANUAI.

2228 3801 2564 3872 Pauperibus
2585 3807 2792 3870 pateat,
2821 3797 3038 3870 praesul,
3077 3807 3164 3851 tua
3187 3797 3351 3868 janua
3390 3808 3601 3865 semper
3631 3811 3646 3846 :

2297 3891 2430 3946 Cum
2458 3891 2672 3946 miseris
2694 3890 2941 3945 Christus
2966 3888 3128 3942 intrat
3151 3896 3206 3942 et
3235 3887 3349 3954 ipse
3377 3883 3555 3940 simul.

2228 3983 2410 4054 Deque
2441 3983 2544 4038 tuis
2574 3982 2746 4052 epulis
2777 3990 3035 4051 pascatur
3071 3995 3272 4050 pauper
3298 3993 3519 4049 egenus,

2299 4075 2370 4130 Ut
2392 4073 2619 4130 conviva
2649 4088 2819 4143 queas
2841 4072 3012 4126 lectus
3041 4073 3230 4127 adesse
3256 4071 3383 4126 Deo.

2935 4160 3104 4215 XXX.

2678 4267 2841 4308 SUPER
2883 4265 3339 4307 PROPINATORIUI.

2225 4346 2324 4414 Qui
2352 4345 2542 4402 latices
2571 4345 2839 4415 quondam
2871 4344 2977 4396 vini
3000 4343 3266 4397 convertit
3289 4342 3340 4394 in
3369 4353 3547 4406 usum,

2294 4437 2362 4492 Et
2384 4437 2548 4492 fontis
2576 4437 2809 4505 speciem
2837 4433 2964 4488 fecit
2994 4433 3190 4487 habere
3221 4430 3370 4486 meri.

2224 4529 2341 4601 Ipse
2368 4530 2470 4600 piis
2492 4529 2736 4582 manibus
2770 4527 3047 4593 benedicat
3077 4524 3263 4595 pocula
3291 4531 3497 4588 nostra,

2146 4581 2201 4643 Β
2224 4581 2274 4601 Ἰ
2285 4581 2559 4679 Rtlétam
2570 4581 2748 4675 faciat
2785 4581 2998 4674 nosmet
3029 4581 3231 4672 habere
3261 4615 3424 4670 diem.
