4006 6440
577 377 682 437 385

1636 444 1639 447 _
1675 364 1728 433 S.
1766 376 2009 433 ElGlLlS
2045 375 2336 432 ABBATIS
2376 374 2758 432 FULDENSIS

3732 379 3841 438 5M

574 507 735 560 ctus.
784 495 1118 552 occidentale
1162 496 1419 567 templum
1469 498 1606 551 mira
1637 474 1753 551 arte
1790 506 1845 550 et
1884 497 2150 567 immensa
2177 502 2225 559 Α
2252 510 2354 565 pus
2390 491 2889 567 Wirceburceusis,
2940 492 3007 547 ad
3052 489 3296 547 eamdem
3320 505 3540 547 causam
3568 508 3846 567 convene-

576 567 944 639 magnitudine
970 568 1124 639 alteri
1162 566 1439 638 copulans,
1490 583 1650 621 unam
1683 567 1809 639 fecit
1839 566 2148 639 ecclesiam.

576 637 859 693 Rabanum
886 638 1261 693 eLHattoncm
1295 639 1527 693 Turonis
1556 638 1754 692 direxit
1801 637 1866 688 ad
1898 637 2152 691 Albinum

579 707 895 778 magistrum
938 708 1110 778 gratia
1157 708 1406 764 liberales
1449 709 1684 764 discendi
1722 716 1909 769 artes;
1952 708 2157 762 Bruno-

575 794 698 833 nem
725 778 790 831 ad
821 777 1137 841 Eiiiardutit,
1177 780 1444 832 variarum
1472 780 1669 832 artium
1714 778 1987 831 doctorem
2019 779 2158 846 peri-

578 849 843 903 tissimum
871 866 884 913 ;
917 848 1212 903 Modestum
1239 858 1291 903 et
1318 849 1613 903 Candidum
1640 864 1760 903 cum
1792 848 1913 902 aliis
1941 849 2006 900 ad
2038 848 2156 902 Cle-

578 926 812 973 mentem
855 918 1077 973 Scotum
1105 921 1470 990 grammatica:
1500 916 1751 990 studendi
1804 919 2000 988 gratia.
2040 918 2156 990 Sed

576 997 631 1045 et
661 1004 793 1060 auro
818 998 874 1043 et
902 988 1142 1060 argento.
1174 989 1389 1043 comitis
1413 998 1468 1042 et
1516 988 1753 1043 lucernis
1778 1028 1791 1060 ,
1827 998 1880 1041 ct
1904 988 2157 1060 omnibus

576 1060 733 1115 bonis
757 1059 931 1130 locum
960 1059 1188 1130 gloriose
1216 1060 1481 1127 provexit.
1530 1060 1677 1113 Fecit
1707 1059 1884 1130 etiam
1926 1059 1957 1130 h
1983 1074 2012 1112 c
2062 1073 2155 1110 ve-

576 1131 849 1185 nerandus
878 1128 1036 1183 Pater
1077 1131 1461 1183 monasterium
1509 1128 1789 1183 laudabilis
1827 1138 1883 1182 et
1910 1129 2159 1182 discreta:

576 1215 846 1254 mensura:
875 1199 928 1253 in
970 1206 1170 1260 monte,
1202 1199 1287 1252 cui
1315 1202 1585 1268 pretiosus
1615 1207 1827 1268 martyr
1851 1198 2159 1253 Bonifacius

575 1270 809 1339 episcopi
860 1285 1054 1323 nomen
1103 1267 1323 1331 indidit,
1366 1280 1420 1323 et
1466 1272 1533 1323 ab
1578 1267 1858 1322 llaistolﬂ'o
1890 1268 2155 1338 Mogunti-

574 1343 759 1394 nensis
788 1339 1031 1392 ecclesia:
1085 1339 1493 1406 archiepiscopo
1539 1339 1590 1392 in
1647 1341 1907 1392 honorem
1957 1348 2158 1391 sanctre

576 1409 670 1462 Dei
701 1409 977 1476 genitricis
1025 1407 1206 1462 Maria:
1254 1408 1489 1463 dedicari
1545 1408 1707 1471 fecit,
1743 1409 1880 1461 etin
1930 1409 2158 1462 introitu

575 1478 851 1533 claustrali
900 1478 1068 1547 ipsius
1101 1479 1347 1534 ecclesiae
1376 1482 1441 1531 ad
1470 1480 1711 1534 dextram
1747 1494 1909 1533 senex
1949 1488 2003 1531 et
2042 1478 2156 1547 ple—

574 1565 677 1602 nus
710 1548 920 1602 dierum
962 1549 1224 1602 bonorum
1279 1549 1568 1618 sepultura:
1608 1549 1839 1603 traditus
1882 1556 1967 1603 est
2003 1566 2015 1600 :
2070 1548 2160 1603 cui

572 1618 836 1672 successit
863 1618 1030 1685 ﬂigi],
1065 1618 1318 1672 nimirum
1348 1636 1489 1674 anno
1518 1621 1640 1675 8|8.

643 1688 697 1741 4.
727 1688 841 1743 Hoc
873 1688 1110 1757 Ratgul‘ii
1139 1689 1371 1759 elogium
1401 1691 1671 1745 videbitur
1699 1689 2070 1752 immodicum,
2113 1688 2159 1742 si

574 1759 887 1813 consideres
915 1760 1034 1828 ipso
1073 1759 1267 1814 abbate
1301 1777 1463 1829 quam
1508 1763 1755 1815 turbatus
1784 1761 1946 1814 fuerit
1976 1774 2162 1812 mona-

574 1829 725 1883 sterii
754 1837 931 1884 status
958 1870 973 1893 ,
1023 1838 1079 1883 et
1100 1845 1219 1899 qua:
1246 1832 1503 1884 harumce
1533 1833 1809 1885 turbarum
1836 1845 1997 1884 causa
2026 1848 2038 1882 :
2077 1830 2160 1883 ni-

573 1900 772 1952 mirum
812 1899 1053 1969 Ratgarii
1103 1901 1237 1954 dura
1286 1902 1546 1955 severitas
1575 1902 1627 1954 in
1662 1902 1957 1955 monachos
2007 1916 2155 1965 suos,

572 1969 772 2040 quzeiu
806 1977 1014 2023 tantum
1060 1971 1287 2035 exarsit,
1340 1983 1398 2024 ut
1451 1972 1548 2040 ipsi
1601 1974 1774 2025 coacti
1829 1973 1935 2024 sint
1965 1970 2157 2025 Carolo

574 2038 764 2111 Magno
793 2041 1071 2111 porrigere
1114 2041 1350 2096 libellum
1378 2038 1696 2111 supplicem,
1743 2040 1967 2094 inferius
2007 2041 2158 2094 exhi—

570 2109 805 2181 bendum
837 2109 964 2179 post
982 2112 1119 2165 hanc
1145 2112 1339 2176 V.tam,
1373 2109 1561 2181 iniquo
1604 2113 1744 2180 apud
1774 2113 2154 2181 imperatorem

568 2179 821 2247 querelas
844 2196 971 2236 suas
1002 2183 1308 2251 deponunt,
1352 2179 1735 2251 postulantqite
1767 2179 1943 2236 mortis
1982 2191 2034 2235 et
2082 2180 2156 2234 le-

571 2265 667 2317 ges
695 2252 1007 2313 monasterii
1039 2254 1089 2305 in
1117 2254 1404 2321 priSIinum
1439 2254 1649 2307 restitui
1696 2261 1918 2305 statum.
1978 2252 2046 2305 Et
2089 2267 2156 2306 ne

569 2330 727 2387 putes
775 2322 872 2376 bas
910 2322 1097 2379 turbas
1132 2323 1213 2377 fac
1243 2324 1363 2378 ione
1414 2332 1621 2377 tantmn
1672 2323 1995 2377 nebulonum
2027 2338 2160 2390 quo—

570 2392 819 2444 rumdam
868 2394 1135 2448 excitatas
1188 2394 1389 2458 fuisse;
1424 2395 1586 2462 probi
1618 2394 1820 2463 quique
1848 2433 1862 2456 ,
1911 2394 2016 2447 imo
2046 2402 2158 2446 tota

567 2468 767 2534 quanta
796 2470 916 2534 erat
953 2467 1303 2534 congregatio
1351 2464 1698 2518 Fuldensium
1745 2464 2155 2527 monachorum,

567 2527 669 2603 hac
695 2530 927 2600 procella
968 2527 1224 2603 exagitati
1264 2543 1425 2597 sunt,
1465 2534 1720 2588 Rabanus
1750 2534 1801 2588 in
1833 2534 2044 2603 primis,
2099 2540 2160 2586 ut

565 2598 683 2668 ipse
697 2598 941 2671 testatur
962 2602 1015 2656 in
1047 2598 1292 2671 poemate
1320 2606 1388 2659 30
1422 2605 1495 2658 De
1513 2605 1736 2659 transitu
1758 2598 2157 2668 monachorum,

562 2670 655 2742 qui
684 2685 714 2723 a
744 2670 1003 2742 Ratgario
1034 2670 1229 2728 abbate
1252 2676 1611 2729 secessionem
1646 2677 1907 2729 fecerunt.
1950 2673 2006 2728 Id
2029 2690 2158 2727 con-

562 2741 749 2822 tigisse
774 2756 915 2822 anno
936 2744 1035 2822 8⁸]
1063 2745 1219 2822 docet
1244 2762 1344 2800 nos
1356 2745 1661 2822 Chronicou
1684 2746 2021 2822 .Saxonicum
2054 2760 2153 2822 ius.

568 2809 655 2884 his
682 2812 967 2884 νει-δεῖξε]
995 2814 1193 2868 Eodem
1224 2831 1332 2884 quo
1385 2814 1549 2884 supra
1587 2816 1821 2870 diximus
1867 2831 2009 2869 anno
2051 2814 2149 2869 8H

563 2879 707 2934 facta
734 2889 817 2933 est
842 2881 1021 2935 Fuldac
1041 2879 1386 2939 comurbatio
1414 2879 1519 2939 non
1551 2886 1771 2939 minima
1804 2886 1855 2939 in
1883 2895 2153 2939 monaste-

564 2951 847 3025 riosancti
882 2952 1141 3008 Bouifacii
1170 2974 1182 3009 :
1211 2964 1265 3009 et
1292 2954 1490 3009 fratres
1517 2955 1724 3010 duodec
1749 2971 1799 3009 m
1830 2971 1895 3009 ex
1930 2958 2043 3025 ipsa
2076 2955 2153 3009 fa-

561 3020 1087 3100 miliaperrexerunt
1140 3027 1345 3100 pariter
1384 3042 1518 3100 cum
1556 3027 1750 3081 abbate
1788 3020 2046 3097 liatgario
2079 3026 2149 3100 ad

555 3091 819 3161 judicium
855 3091 1202 3159 imperatoris
1240 3095 1458 3160 Caroli;
1505 3112 1603 3151 nec
1637 3106 1813 3151 tamen
1854 3091 2147 3151 coniunctio

562 3159 653 3237 illa
678 3159 901 3237 quievit.
942 3162 1131 3237 Postea
1178 3165 1417 3221 Ricolfus
1448 3159 1891 3237 archiepiscopus
1930 3166 2150 3237 Mogun-

562 3232 728 3308 tinus,
756 3243 811 3285 et
840 3233 1168 3308 Bernharius
1192 3238 1477 3307 episcopus
1513 3232 1746 3292 civitatis
1782 3232 2146 3308 ivnngioninn,

2257 564 2547 632 runtjussu
2580 565 2939 634 imperatoris.
2963 575 3564 634 eamquesanarerun'.
3588 585 3609 616 ι
3639 564 3842 621 Eadem

2254 637 2417 691 verba
2442 645 2568 689 sunt
2591 633 2843 689 Clironici
2870 633 3433 695 Hildenesheimensis.
3464 643 3519 687 et
3547 635 3842 691 Annalium

2255 707 2666 760 veteri-imorum
2696 706 2749 758 in
2774 720 2917 775 anno
2943 714 3139 775 quarto
3172 701 3424 759 Ludovici
3474 705 3705 775 Augusti
3750 707 3842 761 de-

2257 777 2567 839 siueutium,
2609 790 2743 844 quos
2767 774 2955 829 Petrus
2980 774 3299 829 Lambecius
3344 775 3509 830 edidit
3540 774 3592 829 in
3623 786 3771 831 torno
3799 778 3841 833 ll

2255 845 2602 901 Bibliotheca}
2644 845 2923 907 Czcsareac,
2964 845 3057 898 lib.
3092 861 3155 905 ιι,
3184 859 3302 913 cap.
3330 844 3383 907 5,
3419 845 3506 898 tibi
3554 846 3671 901 [nec
3701 862 3842 903 anno

2256 916 2325 969 ιιι
2349 917 2529 971 Caroli
2559 916 2729 985 Magni
2762 917 3024 970 accidisse
3064 914 3336 984 leguntur.
3385 914 3583 970 Carolo
3630 926 3841 973 mortuo

2256 1003 2377 1058 cum
2409 986 2697 1058 Ratgarius
2723 1001 2753 1039 a
2783 1002 3019 1058 suetann
3047 987 3327 1058 vexatione
3355 985 3499 1058 haud
3528 988 3839 1054 desisteret,

2258 1055 2558 1128 Ludovicus
2592 1057 2865 1128 Augustus
2894 1055 3236 1111 Fuldensium
3262 1056 3687 1128 iteratismotus
3716 1074 3844 1128 qne-

2258 1127 2403 1189 relis,
2437 1128 2716 1181 monachos
2748 1126 3136 1185 Occidentales.
3183 1127 3235 1181 id
3275 1136 3361 1183 est
3401 1126 3750 1193 Gallicanos,
3781 1143 3842 1185 eo

2259 1198 2445 1260 misit;
2509 1206 2621 1251 tum
2686 1196 2998 1266 Ratgarium
3061 1197 3219 1262 abjici
3277 1213 3339 1252 ac
3398 1198 3627 1267 reb-gari
3683 1198 3844 1266 jussit

2259 1282 2403 1320 anno
2432 1268 2559 1329 8|7,
2584 1277 2639 1319 et
2660 1267 2831 1337 alium
2861 1268 3109 1322 abbatem
3140 1267 3191 1321 iu
3218 1268 3335 1337 ejus
3359 1269 3534 1323 locum
3565 1268 3840 1324 substitui.

2260 1337 2479 1391 Electus
2498 1338 2620 1407 dein
2651 1336 2811 1405 Eegil,
2861 1338 2954 1407 qui
2988 1353 3167 1391 rerum
3198 1336 3395 1392 statum
3446 1339 3497 1392 in
3537 1340 3738 1394 melius
3761 1355 3841 1393 re-

2259 1408 2455 1469 stituit,
2484 1417 2538 1461 et
2563 1406 2975 1478 Ratgariumab
3002 1407 3191 1462 exsilio
3220 1409 3361 1477 (qua:
3382 1409 3456 1477 pii
3486 1411 3622 1472 Viri,
3656 1413 3766 1465 imo
3790 1419 3842 1467 et

2260 1478 2646 1548 monachorum
2674 1477 3017 1532 li‘uldenséum
3040 1479 3344 1548 benignitas
3360 1488 3417 1532 et
3442 1481 3842 1537 commiseratio

2260 1545 2382 1611 fuit)
2400 1561 2683 1602 'communt
2712 1564 2930 1602 suorum
2954 1545 3219 1602 consensu
3248 1550 3539 1603 revocavit.

2329 1617 2385 1671 5.
2419 1617 2576 1691 Eigili
2619 1619 2882 1672 successit
2911 1617 3182 1691 Bahanus
3216 1634 3369 1691 anno
3416 1618 3542 1683 822,
3597 1621 3843 1691 rexitqne

2260 1689 2645 1761 monasterium
2674 1704 2847 1761 annos
2872 1689 3105 1761 viginti;
3138 1690 3266 1761 dein
3287 1691 3493 1761 cedere,
3509 1689 3841 1761 compulsus,

2260 1760 2605 1832 postmodum
2666 1757 2838 1832 factus
2867 1771 2951 1812 est
3000 1759 3442 1832 archiepiscopis
3478 1757 3839 1832 Moguiniuus,

2188 1849 2234 1909 Β
2263 1828 2940 1909 οιοῇλιεῆνίιὲςιιχθηεςθιηιιδ
2976 1828 3281 1909 δίιηθμιιιμιιι
3315 1830 3439 1884 856.

2334 1898 2386 1951 6.
2420 1898 2494 1952 De
2523 1898 2691 1967 Eigile
2722 1900 2773 1970 id
2800 1915 2964 1970 unitm
2993 1900 3122 1954 mihi
3154 1899 3547 1954 observandum
3575 1911 3836 1970 superest.

2263 1983 2386 2031 eum
2413 1970 2696 2037 scripsisse
2724 1969 2961 2023 libellum
2990 1970 3057 2025 de
3094 1970 3209 2023 Vita
3252 1972 3428 2024 sancti
3470 1969 3698 2027 Sturtnii
3725 1972 3844 2025 Ful-

2262 2039 2444 2109 densis
2477 2039 2689 2092 abbatis
2718 2040 2918 2109 primi:
2961 2055 3120 2108 quem
3156 2040 3394 2094 libellum
3430 2041 3691 2097 Rabanus
3735 2044 3843 2097 lau-

2260 2108 2630 2183 darevidetur
2660 2108 2729 2162 in
2753 2119 3001 2183 poemate
3034 2111 3117 2172 H.
3150 2111 3235 2165 cui
3269 2112 3455 2167 titulus
3479 2112 3550 2164 ad
3589 2112 3839 2183 iiigilata,

2260 2178 2324 2232 de
2352 2179 2482 2251 libro
2505 2195 2656 2247 quem
2680 2183 2907 2251 scripsit.
2938 2182 2992 2235 In
3018 2189 3261 2251 poemate
3288 2183 3531 2251 sequenti
3562 2178 3681 2249 ejus
3703 2178 3844 2239 mm

2262 2250 2597 2304 suetudinem
2631 2250 2971 2306 commendat
2999 2250 3084 2306 bis
3117 2252 3345 2323 aliisque
3368 2250 3644 2309 versibus.

2326 2366 2597 2430 Presbyter
2620 2375 2787 2430 φωρ,
2815 2369 3005 2415 meritis
3028 2374 3079 2414 et
3103 2367 3366 2430 presbyter
3387 2366 3517 2417 alme

2386 2426 2536 2487 Eigil,
2563 2438 2612 2477 te
2631 2426 2848 2477 Clui~ius
2865 2433 3022 2479 salvet
3047 2432 3093 2476 in
3108 2426 3417 2479 ὑιὶκεύειις.

2326 2488 2540 2554 Sis_ttulti
2567 2494 2691 2551 quod
2713 2506 2742 2551 μ
2773 2504 2885 2548 sco;
2910 2492 3141 2552 quodque
3164 2500 3299 2551 opto,
3322 2492 3413 2540 hoc
3437 2495 3545 2539 esto
3567 2489 3838 2554 benignas,

2388 2551 2685 2613 Prien-pter,
2712 2562 2889 2611 pastor,
2914 2551 3110 2613 Semper
3136 2554 3343 2612 atnicus,
3372 2556 3545 2601 honor.

2323 2612 2427 2663 Nec
2453 2626 2531 2661 nte
2565 2612 2852 2663 contristant
2875 2623 2956 2663 tua
2980 2615 3292 2674 corripientia
3320 2616 3486 2674 verba,

2388 2676 2503 2725 Cum
2526 2688 2625 2723 sc.o
2647 2678 2775 2737 quod
2799 2688 2997 2736 semper
3024 2683 3220 2736 pectora
3244 2679 3391 2725 amica
3415 2684 3576 2725 tenes.

2325 2735 2426 2786 Ver
2464 2751 2507 2783 tn
2528 2738 2637 2787 dtCU
2663 2735 2767 2796 (ibi,
2793 2751 2883 2784 nec
2910 2751 2988 2785 me
3010 2741 3258 2787 sententia
3285 2738 3422 2796 failit,

2384 2797 2457 2847 Te.
2485 2812 2632 2846 unum
2654 2813 2752 2859 pra:
2777 2800 2938 2846 multis
2958 2801 3105 2847 cerde
3128 2808 3305 2850 tenere
3333 2799 3455 2847 udo.

2318 2858 2397 2908 Sis
2423 2862 2543 2907 nubi
2566 2858 2764 2921 semper
2790 2866 2937 2917 idem,
2962 2864 3074 2920 quia
3099 2873 3204 2909 sum
3231 2863 3319 2910 tibi
3345 2871 3547 2922 semper
3568 2864 3623 2912 et
3641 2860 3790 2911 idem.

2376 2923 2584 2984 Semper
2602 2927 2783 2971 anticus
2806 2932 2933 2970 autat
2958 2934 2970 2969 :
2993 2936 3191 2984 semper
3215 2923 3447 2972 amandus
3470 2926 3582 2973 erit.

2253 3027 2510 3085 Eamdem
2535 3030 2721 3101 Eigilis
2746 3029 3023 3085 lenitatem
3044 3073 3058 3098 ,
3097 3032 3435 3097 comitatem,
3470 3040 3526 3086 et
3556 3029 3839 3087 aﬂabilita—

2255 3109 2364 3173 tein
2393 3101 2953 3173 prmdi‘catCandidns
2982 3103 3034 3156 iu
3064 3104 3309 3173 sequenti
3342 3101 3480 3157 Vita.
3525 3103 3601 3156 Ex
3630 3118 3738 3173 quo
3760 3102 3839 3155 in—

2256 3170 2515 3243 telligitur
2541 3171 2765 3243 Eigilem
2803 3172 2886 3243 his
2919 3170 3199 3243 prreditnin
3230 3173 3395 3228 fuisse
3435 3170 3673 3238 dotibus,
3721 3187 3838 3242 qua

2259 3242 2326 3296 ad
2377 3240 2752 3313 corrigendam
2814 3240 3058 3312 Ratgarii
3126 3244 3465 3301 ferocitatem
3518 3240 3838 3299 necessaria

560 3310 617 3357 et
641 3299 803 3356 Hatto
818 3305 1107 3375 episcopus
1119 3299 1497 3379 Augustensis,
1530 3316 1585 3364 et
1619 3299 2158 3380 Wolgariusepisco¥
2182 3302 2228 3366 C
2261 3319 2440 3367 erant.

690 3438 3740 3470 W

1652 3594 2186 3674 PREFATIO
2245 3540 2779 3677 AUCTORlS.

1989 3782 2374 3797 Ἥ

634 3864 682 3917 t.
710 3864 1071 3922 Dilectissimo
1097 3868 1251 3926 fratri
1277 3878 1334 3926 et
1376 3871 1820 3944 compresbytero
1842 3886 1940 3929 suo
1969 3874 2153 3931 Mode-

559 3961 644 4007 sto
678 3951 971 4020 Candidus,
1022 3969 1297 4028 perpetua:
1340 3962 1493 4030 pacis
1522 3971 1579 4017 et
1623 3963 1974 4019 beatitudinis
2000 3972 2153 4035 optat

558 4045 611 4100 in
652 4045 869 4102 Christo
895 4048 1147 4105 salutem.

631 4137 708 4195 De
736 4147 934 4196 caetero
964 4156 1178 4213 quoque
1204 4151 1391 4200 notum
1418 4145 1556 4202 facio
1575 4155 1681 4201 tuae
1706 4146 1979 4210 cbaritati,
2004 4149 2148 4220 quod

556 4249 700 4289 anno
752 4236 1033 4305 praeterito
1096 4237 1328 4293 domnus
1359 4239 1525 4294 abbas
1568 4238 1847 4303 Rabanus,
1902 4254 2025 4295 cum
2073 4240 2149 4297 illi

552 4326 821 4395 querebar
846 4328 971 4396 quia
1000 4343 1109 4382 non
1133 4328 1386 4384 haberem
1422 4345 1749 4400 quemquam
1775 4346 1987 4386 mecum
2016 4348 2148 4388 eon-

554 4417 849 4480 sociorum,
881 4431 1002 4470 cum
1041 4434 1150 4473 uno
1188 4419 1240 4472 in
1265 4420 1444 4473 divina
1466 4420 1700 4475 lectione
1731 4408 2059 4490 disputando
2088 4431 2146 4477 et

552 4504 779 4576 legendo
808 4507 1075 4576 proiicere
1120 4510 1413 4578 potuissem
1439 4550 1454 4574 ,
1511 4509 1616 4564 tale
1659 4509 1790 4564 mihi
1827 4526 2139 4582 responsum

556 4595 748 4651 refere!
772 4604 865 4651 at:
929 4616 948 4648 ι
986 4598 1209 4659 Exerce,
1262 4601 1458 4669 inquit,
1496 4601 1841 4671 temetipsum
1892 4602 2136 4675 legendo,

2256 3888 2422 3931 unum
2451 3887 2633 3944 prosa,
2663 3869 2894 3926 alterum
2920 3881 3050 3923 vero
3084 3865 3334 3923 versibus
3357 3865 3620 3937 explicavi
3652 3883 3669 3921 :
3705 3881 3835 3937 quos

2256 3972 2439 4021 tamen
2468 3963 2590 4019 ideo
2615 3962 2671 4015 in
2721 3974 2886 4014 unum
2920 3972 3115 4028 corpus
3157 3955 3412 4026 colligam
3459 3956 3740 4028 rogabam,
3777 3963 3834 4011 at

2255 4059 2310 4114 in
2368 4073 2548 4113 rerum
2608 4055 2921 4111 narratione
2971 4052 3110 4110 alter
3151 4052 3307 4107 alteri
3356 4052 3599 4108 subsidia
3649 4052 3831 4108 ferret.

2252 4148 2311 4203 In
2343 4148 2541 4219 quibus
2588 4147 2845 4202 nimirum
2890 4144 3167 4201 Ludowici
3224 4144 3560 4199 serenissimi
3612 4143 3831 4216 Augusti

2251 4240 2594 4297 clementiam
2642 4239 2786 4295 circa
2829 4254 2930 4295 nos
2982 4238 3182 4294 factam
3213 4245 3523 4293 reverenter
3570 4235 3831 4308 expressi.

2248 4331 2402 4401 cujus
2425 4332 2903 4388 commonitionem
2947 4339 3110 4401 atque
3155 4328 3479 4393 doctrinam,
3512 4328 3618 4383 etsi
3655 4328 3728 4383 ita
3776 4336 3833 4383 ut

2248 4426 2317 4480 ab
2354 4440 2419 4479 eo
2448 4424 2673 4493 prolata:
2699 4431 2846 4486 sunt,
2875 4420 2941 4475 ad
2968 4422 3239 4491 integrum
3266 4418 3561 4489 explanare
3587 4416 3830 4487 nequivi;

2245 4515 2562 4571 benevolam
2586 4525 2766 4570 tamen
2802 4513 3136 4568 voluntatem
3162 4510 3306 4566 illius
3336 4510 3634 4565 secundum
3660 4509 3833 4579 legem

2248 4610 2341 4664 Dei
2373 4617 2429 4663 et
2460 4617 2769 4664 sanctorum
2795 4606 3048 4677 dogmata
3086 4605 3307 4660 Patrum
3334 4604 3571 4659 enodare
3605 4603 3829 4659 curavi:

553 4697 611 4745 et
637 4688 838 4759 aliquid
870 4689 1123 4747 utilitatis
1144 4692 1283 4748 adde
1302 4693 1573 4749 dictando.
1612 4693 1744 4750 Nam
1769 4696 1894 4750 dum
1924 4711 2023 4767 ego
2045 4695 2146 4751 ibi-
2170 4692 2223 4752 D
2248 4706 2514 4770 quatenus
2548 4713 2646 4768 per
2684 4697 2789 4752 hoc
2818 4695 3204 4752 misericordia:
3237 4696 3435 4751 bonum
3467 4692 3586 4763 ejus
3629 4706 3832 4750 trienno-

552 4781 711 4847 dem,
749 4782 1012 4841 ubinunc
1056 4785 1170 4855 ipse
1193 4787 1424 4843 moraris
1451 4828 1466 4855 ,
1513 4790 1782 4859 quondam
1830 4803 2140 4844 commane-

552 4896 689 4948 rem,
719 4881 914 4937 librum
938 4900 1098 4955 prosa
1121 4894 1179 4940 et
1206 4886 1452 4943 versibus
1480 4889 1533 4944 in
1557 4887 1769 4944 laudem
1798 4895 1997 4943 sancta:
2020 4903 2141 4942 cru-

548 4972 629 5055 cis
659 4971 842 5028 divina
873 4975 1047 5045 gratia
1087 4977 1386 5047 inspirante
1414 4980 1608 5051 inccnpi
1630 5022 1644 5044 ,
1676 4989 1837 5049 atque
1890 4977 2138 5035 ﬁdelibus

548 5065 832 5137 legendum
864 5067 1107 5124 studioso
1135 5068 1318 5125 labore
1342 5071 1731 5128 consummavi.
1765 5090 1784 5124 ι
1836 5068 1951 5125 Hac
1975 5070 2139 5141 igitur

547 5154 736 5222 frater,
768 5155 988 5213 licentia
1011 5157 1203 5227 fretus,
1233 5161 1370 5217 duos
1397 5161 1565 5218 libros
1593 5164 1659 5218 de
1684 5163 1804 5217 Vita
1826 5162 2014 5234 Eigilis
2040 5160 2137 5217 ab-

547 5246 691 5306 batis
714 5251 910 5317 nostri,
938 5252 1190 5310 dictando
1224 5263 1281 5311 et
1316 5255 1600 5314 scribendo
1624 5256 1721 5311 Dei
1756 5256 1899 5313 dono
1917 5255 2131 5327 peregi:

2243 4792 2323 4847 ria
2372 4791 2726 4861 subolumque
2767 4790 2908 4845 illius
2934 4790 3074 4861 apud
3113 4804 3214 4844 nos
3254 4797 3580 4857 nostrosque
3613 4802 3830 4843 succes-

2243 4899 2395 4940 sores
2438 4884 2491 4938 in
2521 4892 2707 4940 sarcta
2733 4882 2977 4938 oratione
3002 4889 3219 4937 maneat
3245 4894 3482 4949 semper.
3525 4877 3642 4934 Hoc
3668 4878 3830 4950 igitur

2242 4992 2400 5047 opus,
2434 4976 2784 5031 dilectissime
2822 4975 3012 5039 frater,
3040 4973 3107 5029 ad
3130 4973 3430 5044 profectum
3453 4980 3511 5026 et
3539 4970 3827 5026 utilitatal

2241 5065 2563 5138 legentibus,
2589 5065 2701 5121 Deo
2727 5064 2984 5130 donante,
3009 5064 3282 5135 congessi,
3303 5070 3358 5117 et
3380 5060 3713 5118 tibi-famulo
3733 5058 3826 5115 Dei

2241 5159 2576 5224 consecravi,
2605 5168 2662 5212 ut
2690 5159 2763 5213 sit
2793 5158 2845 5213 in
2873 5157 3194 5216 memoriam
3223 5155 3435 5227 antiqui
3477 5152 3827 5228 βωμοεῆ

2242 5251 2322 5307 ιιιί
2344 5249 2547 5323 jugiter
2574 5251 2716 5322 apud
2743 5259 2815 5308 te.
2846 5249 2996 5308 Vale.
