4006 6446
1697 374 1874 432 VITA.

3286 383 3390 441 586

180 493 3398 522 Μ

1275 657 1808 771 INCIPIT
1893 654 2285 804 VITA.

243 970 292 1026 2.
318 968 392 1024 Ex
418 981 481 1021 eo
510 965 671 1035 igitur
697 955 958 1036 tempore,
1007 981 1114 1036 quo
1143 981 1231 1024 me
1274 967 1600 1024 venerabilis
1627 968 1730 1022 Pa—
1757 971 1810 1029 A
1834 969 2026 1039 capitis
2054 969 2293 1023 omnium
2316 966 2636 1039 jurgiorum,
2678 971 2915 1026 surrexit
2959 973 3142 1029 statim
3178 990 3306 1032 cura
3339 987 3398 1036 et

182 1075 254 1120 ter
276 1060 404 1131 Eigil
435 1058 606 1112 Vitam
631 1057 871 1127 Baugulll
911 1069 935 1097 ι
965 1057 1115 1112 cbari
1163 1058 1373 1113 abbatis
1401 1058 1570 1114 nostri
1616 1057 1729 1127 jam

179 1154 236 1210 de
283 1149 545 1224 ergastulo
587 1150 829 1220 corporis
861 1147 1092 1202 absoluti
1135 1149 1320 1203 intima
1355 1151 1728 1205 exhortatione

177 1246 417 1319 persuasit
466 1243 660 1298 litteris
695 1242 989 1312 explicare,
1044 1257 1110 1297 ex
1144 1258 1209 1297 eo
1253 1257 1338 1296 me
1376 1242 1532 1296 lihuit
1562 1244 1726 1297 bene-

176 1335 433 1392 volentiam
458 1374 475 1395 ,
509 1333 744 1388 studium
780 1340 834 1386 et
863 1331 1181 1402 gravitatem
1228 1333 1363 1386 tanti
1407 1333 1586 1388 Patris
1611 1348 1724 1387 me-

175 1427 338 1483 mori-.e
365 1423 769 1480 commendare.

230 1517 277 1572 5.
308 1514 400 1568 llic
434 1515 602 1583 igitur
630 1514 713 1568 vir
751 1513 1068 1584 parentibus
1099 1513 1348 1583 ingenuis
1373 1514 1567 1572 Norica
1597 1532 1723 1587 pro-

169 1607 322 1662 vincia
361 1613 539 1668 ortus,
596 1621 701 1660 non
744 1606 898 1678 longe
927 1617 1049 1676 post
1090 1608 1408 1677 martyrium
1457 1608 1600 1662 beati
1625 1607 1721 1663 Bo-

169 1694 326 1752 nifacii
358 1695 656 1748 translatus
683 1704 766 1750 est
815 1699 986 1766 gratia
1037 1699 1316 1753 servitutis
1351 1697 1444 1751 Dei
1499 1699 1564 1752 ad
1607 1715 1720 1755 mo-

167 1784 432 1840 nasterium
485 1785 537 1838 in
576 1785 710 1839 silva
755 1787 1038 1842 Bochonize
1066 1790 1438 1850 constitutum,
1470 1805 1625 1844 secus
1649 1791 1720 1844 ri-

165 1889 266 1945 pam
305 1871 546 1929 fluminis
590 1874 771 1930 Fulda:
792 1916 806 1940 ,
833 1877 902 1930 ob
937 1879 1089 1946 cujus
1115 1879 1442 1934 vicinitatem
1474 1881 1574 1934 hoc
1606 1895 1719 1933 mo-

165 1967 434 2021 nasterium
487 1969 688 2021 usitato
726 1969 942 2024 nomine
987 1970 1152 2026 Fulda
1197 1981 1580 2042 nuncupatur:
1623 1972 1716 2028 ubi

164 2066 344 2127 martyr
374 2057 584 2111 Christi
626 2058 932 2116 Bonifacius
959 2077 1114 2116 sacro
1141 2077 1365 2132 corpore
1392 2063 1711 2132 requiescit;

161 2156 207 2204 et
230 2148 303 2203 vir
336 2150 670 2205 venerabilis
713 2152 915 2223 Styrmi
959 2164 1221 2224 cognatus
1248 2153 1384 2222 ejus,
1408 2157 1474 2210 de
1507 2172 1616 2224 quo
1641 2156 1715 2210 lo-

161 2239 369 2309 quimur,
418 2254 496 2294 eo
541 2250 780 2310 tempore
834 2244 1044 2296 turbam
1099 2246 1492 2300 monachorum
1537 2247 1712 2318 dignis

157 2332 646 2387 conversationibus
693 2351 879 2404 regere
922 2335 1222 2390 videbatur.
1275 2337 1410 2391 Huic
1460 2338 1714 2393 nimirum
1742 2311 1788 2370 B

158 2422 312 2476 adhuc
336 2423 601 2491 puerulus
633 2424 764 2495 Eigil
807 2426 874 2479 de
900 2425 1072 2493 patria
1103 2436 1520 2496 transportatus.
1548 2430 1717 2483 hono-

156 2513 288 2568 rifice
324 2530 352 2567 a
383 2516 709 2584 parentibus
736 2526 1122 2585 prmsentatur;
1159 2534 1318 2588 quem
1352 2527 1573 2588 paterna
1604 2521 1718 2588 pie-

159 2615 251 2660 tate
293 2607 573 2663 blanditiis
633 2609 917 2664 delinitum
979 2612 1177 2666 srholte
1220 2614 1248 2652 ιι
1291 2614 1714 2684 congregationi,

157 2694 233 2750 ubi
258 2696 338 2752 lex
375 2699 563 2753 divina
591 2700 703 2771 jugi
734 2702 1124 2756 excrettalinne
1159 2703 1386 2756 discitur
1411 2711 1464 2757 et
1492 2703 1718 2758 docetur

156 2799 264 2839 cum
321 2803 537 2842 summa
593 2790 876 2853 industria,
929 2807 1090 2846 causa
1144 2792 1444 2848 litterarum
1503 2795 1713 2848 sociare

155 2878 408 2933 mandavit
457 2897 477 2933 :
530 2881 623 2948 qui
669 2896 793 2935 mox
845 2881 1026 2936 divina
1072 2884 1243 2953 gratia
1294 2884 1633 2940 ministrante
1661 2885 1714 2939 in

154 2975 344 3023 tantum
374 2970 701 3040 proficiebat
728 2974 966 3040 quotidie
999 2974 1050 3028 in
1088 2976 1436 3030 meditatione
1465 2976 1714 3032 scientia-

154 3069 260 3112 rum
293 3059 722 3130 Scripturarum,
756 3073 815 3117 ut
843 3065 1004 3118 etiam
1031 3080 1158 3132 apes
1183 3067 1484 3121 esurientes
1516 3067 1571 3120 in
1598 3067 1711 3122 col-

154 3149 364 3221 ligendis
380 3154 608 3212 floribus
633 3158 828 3214 imitari
855 3159 1147 3215 videretur.

211 3239 262 3294 4.
287 3240 358 3296 At
388 3259 523 3298 vero
549 3261 654 3301 non
685 3247 869 3302 multis
898 3258 1018 3319 post
1048 3251 1163 3304 hate
1189 3251 1421 3306 evolutis
1447 3267 1712 3308 annorum

151 3332 446 3399 curriculis,
471 3336 812 3395 confortatus
836 3341 888 3394 in
919 3343 1008 3395 Dei
1037 3343 1278 3406 servitio,
1307 3342 1365 3398 iit
1391 3345 1708 3399 monachus.

149 3417 328 3476 Abbati
364 3440 468 3479 suo
491 3427 742 3483 videlicet
766 3431 964 3486 chartis
991 3441 1046 3485 et
1072 3444 1280 3487 cuncta:
1305 3433 1712 3502 congregationi

148 3512 350 3576 suavis;
382 3517 702 3570 memoriam
733 3519 940 3574 habens
963 3521 1188 3590 justitiaa
1211 3522 1505 3590 Dei,quam
1533 3522 1714 3577 docuit

146 3613 255 3654 eum
287 3603 440 3657 Deus
471 3619 500 3656 a
524 3603 807 3671 juventute
839 3625 956 3674 sua,
984 3620 1042 3664 ut
1076 3613 1420 3667 annuntiaret
1449 3613 1711 3666 mirabilia

142 3691 268 3760 ejus.
296 3692 444 3745 llinc
473 3694 632 3748 etiam
662 3712 914 3765 processu
949 3710 1269 3769 temporum.
1291 3703 1470 3756 divina
1500 3704 1714 3771 dispen-

144 3782 346 3836 satione
389 3793 692 3851 promotus,
741 3789 1021 3844 ordinatur
1045 3792 1112 3845 ab
1137 3789 1290 3844 Lullo
1323 3793 1575 3862 episcopo
1606 3792 1717 3846 Μο-

144 3874 506 3936 guntiacensis
552 3877 795 3932 ecclesia:
825 3881 1126 3951 presbyter,
1159 3881 1250 3949 qui
1297 3892 1418 3950 post
1468 3892 1714 3938 sanctum

146 3963 477 4022 Bonifacium
503 3985 756 4039 magnum
787 3981 842 4025 et
871 3974 1100 4028 electum
1131 3975 1225 4028 Dei
1256 3974 1566 4044 pontiﬁcem
1597 3975 1714 4044 ejus

148 4061 284 4114 urbis
307 4062 678 4131 episcopatum
721 4067 935 4120 tenebat
959 4068 1182 4138 primus.
1489 4084 1494 4087 '

208 4153 261 4206 5.
290 4155 506 4208 Interea
536 4157 746 4224 primus
766 4157 970 4228 Styrmi
1009 4161 1218 4229 primus
1245 4163 1414 4217 abbas
1435 4172 1492 4218 et
1523 4163 1713 4218 funda-

151 4249 227 4296 tor
280 4247 597 4301 monasterii
655 4247 859 4313 F‘uldas,
919 4266 1076 4319 quem
1128 4261 1345 4308 sanctus
1407 4254 1714 4310 Bonifacius

150 4348 435 4410 pmeptor
487 4341 606 4410 ejus
655 4343 938 4396 eremitam
995 4359 1152 4397 suum
1200 4346 1440 4399 vocitare
1489 4346 1710 4412 solebat,

151 4429 325 4484 morbo
376 4438 544 4500 atque
589 4440 868 4487 senectute
918 4433 1151 4489 lassatus
1203 4435 1367 4502 coepit
1407 4435 1710 4492 infirmari:

151 4517 232 4585 qui
257 4519 417 4573 etiam
448 4535 560 4574 non
590 4529 712 4591 post
756 4522 924 4576 multo
954 4530 1256 4592 temporum
1287 4523 1589 4589 intervallo,
1632 4541 1717 4581 se-

151 4620 242 4660 nex
274 4618 328 4664 et
361 4610 560 4678 plenus
589 4611 820 4676 dierum,
852 4614 904 4666 in
935 4629 1066 4683 pace
1092 4614 1346 4684 migravit
1372 4615 1440 4670 de
1466 4615 1569 4670 hac
1597 4615 1715 4672 luce

155 4699 415 4766 temporali
459 4701 530 4754 ad
558 4701 751 4765 lucem,
796 4703 1085 4766 credimus,
1121 4705 1237 4759 sine
1271 4705 1376 4760 fine
1406 4707 1711 4762 durantem.

154 4782 238 4841 Cui
267 4805 504 4861 namque
537 4795 796 4848 successit
822 4795 1113 4866 Baugolfus
1153 4794 1528 4871 Germanicus,
1566 4799 1714 4869 ejus-

155 4878 260 4935 dem
299 4885 617 4939 monasterii
656 4888 971 4941 monachus.
1015 4888 1128 4942 Ho:
1185 4889 1440 4942 nimirum
1471 4901 1716 4946 cessante

1832 1061 2088 1114 auxilium
2137 1061 2282 1114 circa
2326 1076 2426 1115 nos
2451 1061 2705 1116 Ludovici
2747 1063 3077 1119 serenissimi
3118 1063 3344 1138 Augusti
3377 1087 3392 1124 :

1831 1149 1981 1216 cujus
2003 1149 2165 1204 etiam
2195 1165 2290 1204 cor
2310 1159 2492 1204 nostra
2522 1151 2738 1206 miseria
2765 1152 2896 1207 adeo
2923 1164 3307 1222 commoverat,
3337 1166 3397 1214 ut

1830 1239 2032 1294 diceret
2085 1256 2143 1294 se
2177 1248 2382 1293 tantum
2432 1241 2632 1296 doloris
2661 1258 2934 1312 nunquam
2980 1255 3283 1315 expertum,
3309 1263 3398 1304 ex-

1827 1339 1983 1400 cepto
2012 1346 2099 1396 eo,
2122 1331 2212 1400 qui
2243 1332 2291 1384 ei
2318 1330 2592 1385 acciderat
2619 1347 2685 1386 ex
2721 1341 2890 1387 morte
2922 1335 3093 1390 beata:
3123 1339 3396 1394 memoria:

1827 1424 2002 1479 Caroli
2035 1427 2294 1497 genitoris
2341 1425 2442 1480 sui.
2480 1425 2576 1480 Hic
2624 1427 2788 1497 igitur
2833 1429 2978 1483 misit
3022 1432 3239 1488 nuntios
3267 1449 3395 1489 suos

1823 1513 2001 1568 Aaron
2048 1523 2102 1569 et
2145 1513 2482 1569 Adalfridum
2539 1530 2662 1569 cum
2695 1517 2857 1570 sociis
2902 1518 3164 1585 ipsorum,
3209 1537 3394 1576 mona-

1823 1605 1953 1660 chos
1977 1605 2207 1670 scilicet,
2247 1606 2612 1660 occidentales
2654 1605 2703 1671 d,
2739 1608 2828 1675 qui
2873 1625 2970 1663 nos
3002 1610 3055 1664 in
3104 1615 3396 1670 tentatione

1820 1694 2132 1763 temporalis
2177 1695 2408 1748 miseriae
2455 1694 2781 1749 consolando
2830 1697 3202 1765 sublevarent;
3241 1711 3314 1767 et,
3349 1704 3394 1758 si

1818 1800 1938 1852 quae
1980 1785 2046 1838 de
2074 1785 2271 1854 regulm
2304 1785 2570 1839 institutis
2608 1786 2747 1855 apud
2781 1802 2878 1841 nos
2901 1797 2994 1841 aut
3021 1789 3272 1859 inctepta,
3300 1801 3395 1847 aut

1820 1875 2024 1944 dilapsa
2085 1875 2332 1939 fuissent,
2385 1874 2626 1928 fraterna
2679 1876 2966 1932 dilectione
3011 1882 3394 1944 praemonendo

1818 1966 2172 2033 corrigerent.
2710 2012 2712 2018 ,

1885 2057 1937 2110 6.
1987 2057 2215 2112 Eramus
2258 2057 2472 2126 quidem
2526 2057 2694 2111 multo
2747 2065 2984 2126 tempore
3032 2059 3085 2112 in
3141 2063 3390 2118 cmnobio

1816 2151 2068 2216 degentes
2099 2150 2260 2204 vitam
2301 2150 2540 2218 quietam
2576 2151 2677 2204 sub
2703 2165 2888 2204 eorum
2937 2151 3270 2222 magisterio,
3298 2155 3392 2208 ad—

1816 2244 1926 2297 dito
1951 2248 2260 2312 praeposito,
2291 2244 2508 2298 decanis
2537 2244 2604 2297 ab
2646 2244 2851 2298 eisdem
2879 2245 3208 2300 constitutis.
3239 2247 3393 2302 Post—

1817 2334 2031 2388 modum
2063 2348 2296 2403 namque
2339 2335 2684 2405 congregatio
2719 2333 2950 2388 fratrum
2991 2335 3129 2390 inito
3167 2336 3392 2391 consilio

1817 2440 1938 2479 cum
1989 2424 2166 2477 Aaron
2219 2432 2274 2477 et
2323 2425 2488 2478 sociis
2551 2425 2685 2493 ejus,
2733 2424 2993 2478 miserunt
3050 2424 3388 2480 Adalfridum

1816 2528 1980 2566 unum
2011 2528 2077 2566 ex
2099 2513 2202 2577 eis,
2231 2513 2404 2566 virum
2434 2512 2516 2582 (ut
2544 2515 2697 2568 nobis
2729 2514 3030 2585 videbatur)
3061 2517 3197 2570 bene
3227 2517 3393 2570 mori-

1816 2613 2080 2674 geratum,
2122 2615 2322 2660 etcum
2350 2620 2414 2660 eo
2441 2606 2636 2659 fratres
2674 2614 2884 2660 I'IOSII‘OS
2925 2607 2991 2660 ad
3038 2607 3386 2676 imperatoris

1816 2695 2180 2759 clementiam,
2224 2695 2268 2748 si
2336 2695 2473 2749 forte
2512 2695 2829 2766 dignaretur
2874 2697 3002 2764 quid
3053 2696 3288 2766 indignis
3323 2698 3391 2752 de

1817 2787 2030 2840 abbatis
2081 2786 2343 2840 electione
2377 2795 2812 2855 praemonstrare.
2858 2785 3062 2850 Quibus
3111 2800 3240 2840 sane
3287 2786 3393 2841 cle-

1816 2885 2028 2931 menter
2054 2876 2339 2944 susceptis,
2371 2876 2687 2930 electionem
2721 2875 3018 2950 concessit;
3053 2859 3125 2938 et,
3163 2883 3222 2928 ut
3247 2883 3391 2930 esset

1816 2967 2004 3021 eadem
2041 2966 2233 3021 electio
2263 2967 2558 3021 secundum
2600 2965 2796 3035 regulae
2827 2965 3227 3030 auctoritatem,
3255 2967 3390 3021 satis

1813 3057 2092 3111 evidenter
2127 3056 2358 3115 edocuit.
2394 3072 2534 3124 saepe
2560 3071 2991 3129 commemorans
3015 3057 3388 3112 austeritatem

1814 3147 2088 3203 indiscreti
2129 3148 2381 3218 pastoris.
2412 3147 2544 3202 Cum
2594 3157 2772 3203 autem
2819 3164 3040 3204 reversa
3083 3159 3231 3204 esset
3273 3150 3389 3204 hzec

1813 3240 2000 3293 eadem
2042 3239 2258 3309 legatio,
2305 3250 2360 3294 et
2393 3241 2648 3295 intrasset
2685 3242 3074 3310 monasterium
3129 3242 3384 3308 Fuldam;

1813 3331 2152 3399 congregatis
2176 3330 2461 3384 Fratribus
2506 3330 2855 3400 Imperatoris
2879 3333 3192 3387 mandatum
3232 3348 3392 3402 expo-

1813 3420 1920 3472 suit
1945 3421 2046 3473 hoc
2077 3421 2234 3474 modo
2273 3439 2284 3472 :
2319 3439 2336 3469 ι
2367 3420 2610 3485 Fratres,
2645 3421 2944 3476 Ludovicus
2967 3437 3191 3477 serenus
3210 3424 3392 3492 Augu-

1815 3517 1931 3563 stus
1981 3509 2326 3562 remandavit
2370 3511 2522 3566 vobis
2569 3510 2798 3564 salutem
2852 3529 2863 3562 :
2909 3512 3226 3567 electionem
3263 3529 3391 3569 vero

1817 3615 1976 3668 quam
2004 3601 2236 3668 petistis,
2262 3599 2419 3654 hilari
2449 3601 2596 3656 vultu
2619 3603 2955 3670 perdonavit.
2981 3604 3206 3673 Insuper
3227 3605 3391 3658 etiam

1819 3691 1920 3744 hoc
1942 3690 2208 3758 frequenti
2243 3691 2609 3746 admonitione
2636 3695 2901 3762 repetivit,
2936 3703 2994 3748 ut
3021 3695 3164 3748 hunc
3196 3695 3353 3749 talem
3373 3736 3388 3762 ,

1817 3783 1861 3836 si
1890 3781 2011 3852 quis
2049 3784 2138 3847 sit,
2173 3783 2224 3836 in
2255 3783 2357 3837 hoc
2380 3798 2516 3852 opus
2541 3783 2771 3853 eligatis;
2800 3784 2892 3853 qui
2917 3783 3074 3840 vobis
3093 3787 3388 3840 secundum

1817 3873 1983 3926 Deum
2013 3883 2067 3926 et
2095 3882 2292 3928 sanctae
2335 3873 2550 3944 Regula:
2590 3874 2967 3928 auctoritatem
2992 3873 3116 3927 velit
3147 3889 3268 3928 esse
3295 3889 3390 3943 pa-

1815 3972 1918 4026 ter,
1957 3971 2012 4017 et
2040 3965 2225 4033 possit.
2265 3985 2282 4016 ι
2317 3965 2410 4018 His
2453 3972 2632 4018 autem
2664 3963 2858 4019 fratres
2894 3964 3093 4019 auditis
3119 3964 3386 4019 sermoni-

1812 4057 1912 4110 hus
1943 4058 2094 4126 proni
2140 4058 2525 4122 adoraverunt,
2555 4058 2759 4128 gratias
2787 4068 3009 4128 agentes
3050 4059 3384 4128 imperatori.

1812 4145 2003 4201 Postea
2029 4164 2157 4202 vero
2189 4167 2218 4203 a
2249 4150 2552 4204 senioribus
2581 4166 2898 4219 persuasum
2925 4160 3009 4205 est
3033 4159 3241 4205 cunctre
3267 4166 3391 4204 con-

1814 4237 2132 4306 gregationi,
2176 4247 2233 4291 ut
2263 4241 2364 4293 hoc
2407 4240 2681 4308 negotium
2711 4241 2963 4307 precibus
2990 4239 3114 4292 altis
3152 4239 3246 4293 Dei
3275 4240 3388 4293 dis-

1815 4327 2066 4394 positioni
2101 4330 2483 4381 commendare
2515 4329 2817 4391 studerent,
2856 4335 2912 4382 et
2961 4327 3190 4381 invicem
3227 4328 3391 4383 collo-

1815 4419 2030 4486 quendo
2053 4426 2109 4472 et
2136 4419 2461 4488 disputando
2499 4433 2714 4488 semper
2742 4419 2809 4474 ad
2835 4418 2953 4489 ejus
2984 4416 3189 4474 referre
3211 4418 3393 4475 volun-

1815 4515 1999 4563 tatem.

1884 4599 1935 4652 7.
1971 4599 2106 4656 Hinc
2148 4609 2328 4656 tamen
2377 4602 2582 4656 interea
2624 4601 2923 4672 quaestione
2965 4601 3210 4665 suborta,
3245 4601 3390 4658 facta

1814 4701 1896 4746 est
1923 4708 2030 4747 non
2073 4695 2283 4748 modica
2333 4695 2616 4760 dissensio,
2663 4695 2806 4750 sicut
2835 4709 2976 4765 saepe
3028 4694 3143 4749 fieri
3171 4695 3309 4750 solet
3337 4697 3390 4752 in

1815 4781 1972 4836 turba
2018 4783 2244 4839 diversae
2273 4784 2564 4840 voluntatis
2595 4805 2607 4838 :
2642 4802 2764 4855 qua:
2803 4770 3258 4877 tumultuandoﬁt
3293 4787 3391 4842 ﬂu-

1816 4875 2048 4928 ctuando
2088 4891 2194 4929 non
2224 4876 2384 4939 valet,
2420 4877 2521 4932 nisi
2561 4879 2754 4934 unitati
2797 4879 3134 4946 acquiescat,
3175 4875 3387 4948 portum

156 4965 426 5042 Batgarius
443 4975 735 5046 cligiturin
759 4986 966 5046 patrem
987 4978 1122 5032 mira
1144 4977 1429 5032 concordia
1455 4978 1711 5034 fratrum:
1740 5002 1794 5061 D
1819 4985 2012 5038 cal)ere
2051 4970 2314 5024 νεΐίῑείιίδο
2359 4970 2691 5024 crescebant
2742 4986 2975 5039 namque
3019 4971 3163 5025 ίηιετ
3198 4970 3391 5024 fratres

155 5074 248 5129 quo
262 5060 369 5129 jam
399 5074 422 5103 α
448 5066 745 5121 decedente
765 5068 834 5122 ob
859 5067 1146 5138 quamdam
1177 5068 1523 5132 discordiam,
1549 5085 1713 5138 quam

156 5153 549 5210 seminaverunt
593 5157 736 5212 inter
767 5173 886 5212 eum
931 5165 988 5212 et
1038 5157 1234 5213 fratres
1280 5158 1422 5213 illius
1470 5162 1711 5216 membra

217 5289 440 5360 {Vitam
483 5290 626 5346 banc
671 5291 936 5347 excilisse
976 5291 1237 5360 suspicor,
1287 5306 1408 5346 cum
1444 5308 1563 5348 eam
1607 5309 1714 5348 non

157 5353 336 5431 viderit
367 5359 678 5426 Brovverus,
725 5362 813 5431 qui
849 5353 1189 5415 monumenta
1226 5360 1506 5416 Flllt'CﬂSiS
1533 5377 1718 5417 mona-

159 5429 293 5499 sterii
319 5432 578 5486 excussit.
612 5429 756 5499 Lege
792 5431 1192 5486 observationes
1211 5431 1456 5498 praevias,
1489 5447 1633 5484 num.
1661 5432 1714 5486 5.

223 5496 318 5570 l'Id
345 5510 430 5556 est
479 5496 713 5562 scholis:
729 5501 803 5555 uti
847 5501 1069 5570 exigunt
1097 5496 1394 5565 sequentia,
1431 5518 1535 5554 non
1567 5502 1714 5555 collre

162 5562 508 5635 Novitiorum,
532 5587 650 5642 quae
683 5571 875 5626 schola:
903 5562 1713 5642 nominealiquandointelligi-

164 5642 263 5716 tur,
286 5647 343 5716 ut
366 5640 573 5716 notavit
598 5642 885 5698 Menardus
910 5651 1095 5697 noster
1124 5640 1178 5696 in
1203 5649 1364 5711 caput
1389 5641 1454 5694 15
1482 5641 1716 5696 Concor-

165 5703 259 5762 dia
286 5709 638 5783 ﬁegularum.
979 5782 984 5783 ί
1083 5781 1117 5783 _
1161 5781 1209 5783 η
1268 5703 1284 5711 ’
1395 5755 1398 5758 .

232 5786 255 5815 ⁸
290 5778 404 5836 Hoc
447 5791 530 5836 est
562 5782 785 5852 dejecto.
818 5782 1051 5839 Annales
1081 5781 1372 5838 Fuldenses
1418 5782 1484 5838 ad
1517 5797 1714 5837 annum

1819 5061 2124 5114 alternatim
2165 5076 2460 5124 sermones,
2491 5062 2856 5130 procedebant
2883 5062 2935 5115 in
2960 5062 3230 5131 publicum
3271 5073 3390 5111 ver-

1817 5152 1906 5218 ba,
1940 5153 2132 5221 saepius
2155 5153 2208 5206 in
2231 5153 2545 5208 abscondito
2566 5155 2922 5210 murmuratio
2947 5171 2961 5208 :
2987 5153 3205 5222 quidam
3225 5151 3384 5215 hunc,

1817 5291 1941 5345 8l7.
1975 5286 2254 5358 Ratgarius
2279 5288 2436 5342 abbas
2465 5287 2744 5345 Fuldensis
2770 5285 3000 5342 ϐωτιοὸἰὶ
3030 5292 3305 5336 accusatus
3353 5300 3388 5337 α

1822 5358 2074 5434 fratribus
2095 5366 2143 5411 et
2169 5360 2430 5434 conuictus
2453 5360 2746 5434 de‘ponitug.
2913 5422 2946 5434 Α
3146 5422 3158 5434 _

1894 5429 1919 5468 τι
1953 5429 2007 5481 ld
2039 5439 2122 5482 est
2163 5427 2466 5484 Gallicanos
2497 5422 2664 5482 {nam
2699 5425 2867 5480 Gallia
2908 5422 3210 5477 Germania:
3237 5424 3384 5480 occi-

1828 5498 2054 5555 dentalis
2069 5506 2169 5558 est,
2197 5515 2331 5553 nova
2351 5499 2600 5563 Francia,
2623 5507 2676 5551 et
2695 5493 3043 5550 occidentalis
3061 5509 3125 5546 eo
3147 5502 3388 5563 tempore

1822 5571 1982 5624 dicta.
2010 5570 2187 5625 Aaron
2212 5578 2265 5624 et
2283 5568 2612 5629 Aslalfridus,
2642 5564 2793 5631 cujus
2822 5563 3130 5618 monasterii
3159 5564 3378 5628 fuerint,

1779 5671 1783 5673 λ
1821 5640 2063 5695 divinare
2091 5639 2276 5694 nolim.
2311 5639 2454 5693 Inter
2478 5637 2676 5690 fratres
2703 5635 3036 5701 conscriptos
3070 5635 3384 5690 monasterii

1823 5711 1992 5765 sancti
2018 5710 2152 5763 Galli
2189 5716 2498 5762 recensetur
2527 5705 2706 5758 Aaron
2734 5704 3017 5759 monachus
3059 5705 3124 5760 de
3155 5704 3382 5770 εωθιορἱο

1823 5781 1989 5834 sancti
2017 5779 2161 5834 Petri
2182 5777 2342 5846 fontis
2369 5775 2557 5829 Bosua:
2583 5775 2636 5830 iu
2669 5775 2988 5846 Burgundia.
