4006 6452
532 295 636 352 387

1624 289 1681 345 S.
1721 285 1967 344 ElGILlS
2000 283 2296 341 ABBATIS
2331 282 2716 342 FULDENSIS

3698 283 3813 344 388

529 411 749 483 quidam
763 424 895 468 vero
913 409 1067 466 illum
1087 409 1189 467 sibi
1204 423 1436 481 praeesse
1451 411 1800 466 contendunt.
1817 408 1987 476 Quem
2004 424 2112 462 una
2217 401 2318 455 hoc
2345 401 2526 464 modo,
2553 400 2679 454 licet
2712 400 2765 453 in
2794 396 3011 469 angulo,
3045 401 3391 452 susurrantes
3428 410 3444 449 :
3487 414 3506 448 ι
3541 396 3601 452 Si
3633 405 3690 454 te
3725 387 3814 457 vel

529 495 764 558 societas
788 502 1098 572 appetebat,
1140 501 1309 556 altera
1330 501 1658 572 denegabat;
1693 509 1747 555 et
1782 501 1837 554 in
1861 499 2112 554 omnibus

528 597 617 654 his
651 595 1180 651 confabulationibus
1221 609 1435 663 semper
1487 593 1554 648 ad
1584 592 1891 664 exemplum
1925 590 2110 662 amissi

531 693 739 747 abbatis
789 690 1080 745 austeritas
1117 691 1459 751 versabatur,
1490 703 1648 756 quem
1700 702 1806 740 non
1856 695 1966 750 tam
2013 701 2112 739 sua

529 797 694 851 quam
745 781 1084 836 adulatorum
1125 787 1180 834 et
1216 787 1592 834 accusatorum
1633 778 1983 832 subvertebat
2018 793 2114 832 ne-

531 874 723 944 quitia.
776 871 1003 940 Quidam
1051 879 1230 925 autem
1270 870 1545 932 Fratrum,
1585 871 1652 924 de
1699 869 1866 925 nobili
1916 882 2114 940 genere

532 967 783 1030 abbatem
832 965 937 1022 sibi
981 978 1170 1020 creare
1215 965 1393 1020 conati
1447 971 1593 1028 sunt,
1640 963 1883 1018 dicentes
1933 980 1947 1016 :
1992 980 2012 1014 ι
2052 960 2112 1016 Si

533 1057 680 1120 hunc
725 1055 1072 1126 suscipimus,
1123 1053 1362 1111 defendit
1389 1068 1490 1109 nos
1542 1060 1732 1110 contra
1776 1053 2005 1108 comites
2057 1059 2115 1107 et

533 1147 868 1219 [intentiores
885 1147 1073 1212 nobis;
1096 1146 1227 1215 quin
1249 1152 1306 1199 et
1322 1145 1707 1215 imperatorem
1734 1145 1892 1199 nobis
1914 1159 2011 1197 sua
2037 1143 2116 1201 di-

534 1242 743 1311 gnitate
765 1241 1056 1312 propitium
1091 1239 1238 1294 facit.
1271 1237 1436 1294 Scitis
1461 1237 1666 1308 quare?
1702 1238 1826 1307 quia
1871 1236 2032 1291 habet
2059 1235 2116 1290 in

533 1336 735 1407 palatio
783 1333 1218 1404 generositatem.
1274 1351 1294 1384 ι
1352 1331 1524 1402 Hujus
1577 1331 1765 1397 itaque
1826 1326 2115 1386 assertioni

536 1427 675 1484 alius
717 1426 988 1490 obsiabat,
1047 1423 1275 1480 dicendo
1318 1440 1332 1475 :
1369 1440 1388 1474 ι
1435 1407 1728 1489 Quiescite,
1772 1419 1990 1484 fratres,
2047 1419 2116 1473 ab

535 1518 640 1572 hac
661 1517 770 1571 alta
791 1525 848 1571 et
865 1530 1131 1587 generosa
1156 1514 1440 1578 electione,
1470 1513 1595 1581 quia
1618 1511 1832 1564 infirma
1855 1509 2038 1565 mundi
2061 1517 2118 1564 et

536 1608 965 1679 eontemptibilia
1014 1606 1179 1678 elegit
1228 1605 1390 1660 Deus.
1439 1603 1732 1658 lnilrmitas
1777 1615 2010 1670 namque
2061 1600 2117 1655 in

535 1701 648 1766 Deo
701 1699 1011 1760 innocentia
1057 1705 1164 1763 est,
1215 1694 1540 1766 ignobilitas.
1565 1702 1747 1748 autem
1794 1692 2112 1746 humilitas:

2218 508 2267 552 te
2292 499 2448 550 nobis
2473 497 2822 566 przeﬁcimus,
2851 495 2937 548 die
2975 493 3152 557 nobis,
3184 507 3430 556 oramus,
3463 492 3519 546 in
3543 494 3810 562 veritate,

2215 588 2260 656 si
2287 587 2418 650 velis
2440 596 2569 654 tunc
2611 586 2764 639 nobis
2789 583 2969 638 facere
3004 583 3140 637 bene
3167 599 3180 634 :
3205 592 3459 651 putamus
3497 597 3648 650 sane,
3671 587 3813 654 quid

2214 677 2370 739 velis,
2400 684 2455 738 et
2487 674 2686 738 facias;
2733 682 2790 727 tu
2833 673 2976 727 enim
3019 672 3185 736 nosti,
3212 688 3334 727 cum
3379 672 3525 740 quali
3572 674 3815 729 tribulaa

2216 770 2364 822 tione
2392 781 2678 836 corporum
2729 771 2784 820 et
2815 765 3118 818 animarum
3165 764 3429 833 periculo,
3471 765 3812 836 degebamus

2215 859 2376 916 simul
2403 860 2456 913 in
2484 860 2588 912 hoc
2614 857 2948 911 monasterio
2970 856 3069 909 sub
3097 855 3291 910 abbate
3322 855 3584 926 litigioso;
3615 872 3680 913 ac
3706 861 3814 930 per

2212 954 2320 1008 hoc
2347 951 2638 1014 credimus,
2667 948 2793 1018 quia
2820 947 2993 1004 neStri
3035 945 3333 1012 misereris.
3367 946 3492 1003 Scis
3515 948 3669 1004 enim
3711 943 3810 1007 ubi

2214 1043 2306 1098 ille
2342 1041 2580 1106 errabat,
2620 1039 2757 1094 etin
2787 1038 2935 1093 illam
2963 1045 3172 1108 partem
3198 1053 3306 1093 non
3330 1039 3651 1097 declinabis.
3682 1042 3814 1100 Fm-t

2215 1132 2344 1188 dum
2369 1139 2452 1187 est
2478 1131 2624 1186 enim
2652 1129 2796 1200 apud
2821 1139 2893 1194 te,
2923 1136 2984 1182 ut
3008 1129 3353 1200 postmodum
3378 1129 3431 1184 id
3456 1129 3632 1196 facias
3657 1134 3807 1202 quod

2216 1230 2376 1278 antea
2407 1222 2462 1278 in
2487 1220 2612 1276 odio
2634 1218 2900 1284 habuisti;
2932 1228 2986 1273 et
3016 1219 3108 1288 qui
3128 1217 3295 1286 alium
3317 1220 3592 1286 quondam
3619 1221 3676 1274 in
3697 1223 3814 1291 prid

2217 1323 2367 1370 matu
2409 1311 2763 1368 constitutum
2794 1311 3142 1380 vituperabas
3183 1310 3240 1363 in
3284 1309 3495 1376 multis,
3526 1310 3586 1364 in
3607 1310 3809 1367 eodem

2216 1405 2451 1475 primatu
2474 1402 2820 1473 postmodum
2843 1402 2895 1455 in
2923 1401 3131 1456 eisdem
3177 1401 3630 1470 reprehensiﬁlis
3660 1402 3813 1458 inve-

2217 1501 2386 1568 niat-is
2416 1519 2429 1554 :
2459 1515 2523 1555 ac
2543 1515 2640 1569 per
2662 1500 2766 1555 hoc
2792 1499 3046 1565 maxime,
3070 1500 3198 1570 quia
3229 1516 3372 1556 nune
3400 1502 3690 1558 nobiscum
3711 1502 3806 1557 de-

2218 1592 2456 1657 testaris,
2490 1593 2752 1662 reprobas
2801 1592 3033 1648 rectoris
3079 1576 3158 1646 tui
3185 1601 3241 1648 et
3279 1591 3494 1660 judicas
3539 1594 3807 1648 actiones.

2222 1684 2362 1752 Quid
2386 1686 2524 1741 dicis
2551 1687 2618 1739 ad
2657 1685 2813 1740 haec?
2853 1684 3086 1740 fortasse
3111 1687 3272 1744 nobis
3315 1687 3496 1741 omnia
3525 1688 3674 1743 bona
3713 1693 3812 1758 prd

534 1756 661 1845 nam
707 1756 1020 1852 innocentia
1057 1756 1176 1843 sine
1206 1756 1317 1844 Deo
1367 1786 1654 1841 infirmitas
1685 1785 2014 1847 aestimatur;
2063 1791 2122 1839 et
2146 1756 2196 1817 Β
2224 1783 2318 1830 tua
2357 1775 2718 1845 possibilitate
2752 1776 3070 1845 promittis?
3108 1777 3205 1832 sed
3251 1793 3376 1832 cum
3407 1777 3614 1834 electus
3645 1756 3814 1836 fueris

536 1882 817 1937 humilitas
862 1897 971 1937 non
998 1890 1220 1950 prepter
1261 1881 1433 1934 Deum
1473 1876 1777 1948 ignobilitas
1821 1875 2116 1944 judicatur.

540 1969 660 2024 Tali
695 1971 882 2034 etiam,
939 1984 1048 2023 non
1086 1969 1206 2024 dico
1237 1968 1530 2032 nobilitati,
1581 1966 1676 2021 sed
1705 1964 2032 2036 ignobilitati
2071 1964 2121 2019 si

539 2061 680 2118 colla
714 2062 1055 2132 subjicimus,
1081 2076 1190 2130 quo
1219 2077 1317 2114 nos
1344 2061 1629 2126 vertimus,
1675 2061 1721 2113 si
1755 2074 1976 2114 aversus
2006 2056 2121 2113 fue-

540 2153 613 2208 rit
641 2167 674 2206 a
715 2152 872 2207 nobis
897 2153 1206 2222 Opprimens
1252 2152 1388 2206 nos?
1428 2151 1473 2205 si
1505 2151 1554 2206 ei
1584 2151 1858 2206 humiliter
1884 2149 2123 2220 suggeri-

539 2261 664 2302 mus
683 2253 747 2300 ut
771 2247 1030 2316 quiescat,
1063 2244 1295 2299 fortasse
1335 2245 1527 2314 majori
1557 2252 1861 2300 commotus
1902 2244 2120 2297 iracun-

541 2335 650 2400 dia,
681 2349 786 2389 non
810 2335 1060 2404 quiescit,
1083 2335 1210 2404 quia
1228 2333 1608 2392 conﬁdentiam
1635 2334 1797 2388 habet
1819 2334 1872 2387 in
1899 2333 2124 2403 propin-

542 2428 683 2498 quis.
716 2446 736 2480 ι
773 2426 870 2482 llis
906 2441 1121 2496 quoque
1171 2426 1276 2480 hoc
1326 2425 1486 2480 modo
1531 2425 1941 2490 altercantibus,
1986 2424 2124 2479 alius

542 2520 760 2590 quidem
789 2513 1012 2588 propius
1039 2517 1236 2573 sedens
1261 2516 1581 2581 afﬁrmabat,
1614 2518 1785 2573 satius
1815 2518 2124 2588 eligendum
2164 2551 2171 2558 -

541 2618 752 2682 patrem
804 2608 1050 2670 doctrina
1098 2608 1424 2679 pollentem,
1476 2609 1614 2664 alius
1655 2607 1932 2677 juvenem,
1985 2608 2126 2664 alius

543 2702 895 2762 mediocrem.
921 2699 1166 2756 Eeentra
1192 2716 1322 2754 vero
1344 2700 1434 2756 alii
1456 2709 1811 2756 retractantes
1837 2701 2120 2756 dicebant:

551 2810 572 2845 ς
611 2791 671 2846 Si
691 2792 908 2866 doctum
945 2798 1002 2844 et
1024 2791 1186 2845 nimis
1219 2791 1560 2859 eloquentem
1584 2791 2038 2860 promoverimus,
2069 2796 2126 2844 et

543 2886 886 2956 postmodum
917 2900 1103 2941 sanam
1131 2884 1432 2940 doctrinam
1455 2892 1802 2953 postponens,
1830 2883 2124 2936 iracundus

545 2985 604 3032 et
629 2977 931 3032 obstinatus
977 2984 1166 3030 contra
1204 2985 1534 3046 praeceptum
1563 2974 1812 3028 veritatis
1855 2973 2017 3048 fuerit
2045 2972 2125 3028 ef-

547 3067 753 3132 feetus;
784 3067 914 3137 quid
957 3065 1260 3122 faciemus?
1306 3067 1407 3120 scit
1434 3065 1579 3120 enim
1609 3065 1933 3135 multiplices
1962 3065 2125 3136 syllo¢

547 3159 772 3230 gismos,
808 3166 863 3214 et
887 3157 1140 3228 deprimit
1171 3173 1293 3224 nos,
1324 3173 1448 3212 cum
1476 3157 1794 3212 austeritate
1824 3173 1995 3226 pauca
2019 3157 2123 3212 sibi

549 3251 864 3322 suppliciter
891 3258 1264 3322 suggerentes,
1299 3250 1427 3304 licet
1447 3249 1650 3319 justam
1682 3249 1975 3304 habeamus
2001 3265 2130 3319 que-

548 3347 747 3411 relam;
777 3353 870 3399 aut
889 3343 1028 3398 forte
1048 3343 1214 3414 (quod
1242 3343 1562 3416 timendum,
1586 3342 1714 3411 quin
1744 3349 1800 3396 et
1835 3341 2123 3396 dolendum

548 3437 656 3509 est)
679 3441 724 3491 si
745 3435 861 3504 ejus
880 3433 1237 3490 obstinationi
1263 3432 1540 3502 paululum
1566 3432 1875 3487 necessario
1904 3446 2127 3500 respon-

550 3543 669 3585 sum
697 3525 1025 3586 dederimus,
1060 3524 1136 3578 ita
1173 3523 1368 3578 dixerit
1399 3541 1411 3576 :
1443 3521 1621 3589 Quare
1660 3522 1988 3576 contenditis
2017 3536 2128 3576 me-

545 3636 694 3686 eum,
733 3633 858 3674 cum
889 3615 1070 3685 regula
1099 3615 1386 3685 prohibeat
1429 3612 1511 3668 uti
1554 3613 1851 3670 monachus
1875 3628 1997 3667 cum
2033 3613 2129 3668 ab.

549 3713 674 3766 hate
694 3723 794 3764 suo
813 3723 924 3763 non
947 3693 1270 3761 contendat?
1300 3712 1354 3758 et
1383 3704 1464 3759 sic
1491 3718 1614 3759 cum
1642 3703 1894 3768 voluerit,
1923 3711 1976 3757 et
1995 3718 2130 3771 quo-

547 3802 866 3869 tiescunque
943 3797 1205 3861 voluerit,
1279 3796 1642 3852 necessariam
1726 3795 2129 3866 suggestionem

551 3891 697 3946 dicet
733 3903 852 3944 esse
876 3888 1313 3951 contentionem;
1338 3903 1400 3942 ac
1430 3903 1528 3956 per
1549 3887 1672 3952 hoc,
1699 3885 1912 3949 fratres,
1945 3885 2126 3940 omnia

549 3990 666 4037 tuta
689 3982 941 4036 timentes
964 3980 1337 4042 formidamus,
1369 3987 1422 4033 et
1446 3979 1717 4032 nescimus
1747 3993 1853 4047 quo
1879 3993 1978 4033 nos
2007 3993 2128 4032 ver-

550 4081 752 4128 tamus.
784 4071 843 4126 ln
870 4071 1054 4125 multis
1082 4069 1348 4138 siquidem
1379 4071 1544 4124 rebus
1573 4070 1854 4124 conterriti
1891 4086 2076 4126 sumus
2111 4084 2125 4123 :

549 4163 698 4235 quia,
721 4169 781 4216 ut
807 4162 968 4234 vulgo
993 4161 1208 4224 dicitur,
1243 4157 1415 4213 Homo
1441 4159 1709 4213 ustulatus
1742 4159 1922 4229 ignem
1951 4160 2122 4213 timet.

546 4255 737 4312 Nonne
781 4237 944 4327 igitur
984 4254 1112 4320 ista,
1158 4267 1278 4324 qua:
1320 4250 1664 4330 protulimus,
1697 4252 1770 4306 ita
1813 4252 1966 4307 nobis
2010 4251 2126 4320 jam

548 4349 714 4405 fuisse
750 4348 836 4403 vel
883 4348 1138 4429 deinceps
1186 4345 1303 4400 fieri
1333 4359 1492 4415 posse
1535 4345 1820 4400 videntur?
1871 4344 2123 4402 Nonnulli

547 4440 712 4510 igitur
733 4454 803 4494 ex
821 4440 1044 4505 nostris,
1084 4453 1223 4508 quos
1251 4439 1391 4492 bene
1420 4436 1734 4491 fraternitas
1759 4446 1940 4491 vestra
1971 4440 2123 4493 novit

547 4544 617 4586 ex
646 4531 884 4594 nomine,
938 4530 1040 4583 sub
1084 4537 1348 4599 praetextu
1379 4528 1606 4597 alicujus
1643 4529 1894 4586 utilitatis
1920 4534 1987 4586 ad
2017 4533 2122 4587 alia

546 4619 876 4676 monasteria
900 4627 1123 4696 propter
1163 4619 1452 4687 quamdam
1477 4620 1855 4689 parvissimam
1897 4637 2120 4690 respon-

547 4711 756 4768 sionem
790 4711 1113 4767 necessarite
1153 4711 1406 4766 dictionis
1448 4711 1503 4766 in
1531 4713 1783 4768 exsilium
1819 4715 2123 4770 transmissi

545 4805 771 4878 prepriq
813 4803 932 4859 loco
977 4803 1282 4874 privantur,
1312 4811 1368 4858 et
1388 4801 1552 4876 (quod
1582 4820 1647 4859 eo
1684 4805 1950 4874 siquidem
1982 4813 2121 4860 tem-

543 4909 679 4970 pore
711 4896 857 4951 dictu
901 4904 956 4950 et
997 4895 1118 4950 visu
1147 4895 1456 4966 miserabile
1505 4895 1627 4969 fuit)
1657 4913 1813 4952 senes
1845 4904 2004 4965 atque
2031 4898 2124 4952 de-

547 4987 739 5058 crepiti
783 4986 983 5057 absque
1004 4987 1114 5042 ulla
1143 4987 1492 5044 miseratione
1522 4989 1589 5044 ad
1621 4989 1830 5044 diversa
1863 4989 1978 5044 loca
2009 4996 2122 5043 tra-

545 5082 816 5138 hebantur
845 5078 1019 5135 inviti.
1049 5077 1232 5147 Scitis,
1277 5079 1494 5145 fratres,
1525 5081 1571 5135 si
1596 5081 1713 5135 haec
1742 5081 1814 5134 ita
1839 5080 1978 5134 sint?
2007 5079 2124 5134 Sci-

547 5189 672 5229 mus
689 5173 806 5228 sine
827 5173 1012 5239 dubio,
1037 5173 1162 5244 quia
1183 5174 1354 5239 scitis,
1379 5189 1478 5230 nec
1497 5189 1596 5228 vos
1614 5173 1808 5227 horum
1829 5174 2121 5243 quidquam

546 5263 720 5334 latere
747 5273 946 5335 potest,
979 5280 1207 5335 quorum
1233 5266 1479 5335 notitiam
1500 5266 1658 5335 longe
1687 5273 1930 5336 tempore
1953 5280 2124 5334 penes

555 5373 650 5414 vos
687 5359 971 5415 habuistis.
1005 5379 1024 5412 ι
1061 5358 1154 5414 Sic
1179 5368 1234 5413 et
1261 5359 1359 5424 sic,
1392 5358 1562 5413 inter
1591 5358 1846 5425 Modesto,
1894 5359 2121 5430 quaestio

547 5450 772 5516 suborta
810 5450 1160 5518 versabatur;
1217 5459 1272 5505 et
1316 5451 1398 5505 sic
1439 5450 1506 5504 de
1539 5448 1845 5518 hujusmodi
1873 5450 2122 5522 personis

546 5536 763 5593 diversa
791 5538 1084 5602 sentientes
1109 5538 1378 5594 dicebant.
1405 5536 1513 5594 Sed
1532 5552 1632 5592 nec
1654 5539 1871 5608 quidem
1896 5537 2121 5594 aberant

549 5627 608 5684 in
633 5628 741 5684 hae
765 5629 1164 5698 permutatione.
1202 5630 1490 5686 verborum
1521 5629 1812 5688 coataneis
1858 5631 2118 5698 consocii,

623 5755 650 5787 ι
673 5741 890 5803 Scilicet
918 5743 1160 5818 Ratgarii
1185 5745 1415 5804 abbatis.

2151 3113 2198 3178 C

2149 4488 2202 4550 D

2226 1866 2294 1920 ad
2319 1866 2422 1921 hoe
2449 1867 2843 1936 magisterium,
2871 1867 3016 1937 quod
3037 1875 3319 1936 optamus;
3365 1869 3685 1926 timebimus
3715 1888 3809 1928 no-

2224 1957 2328 2022 bis,
2373 1974 2444 2014 ne
2470 1958 2686 2028 quando
2713 1959 2929 2014 eveniat
2969 1966 3028 2014 ut
3062 1959 3400 2024 obliviscaris
3441 1960 3805 2020 fraternitatis

2224 2058 2281 2106 et
2317 2050 2670 2110 humanitatis
2699 2057 2806 2104 tute
2849 2052 2994 2105 circa
3044 2065 3173 2116 nos;
3225 2060 3282 2105 et
3306 2051 3582 2119 efﬁciatis,
3615 2065 3681 2109 ut
3710 2055 3809 2122 leo,

2227 2155 2382 2198 more
2424 2143 2624 2211 prioris
2651 2154 2698 2206 ιι,
2735 2143 2792 2196 in
2829 2142 2989 2197 domo
3037 2151 3132 2197 tua
3181 2153 3435 2198 evertens
3479 2146 3812 2202 domesticos

2226 2244 2371 2300 tuos,
2401 2242 2458 2289 et
2496 2235 2812 2304 opprimens
2839 2236 3114 2305 subjectos
3140 2237 3256 2291 tibi.
3288 2235 3442 2292 Nosti
3469 2253 3691 2309 quoque
3735 2241 3814 2295 in-

2228 2326 2543 2382 ﬁrmitatem
2587 2342 2798 2381 morum
2835 2335 2890 2381 et
2931 2342 3221 2397 corporum
3259 2337 3605 2394 nostrorum;
3640 2345 3742 2385 nec
3763 2333 3814 2386 ω

2228 2419 2523 2488 quidquam
2563 2418 2695 2474 latet
2731 2419 2928 2474 secreti
2966 2420 3137 2474 nostri
3166 2436 3178 2472 :
3210 2430 3546 2490 quapropter
3571 2425 3812 2478 maxime

2227 2512 2590 2581 suspicamur,
2622 2511 2667 2565 si
2707 2510 2974 2566 alienatus
3013 2510 3180 2566 fueris
3220 2526 3251 2565 a
3286 2512 3461 2579 nobis,
3495 2522 3557 2568 ut
3585 2515 3814 2586 ungulas

2227 2606 2386 2662 nobis
2411 2604 2764 2664 detractionis
2787 2604 2841 2658 in
2864 2605 3083 2659 dorsum
3106 2620 3298 2675 ponas,
3324 2613 3380 2658 et
3405 2621 3573 2676 prava
3599 2605 3814 2676 juveni-

2228 2695 2358 2750 llum
2383 2696 2655 2751 actionum
2680 2696 2988 2765 suspicione
3009 2711 3107 2751 nos
3126 2696 3419 2752 deridendo
3442 2697 3766 2754 confundas.
3787 2720 3805 2752 ι

2230 2788 2374 2844 Talis
2397 2804 2611 2860 quoque
2633 2789 2737 2843 fuit
2757 2788 3123 2844 confabulatio
3147 2789 3486 2846 diversarum
3511 2793 3808 2847 mentium:

2225 2890 2282 2938 et
2323 2883 2505 2938 taliter
2531 2871 2873 2954 per-vagatio
2922 2883 3168 2938 cordium
3215 2883 3554 2954 procedebat
3607 2883 3664 2938 in
3714 2899 3811 2954 pu-

2227 2974 2453 3031 blicum.
2727 2963 2734 2967 ’

2298 3067 2352 3122 8.
2387 3067 2519 3121 Erat
2542 3065 2712 3137 igitur
2736 3081 2802 3122 eo
2833 3074 3075 3137 tempore
3101 3065 3332 3121 fratrum
3359 3075 3676 3122 nostrorum
3698 3076 3814 3122 tur-

2230 3157 2301 3213 ba
2339 3158 2492 3213 valde
2533 3157 2780 3225 confusa,
2833 3173 2935 3213 nec
2969 3159 3138 3213 ullum
3189 3159 3365 3214 adhuc
3417 3160 3564 3214 inter
3614 3159 3816 3216 fratres

2232 3249 2594 3320 simplicitatis
2635 3249 2884 3318 apparuit
2912 3250 3309 3304 documentum.
3341 3248 3568 3304 Factum
3595 3260 3681 3305 est
3709 3266 3811 3304 au—

2232 3347 2342 3394 tem
2391 3354 2518 3394 eum
2570 3339 2686 3394 haec
2735 3348 2856 3396 orta
2907 3340 3177 3395 dissensio
3227 3340 3498 3406 finiretur,
3549 3341 3816 3398 extollens

2233 3445 2420 3485 vocem
2465 3443 2593 3500 pars
2631 3429 2805 3498 prima
2847 3437 3061 3500 patrum
3108 3431 3308 3486 saniori
3356 3431 3587 3486 consilio
3628 3433 3812 3487 dixit:

2238 3543 2256 3576 ι
2294 3524 2544 3587 Oremus,
2577 3523 2798 3590 fratres,
2833 3524 2887 3578 in
2910 3524 3100 3594 primis
3121 3525 3508 3594 omnipotentis
3529 3525 3625 3589 Dei
3653 3527 3813 3581 boni-

2233 3623 2418 3681 tatem,
2467 3624 2527 3669 ut
2570 3615 2866 3670 secundum
2911 3614 3239 3670 voluntatem
3287 3630 3440 3669 suam
3491 3617 3674 3670 audiat
3715 3632 3817 3674 nos

2231 3711 2587 3780 deprecantes
2611 3725 2624 3773 ;
2657 3718 2712 3762 et
2737 3716 2797 3762 ut
2819 3709 2976 3764 nobis
2999 3724 3064 3764 ea
3093 3711 3353 3765 concedat
3379 3709 3651 3780 postulare
3693 3717 3817 3782 quas

2230 3782 2345 3871 ipse
2387 3801 2546 3856 nobis
2589 3801 2845 3870 expedire
2875 3802 3154 3872 cognoscit
3180 3818 3195 3857 :
3221 3810 3488 3871 quatenus
3512 3804 3813 3858 secundum

2228 3894 2557 3948 voluntatem
2586 3893 2703 3964 ejus
2725 3903 2964 3959 orantes,
2990 3893 3188 3948 salvari
3213 3909 3518 3949 mereamur
3537 3909 3636 3964 per
3661 3912 3815 3963 eum,

2231 3987 2321 4056 qui
2343 4001 2532 4041 omnes
2553 3986 2804 4040 homines
2827 3986 2943 4040 vult
2964 3985 3138 4040 salvos
3160 3985 3300 4052 fieri,
3318 3994 3372 4041 et
3393 3986 3457 4040 ad
3482 3987 3817 4057 agnitionem

2229 4078 2473 4131 veritatis
2519 4076 2725 4130 venire.
2765 4095 2783 4128 ι
2815 4075 2946 4131 Post
2983 4079 3123 4131 hanc
3159 4077 3326 4147 igitur
3349 4087 3588 4131 sanctam
3621 4086 3677 4132 et
3721 4092 3815 4133 sa-

2229 4167 2437 4224 lubrem
2468 4177 2684 4238 patrum
2711 4167 3036 4233 doctrinam,
3067 4167 3278 4238 expleta
3303 4169 3571 4232 oratione,
3608 4167 3816 4223 fratres

2227 4259 2536 4330 congregati
2567 4259 2929 4313 consederunt
2948 4258 3006 4311 in
3036 4273 3200 4312 unum
3227 4275 3240 4311 :
3265 4273 3400 4328 quos
3421 4259 3585 4312 etiam
3608 4257 3817 4313 iter-uni

2225 4365 2354 4420 pars
2410 4351 2560 4418 prior
2630 4349 2909 4405 seniorum
2962 4348 3060 4403 tali
3122 4349 3392 4404 locutione
3455 4349 3738 4404 roboravit
3796 4368 3812 4403 :

2233 4461 2253 4493 ι
2288 4442 2574 4506 Conﬁdite,
2603 4443 2800 4510 inquit,
2827 4441 3046 4508 fratres,
3084 4442 3358 4507 confidite,
3389 4450 3444 4498 et
3477 4441 3546 4496 sit
3574 4440 3734 4496 vobis
3757 4442 3818 4498 id

2229 4537 2338 4590 Deo
2365 4551 2460 4590 cor
2483 4551 2651 4589 unum
2680 4546 2734 4588 et
2755 4535 2934 4588 anima
2962 4550 3098 4599 una;
3132 4549 3232 4588 nec
3259 4535 3540 4603 quisquam
3560 4540 3817 4588 vestrum

2227 4634 2451 4696 propter
2477 4640 2718 4679 amorem
2759 4625 2854 4680 Dei
2881 4633 2934 4680 et
2974 4626 3226 4695 proximi,
3258 4625 3387 4696 quid
3415 4626 3513 4680 sibi
3535 4626 3633 4680 soli
3669 4625 3820 4679 utild

2227 4719 2318 4782 sit,
2347 4718 2441 4772 sed
2479 4719 2622 4786 quod
2669 4717 2877 4782 multis,
2917 4724 3164 4794 quaerat:
3192 4716 3334 4771 utin
3371 4715 3470 4771 hac
3512 4715 3818 4774 dilectione

2227 4813 2474 4883 discipuli
2510 4812 2714 4867 Christi
2764 4812 3108 4866 nominemur
3153 4818 3208 4867 et
3255 4811 3441 4867 simus.
3491 4811 3567 4866 De
3604 4821 3818 4868 cetera

2226 4922 2442 4978 quoque
2490 4907 2785 4978 inSpirante
2814 4919 2879 4960 ac
2919 4906 3324 4960 demonstrante
3364 4903 3564 4973 Spiritu
3611 4911 3819 4963 sancta

2229 5002 2404 5056 visum
2433 5008 2515 5055 est
2544 4999 2715 5062 nobis,
2741 4999 2786 5053 si
2811 5006 3004 5052 vestra:
3043 4997 3307 5067 placuerit
3343 4995 3624 5059 voluntati,
3655 4997 3820 5068 quod

2228 5101 2386 5165 pater
2427 5093 2564 5162 Eigil
2610 5099 2832 5162 propter
2878 5091 3052 5146 aetatis
3095 5107 3205 5146 suae
3257 5091 3642 5154 maturitatem,
3693 5090 3818 5145 imo

2227 5185 2392 5240 etiam
2441 5191 2494 5238 et
2523 5185 2841 5253 gravitatem
2885 5199 3097 5238 morum
3145 5199 3381 5249 suorum,
3419 5185 3820 5253 congruentius

2228 5276 2514 5333 conveniat
2537 5276 2592 5331 in
2616 5276 2796 5332 locum
2816 5275 3103 5332 ministerii
3125 5275 3304 5345 hujus,
3338 5275 3404 5330 de
3425 5289 3534 5344 quo
3553 5273 3710 5328 subl:
3720 5285 3816 5330 tus

2227 5377 2311 5430 est
2340 5368 2452 5432 ille,
2484 5367 2576 5436 qui
2604 5367 2759 5421 nobis
2787 5374 2910 5420 ante
2935 5373 3188 5437 prmerat.
3226 5384 3244 5416 ι
3278 5363 3395 5431 Quo
3421 5364 3588 5428 dicto,
3616 5365 3822 5420 statim

2221 5459 2476 5514 universa
2523 5457 2810 5513 multitudo
2839 5457 3230 5514 monachorum
3269 5455 3546 5528 consensit
3572 5455 3820 5510 consilid

2223 5565 2410 5606 eorum
2444 5558 2499 5604 et
2527 5558 2651 5604 actu
2676 5564 2690 5602 :
2717 5548 2965 5618 quamvis
2988 5546 3146 5617 pauci
3175 5555 3396 5617 propter
3435 5545 3702 5601 constanti

2221 5642 2422 5699 mentis
2443 5641 2586 5697 illius
2607 5642 2672 5697 de
2691 5641 2795 5696 hac
2815 5637 3172 5696 conventione
3192 5635 3581 5701 elaudicareut,
3603 5635 3700 5691 tim
